2540 4039
60 53 2403 35 THE

60 88 380 123 NEW
566 88 886 123 ZEALAND
1578 88 885 123 GAZETTE

60 211 2403 123 AND

60 334 1145 123 WELLINGTON
1319 334 1144 123 SPECTATOR.

2266 628 93 40 [Vol.
2380 629 38 30 V.

790 504 219 37 PUBLISHED
1055 504 131 37 EVERY
1231 506 256 38 WEDNESDAY
1533 507 206 40 MORNING.

90 621 63 31 No.
176 621 88 36 345.1

2091 975 23 21 C.
2137 975 131 27 DOIRON,

1960 1005 98 20 Watch
2071 1006 97 20 Maker
2183 1007 55 20 and
2252 1007 135 24 Jeweller,

1887 1037 265 48 RESPECTFULLY
2171 1039 114 22 intimates
2304 1043 24 18 to
2342 1040 34 21 his
2386 1040 85 23 friends

1965 1064 44 21 and
2027 1064 36 22 the
2080 1065 81 27 public,
2173 1066 47 21 that
2235 1066 28 22 he
2280 1066 42 22 has
2334 1067 104 22 removed
2447 1071 23 18 to

1886 1091 37 21 the
1933 1089 53 29 shop
1997 1095 54 18 next
2061 1091 53 22 door
2122 1095 22 18 to
2156 1092 98 22 Wallace
2263 1093 20 22 &
2294 1093 59 22 Co.'s

2049 1120 35 19 An
2094 1121 118 24 apprentice
2220 1121 88 20 wanted.

2020 1164 92 20 Board
2127 1165 55 20 and
2197 1165 137 27 Lodging.

1888 1198 52 47 G
1971 1196 172 27 REYNOLDS,
2161 1198 82 21 Mount
2253 1199 97 26 Cottage,
2362 1199 103 22 Boulcott

1945 1233 10 11 »
1985 1223 78 27 Stieet,
2078 1224 133 27 Wellington
2221 1225 102 23 Terrace.

1888 1267 90 48 MR.
1995 1267 127 27 FULLER,
2138 1269 55 27 begs
2214 1273 22 18 to
2251 1270 81 21 inform
2347 1270 37 22 the
2394 1270 75 27 public

1964 1294 54 26 that,
2035 1299 24 16 at
2075 1295 37 21 the
2133 1299 89 24 request
2237 1297 25 21 of
2277 1297 85 21 several
2383 1297 85 27 gentle-

1888 1329 59 18 men,
1958 1327 12 14 a
1980 1320 74 28 Fancy
2065 1322 68 21 Dress
2144 1322 48 21 Ball
2208 1323 43 21 will
2264 1323 51 21 take
2325 1323 62 27 place
2398 1327 22 17 at
2430 1323 37 22 the

1888 1347 53 27 Ship
1965 1347 74 27 Hotel,
2060 1355 29 14 on
2114 1349 106 27 Monday,
2241 1349 36 22 the
2301 1350 52 23 27th
2376 1350 84 22 instant

1887 1372 94 24 Further
1992 1374 128 26 particulars
2130 1376 45 21 will
2185 1376 26 22 be
2221 1376 65 26 given
2296 1377 30 27 by
2336 1377 57 21 bills.

2095 1421 160 26 Stationery.

1888 1451 71 50 ON
1973 1452 86 27 SALE,
2074 1453 42 22 AT
2129 1454 73 22 THIS
2220 1454 138 23 OFFICE—

1951 1478 111 28 Foolscap,
2074 1480 87 22 various
2170 1481 109 27 qualities,

1914 1506 70 25 Large
1995 1506 60 22 thick
2065 1511 56 23 post,
2131 1515 62 14 wove
2203 1508 47 21 and
2258 1508 52 27 laid,

1914 1532 57 23 Thin
1980 1537 55 21 post,
2172 1534 63 28 ditto,

1914 1559 55 22 Fine
1979 1560 58 21 Bath
2046 1564 57 22 post,
2113 1560 48 27 gilt,

1914 1586 155 27 Antiquarian,
2077 1587 108 27 imperial,
2193 1588 69 26 royal,
2270 1588 46 22 and
2324 1588 63 28 demy
2397 1589 70 23 draw-

1887 1613 39 26 ing
1934 1619 75 21 paper,

1915 1639 70 25 Quills
1994 1639 45 22 and
2049 1647 61 20 pens,

1915 1666 68 22 Small
1993 1666 59 22 hand
2063 1667 44 21 and
2117 1666 54 29 shop
2182 1675 73 21 paper,

1915 1693 79 27 Ebony
2003 1693 76 27 rulers,

1915 1720 75 21 Letter
2001 1720 43 21 and
2053 1720 40 22 bill
2102 1721 53 26 files,

1915 1746 42 22 Ink
1969 1747 44 21 and
2022 1747 39 21 ink
2072 1748 104 28 powders,

1915 1773 68 22 Black
1994 1773 50 22 lead
2055 1775 88 26 pencils,

1915 1800 65 22 India
1990 1801 87 27 rubber,
2089 1802 75 26 bottle,
2176 1802 43 22 and
2228 1805 83 25 patent,

1915 1827 66 26 Ivory
1990 1827 82 22 folders
2082 1828 43 22 and
2135 1828 85 28 knives,

1914 1853 130 27 Envelopes,

1915 1880 128 28 Inkstands,

1914 1906 64 23 Brief
1988 1907 44 22 and
2043 1908 56 22 deed
2109 1916 74 20 paper,

1914 1932 191 26 ltuladsdanpat-for
2112 1936 41 19 .bill
2162 1936 76 23 h^ads,
2265 1955 9 2 _

1914 1957 71 24 Royal
1988 1958 79 25 mand,
2080 1959 79 20 deuble
2175 1960 61 19 hand
2250 1959 82 27 brown,
2343 1960 44 21 and
2405 1962 62 26 royal

1886 1982 76 22 brown
1974 1984 112 27 wrapping
2095 1992 76 19 paper,

1913 2008 97 27 Ledgers
2020 2010 45 21 and
2075 2016 95 17 account
2178 2011 77 27 books,
2265 2012 88 22 various
2362 2013 63 27 sizes,

1914 2036 102 26 Message
2028 2037 71 26 cards,

1913 2061 107 23 Coloured
2032 2070 83 22 papers,

1914 2089 69 26 Sugar
1994 2096 84 21 papers,

1913 2116 57 22 Note
1980 2123 86 21 papers,

1914 2143 172 23 Memorandum
2096 2144 76 28 books,

1913 2169 124 28 Portfolios,

1913 2195 142 29 Penholders,

1914 2223 89 21 Invoice
2015 2224 70 22 books
2095 2225 52 21 with
2157 2226 99 28 indexes,
2267 2227 88 22 various
2364 2228 63 28 sizes,

1913 2249 56 23 Cash
1980 2251 68 22 books
2059 2252 62 21 ruled
2131 2253 88 27 double,
2232 2254 87 22 various
2329 2254 62 28 sizes,

1913 2277 87 26 Sponge
2010 2278 44 21 and
2065 2279 83 26 wafers,

1915 2303 72 22 Wafer
1997 2308 91 24 stamps,

1913 2330 69 22 Black
1992 2330 57 22 lines
2058 2333 35 20 for
2101 2332 66 22 letter
2183 2333 93 27 writing,

1912 2357 88 26 Oblong
2009 2358 91 27 clasped
2110 2360 169 22 memorandum
2289 2361 77 28 books,

1912 2384 87 22 Ladies'
2010 2385 45 21 and
2063 2386 148 26 gentlemen's
2228 2388 51 21 card
2289 2395 68 21 cases,

2019 2413 64 21 Ditto
2218 2413 68 23 tinted
2295 2415 45 22 and
2350 2416 115 24 embossed

1884 2439 70 26 cards,

1910 2472 101 25 Message
2021 2472 70 26 cards,

2133 2517 92 21 Seeds.

1884 2552 51 48 A
1951 2550 84 23 VERY
2051 2551 154 22 SUPERIOR
2220 2552 44 22 and
2274 2553 101 22 valuable
2386 2557 81 19 assort-

1964 2581 62 18 meut
2042 2578 25 21 of
2083 2578 59 22 fresh
2159 2579 68 22 Seeds
2242 2580 46 26 just
2302 2580 109 28 received,
2429 2581 37 22 the

1885 2606 47 20 first
1950 2605 24 20 of
1990 2612 13 13 a
2018 2604 89 28 regular
2121 2606 86 26 supply,
2218 2613 48 15 now
2283 2614 29 14 on
2330 2608 45 21 sale
2390 2611 23 18 at
2430 2608 37 22 the

1887 2632 70 21 Office
1975 2632 26 20 of
2017 2632 43 21 this
2081 2632 67 28 Paper
2169 2632 28 28 by
2215 2633 37 21 the
2270 2634 157 27 undersigned,
2443 2635 24 22 in

1886 2658 119 28 quantities
2015 2663 22 17 to
2047 2658 43 22 suit
2100 2659 130 27 purchasers
2237 2667 5 14 :
2245 2671 27 4 —

1914 2691 123 26 Carraway,
2049 2691 47 21 Dill
2105 2691 45 21 and
2159 2691 46 22 Bur
2207 2695 44 24 net,

1915 2719 43 20 Sea
1968 2717 53 26 cale,
2034 2724 125 21 asparagus,
2170 2722 80 24 carrot,
2261 2720 46 21 and
2318 2721 96 27 parsnip,

1915 2744 94 27 English
2020 2744 50 22 leek
2080 2745 45 21 and
2134 2745 74 26 onion,
2220 2746 94 27 Spanish
2328 2747 34 21 do.

1917 2771 122 27 Vegetable
2056 2778 92 16 marrow
2164 2772 44 22 and
2218 2773 53 27 long
2283 2773 87 28 prickly
2380 2781 91 15 cucum-

1889 2798 45 27 ber,

1916 2824 144 27 Cauliflower,
2071 2825 85 28 endive,
2168 2826 47 22 and
2227 2826 79 27 celery,

1916 2851 118 27 Virginnia
2050 2853 97 26 tobacco,
2162 2853 152 28 mignionette,
2334 2853 45 22 and
2404 2857 67 20 sweofc

1889 2886 59 20 peas,

1917 2905 38 22 All
1965 2910 55 18 sorts
2030 2905 26 22 of
2061 2905 85 27 garden
2155 2905 47 23 and
2211 2906 53 22 field
2273 2907 105 28 cabbage,

1917 2933 44 21 Do.
2070 2933 35 21 do.
2188 2933 35 22 do.
2280 2935 81 27 turnip,

1917 2959 38 23 All
1965 2962 53 18 sorts
2028 2959 26 21 of
2060 2959 88 27 lettuce,
2159 2959 70 28 salad,
2241 2960 44 22 and
2296 2961 92 26 brocoli,

1916 2986 39 22 All
1964 2991 56 17 sorts
2030 2987 25 21 of
2061 2986 74 27 lupins
2144 2987 46 21 and
2197 2987 151 27 nasturtiums,

1916 3015 38 20 All
1965 3017 56 17 sorts
2032 3013 24 21 of
2063 3017 66 18 sweet
2141 3013 74 27 herbs,

1917 3041 49 20 One
1976 3039 102 23 hundred
2089 3040 75 22 choice
2175 3041 88 21 varities
2275 3041 27 21 of
2315 3040 75 23 flower
2406 3042 63 21 seeds

1915 3068 22 21 A
1948 3073 53 20 very
2016 3066 101 22 valuable
2133 3071 132 17 assortment
2279 3067 26 21 of
2317 3068 60 21 fresh
2394 3069 76 21 choice

1888 3100 83 21 grasses
1980 3094 35 20 for
2023 3093 147 26 gentlemen's
2184 3093 70 22 lawns
2269 3094 44 22 and
2329 3095 142 26 agricultural

1889 3127 110 21 purposes,

1915 3151 110 27 Cabbage,
2055 3151 90 27 brocoli,
2173 3151 105 27 rhubard,
2308 3152 74 28 onion,
2409 3153 59 28 leek,

1887 3179 81 22 lettuce
1987 3181 80 25 plants,
2086 3179 47 26 &c,
2152 3186 51 14 now
2222 3179 69 27 ready
2310 3182 23 19 to
2350 3180 29 22 be
2397 3183 72 20 trans-

1886 3205 97 29 planted,
1994 3201 73 26 raised
2076 3206 57 21 from
2142 3205 96 28 samples
2249 3206 25 22 of
2282 3206 63 22 these
2355 3207 71 23 seeds.

2294 3233 36 22 W.
2345 3234 94 23 Moody.

1916 3259 97 23 October
2022 3261 20 25 6,
2054 3260 62 21 1843.

1889 3312 124 51 PLANS
2036 3312 27 21 of
2083 3312 38 22 the
2142 3313 71 22 Town
2233 3314 27 21 of
2275 3313 170 24 Wellington.

1961 3340 55 21 Plan
2037 3340 26 21 of
2070 3339 37 22 the
2117 3340 108 22 Harbour
2234 3341 25 22 of
2272 3341 55 22 Port
2342 3341 130 23 Nicholson.

2099 3391 161 21 Almanack.

1888 3416 73 51 AN
1981 3416 180 23 ALMANACK
2180 3418 34 21 for
2232 3417 134 29 Wellington
2384 3418 20 22 is
2420 3425 52 16 now-

1959 3444 129 27 publishing
2097 3449 23 17 at
2128 3444 44 22 this
2184 3444 76 25 Office,

2119 3479 75 19 price,
2209 3474 33 19 Is.

2064 3497 76 26 Office,
2152 3498 125 23 December
2287 3498 20 25 7,
2319 3499 60 21 1843.

1888 3544 174 52 (x.HARTEPv
2072 3543 174 27 PARTIES,for
2254 3549 45 16 sale
2309 3546 66 19 attne
2383 3545 87 21 Gazette

1914 3578 16 18 S
1945 3571 77 23 Office.

2049 3622 77 21 Meat
2157 3621 148 25 Company.

2117 3653 124 23 BUTTER

1889 3690 159 50 ALWAYS
2061 3696 30 14 on
2101 3687 67 27 hand,
2185 3686 44 23 and
2244 3690 22 19 to
2280 3686 30 24 hs
2325 3688 51 28 had,
2387 3689 83 22 whole-

1967 3717 46 21 sale
2032 3716 43 21 and
2095 3714 69 26 retail,
2184 3717 23 18 at
2225 3712 38 24 the
2286 3714 79 24 lowest
2383 3716 88 22 market

1889 3746 66 27 price,
1971 3751 13 14 a
2002 3743 60 26 large
2082 3740 78 28 supply
2175 3740 26 22 of
2216 3740 37 23 the
2267 3741 127 23 celebrated
2408 3743 62 21 Cow-

1890 3777 86 23 pasture
1985 3770 47 21 and
2040 3768 117 22 Terawitte
2168 3767 73 28 Dairy
2251 3768 84 23 Butter.
2351 3782 2 7 ,

2157 3800 37 22 W.
2208 3801 104 26 Flyger,
2327 3802 115 27 Manager.

2053 3846 83 21 •Meat
2150 3846 148 25 Company.

1892 3880 125 53 FRESH
2038 3878 94 27 PORK,
2151 3878 71 29 prime
2239 3879 76 27 joints,
2350 3879 60 23 from
2434 3881 36 22 4oL

1964 3911 22 19 to
1995 3906 37 23 sd.
2042 3912 41 22 per
2091 3905 30 23 lb.
2295 3920 5 4 .

2162 3937 36 22 W.
2213 3937 102 27 Flyger,
2332 3938 116 28 Manager.

1920 3965 115 30 February
2044 3964 35 28 27,
2091 3964 59 23 1844.

96 711 54 21 For
163 711 70 22 Sale,
248 711 121 26 Freight,
386 718 30 14 or
438 713 122 24 Charter,

80 742 73 32 USSL
203 751 27 16 ri
238 747 57 22 IHE
305 747 46 22 fine
362 748 42 21 fast
418 748 81 28 sailing
515 748 108 22 schooner

74 769 107 40 jffTY^v
210 769 28 27 X
306 776 167 20 SUSANNAH
491 777 74 23 ANN,

72 796 121 37 fYTTNHg^
216 802 27 20 80
260 804 49 19 tons
325 802 103 22 burthen.
457 802 44 22 She
520 802 38 22 has
575 803 47 26 just

66 824 131 33 M££m2&s*.
216 827 128 27 undergone
355 828 108 28 thorough
475 830 90 26 repairs,
576 829 47 21 and

69 849 129 34 |to-ti%Wry
216 861 40 14 can
270 854 28 22 be
315 855 135 27 despatched
461 859 23 18 to
494 863 38 14 sea
544 856 80 21 imme-

215 880 89 28 diately.
336 882 48 21 Her
400 882 98 28 superior
517 883 106 27 qualities

65 916 20 18 da
94 908 85 25 regular
188 908 78 25 clipper
277 915 37 15 are
327 909 113 27 generally
452 909 88 22 known.

73 936 34 22 For
118 939 68 17 terms
198 934 42 22 and
249 935 138 27 particulars,
398 936 67 27 apply
476 941 22 17 to

330 969 94 20 Samuel
440 968 45 22 and
499 968 102 23 Joseph..

73 1000 104 24 Lambton
188 1001 73 27 Quay,
273 1002 65 27 April
348 1003 21 23 2,
381 1003 60 21 1844.

156 1057 135 21 Southern
307 1058 82 21 Cross
405 1059 92 21 Hotel.

63 1089 40 35 fpO
118 1088 39 22 BE
173 1088 58 22 LET
245 1089 45 21 ON
304 1089 105 28 LEASE,
428 1090 31 26 (in
467 1097 151 21 consequent

65 1122 13 17 X
109 1114 27 22 of
152 1115 38 21 the
207 1119 88 23 present
311 1117 122 26 proorietor
452 1117 91 26 retiring
562 1118 57 21 from

63 1142 89 26 business,)
169 1142 29 21 all
210 1141 47 22 that
266 1143 132 21 substantial
409 1143 44 21 and
470 1144 152 22 commodious

190 1169 102 27 building
301 1170 81 21 known
394 1177 22 14 ns
427 1170 37 22 the

91 1200 192 23 SOUTHERN
306 1202 107 21 CROSS
437 1202 128 26 HOTEL,

125 1231 91 28 eligibly
227 1233 95 21 situated
333 1234 23 20 in
373 1233 155 28 Willis-street,

61 1259 22 23 md
96 1258 92 26 offering
201 1266 28 14 an
248 1260 110 22 excellent
374 1261 143 28 opportunity
532 1261 35 22 for
583 1261 39 23 the

61 1289 111 20 investment
181 1286 25 21 of
218 1287 80 27 capital

116 1311 44 23 For
170 1316 67 19 terms
248 1313 46 22 and
304 1315 129 26 particulars
444 1315 66 28 apply
520 1319 21 17 to

323 1341 115 22 Holroyd
455 1343 43 21 and
517 1342 76 28 Hart,

376 1369 189 22 Manners-strset.

73 1393 134 27 Wellington,
220 1394 55 27 May
286 1396 32 25 11,
332 1396 61 21 1844.

215 1454 42 20 Ex

60 1487 132 49 BLACK'S
207 1489 78 25 spades
296 1489 45 22 and
352 1489 94 27 shovels,

112 1514 83 27 Riding
205 1515 88 22 saddles
302 1516 46 22 and
367 1516 87 27 bridles,
464 1517 46 28 gig,
521 1520 48 18 cart
577 1517 45 22 and

60 1541 56 28 plough
127 1541 98 22 harness.

374 1570 26 21 P.
410 1571 34 21 M.
457 1571 107 26 Hervey,

335 1597 88 22 Custom
436 1598 76 21 House
523 1598 75 21 Court.

242 1630 76 15 TERMS
320 1635 24 3 —
347 1632 64 13 CASH.

72 1648 132 28 Wellington,
218 1650 53 27 May
282 1652 34 25 21,
328 1652 60 21 1844.

197 1708 60 20 Sale
269 1708 30 20 of
313 1709 85 20 Stock
410 1709 46 20 &c.

60 1742 127 36 yESSRS
211 1745 151 22 BETHUNE
377 1752 45 14 and
440 1744 129 23 HUNTER
577 1745 44 22 will

60 1766 38 24 LVJL
126 1771 41 21 sell
179 1771 29 27 by
219 1772 104 26 Auction,
337 1776 23 17 at
373 1771 57 22 their
440 1771 68 22 stock-
514 1772 62 26 yard,
589 1772 31 22 Te

60 1796 30 26 Uo,
103 1804 26 14 on
148 1798 98 27 Monday
262 1803 61 23 next,
339 1799 38 22 the
391 1798 53 23 27th
459 1798 44 28 day
517 1798 26 21 of
555 1799 64 27 May,

60 1826 8 18 it
76 1824 19 20 12
104 1824 90 22 o'clock.

192 1851 62 28 dairy
264 1859 66 20 cows,

69 1878 11 20 4
104 1878 33 21 do.
174 1878 89 27 heifers,
273 1880 56 22 bred
338 1880 24 21 in
372 1879 37 22 the
419 1879 89 28 colony,

69 1905 9 19 5
87 1908 69 23 steers,

70 1931 10 21 7
87 1931 29 21 fat
128 1931 106 26 bullocke,

69 1959 9 18 3
87 1958 74 22 mules.

68 1981 10 19 2
87 1981 71 21 saddle
168 1981 83 28 horses,
263 1982 73 22 suiied
345 1983 34 21 for
390 1982 98 22 harness.

236 2016 74 14 AFTER
329 2016 84 19 WHICH,

60 2034 6 21 I
78 2035 95 27 quantity
191 2035 26 21 of
228 2035 161 28 merchandise,
405 2036 64 27 flour,
487 2035 131 28 provisions,

272 2063 49 26 &c,
337 2063 40 21 &c.

72 2087 133 29 Wellington,
217 2089 55 28 May
282 2092 33 24 21,
327 2091 60 21 1544.

257 2148 41 19 On
322 2147 68 21 Sale.

60 2180 88 46 PORT,
167 2180 84 28 sherry,
276 2181 45 21 and
341 2181 68 21 claret
428 2181 22 21 in
475 2180 76 27 bottle,
573 2181 45 21 and

97 2207 139 22 Maraschino
246 2208 22 22 in
280 2215 67 18 cases,
360 2207 52 23 each
423 2209 26 19 25
463 2208 64 26 pints,

71 2233 105 22 Damasks,
188 2235 85 26 printed
285 2235 98 26 drugged
394 2235 43 21 and
448 2235 122 26 carpeting,

71 2260 136 27 Domesticks,
226 2262 80 26 glazed
325 2262 119 22 furnitures
465 2261 44 22 and
530 2261 87 28 printed

62 2291 58 17 o'tons
129 2287 21 21 in
161 2292 62 23 grea.t
233 2289 91 27 variety,

71 2313 61 27 Cloth,
144 2315 145 27 kerseymere,
300 2319 73 19 cotton
381 2315 44 22 and
437 2314 94 23 worsted
537 2315 79 27 plaids,

71 2341 58 21 Black
139 2342 42 21 and
193 2342 64 22 white
268 2347 75 17 cotton
355 2343 87 26 checks,

71 2367 88 28 Tartans,
171 2369 100 26 flannels,
287 2370 103 22 merino's

71 2395 81 22 Orleans
163 2396 65 26 cloth,
240 2397 54 27 pilot
303 2397 68 25 cloth,

71 2421 63 23 White
143 2423 43 21 and
197 2424 102 22 coloured
315 2423 109 28 blankets,

71 2448 85 29 Cordage
168 2451 44 21 and
224 2451 70 21 whale
303 2451 54 26 line,

71 2475 42 22 Iron
125 2477 63 26 nails,
204 2478 126 27 (assorted),

71 2503 34 21 Bar
114 2504 41 21 and
164 2505 39 21 rod
216 2505 50 21 Iron
278 2505 26 21 of
315 2504 87 23 various
414 2505 63 26 sizes,

72 2530 41 21 Cast
121 2531 46 21 iron
176 2535 80 23 grates,
268 2532 96 25 fenders,

72 2556 67 26 Spouts
148 2559 43 21 and
198 2559 119 27 guttering,
329 2559 46 21 iron
388 2566 77 19 pumps
473 2559 42 21 and
525 2558 70 28 pipes,

72 2583 121 28 Casements,
205 2586 97 25 tinware,
316 2586 73 25 slates,

73 2609 59 28 Paint,
143 2613 60 26 paint
214 2613 35 26 oil,
261 2613 43 21 and
317 2613 134 27 turpentine,

75 2638 26 20 An
111 2643 127 18 assortment
250 2640 25 21 of
286 2641 84 24 garden
383 2640 69 25 seeds,

73 2663 114 25 Havannah
198 2667 77 27 cigars,
286 2667 84 21 bottled
381 2667 33 21 ale
426 2666 43 22 and
481 2669 80 24 porter,

73 2690 54 27 Rum,
137 2693 91 28 hrandy,
241 2694 44 21 and
296 2694 95 21 Geneva
400 2693 24 22 ia
435 2693 64 22 hhds.

74 2717 77 24 Geneva
163 2721 21 20 in
196 2728 68 19 cases,

74 2743 60 25 Prime
146 2747 56 21 Irish
213 2748 53 26 pork
279 2747 44 22 and
333 2747 81 26 butter,

75 2771 89 24 Cheshire
175 2775 44 20 and
231 2774 69 27 Leigh
313 2774 85 27 cheese,

75 2798 134 25 Cumberland
220 2801 70 26 hams,
301 2801 85 22 refined
396 2809 72 19 sugar,

60 2849 3 7 ,
75 2825 85 24 Oatmeal
172 2828 22 22 in
205 2828 91 24 barrels,
308 2828 45 22 and
367 2835 12 15 a
395 2827 40 24 few
454 2836 61 15 cases
525 2828 26 23 of
561 2836 59 19 guns

60 2854 26 22 lust
93 2853 72 24 landed
176 2863 27 14 ex
216 2856 97 26 Theresa,

376 2882 76 29 Apply
460 2886 23 19 to

222 2915 135 27 RIDGWAYS,
369 2915 104 23 Gt'YTON,
490 2915 20 22 &
525 2915 39 22 Co.

60 2937 75 28 Also,—
136 2940 41 22 Vai
181 2942 47 22 ions
247 2943 85 26 fittings
350 2942 43 22 and
412 2943 86 27 surplus
514 2945 76 22 stores,
608 2950 13 14 a

60 2967 25 23 few
96 2976 61 18 water
173 2975 69 26 casks,
260 2975 45 20 and
322 2975 68 20 about
400 2975 27 20 40
444 2979 52 16 tuns
514 2975 25 20 of
551 2973 70 22 Mills'

90 3004 61 28 casks,
169 3008 43 19 two
231 3006 101 28 strongly
350 3006 56 22 built
419 3013 48 16 cow
487 3006 87 27 houses,
593 3013 27 14 ex

278 3039 96 21 Theresa.

60 3059 145 41 JVellington,
219 3065 62 28 April
291 3067 34 26 30,
339 3067 61 21 1844.

204 3117 45 19 TO
263 3117 182 21 WHALERS.

72 3142 46 27 %i
127 3147 68 25 Town,
208 3148 95 25 Two/old
311 3149 55 26 Bay,
376 3150 54 19 New
440 3150 68 20 South
522 3150 76 21 Wales.

62 3173 83 41 CJHIPS
162 3187 41 14 can
219 3180 85 22 refiesh
320 3188 24 14 or
356 3181 49 21 refit
422 3185 23 18 at
456 3182 43 21 this
515 3181 106 21 Harbour

61 3202 21 20 *J
105 3204 41 23 free
161 3207 27 20 of
203 3206 30 22 all
249 3206 54 23 Port
324 3207 98 27 charges,
439 3208 104 26 pilotage,
569 3209 49 25 &c,

60 3229 29 20 and
103 3237 36 16 can
155 3233 76 23 obtain
249 3234 71 27 wood,
340 3237 74 22 water,
434 3234 60 22 fresh
513 3234 45 22 and
577 3234 44 22 salt

60 3258 102 25 Provisions,
178 3260 134 28 vegetables,
332 3260 49 28 ship
396 3261 128 27 chandlery,
540 3267 78 21 stores,

61 3283 29 26 ?nd
98 3284 51 28 slops
158 3287 26 21 of
196 3295 67 20 every
277 3287 57 22 kind
350 3288 43 21 and
404 3288 132 28 description
543 3296 5 19 ;
575 3289 44 21 and

61 3316 8 10 «
83 3313 89 25 required
187 3314 37 22 the
242 3315 97 21 services
355 3314 25 22 of
395 3315 148 27 experienced
560 3315 61 27 ship-

62 3338 9 15 *
73 3340 10 15 n
85 3343 41 20 gnts
136 3340 42 22 and
186 3341 55 22 boat
255 3341 107 27 builders,
372 3349 60 20 upon
449 3342 38 22 the
498 3345 58 18 most
570 3349 51 14 rea-

62 3363 64 24 dable
136 3370 73 20 terms.

96 3395 49 25 N.B.
146 3410 28 5 —
176 3401 36 21 Oil
221 3408 25 15 or
254 3401 59 22 bone
329 3401 68 22 taken
405 3401 24 22 in
440 3401 124 27 exchange.

63 3423 143 44 .Jeuirigton,
218 3433 64 27 April
293 3436 20 24 9,
327 3434 60 21 1844.

200 3485 77 21 Meat
298 3486 150 25 Company.

63 3510 64 27 THE
146 3516 235 30 UNDERSIGNED,
400 3518 84 28 having
503 3518 56 22 been
581 3525 40 21 ap-

60 3543 22 22 ',•*■
111 3542 85 26 pointed
212 3545 110 27 Manager
331 3545 26 22 of
370 3545 37 22 the
421 3546 64 22 Meat
495 3546 123 27 Company,

64 3567 5 13 °
70 3568 6 14 eßse
76 3570 18 19 8s
101 3569 21 19 to
130 3575 114 17 announce
254 3571 51 22 thatf
308 3571 23 23 'a
340 3573 88 26 regular
437 3572 78 29 supply
525 3573 26 21 of
560 3572 59 27 beef,

148 3597 43 22 and
207 3598 57 28 pork
280 3606 53 20 may
352 3599 83 28 always
453 3600 27 22 be
501 3599 118 28 depended

109 3625 21 17 at
138 3622 43 23 this
190 3625 174 23 establishment.

61 3669 3 5 •
76 3650 24 21 As
120 3652 40 24 this
183 3656 114 29 Company
316 3664 107 21 purposes
441 3658 79 28 selling
539 3662 24 19 at
581 3659 38 22 the

61 3680 52 19 '"West
120 3681 68 26 prices
198 3688 23 17 at
235 3684 73 22 which
317 3686 19 19 it
348 3685 20 20 is
376 3685 71 22 found
457 3686 37 21 the
504 3689 60 19 meat
577 3693 41 15 can

60 3726 5 16 ,
83 3709 9 14 a
94 3707 82 29 »orded,
188 3710 36 21 the
233 3710 151 28 undersigned
393 3712 17 21 is
424 3710 54 30 only
487 3713 130 22 authorized

60 3733 13 37 J»
79 3735 40 19 give
125 3740 49 22 very
181 3736 224 28 limitedcredit,and
412 3738 41 22 has
459 3740 55 21 been
524 3740 94 22 ordered

61 3776 7 22 j
83 3761 27 17 st0
110 3766 13 20 P
136 3761 28 23 all
177 3768 104 19 accounts
296 3764 73 23 which
383 3772 37 15 are
437 3770 40 17 not
491 3766 52 28 paid
558 3775 59 19 upon

60 3815 29 42 tIJ
135 3822 31 21 as^
167 3829 28 15 ne
196 3831 20 14 s9
225 3824 26 22 of
259 3824 37 22 the
306 3825 115 28 Company
430 3825 20 25 is
459 3827 85 22 carried
554 3835 29 15 on
595 3828 22 22 in

60 3862 46 19 Hmi
110 3851 45 18 new
171 3856 20 15 Dl
191 3850 84 28 »ldiug,
288 3853 87 21 erected
394 3853 100 22 between
514 3853 107 24 France's

60 3872 23 37 o°
84 3872 23 19 tel
108 3897 5 5 .
124 3874 40 23 and
183 3876 38 22 the
238 3878 58 22 head
304 3878 42 22 'of
353 3879 38 22 the
405 3879 56 28 Bay,
480 3880 45 22 and
540 3881 79 28 nearly

60 3896 74 25 opposite
144 3905 21 18 to
172 3902 47 24 Mr.
229 3904 164 28 Lyon'sStore.

75 3952 28 18 »„
149 3960 7 8 ,
302 3939 154 25 W.-F&yqbb.
471 3941 120 29 Manager.

839 715 73 21 Whit
916 720 52 16 sun
992 715 69 20 Ball.

660 749 44 47 A
721 748 83 22 BALL
819 748 41 21 will
877 748 50 21 take
942 749 62 26 place
1016 753 23 16 at
1058 748 25 22 It.
1097 748 75 21 Davis'
1195 748 47 22 Au-

735 782 51 14 101a
801 775 95 27 Tavern,
908 782 29 14 on
955 775 102 27 Monday
1068 774 95 27 evening
1180 779 60 19 next.

658 801 52 27 Miiy
721 802 34 21 27.

683 828 143 25 Wellington,
838 828 56 27 May
903 829 34 26 21,
949 829 56 21 18-14

806 881 76 20 Land
903 880 188 21 Association.

658 911 91 35 rpHE
763 911 155 23 TRUSTEES
935 913 25 20 of
971 912 38 22 the
1023 912 62 22 Land
1101 913 138 23 Association

664 934 27 26 JL
729 944 92 21 request
840 946 12 14 a
872 939 97 26 meeting
988 939 27 21 of
1033 937 36 23 the
1086 941 111 22 members
1213 948 26 14 on

657 964 140 28 Wednesday
815 967 95 25 evening
925 970 60 20 next,
999 966 38 21 the
1045 966 53 22 29th
1115 967 59 26 iust.,
1190 972 22 16 at
1228 968 13 22 7

656 991 92 26 o'clock,
765 998 23 15 at
805 993 25 21 R.
846 992 78 22 Davis'
941 993 37 22 the
993 993 88 24 Aurora
1097 993 95 28 Tavern,
1211 1001 28 15 on

656 1018 100 22 business
767 1020 23 20 of
802 1019 145 25 importance.

684 1045 142 26 Wellington,
838 1046 54 27 May
902 1047 34 23 21,
948 1047 61 20 1844.

657 1095 91 48 THE
763 1096 164 21 IMPORTED
945 1104 54 18 pure
1015 1097 72 21 North
1098 1097 80 22 Devon
1190 1097 49 23 Bull

853 1124 109 20 LILLI
971 1125 109 23 PONT,

656 1147 52 22 bred
718 1151 23 19 at
755 1149 138 23 Toirongtoti
912 1158 22 14 in
950 1151 146 26 Devonshire,
1115 1151 42 21 will
1174 1153 63 21 stand

656 1177 21 18 at
687 1176 89 26 Newry,
790 1176 65 22 River
867 1177 64 25 Hutt,
944 1177 42 21 this
995 1184 84 15 season.
1102 1178 48 21 The
1160 1179 79 27 charge

656 1202 30 21 for
694 1210 58 14 cows
760 1208 51 16 sent
823 1208 19 16 to
854 1205 45 20 him
911 1205 42 21 will
965 1204 27 22 be
1004 1204 43 22 five
1058 1205 100 25 truinpa-*.

1061 1232 28 20 A.
1106 1231 64 22 Lull
1173 1240 39 14 am.

682 1256 54 27 May
747 1258 18 25 6,
779 1258 59 20 1544.

703 1304 40 20 To
755 1306 59 23 Let,
826 1311 34 14 on
871 1306 68 26 long
948 1306 129 26 building
1092 1306 98 25 leases,

656 1331 42 20 HP
703 1331 43 21 HE
764 1336 57 17 town
838 1339 50 14 acre
906 1332 42 21 No.
965 1334 47 24 513,
1032 1332 94 22 situated
1141 1334 98 22 between

663 1353 26 25 JL
729 1357 75 28 windy
816 1359 59 26 point
886 1359 42 21 and
940 1359 36 21 the
987 1359 80 22 Scotch
1079 1360 90 22 church.

1051 1386 73 28 Auply
1137 1393 22 15 to

972 1412 87 23 Henry
1076 1408 34 27 W.
1127 1414 85 22 Petre.

682 1437 144 27 Wellington,
838 1438 64 27 April
916 1440 34 24 30,
967 1441 61 20 1844.

828 1492 78 21 Land
920 1494 29 19 to
966 1494 93 20 Lease.

656 1522 120 36 rpOWN
791 1531 45 14 and
851 1524 147 22 COUNTRY
1014 1525 104 21 LANDS
1130 1525 39 22 TO
1182 1526 57 22 LET

664 1545 25 26 X
729 1556 27 15 on
770 1550 166 28 advantageous
946 1555 67 18 terms
1025 1559 21 14 in
1058 1552 27 22 all
1098 1558 59 21 parts
1169 1554 25 20 of
1203 1553 36 21 the

655 1576 135 28 Compauy's
800 1578 145 21 settlements.

888 1605 114 21 Cliffoud
1018 1613 45 14 and
1079 1605 133 24 Vavasour.

681 1629 144 28 Wellington,
837 1631 64 27 April
911 1633 34 24 24,
958 1633 60 21 1844.

839 1680 35 22 W.
893 1682 32 21 M.
941 1682 108 27 SMITH,

655 1725 55 14 LATE
722 1725 236 16 SURVEYOR-GENERAL
970 1727 28 14 TO
1010 1728 46 15 THE
1071 1729 51 14 NEW
1136 1729 105 14 ZEALAND

890 1754 114 20 COMPANY,

680 1783 143 26 Surveyor,
837 1785 214 26 Draughtsman,
1066 1787 54 20 and
1134 1787 78 20 Land

898 1813 100 26 Agent.

652 1840 177 28 Tinakori-road,
840 1842 99 28 January
953 1845 21 25 4,
990 1846 60 20 1543.

775 1889 39 19 To
828 1888 33 20 be
877 1889 71 25 sold,
961 1895 15 14 a
990 1890 125 27 bargain,

653 1920 48 46 A
718 1920 171 22 DWELLING
913 1922 102 21 HOUSE
1031 1924 23 18 i-i
1074 1924 60 19 WVS:i
1136 1932 10 10 3
1163 1932 9 10 3
1174 1928 63 21 »r;et,

731 1946 127 25 containing
872 1949 13 19 2
896 1948 105 26 parlour-*,
1014 1949 12 20 2
1045 1948 40 21 bed
1096 1955 79 18 rooms,
1195 1952 42 15 ana

653 1969 43 20 kitf
699 1971 51 22 lren-j
759 1977 30 13 -ot
798 1979 16 11 ir
828 1973 49 18 tri£h
877 1976 3 5 l
881 1978 58 18 rig~}<
941 1979 4 11 :
945 1974 66 18 TTl>'<d
1029 1973 99 24 ie'lil-,"jJrS
1136 1978 65 20 year
1205 1972 37 26 3of

653 1995 56 21 lease
720 1996 129 27 unexpired.
910 1997 75 26 Apply
998 2002 21 16 to

941 2024 117 22 Rowland
1074 2024 81 26 Davis,

1016 2052 84 20 Aurora
1115 2052 94 21 Tavern.

680 2076 143 27 Wellington,
836 2077 62 27 April
908 2079 34 24 23,
960 2079 59 20 1814.

798 2122 39 21 To
852 2123 34 20 be
901 2123 51 20 Let
967 2129 30 14 or
1012 2124 73 23 Sold,

653 2157 46 47 A
711 2156 88 22 GOOD
811 2157 128 21 substantial
949 2157 206 21 weather-boarded
1166 2158 70 26 Store,

715 2183 96 21 situated
822 2184 20 20 in
855 2183 37 21 the
903 2191 68 20 upper
983 2190 49 17 part
1045 2185 25 20 of
1081 2185 155 22 Willis-street.

652 2209 44 22 The
708 2217 61 14 same
781 2218 49 19 may
843 2211 26 21 be
880 2218 49 19 verj
946 2218 11 14 e
959 2219 6 11 f
966 2219 5 12 1
975 2223 8 7 -.
985 2211 5 21 i
994 2211 4 21 1
1001 2218 13 19 3*
1025 2212 119 20 converted
1163 2212 46 21 iiuo
1225 2220 13 13 a

652 2236 192 27 dwelling-house
875 2237 43 21 For
934 2238 136 26 particulars,
1087 2239 65 26 apply
1164 2244 21 16 at
1201 2239 36 21 the

652 2265 72 20 Stores
735 2264 25 21 of
768 2264 71 22 Levin
856 2264 20 22 &
892 2265 46 26 Co.,
952 2265 109 21 Lanibton
1073 2265 72 26 Quay.

880 2310 40 19 On
936 2310 70 23 Sale,

652 2341 90 48 THE
773 2340 71 22 NEW
868 2340 153 22 ZEALAND
1051 2341 185 27 PORTFOLIO,

724 2367 125 22 conducted
869 2368 28 27 by
919 2368 29 21 H.
966 2369 21 20 S.
1007 2369 122 26 Chapman,
1152 2369 35 26 (of
1200 2369 37 22 the

653 2394 83 22 Middle
744 2395 109 26 Temple,)
866 2395 108 21 Barrister
986 2396 94 21 at-Law.

677 2427 42 22 No.
733 2427 18 22 I.
753 2438 28 4 —
784 2428 20 19 A
822 2427 75 21 Letter
912 2430 22 18 to
955 2427 35 21 the
1011 2428 67 26 Right
1096 2428 63 21 Hou.
1178 2429 59 21 Loid

651 2454 96 26 Stanley,
767 2454 116 26 Secretary
904 2454 25 21 of
946 2454 60 21 State
1028 2456 33 19 for
1079 2454 38 21 the
1137 2455 99 22 Colonial

652 2481 152 27 Department,
882 2480 35 22 the
925 2481 188 22 Administration
1120 2483 25 20 of
1150 2482 87 22 Justice

652 2508 19 21 in
684 2508 54 21 New

678 2541 42 21 No.
735 2541 61 21 ll.—
799 2541 75 21 Letter
890 2545 21 16 to
929 2541 58 21 John
1005 2541 57 22 Abel
1079 2542 80 26 Smith,
1176 2543 59 26 Esq.,

653 2568 65 25 M.P.,
732 2568 13 9 '"
753 2568 34 20 On
799 2569 36 19 tiie
844 2568 143 25 Advantages
997 2569 69 21 which
1075 2569 72 21 would
1158 2576 79 15 accrue

652 2598 20 18 to
683 2594 93 26 English
789 2595 123 26 Capitalists
924 2595 54 21 from
990 2596 38 21 the
1039 2596 167 22 establishment
1215 2597 25 21 of

652 2630 11 12 a
673 2623 58 19 Loan
744 2623 100 25 Cawp<vty
854 2623 35 20 for
899 2623 51 19 New
960 2623 99 25 Zealand,
1072 2623 84 21 similar
1168 2628 22 16 to
1201 2624 36 21 the

652 2649 126 21 Australian
790 2649 64 21 Tuist

680 2681 40 22 No.
734 2681 75 21 III.—
883 2681 96 22 Address
992 2686 20 19 t»
1025 2681 36 22 the
1072 2682 55 21 New
1138 2682 99 22 Zealand

654 2708 61 21 Land
728 2708 136 27 Pioprietors
876 2708 96 21 resident
987 2709 22 21 in
1021 2709 37 21 the
1070 2709 82 22 United
1169 2710 70 31 King-

653 2735 57 26 dom,
722 2742 29 14 on
767 2735 84 21 several
868 2740 90 17 matters
970 2736 25 21 of
1004 2741 135 22 importance
1151 2742 21 15 to
1185 2738 55 21 their

680 2794 42 22 No.
741 2794 41 21 IV.
783 2804 28 5 —
839 2794 34 21 On
896 2794 36 21 the
953 2794 115 23 Financial
1088 2795 113 21 condition
1218 2795 25 21 of

654 2821 52 21 New
854 2821 28 27 by
893 2821 91 21 Charles
998 2822 70 27 Terry,
1082 2823 58 26 Esq.,
1153 2823 86 23 F.R.S.,

656 2849 76 21 RS.A.

680 2881 42 22 No.
741 2880 26 21 V.
770 2891 27 4 —
799 2882 19 20 1.
871 2880 159 22 Observations
1055 2888 28 14 on
1109 2881 131 26 facilitating

655 2908 137 27 Emigration
818 2910 21 18 to
864 2907 55 21 New
945 2907 107 25 Zealand,
1073 2908 26 27 by
1122 2915 78 14 means
1219 2910 21 19 of

655 2935 114 22 Moderate
791 2934 98 27 Charges
905 2935 33 20 for
957 2935 64 20 Chiei
1042 2935 42 20 and
1102 2935 137 22 Fore-Cabin

815 2962 25 21 In
851 2968 13 14 a
877 2961 75 22 Letter
963 2966 22 16 to
996 2961 82 28 Joseph
1091 2964 83 25 Somes,
1188 2962 51 28 Esq.

654 2990 37 21 &c.
703 2991 41 20 &c.
774 2989 33 27 By
821 2989 28 20 H.
861 2989 23 20 S.
896 2989 122 26 Chapman.

680 3023 19 21 2.
742 3022 20 21 A
778 3022 71 20 Letter
859 3027 28 14 on
901 3020 104 27 Banking
1016 3020 22 22 in
1049 3020 55 22 New
1116 3020 130 31 Zealana;'.'.

655 3049 30 27 By
697 3049 87 21 Arthur
794 3048 25 22 T.
833 3047 107 28 Holroyd,
953 3048 52 26 Esq.
1203 3044 30 25 *"s'.
1250 3067 3 7 t

680 3081 43 21 No.
741 3081 41 21 VI.
784 3091 27 4 —
1009 3087 28 14 on
1049 3079 36 22 the
1098 3079 143 28 Advantages

654 3107 24 22 of
689 3115 14 14 a
722 3108 184 27 Representative
923 3107 120 27 Assembly
1059 3107 35 21 for
1113 3107 55 21 New
1185 3108 55 21 Zea-

680 3161 99 22 General
791 3161 46 22 title
847 3161 46 21 and
904 3161 150 21 introduction
1066 3164 21 18 to
1098 3161 36 21 the
1146 3161 80 22 Series.

842 3208 68 14 PRICE
929 3208 120 14 SIXPENCE.

655 3244 69 49 ON
741 3243 79 22 SALE
835 3248 23 17 at
878 3244 37 21 the
936 3243 70 22 Office
1028 3245 20 20 of
1069 3244 43 21 this
1132 3252 64 20 papet
1206 3253 34 14 :—

731 3270 64 28 Kejs
805 3271 24 21 of
837 3272 37 20 the
885 3271 68 21 Town
965 3271 24 21 of
999 3270 54 22 New
1064 3270 128 28 Plymouth,

680 3297 68 23 Plans
758 3298 25 21 of
792 3299 98 26 Country
901 3298 66 21 Land
977 3298 72 21 round
1066 3298 140 28 Wellington,
1217 3300 22 21 in

654 3331 56 21 case,

680 3352 68 22 Plans
758 3351 28 22 of
793 3351 91 27 Nelson,
896 3352 22 21 in
930 3359 58 19 case,

680 3379 78 29 Copies
776 3379 26 21 of
816 3379 36 22 the
870 3379 55 22 New
945 3378 100 23 Zealand
1060 3378 102 28 Journal,
1179 3381 60 27 1842,

654 3406 115 26 complete,
781 3406 82 26 bound,

681 3432 134 27 Chapman's
826 3432 115 28 Portfolio,
951 3432 86 28 bound,

680 3460 74 21 Prints
761 3463 22 18 of
793 3459 92 27 Nelson,

682 3486 73 21 Prints
765 3486 26 21 of
797 3486 142 28 Wellington,

680 3512 68 23 Plans
758 3514 27 20 of
791 3513 83 22 Nelson
887 3521 21 14 in
920 3514 85 26 Sheets,

682 3540 67 21 Plans
759 3540 27 21 of
792 3540 99 28 Country
903 3541 62 21 Land
978 3545 22 17 at
1015 3541 143 28 Wellington,

647 3582 4 3 -
680 3566 68 22 Plans
758 3567 25 21 of
791 3567 36 22 ihe
837 3568 68 22 Town
918 3568 25 21 of
951 3568 55 21 New
1018 3568 127 28 Plymouth.
1155 3582 17 12 -,

678 3598 133 27 September
821 3600 31 24 19,
865 3600 62 20 1843.
962 3618 3 4 .
1130 3589 42 40 -0

658 3642 87 22 'HHE
769 3644 78 20 Nelson
870 3644 117 21 Examiner
1010 3645 44 20 and
1074 3646 53 19 New
1150 3646 94 20 Zealand

661 3665 26 27 JL
702 3691 3 4 .
727 3670 110 22 Chronicle
852 3670 127 28 (published
989 3670 135 28 atNelson,)
1140 3672 19 21 is
1178 3679 65 21 regu-

653 3697 53 27 larly
727 3697 139 22 transmitted
884 3702 22 17 to
925 3698 143 27 Wellington,
1089 3698 43 22 and
1149 3707 51 19 may
1216 3700 26 21 be

654 3724 40 21 had
705 3728 24 17 at
739 3723 37 22 the
787 3724 62 21 office
859 3724 26 21 of
897 3724 44 22 this
950 3732 75 20 paper.

679 3751 47 22 TJie
738 3752 78 19 Nelson
825 3752 116 19 Examiner
953 3752 47 26 ,will
1012 3752 27 21 be
1049 3752 69 22 found
1129 3760 28 14 an
1169 3754 74 21 excel-

652 3778 47 22 lent
706 3778 100 22 medium
819 3778 32 21 for
861 3778 139 23 advertisers.

678 3806 79 21 Terms
767 3804 80 23 fbr*the
859 3811 73 21 paper,
945 3810 35 16 ten
990 3804 101 28 shillings
1106 3813 39 19 per
1155 3811 79 22 quarte

653 3832 126 28 payablean
790 3831 107 22 advance.
910 3843 3 6 -
938 3847 4 4 .
1050 3846 2 5 ,
1120 3834 2 6 '

680 3861 81 20 Orders
785 3860 34 21 for
828 3873 2 7 .
839 3859 36 20 the
899 3863 69 23 paper
988 3858 47 21 and
1058 3858 185 23 adveitisements

653 3886 100 21 received
764 3889 30 18 at-
798 3886 37 21 the
845 3885 72 23 Office
928 3885 25 22 of
966 3885 44 22 this
1020 3892 76 20 paper.

653 3940 94 52 JUST
760 3940 135 24 OPENED,
902 3940 48 23 and
957 3948 29 15 on
998 3940 51 23 Sale
1058 3944 24 19 at
1091 3940 38 23 the
1139 3940 73 23 Office
1221 3941 26 23 of

715 3968 46 21 thii
771 3968 79 29 Paptr,
858 3968 43 22 inn
909 3967 112 24 ttand*ot
1030 3975 93 16 vsnous-
1129 3968 63 23 uaais.
1209 3970 3 10 ;

1553 716 134 28 Secretary's
1698 717 76 25 Office,

1659 744 55 26 May
1724 745 33 25 20,
1769 745 58 20 1844.

1463 786 12 9 *
1485 777 4 23 1
1514 776 95 20 Levee.

1372 808 84 22 'Honor
1458 798 44 33 She
1517 809 190 26 Superintendent
1718 809 43 22 will
1777 810 50 21 hold
1839 817 12 14 a

1451 840 21 16 at
1487 835 32 22 his
1533 836 116 21 residence
1665 843 28 15 on
1714 836 87 28 Friday,
1817 836 36 22 the

1275 862 50 20 24th
1343 862 88 26 insiafit,
1453 866 22 17 at
1489 862 78 28 jwelve
1583 863 92 27 o'clock,
1700 864 31 26 (in
1747 863 68 22 honor
1831 863 25 22 of

1278 888 41 21 Hei
1338 888 114 28 Majesty's
1461 888 119 34 b|rthday.)

1302 915 135 22 GentLeilien
1443 915 113 27 attending
1566 915 37 23 tlie
1612 916 71 23 Levee
1694 924 37 14 are
1737 916 116 28 requested

1274 944 22 18 to
1315 941 65 26 bring
1399 941 57 22 their
1470 942 69 27 jjards,
1560 948 22 17 to
1602 944 26 21 be
1646 943 112 22 delivered
1773 948 22 17 to
1816 943 36 22 the

1275 968 121 27 Secretary.

1444 995 32 27 By
1486 995 43 21 His
1540 995 97 22 Honor'
1631 995 22 22 3
1646 997 126 27 command,

1529 1023 22 20 S.
1562 1023 26 21 E.
1600 1023 145 27 Grimstone,

1518 1052 3 14 :
1534 1052 7 2 '
1678 1051 121 26 Secretary.

1444 1101 125 26 Supreme
1588 1102 91 20 Court.

1274 1133 147 48 NOTICE
1444 1134 28 22 IS
1497 1134 126 23 HEREBY
1651 1134 100 23 GIVEN
1775 1134 46 22 that
1841 1142 13 14 a

1353 1165 76 21 sitting
1438 1161 25 21 of
1475 1160 33 23 thy
1519 1162 108 26 Supreme
1639 1162 66 22 Court
1715 1162 33 21 for
1757 1162 35 21 the
1804 1162 47 21 des-

1274 1186 64 28 patch
1355 1189 21 18 ot
1392 1188 102 21 Criminal
1510 1188 105 26 business,
1635 1189 40 21 will
1693 1189 27 21 be
1733 1188 81 22 holden
1832 1191 21 18 at

1275 1213 35 22 the
1327 1215 68 20 Court
1412 1214 75 26 H\>u<e
1499 1216 20 20 in
1541 1216 140 26 Wellington,
1693 1223 28 14 on
1738 1215 113 27 Saturday,

1274 1240 36 21 ihe
1322 1240 44 21 first
1377 1241 44 27 day
1431 1243 24 19 of
1468 1241 56 22 June
1536 1248 61 20 next,
1609 1247 23 16 at
1642 1248 35 16 ten
1690 1242 83 22 o'clock
1783 1242 22 21 in
1816 1242 37 21 the

1272 1267 111 26 forenoon,
1403 1273 23 16 ut
1437 1268 67 21 which
1521 1268 53 24 time
1586 1269 44 22 and
1647 1270 61 26 place
1719 1269 29 21 all
1763 1276 90 20 persons

1273 1294 71 21 under
1352 1296 165 22 recognisances
1528 1300 22 17 to
1567 1303 80 20 xppear
1658 1296 70 21 either
1738 1303 23 14 as
1778 1296 73 21 Prose-

1273 1326 79 20 cutors,
1364 1321 144 27 Defendants,
1520 1331 25 13 or
1561 1317 127 32 Witnesses,
1700 1330 36 13 are
1750 1322 101 28 required

1273 1351 20 17 to
1303 1348 50 26 give
1365 1348 57 21 their
1431 1349 140 22 attendance.

1519 1376 96 22 Robert
1631 1376 27 21 R-
1674 1376 100 26 Strang,

1602 1403 117 25 Registrar.

1583 1430 108 21 Southern
1701 1430 100 21 District.

1301 1454 145 28 Wellington
1455 1456 54 28 May
1517 1458 35 25 20,
1564 1458 61 20 1844.

1511 1508 102 20 Books.

1275 1539 71 48 ON
1361 1539 86 26 SALE,
1465 1540 39 22 AT
1517 1541 73 21 THIS
1607 1541 138 22 OFFICE—

1338 1566 47 22 The
1407 1567 91 26 poetical
1520 1570 72 19 works
1611 1568 26 22 of
1658 1568 88 27 Milton,
1768 1568 53 22 with
1840 1576 13 14 a

1274 1593 93 21 memoir
1376 1593 44 21 and
1432 1594 196 27 embellishments,

1301 1626 49 21 Life
1365 1627 26 21 of
1402 1627 37 22 the
1455 1627 64 22 Duke
1537 1628 25 21 of
1582 1628 145 28 Wellington,
1743 1628 110 28 compiled

1273 1652 57 22 fiom
1342 1653 33 22 his
1386 1654 92 22 Grace's
1487 1654 138 28 despatches,

1301 1684 47 22 The
1360 1685 61 27 Holy
1433 1685 68 26 Bible,
1510 1687 130 26 containing
1647 1686 37 22 the
1693 1687 43 21 Old
1747 1687 43 21 and
1801 1687 53 21 New

1273 1712 148 27 Tesiaments,
1430 1712 49 22 with
1489 1717 72 22 notes,'
1570 1714 27 26 by
1604 1713 37 22 the
1652 1714 56 21 Rev.
1715 1714 60 22 John
1783 1715 71 20 Caun-

1273 1743 40 21 ter,
1327 1739 60 26 8.C.,
1400 1743 48 17 four
1458 1747 61 20 maps
1530 1740 44 22 and
1586 1741 39 21 144
1635 1740 76 27 plates,

1303 1767 127 20 JWontacute
1439 1774 4 13 :
1460 1774 24 14 or
1494 1774 13 13 a
1517 1766 57 22 New
1585 1767 92 21 home—
1679 1767 75 22 who'll
1767 1767 89 21 follow?

1273 1793 29 27 by
1319 1793 54 21 Mrs.
1386 1793 65 26 Mary
1462 1793 97 26 Chn'ers,

1301 1820 111 27 Scripture
1428 1820 131 27 Biography,
1571 1821 33 21 for
1620 1820 38 22 the
1675 1821 87 27 Young,
1773 1821 82 21 embel-

1272 1846 72 22 lished
1357 1846 49 21 with
1418 1847 76 26 plates,

1301 1873 103 26 Voyages
1414 1874 26 20 of
1451 1874 92 28 Captain
1555 1874 96 22 Richard
1663 1874 117 28 Falconer,

1301 1900 94 21 Fisher's
1406 1896 108 34 Juvcu^
1520 1902 70 25 Scrap
1599 1901 66 26 Book,

1301 1927 48 19 Lite
1359 1927 45 19 .h'.lA
1416 1924 120 28 CaiKijSSif^u
1536 1932 5 7 1
1542 1933 7 12 *
1559 1928 25 18 of
1593 1927 37 19 the
1641 1928 66 19 Duke
1717 1928 26 19 of
1751 1928 103 24 Welling-

1273 1955 51 24 ton^
1416 1974 6 2 .
1451 1959 68 21 y^J,
1531 1973 16 6 _

1299 1974 49 21 Life
1358 1974 45 22 and
1413 1974 62 28 feign
1484 1973 31 23 of'
1522 1975 98 22 VViUTam
1633 1976 36 21 the
1680 1976 92 27 Fourth,

1298 2002 157 24 Shakspi-are's
1468 2003 113 20 Dramatic
1595 2002 84 27 Works,
1692 2004 52 20 with
1754 2004 76 27 plates,

1299 2028 143 21 Buchanan's
1452 2029 82 26 history
1547 2030 25 20 of
1584 2030 112 26 Scotland,

1301 2055 88 25 History
1407 2056 25 20 of
1451 2056 109 26 England,
1585 2061 22 16 to
1629 2056 38 22 the
1688 2056 128 23 coronation
1832 2057 26 22 of

1272 2082 78 24 Queen
1363 2082 105 26 Victoria,

1300 2108 106 27 Wesley's
1416 2116 104 18 sermons,
1533 2109 54 22 with
1597 2117 13 14 a
1620 2110 100 27 memoir,

1299 2136 96 21 Memoir
1407 2137 25 20 of
1446 2137 54 20 Key.
1511 2136 110 23 Rowland
1637 2137 55 26 Hill,

1298 2162 104 22 Barton's
1414 2163 80 25 Gospel
1506 2162 84 28 history
1602 2166 22 19 of
1639 2164 81 27 Christ,

1297 2190 48 21 The
1356 2190 78 21 Easter
1449 2190 54 26 G.lt,
1515 2190 28 26 by
1555 2190 26 22 L.
1593 2191 27 21 E.
1632 2191 31 25 L.,

1297 2216 48 22 The
1369 2217 99 21 Parents'
1493 2217 89 27 Fiiend,
1603 2218 29 27 by
1651 2218 59 21 John
1734 2218 117 25 Morrison,

1270 2244 69 26 D.D,

1298 2271 111 26 Sciipture
1421 2270 82 27 history
1511 2270 37 22 for
1559 2271 80 27 Youth,
1652 2272 51 21 with
1714 2272 75 26 plates,

1298 2298 103 21 Summer
1411 2298 43 21 and
1469 2298 84 21 Winter
1562 2299 23 21 in
1598 2299 37 21 the
1647 2299 118 27 Pyrenees,
1778 2300 28 26 by
1815 2299 37 22 the

1270 2332 61 14 sa.ne
1342 2325 86 25 auihor,

1299 2352 145 21 Goldsmith's
1454 2351 83 27 history
1548 2353 23 20 of
1585 2352 38 22 the
1634 2352 76 28 Earth,

1299 2379 102 21 Burner's
1414 2379 84 26 Village
1508 2380 113 25 Sermons,

1298 2406 90 21 Wood's
1400 2406 127 26 Dictionary
1536 2406 25 21 of
1576 2406 37 22 the
1623 2406 71 28 Bible,

1298 2433 90 21 Smith's
1402 2432 123 27 Mechanic,

1296 2460 48 21 The
1355 2460 62 21 Bouk
1428 2460 25 21 of
1465 2460 108 21 Common
1585 2460 86 28 Prayer,
1682 2460 130 29 illustrated,

1297 2486 146 22 Fleetvvood's
1451 2487 37 21 life
1498 2487 25 21 of
1534 2487 80 25 Christ,

1298 2514 66 21 Fox's
1376 2515 108 21 Christun
1503 2514 158 27 Mariyrology,

1297 2541 48 21 The
1357 2550 12 11 w
1378 2543 48 19 hole
1438 2541 51 26 duty
1500 2543 21 19 ot
1539 2541 60 26 Man,
1609 2541 29 27 by
1649 2542 36 21 Uie
1697 2541 55 23 Rev.
1763 2541 88 23 Charles

1270 2569 97 24 Almore,

1298 2595 115 26 B'uijan's
1430 2595 109 27 Pilgrim's
1556 2595 112 27 Progress,
1678 2595 131 28 beautifully
1825 2595 27 23 il-

1270 2621 114 26 lu-uratfd,

1299 2649 133 21 Morrison's
1443 2648 83 27 Family
1539 2649 100 27 Prayers,

1299 2677 104 20 StTino;is
1416 2677 25 26 by
1454 2676 57 20 Blair
1520 2676 46 22 and
1578 2676 135 28 Whitefield,

1299 2703 114 21 Buchan's
1424 2703 112 21 Domestic
1549 2703 119 27 Medicine,

1302 2730 108 21 Walkei's
1423 2730 155 27 Pronouncing
1589 2731 29 21 Di
1635 2731 93 27 tionary,

1284 2766 3 3 •
1300 2756 137 22 Jamieson's
1443 2757 130 27 Dictionary
1580 2758 24 21 of
1610 2757 140 23 Mechanical
1757 2757 96 28 Science,

1273 2785 60 23 Arts,
1352 2784 171 25 MauufactuiTS,
1536 2785 49 26 &c.,

1301 2811 171 27 Encyclopaedia
1489 2811 124 27 Edinensis,

1303 2838 106 21 Matthew
1425 2837 68 26 Wald,

1301 2865 84 21 Close's
1397 2865 84 27 Family
1495 2864 50 27 Pra3
1545 2872 4 8 r
1553 2872 30 19 er,

1301 2891 92 23 Parlour
1406 2892 67 27 Book,
1485 2892 25 26 by
1525 2892 96 22 William
1634 2893 92 28 Martin,

1303 2919 123 26 Perennial,

1301 2946 47 22 The
1362 2947 70 21 Monk
1442 2946 25 22 of
1479 2945 88 28 Cimies,
1579 2946 28 28 by
1620 2947 53 21 Mrs.
1686 2947 128 28 Sherwood,

1302 2973 65 22 Pio»e
1380 2973 186 28 Forget-me-not,

1301 3001 108 21 Counsels
1420 3000 42 23 and
1473 2999 84 27 advice,
1570 3001 29 26 by
1611 3001 33 21 Sir
1655 3000 106 23 Matthew
1774 3001 58 26 Hall,

1301 3027 84 22 Pocket
1396 3029 81 24 Lacon,
1489 3028 135 27 comprising
1640 3035 41 14 one
1699 3028 109 21 thousand
1819 3035 37 14 ex-

1273 3058 73 23 tracts,

1301 3082 86 28 Popery
1397 3082 23 21 in
1432 3080 95 27 Ireland,

1301 3109 117 26 Thoughts
1428 3109 33 22 for
1470 3109 35 20 the
1517 3116 44 17 sea,

1302 3136 67 21 Hand
1382 3136 56 21 book
1449 3136 25 21 of
1486 3135 60 21 trade
1557 3135 44 22 and
1611 3142 132 20 commerce;

1300 3163 48 22 The
1360 3163 82 20 heart's
1451 3168 56 19 ease,

1301 3190 70 21 Hints
1381 3197 27 14 on
1421 3189 80 24 health,

1301 3217 64 22 B.rds
1376 3218 45 20 and
1431 3216 89 21 flowers,
1531 3215 30 28 by
1574 3216 65 28 Mary
1649 3216 89 27 Howet,

1301 3244 57 21 Pure
1368 3244 54 26 gold
1432 3244 53 20 from
1496 3243 37 21 the
1545 3243 69 21 rivers
1625 3244 24 21 of
1662 3243 97 28 wisdom,

1301 3270 74 22 Hall's
1383 3277 59 14 vows
1453 3269 41 22 and
1505 3269 151 28 meditations,

1301 3298 96 21 Poetical
1407 3298 72 26 forget
1491 3300 93 23 me-not,

1299 3325 49 22 The
1359 3324 69 26 toilet,
1439 3331 14 14 a
1462 3323 48 22 dres
1520 3323 110 26 ing-table
1640 3324 138 28 companion,

1300 3351 110 22 Christian
1422 3349 102 24 mother's
1535 3354 48 17 text
1593 3351 65 27 book,

1301 3378 128 22 Wonderiul
1442 3377 135 26 Characters,

1302 3406 64 22 Lives
1378 3404 27 23 of
1416 3404 97 23 eminent
1522 3404 100 28 militai'y
1632 3404 87 28 heroes,

1299 3432 93 23 Pamela
1403 3440 25 13 or
1437 3432 69 21 virtue
1516 3432 123 26 rewarded,

1300 3460 66 23 Lives
1376 3459 27 22 of
1412 3459 91 25 Pirates,
1550 3467 3 7 <

1301 3486 113 23 Lawson's
1425 3485 65 22 cattle
1501 3484 83 26 doctor,

1302 3514 91 26 History
1406 3513 25 21 of
1442 3512 37 21 the
1489 3510 51 23 Earl
1556 3511 24 22 of
1593 3512 127 28 Moreland,

1301 3539 79 24 Park's
1390 3539 80 22 travels
1479 3539 22 20 in
1512 3538 85 27 Africa,

1301 3568 143 21 Adventures
1454 3565 25 22 of
1489 3564 84 23 British
1583 3573 96 21 seamen,

1301 3595 102 25 Literary
1413 3600 67 20 gems,

1265 3622 2 5 '
1301 3622 49 22 Life
1361 3621 26 20 of
1398 3620 131 27 BonapaTte,

1302 3648 94 28 Byron's
1407 3646 86 26 Works,

1300 3674 81 28 Tegsr's
1391 3673 99 27 washing
1499 3672 68 28 book,

1302 3702 29 21 Jo
1346 3700 76 23 nson's
1432 3699 128 27 dictionary,

1302 3728 128 27 Campion's
1458 3726 139 23 ornamental
1624 3727 154 30 penmanship,
1808 3728 43 24 jive

1273 3761 66 23 parts,
1498 3752 4 28 j

1302 3783 114 25 Anatomy
1426 3780 26 22 of
1463 3780 40 31 the^
1510 3779 83 23 human
1604 3780 76 28 bones,

1303 3809 42 22 Mil
1354 3808 74 21 iature
1437 3808 81 26 budget
1527 3806 27 23 of
1566 3808 45 26 wit,
1628 3827 4 6 ,
1642 3822 2 4 ■

1301 3835 48 22 The
1360 3842 52 14 man
1423 3834 25 22 of
1460 3840 87 17 sortow.
1572 3830 30 20 ■^'
1607 3835 5 7 J
1651 3836 2 5 '
1670 3854 4 4 .

1302 3862 87 23 Advice
1400 3866 23 17 to
1434 3862 36 21 the
1480 3860 103 27 married,
1591 3867 12 7 •■

1303 3890 90 22 Mother
1403 3892 23 18 at
1435 3884 71 30 homei
1538 3902 13 7 >.
1601 3891 3 7 '
1631 3892 4 4 '
1657 3898 4 7 <

1303 3916 58 22 Path
1372 3916 25 21 of
1407 3923 76 21 peace,
1494 3916 9 29 ',

1303 3943 43 22 Art
1357 3942 26 22 of
1392 3942 69 28 being
1472 3942 81 34 happy,
1670 3959 4 5 .
1757 3958 4 6 ,
1768 3958 5 3 -

1302 3966 119 26 Robinson
1430 3970 88 29 Crtiaofc,
1534 3970 7 7 *
1682 3969 74 8 •■-■■.
