2540 4039
2134 3086 122 19 DUTIES.

1902 3109 98 22 British
2011 3110 92 22 Spirits
2316 3112 33 21 4s.
2359 3118 40 20 per
2408 3110 81 28 gallon.

1902 3136 104 23 Foreign
2018 3136 57 22 ditto
2317 3138 32 21 ss.
2361 3145 38 20 per
2406 3138 83 27 gallon*

1901 3164 105 22 Tobacco
2016 3164 174 28 manufactured,
2321 3166 29 21 Is.
2359 3172 40 20 per
2408 3166 31 21 lb.

2016 3191 204 23 Unmanufactured
2317 3192 37 21 sJd.
2366 3199 38 20 per
2413 3192 30 21 lb.

1902 3218 74 21 Snuff
2318 3221 32 20 2s.
2359 3226 40 20 per
2408 3218 30 23 lb.

1903 3245 86 22 Cigars
2319 3248 33 20 2s.
2362 3246 77 28 perlb.

1903 3272 82 22 Wines
2310 3274 26 21 15
2351 3280 38 20 per
2398 3275 67 25 cent.;

1902 3299 57 26 Tea,
1973 3300 86 26 Sugar,
2077 3300 82 26 Flour,

1921 3326 45 22 and
1976 3326 65 23 other
2051 3326 86 28 Grain,
2146 3328 13 21 5
2168 3335 41 19 per
2220 3332 58 18 cent.
2291 3322 5 27 I
2338 3342 12 12 A
2388 3342 8 8 ■,
2436 3348 21 4 „

1903 3353 38 22 All
1952 3354 63 22 other
2025 3354 106 22 Foreign
2137 3355 142 27 productions
2289 3353 14 36 f
2322 3344 30 20 ad
2361 3344 104 20 valorßna-

1917 3380 44 22 and
1967 3382 168 22 manufactures
2141 3383 24 21 10
2172 3389 41 20 per
2220 3386 57 18 cent.
2289 3376 7 27 I

2108 3409 184 23 EXCHANGE.

1905 3449 66 23 Bank
1981 3449 51 23 bills
2042 3457 31 15 on
2082 3450 91 22 London
2206 3437 16 44 {
2229 3438 28 21 30
2256 3471 14 10 n
2267 3437 21 22 &
2300 3439 28 21 60
2404 3438 85 43 si^

2213 3466 10 24 L
2256 3471 40 20 per
2307 3470 59 17 cent,
2378 3471 111 22 premium.

1905 3490 34 22 On
1950 3491 90 27 Sydney
2326 3491 71 23 Ditto.

1905 3517 88 23 Private
2005 3518 50 22 bills
2303 3519 113 23 Nominal.

1925 3562 39 16 The
1977 3562 46 17 New
2035 3562 99 16 Zealand
2143 3562 91 16 Gazette
2241 3564 38 16 and
2290 3564 136 17 Wellington
2439 3564 56 16 Spec-

1904 3587 65 12 tator
1974 3583 16 16 is
1997 3583 97 21 published
2102 3587 51 16 every
2159 3583 114 21 Wednesday
2284 3585 37 16 and
2333 3585 94 20 Saturday.
2449 3584 44 17 Sub-

1902 3604 62 20 joined
1971 3609 31 12 are
2009 3604 32 16 the
2049 3606 57 14 terms
2110 3608 26 7 —

1927 3626 62 16 Price
1996 3629 24 12 ot
2027 3629 43 12 the
2078 3625 90 16 Paper.—
2169 3624 56 20 Forty
2230 3625 87 22 shillings
2322 3630 33 16 per
2366 3630 75 16 annum,
2451 3629 42 18 pay-

1904 3647 40 16 able
1951 3647 20 16 in
1978 3647 82 16 advance
2064 3650 6 14 ;
2081 3649 19 13 or
2107 3645 81 21 sixpence
2196 3646 29 16 for
2230 3647 60 21 single
2303 3648 92 16 numbers.

1926 3668 29 16 All
1962 3667 66 17 orders,
2039 3669 157 16 advertisements,
2207 3669 38 15 and
2256 3670 164 15 communication*
2432 3670 19 14 to
2462 3668 30 15 th»

1906 3689 69 18 Editor,
1980 3692 31 12 are
2018 3688 97 20 requested
2122 3689 17 14 to
2145 3688 20 15 be
2171 3688 101 17 addressed
2279 3691 19 15 to
2305 3689 38 17 this
2349 3689 62 17 Office.

1916 3711 6 15 1
1926 3709 158 18 Advertisements
2091 3707 38 17 will
2135 3710 28 15 not
2169 3712 68 18 appear
2247 3710 20 16 in
2278 3711 32 16 the
2319 3715 80 16 ensuing
2410 3709 77 17 numbtr

1905 3731 16 16 if
1929 3729 83 18 received
2018 3729 49 16 later
2073 3730 45 16 than
2131 3730 16 15 10
2153 3728 75 21 o'clock,
2235 3735 51 15 a.m.,
2292 3735 24 13 on
2324 3731 31 17 the
2362 3735 94 16 mornings
2462 3730 31 16 be*

1905 3752 36 16 fore
1957 3750 120 21 publication.
2098 3750 155 18 Advertisements
2267 3752 39 16 will
2317 3753 21 15 be
2350 3752 98 16 continued
2456 3750 35 17 and

1904 3771 77 21 charged
1994 3771 48 17 until
2052 3771 166 21 counter-ordered;
2228 3773 47 16 such
2281 3773 54 17 order
2340 3775 51 14 must
2397 3774 22 16 be
2427 3773 40 16 sent
2473 3773 19 14 to

1905 3794 31 16 the
1945 3793 55 16 Office
2013 3794 36 15 two
2069 3792 45 21 days
2133 3792 56 18 before
2199 3794 120 21 publication,
2331 3794 37 16 and
2379 3794 50 16 must
2439 3794 23 16 be
2470 3792 21 16 in

1905 3815 78 19 writing.
2007 3813 154 17 Advertisements
2175 3815 84 16 received
2277 3815 53 22 after
2348 3815 21 17 10
2385 3815 68 16 o'clock
2468 3816 23 13 on

1904 3834 84 21 Tuesday
2001 3834 36 17 and
2049 3834 66 21 Friday
2127 3836 91 21 mornings
2230 3835 37 18 will
2278 3836 22 17 be
2312 3836 78 20 charged
2400 3836 54 16 twice
2463 3834 30 16 th«

1905 3856 53 17 usual
1966 3858 52 14 rates.

2054 3892 75 17 Printed
2142 3893 33 16 and
2190 3893 99 21 published
2307 3897 55 17 every
2381 3891 113 20 Wednesday

1926 3914 90 21 morning,
2030 3914 25 20 by
2074 3914 80 16 Samuzl
2169 3914 90 19 Revaki,
2277 3915 19 16 at
2312 3914 31 17 the
2359 3914 56 16 Office
2432 3916 19 14 ot
2463 3914 32 14 tne

1928 3936 48 16 NiSW
1990 3938 100 14 4BALANS
2101 3935 89 17 GAZSXTE
2201 3939 42 13 AND
2256 3935 137 17 WjC&LIKSXOtI
2409 3934 86 16 BTXGXA'

1927 3960 44 13 xob.
1981 3956 158 20 Manatn-itiMt,
2146 3956 116 21 WtUingtoU)
2275 3956 45 17 Pott
2333 3955 106 20 NichoUdn,
2451 3956 44 15 »»w

1928 3977 86 16 Swum*.
2409 3970 13 23 7

1287 3456 214 18 WHOLESALE
1532 3456 125 18 PRICES
1693 3456 175 18 CURRENT.

670 130 88 22 became
769 130 51 24 due,
831 130 56 21 unti:
896 128 37 23 the
940 128 165 22 establishment
1113 127 26 22 of
1146 135 13 14 a
1169 134 79 20 proper

670 156 94 23 tribunal
774 160 28 24 to,
807 155 78 23 decree
897 163 13 13 a
918 155 54 26 sale,
982 154 38 21 the
1030 154 118 22 defendant
1158 161 44 14 was
1212 154 36 21 the

671 189 75 21 proper
760 181 105 27 guardian
884 181 26 22 of
924 181 38 22 the
978 180 54 28 ship.
1066 181 47 22 The
1127 180 58 27 legal
1202 180 46 21 title

671 216 42 15 was
722 210 22 21 in
754 208 37 22 the
798 207 120 22 defendant
929 212 22 17 at
962 207 36 22 the
1009 208 56 25 time,
1075 208 36 21 the
1122 214 74 15 owner
1205 206 43 22 had

671 243 27 14 no
715 241 59 16 more
786 234 53 22 than
856 241 12 14 a
885 239 46 16 sort
939 234 26 21 of
976 235 73 25 equity
1066 233 25 22 of
1102 233 144 28 redemption.

671 264 20 19 A
701 261 68 22 Court
778 260 27 22 of
813 260 125 28 Admiralty
949 260 69 28 might
1028 267 28 14 no
1067 260 66 21 doubt
1142 259 58 21 have
1210 260 38 21 de-

671 287 71 22 feated
750 287 52 22 that
811 287 48 21 title
868 292 28 22 by
906 287 111 25 declaring
1026 287 37 21 the
1074 286 58 22 bond
1141 287 55 24 void,
1207 286 40 21 but

671 314 46 21 that
726 314 78 21 decree
815 318 58 17 must
884 313 45 22 also
939 313 55 22 have
1004 312 105 23 liberated
1120 313 37 21 the
1167 314 81 21 securi-

671 341 47 20 ties.

696 367 33 21 To
738 366 80 25 regard
828 366 37 22 the
875 367 120 22 defendant
1002 374 23 13 as
1032 373 11 12 «
1053 369 117 23 trespasser
1176 365 71 22 whom

671 400 12 14 a
692 400 59 15 mere
763 393 73 22 Police
847 393 130 26 Magistrate
993 392 65 22 could
1068 393 54 21 have
1133 392 85 25 ousted,
1229 393 18 21 is

670 424 39 17 not
727 419 124 23 warranted
870 420 30 27 by
919 420 37 21 the
975 419 168 22 circumstances
1164 418 27 22 of
1211 419 36 21 the

670 453 56 15 case.
756 446 119 22 Moreover
885 453 32 15 we
927 453 37 15 are
974 450 38 18 not
1018 445 97 28 justified
1131 445 21 21 in
1164 452 85 15 assum-

669 473 37 25 ing
715 472 47 22 that
777 472 39 21 the
831 473 86 26 captain
936 472 50 27 only
997 472 85 22 wanted
1099 476 28 27 to^
1134 471 58 22 trick
1209 472 38 21 the

670 499 120 21 defendant
804 502 38 18 out
858 499 27 21 of
900 499 37 22 the
952 499 118 26 securities,
1082 506 24 14 or
1120 497 19 23 if
1156 497 29 22 he
1202 498 45 26 did,

670 525 47 22 that
725 533 13 13 a
750 525 73 21 Police
835 525 129 28 Magistrate
974 525 62 23 could
1047 525 55 21 have
1112 525 55 21 been
1178 525 68 21 found

670 559 23 14 so
701 552 102 27 ignorant
813 558 24 15 or
845 559 26 14 so
886 552 121 27 regardless
1020 551 25 22 of
1056 551 36 22 the
1103 558 64 19 scope
1177 551 27 21 of
1214 551 34 22 his

669 578 118 27 authority,
808 585 24 15 as
856 582 23 18 to
898 579 50 21 take
967 582 48 24 part
1034 578 51 22 with
1104 578 35 21 the
1158 579 89 25 captain

670 605 85 26 against
765 605 38 21 the
812 605 75 22 lawful
897 607 121 25 possession
1030 604 25 22 of
1067 605 37 21 the
1115 607 132 24 mortgagee.

671 632 10 21 I
692 638 51 21 may
751 631 89 22 remark
849 631 49 23 that
908 632 37 22 the
959 638 92 16 manner
1065 631 23 21 in
1099 631 70 21 which
1177 631 19 21 it
1204 638 44 14 was

670 658 39 22 left
718 662 21 18 to
750 657 38 22 the
801 658 53 27 jury
865 666 43 14 was
924 658 81 22 indeed
1021 665 59 15 more
1097 657 112 21 favorable
1225 663 22 16 to

668 685 37 21 the
715 684 124 22 defendant
850 684 53 22 than
913 685 38 21 the
962 685 61 26 facts,
1035 685 44 21 had
1088 684 49 27 they
1147 683 58 23 been
1218 685 29 21 all

670 711 114 27 disclosed,
793 711 72 21 would
872 712 56 21 have
935 711 130 22 warranted.
1085 713 33 19 As
1128 710 43 22 Mr.
1181 711 67 22 Hals-

670 738 48 22 well
734 737 38 22 did
792 742 41 17 not
845 745 87 15 assume
947 737 34 23 his
995 737 111 23 functions
1120 744 23 15 as
1158 737 89 28 Deputy

670 764 54 22 Vice
734 764 102 22 Admiral
845 765 55 21 until
917 765 71 26 April,
999 765 60 25 1842,
1071 764 36 21 the
1124 763 56 26 Jury
1191 771 56 15 were

669 791 36 21 led
715 791 27 26 by
754 798 36 15 me
800 795 23 17 to
834 798 93 21 suppose
943 791 47 22 that
999 791 38 22 the
1047 790 119 22 defendant
1176 791 72 21 would

669 817 55 22 have
734 818 42 22 had
787 821 23 17 to
820 818 50 22 wait
876 826 13 14 a
896 817 155 23 twelvemonth
1062 817 72 21 before
1144 816 27 22 he
1183 817 64 23 could

668 848 37 22 get
714 852 13 14 a
738 845 86 21 decree.
852 844 23 22 It
885 845 18 21 is
912 848 48 18 true
972 845 42 21 Mr.
1024 843 165 26 Pharazynhad
1198 850 50 21 sug-

668 871 76 28 gested
758 871 22 21 in
797 871 36 21 his
848 871 107 22 evidence
975 871 48 21 that
1043 870 39 22 the
1095 870 114 22 Governor
1223 878 25 14 as

670 896 59 23 Vice
739 897 103 22 Admiral
851 897 72 27 might
932 899 55 21 have
1003 896 135 23 entertained
1152 896 36 22 the
1199 904 49 15 case

668 930 28 14 on
706 923 99 28 petition,
816 923 40 22 but
866 924 9 21 I
887 924 38 22 did
934 928 38 18 not
988 923 63 22 think
1066 930 14 15 a
1091 930 56 15 mere
1158 930 91 21 sugges-

669 950 46 21 tion
725 949 94 23 entitled
834 953 22 18 to
872 951 38 21 the
925 950 160 22 consideration
1101 949 25 22 of
1138 949 35 23 the
1186 951 61 27 jury.

670 977 21 21 A
708 984 61 14 more
789 976 84 22 careful
888 977 148 22 examination
1054 977 26 21 of
1098 976 36 22 the
1154 978 92 23 Gazette,

668 1003 108 26 however,
785 1003 42 22 has
838 1003 75 23 shewn
929 1003 49 23 that
992 1003 37 23 the
1044 1003 118 22 defendant
1177 1005 72 22 would

668 1033 39 19 not
715 1030 54 22 have
779 1030 47 22 had
835 1038 23 14 so
868 1031 52 26 long
934 1035 23 17 to
972 1031 58 21 wait.
1058 1031 43 21 His
1115 1030 134 29 Excellency

669 1056 101 23 assumed
780 1057 39 21 the
828 1057 111 22 functions
953 1057 26 21 of
990 1057 55 23 Vice
1062 1057 99 22 Admiral
1172 1064 28 15 on
1212 1058 37 22 the

668 1082 52 23 27th
729 1085 97 25 August,
837 1085 59 24 1841,
908 1084 44 22 and
963 1084 33 22 his
1006 1091 84 20 powers
1105 1090 36 16 are
1150 1084 50 22 thus
1211 1085 37 21 de-

669 1109 60 22 fined
738 1111 22 20 in
771 1110 34 21 his
816 1111 139 21 commission
957 1122 28 4 —
1046 1110 50 22 take
1112 1117 135 20 cognizance

668 1136 26 21 of
704 1136 45 22 and
758 1137 95 26 proceed
862 1137 23 21 in
896 1138 28 21 all
936 1145 61 14 cases
1006 1136 52 23 civil
1076 1137 44 21 and
1131 1138 116 27 maritime,

669 1163 43 21 and
726 1163 24 21 iv
774 1163 30 21 all
819 1164 138 27 complaints,
976 1168 114 22 contracts,
1107 1164 100 27 offences,
1225 1172 24 14 or

668 1189 114 28 suspected
798 1190 103 26 offences,
918 1191 77 21 crimes
1011 1190 43 22 and
1070 1190 177 27 mirdemeanors,

668 1224 25 13 or
701 1216 115 27 suspected
832 1217 179 26 misdemeanors,
1028 1217 75 22 within
1124 1217 36 22 the
1183 1219 66 21 mari-

671 1243 53 21 time
732 1243 141 27 jurisdiction
885 1243 25 22 of
922 1245 37 21 the
972 1244 53 22 Vice
1040 1244 126 27 Admiralty
1175 1245 27 21 of
1213 1245 36 21 the

670 1270 78 26 colony
759 1270 26 21 of
793 1270 54 22 New
858 1271 111 26 Zealand;
981 1275 21 17 to
1013 1271 53 21 hear
1075 1270 45 22 and
1127 1271 122 22 determine

670 1296 35 22 the
724 1304 66 17 same,
814 1297 118 27 according
951 1301 21 17 to
993 1297 37 22 the
1052 1297 75 27 rights,
1148 1303 99 21 statutes,

668 1323 59 25 laws,
748 1324 139 27 ordinances,
908 1324 46 22 and
978 1328 94 18 customs
1096 1325 97 27 actually
1211 1326 38 20 ob-

697 1377 20 21 It
733 1384 42 14 was
791 1377 25 22 in
831 1378 107 22 evidence
954 1379 46 21 that
1017 1378 37 22 the
1068 1379 53 20 Jane
1136 1378 73 22 sailed
1226 1383 23 18 to

670 1404 117 22 Auckland
798 1412 27 14 on
835 1405 37 21 the
879 1405 38 22 7th
929 1407 92 24 August,
1031 1405 42 21 and
1082 1413 23 14 as
1117 1405 33 22 the
1157 1412 92 21 oassage

669 1430 105 26 occupied
785 1431 95 22 thirteen
889 1439 25 13 or
924 1433 99 21 fourteen
1034 1432 60 27 days,
1102 1432 39 22 she
1151 1433 98 27 actually

669 1453 66 25 sailed
745 1464 24 14 as
778 1458 19 20 it
807 1465 56 15 were
873 1459 47 21 into
932 1459 36 21 the
981 1459 63 21 lion's
1056 1459 83 27 mouth,
1150 1459 45 21 and
1212 1460 37 21 ihe

670 1484 106 26 bottomry
788 1484 40 22 bill
838 1485 71 26 might
918 1486 61 21 there
991 1486 54 21 have
1056 1486 56 22 been
1122 1490 38 23 put
1171 1487 22 20 in
1206 1487 43 21 suit

669 1510 83 27 against
763 1511 46 21 her.
840 1511 21 22 It
871 1513 18 20 is
899 1517 22 16 to
932 1513 28 21 be
970 1512 105 22 observed
1085 1513 47 21 that
1145 1512 104 27 Welling-

668 1541 46 22 ton,
725 1537 84 27 though
820 1538 37 22 the
866 1543 59 17 most
934 1539 108 28 populous
1056 1539 43 22 and
1110 1540 139 22 commercial

669 1568 56 18 town
736 1565 22 20 in
771 1567 36 19 the
818 1565 87 28 colony,
917 1574 43 14 was
969 1566 52 27 only
1035 1567 23 21 in
1075 1567 172 26 contemplation

669 1592 25 19 of
704 1591 48 26 law,
764 1598 28 14 an
804 1595 93 24 outport.
926 1593 47 21 The
985 1600 76 21 proper
1072 1594 60 25 place
1144 1598 20 16 to
1174 1594 52 22 seek
1237 1602 13 14 a

669 1617 17 23 C
696 1623 40 16 <urt
745 1618 25 21 of
782 1617 56 23 Vice
855 1619 127 28 Admiralty
993 1628 42 14 wa3
1050 1620 36 21 the
1103 1620 87 27 capital.
1220 1621 27 26 If,

668 1645 115 25 therefore,
795 1645 38 22 the
844 1645 120 23 defendant
969 1646 43 22 had
1025 1647 64 22 taken
1099 1647 37 22 the
1146 1647 49 28 ship
1207 1648 43 22 and

668 1671 52 26 kept
729 1671 40 22 her
778 1671 59 28 here,
850 1673 26 21 he
892 1674 70 27 mighjt
973 1674 54 22 have
1038 1680 38 21 put
1093 1673 36 22 the
1141 1674 108 27 bottomry

668 1698 38 22 bill
718 1699 21 21 in
749 1699 44 21 suit
803 1704 23 16 at
836 1701 126 25 Auckland,
974 1706 23 16 at
1011 1708 43 20 any
1065 1701 50 21 time
1129 1701 57 21 after
1196 1702 52 21 27th

669 1725 92 26 August.
784 1726 10 22 I
807 1726 46 22 find
862 1727 48 22 that
919 1735 13 14 a
943 1727 69 22 vessel
1023 1727 70 23 called
1101 1727 35 23 the
1148 1729 37 19 -Sir
1193 1729 57 20 John

667 1753 100 20 Franklin
777 1753 70 22 sailed
857 1754 58 22 from
933 1754 43 22 this
987 1758 49 23 port
1051 1758 22 18 to
1089 1755 120 22 Auckland
1219 1763 27 15 on

669 1779 36 21 the
715 1781 47 20 31st
772 1779 63 28 May,
846 1781 45 21 and
910 1781 101 22 returned
1030 1781 50 22 here
1098 1788 28 14 on
1144 1781 36 23 the
1196 1783 53 21 28rd

668 1805 59 28 July,
739 1814 24 14 so
779 1807 49 21 that
846 1809 36 20 the
903 1808 114 22 Governor
1033 1808 69 27 might
1117 1808 56 22 have
1193 1810 55 21 been

667 1833 178 23 communicated
865 1835 52 21 with
933 1835 42 21 and
997 1842 28 15 an
1042 1842 83 15 answer
1139 1836 108 26 obtained,

670 1860 63 21 while
745 1860 37 22 the
791 1861 56 21 Jane
856 1869 43 14 was
913 1862 44 21 still
972 1863 22 20 in
1005 1867 55 21 port.
1089 1862 10 22 I
1112 1863 97 21 mention
1219 1864 28 21 alt

668 1887 42 21 this
720 1887 82 28 merely
813 1892 23 17 to
847 1888 59 22 show
917 1889 48 21 that
981 1889 35 21 the
1033 1889 100 22 assumed
1144 1889 74 22 defect
1228 1891 21 20 in

668 1913 37 22 the
714 1915 70 19 Jane's
793 1915 56 26 title,
859 1915 82 27 arising
956 1921 39 16 out
1004 1916 26 21 of
1041 1916 36 21 the
1093 1917 94 21 absence
1199 1917 25 21 of
1237 1925 11 13 a

668 1941 66 21 Court
751 1942 25 20 of
793 1941 57 22 Vice
866 1941 133 27 Admiralty,
1016 1946 57 18 went
1096 1947 22 17 to
1142 1943 39 22 ihe
1197 1944 51 25 jury

667 1974 61 14 more
738 1968 99 27 strongly
847 1968 35 21 for
899 1968 36 22 the
951 1967 124 28 defendant,
1094 1969 52 21 than
1161 1977 12 13 a
1189 1978 60 14 more

668 1993 118 23 deliberate
798 1995 152 22 examination
961 1996 24 21 of
998 1996 35 20 the
1047 1997 54 20 facts
1113 1995 69 22 would
1192 1997 57 21 have

668 2021 129 20 warranted.

696 2047 34 22 On
741 2047 36 22 the
787 2048 84 26 ground
882 2049 25 21 of
915 2049 148 22 misdirection
1073 2049 11 22 I
1095 2049 56 22 need
1160 2056 40 21 say
1211 2049 39 22 bnt

666 2073 63 23 little.
760 2075 72 21 When
843 2075 37 21 the
890 2076 47 21 rule
955 2084 43 14 was
1012 2077 91 27 argued,
1114 2076 36 22 the
1159 2077 90 21 counsel

668 2108 28 14 on
714 2101 69 22 either
798 2102 47 22 side
861 2102 44 23 had
921 2110 60 15 some
999 2103 106 28 difficulty
1119 2104 23 20 in
1159 2104 90 26 settling

668 2128 57 22 what
735 2136 43 14 was
788 2129 38 21 the
837 2129 150 23 misdirection
998 2131 137 26 complained
1145 2131 28 20 of.
1195 2130 54 22 Two

667 2162 60 14 cases
737 2163 50 19 may
799 2156 27 21 be
842 2156 96 27 gleaned
954 2157 54 22 from
1026 2158 37 21 the
1079 2157 116 26 affidavits,
1207 2164 42 14 one

667 2182 27 20 of
705 2183 76 25 which,
799 2182 111 27 however,
922 2184 36 21 did
975 2189 39 16 not
1029 2192 72 14 occur.
1131 2185 22 20 It
1168 2185 18 20 is
1204 2184 46 21 said

667 2209 48 21 that
726 2209 10 22 I
748 2209 141 23 misdirected
900 2211 37 21 the
950 2211 53 27 jury
1018 2212 22 21 in
1058 2211 88 28 leaving
1157 2211 59 21 them
1228 2215 22 17 to

667 2235 57 22 infer
738 2235 48 23 that
803 2236 38 22 the
858 2238 87 26 captain
965 2238 42 21 had
1023 2246 14 13 a
1051 2246 73 19 power
1139 2238 55 21 from
1217 2237 33 22 his

667 2270 79 15 owner.
775 2263 11 22 I
803 2268 60 17 must
877 2263 57 23 have
952 2265 55 22 been
1023 2265 184 22 misunderstood.
1240 2265 8 21 I

667 2290 45 21 told
729 2291 36 21 the
778 2291 53 26 jury
849 2291 61 21 there
927 2298 42 15 was
986 2299 27 15 no
1030 2292 105 21 evidence
1153 2292 23 21 of
1195 2292 54 21 such

666 2324 79 19 power.
774 2318 34 21 As
824 2322 23 17 to
864 2318 37 21 the
917 2318 57 27 legal
992 2319 109 27 authority
1111 2324 47 16 cast
1174 2326 29 13 on
1214 2319 35 20 the

667 2345 94 26 captain,
774 2345 11 21 I
797 2344 57 22 have
864 2345 90 27 already
965 2346 71 21 stated
1052 2353 35 20 my
1098 2347 73 20 views.
1200 2345 48 22 The

666 2371 63 21 other
743 2371 100 22 instance
858 2372 26 21 of
896 2372 148 23 misdirection
1059 2373 17 22 is
1091 2372 116 23 conta.ned
1225 2373 22 20 in

668 2397 43 22 Mr.
725 2398 73 21 Hart's
814 2399 106 26 arfidavir,
932 2400 95 27 namely,
1040 2400 46 21 that
1128 2400 10 21 I
1150 2407 56 19 gave
1224 2399 26 21 li-

666 2425 64 26 berty
740 2429 22 17 to
771 2426 38 21 the
821 2425 99 27 plaintiff
930 2430 22 18 to
962 2433 59 15 snow
1039 2426 36 22 the
1086 2427 123 22 conditions
1221 2433 28 14 on

667 2451 71 22 which
748 2452 37 22 the
796 2453 55 21 land
861 2453 82 27 orders,
954 2454 48 26 &c,
1009 2461 57 14 were
1073 2453 115 28 deposited
1199 2453 51 22 with

667 2478 84 27 Naylor
759 2479 44 22 and
901 2480 44 22 But
960 2480 11 22 I
983 2481 42 22 had
1034 2487 29 17 no
1072 2489 73 19 power
1155 2484 22 19 to
1189 2480 62 21 with-

667 2505 51 21 hold
729 2506 62 21 those
812 2506 129 23 conditions.
970 2508 62 26 They
1043 2515 37 14 are
1090 2512 34 18 set
1135 2508 57 21 forth
1202 2508 22 21 in
1237 2515 13 14 a

664 2540 70 19 paper
747 2533 73 22 which
830 2534 80 27 passed
928 2536 97 21 between
1044 2534 38 22 (he
1092 2535 79 27 parties
1182 2540 22 15 at
1214 2534 37 22 the

667 2560 60 26 time,
739 2560 72 21 which
820 2561 20 21 is
851 2560 55 27 legal
914 2561 113 27 evidence,
1030 2573 26 4 —
1058 2568 39 15 not
1105 2562 27 27 by
1144 2562 35 21 the
1190 2561 61 22 force

666 2587 26 20 of
704 2594 36 20 my
751 2587 51 27 will,
813 2587 41 22 but
863 2588 29 26 by
901 2588 61 22 force
972 2589 25 21 of
1008 2590 48 21 law.
1080 2589 49 22 Had
1141 2588 10 23 I
1161 2588 92 23 refused

667 2617 22 17 to
699 2613 30 22 let
738 2613 48 22 that
795 2621 30 19 go
837 2620 21 17 to
867 2616 38 21 the
916 2616 60 27 jury,
988 2616 17 21 it
1022 2616 71 21 would
1104 2616 52 21 hsve
1167 2616 58 21 been
1239 2623 13 14 a

666 2640 151 23 misdirection
827 2642 88 22 indeed.
945 2643 123 26 Moreover,
1081 2644 47 21 that
1143 2650 68 20 paper
1228 2651 23 14 as

667 2668 133 27 embodying
818 2668 36 22 the
872 2673 128 23 agreement
1014 2670 26 21 of
1058 2670 37 21 the
1111 2670 88 28 parties,
1216 2670 34 21 in-

668 2694 81 23 volved
758 2694 37 22 the
806 2695 71 22 whole
889 2697 76 20 merits
979 2696 25 22 cf
1014 2697 37 21 the
1068 2705 56 14 case.
1154 2697 47 22 The
1214 2696 38 23 de-

668 2721 90 22 fendant
769 2722 28 26 by
807 2722 35 21 his
858 2722 51 27 plea
925 2723 93 22 claimed
1037 2727 21 18 to
1075 2724 52 21 hold
1138 2724 36 22 the
1186 2724 65 22 land-

669 2748 74 22 orders
810 2750 95 27 security
915 2750 35 21 for
960 2750 37 22 the
1012 2750 42 23 due
1064 2755 105 23 payment
1178 2751 27 22 of
1216 2751 36 22 the

669 2775 39 22 bill
718 2776 25 21 of
917 2777 48 22 The
974 2778 98 27 plaintiff
1077 2778 80 22 denied
1167 2778 36 22 the
1213 2778 40 22 de-

668 2802 109 22 fendant's
787 2802 60 27 right
858 2807 20 17 to
889 2803 53 22 hold
953 2804 61 22 them
1031 2812 28 14 on
1075 2804 48 23 that
1131 2805 120 28 condition,

668 2830 45 21 and
734 2829 28 22 he
783 2830 115 25 produced
917 2830 37 22 the
973 2832 82 27 receipt
1073 2832 97 27 showing
1190 2832 63 22 other

668 2859 73 19 terms.
772 2856 58 22 How
840 2857 66 22 could
921 2865 45 20 any
976 2858 73 27 Judge
1064 2860 72 21 refuse
1152 2864 21 17 to
1184 2859 69 22 admit

668 2883 49 22 that
734 2884 91 26 receipt,
843 2891 55 15 even
915 2884 21 21 if
957 2884 38 23 the
1014 2885 129 23 defendants
1162 2887 91 22 counsel

668 2910 45 21 had
723 2910 101 28 objected
835 2914 22 18 to
867 2911 27 22 its
905 2911 118 23 admission
1033 2916 23 18 at
1066 2912 37 22 the
1113 2914 56 26 trial,
1179 2913 73 23 which

669 2937 29 22 he
708 2938 35 20 did
755 2941 44 23 not,
812 2938 41 21 but
869 2938 72 22 which
957 2939 29 21 he
1002 2940 69 26 ought
1086 2943 23 19 to
1125 2940 55 22 have
1195 2940 58 22 done

669 2964 43 21 had
724 2964 26 21 he
761 2964 94 27 thought
865 2965 28 22 its
903 2966 119 22 admission
1030 2968 114 27 improper,
1153 2968 44 21 and
1209 2968 44 22 had

670 2991 28 22 he
707 2991 104 22 intended
823 2997 22 16 to
856 2995 56 19 treat
926 2992 18 22 it
954 3000 24 14 as
992 3001 13 13 a
1020 2994 147 23 misdirection
1175 3002 6 19 ;
1193 2995 35 21 for
1237 2996 17 20 it

670 3025 43 14 was
724 3018 50 22 held
783 3019 22 21 in
816 3019 78 22 Abbot
904 3027 20 14 v.
936 3020 100 27 Parsons,
1048 3021 13 21 7
1072 3021 62 27 Bing,
1144 3023 48 25 563,
1204 3023 50 21 that

668 3045 56 22 such
733 3053 28 14 an
779 3046 111 26 objection
910 3051 57 17 must
979 3048 26 21 be
1022 3048 65 22 made
1103 3048 74 22 before
1193 3056 60 14 sum-

670 3073 61 26 ming
741 3080 36 20 up.
807 3074 22 19 It
839 3074 18 21 is
868 3081 54 14 even
936 3081 75 20 wrong
1020 3079 22 17 to
1055 3082 37 19 say
1127 3075 10 21 I
1148 3082 55 20 gave
1216 3076 37 22 the

667 3100 93 26 plaintiff
774 3099 88 28 liberty,
948 3101 18 21 it
977 3101 16 22 is
1005 3101 35 21 the
1059 3102 42 21 law
1116 3101 69 23 which
1196 3110 57 20 gave

668 3127 47 21 him
725 3126 35 22 the
770 3126 88 29 liberty,
875 3129 26 20 of
913 3128 72 22 which
1002 3128 9 22 I
1028 3129 64 21 could
1108 3135 39 16 not
1164 3129 89 28 deprive

669 3153 53 20 him.

695 3180 48 22 The
765 3183 56 19 next
828 3199 3 3 .
844 3181 87 27 giound
953 3182 27 26 is,
1004 3183 47 21 that
1074 3190 48 15 new
1146 3183 107 23 evidence

668 3207 100 21 material
787 3211 22 17 to
826 3208 38 20 the
880 3208 94 22 defence
990 3209 39 22 has
1047 3210 55 22 been
1122 3210 129 22 discovered

668 3234 61 21 since
739 3234 37 21 the
786 3234 58 22 trial.
872 3234 55 22 This
939 3235 104 23 evidence
1051 3237 28 21 all
1089 3237 80 22 relates
1179 3241 23 17 to
1214 3237 36 22 the

668 3261 100 27 question
783 3261 28 21 of
825 3261 113 28 damages,
949 3270 24 14 so
990 3264 47 21 that
1053 3263 36 22 the
1099 3267 43 19 two
1155 3264 98 27 grounds

668 3295 52 18 may
731 3288 26 20 be
766 3288 132 22 considered
908 3289 109 25 together.

695 3319 48 22 The
752 3319 46 22 first
807 3320 63 27 piece
880 3321 26 21 of
913 3328 49 14 new
974 3322 104 22 evidence
1092 3323 80 23 relates
1182 3327 23 18 to
1216 3323 38 22 the

668 3346 102 27 question
789 3346 50 22 h';w
858 3347 36 22 far
911 3348 38 22 the
967 3349 54 22 land
1041 3349 81 23 chosen
1143 3358 24 15 or
1186 3355 21 18 to
1228 3350 26 22 be

668 3373 80 22 chosen
759 3373 23 21 in
793 3378 87 22 respect
892 3374 26 22 of
935 3375 37 22 the
988 3376 47 22 said
1049 3376 51 23 land
1116 3378 81 26 orders,
1209 3385 45 14 was

668 3404 24 17 at
702 3399 36 22 the
748 3400 117 27 plaintiff's
874 3401 135 28 disposition.
1039 3404 11 21 I
1061 3404 38 21 felt
1111 3404 36 22 the
1162 3408 58 19 want
1231 3404 25 22 of

668 3426 44 22 this
722 3427 107 22 evidence
839 3432 24 17 at
872 3428 37 21 the
920 3429 58 26 trial,
989 3430 44 21 and
1044 3430 12 23 I
1071 3430 37 23 did
1124 3432 28 21 all
1164 3432 11 21 I
1185 3431 68 22 could

667 3461 55 14 con
718 3461 22 14 3
729 3454 83 27 stently
824 3455 51 21 with
885 3462 39 20 my
930 3456 53 27 duty
992 3462 22 16 to
1023 3458 89 28 remedy
1122 3458 36 23 the
1169 3458 83 22 defect.

668 3480 96 28 Finding
774 3481 48 21 that
832 3481 38 22 the
880 3483 150 27 presumption
1042 3485 78 27 arising
1133 3490 39 18 out
1181 3486 25 21 of
1213 3486 38 22 the

666 3511 78 18 nature
758 3507 27 22 of
797 3507 37 22 the
850 3508 132 23 documents
1000 3517 42 16 was
1061 3513 98 27 strongly
1175 3512 23 22 in
1216 3512 38 23 the

667 3535 133 22 defendants
818 3535 87 27 favour,
926 3536 12 22 I
962 3537 97 22 directed
1082 3539 38 22 the
1143 3542 64 24 Jury,
1229 3546 23 15 as

667 3562 98 27 strongly
779 3569 23 14 as
818 3562 38 21 the
872 3562 54 24 total
942 3569 58 16 want
1019 3565 25 22 of
1060 3566 112 26 evidence,
1190 3571 64 22 apart

666 3587 59 23 from
734 3589 37 21 the
781 3589 132 22 documents
931 3591 137 27 themselves,
1080 3593 93 22 enabled
1185 3600 36 15 me
1233 3597 21 18 to

666 3614 37 22 do.
733 3615 12 22 I
755 3616 118 27 explained
883 3616 37 22 the
936 3623 79 17 nature
1030 3619 26 21 of
1068 3619 48 22 titl«
1126 3620 73 27 deeds,
1210 3621 43 21 and

668 3641 37 22 the
717 3642 63 22 effect
790 3643 28 21 of
829 3650 13 14 a
852 3648 114 23 mortgage
978 3653 22 14 as
1011 3645 103 29 allowing
1127 3651 126 23 mortgagor

668 3668 36 22 the
716 3676 71 19 power
798 3669 26 22 of
837 3670 81 27 selling
934 3678 25 15 or
969 3672 113 23 otherwise
1092 3674 89 28 dealing
1199 3674 55 22 with

666 3696 38 20 the
715 3700 101 23 property
827 3698 144 27 consisiently
982 3698 51 23 with
1051 3700 35 22 the
1099 3701 70 27 rights
1179 3702 25 21 of
1216 3702 37 21 the

668 3728 134 22 mortgagee,
814 3723 46 22 and
874 3724 8 21 I
892 3724 40 23 left
941 3725 17 22 it
965 3729 23 18 to
999 3725 35 22 the
1046 3727 52 27 jury
1108 3733 22 16 to
1140 3735 45 20 my,
1195 3728 57 22 from

666 3749 38 22 the
714 3754 179 24 circumstances,
905 3752 99 22 whether
1011 3752 36 23 the
1058 3754 96 26 plaintiff;
1160 3762 44 14 was
1213 3759 40 18 not

666 3776 24 22 in
701 3776 63 22 effect
773 3784 14 14 a
797 3781 128 24 mortgagor
942 3778 23 23 in
974 3787 131 20 possession,
1117 3782 43 29 ans
1170 3782 19 21 if
1200 3781 53 28 they

666 3803 93 27 thought
770 3811 31 19 so,
814 3804 49 22 that
873 3806 36 21 the
920 3805 98 29 plaintiff
1026 3814 43 16 was
1079 3811 38 19 not
1127 3808 92 22 entitled
1230 3813 23 18 to

666 3838 43 20 any
727 3831 104 27 damages
849 3839 28 14 on
894 3837 96 18 account
1006 3834 24 21 of
1042 3834 38 23 fhe
1090 3835 111 22 detection
1206 3851 5 6 .
1242 3836 11 22 1

665 3864 57 15 even
739 3862 56 18 went
809 3865 24 14 so
851 3859 33 22 far
898 3867 26 14 as
939 3863 22 19 to
981 3860 63 28 bring
1059 3861 37 22 the
1111 3862 141 22 defendant's

665 3884 128 28 disposition
811 3892 25 15 as
852 3886 94 23 evinced
961 3886 23 23 in
994 3887 93 22 relation
1098 3893 22 16 to
1129 3892 37 18 trie
1183 3890 70 25 goods

664 3911 93 22 allowed
767 3916 22 17 to
800 3912 26 21 be
837 3912 54 28 sold,
904 3918 23 17 to
938 3914 53 21 bear
1003 3921 58 21 upon
1073 3914 37 22 the
1121 3922 50 16 cane
1180 3916 26 19 of
1214 3916 38 21 the

664 3938 56 21 land
736 3938 81 27 orders,
834 3946 27 15 as
877 3947 21 16 a,
908 3944 78 24 strong
1000 3935 158 36 presumption^
1164 3941 35 21 for
1215 3942 38 22 the

664 3964 127 23 defendant
821 3964 26 22 If
854 3965 108 24 evident
968 3961 50 29 ,W
1027 3966 56 23 been
1096 3966 99 29 iupp\>ed
1204 3967 50 22 that

62 135 31 22 <of
103 135 79 21 review
193 134 17 22 is
220 137 38 18 out
270 133 27 22 of
311 133 38 21 the
364 132 97 28 question
468 140 5 18 ;
490 139 13 14 a
516 131 47 22 rule
578 132 34 22 for
628 139 13 15 a

67 168 48 15 new
132 161 47 22 trial
194 161 18 21 is
229 160 129 26 intelligible
372 158 101 28 enough;
495 158 43 22 and
556 158 11 22 I
584 158 56 22 shall

66 187 96 28 proceed
172 192 21 16 to
203 187 99 21 examine
313 187 37 20 the
362 184 139 23 defendant's
511 185 86 26 ground
606 185 35 22 for

66 222 24 13 so
105 214 97 27 moving,
219 221 23 14 as
259 212 76 27 briefly
343 219 24 14 as
383 212 11 21 I
405 218 47 15 can.
482 210 24 23 If
517 211 42 22 this
574 212 67 21 Court

67 240 43 22 had
120 240 56 22 been
188 241 75 25 longer
272 237 138 25 established,
421 238 19 21 if
446 238 29 21 its
482 238 93 26 practice
585 245 56 15 were

66 267 48 21 well
125 266 86 27 settled,
223 267 10 21 I
244 265 76 22 should
330 269 36 16 not
377 264 56 21 have
444 264 63 22 dw<>lt
517 272 23 14 so
550 264 53 26 long
612 271 29 15 on

65 294 43 20 this
118 297 47 23 part
175 293 25 21 of
211 293 37 21 the
257 292 98 26 subject;
365 292 39 20 but
414 291 36 21 the
461 290 95 23 conduct
566 290 26 22 of
604 290 37 22 the

66 320 72 26 Judge
150 327 43 14 was
203 317 124 29 impugned,
338 325 28 14 an
381 320 92 25 attempt
485 325 44 14 was
544 316 64 23 made
619 321 22 16 to

66 349 46 18 cast
122 353 13 14 a
149 344 158 29 responsibility
325 351 28 14 on
369 343 36 22 the
422 345 67 21 Court
502 343 72 22 which
590 342 51 23 does

66 377 38 16 not
122 372 80 26 belong
216 374 22 18 to
253 371 23 27 it,
287 370 42 21 and
348 370 71 22 which
434 371 16 21 it
467 370 116 25 disclaims,
604 369 36 24 the,

65 406 65 18 scope
145 399 25 20 of
181 398 28 21 its
224 398 58 21 rules
297 404 43 15 was
355 397 181 25 misunderstood,
553 395 46 22 and
614 396 27 20 iti

65 425 110 27 equitable
186 424 44 21 and
240 424 56 26 legal
304 424 139 31 jurisdiction
459 431 56 14 were
529 423 108 22 confoun-

66 451 41 22 ded
116 459 6 19 ;
137 451 71 22 hence
219 450 11 22 I
249 451 38 21 felt
305 454 17 17 it
331 450 71 27 might
417 457 51 15 save
478 449 65 22 much
553 449 53 20 time
615 448 24 21 in

64 478 80 25 future,
155 481 22 18 to
187 477 86 27 expend
283 484 14 15 a
305 476 57 23 little
378 483 59 16 more
455 476 53 22 time
522 481 54 20 now,
590 474 51 21 than

64 504 72 21 under
145 511 44 20 any
200 504 63 21 other
278 504 169 21 circumstances
463 503 12 21 I
490 501 78 22 should
583 501 57 22 have

64 530 94 22 deemed
170 538 122 20 necessary.

92 557 11 21 I
115 565 48 14 now
174 564 62 15 come
245 561 23 18 to
275 557 35 21 the
320 559 68 19 terms
398 556 26 21 of
434 555 36 22 the
480 555 89 25 motion,
571 565 29 5 —
602 554 39 21 the

65 583 50 27 only
132 591 78 21 proper
228 584 83 26 subject
325 583 35 21 for
376 586 116 22 argument
511 581 69 22 under
599 581 42 21 this

63 610 54 21 rule.

92 637 63 26 First,
172 644 24 14 as
214 640 22 18 to
250 638 67 20 arrest
333 635 25 22 of
372 635 125 27 judgment.
525 634 53 22 This
593 634 18 21 is
627 641 14 14 a

63 664 92 26 remedy
165 664 65 26 given
238 663 22 21 in
277 662 103 26 England
390 661 72 22 where
472 661 38 22 the
520 662 47 19 Nisi
576 662 65 20 Prius

63 690 77 21 record
150 690 40 21 has
204 697 59 14 some
273 690 74 25 patent
364 695 66 19 error,
441 695 60 14 some
517 688 71 21 defect
604 695 37 20 ap-

64 720 79 22 parent
160 723 26 14 on
205 716 27 21 its
247 716 56 21 face.
332 715 44 22 For
390 715 104 25 instance,
512 715 20 20 if
542 715 18 20 it
578 715 63 21 differ

64 742 51 22 with
128 742 36 22 the
173 742 114 28 pleadings
297 749 27 14 on
335 741 37 21 the
381 741 58 21 issue
450 741 47 26 roll,
508 748 24 14 or
541 741 72 22 where
623 741 18 22 it

62 769 18 21 is
90 776 24 14 so
124 768 108 23 defective
242 776 22 14 as
274 772 22 18 to
306 767 80 23 render
391 768 17 21 it
414 767 123 28 impossible
545 772 22 17 to
577 771 64 18 enter

63 803 29 20 up
108 795 125 27 judgment.
268 795 47 22 The
331 794 73 22 defect
423 798 58 18 must
494 794 29 21 be
535 795 104 25 intrinsic,

63 822 91 27 nothing
163 826 38 17 out
211 822 26 21 of
246 822 36 21 the
292 821 76 22 record
379 828 41 14 can
431 821 26 22 be
468 821 78 22 looked
556 825 28 23 at,
596 822 45 21 and

63 849 21 21 in
95 856 43 14 one
154 856 49 15 case
219 849 99 22 Newball
328 855 20 14 v.
362 847 86 22 Adams
464 849 13 20 8
493 848 79 21 Taunt.
590 850 48 25 335,

63 875 36 21 the
116 876 68 21 Court
198 875 86 22 refused
299 879 21 16 to
336 877 69 19 arrest
414 873 123 28 judgment,
557 882 28 13 on
602 875 38 21 the

63 902 85 25 ground
158 902 26 21 of
194 909 14 14 a
217 902 101 21 variance
332 901 101 21 between
452 901 37 21 the
504 901 75 21 record
595 901 45 21 and

63 929 38 20 the
111 928 141 25 declaration,
263 928 94 21 because
375 927 37 21 the
428 934 60 14 error
503 934 43 14 was
561 927 23 21 in
602 927 37 22 the

63 962 55 20 copy
135 955 25 21 of
179 955 37 21 the
240 954 134 22 declaration
390 953 118 21 delivered.
546 953 92 27 Indeed,

62 981 56 21 from
136 988 11 15 a
158 988 49 15 case
224 981 23 22 in
262 981 107 26 Burrows,
371 990 27 5 —
400 979 89 23 Weston
497 986 20 14 v.
529 980 86 27 Mason,
625 982 15 20 3

63 1008 62 26 Burr,
139 1009 59 25 1725,
208 1008 18 21 it
236 1007 70 22 would
315 1014 81 21 appear
405 1006 49 22 that
463 1014 55 14 even
528 1014 27 14 an
565 1007 75 27 objec-

63 1035 45 21 tion
119 1034 72 22 which
202 1034 36 22 the
249 1035 66 21 Court
324 1033 74 22 would
407 1033 56 21 have
473 1033 94 22 listenad
576 1037 23 19 to
609 1040 29 15 on

63 1061 119 26 demurrer,
193 1061 44 22 will
246 1061 27 21 be
283 1059 116 23 overruled
405 1067 29 14 on
444 1060 83 21 motion
537 1060 23 22 in
571 1064 69 18 arrest

63 1088 24 21 of
103 1088 123 27 judgment.
256 1087 59 21 Here
330 1086 61 22 there
408 1086 19 21 is
444 1093 28 15 no
489 1087 52 21 such
559 1087 80 22 defect.

62 1115 47 21 The
118 1114 99 27 plaintiff
226 1120 61 15 avers
297 1113 29 21 all
336 1113 29 21 he
382 1112 56 22 need
455 1120 51 14 aver
524 1117 19 18 to
554 1113 84 22 sustain

62 1140 34 22 his
106 1141 80 25 action,
197 1141 45 21 and
251 1140 36 21 the
297 1140 56 20 facts
363 1139 70 21 which
449 1139 39 22 ihe
497 1139 49 28 plea
557 1143 50 23 puts
616 1140 22 21 in

61 1167 64 26 issue,
137 1167 82 26 though
230 1167 50 26 they
290 1173 51 20 may
351 1169 39 18 not
405 1165 101 23 embrace
516 1167 28 21 all
555 1166 36 22 the
602 1166 37 22 de-

62 1194 92 21 fendant
163 1201 49 14 now
223 1193 83 26 wishes,
323 1200 39 14 are
377 1196 23 18 at
409 1192 29 22 all
445 1197 75 17 events
528 1193 58 22 clear
595 1193 45 22 and

60 1220 136 27 intelligible.

89 1247 43 22 But
143 1247 104 26 although
257 1247 60 21 there
326 1247 29 21 be
365 1252 30 16 no
412 1245 72 23 defect
494 1250 106 24 apparent
610 1254 28 14 on

63 1274 35 21 the
110 1275 47 21 face
167 1275 26 20 of
205 1274 37 21 the
252 1274 63 25 issue,
325 1280 25 14 so
365 1280 25 14 as
399 1276 22 18 to
433 1273 78 27 justify
527 1280 27 15 an
571 1277 70 18 arrest

63 1301 26 21 of
100 1301 126 26 judgment,
243 1300 18 21 it
275 1301 17 20 is
308 1299 122 23 contended
447 1299 47 22 that
513 1300 60 22 there
591 1301 20 21 is
626 1308 14 14 a

60 1329 65 19 latent
136 1328 72 21 defect
217 1327 107 21 sufficient
339 1332 22 16 to
379 1330 91 18 warrant
486 1334 13 14 a
514 1334 48 14 new
579 1328 59 25 trial,

62 1355 88 26 namely
160 1355 23 21 in
193 1358 39 17 not
241 1354 79 26 raising
330 1353 38 22 the
384 1353 100 27 question
496 1353 97 23 whether
603 1353 37 23 the

63 1382 86 26 captain
162 1381 42 21 had
214 1388 73 20 power
296 1387 24 14 or
329 1380 112 27 authority
452 1384 21 17 to
483 1380 39 22 sell
536 1388 23 14 or
569 1384 71 18 trans-

61 1409 33 20 fer
111 1407 37 22 the
165 1407 55 27 ship.
273 1407 23 21 If
308 1407 28 26 by
381 1414 71 14 oower
470 1414 24 14 ov
508 1407 110 27 authority

61 1435 27 21 be
99 1439 75 17 meant
183 1435 106 24 authority
297 1435 60 24 given
373 1435 25 24 by
414 1435 35 19 the
463 1440 68 14 owner
540 1433 72 22 which
621 1435 19 21 is

62 1461 36 21 the
110 1461 51 26 only
172 1462 98 27 question
280 1461 75 21 within
372 1461 37 21 the
418 1461 104 26 province
533 1460 25 22 of
569 1468 12 14 a
588 1460 50 27 jury

61 1492 22 16 to
93 1487 84 27 decide,
188 1492 17 17 it
215 1492 57 17 must
287 1488 28 21 be
329 1487 60 22 clear
405 1487 46 21 that
468 1487 54 22 such
537 1494 28 15 an
579 1487 59 22 i->sue

62 1515 74 21 would
148 1515 26 21 be
183 1514 131 22 immaterial
350 1515 47 21 The
413 1514 86 26 captain
517 1514 87 26 having,
616 1521 24 15 as

59 1541 34 21 far
103 1548 23 14 as
137 1542 115 26 appeared,
264 1548 28 14 no
306 1542 55 20 such
377 1548 79 19 power,
467 1541 37 21 the
518 1541 52 27 jury
581 1544 58 18 must

60 1567 57 22 have
136 1568 70 21 found
222 1568 33 21 for
271 1568 37 21 the
330 1567 129 26 defendant,
481 1567 83 27 though
583 1567 57 22 their

61 1594 85 27 finding
154 1602 29 14 on
200 1595 37 21 the
254 1595 62 21 other
330 1595 60 21 issue
406 1594 70 22 which
492 1600 56 16 went
564 1598 21 18 to
602 1595 36 21 tiie

62 1621 81 25 merits,
153 1626 59 16 m»st
221 1621 56 21 have
292 1621 57 22 been
360 1621 34 21 for
404 1621 36 21 the
450 1621 100 27 plaintiff.
579 1621 60 22 Inci-

61 1648 104 27 dentally,
177 1649 107 25 however,
297 1648 35 22 the
343 1655 45 14 non
406 1648 110 21 existence
528 1648 23 22 of
562 1648 54 22 such
626 1656 14 13 a

60 1682 73 19 power
145 1682 41 14 was
202 1675 93 26 brought
311 1674 72 22 under
398 1675 56 21 their
470 1675 78 22 notice.
576 1675 62 27 They

61 1708 56 15 were
134 1701 45 21 told
199 1701 48 22 that
264 1707 16 16 it
295 1709 43 13 was
353 1706 39 16 not
406 1702 120 26 pretended
541 1701 47 22 that
603 1701 35 22 the

61 1728 85 27 captain
158 1727 44 23 had
212 1736 44 19 any
266 1729 52 21 such
329 1735 78 20 power,
419 1729 44 20 and
473 1728 49 27 they
535 1736 54 14 were
600 1728 40 22 left

61 1759 22 17 to
93 1755 101 22 consider
209 1755 97 21 whether
322 1755 21 21 in
360 1755 36 21 the
413 1755 92 21 absence
520 1755 24 21 of
555 1755 54 22 such
626 1762 13 14 a

59 1788 73 21 power
143 1781 35 22 the
189 1781 118 22 defendant
318 1781 68 27 ought
401 1785 22 17 to
435 1782 54 21 have
501 1781 89 23 deemed
602 1782 36 21 the

60 1808 48 28 ship
118 1816 13 14 a
141 1808 109 22 sufficient
259 1809 101 26 security,
372 1808 45 22 and
433 1808 99 22 released
542 1809 35 21 the
593 1809 44 21 col-

59 1835 77 21 lateral
146 1835 119 21 securities.

89 1861 24 23 If
124 1870 27 13 on
163 1862 37 22 the
210 1862 61 21 other
280 1861 59 22 hand
358 1862 36 22 the
410 1862 108 27 objection
538 1869 77 15 means
625 1870 13 14 a

59 1896 73 19 power
141 1895 24 15 or
176 1889 108 26 authority
301 1893 47 17 cast
365 1896 27 14 on
408 1889 37 21 the
456 1889 86 27 captain
560 1889 29 27 by
599 1889 38 21 the

59 1915 49 26 law,
120 1915 16 21 it
146 1916 18 20 is
174 1915 82 28 clearly
267 1920 37 17 not
315 1923 11 13 a
336 1917 103 26 question
450 1915 32 21 for
494 1916 35 21 the
537 1917 50 26 jury
598 1923 5 15 :
616 1924 22 13 as

60 1949 29 14 an
104 1943 111 21 inference
230 1942 24 22 of
269 1943 40 20 law
319 1943 18 20 it
351 1950 44 14 was
411 1942 128 22 considered
557 1943 27 26 by
602 1943 42 26 the.

60 1969 74 26 Court,
146 1969 42 21 and
207 1969 9 21 I
229 1969 41 21 will
287 1976 46 14 now
355 1972 55 18 state
429 1969 47 26 why
495 1969 9 21 I
522 1969 61 21 think
600 1969 37 21 the

61 1995 87 31 captain
165 1995 63 21 could
247 1995 56 21 have
322 1995 87 21 handed
424 1995 38 21 the
478 1995 48 26 ship
541 1996 44 20 and
602 1997 36 20 the

59 2021 68 26 ship's
137 2021 91 26 register
242 2025 22 18 to
280 2021 37 22 the
332 2021 129 27 defendant,
480 2023 44 20 and
542 2022 48 27 why
602 2022 36 22 the

61 2048 120 22 defendant
190 2048 69 27 might
269 2048 97 27 lawfully
373 2048 43 22 and
426 2049 68 28 safely
506 2049 54 21 have
574 2049 64 21 taken

61 2075 67 20 them.

87 2101 47 23 The
143 2101 41 22 law
199 2101 41 23 has
256 2101 55 23 been
329 2102 71 21 stated
416 2101 51 22 with
484 2105 56 19 most
555 2103 83 26 perfect

59 2136 108 19 accuracy
175 2136 5 14 :
198 2129 45 21 that
254 2129 35 21 the
298 2130 88 26 captain
397 2133 81 17 cannot
488 2129 40 21 sell
538 2136 23 14 or
572 2130 65 27 hypo-

60 2155 87 22 thecate
158 2163 12 13 a
180 2155 55 27 ship,
247 2156 70 21 unless
327 2156 71 22 under
408 2155 36 22 the
455 2164 98 19 pressure
564 2156 24 22 of
600 2156 37 21 the

59 2186 57 17 most
126 2186 79 22 urgent
213 2184 115 25 necessity.
356 2183 58 21 That
424 2183 105 27 principle
539 2184 26 25 is,
577 2183 11 21 I
599 2183 38 21 be-

59 2209 63 26 lieve,
134 2209 61 21 older
205 2209 51 21 than
266 2217 44 19 any
321 2209 109 22 historical
445 2209 85 27 record,
542 2210 42 22 and
593 2211 18 21 it
621 2210 16 21 is

60 2235 109 22 universal
185 2244 81 19 among
282 2236 138 22 commercial
434 2237 94 21 nations.
558 2237 20 21 It
595 2244 43 14 was

60 2263 66 21 much
138 2263 112 21 discussed
261 2264 21 20 in
295 2263 35 21 the
348 2271 49 14 case
412 2265 25 19 of
450 2264 35 21 the
498 2265 138 24 Gralitudme,

60 2291 13 19 3
84 2289 122 25 Robinson,
217 2291 46 24 240,
275 2289 45 23 and
328 2290 18 22 is
363 2291 128 25 recognised
506 2291 24 22 in
542 2291 35 22 the
588 2299 49 14 case

61 2317 26 20 of
99 2316 35 22 the
144 2317 169 21 Rhadamanthus
319 2318 43 21 and
372 2319 32 19 La
414 2319 80 23 Ysabel,
506 2318 98 27 reported
614 2318 23 21 in

61 2343 98 21 Dodson.
196 2345 40 21 We
252 2349 79 17 cannot
346 2350 62 17 enter
423 2346 45 21 into
483 2346 36 21 the
537 2345 99 28 question

59 2370 99 22 whether
169 2371 47 21 that
224 2373 106 26 necessity
341 2379 61 14 arose
417 2376 24 17 at
457 2373 49 26 Rio,
517 2373 39 21 but
571 2372 11 21 I
593 2372 44 21 will

61 2397 101 22 consider
173 2399 95 21 whether
277 2399 17 21 it
303 2406 62 14 arose
379 2399 60 22 here,
451 2406 24 14 so
491 2407 23 13 as
525 2403 21 17 to
558 2399 79 27 justify

58 2424 38 21 the
106 2425 85 26 captain
203 2425 22 21 in
240 2426 115 27 tendering
369 2426 44 21 and
423 2426 38 21 the
477 2426 120 21 defendant
614 2426 22 21 in

61 2452 116 26 accepting
187 2452 36 21 the
238 2453 49 27 ship
297 2453 42 20 and
355 2453 97 26 register,
469 2453 72 21 under
555 2453 28 21 all
600 2453 37 21 the

59 2478 170 22 circumstances
245 2480 26 21 of
287 2480 35 21 the
337 2487 58 14 case.
424 2481 32 20 As
473 2480 77 21 holder
564 2479 26 22 of
600 2480 37 21 the

61 2505 37 21 bill
109 2506 25 20 of
145 2505 117 29 bottomry,
274 2506 36 21 the
328 2506 120 22 defendant
463 2513 43 15 was
521 2506 67 27 really
599 2507 37 20 the

59 2534 115 24 mortgagee
183 2533 26 20 of
215 2533 37 22 the
262 2533 56 28 ship;
329 2540 26 14 on
367 2533 78 22 failure
457 2534 25 21 of
489 2538 109 23 payment,
609 2533 28 22 he

60 2558 44 23 had
113 2567 13 13 a
144 2559 58 28 right
218 2560 25 21 of
254 2564 69 23 entry,
335 2560 39 21 but
390 2560 61 22 there
468 2568 43 15 was
526 2568 27 14 no
571 2562 67 19 Court

59 2585 51 22 here
122 2591 22 16 to
160 2587 110 27 complete
283 2587 37 21 the
335 2587 135 22 satisfaction
488 2588 25 21 of
524 2588 33 21 his
571 2587 65 27 light,

59 2613 29 26 by
99 2613 117 27 decreeing
224 2621 12 14 a
245 2614 52 21 sale.
327 2614 106 27 Coupling
440 2614 52 22 then
500 2614 35 22 his
544 2615 93 26 position

60 2647 23 14 as
94 2644 132 23 mortgagee,
237 2640 51 22 with
299 2640 36 21 the
345 2640 46 22 fact
401 2642 24 20 of
436 2640 38 23 the
484 2642 93 21 absence
588 2641 24 21 of
626 2648 12 14 a

61 2667 73 25 Court,
146 2674 43 14 was
198 2672 40 16 not
247 2667 47 22 that
304 2667 53 22 such
374 2675 13 14 a
402 2668 109 26 necessity
525 2675 25 14 as
565 2668 73 21 would

57 2693 79 27 justify
156 2693 36 22 the
210 2694 86 27 captain
312 2694 22 21 in
352 2694 37 21 the
404 2701 75 16 course
494 2695 28 21 he
536 2694 102 27 adopted,

61 2720 45 21 and
116 2720 71 22 would
196 2720 58 22 have
266 2720 99 28 justified
380 2721 37 21 the
434 2721 121 22 defendant
569 2722 22 21 in
602 2729 36 14 ac-

61 2747 88 27 cepting
160 2747 36 22 the
207 2747 48 29 ship
263 2748 23 21 in
303 2747 36 22 the
357 2755 52 20 eyes
424 2748 26 21 of
461 2755 43 19 any
515 2748 125 27 Admiralty

61 2774 67 21 Court
137 2775 23 20 in
171 2774 37 22 the
218 2774 74 22 world.
322 2775 12 21 I
344 2774 57 22 have
416 2774 80 23 looked
511 2782 52 15 over
573 2782 66 20 many

63 2801 26 21 of
101 2800 35 22 the
146 2801 44 22 late
200 2801 49 22 lord
261 2801 106 22 Stowell's
373 2801 135 28 judgments,
519 2802 45 21 and
576 2802 10 21 I
597 2809 40 14 can

61 2827 45 22 find
116 2835 28 14 no
156 2835 49 14 case
215 2829 26 20 of
252 2829 108 27 necessity
370 2836 25 14 so
404 2833 76 23 strong
489 2836 24 14 as
522 2829 49 22 this.
591 2829 48 22 The

63 2854 78 21 tender
151 2862 25 14 or
185 2854 53 23 offer
249 2855 24 22 of
285 2855 36 22 the
332 2856 47 26 ship
396 2863 43 14 was
450 2860 37 17 not
501 2863 29 14 an
546 2859 94 25 attempt

64 2888 28 14 on
102 2881 36 22 the
150 2886 48 23 part
207 2882 26 21 of
243 2881 37 22 the
296 2882 87 27 captain
400 2886 23 18 to
440 2883 145 27 hypothecate
602 2883 37 22 the

61 2907 49 28 ship
119 2915 79 20 a-new,
210 2908 17 21 it
237 2916 42 14 was
289 2909 83 27 merely
383 2917 27 14 an
427 2910 54 22 offer
496 2914 21 17 to
527 2911 112 26 recognise

61 2934 37 22 the
106 2935 47 26 just
168 2935 65 22 claim
256 2936 26 21 of
292 2935 37 22 the
344 2941 136 22 mortgagee,
494 2937 25 21 in
536 2937 36 22 the
588 2937 51 27 only

61 2968 48 20 way
118 2962 23 21 in
152 2962 71 22 which
234 2962 36 22 the
280 2963 87 26 captain
377 2964 65 21 could
450 2964 154 27 acknowledge
615 2964 24 21 it.

62 2988 44 21 But
115 2988 17 21 it
141 2988 19 21 is
169 2989 101 28 objected
280 2990 47 21 that
334 2990 36 21 the
381 2990 48 27 ship
438 2997 46 15 was
490 2990 91 28 clogged
588 2990 51 22 with

61 3021 13 14 a
90 3014 94 23 charter.
212 3016 58 21 That
283 3016 94 27 charter,
397 3017 106 27 however,
522 3018 64 22 could
602 3022 38 17 not

61 3042 50 21 take
132 3042 64 22 effei-t
212 3043 56 21 until
285 3043 36 22 the
337 3043 48 28 ship
402 3043 94 23 reached
514 3044 124 28 Hukianga,

61 3069 43 22 and
124 3070 37 21 the
179 3069 138 23 defendant's
337 3072 69 24 rights
424 3079 23 14 as
468 3075 124 24 mortgagee
616 3072 22 21 in

61 3096 63 22 effect
134 3096 108 23 rendered
259 3097 35 22 the
311 3096 87 23 charter
413 3105 13 14 a
436 3098 87 27 nullity.
552 3099 88 27 Failing

61 3122 37 22 the
114 3123 42 22 due
173 3123 81 22 arrival
271 3124 25 21 of
307 3124 36 21 the
359 3125 49 27 ship
424 3130 23 17 at
464 3126 126 26 Hokianga,
602 3125 37 22 the

60 3149 42 22 law
111 3150 88 22 clothed
214 3150 38 22 the
268 3151 111 22 charterer
396 3152 50 22 with
457 3159 73 20 power
539 3157 22 17 to
573 3152 66 23 break

61 3176 37 22 the
109 3180 104 23 contract,
224 3185 56 14 even
297 3177 91 23 without
404 3178 36 22 the
457 3187 144 15 concurrence
618 3180 24 21 of

61 3203 37 21 the
108 3204 94 27 captain.
233 3204 33 26 (It
275 3211 43 14 was
328 3212 23 14 so
361 3205 93 22 decided
469 3206 22 21 in
503 3206 106 22 Freeman
619 3213 19 15 v.

61 3230 88 28 Taylor,
170 3232 13 20 8
202 3230 65 28 Bing,
287 3232 57 24 124.)
383 3233 33 21 As
435 3237 21 17 to
474 3233 37 22 the
528 3234 68 26 goods
612 3241 28 14 on

62 3256 76 27 board,
149 3256 38 23 the
198 3258 85 26 captain
301 3265 26 14 on
345 3260 141 26 transferring
501 3260 36 21 the
554 3260 48 27 ship
617 3264 22 18 to

60 3284 37 21 the
116 3284 126 21 defendant
264 3284 71 22 would
354 3285 56 22 have
430 3287 55 21 been
501 3287 98 27 justified
617 3288 21 21 in

60 3310 182 33 trans-shipping^
249 3311 67 26 them,
331 3317 24 16 or
370 3312 22 21 if
411 3313 36 22 the
463 3314 115 26 consignee
595 3315 44 21 had

60 3337 81 22 chosen
151 3343 23 16 to
185 3338 86 21 receive
280 3338 61 22 them
358 3338 60 27 here,
435 3340 29 21 he
482 3347 43 15 was
540 3341 65 22 liable
617 3346 22 17 to

63 3372 43 20 pay
116 3364 82 27 freight
202 3371 43 20 pro
254 3368 47 18 rata
311 3367 83 20 itineris
398 3368 91 24 peracti.

87 3397 47 23 The
144 3397 56 22 view
210 3397 13 22 I
235 3397 48 23 take
293 3398 27 22 of
331 3399 36 21 the
378 3398 57 28 legal
445 3399 112 28 authority
565 3401 26 21 of
602 3400 37 23 the

61 3425 85 27 captain
158 3425 23 21 in
191 3425 140 22 furtherance
341 3425 26 22 of
374 3425 36 23 the
421 3425 56 28 legal
488 3427 68 26 rights
565 3428 26 20 of
602 3428 37 21 the

59 3456 139 23 mortgagees
207 3452 27 21 of
244 3451 36 23 the
290 3452 54 28 ship,
357 3456 22 17 to
394 3452 50 27 give
459 3452 38 23 her
513 3460 30 17 up
554 3456 20 19 to
583 3454 57 22 their

59 3481 66 24 agent
141 3479 36 21 the
192 3479 79 22 holder
285 3479 26 22 of
327 3479 37 22 the
381 3479 111 27 bottomry
507 3479 46 28 bill,
569 3481 70 22 under

59 3505 49 22 that
116 3512 100 21 pressure
225 3507 26 21 of
262 3507 108 26 necessity
381 3506 70 22 which
465 3513 62 15 arose
538 3508 53 21 from
602 3508 37 22 the

58 3532 94 22 absence
162 3532 26 22 of
195 3533 85 25 Courts,
290 3534 19 21 is
318 3533 161 27 strengthened
486 3533 29 27 by
522 3533 36 22 the
566 3534 74 22 favor-

59 3559 49 22 able
116 3558 58 28 Jigbt
183 3559 23 22 in
217 3560 70 22 which
297 3560 37 22 the
350 3560 43 22 law
408 3561 67 21 views
490 3561 54 21 such
559 3561 80 22 instru-

59 3590 78 18 ments.
173 3586 34 22 Sir
220 3586 98 23 William
336 3587 62 22 Scoit
412 3587 23 22 in
450 3587 39 22 the
504 3594 50 15 case
565 3588 25 21 of
599 3588 38 21 the

57 3613 126 24 Alexander,
194 3615 10 20 1
215 3613 69 24 Dods,
294 3615 48 26 278,
353 3614 50 22 thus
412 3613 79 29 speaks
507 3614 26 22 of
544 3613 37 23 the
591 3615 48 21 bot-

56 3643 74 24 tomry
147 3640 67 22 bond.
311 3640 18 22 is
344 3648 149 20 unnecessary
508 3641 35 22 for
561 3649 36 14 me
616 3646 23 17 to

61 3670 54 18 state
124 3667 48 22 that
183 3665 69 24 bonds
263 3667 24 22 of
297 3667 172 28 hypothecation
479 3674 37 15 are
531 3669 27 26 of
568 3676 12 13 a
590 3675 48 20 very

64 3695 50 25 high
123 3695 42 20 and
170 3695 115 26 privileged
419 3695 37 22 He
466 3695 52 22 then
529 3696 109 23 describes

61 3721 56 22 their
125 3729 95 20 purpose
237 3721 43 22 and
298 3722 118 22 concludes
532 3723 23 22 It
568 3723 19 22 is
597 3724 41 21 im-

58 3752 88 22 portant
156 3749 108 21 therefore
275 3752 21 18 to
313 3749 37 22 the
365 3749 100 22 interests
480 3750 26 22 of
517 3757 121 16 commerce

59 3775 46 21 that
115 3776 62 20 bonds
186 3776 27 26 of
223 3777 42 20 this
278 3776 50 21 hind
341 3777 73 20 should
429 3778 23 19 be
466 3778 76 25 upheld
558 3778 50 21 with
625 3785 13 13 a

57 3808 50 21 very
115 3805 71 24 strong
311 3803 59 22 Such
388 3803 64 27 being
468 3806 37 21 the
516 3805 60 21 favor
587 3804 49 23 with

57 3829 73 22 which
139 3830 38 21 the
188 3830 40 22 law
240 3830 88 27 regards
337 3830 54 23 such
402 3830 76 27 bonds,
489 3839 42 14 can
539 3839 44 21 any
593 3839 43 15 one

57 3862 94 22 suppose
161 3857 48 22 that
224 3857 37 22 the
277 3858 120 26 possession
414 3858 26 21 of
454 3858 38 22 the
508 3858 128 27 defendant,

57 3883 39 21 the
106 3888 68 22 agent
182 3885 27 20 of
221 3884 36 21 the
273 3891 146 21 mortgagees,
428 3884 83 23 indeed
527 3893 23 14 as
561 3885 77 22 holder

58 3910 26 21 of
96 3910 36 21 the
141 3910 132 23 instrument
282 3911 25 22 of
318 3910 171 28 hypothecation
497 3912 91 22 himself
600 3912 37 22 the

57 3939 134 25 mortgagee,
202 3937 66 22 could
277 3937 56 22 have
351 3939 56 20 been
423 3938 114 23 disturbed
553 3945 24 15 or
593 3938 44 23 dis-

56 3963 76 28 puted.
161 3963 68 25 From
238 3964 39 23 the
285 3964 44 28 day
338 3971 30 16 on
376 3964 74 27 .which
458 3964 39 22 the
505 3964 133 24 instrument

559 43 99 46 ®fee
682 43 118 42 Wrta
826 42 205 41 Zealand
1056 41 188 46 <Sto?itte
1268 40 92 40 anb
1386 38 297 51 ©aeiyugtou
1708 33 254 48 Spectator.

1277 126 36 22 the
1322 124 96 30 plaintiff
1425 123 44 23 had
1479 123 80 23 chosen
1575 122 35 24 bis
1620 122 60 27 land,
1691 121 45 23 and
1746 121 44 23 had
1801 122 57 22 been

1277 152 115 22 otherwise
1410 150 91 22 allowed
1515 155 21 17 to
1552 149 66 28 enjoy
1629 150 17 21 it
1660 156 23 14 as
1698 153 126 22 mortgagor
1835 149 23 21 in

1275 179 131 28 possession,
1425 176 12 22 I
1456 177 79 21 should
1553 177 57 21 have
1634 175 98 21 directed
1752 173 36 23 the
1806 175 53 27 jury

1276 204 123 26 absolutely
1408 203 85 21 instead
1503 204 26 20 of
1536 202 181 29 hypothetically,
1729 202 38 20 but
1778 200 11 22 I
1801 205 60 17 went

1275 240 24 14 as
1310 232 33 22 far
1353 238 24 14 as
1388 229 11 22 I
1408 229 72 23 could.
1510 230 22 22 It
1545 231 19 21 is
1574 236 47 15 now
1635 229 54 25 said,
1701 227 106 23 evidpnce
1818 227 40 22 has

1277 260 55 20 been
1343 256 126 22 discovered
1479 256 68 22 since.
1576 255 33 23 To
1628 255 42 21 this
1684 255 39 21 the
1741 254 60 27 plain
1803 254 58 22 tiff's

1275 283 89 23 counsel
1374 283 83 26 objects
1472 282 48 22 that
1536 290 30 14 no
1575 281 51 23 date
1635 281 19 22 is
1670 281 104 27 assigned
1785 283 22 18 to
1822 280 38 22 the

1275 310 86 27 alleged
1376 309 83 22 seurch.
1488 309 57 22 That
1556 310 18 21 is
1585 307 106 28 certainly
1700 314 29 15 an
1747 306 111 27 omission,

1276 339 39 20 but
1325 339 17 19 it
1352 335 69 27 might
1436 335 28 22 be
1474 335 66 22 cured
1550 336 30 27 by
1590 335 40 21 the
1642 338 124 21 averment,
1778 341 28 13 on
1821 334 38 20 the

1275 368 49 23 part
1334 363 25 21 of
1374 363 42 21 Mr.
1429 362 61 25 Hart,
1501 363 47 21 that
1557 363 29 21 he
1597 361 38 21 did
1649 365 38 17 not
1698 361 65 21 know
1771 361 18 21 it
1799 360 57 22 until

1275 391 58 21 after
1341 389 37 21 the
1391 389 49 26 jury
1451 388 45 22 had
1512 387 94 27 retired;
1621 387 51 26 this,
1682 387 111 25 however,
1805 387 53 21 doea

1276 420 37 18 not
1321 420 38 23 get
1368 414 34 22 rid
1417 414 25 22 of
1458 415 37 21 the
1507 415 43 22 real
1560 414 118 26 objection,
1691 414 71 21 which
1772 414 25 25 is,
1812 414 49 20 that

1275 443 38 22 the
1326 448 41 16 law
1380 441 51 22 does
1449 448 38 14 noc
1498 441 62 23 deem
1573 443 46 20 that
1630 447 13 15 a
1653 440 121 27 discovery,
1787 439 73 23 which

1276 476 43 15 was
1329 468 75 22 within
1420 468 66 22 reach
1501 468 73 22 before
1590 467 57 21 trial.
1675 466 47 22 The
1733 466 124 28 inspection

1275 497 24 21 of
1308 496 37 21 the
1357 495 132 26 Company's
1498 495 69 21 books
1578 494 43 22 and
1632 501 61 18 maps
1705 500 43 14 was
1759 501 24 13 as
1791 493 66 21 much

1275 530 56 19 open
1343 525 21 17 to
1380 521 43 21 Mr.
1435 520 58 22 Hart
1510 521 73 21 before
1600 527 25 14 as
1642 520 56 21 after
1714 520 62 26 trial;
1792 527 25 14 or
1832 520 27 21 he

1277 549 72 26 might
1367 548 56 21 have
1441 547 77 21 served
1538 555 42 14 one
1601 547 26 20 of
1644 546 35 21 the
1700 546 72 22 clerks
1785 546 23 21 in
1823 547 37 20 the

1275 577 85 24 Survey
1368 574 68 21 Office
1448 574 52 21 with
1510 582 12 14 a
1533 575 109 26 subpoena
1648 574 61 19 duces
1715 577 74 18 tecum.
1809 573 48 21 The

1276 602 53 26 rule,
1341 608 25 14 as
1381 600 45 22 laid
1440 600 63 22 down
1519 601 22 21 in
1558 599 62 23 Cook
1635 605 18 16 ».
1669 600 84 26 Berrey
1774 601 9 20 1
1797 599 61 22 Wils.

1274 630 33 25 93,
1329 629 75 26 Spong
1423 633 17 15 v.
1462 628 74 26 Hogg,
1557 629 14 19 2
1590 626 33 21 W.
1646 626 33 22 81.
1701 628 49 24 802,
1772 626 52 21 Hall
1839 633 19 14 v.

1275 654 110 26 Stothard,
1396 655 13 20 2
1419 654 55 21 Chit.
1485 655 48 25 287,
1544 654 44 21 and
1599 652 63 21 other
1672 660 68 18 cases,
1753 653 26 26 is,
1791 652 46 22 that
1847 660 14 14 a

1275 688 50 16 new
1342 680 51 22 trial
1402 681 19 20 is
1435 680 73 27 rarely
1518 678 95 29 granted
1630 687 29 14 on
1669 679 37 22 the
1717 679 86 27 ground
1813 680 48 21 that

1275 709 36 21 the
1321 711 64 24 party
1395 706 35 22 did
1440 710 39 18 not
1487 708 51 25 give
1548 706 107 21 evi.lence
1666 705 72 22 which
1749 706 27 21 he
1788 706 72 26 might

1275 736 55 20 have
1340 732 111 29 produced
1468 739 23 15 at
1501 734 35 21 the
1552 732 57 26 trial,
1628 739 55 15 even
1700 732 85 27 though
1802 734 17 19 it
1833 732 28 22 be

1275 763 22 20 in
1309 762 37 20 the
1358 760 58 21 brief
1423 760 41 22 and
1475 760 27 21 be
1512 760 52 24 kept
1576 760 56 21 back
1642 759 28 27 by
1679 760 97 21 counsel.

1301 788 47 22 The
1360 787 126 26 defendant,
1493 786 24 22 in
1527 786 34 22 his
1571 785 105 25 affidavit,
1684 793 82 14 swears
1776 785 47 22 that
1830 785 30 22 all

1275 815 36 21 the
1321 821 81 19 money
1413 813 70 22 which
1494 821 61 14 came
1566 813 47 22 into
1623 812 35 22 his
1667 813 73 22 hands
1748 819 44 15 was
1798 812 62 24 £165

1276 843 43 20 103.
1333 840 44 26 2d.,
1389 841 41 20 and
1451 840 48 21 that
1513 840 28 21 he
1560 846 50 15 now
1626 838 49 23 asks
1692 843 22 17 to
1731 847 43 19 pay
1784 839 17 21 it
1814 839 46 21 into

1276 869 67 21 Court
1354 871 22 17 to
1387 867 64 22 await
1460 866 38 22 the
1510 870 64 18 event
1584 865 26 22 of
1622 873 13 14 a
1649 873 49 14 new
1709 866 57 21 trial.
1796 866 67 21 Proof

1276 894 24 22 of
1307 894 44 21 this
1363 894 69 26 might
1440 893 47 22 also
1496 893 57 22 have
1571 894 56 21 been
1645 892 65 27 given
1723 897 22 17 at
1755 892 37 21 the
1803 892 55 25 trial,

1275 921 44 21 and
1330 920 37 22 the
1377 918 63 23 effect
1450 920 26 21 of
1483 919 146 27 withholding
1639 919 53 21 such
1702 919 68 27 proof
1781 925 42 15 wa3
1834 922 22 17 to

1273 948 77 27 justify
1358 947 35 22 the
1398 947 49 31 jury
1454 947 23 21 in
1486 947 126 27 presuming
1620 946 47 21 that
1677 945 37 22 the
1724 946 57 21 flour
1788 952 43 14 was
1839 945 25 22 of

1275 975 37 21 the
1317 974 65 21 finest
1386 974 91 27 quality,
1484 973 42 22 and
1531 973 26 22 of
1561 973 37 22 the
1605 972 85 27 highest
1694 972 61 27 price
1762 972 25 21 of
1790 971 71 22 which

1277 1001 51 25 they
1339 1000 44 21 had
1396 1000 113 26 evidence,
1526 998 120 27 according
1661 1003 22 17 to
1699 999 38 22 the
1753 998 108 28 principle

1276 1028 43 22 laid
1331 1026 64 23 down
1406 1027 22 21 in
1438 1027 98 26 Armory
1545 1033 19 14 v.
1581 1026 141 26 Delarmirie,
1734 1027 10 20 1
1755 1027 101 25 Strange.

1277 1055 43 21 Buc
1329 1054 37 21 the
1376 1053 118 22 difference
1505 1054 98 20 between
1621 1052 59 22 £165
1697 1054 44 21 10s.
1756 1052 44 26 2d.,
1817 1052 44 21 and

1277 1081 36 22 the
1331 1080 105 22 evidence
1452 1087 26 14 a3
1493 1082 23 19 to
1526 1079 37 22 the
1580 1078 65 23 value
1660 1079 25 21 of
1698 1079 38 22 the
1751 1078 56 23 flour
1817 1078 44 23 and

1277 1107 99 22 oilman's
1386 1112 67 16 stores
1463 1107 18 20 is
1491 1110 40 18 not
1540 1113 53 14 over
1608 1106 55 23 £70.
1692 1105 23 22 It
1729 1106 19 21 is
1759 1110 39 17 not
1812 1113 49 19 pos-

1277 1135 54 21 sible
1340 1137 24 18 to
1373 1141 37 19 say
1421 1133 23 22 of
1452 1134 60 20 what
1521 1133 65 22 items
1596 1131 38 22 the
1646 1132 52 27 jury
1708 1132 66 21 made
1785 1139 28 20 np
1824 1132 36 21 the

1277 1169 47 14 sum
1336 1160 25 22 of
1369 1160 55 21 their
1433 1160 111 26 damages,
1553 1160 40 21 but
1602 1158 38 21 the
1649 1159 106 21 evidence
1762 1159 99 21 afforded

1277 1189 59 20 them
1357 1187 61 21 these
1435 1187 134 26 ingredients
1577 1195 5 13 :
1587 1196 25 5 —
1614 1187 18 19 1.
1649 1185 46 22 The
1716 1185 38 21 bill
1771 1186 34 21 for
1823 1186 38 21 the

1277 1214 100 22 oilman's
1392 1217 78 23 stores;
1486 1215 21 20 2.
1522 1214 47 21 The
1587 1212 64 22 value
1668 1212 24 21 of
1705 1212 37 22 the
1755 1211 68 27 flour;
1839 1214 21 19 3.

1280 1243 97 24 Damage
1386 1240 35 22 for
1436 1240 36 22 the
1489 1240 111 22 detention
1612 1239 25 21 of
1646 1238 59 22 these
1718 1244 103 16 amounts
1832 1239 29 27 by

1279 1268 105 27 privation
1404 1268 25 20 of
1447 1266 117 23 wholesale
1589 1273 25 14 or
1637 1265 63 22 retail
1725 1265 88 27 profits;
1839 1268 22 19 4.

1279 1296 108 24 Damages
1397 1294 34 21 for
1444 1294 38 21 the
1500 1294 112 21 detention
1630 1292 25 22 of
1668 1292 35 21 the
1714 1292 52 21 land
1778 1293 82 21 orders.

1278 1322 46 22 The
1340 1321 102 26 damages
1458 1328 56 14 were
1533 1320 107 27 certainly
1651 1319 121 22 somewhat
1786 1319 76 27 higher

1279 1349 50 20 than
1347 1348 10 21 1
1377 1348 113 26 expected,
1503 1348 93 21 because
1613 1346 11 21 1
1646 1346 93 26 thought
1756 1346 37 22 the
1809 1347 52 26 jury

1279 1374 70 23 would
1361 1374 55 21 have
1426 1374 127 21 considered
1565 1375 37 20 the
1616 1373 99 27 plaintiff
1726 1373 22 22 in
1759 1373 37 22 the
1807 1373 56 27 light

1279 1402 23 21 of
1309 1409 13 14 a
1333 1407 123 21 mortgagor
1466 1402 22 20 in
1500 1402 128 26 possession,
1639 1400 43 21 and
1693 1400 49 26 this,
1753 1400 109 26 strength-

1278 1428 55 22 ened
1352 1430 28 24 by
1400 1428 36 21 the
1454 1428 87 26 alleged
1559 1427 168 25 mis-direction,
1745 1434 43 14 was
1804 1427 59 22 what

1280 1455 97 27 weighed
1385 1454 50 22 with
1445 1462 35 14 me
1491 1462 24 13 as
1524 1461 28 15 an
1562 1454 143 21 inducement
1716 1459 22 16 to
1748 1458 65 22 grant
1824 1455 37 20 the

1277 1483 57 25 rale;
1350 1482 40 21 but
1400 1489 23 14 as
1433 1480 50 28 they
1493 1481 95 27 thought
1597 1480 123 26 othersvise,
1734 1481 46 21 and
1790 1481 71 27 might

1279 1508 92 28 possibly
1383 1508 56 22 have
1448 1508 59 21 done
1517 1516 24 13 so
1555 1508 21 21 if
1588 1506 52 28 they
1652 1506 41 22 had
1710 1514 56 14 even
1777 1507 43 22 had
1832 1508 31 21 all

1279 1537 34 20 the
1331 1535 105 22 evidence
1445 1535 72 22 which
1529 1534 70 27 might
1608 1534 57 21 have
1676 1536 55 19 been
1742 1534 118 26 produced,

1279 1563 9 21 I
1308 1568 81 16 cannot
1408 1564 49 19 take
1477 1569 57 20 upon
1555 1562 80 26 mjself
1656 1565 21 16 to
1696 1567 38 20 say
1757 1561 46 20 that
1825 1562 37 21 the

1279 1590 103 26 damages
1393 1596 36 15 are
1440 1596 22 15 so
1472 1589 104 27 palpably
1583 1587 111 24 excessive
1701 1594 24 14 as
1736 1593 22 15 to
1770 1593 94 16 warrant

1279 1624 10 14 a
1301 1623 47 14 new
1360 1616 57 21 trial.
1447 1616 20 21 It
1479 1616 38 21 has
1528 1617 55 20 been
1591 1614 44 23 laid
1646 1614 61 21 down
1715 1615 23 20 in
1750 1614 113 28 Lathbury

1279 1651 19 13 v.
1309 1643 75 27 Brain,
1397 1644 25 20 10
1432 1643 33 26 8.,
1479 1643 85 25 Moore,
1583 1643 45 23 106,
1641 1641 48 21 that
1706 1648 12 13 a
1736 1649 52 19 very
1805 1642 58 21 clear

1278 1677 49 14 case
1338 1670 26 22 of
1380 1676 74 15 excess
1471 1674 58 17 must
1545 1670 27 21 be
1586 1668 64 23 made
1666 1673 37 16 out
1719 1672 21 17 to
1757 1669 77 27 justify
1849 1676 14 14 a

1279 1704 47 14 new
1343 1697 56 25 trial,
1415 1696 43 22 and
1473 1697 49 21 that
1538 1696 36 21 the
1596 1703 60 14 mere
1676 1695 187 22 uncorroborated

1278 1724 98 21 affidavit
1394 1724 25 20 of
1442 1723 37 21 the
1505 1723 122 21 defendant
1656 1722 18 21 is
1696 1725 40 18 not
1767 1722 95 27 enough.

1281 1751 57 21 Here
1348 1750 37 22 the
1396 1750 137 22 defendant's
1543 1749 100 22 affidavit
1661 1748 51 27 only
1722 1755 54 20 goes
1787 1753 22 18 to
1820 1757 43 14 one

1277 1777 61 27 item,
1350 1777 45 21 and
1411 1784 28 14 no
1451 1778 63 26 pains
1531 1777 112 21 whatever
1658 1775 57 22 have
1727 1778 56 19 been
1795 1776 67 21 taken

1278 1809 21 17 to
1310 1804 65 22 make
1386 1809 38 16 out
1435 1811 42 19 any
1487 1811 49 15 case
1553 1807 23 17 at
1587 1802 36 23 all.
1654 1802 22 21 It
1690 1802 17 21 is
1719 1802 82 28 always
1813 1804 50 20 with

1278 1831 35 21 the
1333 1835 95 23 greatest
1445 1831 126 21 reluctance
1591 1830 48 21 that
1659 1836 14 14 a
1687 1829 70 22 Court
1771 1829 26 22 of
1813 1830 51 21 Law

1279 1858 114 21 interferes
1406 1858 48 21 with
1464 1858 39 20 the
1522 1858 106 26 province
1644 1856 26 21 of
1685 1863 13 14 a
1714 1856 61 27 jury,
1793 1856 44 22 and
1851 1856 12 22 I

1279 1885 41 21 feel
1331 1884 83 26 myself
1420 1892 23 14 as
1452 1884 68 22 much
1530 1884 76 22 bound
1615 1886 22 18 to
1654 1882 60 22 defer
1724 1888 22 16 to
1763 1883 37 22 the
1817 1891 47 14 ver-

1279 1911 43 22 dict
1333 1911 26 21 of
1366 1912 35 20 the
1409 1911 51 27 jury
1467 1911 45 21 and
1522 1911 55 21 their
1584 1914 133 18 assessment
1727 1910 26 21 of
1757 1910 106 27 damages

1279 1945 21 13 as
1311 1938 52 26 they
1374 1945 37 14 are
1422 1938 151 25 undoubtedly
1584 1936 76 22 bound
1677 1941 22 16 to
1715 1936 63 21 defer
1794 1939 21 18 to
1827 1944 37 19 my

1279 1969 117 16 statement
1407 1964 24 21 of
1445 1964 36 21 the
1494 1964 47 21 law.

1306 1991 26 20 In
1353 1998 28 13 an
1402 1990 107 26 affidavit,
1527 1990 72 21 which
1623 1995 44 14 was
1689 1988 55 22 filed
1759 1993 36 17 too
1820 1989 44 22 late

1279 2022 20 16 to
1317 2018 26 20 be
1359 2017 54 21 used
1423 2017 22 21 in
1460 2020 89 24 support
1570 2017 25 20 of
1609 2014 35 23 the
1660 2015 141 27 application,
1821 2017 42 20 Mr.

1280 2044 57 22 Hart
1353 2048 66 17 states
1429 2044 32 21 his
1477 2044 70 21 belief
1563 2044 48 21 that
1628 2049 13 14 a
1665 2042 113 27 prejudice
1799 2043 66 22 exists

1279 2072 85 26 against
1383 2071 37 21 the
1444 2070 119 22 defendant
1587 2071 22 20 in
1630 2069 38 22 the
1688 2068 73 22 minds
1780 2070 25 21 of
1827 2072 37 19 the

1280 2098 103 26 majority
1416 2098 24 21 of
1456 2098 82 26 jurors,
1564 2098 44 20 and
1635 2096 47 21 that
1708 2103 13 14 a
1745 2096 43 22 fair
1816 2098 49 21 trial

1279 2129 83 17 cannot
1382 2125 26 21 be
1426 2124 40 21 had
1488 2124 60 22 here.
1588 2124 36 22 No
1646 2123 97 26 grounds
1766 2124 33 21 for
1818 2124 48 21 that

1280 2152 68 20 belief
1357 2159 36 13 are
1412 2152 72 26 given,
1503 2152 44 20 and
1569 2151 8 21 I
1599 2155 84 16 cannot
1703 2151 33 20 for
1757 2157 42 15 one
1819 2159 47 13 mo-

1279 2183 62 17 ment
1349 2183 100 16 sanction
1460 2185 24 15 so
1496 2184 124 15 monstrous
1630 2185 14 13 a
1654 2177 107 26 doctrine,
1769 2178 48 21 that
1829 2178 36 21 the

1276 2206 74 26 jurors
1360 2212 28 14 on
1400 2205 37 21 the
1448 2205 47 21 trial
1508 2205 97 21 vioiatect
1616 2204 57 21 their
1683 2204 70 26 oa'hs,
1767 2204 44 22 and
1818 2205 48 21 that

1281 2233 34 20 the
1326 2232 60 26 eight
1396 2239 24 13 or
1430 2232 51 21 nine
1493 2232 100 21 hundred
1606 2231 76 27 jurors
1699 2231 74 21 whose
1790 2239 77 13 names

1279 2266 35 14 are
1325 2266 28 14 on
1364 2259 36 21 the
1413 2258 34 22 list
1456 2266 37 14 are
1504 2258 103 28 disposed
1623 2261 23 18 to
1656 2257 28 22 do
1695 2265 31 19 so,
1740 2258 93 22 because
1844 2259 21 21 of

1280 2286 36 21 the
1331 2286 87 26 alleged
1438 2286 121 27 prejudice.
1591 2286 25 20 In
1638 2284 37 21 the
1691 2284 137 22 demeanour
1844 2286 26 21 of

1280 2313 35 21 the
1325 2313 61 21 three
1394 2313 76 26 juries,
1479 2320 24 14 as
1512 2313 33 21 far
1552 2319 22 15 as
1581 2312 12 22 I
1601 2312 67 21 could
1677 2312 90 21 observe
1774 2312 18 21 it
1799 2312 22 21 in
1830 2313 36 21 the

1280 2340 74 25 Court,
1366 2340 46 21 and
1421 2341 21 20 in
1452 2341 36 20 the
1505 2339 95 21 verdicts
1611 2338 52 27 they
1675 2339 111 27 returned,
1800 2339 9 21 I
1824 2347 41 14 can

1280 2367 100 26 perceive
1399 2373 29 15 no
1448 2366 146 27 justification
1616 2366 33 20 for
1672 2366 37 21 the
1732 2366 133 27 imputation

1280 2393 69 21 which
1362 2393 38 22 has
1413 2394 53 22 been
1476 2397 49 18 cast
1534 2400 58 20 upon
1606 2392 69 22 them.

1305 2420 67 22 Some
1384 2421 25 21 of
1425 2421 35 21 the
1475 2421 60 21 rules
1553 2420 9 21 [
1578 2420 56 21 have
1649 2418 52 23 here
1711 2419 88 28 applied
1814 2427 52 19 may

1279 2452 94 23 perhaps
1383 2454 58 16 seem
1453 2453 20 16 to
1484 2448 52 21 bear
1546 2447 54 21 hard
1611 2453 59 20 upon
1679 2447 35 21 the
1723 2446 144 22 defendant's

1280 2482 55 18 case,
1348 2475 39 21 but
1395 2475 19 21 it
1423 2474 71 22 would
1508 2481 26 14 ue
1550 2473 80 22 harder
1640 2473 44 21 still
1695 2480 57 15 were
1764 2477 103 24 contrary

1279 2501 57 21 rules
1353 2505 23 17 to
1392 2502 89 27 prevail.
1510 2501 48 21 The
1569 2500 90 22 learned
1670 2500 97 26 counsel,
1778 2501 23 21 in
1816 2508 50 19 sup-

1280 2529 86 26 porting
1385 2529 36 21 the
1437 2529 54 24 rule,
1502 2528 48 22 said
1567 2528 47 21 that
1630 2527 103 26 injustice
1750 2527 44 22 had
1811 2527 55 23 been

1280 2555 55 21 done
1347 2557 38 19 the
1395 2555 124 25 defendant,
1531 2555 45 21 and
1587 2555 48 21 that
1646 2560 36 14 too
1698 2554 29 27 by
1740 2554 35 21 the
1789 2555 74 21 Court.

1282 2583 24 21 In
1318 2583 37 21 the
1367 2582 51 28 only
1429 2590 62 14 sense
1502 2583 23 20 in
1533 2582 69 22 which
1614 2580 37 22 the
1659 2582 59 20 word

1280 2617 39 13 can
1333 2610 26 20 be
1369 2609 54 22 used
1433 2616 23 15 or
1465 2609 136 22 understood
1613 2607 59 25 here,
1686 2608 9 22 I
1707 2615 36 15 am
1755 2609 77 21 bound
1843 2616 22 14 to

1281 2637 56 26 deny
1348 2636 38 21 the
1395 2639 125 19 statement.
1549 2635 25 22 If
1581 2635 37 21 the
1637 2636 66 20 Court
1716 2642 57 14 were
1786 2640 21 18 to
1818 2643 48 20 per-

1281 2664 38 22 mit
1329 2670 13 14 a
1352 2668 64 23 party
1426 2668 22 17 to
1461 2664 71 25 adopt
1548 2670 43 14 one
1608 2661 45 23 line
1672 2663 21 19 ot
1708 2661 101 27 defence,
1821 2662 44 23 and

1282 2690 61 22 when
1357 2691 47 21 that
1413 2691 43 21 had
1464 2689 69 23 failed
1541 2694 23 16 to
1574 2694 33 23 try
1620 2689 99 26 another,
1727 2689 21 21 if
1757 2689 37 21 the
1802 2689 66 23 Court

1281 2718 117 27 permitted
1420 2719 26 21 its
1460 2717 111 21 functions
1590 2723 24 15 as
1634 2723 13 13 a
1663 2715 66 23 Court
1748 2716 25 21 of
1787 2717 81 26 Equity

1282 2751 21 16 to
1314 2745 26 21 be
1351 2745 54 22 used
1420 2750 21 16 to
1456 2745 86 21 disturb
1559 2743 36 22 the
1611 2741 84 23 verdict
1706 2743 24 21 of
1746 2750 13 14 a
1776 2743 59 27 jmy,
1851 2744 21 21 if

1282 2773 88 22 counsel
1383 2780 54 14 were
1444 2771 93 23 allowed
1546 2774 21 18 to
1578 2769 106 23 withhold
1694 2770 109 22 evidence
1814 2775 21 17 to
1843 2773 25 19 be

1283 2800 94 24 brought
1387 2799 91 22 forward
1489 2802 23 18 at
1524 2805 13 14 a
1547 2805 47 15 new
1613 2796 55 26 trial,
1681 2797 64 22 when
1758 2797 36 22 the
1807 2799 63 21 with-

1282 2827 92 27 holding
1385 2827 16 21 it
1410 2827 40 22 has
1464 2830 39 17 not
1520 2825 55 21 been
1592 2824 102 22 followed
1711 2825 29 26 by
1752 2825 37 21 the
1806 2824 64 22 effect

1282 2854 70 27 hoped
1370 2854 33 21 for
1413 2861 25 14 or
1446 2852 139 27 anticipated,
1603 2852 48 21 that
1671 2850 79 23 indeed
1762 2852 72 21 would
1844 2853 26 21 be

1282 2881 110 27 injustice.
1420 2881 46 22 The
1476 2879 92 22 learned
1583 2877 93 24 counsel
1691 2878 49 22 who
1751 2879 119 27 supported

1284 2908 34 22 the
1334 2908 50 22 rule
1394 2907 79 22 admits
1482 2908 63 20 there
1555 2907 18 20 is
1586 2914 30 14 no
1635 2905 87 27 ground
1744 2906 32 20 for
1793 2913 13 14 a
1822 2913 47 14 new

1283 2935 54 27 trial,
1358 2935 43 22 and
1423 2935 58 21 there
1498 2934 21 21 is
1538 2933 82 27 clearly
1640 2940 30 14 no
1687 2932 143 28 jurisdiction
1846 2933 22 21 in

1285 2962 86 28 Equity.
1399 2961 58 22 That
1470 2961 39 22 the
1527 2960 123 22 defendant
1666 2959 38 22 has
1715 2959 96 22 suffered
1828 2960 42 21 loss

1283 2994 81 17 cannot
1374 2989 26 21 be
1411 2988 87 26 denied,
1508 2988 41 21 but
1559 2987 17 21 it
1586 2988 19 21 is
1616 2987 59 21 what
1683 2986 36 22 the
1727 2986 36 21 old
1775 2986 93 27 lawyers

1284 3016 70 22 would
1366 3015 57 22 have
1433 3015 69 23 called
1520 3016 96 19 damuum
1632 3014 75 25 absque
1717 3014 85 26 injuria,
1815 3013 14 21 i.
1842 3021 26 19 c.,

1282 3043 42 22 loss
1334 3043 94 22 without
1437 3049 42 21 any
1489 3042 59 27 legal
1560 3048 82 20 wrong.
1673 3042 35 20 On
1715 3048 14 13 a
1740 3040 83 22 careful
1834 3048 34 14 re-

1283 3070 53 21 view
1347 3070 26 21 of
1380 3070 37 21 the
1428 3070 59 26 facts,
1500 3077 24 14 as
1534 3069 49 22 well
1593 3076 24 15 as
1628 3068 38 21 the
1675 3068 40 21 law
1724 3068 25 21 of
1757 3067 44 21 this
1811 3074 56 18 case,

1284 3096 70 23 which
1366 3096 39 23 has
1414 3097 64 27 given
1488 3103 37 15 me
1543 3103 61 15 more
1621 3095 89 26 anxiety
1720 3094 55 22 than
1787 3095 11 21 I
1813 3094 56 21 shall

1282 3123 105 28 probably
1399 3131 50 14 ever
1463 3124 67 26 again
1546 3122 131 28 experience
1687 3122 59 21 from
1763 3129 44 19 any
1818 3128 49 15 case

1284 3158 26 14 on
1323 3150 36 23 the
1371 3151 50 22 civil
1432 3150 45 23 side
1487 3150 26 22 of
1528 3150 43 23 this
1581 3151 75 24 Court,
1665 3149 11 21 I
1688 3155 39 16 can
1738 3148 54 28 only
1804 3155 62 15 come

1284 3182 22 17 to
1320 3178 38 21 the
1376 3178 127 21 conclusion
1523 3178 48 22 that
1592 3177 39 22 the
1649 3176 49 23 rule
1708 3180 60 17 must
1792 3176 26 21 be
1828 3176 44 21 dis-

1283 3204 103 27 charged.

1312 3231 61 22 Rule
1383 3230 136 28 discharged,
1531 3230 52 23 with
1594 3232 64 21 cost*.

1482 3265 65 19 Jones
1556 3271 21 14 v.
1590 3263 78 21 Smith.

1481 3297 64 20 Stobo
1555 3303 21 14 v.
1588 3296 79 21 Smith.

1308 3329 43 22 For
1360 3336 91 14 reasons
1461 3329 72 23 which
1543 3334 59 18 must
1613 3330 26 20 be
1646 3329 100 26 obvious,
1763 3328 39 22 the
1812 3328 61 22 rules

1282 3355 86 29 applied
1379 3356 34 21 for
1421 3355 23 22 in
1456 3355 60 23 these
1527 3364 61 14 cases
1597 3359 82 19 cannot
1690 3357 25 21 be
1726 3363 26 20 gr
1760 3355 75 25 anted,

1309 3383 69 21 Rules
1389 3382 93 22 refused.

1889 122 87 22 Coffee
1985 128 6 14 :
2002 122 66 24 Java,
2078 127 36 19 per
2122 122 23 19 1b
2232 122 13 18 0
2273 122 15 18 0
2315 122 14 18 3
2345 133 19 6 ..
2383 122 14 18 0
2424 122 14 18 0
2465 123 14 19 0

1889 150 90 20 Cheese
1986 154 5 14 :
2009 147 103 22 Cheshire
2230 148 15 19 0
2272 147 12 19 1
2312 147 16 20 4.
2344 158 5 7 .
2356 159 7 6 .
2382 147 14 19 0
2403 164 3 4 ,
2425 147 10 20 1
2466 148 13 20 6

2006 174 57 22 Pine
2072 173 70 27 Apple
2230 174 14 19 0
2272 174 10 19 1
2311 173 14 20 2
2343 186 19 7 ..
2381 173 13 21 0
2423 174 13 19 0
2464 175 14 19 0

2007 200 75 22 Dutch
2230 201 14 19 0
2272 201 13 20 0
2313 200 13 20 8
2343 212 19 7 ..
2382 199 14 20 0
2423 200 14 20 0
2453 200 27 21 10

1996 227 32 22 N.
2040 227 25 21 Z.
2075 226 68 33 perlb
2227 227 14 20 0
2270 227 10 20 1
2310 227 14 19 6
2342 239 19 6 ..
2381 226 14 19 0
2422 227 14 20 0
2464 229 15 19 0

1889 254 106 22 Candles
2004 262 5 14 :
2016 253 90 27 English
2115 259 58 21 wax,
2179 260 41 20 per

2033 281 23 21 lb
2228 280 14 20 0
2270 280 14 20 2
2311 280 18 20 a
2343 292 19 7 ..
2381 279 14 20 0
2423 280 14 20 3
2465 281 14 20 9

1997 308 79 26 Sperm
2229 307 15 20 0
2271 306 9 21 1
2299 306 27 20 10
2343 318 18 7 ..
2381 306 14 19 0
2423 306 14 21 3
2465 309 15 18 0

1997 334 81 22 Mould
2228 334 14 20 0
2269 334 15 19 0
2311 333 14 20 6
2343 346 17 6 ..
2379 332 15 20 0
2423 334 14 19 0
2465 334 14 19 8

1999 361 56 27 Dips
2227 360 15 21 0
2269 361 15 20 0
2310 359 14 20 5
2341 372 19 7 ..
2379 359 14 20 0
2423 360 13 18 0
2464 361 14 18 0

1891 387 91 22 Flour:
1992 387 128 27 lstquality,
2131 391 83 23 perton

2012 413 26 22 of
2047 415 52 20 2000
2106 414 35 21 lbs
2210 413 27 22 25
2266 414 13 20 0
2308 414 13 19 0
2339 426 18 5 ..
2379 413 14 20 0
2423 414 14 19 0
2465 415 13 19 0

1988 440 47 22 2nd
2045 440 53 21 ditto
2202 446 9 15 :
2228 441 14 20 0
2270 441 14 20 0
2311 441 13 20 0
2342 452 18 7 ..
2381 440 14 19 0
2423 440 13 20 0
2465 441 14 20 0

1890 468 75 21 Flax:
1981 467 30 21 N.
2022 467 25 21 Z.
2059 470 80 24 perton
2163 466 77 21 ....15
2269 468 13 19 0
2310 468 14 20 0
2342 479 18 7 ..
2379 466 14 20 0
2421 466 14 21 0
2464 468 14 19 0

1917 494 72 22 Dj.—
1991 493 128 22 onboard—
2120 493 102 26 presaedl
2226 494 13 21 7
2267 494 13 20 0
2308 494 14 20 0
2341 506 18 7 ..
2378 493 14 20 0
2421 493 14 20 0
2463 494 14 20 C

1891 521 59 21 Gin:
1972 521 54 21 Pale
2043 521 24 20 in
2078 520 53 21 bond
2228 520 16 21 0
2270 521 13 20 3
2312 521 14 20 6
2343 533 18 6 ..
2380 520 15 19 0
2422 519 13 20 5
2464 521 15 19 6

1939 548 62 25 Case,
2011 549 14 19 4
2031 547 36 25 gal
2077 548 32 20 4-5
2118 547 23 21 in
2151 546 61 21 bond
2228 548 11 19 1
2269 548 13 19 0
2310 548 50 19 0..
2381 546 12 20 I
2421 546 13 20 5
2465 548 13 19 0

1891 574 80 22 Hams:
1988 573 124 27 Yorkshire,
2127 580 39 20 per
2175 572 23 22 lb
2207 588 5 6 .
2228 575 14 19 0
2271 574 13 19 0
2312 573 13 20 5
2343 587 17 6 ..
2381 574 14 19 0
2423 574 13 19 0
2463 573 13 21 7

1972 600 28 22 N.
2014 601 26 21 Z.
2051 600 67 27 perlb
2229 602 15 20 0
2271 602 13 19 0
2313 602 14 19 0
2344 614 18 6 ..
2382 600 15 20 0
2424 600 13 20 0
2465 600 13 20 5

1891 628 126 22 Mustard:
2035 627 41 21 Per
2085 626 67 22 dozen
2153 631 6 9 4
2229 629 14 19 0
2259 627 26 21 16
2313 628 13 19 0
2344 640 18 7 ..
2381 628 14 19 0
2411 626 26 21 18
2465 628 14 19 0

1891 655 114 21 Mutton:
2026 654 89 22 Carcase
2125 661 40 20 per
2174 653 23 22 lb
2208 669 5 6 .
2229 655 14 20 0
2271 655 13 20 0
2313 654 13 21 7
2343 668 18 6 ..
2381 654 14 20 0
2423 654 14 20 0
2465 654 14 20 9

1891 682 122 22 Mu3kets:
2031 680 87 22 Walnut
2124 680 92 22 stocked
2230 682 14 20 0
2259 681 25 21 15
2312 682 14 19 0
2343 694 18 7 ..
2383 680 10 21 1
2423 682 14 19 0
2466 682 14 19 0

1891 708 76 22 Milk.
1984 708 43 22 Per
2035 708 49 26 pint
2229 709 14 20 0
2271 709 13 20 0
2311 708 14 19 2
2343 721 17 6 ..
2380 708 15 19 0
2423 708 12 19 0
2463 707 14 20 3

1891 735 91 21 Maize:
1999 741 40 21 per
2049 734 74 21 bushel
2229 735 15 20 0
2270 735 14 20 3
2312 735 14 20 0
2344 748 18 7 ..
2381 734 14 20 0
2423 734 13 20 3
2465 734 14 20 6

1891 762 55 21 Oil:
1963 760 105 26 Linseed,
2078 767 35 21 per
2122 760 75 27 gallon
2208 776 6 6 .
2229 762 15 20 0
2270 762 14 19 6
2312 762 13 19 6
2343 774 17 7 ..
2381 761 14 20 0
2425 760 10 21 7
2465 761 14 20 6

1964 787 281 28 Black,incask,pertonlß
2272 789 13 20 0
2313 788 14 20 0
2344 788 51 20 ..20
2424 788 13 19 0
2465 788 14 19 0

1998 816 79 24 Sperm
2211 815 28 21 50
2267 815 12 19 0
2308 815 12 19 0
2339 814 51 22 ..75
2420 814 12 19 0
2462 814 13 19 0

1891 842 76 22 Pork:
1982 841 77 27 Fresh,
2078 848 83 15 carcase
2178 848 39 21 per

2006 869 24 21 lb
2227 869 14 20 0
2270 870 12 19 0
2311 870 13 20 0
2341 882 18 6 ..
2378 869 14 20 0
2421 869 14 20 0
2463 869 15 20 4

1891 895 64 22 Pork
1962 902 5 14 :
1983 895 67 27 Irish,
2060 902 39 20 per
2106 894 73 22 barrel
2192 909 5 6 .
2204 909 6 6 .
2229 897 14 19 0
2271 897 13 19 0
2312 896 14 20 0
2343 908 6 7 .
2355 908 5 7 .
2379 896 56 20 410
2465 896 14 19 0

1971 922 29 21 N.
2012 922 18 21 Z
2226 923 14 19 2
2255 923 26 20 10
2308 923 14 20 0
2339 935 18 6 ..
2377 923 14 20 3
2420 922 13 20 0
2461 922 14 21 0

1892 949 118 21 Potatoes
2018 956 4 13 :
2044 948 55 21 New
2111 948 106 26 Zealand,

2067 979 82 23 perton
2164 988 47 7 ....
2228 975 15 20 4
2271 976 13 20 0
2312 976 14 20 0
2343 988 18 7 ..
2379 976 15 20 6
2422 976 13 20 0
2463 977 14 19 0

1893 1002 92 22 Porter
1994 1009 5 14 :
2030 1001 97 27 Dunbar,
2138 1001 24 22 in
2171 1002 45 21 bot.

2058 1035 40 21 per
2106 1028 39 22 doz
2229 1029 15 20 0
2271 1029 13 21 9
2312 1030 82 20 0..0
2409 1029 26 21 12
2463 1030 14 20 6

1999 1055 86 27 Bryant
2096 1055 39 21 and
2145 1055 71 21 Davis
2230 1056 14 20 0
2272 1057 12 19 9
2313 1057 13 19 0
2343 1070 6 5 .
2355 1070 6 6 .
2380 1057 15 20 0
2411 1057 25 20 12
2464 1057 14 20 0

1892 1083 96 21 Pickles
2000 1089 6 14 :
2039 1082 111 27 Assoi^ed,
2179 1089 40 20 per

2063 1108 65 27 d0z.,1
2140 1113 76 23 quarts
2231 1111 14 20 0
2259 1110 25 20 15
2313 1111 13 19 0
2344 1123 18 7 ..
2382 1111 14 20 0
2411 1109 26 22 17
2466 1111 13 19 0

1893 1136 72 22 Pitch
1978 1144 5 13 :
2017 1136 133 26 Stockholm,
2180 1143 39 20 per

2042 1162 88 22 barrel.:
2231 1164 14 20 2
2273 1165 12 20 0
2313 1165 14 20 0
2345 1177 17 7 ..
2381 1165 14 20 0
2423 1165 14 19 0
2466 1166 13 19 0

1894 1190 78 21 Plank
1981 1198 5 13 :
2016 1190 54 21 Port
2092 1189 127 27 Nicholson,

2042 1223 38 19 per
2091 1216 90 22 lOOfeet
2194 1218 51 20 ..0
2273 1219 13 20 6
2314 1219 13 19 0
2345 1231 17 6 ..
2381 1219 14 19 0
2411 1218 25 20 10
2465 1220 13 19 0

1893 1243 69 21 Rice:
1976 1243 108 21 Common
2094 1250 35 20 per
2134 1246 50 18 cwt.
2195 1257 19 7 ..
2233 1245 14 20 0
2262 1245 25 20 lv
2316 1245 13 20 0
2346 1257 18 7 ..
2383 1245 14 21 0
2425 1246 13 19 0
2466 1247 14 19 0

1974 1270 67 21 Good
2231 1273 13 19 0
2260 1271 25 21 15
2315 1273 14 19 0
2345 1285 18 5 ..
2382 1272 14 20 0
2424 1273 13 19 0
2465 1274 14 19 0

1894 1297 52 21 Rum
1955 1304 5 13 :
1978 1297 23 21 P.
2013 1297 27 21 B.
2052 1297 32 25 P.,
2099 1304 35 20 per
2143 1297 76 26 gallon

2014 1324 24 21 in
2054 1324 64 20 bond.
2125 1337 33 6 ...
2232 1327 14 19 0
2273 1326 14 20 4
2314 1326 82 20 3..0
2424 1326 13 20 0
2465 1327 14 20 0

1893 1351 88 21 Sugar:
1999 1351 116 21 Mauritius
2124 1358 40 19 per
2171 1355 49 18 cwt.
2236 1353 13 19 0
2277 1354 14 19 0
2319 1353 12 19 0
2349 1365 17 7 ..
2400 1358 58 15 none

2001 1377 81 22 Brown
2097 1377 49 21 ditto
2230 1381 14 19 0
2272 1381 13 19 0
2312 1380 82 20 0..0
2423 1381 13 19 0
2465 1381 14 19 0

2002 1404 96 22 Refined
2112 1404 50 27 loaf,
2181 1412 40 21 per

2028 1432 23 21 lb
2232 1435 13 19 0
2274 1435 13 19 0
2315 1433 13 21 5
2346 1447 17 5 ..
2383 1434 14 20 0
2424 1434 13 20 0
2466 1435 13 20 6

2003 1458 95 22 Manilla
2115 1466 37 20 per
2166 1462 48 18 cwt.
2232 1461 10 20 1
2272 1462 13 19 0
2313 1461 13 20 0
2344 1473 17 7 ..
2381 1461 10 20 1
2427 1461 52 21 16

1893 1486 72 22 Salt:
1983 1485 125 28 Liverpool,
2117 1493 37 20 per
2164 1490 39 18 ton
2211 1487 34 21 .15
2275 1489 12 19 0
2315 1488 13 20 0
2346 1488 51 20 ..18
2425 1489 13 19 0
2466 1490 14 19 0

1893 1513 58 21 Soap
1961 1520 5 14 :
1994 1513 102 21 Hawes's
2117 1513 101 27 London,

2021 1543 84 23 perton
2218 1541 27 21 40
2274 1543 13 19 0
2315 1542 13 20 0
2346 1555 17 5 ..
2383 1543 14 19 0
2425 1543 14 19 0
2468 1544 12 19 0

2011 1566 114 27 Liverpool
2218 1567 26 21 35
2274 1569 13 20 0
2315 1570 47 19 0..
2383 1569 12 20 0
2423 1570 14 20 0
2467 1571 12 19 0

1894 1594 102 21 Starch:
2013 1593 75 22 Perlb
2233 1596 14 20 0
2275 1597 13 19 0
2315 1595 82 21 5..0
2425 1597 14 19 0
2467 1598 13 20 0

1893 1621 143 21 Scantling:
2053 1620 43 22 Per
2103 1621 35 21 100
2147 1620 67 22 feet..
2234 1623 13 19 0
2275 1623 13 20 6
2316 1623 13 20 0
2347 1636 18 6 ..
2384 1624 15 19 0
2426 1624 13 20 8
2469 1625 11 19 0

1893 1648 115 21 Shingles
2016 1655 5 14 :
2038 1647 43 21 Per
2089 1648 55 27 1000,
2152 1647 31 22 N.
2192 1648 26 22 Z.
2233 1651 14 19 0
2275 1651 13 19 6
2315 1651 14 19 0
2346 1663 6 5 .
2360 1663 4 6 .
2383 1651 14 19 0
2412 1650 27 20 10
2468 1652 12 19 0

2024 1674 70 27 Ditto,
2115 1674 24 22 V.
2151 1675 30 22 D.
2193 1675 26 21 L.
2233 1678 13 18 0
2274 1678 14 20 0
2315 1678 14 19 0
2347 1690 5 6 .
2360 1690 4 6 .
2383 1677 14 21 0
2412 1678 27 20 12
2466 1679 14 19 0

1893 1702 61 22 Tar.
1972 1702 53 22 Coal
2234 1704 10 19 1
2274 1705 14 19 0
2316 1705 13 19 0
2347 1717 17 6 ..
2386 1704 10 20 1
2426 1704 13 20 5
2468 1706 12 19 0

1975 1728 130 22 Stockholm
2235 1731 13 20 2
2276 1732 13 19 0
2317 1731 48 20 0..
2384 1732 14 19 0
2426 1732 13 19 0
2468 1733 13 19 0

1894 1756 47 22 Tea
1950 1764 5 13 :
1966 1756 80 27 Hyson
2052 1755 55 27 skin,
2113 1763 35 20 per
2158 1756 63 22 chest
2235 1758 13 20 4
2276 1758 13 20 0
2317 1758 13 20 0
2348 1771 4 6 .
2360 1771 6 6 .
2385 1758 13 20 6
2426 1758 13 20 G
2468 1760 12 19 0

1969 1784 94 25 Congou
2234 1785 13 20 8
2276 1786 13 19 0
2317 1785 80 20 0..13
2425 1786 14 20 0
2467 1786 13 20 0

1894 1809 103 23 Tobacco
2007 1817 5 13 :
2027 1809 137 27 Negrohead,
2182 1818 41 19 per

2054 1837 30 21 lb.
2097 1837 20 21 in
2133 1837 59 21 bond
2234 1840 13 19 0
2277 1839 9 20 1
2317 1840 48 19 6..
2385 1840 12 20 0
2427 1840 11 20 1
2467 1841 13 19 9

1894 1863 164 22 Turpentine:
2075 1864 40 21 Per
2118 1863 97 28 gallon..
2235 1866 13 19 0
2277 1865 12 22 7
2317 1867 14 19 6
2348 1879 18 6 ..
2385 1867 14 20 0
2426 1868 14 19 8
2468 1868 13 19 0

1898 1891 159 21 Whalebone:
2074 1891 86 21 Perton
2223 1893 41 20 100
2278 1894 13 20 0
2318 1894 96 19 0..120
2428 1896 13 18 0
2470 1896 12 18 0

1898 1917 78 22 Wine:
1992 1918 90 26 Sherry,
2094 1925 34 18 per
2138 1918 50 26 pipe
2199 1932 17 6 ..
2221 1921 28 18 20
2277 1921 14 19 0
2318 1921 13 19 0
2348 1921 51 20 ..40
2427 1922 13 19 0
2470 1922 12 19 0

2005 1945 70 25 Ditto,
2092 1951 34 19 per
2140 1943 80 22 dozen.
2237 1947 8 19 1
2277 1948 13 19 0
2318 1948 13 18 0
2348 1960 6 5 .
2362 1960 4 5 .
2385 1947 14 20 2
2428 1949 13 18 0
2470 1950 12 16 0

2004 1971 61 26 Port,
2075 1978 38 19 per
2122 1971 47 26 pipe
2196 1972 49 20 ..23
2275 1974 13 19 0
2315 1974 14 18 O
2346 1974 51 19 ..40
2425 1974 14 19 0
2466 1975 13 18 0

2072 2004 39 20 per
2119 1998 46 20 doz.
2197 2000 47 19 ..1
2275 2000 14 19 0
2317 2000 13 19 0
2346 2012 19 6 ..
2383 2000 13 20 2
2425 2001 14 18 0
2467 2002 12 18 0

2003 2024 147 28 Champagne,
2165 2024 56 21 ditto
2235 2027 14 20 0
2277 2027 13 20 0
2317 2027 14 19 0
2348 2039 18 6 ..
2385 2027 13 20 0
2427 2028 13 19 C
2468 2028 13 19 0

2004 2052 76 21 Claret
2237 2054 13 19 0
2266 2054 26 20 10
2319 2054 13 19 0
2350 2066 17 6 ..
2386 2054 14 19 0
2428 2054 14 20 0
2469 2055 13 18 0

1898 2079 119 21 Poultry:
2034 2079 79 26 Fowls,
2118 2086 36 19 per
2161 2079 49 26 pair
2216 2095 6 5 .
2237 2082 14 19 0
2279 2081 13 20 3
2319 2081 14 19 6
2350 2093 18 6 ..
2387 2082 13 19 0
2428 2080 13 21 5
2470 2083 13 18 0

2031 2106 84 26 Ducks,
2124 2106 54 21 ditto
2199 2109 51 18 ..0
2277 2108 14 19 5
2319 2108 13 20 0
2350 2120 17 7 ..
2386 2109 13 18 0
2428 2109 13 19 8
2470 2110 12 18 0

2033 2133 79 26 Geese,
2122 2132 52 22 each
2199 2148 17 5 ..
2235 2136 14 19 0
2265 2136 26 19 10
2318 2136 14 19 0
2348 2148 19 5 ..
2385 2136 14 19 0
2414 2135 26 20 12
2470 2137 13 18 0

2031 2159 104 27 Turkeys,
2146 2160 56 21 each
2239 2162 8 20 1
2279 2162 13 20 0
2320 2162 12 20 0
2350 2174 7 6 .
2364 2175 5 6 .
2390 2162 9 20 1
2409 2176 4 4 .
2429 2162 13 20 5
2470 2164 13 19 0

2034 2186 98 27 Pigeons,
2143 2187 78 27 (wild,)

2060 2221 39 19 per
2109 2214 42 27 pair
2237 2216 14 20 0
2279 2217 12 18 0
2319 2216 81 21 0..0
2428 2218 14 19 0
2470 2218 12 18 0

2033 2241 84 25 Ducks,
2124 2241 33 21 do.
2168 2241 51 22 do..
2239 2243 13 20 0
2279 2243 13 20 5
2320 2244 14 19 0
2352 2256 17 6 ..
2388 2244 14 20 0
2430 2245 14 19 0
2470 2245 14 19 0

1899 2269 70 21 Eggs:
1988 2268 43 22 Per
2041 2267 71 22 dozen
2239 2270 13 20 0
2282 2270 9 20 1
2321 2270 13 20 6
2352 2284 17 5 ..
2388 2272 14 17 0
2430 2272 14 18 0
2471 2272 13 18 0

1898 2297 76 21 Cows:
1990 2295 72 23 Milch
2227 2296 25 21 12
2280 2299 14 18 0
2320 2298 14 19 0
2352 2298 51 21 ..20
2430 2301 14 17 0
2472 2300 12 17 0

1898 2324 95 21 Mares:
2010 2322 76 22 Brood
2224 2324 27 20 20
2279 2325 13 19 0
2320 2325 13 20 0
2352 2324 50 22 ..70
2430 2326 14 19 0
2470 2326 14 19 0

1899 2350 113 22 Working
2031 2350 127 21 Bullocks:
2183 2350 42 21 Per

1922 2378 49 26 pair
2225 2378 28 21 30
2280 2380 14 19 0
2321 2380 14 19 0
2352 2378 50 21 ..35
2431 2380 14 19 0
2472 2380 13 19 0

1899 2404 62 21 Hire
1972 2412 26 13 of
2011 2411 67 14 ditto
2086 2411 5 14 :
2108 2404 37 21 Per
2152 2404 52 27 day,
2212 2411 14 14 a

1923 2435 60 18 team
1995 2431 44 21 and
2047 2430 73 22 driver
2240 2433 12 20 0
2268 2432 26 21 15
2322 2433 14 20 0
2353 2446 18 7 ..
2390 2433 14 21 0
2432 2435 13 19 0
2473 2434 12 19 0

1897 2458 88 22 Sheep:
2002 2457 62 22 Each
2238 2461 13 19 0
2268 2460 24 19 15
2320 2461 14 19 0
2352 2463 19 17 .1
2390 2461 10 19 1
2429 2460 13 21 5
2471 2462 13 18 0

1898 2486 62 21 Boat
1972 2485 74 22 Hire:
2063 2485 42 21 Per
2111 2485 44 27 Jay,
2162 2485 63 22 with-

2090 2516 35 17 out
2135 2512 71 22 hands
2216 2529 5 4 .
2237 2515 14 19 0
2268 2515 26 19 10
2321 2515 13 20 0
2352 2528 18 6 ..
2390 2514 9 20 1
2431 2516 14 19 0
2472 2515 13 19 0

1898 2540 85 21 Wages
1990 2547 5 14 :
2026 2539 134 26 Mechanics,
2188 2547 38 20 per

2059 2566 43 28 day
2239 2569 14 19 0
2282 2569 13 20 6
2322 2570 14 19 0
2353 2582 19 6 ..
2390 2569 14 21 0
2432 2571 14 19 8
2474 2571 12 19 0

2035 2594 121 22 Labourers
2174 2597 79 19 ....0
2280 2596 14 20 3
2322 2597 82 20 0..0
2432 2597 14 21 5
2474 2598 13 19 0

1898 2621 80 22 Bark:
1995 2621 30 21 N.
2037 2621 26 21 Z.
2074 2628 39 19 par
2122 2625 33 17 ton
2235 2623 12 20 3
2277 2624 14 19 0
2317 2624 83 20 0..4
2428 2625 14 20 0
2469 2626 13 18 0

1901 2649 75 21 Black
1988 2649 52 21 Dye
2049 2649 47 21 :N.
2105 2648 22 22 Z.
2135 2655 39 20 per
2182 2653 38 17 ton
2235 2649 13 21 5
2277 2651 14 19 0
2319 2651 13 19 0
2350 2663 18 6 ..
2386 2652 14 20 6
2429 2652 14 20 0
2471 2653 14 19 0

1899 2675 86 22 Wool:
2003 2675 28 22 N.
2043 2675 27 21 Z.
2080 2682 38 20 per
2127 2677 19 20 lb
2236 2678 13 19 0
2277 2678 15 20 0
2319 2678 14 20 9
2352 2691 17 5 ..
2386 2680 16 19 O
2432 2679 10 20 1
2471 2679 15 20 0

1898 2703 106 21 Timber:
2031 2703 30 21 N.
2081 2703 26 21 Z.
2118 2703 108 21 furniture

1927 2737 38 20 per
1979 2731 37 20 100
2027 2731 45 20 feet
2240 2732 14 20 2
2282 2733 15 20 0
2324 2733 50 19 0..
2392 2733 14 20 2
2421 2733 26 21 10
2475 2733 14 21 0

1900 2757 124 22 Cordage:
2035 2757 133 28 Englishper
2175 2762 50 17 cwt.
2240 2759 14 21 3
2281 2759 14 20 5
2324 2761 14 19 0
2355 2772 18 6 ..
2393 2761 13 19 0
2434 2762 14 18 0
2475 2761 14 20 0

2027 2785 63 21 JN.Z.
2098 2785 130 21 witnouttar
2241 2786 14 20 3
2284 2786 14 20 0
2325 2787 13 19 0
2357 2799 18 7 ..
2393 2787 14 21 0
2435 2788 15 20 0
2477 2788 14 20 0

1899 2811 119 22 Canvass:
2035 2818 39 20 per
2090 2811 42 22 bolt
2243 2812 53 21 115
2324 2814 83 20 0..2
2435 2814 14 20 5
2477 2815 14 20 0

1900 2839 105 21 Cofber:
2021 2839 104 26 sheeting
2141 2846 39 20 per
2194 2838 29 22 lb.
2242 2841 13 20 0
2284 2840 10 20 1
2325 2840 13 20 6
2355 2853 19 7 ..
2393 2841 14 20 0
2436 2842 15 19 0
2477 2842 14 20 0

2018 2865 64 21 Bolts
2241 2867 14 21 0
2284 2867 10 20 1
2324 2867 82 21 9..0
2435 2869 15 20 0
2477 2870 14 19 0

2017 2891 65 22 Nails
2241 2894 13 20 0
2282 2893 14 21 5
2324 2894 82 20 0..0
2437 2896 14 19 6
2478 2896 13 19 0

1901 2918 78 22 Ll.ad:
1995 2919 65 21 sheet
2069 2926 40 20 per
2120 2922 33 19 ton
2173 2921 79 20 ....30
2280 2922 14 19 0
2322 2921 13 20 0
2355 2922 49 20 ..35
2435 2923 14 20 0
2477 2923 14 20 0

1901 2945 73 22 Ikon:
1987 2946 93 27 English
2094 2947 36 21 bar
2138 2954 40 19 per
2188 2948 68 20 tonl4
2284 2949 14 20 0
2326 2949 13 20 0
2357 2961 19 7 ..
2394 2949 14 20 0
2437 2950 14 20 0
2479 2950 13 20 0

1982 2973 68 27 Hoop
2061 2981 39 20 per
2106 2978 34 17 ton
2225 2974 27 21 25
2281 2976 14 19 0
2322 2976 14 20 0
2355 2988 19 7 ..
2391 2976 15 21 0
2435 2978 14 19 0
2475 2978 14 19 0

1901 3000 44 21 Oil
1958 3000 77 22 Butts
2045 3008 5 14 :
2075 3001 111 22 Gordon's
2206 3008 25 14 or

2047 3027 70 22 Mills'
2125 3035 35 20 per
2169 3028 56 28 imp.

2045 3058 42 19 tun
2239 3057 14 20 3
2282 3058 14 19 0
2323 3058 14 20 0
2354 3070 20 7 ..
2390 3058 15 21 3
2421 3056 26 22 15
2474 3058 14 19 0

1382 3496 132 12 uuKKKuitiu
1531 3496 28 11 ur
1576 3496 26 12 vu
1617 3496 54 12 jlia.-m
1691 3496 7 10 r

1691 3496 81 11 fllUUi.

1625 3512 16 17 &
1664 3516 15 12 8.

1299 3542 35 14 ILE
1340 3542 6 14 :
1361 3541 41 20 per
1410 3532 48 23 hhd
1625 3534 14 21 0
1667 3535 14 19 0

1458 3568 39 20 per
1502 3560 73 22 barrel
1584 3575 7 6 .
1596 3575 7 7 .
1622 3561 14 21 0
1665 3561 13 20 0

1459 3586 90 27 pexftdoz
1627 3588 13 19 0
1655 3588 23 20 11

1365 3614 31 23 N.
1406 3614 26 22 Z.
1444 3621 37 21 per
1490 3614 78 27 gallon
1587 3615 93 20 ..02

1299 3650 83 14 lßrack
1393 3650 5 14 :
1413 3643 43 20 Per
1464 3642 44 26 gal.
1518 3641 26 22 in
1554 3641 59 22 bond
1628 3643 14 19 0
1672 3642 10 19 1

1299 3672 78 19 Ireao:
1394 3669 42 22 Per
1444 3668 43 22 21b.
1501 3668 50 22 loaf
1629 3669 14 20 0
1671 3669 14 20 0

1299 3700 45 19 leef
1351 3704 6 14 :
1373 3695 78 23 Fresh,
1469 3702 90 15 carcase
1575 3702 41 20 per

1401 3722 21 23 lb
1624 3724 14 20 0
1666 3723 13 19 0

1392 3750 53 25 Salt,
1455 3756 39 21 per
1508 3750 70 22 tierce
1591 3763 19 7 ..
1631 3751 8 19 1
1659 3751 24 20 10

1299 3785 79 15 iutter.
1385 3785 6 14 :
1410 3777 62 27 Irish,
1483 3784 40 20 per
1533 3777 30 21 lb.
1588 3791 5 7 •
1601 3791 5 6 .
1626 3778 14 20 0
1668 3778 13 20 0

1406 3804 66 22 Fresh
1630 3805 13 20 0
1674 3806 7 18 i

1299 3834 18 20 lii
1320 3839 76 15 and*:
1411 3831 59 23 First
1475 3831 95 28 quality,
1577 3838 40 20 per

1433 3858 74 28 gallon
1518 3859 23 21 in
1553 3859 60 21 bund
1628 3860 13 20 0
1668 3858 14 21 5

1299 3893 71 15 >rown
1391 3886 85 22 Stout:
1500 3892 42 21 per
1556 3885 52 22 hhd.
1624 3886 14 21 5
1667 3887 14 20 0

1299 3914 72 20 ligars
1380 3920 5 14 :
1399 3913 101 25 Manilla,
1510 3919 39 20 per
1552 3913 64 26 looo,

1434 3939 24 21 in
1467 3938 59 22 bond
1537 3952 72 10 .......
1628 3939 15 21 2
1670 3939 14 20 0

1392 3963 171 28 Chinsurahper
1568 3965 40 23 1QI)
1629 3964 12 20 I
1671 3965 14 19 0

1704 3513 18 15 d.
1780 3513 16 16 £
1860 3514 12 17 0

1707 3535 14 20 0
1739 3548 19 6 ..
1779 3535 13 20 0
1820 3535 14 20 0
1861 3546 6 16 (
1871 3549 2 6 .

1706 3562 13 19 0
1738 3574 19 7 ..
1777 3563 14 19 0
1819 3562 14 20 0
1861 3576 13 17 0

1709 3589 14 19 0
1740 3601 19 7 ..
1780 3590 12 19 0
1809 3589 25 20 13

1707 3616 14 19 0
1740 3629 19 6 ..
1779 3617 12 19 0
1820 3616 13 20 0
1862 3611 14 20 0

1711 3643 14 19 6
1741 3656 20 6 ..
1780 3644 13 20 0
1821 3644 13 20 2
1862 3647 12 19 0

1711 3671 13 18 0
1742 3683 19 6 ..
1780 3671 14 19 0
1822 3671 12 20 0
1862 3671 14 19 6

1707 3723 14 21 8
1739 3737 20 7 ..
1779 3726 13 20 0
1820 3725 14 21 0
1850 3725 23 21 11

1711 3751 13 20 0
1742 3765 18 6 ..
1779 3752 13 21 3
1821 3753 14 19 0
1861 3755 13 17 0

1709 3779 83 21 90
1823 3779 9 21 1
1863 3780 13 20 0

1711 3805 14 21 6
1743 3819 18 7 ..
1781 3807 13 20 0
1822 3807 14 21 0
1863 3807 13 19 0

1710 3860 13 20 0
1741 3873 19 6 ..
1780 3861 12 19 0
1822 3859 12 22 7
1862 3860 14 20 6

1708 3887 13 20 0
1739 3901 19 6 ..
1780 3887 13 21 6
1809 3887 26 21 10
1863 3889 12 18 0

1710 3940 14 19 0
1741 3951 20 8 ..
1780 3940 14 20 3
1822 3941 14 19 0
1862 3942 14 19 0

1712 3965 14 21 0
1742 3976 21 8 ••
1780 3966 15 18 0
1822 3967 14 19 0
1862 3969 14 17 0
