2436 3851
40 8 2357 101 THE

40 109 569 163 OXFORD
720 117 292 155 AND
1142 114 381 165 OUST
1612 114 785 168 OBSERVER

555 301 182 53 AND
810 301 583 57 CANTERBURY
1465 307 389 60 LIBERAL.

649 385 518 35 CIROXJL^TINGh
1213 386 516 41 THROUGHOUT

1059 483 66 26 jBKI.
1277 483 98 26 Pnf^i
1395 483 93 26 ■Cr'l
1755 483 92 26 ilinir
1985 483 106 26 *^K3^^

1042 563 225 30 Established
1310 563 91 30 1889.

752 675 105 30 EAST
909 675 184 35 OXFORD,
1138 671 240 39 SATURDAY,
1426 669 105 32 MAY.
1569 671 28 33 6,
1659 671 77 30 J893

14 678 28 32 V
43 690 37 21 OL
102 677 131 33 4_No.
279 669 86 41 198.1

1970 671 135 31 Peioe—
2106 671 86 31 ONE
2228 670 146 32 PENNY

2027 837 115 26 GREAT
2173 838 87 27 SALE

2132 885 30 17 OP

1883 911 208 33 TEWELLRY,
2126 915 177 28 WATCHES,
2338 916 72 25 DIA-

1876 948 22 20 O
2040 947 98 25 MOND
2156 948 121 30 GOODS,

1877 981 128 28 SILTER
2023 983 72 26 AND
2117 985 294 35 ELECTRO-PLATE!

1876 1020 47 25 AT
1942 1021 22 24 A
1980 1022 174 26 DISCOUNT
2178 1025 44 24 OF
2238 1026 29 24 4s
2284 1026 37 24 IN
2339 1026 71 25 THE

1976 1061 126 30 POUND,
2114 1063 68 25 FOR
2192 1063 24 25 A
2234 1065 77 26 FEW

1914 1133 2 2 .
1944 1129 9 7 ,
1992 1119 2 2 ■
2027 1102 124 27 WEEKS
2160 1104 100 26 ONLY.

1910 1146 115 29 £10,000
2042 1147 73 26 value
2126 1150 27 24 to
2165 1148 76 27 select
2263 1150 66 26 fronl
2349 1152 27 24 at

1879 1204 68 45 M.
2009 1206 402 56 SANDSTEM

1889 1281 108 22 DIRECT
2010 1284 387 29 IMPORTER,fcWATCHMAKER

2023 1321 59 21 AND
2097 1322 165 27 JEWELLER,

1874 1355 114 23 CASHEL
2002 1358 40 22 ST.
2062 1359 87 26 WEST,
2170 1360 239 25 OHRISTCHURCH.

2019 1461 163 28 Established
2195 1465 73 25 1862.
2354 1443 10 29 l

1899 1534 30 21 M.
1942 1535 160 25 SANDSTEIN
2112 1539 40 22 has
2167 1541 115 26 appointed
2291 1542 44 21 Mb.
2344 1542 25 22 R.
2380 1543 30 22 H.

1870 1568 82 21 Pabish
1968 1576 24 14 as
2009 1571 35 20 his
2059 1573 80 21 Oxford
2152 1573 104 27 AGENT,
2270 1575 49 21 who
2334 1577 44 20 will
2387 1583 14 15 »

1871 1606 43 19 any
1924 1601 52 21 time
1985 1609 94 18 procure,
2094 1610 28 14 on
2138 1605 148 27 approbation,
2304 1608 107 25 Watches,

1871 1633 83 27 Clocks,
1964 1636 44 20 and
2017 1637 116 26 Jewellery,
2142 1639 34 20 for
2192 1639 35 21 his
2239 1640 80 22 Oxford
2335 1642 76 21 clients

1873 1667 22 21 to
1905 1669 65 20 select
1983 1670 65 25 from,
2058 1672 24 20 at
2092 1672 36 21 the
2146 1678 60 16 same
2215 1674 57 26 price
2288 1682 25 14 as
2319 1676 92 26 charged

1869 1700 23 20 at
1902 1699 42 22 the-
1948 1701 154 23 Christchnrch
2110 1704 179 23 Establishment.
2341 1719 6 3 -

1909 1753 64 41 M.
2017 1756 356 43 SANDSTEIN*

2017 1813 112 23 OASHEL
2142 1816 120 27 STREET,

1960 1856 359 44 eHRISTCHUjBOS-
2383 1870 5 4 '

1874 2077 77 57 A.
1970 2079 82 57 D.
2083 2081 322 63 lln*«aill

1992 2168 292 43 SADDLER

2106 2235 60 21 AND

1870 2278 277 44 HARDWARE
2166 2283 228 43 IMPORTER

2012 2344 92 26 HIGH
2122 2345 143 32 STREET,

1952 2389 365 67 OUST.

1871 2485 168 57 DESIRES
2057 2490 26 23 to
2095 2497 131 19 announce
2238 2492 57 26 that
2306 2492 28 25 m
2345 2493 62 26 view

1945 2519 28 25 of
1985 2520 44 25 tho
2052 2523 169 33 approaching
2242 2525 109 31 harvest,
2375 2526 33 25 he

1871 2556 46 24 has
1940 2558 73 24 made
2036 2567 34 16 an
2093 2561 126 25 extensive
2241 2563 122 31 purchase
2383 2564 28 25 of

1868 2594 136 26 BINDER
2026 2596 116 27 TWINE
2167 2599 51 25 and
2241 2600 165 27 MACHENE

1869 2632 79 27 OILS
1966 2634 82 26 which
2059 2636 32 24 he
2100 2636 24 25 is
2135 2638 118 31 prepared
2268 2640 25 24 to
2316 2641 90 31 supply

1869 2672 26 24 at
1908 2671 42 26 the
1961 2672 87 27 lowest
2059 2676 184 26 remunerative
2265 2678 88 31 prices.

1870 2744 54 25 The
1935 2744 127 34 following
2069 2747 92 26 brands
2170 2757 41 17 are
2219 2749 59 33 kept
2289 2751 28 24 m
2326 2751 80 25 stock:

1905 2788 132 34 Donagby,
2056 2791 115 31 Manilla,
2184 2792 85 27 Mixed
2281 2795 50 24 and
2343 2795 66 25 Flax

1872 2828 106 31 Twines,
1998 2830 134 27 Auckland
2145 2832 75 26 Fibre
2232 2834 56 30 CO3,
2301 2835 107 27 Manilla

1872 2867 59 25 Star
1939 2868 50 24 and
2001 2868 71 30 Flax,
2093 2871 50 24 and
2164 2871 91 26 Mason
2276 2873 130 27 Struthers

1872 2905 57 25 well
1940 2906 92 26 known
2043 2906 106 28 Lurline
2161 2909 85 34 Hemp
2264 2912 95 27 Twine.

1908 2944 54 24 The
1972 2944 77 25 Stock
2061 2946 27 24 of
2098 2947 63 25 Oils
2172 2947 23 25 is
2207 2950 122 31 complete
2352 2960 58 17 con-

1875 2980 91 33 sisting
1988 2982 28 25 of
2042 2983 77 32 Lard,
2143 2985 94 30 Castor,
2270 2988 141 31 Vnlvoiine,

1875 3019 98 26 Golden
1991 3021 157 34 Machinery,
2172 3024 84 31 Colza,
2278 3026 51 26 Pea
2350 3029 61 28 Nut,

1873 3059 136 31 Neatsfoot,
2027 3062 62 25 Raw
2112 3064 50 25 and
2185 3064 90 27 Boiled
2293 3067 117 26 Linseed.

1873 3098 110 32 Aprons,
1996 3100 49 25 and
2062 3100 130 28 Elevators
2200 3127 4 7 :
2208 3104 74 26 made
2302 3106 50 24 and
2375 3115 36 17 re-

1872 3139 86 31 paired
1967 3160 4 3 .
1978 3141 35 24 atv
2044 3140 110 28 shortest
2187 3144 93 26 notice.
2317 3146 94 26 Binder

1873 3177 80 33 whips
1965 3177 98 28 Canvas
2074 3179 99 33 batons,
2185 3182 77 26 rivets
2275 3184 51 26 and
2338 3185 72 26 Pole-

1875 3219 89 30 straps,
1978 3218 59 32 kept
2045 3219 27 25 m
2092 3222 105 32 variety.

1891 3257 23 25 A
1924 3258 69 32 large
2004 3260 118 32 quantity
2131 3260 28 26 of
2168 3261 90 26 Horse
2268 3261 142 29 Medicines

1876 3297 93 34 always
1980 3307 33 17 on
2035 3299 70 26 hand
2126 3301 130 34 including
2278 3304 133 26 Elliman's

1878 3338 126 33 Slesinger
2026 3341 50 24 and
2098 3341 148 33 Abilgaards
2275 3344 136 26 Embroca-

1877 3376 61 29 tion,
1964 3377 146 33 Slesingers'
2140 3379 143 33 Leemings,
2318 3382 93 25 James'

1878 3416 51 24 and
1939 3416 112 25 Stevens'
2065 3418 155 32 Blisterings,
2238 3420 95 32 Fryer's
2353 3421 58 25 Bal-

1878 3462 62 21 sam,
1966 3454 82 26 Sweet
2058 3455 80 31 Nitre,
2154 3456 94 32 Spavin
2259 3457 83 26 bruise
2353 3465 54 19 con-

1879 3494 88 29 dition,
1987 3495 49 24 and
2060 3496 90 24 Worm
2171 3496 125 29 Powders,
2316 3497 53 25 also
2397 3506 14 16 a

1878 3532 84 24 varied
1985 3532 70 24 stock
2077 3534 28 23 of
2127 3534 124 30 Saddlery-
2265 3535 28 23 m
2316 3535 34 24 all
2379 3536 32 24 its

1879 3568 130 25 branches.
2358 3568 4 17 ;

1912 3606 151 25 Horse-hair
2072 3607 50 24 and
2134 3608 121 25 Boeswax
2265 3608 146 32 purchased.

1882 3645 97 26 Second
1989 3647 69 24 hand
2067 3647 97 26 saddles
2172 3657 4 5 ■
2183 3647 95 32 bought
2300 3648 50 25 and
2372 3657 39 16 ex-

1880 3686 113 31 changed
2014 3686 65 25 Nfoi-
2093 3695 63 17 new.
2191 3688 81 30 Agent
2301 3688 39 25 for
2372 3689 39 24 the

1879 3724 127 31 Lyttelton
2018 3724 82 25 Times
2112 3725 134 32 Company,
2265 3726 49 24 and
2333 3726 78 25 South

1880 3762 96 24 British
1987 3762 138 25 Insurance
2133 3762 47 29 Coy
2209 3762 77 30 ,Or4ei
2284 3762 5 15 ;
2289 3771 13 17 s
2314 3763 32 32 by
2353 3765 58 30 jl'ost

1880 3807 28 17 or
1920 3800 120 32 telegram
2047 3800 126 33 promptly
2184 3800 118 26 attended
2313 3802 33 24 to.

1288 835 182 48 JOHN
1535 837 292 57 INGKAM,

1286 922 59 22 HAS
1359 924 57 21 FOE
1430 924 72 21 SALE
1518 926 39 21 BY
1571 926 125 22 PiJIVATE
1710 926 120 23 TREATY.

1397 1071 33 20 On
1439 1074 92 20 aocourt
1541 1074 22 20 of
1572 1074 36 21 Mr
1618 1074 106 21 Johnson.

1290 1133 60 28 Shop
1355 1135 44 21 and
1413 1136 105 29 dwelling,
1527 1140 100 26 fronting
1637 1140 42 25 the.
1684 1140 61 21 Main
1759 1139 68 25 Road,

1289 1162 98 25 opposite
1396 1163 94 24 Pearson
1510 1166 60 21 Park
1593 1174 28 14 on
1641 1168 47 20 half
1696 1174 29 14 an
1744 1168 53 20 Acre
1806 1167 23 20 of

1287 1187 60 22 land.
1735 1188 10 7 *

1288 1352 57 23 That
1364 1356 134 24 two-storied
1514 1359 103 28 Building
1635 1368 28 15 on
1683 1361 36 22 the
1736 1360 96 26 Terrace,

1289 1382 98 26 opposite
1397 1383 45 22 Mrs
1450 1385 81 23 Leurs'.

1385 1491 34 20 On
1429 1494 90 20 account
1529 1495 23 19 of
1561 1495 36 21 Mr
1611 1496 30 21 H.
1651 1496 82 21 Heaen.

1286 1536 40 21 His
1336 1543 51 21 very
1402 1538 101 28 compact
1531 1542 56 25 little
1596 1544 102 27 Property
1714 1544 25 20 m
1757 1544 72 25 Queen

1286 1564 74 25 Street,
1370 1568 126 26 containing
1505 1569 65 21 about
1578 1571 28 26 4£
1615 1571 64 20 Acres
1688 1571 22 19 of
1716 1569 113 25 rioMand,

1272 1611 3 4 ,
1287 1590 125 23 subdivided
1422 1593 48 22 into
1479 1597 81 19 several
1570 1597 64 21 small
1643 1597 114 26 paddocks,
1776 1596 51 21 with

1286 1617 54 23 good
1358 1619 74 21 House
1451 1622 95 26 thereonj
1566 1623 59 21 brick
1642 1624 54 20 well.
1720 1624 52 20 Cost
1791 1623 36 20 the

1286 1649 71 15 owner
1366 1646 63 21 £250.
1456 1648 51 21 Will
1519 1649 24 21 be
1553 1650 46 21 sold
1609 1651 23 21 at
1642 1657 13 15 a
1665 1656 49 20 very
1724 1650 103 22 consider-

1283 1670 46 21 ab'e
1338 1673 110 22 reduction
1458 1681 28 15 on
1495 1676 71 22 above
1576 1677 62 26 price.

1369 1751 33 20 On
1416 1756 91 20 account
1517 1756 22 20 of
1547 1756 45 21 Bey
1611 1757 30 20 M.
1657 1757 85 21 Baxter.

1287 1835 27 20 35
1336 1836 65 22 Acres
1424 1839 22 20 of
1468 1841 63 21 Land
1547 1843 74 26 nearly
1654 1844 96 25 opposite
1785 1844 37 21 the

1367 1874 121 26 Saleyards.
1502 1876 3 6 '
1518 1876 4 3 *
1585 1887 4 3 •
1642 1888 17 4 ••
1677 1887 9 4 -
1706 1890 18 3 --

1284 1949 27 20 87
1324 1949 64 21 Acres
1397 1952 23 19 at
1430 1952 59 22 West
1498 1954 68 21 Oxfor
1567 1954 18 27 J,
1598 1961 48 16 now
1658 1956 25 21 m
1695 1956 127 28 occupation

1367 1989 23 20 of
1406 1988 32 22 Mr
1447 1990 79 26 Meyer.
1670 2003 4 4 ■

1343 2063 39 21 750
1395 2064 64 22 Acres
1473 2067 23 19 m
1510 2067 155 28 Bampaddock

1288 2136 69 27 Large
1368 2138 62 21 Store
1439 2141 97 25 opposite
1546 2142 92 27 Church,
1660 2144 54 21 East
1734 2145 87 21 Oxford.

1281 2210 107 28 Dwelling
1410 2213 74 23 House
1507 2215 112 28 adjoining
1645 2218 84 27 Orange
1757 2220 61 21 Hall-

1493 2401 36 21 TO
1543 2402 64 22 LET.
1714 2391 94 33 •■'.'.-

1441 2448 28 20 In
1486 2450 83 21 Horn's
1578 2451 84 21 Estate.

1281 2481 62 22 Good
1352 2483 99 28 dwelling
1460 2485 52 22 with
1522 2486 44 22 Ten
1576 2494 58 15 acres
1644 2489 24 21 of
1674 2490 59 21 land.

1285 2650 192 36 JOHN
1509 2650 311 43 IN(}RAM

1281 2700 23 32 V

1435 2765 239 33 AUCTIONEER,

1369 2911 27 26 O
1434 2909 29 31 X
1498 2912 24 30 F
1559 2912 26 31 0
1601 2906 3 2 '
1623 2913 27 31 R
1688 2914 26 30 D
1738 2938 5 7 .

1289 3083 141 46 Mils
1444 3086 378 61 MITCHELL,

1274 3179 23 19 ....
1349 3151 277 43 BOARDINGHOUSE
1651 3157 120 41 KEEPER

1289 3208 196 35 EAST
1516 3212 310 40 OXFORD

1378 3275 4 4 •
1404 3271 105 23 TEKMS
1531 3274 177 24 MODERATE
1761 3276 5 4 '

1288 3311 119 26 EVERY
1416 3313 190 28 ATTENTION
1620 3318 26 24 to
1656 3318 174 29 BOARDERS

1326 3437 112 53 ,Gh;
1472 3441 316 51 SMITH,

1296 3508 87 47 ZINC,
1407 3512 68 39 UN,
1501 3514 64 37 AND
1587 3515 120 44 SHEET,
1731 3518 102 38 STEEL

1501 3579 137 23 worker

1331 3624 87 40 High
1442 3625 112 41 Street,
1577 3628 80 31 East
1680 3629 130 39 Oxford,

1297 3724 41 25 All
1350 3725 72 25 kinds
1435 3727 27 24 of
1674 3734 22 21 &
1712 3732 122 31 Eepaired

1411 3772 26 24 at
1451 3771 42 25 the
1507 3772 109 26 shortest
1628 3775 91 25 notice.

1247 3798 6 31 I

682 2006 223 62 ROBERT
988 2011 226 74 FISHER,

719 2086 178 28 GENERAL
919 2089 264 28 STOREKEEPER

694 2135 97 44 Teas,
833 2134 133 46 Coffees,
1005 2136 128 45 Cocoas,
1169 2147 21 28 a

782 2185 143 39 General
948 2186 182 40 Groceries-

731 2236 143 31 WEST
938 2237 223 33 OXFORD.

719 2336 443 46 SADLLEEY.

676 2408 80 52 H.
783 2409 62 53 J.
863 2409 350 58 LAMING

771 2486 347 38 SADDLER

912 2533 62 20 AND

679 2569 288 39 HARNESS
1003 2572 210 39 MAKER

826 2622 72 24 Neav.
916 2622 149 31 Saleyakds,

713 2665 46 41 O
784 2665 65 41 X
873 2666 46 39 F
944 2666 46 41 O
1016 2668 53 39 B,
1094 2669 45 39 D
1166 2698 14 11 .

678 2738 87 25 Orders
778 2740 50 24 and
845 2740 105 31 Repairs
961 2742 125 31 promptly
1098 2743 118 24 executed

841 2785 27 23 at
879 2783 86 26 lowest
976 2787 37 21 rat
1017 2792 33 17 os.

783 2849 144 40 HOPwSE
950 2850 163 41 COVERS
1196 2887 6 9 ,

680 2901 99 40 made
792 2903 36 38 to
845 2903 103 39 Order
963 2903 69 40 and
1047 2905 171 49 Repaired

739 3016 260 27 CALEDONIAN
1016 3019 146 27 HOUSE.

682 3078 218 45 JAMES

764 3135 82 26 BOOT.
865 3135 84 27 SHOE.
966 3137 25 26 &
1006 3137 124 27 SLIPPER

816 3167 263 34 Manufactubeb.

785 3213 118 31 WEST
937 3216 180 31 OXFORD.

684 3265 48 21 Has
743 3272 28 14 on
780 3265 63 21 hand
852 3272 13 14 a
875 3266 103 25 splendid
986 3269 133 19 assortment
1125 3269 23 20 of
1154 3270 69 21 13oots

685 3298 42 19 and
740 3297 69 20 Shoes
819 3297 66 21 made
905 3304 29 14 on
943 3298 39 21 the
991 3300 107 25 premises
1117 3302 24 20 at
1152 3298 69 30 prices

684 3329 54 21 that
748 3330 51 26 defy
809 3330 151 26 conipetrtion.
988 3331 61 26 Boys
1058 3333 81 21 School
1164 3335 56 25 oots,

684 3362 58 20 back
752 3369 72 14 seams
833 3363 46 20 and
887 3363 65 20 front
960 3363 63 21 hand
1030 3370 66 19 sewn,
1105 3367 83 20 cannot
1195 3367 28 20 be

685 3394 126 25 surpassed.
844 3395 68 20 Men's
922 3395 49 20 best
977 3397 149 25 watertights,
1136 3399 87 26 pegged

686 3426 50 27 15/-.
776 3426 99 27 Bespoke
898 3426 141 26 deparhnent
1062 3429 109 26 carefully,
1191 3431 34 20 at-

685 3458 72 23 tande.
785 3460 30 19 to.
844 3459 40 20 Fit
903 3459 46 20 and
966 3459 153 23 Workmanshj
1129 3469 8 7 ■>
1157 3462 68 21 Guar-

685 3491 88 20 anteed.
802 3491 93 25 Eepairs
904 3491 77 24 neatly
992 3492 44 20 and
1045 3494 114 27 prcinptly
1169 3495 57 21 done

686 3523 26 20 at
719 3523 132 21 reasonable
874 3523 58 21 rices

717 3583 27 14 an
748 3577 28 19 eh
790 3577 182 20 Efctablishment
979 3585 6 11 :
1000 3577 60 21 Near
1079 3578 67 21 Town
1166 3580 64 25 Hall,'

874 3604 58 21 Fnst
941 3603 92 21 Oxford.

712 3679 50 37 G.
790 3679 47 37 E.
868 3679 343 47 WEYLANDT,

825 3742 110 27 FAMILY
953 3743 145 27 BUTCHER.

733 3778 159 41 FAST
924 3779 262 43 OXFORD,

45 2030 38 54 T.
127 2030 45 62 J.
215 2029 357 58 WEEBER,

121 2093 72 32 High
206 2093 89 29 Street,
308 2094 64 24 East
393 2093 102 25 Oxford.

118 2153 126 28 PICTURE
264 2152 100 28 FRAME
386 2152 105 27 MAKER

40 2206 102 25 Picture
153 2206 95 24 Frame
257 2206 148 31 Mouldings
420 2213 28 18 or
472 2206 59 24 sale.

37 2246 84 33 Agent
127 2246 39 28 fqr
180 2245 39 27 W.
232 2245 143 27 Eaihbow's
393 2246 185 31 Preparations.

90 2305 16 11 „
173 2286 138 26 Ellisdon's
324 2286 133 32 Neuralgic
468 2286 92 31 Drops.

89 2344 17 12 „
173 2325 95 27 United
286 2326 138 26 Insurance
447 2325 133 33 Company

35 2367 28 26 of
74 2366 108 34 Sydney.

39 2477 22 25 A
73 2486 55 17 new
139 2477 37 26 lot
188 2477 28 26 of
226 2477 216 33 Paperhangings,
466 2479 52 31 just
540 2487 36 16 re-

42 2516 92 29 ceived,
146 2516 65 26 from
224 2516 114 32 sixpence
356 2524 44 23 per
419 2517 77 31 piece.

223 2639 313 46 STOCKS,

43 2700 344 31 MONUMENTAL
409 2701 172 37 MASON,

167 2752 132 31 Madras
322 2752 127 37 Steeet,

85 2805 454 32 CHRISTCHURCH.

50 2897 160 60 WISHES
230 2900 25 23 to
272 2898 86 25 inform
371 2906 98 24 persons
489 2899 23 24 m
522 2901 63 22 want

139 2932 27 24 of
181 2932 164 24 Monumental
370 2932 75 29 \York
473 2933 53 23 that
555 2933 30 23 lie

46 2965 97 24 intends
163 2967 25 21 to
212 2964 88 26 SELL
329 2964 61 26 HIS
424 2965 161 24 PRESENT

47 2996 117 26 LARGE
186 2997 118 29 STOCK,
322 2997 132 32 consisting
471 2997 25 25 of
508 2997 76 25 Gran-

48 3030 34 24 ite
100 3029 102 31 Marble,
228 3030 47 24 and
301 3031 68 23 other
397 3030 74 25 Stone
499 3030 87 25 Monu-

49 3065 86 26 ments,
165 3066 26 21 at
209 3076 1 1 •
219 3063 162 32 considerably
417 3063 168 26 REDUCED

48 3096 133 26 PRICES.
216 3097 55 24 Iron
291 3097 99 29 Fences,
411 3097 111 24 Concrete
539 3098 47 23 and

50 3130 74 26 Stone
141 3129 127 32 Koroings,
287 3130 100 24 reduced
398 3130 25 24 m
440 3131 70 30 [rice.
546 3130 40 24 In-

49 3163 127 32 scriptions
194 3163 48 24 and
260 3162 34 26 till
311 3163 66 24 work
395 3163 23 24 m
448 3164 139 24 connection

50 3197 57 25 with
127 3197 40 24 the
184 3197 69 24 trade
265 3197 61 25 done
337 3196 24 25 m
374 3197 17 24 fi
395 3197 110 25 rot-class
518 3198 68 31 style.

52 3230 75 30 Early
146 3230 134 31 inspection
299 3230 98 24 invited.
435 3230 94 25 Several
538 3239 51 16 new

52 3263 61 25 lines
130 3263 75 30 lately
234 3263 101 25 arrived.
370 3263 54 31 Any
452 3264 137 24 reasonable

51 3297 60 24 offer
127 3296 38 24 for
181 3297 41 23 the
240 3302 94 26 present
351 3296 68 25 stock
437 3297 49 24 will
513 3296 77 25 result

50 3331 25 24 m
92 3339 14 15 a
124 3331 59 25 sale.
220 3331 76 24 Want
319 3333 25 22 to
363 3331 91 24 realise.

52 3450 47 46 J.
122 3449 54 44 T.
205 3449 200 53 Brown,
428 3450 41 43 &
491 3450 95 45 Son

108 3516 110 22 TIMBER
229 3516 18 21 &
257 3516 73 21 COAL
344 3516 182 22 MERCHANTS.

230 3554 165 20 IMPORTERS

55 3591 35 28 Of
120 3591 142 27 TIMBER
291 3592 54 26 and
374 3591 50 27 All
454 3592 87 26 Kinds
566 3592 28 26 of

110 3638 186 27 BUILDING

246 3684 151 27 CORNER
420 3706 3 3 .

53 3734 166 28 COLOMBO
259 3735 19 23 &
307 3733 98 25 TUAM
437 3733 158 27 -STREETS

215 3778 194 26 CFBISTCHUECn

409 782 57 41 J.
506 782 58 40 S.
591 784 227 48 COO3S,

586 834 43 20 The
650 834 93 26 People's
760 836 99 26 Chcviist,

701 872 92 25 washol
809 873 97 33 Stroot,

842 911 280 27 CHEISTCHURCH.

760 963 129 32 (Opposite
901 965 42 24 the
963 966 56 24 A.I.
1033 966 88 33 Hotel)

52 1032 12 20 I
73 1032 54 20 have
137 1031 97 26 pleasure
244 1031 23 20 m
278 1031 106 25 thanking
393 1036 36 21 my
438 1031 80 21 friends
529 1032 43 20 and
581 1034 122 24 supporters
714 1033 34 20 for
758 1034 36 19 tho
810 1035 122 20 confidence
951 1033 53 30 andjj
1012 1043 50 18 very
1079 1036 75 22 liberal
1172 1038 39 25 pat

25 1074 79 19 ronage
123 1067 70 20 which
203 1067 40 20 has
254 1067 50 21 been
313 1067 101 20 extended
424 1069 21 19 to
454 1074 32 14 me
493 1069 34 19 for
536 1068 36 21 the
582 1070 49 25 past
639 1075 69 20 years,
717 1070 12 20 I
739 1071 55 20 trußt
803 1071 49 21 that
870 1072 12 20 I
901 1072 56 21 shall
973 1073 63 20 merit
1054 1073 37 21 the
1110 1073 114 22 continued

24 1107 117 25 patronage
149 1104 23 21 of
181 1111 36 19 my
226 1103 81 23 friends
316 1103 44 22 and
369 1104 36 21 the
415 1104 71 27 public
493 1106 114 26 generally,
634 1106 84 27 During
727 1107 36 21 the
772 1114 61 20 years
842 1109 12 20 I
868 1109 54 21 have
936 1109 53 21 been
998 1109 23 21 m
1038 1111 153 22 Christchurch
1205 1112 12 20 I

25 1142 54 21 have
89 1142 111 26 dispensed
208 1148 65 20 many
281 1141 118 22 thousands
409 1143 22 20 of
441 1143 150 27 prescriptions
602 1144 43 21 and
654 1146 137 26 successfully
801 1147 81 21 treated
893 1147 79 21 several
994 1148 120 21 thousands
1142 1150 23 20 of
1183 1156 37 19 my

24 1179 99 27 patients.
150 1179 57 20 lam
217 1180 52 25 fully
280 1179 127 25 acquainted
415 1180 53 20 with
476 1180 37 20 the
527 1180 97 21 business
631 1182 23 19 m
664 1182 29 19 alt
703 1182 29 20 its
742 1182 109 26 branches,
915 1184 17 21 it
936 1185 20 20 is
959 1191 38 21 ray
1007 1185 121 22 endeavour
1144 1187 79 25 always

59 1215 120 28 personally
193 1215 74 22 attend
277 1217 22 20 to
309 1215 34 21 the
351 1216 153 26 requirements
513 1217 44 21 and
563 1217 74 21 obtain
649 1218 36 22 the
694 1219 122 22 confidence
831 1220 23 21 of
872 1220 29 22 all
920 1221 47 22 who
986 1222 75 26 kindly
1078 1223 76 22 favour
1186 1229 34 16 me

24 1253 52 22 with
87 1253 55 22 their
152 1254 124 26 patronage.

25 1293 65 21 TRY
109 1293 51 21 MY
183 1292 95 22 CURE
296 1291 147 27 FOR|ALL
461 1292 166 28 KINDSgOF
643 1295 82 21 SKIN
756 1297 174 22 DISEASE—

188 1328 13 21 I
210 1334 36 15 am
256 1328 135 26 exceedingly
399 1329 116 20 successful
526 1328 23 21 m
560 1335 36 19 my
602 1330 101 21 remedies
713 1331 33 20 for
756 1332 44 21 this
807 1333 125 25 complaint,
942 1334 54 21 have
1006 1341 12 15 a
1023 1334 58 27 large
1098 1335 92 21 number
1205 1337 23 21 of

230 1365 151 21 testimonials.
698 1360 6 10 v

25 1410 66 28 CRY
110 1412 50 21 MY
179 1412 75 21 NEW
272 1411 145 22 REMEDY
436 1412 63 21 FOR
519 1412 98 22 LIVER
629 1413 225 24 COMPLAINTS
871 1417 70 21 AND
961 1418 256 23 INDIQESTION-

188 1446 115 21 Hundreds
313 1447 22 20 of
344 1453 37 20 my
390 1448 95 25 patients
494 1447 55 21 have
559 1448 79 26 proved
647 1449 18 21 it
675 1449 75 27 highly
765 1451 145 27 satisfactory.

174 1495 81 32 Large
268 1494 83 27 Stock*
361 1495 27 25 of
397 1495 34 25 all
442 1495 73 26 kinds
527 1496 26 25 of
563 1496 89 25 Patent
675 1497 134 26 Medicines
833 1502 26 23 at
887 1500 72 26 Store
976 1502 92 25 Prices.

258 1549 22 25 A
292 1549 129 35 complete^
435 1550 150 25 Assortment,
605 1552 26 24 of
651 1553 178 31 Homoepalhic
857 1554 141 27 Medicines.

90 1599 44 27 All
151 1600 126 26 DRUGS
294 1601 193 25 Guaranteed
505 1601 84 33 Pure,
607 1602 75 26 Best
703 1603 130 35 Quality,
854 1605 56 25 and
928 1607 118 25 Lowest
1073 1607 91 26 Price.

226 1648 304 26 PBESCRIPTIONS
547 1652 120 32 carefully
685 1653 50 23 and
754 1654 113 30 correctly
890 1655 134 31 dispensed.

363 1702 613 39 CONSULTATIONS
1014 1709 194 34 JPJEMtiIZ

457 1758 116 31 JOHN
596 1758 28 32 S.
651 1759 147 39 COOKE,

423 1819 150 31 'Registered
607 1821 209 26 Pharmaceutical
834 1824 118 30 Chemist,
1042 1844 3 3 .

412 1866 147 26 ".■'"*
766 1864 116 31 CasheT
903 1871 116 32 Street,
1055 1864 9 5 ~

897 1917 279 29 OHRISTOHURCH.
