2473 3910
619 671 139 40 Oxford
781 671 69 40 and
873 671 92 40 Cust
988 671 208 40 Observer.

747 772 190 19 PUBLISHED
956 773 159 23 WEEKLY.

733 857 168 23 SATURDAY,
915 857 62 22 MAY
985 859 53 25 6th,
1055 860 60 20 1893.

705 966 33 30 It
751 967 27 30 is
800 978 77 29 very
902 968 170 31 noticeable
1102 973 31 26 to
1159 980 39 19 an

665 1008 219 40 unprejudiced
931 1011 144 30 observer
1119 1012 79 35 that,

667 1049 87 31 when
769 1050 50 30 Mr
836 1050 109 31 Scobie
955 1050 176 32 Mackenzie
1145 1053 52 29 de-

664 1091 117 29 livered
792 1091 47 29 his
868 1093 197 29 remorseless
1093 1093 106 30 attack

664 1142 41 19 on
726 1132 54 29 the
807 1132 185 31 Ministerial
1021 1133 103 40 policy
1164 1137 35 27 at

664 1172 131 41 Naseby.
841 1174 60 30 His
947 1174 95 37 mind,
1086 1176 110 40 surely,

664 1218 83 25 must
774 1215 79 29 have
881 1216 76 29 been
986 1226 18 19 a
1032 1217 79 28 little
1145 1227 53 19 un-

663 1254 125 39 hinged,
799 1266 32 19 or
844 1256 171 36 otherwise,
1030 1257 53 29 the
1099 1267 99 29 germs

665 1295 33 29 of
713 1296 48 29 his
785 1296 60 30 evil
873 1297 202 38 imagination
1100 1298 99 29 would

663 1347 95 19 never
773 1337 78 30 have
863 1338 166 39 developed
1040 1339 65 29 into
1121 1339 77 30 such

642 1379 4 5 '
664 1387 37 20 au
712 1377 136 40 illogical
863 1389 111 30 savage
985 1379 211 29 declamation.

663 1418 32 30 It
709 1419 26 29 is
752 1419 158 41 consoling
931 1424 33 25 to
988 1420 99 36 think,
1114 1422 85 29 thesis

664 1461 189 31 detractions
882 1473 52 19 are
962 1466 56 26 not
1043 1473 34 19 so
1103 1462 94 30 detri-

665 1497 114 35 mental
789 1513 33 21 as
832 1512 83 21 some
929 1513 72 30 may
1009 1503 89 37 infer,
1143 1502 56 32 We

664 1544 43 28 all
729 1544 90 30 know
849 1547 33 26 at
907 1544 118 30 certain
1067 1545 132 37 periods,

663 1584 88 30 there
774 1594 129 30 appears
926 1594 85 30 upon
1022 1611 3 3 .
1034 1585 52 29 the
1110 1596 89 19 scene

664 1635 18 19 a
703 1628 66 27 sort
802 1626 33 29 of
849 1626 146 39 -political
1020 1626 122 30 devisee
1168 1632 31 24 to

667 1666 97 30 whom
776 1667 27 29 is
817 1667 188 39 bequeathed
1015 1677 19 19 a
1044 1668 116 39 species
1170 1668 34 29 of

665 1707 110 30 hatred
790 1708 58 28 and
865 1708 190 30 determined
1078 1709 121 39 opposi-

640 1773 6 4 ,
663 1749 66 29 tion
747 1751 33 27 to
801 1759 61 22 any
891 1759 157 20 measures
1079 1749 121 30 outside

664 1790 52 30 the
727 1790 133 30 element
874 1791 33 29 of
918 1790 83 41 Tory
1016 1791 179 39 perfection,

663 1841 40 20 no
723 1831 97 30 doubt
830 1858 4 3 .
842 1831 187 37 stimulated,
1056 1831 39 40 Ivy
1114 1832 83 29 their

663 1882 115 29 organs
793 1873 32 29 m
840 1872 54 30 the
903 1872 99 36 Press,
1018 1873 53 29 the
1091 1873 108 30 Tories

664 1915 142 28 continue
817 1914 79 29 their
906 1913 102 40 policy
1014 1915 32 28 of
1056 1914 142 30 obstruc-

661 1955 77 34 tion,
747 1956 50 31 )'to.
817 1955 54 30 ithe
908 1955 194 29 Democratic
1129 1960 81 35 pro--'

663 2006 121 29 gamme
813 1996 32 29 of
884 1996 54 29 the
977 1995 218 30 Government.

663 2036 94 30 Their
770 2036 205 31 unconcealed
985 2037 112 40 object,
1110 2037 88 31 when

662 2078 32 30 m
719 2078 54 30 the
797 2078 113 35 House,
936 2078 26 30 is
985 2081 31 27 to
1049 2078 148 37 obstruct,

663 2120 59 28 and
733 2119 90 31 when
838 2124 55 25 out
906 2120 32 29 of
955 2120 35 35 it,
1008 2124 32 25 to
1063 2120 135 29 endeav-

663 2170 55 20 our
729 2163 32 27 to
773 2160 126 30 mislead
914 2160 82 30 their
1006 2160 123 30 hearers
1157 2161 40 39 by

663 2202 92 39 using
817 2202 150 39 plausible
1016 2205 180 27 statements

663 2242 124 40 steeped
801 2243 32 28 m
849 2243 52 30 the
926 2243 125 39 deepest
1079 2243 61 39 dye
1165 2243 32 30 of

662 2285 133 38 flagrant
808 2283 166 31 falsehood.
1033 2283 30 30 If
1091 2295 45 19 we
1153 2285 44 29 in-

661 2325 76 31 tend
747 2330 31 25 to
799 2325 108 36 desire,
934 2336 32 19 as
983 2336 18 19 a
1025 2325 119 40 colony,
1163 2329 32 27 to

664 2367 121 29 become
805 2366 175 39 significant
1003 2367 32 28 m
1058 2366 138 39 political

661 2417 155 20 measures
830 2408 33 28 of
877 2417 19 19 a
915 2408 193 39 progressive
1133 2408 62 30 and

660 2448 194 31 Democratic
875 2449 160 30 character
1068 2447 47 31 for
1143 2450 52 29 the

643 2520 3 2 .
661 2490 125 30 welfare
801 2491 32 29 of
847 2490 53 30 the
915 2490 110 40 people
1054 2490 141 41 morally,

661 2532 61 29 and
745 2532 235 39 commercially.
1037 2532 58 29 We
1113 2537 83 25 must

660 2573 175 32 endeavour
846 2577 31 27 to
893 2576 53 36 get
959 2572 49 30 rid
1025 2572 68 41 (not
1102 2573 33 30 of
1144 2574 50 30 the

660 2618 127 38 present
806 2614 153 30 excellent
995 2619 200 34 government

660 2655 62 31 and
760 2656 91 30 their-
883 2666 164 26 measures,
1094 2655 100 31 whose

639 2723 4 4 .
660 2696 111 41 policy,
798 2696 49 30 Mr
870 2695 108 31 Scobie
1015 2696 179 30 Mackenzie

661 2738 174 39 designates
851 2748 34 19 as
937 2737 176 40 downright
1137 2737 55 30 im-

660 2784 127 37 posture
797 2779 14 12 n
811 2782 17 36 )
842 2779 54 30 but
905 2779 76 30 such
993 2779 91 36 false,
1108 2790 84 29 pom-

660 2831 87 30 pous,
793 2821 135 40 bigoted,
978 2821 214 40 overweening

660 2863 122 30 Zealots
797 2863 35 29 of
842 2862 183 39 opposition,'
1039 2863 30 29 oi
1091 2863 101 30 which

660 2904 51 30 the
723 2905 23 27 JN
752 2904 94 39 aseby
856 2904 44 28 Th
907 2903 69 29 irhdi
977 2915 8 9 j
989 2913 47 19 rer
1051 2913 96 21 seems
1157 2915 34 19 so

659 2946 145 39 eloquent
819 2955 37 19 an
870 2945 153 29 advocate.
1042 2945 148 40 Possibly,

658 2987 52 29 the
724 2986 122 30 natural
858 2986 150 30 tendency
1020 2987 32 28 of
1066 2997 82 19 some
1161 2987 32 29 of

659 3029 52 29 the
726 3028 258 40 representatives
999 3028 32 29 of
1045 3027 50 30 the
1110 3026 80 42 Tory

654 3073 99 37 party.
759 3080 69 30 may
848 3070 38 30 be
901 3069 135 30 inclined
1066 3074 30 24 to
1121 3080 69 29 pro-

658 3120 95 32 gress;
771 3112 61 29 and
849 3112 124 39 making
999 3112 191 29 concessions

657 3155 50 29 for
719 3153 231 39 improvement,
981 3153 55 29 but
1056 3153 135 30 unfortu-

657 3195 105 36 nately
792 3204 82 20 some
905 3193 132 30 sections
1067 3193 31 28 of
1122 3193 70 30 that

616 3233 2 21 1
657 3239 92 37 party
765 3246 52 19 are
833 3235 175 31 sometimes,
1020 3235 167 39 prevented

658 3283 40 34 by
714 3277 137 30 external
860 3276 167 30 influences
1037 3276 80 29 from
1126 3277 64 38 giv-

657 3320 53 39 ing
722 3329 66 30 way
798 3321 31 27 to
841 3319 39 29 its
893 3318 123 30 natural
1028 3317 160 40 tendency.

658 3361 56 29 We
743 3371 55 19 can
822 3360 73 39 only
921 3359 71 29 look
1028 3368 83 30 upon
1140 3359 50 30 Mr

654 3401 206 31 Mackenzie's
875 3400 261 30 animadversions
1150 3411 39 19 on

656 3444 53 29 the
726 3442 234 31 Government's
971 3441 162 31 selections
1156 3446 33 26 to

656 3486 53 29 the
726 3484 186 40 Legislative
942 3482 135 35 Council,
1113 3493 32 20 as
1172 3494 18 19 a

656 3526 115 40 species
787 3526 33 28 of
828 3526 192 38 buffoonery,
1050 3524 138 40 scarcely

655 3567 121 39 worthy
802 3567 33 30 of
863 3567 108 28 notice.
1019 3564 52 34 We
1096 3564 91 32 know

654 3609 70 29 that
738 3609 80 30 from
833 3608 74 29 time
923 3606 200 30 immemorial
1140 3608 48 29 the

654 3650 105 29 House
770 3649 35 29 of
815 3647 100 31 Lords
928 3649 53 28 has
1004 3647 116 30 formed
1135 3648 53 29 the

653 3689 138 31 balwark
821 3689 35 30 of
886 3689 53 30 the
963 3688 115 30 British
1109 3690 78 29 Con-
1201 3709 3 8 ,

654 3732 152 34 stitufcion,
823 3730 60 29 and
897 3731 41 28 its
964 3729 180 38 Monarchy.

654 3773 72 29 And
744 3771 83 30 what*
842 3771 25 29 is
883 3771 53 29 the
959 3771 113 29 result?
1115 3770 70 30 Cor-

654 3813 106 40 tiiiul.y,
778 3812 117 30 neither
919 3812 208 39 satisfactory,
1150 3822 35 20 or

653 3854 160 41 tyeeqrriing
828 3856 32 28 to
875 3865 18 20 a
904 3854 105 33 nation
1019 3854 70 31 that
1103 3853 89 42 prid-'

1289 127 31 21 es
1334 118 85 30 itself
1430 127 82 30 upon
1524 118 49 30 the
1590 118 168 41 humanity,
1769 120 52 30 the

1287 159 139 36 fairness,
1444 169 35 19 or
1488 159 52 29 the
1557 159 202 41 impartiality
1788 162 33 28 of

1289 200 40 30 its
1355 200 82 30 laws.
1496 199 125 36 Indeed,
1653 201 81 29 what
1759 202 61 30 else

1290 240 90 30 could
1392 242 37 28 be
1444 240 145 40 expected
1600 242 81 29 from
1689 252 130 30 govern-

1289 285 99 27 ments
1404 282 116 30 formed
1533 282 39 39 by
1583 283 77 29 class
1670 283 149 30 individu-

1288 323 45 30 als
1348 333 35 19 or
1397 322 80 30 their
1493 333 66 20 own
1575 324 174 31 immediate
1769 325 50 30 de-

1287 364 173 39 pendents.?
1503 364 55 30 We
1578 365 66 29 find
1674 366 52 29 the
1740 369 80 27 most

1287 408 183 36 outrageous
1498 405 63 29 aud
1598 406 119 35 indeed,
1745 407 73 29 ridi-

1287 446 115 38 culous,
1437 446 164 39 privileges
1629 447 132 39 granted
1786 451 32 26 to

1286 486 182 31 themselves
1481 487 59 30 and
1568 487 188 31 maintained
1776 498 42 30 up

1287 531 30 26 to
1330 528 53 30 the
1397 532 125 35 present
1537 528 70 40 day,
1620 529 85 30 when
1717 530 101 30 better

1286 569 106 39 things
1407 569 101 39 might
1520 570 77 29 have
1611 571 77 29 been
1710 570 106 31 antici-

1287 611 101 38 pated.
1453 610 64 30 The
1545 611 99 30 riches
1672 615 82 27 must
1781 612 37 30 be

1287 651 112 39 sought
1426 652 50 29 for
1511 657 138 34 amongst
1681 653 52 29 the
1757 653 60 29 few

1287 693 59 28 and
1364 692 168 41 privileged
1548 693 58 29 and
1637 693 88 29 those
1749 694 68 29 who

1287 733 78 30 have
1380 733 57 30 felt
1453 734 50 29 the
1514 743 139 30 pressure
1681 734 137 39 through

1288 773 51 31 the
1367 774 168 41 inequality
1565 774 32 30 of
1639 774 176 39 class-laws,

1287 816 58 29 and
1358 842 5 6 ,
1372 816 82 30 their
1468 821 91 34 party
1572 816 68 29 adm
1646 817 170 34 lustration;

1286 856 54 30 the
1348 867 84 29 poor,
1447 857 53 30 the
1512 857 141 30 millions-
1668 857 68 31 who
1764 868 54 20 are

1287 898 168 39 compelled
1484 901 31 27 to
1550 898 57 29 toil
1635 898 90 39 night
1757 898 62 30 and

1267 968 2 3 .
1286 939 59 39 day
1361 939 46 30 for
1422 939 52 30 the
1486 940 73 29 bare
1569 949 104 20 means
1688 940 33 29 of
1735 940 83 29 exis-

1286 985 96 31 tence,
1396 980 76 30 such
1487 981 25 29 is
1524 980 54 30 the
1588 981 124 29 natural
1723 980 95 31 result

1286 1021 33 30 of
1347 1026 92 35 party
1481 1025 210 37 government.
1752 1022 67 30 The

1284 1062 70 37 few,
1369 1063 115 39 having
1496 1063 50 30 for
1574 1063 150 30 centuries
1747 1063 72 30 held

1285 1103 53 30 the
1352 1105 83 30 reins
1450 1114 31 20 of
1494 1114 111 29 powei,
1633 1104 81 30 have
1730 1104 88 31 made
1846 1130 2 5 ,

1286 1146 100 39 ample
1400 1146 157 39 provision
1568 1146 49 28 for
1632 1146 186 30 themselves

1285 1188 60 28 and
1361 1187 57 31 left
1433 1187 53 29 the
1501 1187 111 38 others,
1629 1187 109 36 cheitly
1767 1187 63 30 the-

1285 1227 116 36 toilers,
1416 1230 33 26 to
1458 1227 72 30 take
1559 1237 69 20 care
1655 1228 32 28 of
1715 1228 105 29 them-

1286 1268 107 30 selves.
1437 1269 57 29 We
1521 1269 34 28 m
1579 1267 74 31 New
1684 1268 136 30 Zealand

1285 1305 79 34 Have
1379 1313 32 26 to
1423 1309 90 30 abide
1529 1309 40 40 by
1583 1309 54 29 the
1652 1319 84 20 same
1750 1320 70 19 con-

1286 1350 161 30 stitutions
1463 1350 61 29 and
1540 1350 114 38 chiefly
1680 1350 139 39 through

1287 1390 51 30 the
1348 1390 152 41 bungling
1510 1390 310 36 pndselfish.methpd
1857 1396 2 30 j

1286 1433 32 30 of
1354 1433 175 38 legislation
1568 1433 31 29 m
1641 1433 107 39 trying
1787 1436 33 26 to

1285 1475 118 29 imitate
1427 1475 52 29 the
1507 1474 81 29 ideal
1613 1472 149 31 standard
1788 1475 32 29 of

1285 1517 182 38 perfection,
1482 1516 30 28 m
1523 1516 77 29 such
1610 1516 210 36 constitution,

1286 1556 52 30 the
1361 1557 109 39 clique,
1487 1557 33 28 of
1530 1557 101 29 which
1646 1555 50 30 Mr
1710 1556 111 31 Scobie

1286 1596 177 32 Mackenzie
1478 1599 93 28 forms
1586 1607 33 20 so
1646 1597 107 39 bright
1781 1608 39 19 an

1286 1638 162 39 example,,
1473 1639 79 28 have
1586 1639 77 28 been
1705 1639 116 39 mostly

1285 1679 216 30 instrumental
1517 1680 31 29 m
1564 1679 134 39 framing
1703 1680 117 29 certain

1286 1721 74 29 laws
1369 1721 49 29 for
1429 1721 64 29 this
1503 1724 131 35 country
1646 1721 100 29 which
1759 1731 61 20 was

1285 1763 63 29 fast
1377 1763 124 38 leading
1529 1765 33 26 to
1577 1772 18 19 a
1627 1764 80 28 state
1726 1763 32 29 of
1772 1763 49 29 in-

1286 1803 191 36 debteduess,
1521 1803 167 39 bordering
1739 1813 81 30 upon
1857 1810 2 24 !

1284 1844 207 40 bankruptcy.
1535 1844 203 39 Fortunately
1768 1844 52 30 the

1285 1891 131 35 present,
1436 1886 51 30 the
1503 1886 67 30 best
1585 1885 61 29 and
1665 1890 79 26 most
1770 1897 50 19 en-

1273 1927 166 39 Jightened
1446 1956 3 1 .
1455 1937 113 29 govern
1573 1930 91 33 lueiit,
1682 1937 44 18 we
1741 1928 17 27 h
1763 1937 57 19 ave

1284 1968 71 35 had,
1370 1966 74 32 took
1453 1967 85 31 office
1548 1966 60 30 and
1623 1966 129 31 rescued
1766 1966 52 31 the
1839 1992 2 4 .

1286 2012 87 27 state*
1381 2010 78 29 from
1474 2018 39 21 an
1533 2008 210 40 approaching
1758 2009 62 29 and

1284 2051 240 39 overwhelming
1606 2050 211 38 degradation,

1285 2092 175 38 Therefore,
1499 2091 196 39 considering
1739 2091 78 30 that.

1284 2133 50 30 Mr
1347 2133 108 30 Scobie
1470 2132 178 30 Mackenzie
1670 2132 28 29 is
1727 2136 55 26 not
1801 2143 19 18 a

1313 2174 129 31 Heaven
1458 2177 68 26 sent
1541 2177 167 26 statesman
1757 2184 61 29 any

1282 2225 84 21 more
1382 2216 74 29 than
1470 2216 88 29 other
1573 2215 115 30 'stars'
1717 2215 31 29 m
1767 2215 51 30 the

1284 2257 135 39 political
1443 2256 210 39 atmosphere,'
1663 2266 45 20 we
1726 2283 3 3 .
1736 2262 82 24 must

1282 2298 73 30 look
1369 2308 83 30 upon
1482 2297 64 30 him
1567 2307 34 20 as
1627 2307 18 20 a
1673 2307 74 31 very
1771 2298 45 30 in-

1283 2339 144 30 different
1442 2338 103 40 -light,
1576 2339 61 29 and
1654 2338 50 30 the
1743 2339 75 39 only

1282 2380 98 30 lustre
1385 2380 38 30 he
1438 2390 95 20 seems
1544 2384 32 24 to
1592 2380 78 30 have
1686 2390 138 29 convey-,

1282 2421 38 31 ed
1333 2421 41 41 by
1389 2421 47 31 his
1454 2424 19 21 '
1484 2420 189 32 Parliament
1700 2425 55 25 out
1783 2421 34 29 of

1470 2462 112 40 speech
1621 2465 34 27 at
1680 2462 134 40 Naseby,

1281 2505 26 30 is
1337 2514 18 19 a
1378 2504 100 31 feeble
1506 2503 198 41 glimmering
1738 2504 80 30 from

1280 2545 56 30 the
1349 2545 96 41 dying
1456 2546 117 29 embers
1584 2545 31 30 of
1627 2545 104 36 crank,
1748 2552 68 23 corn

1282 2587 98 30 ceited
1397 2587 150 40 Toryism.

1281 2679 271 26 CHRISTCHURCH
1590 2679 81 25 ACID
1695 2679 120 26 DROPS.

1400 2778 31 16 BY
1441 2778 73 17 BOBIN
1526 2778 173 18 GOODFELLOW.

1314 2850 53 24 One
1378 2849 27 25 of
1416 2851 41 23 the
1470 2849 68 32 signs
1561 2849 26 25 of
1599 2849 42 25 the
1654 2849 74 25 times
1738 2849 23 25 is
1773 2849 43 25 the

1280 2888 109 26 advance
1412 2888 27 24 of
1461 2889 46 23 Art
1529 2888 49 24 and
1597 2887 102 25 Culture
1721 2889 26 23 m
1771 2896 45 18 our

1280 2926 84 24 midst.
1401 2926 66 30 Only
1484 2933 16 16 a
1511 2925 46 24 few
1568 2933 71 23 years
1651 2933 47 23 ago
1710 2926 106 25 colonial

1279 2965 85 25 artists
1376 2964 73 26 could
1461 2964 29 25 he
1502 2964 107 26 counted
1621 2973 33 16 ou
1677 2973 47 17 one
1738 2965 78 32 hand;

1280 3004 44 25 hut
1342 3012 15 15 a
1374 3004 58 24 visit
1458 3006 25 21 to
1512 3003 43 24 the
1585 3003 45 25 Art
1659 3003 101 32 Gallery
1789 3004 26 23 m

1234 3033 4 37 I
1280 3042 111 32 Armagh
1416 3041 82 26 Street-
1521 3042 81 25 shows
1621 3041 55 26 that
1703 3050 58 17 now
1787 3043 28 24 m

1280 3083 152 31 Canterbury
1457 3091 36 16 we
1505 3083 63 24 have
1591 3091 15 16 a
1623 3083 64 31 good
1708 3083 107 25 number

1280 3121 121 29 6f.artis.t-3
1413 3121 142 32 possessing
1568 3121 168 33 considerably
1748 3130 67 17 more

1281 3163 61 23 than
1352 3170 102 22 average
1465 3162 95 31 ability.
1592 3163 96 30 Among
1700 3170 27 17 so
1740 3171 76 23 many

1279 3199 64 33 good
1350 3200 170 30 .pictures-one
1533 3199 87 31 uardly
1635 3200 63 24 likes
1722 3202 24 23 to
1759 3200 55 32 pick

1280 3243 44 22 out
1336 3240 57 31 only
1406 3248 47 17 one
1476 3248 27 19 or
1517 3242 46 23 two
1582 3239 38 25 for
1632 3240 95 31 special,
1746 3248 70 17 men-

1279 3279 61 26 ti.m,
1353 3278 45 25 but
1414 3279 11 23 I
1449 3286 57 24 may
1530 3286 43 24 say
1596 3278 56 25 that
1675 3278 70 26 there
1764 3287 51 17 -was

1279 3326 47 18 one
1338 3318 81 25 which
1440 3318 121 25 attracted
1580 3327 41 16 iuv
1641 3319 123 25 attention
1787 3327 28 17 as

1279 3357 20 25 it
1321 3357 154 31 represented
1494 3365 16 16 a
1537 3356 70 26 track
1634 3357 109 32 through
1772 3358 43 25 the

1279 3397 64 28 bus.h
1353 3397 49 24 and
1414 3404 27 17 as
1453 3397 20 25 it
1486 3397 87 25 looked
1584 3405 58 24 very
1660 3397 49 25 like
1722 3398 93 26 Oxford

1279 3436 13 24 I
1303 3436 105 24 referred
1425 3437 26 23 to
1475 3444 42 24 my
1540 3436 128 32 catalogue
1691 3437 50 24 and
1764 3443 51 19 was

1279 3475 127 30 aurprised
1418 3476 24 23 to
1465 3474 52 24 find
1529 3473 55 25 that
1595 3475 20 23 it
1634 3474 108 32 actually
1764 3483 51 17 was

1279 3523 14 15 a
1310 3514 71 24 Bush
1411 3523 72 15 scene
1512 3517 26 21 at
1566 3514 92 24 Oxford
1684 3522 33 16 an
1724 3514 10 24 1
1763 3523 50 16 was

1260 3573 3 3 .
1277 3553 101 32 painted
1392 3553 30 32 by
1435 3553 40 24 Mr
1487 3552 86 25 EH.
1592 3552 98 25 Parish.
1725 3552 12 24 1
1750 3552 64 32 hope

1278 3592 56 24 that
1347 3592 31 24 he
1398 3592 50 24 will
1465 3592 55 30 give
1543 3599 29 16 us
1595 3591 105 24 another
1722 3598 92 17 canvas

1277 3632 61 24 next
1348 3639 66 23 year,
1428 3631 48 24 and
1491 3631 21 23 if
1533 3631 12 22 I
1568 3630 82 31 might
1674 3632 102 22 venture
1799 3638 15 16 a

1277 3671 57 25 hint
1345 3670 32 26 he
1397 3671 79 26 would
1501 3671 32 24 do
1552 3670 52 25 well
1627 3672 24 23 to
1674 3678 55 27 pay.
1745 3678 68 17 more

1278 3710 136 31 attention,
1432 3711 26 22 to
1492 3709 96 23 distant
1610 3709 86 30 lights.
1733 3709 80 24 There

1277 3749 167 27 wasanother
1456 3756 58 24 very
1533 3748 71 24 small
1616 3747 95 31 j/iefcuro
1731 3747 27 25 m
1769 3747 44 25 the

1277 3789 51 26 side
1341 3797 68 17 room
1424 3789 79 23 which
1521 3787 92 31 caught
1626 3795 39 23 my
1679 3787 136 25 attention..

1276 3827 55 25 The
1343 3827 96 32 subject
1451 3834 49 17 was
1513 3825 68 25 throe
1594 3825 85 25 hoi'3es
1695 3825 117 32 standing

1277 3861 49 25 and
1348 3862 68 25 whut
1438 3859 159 34 JJiuticuUrty
1620 3859 122 25 attracted
1769 3867 42 26 my

1906 123 81 25 notice
1998 131 50 18 was
2065 123 44 25 the
2130 132 14 23 j
2148 124 82 25 ezu'ar
2253 124 73 25 breed
2343 125 27 25 of
2395 132 46 18 one

1906 162 27 24 of
1942 162 43 25 the
2007 163 94 24 horses.
2137 163 24 25 It
2173 164 98 24 seemed
2283 165 25 23 to
2319 172 41 17 me
2372 167 26 23 to
2410 164 29 26 be

1907 207 14 16 a
1933 200 133 25 successful
2078 209 67 16 cross
2158 200 109 26 between
2278 210 14 16 a
2301 202 79 26 camel
2390 203 50 24 and

1907 247 14 16 a
1932 239 139 25 barracuta.
2106 241 56 24 Ido
2173 243 45 23 not
2231 242 73 24 think
2326 242 113 26 however

1907 277 55 25 that
1973 278 51 25 this
2036 278 256 32 wryneck-barracuta
2304 280 73 25 breed
2388 280 51 25 will

1907 323 56 16 ever
2001 316 30 25 be
2059 324 15 17 a
2099 317 121 25 favourite
2248 325 92 25 among
2366 318 73 25 horse

1905 363 103 17 owners.
2043 356 82 32 Every
2137 358 106 31 evening
2254 365 34 17 an
2304 358 135 25 admirable

1904 400 156 24 programme
2072 395 27 24 of
2116 395 80 24 music
2206 395 23 24 is
2245 396 73 31 given
2330 396 50 24 and
2401 396 38 25 for

1906 439 68 18 some
1985 433 60 32 days
2057 433 43 25 the
2112 435 83 24 Truda
2213 435 72 25 Bros,
2299 435 62 26 have
2377 436 62 25 been

1905 471 119 30 engaged.
2058 472 80 25 These
2159 480 59 25 very
2248 473 80 25 clever
2360 475 78 24 musi-

1905 507 68 25 cians
2004 517 42 17 are
2068 510 56 24 four
2145 510 113 26 brothers
2281 511 64 25 from
2370 512 67 32 Italy

1905 548 56 24 who
1971 549 63 25 have
2046 550 126 31 delighted
2192 551 43 25 the
2258 551 178 25 Ohristchurch

1903 587 84 32 public
2015 588 37 26 for
2083 599 68 17 some
2186 590 68 26 time.
2290 591 53 25 Th<3
2372 591 65 26 band

1904 629 134 31 comprises
2055 638 15 16 a
2086 630 71 32 harp,
2179 639 16 16 a
2222 631 62 25 flute
2312 632 50 24 and
2390 633 48 23 two

1904 668 97 30 violins,
2018 670 124 25 wherever
2161 670 59 33 they
2243 672 61 33 play,
2323 672 69 24 there
2405 672 32 26 Js

1904 713 56 17 sure
1970 708 25 23 to
2015 708 121 24 assemble
2147 716 16 16 a
2174 708 64 32 good
2259 708 88 26 crowd.
2383 708 54 26 The

1904 753 131 24 managers
2047 747 27 24 of
2083 748 43 24 the
2146 748 46 24 Art
2215 748 146 24 Exhibition
2372 748 65 25 have

1904 785 63 26 done
1989 796 15 16 a
2020 787 59 25 wise
2096 788 74 31 thing
2197 788 27 25 m
2252 788 114 32 securing
2394 788 44 25 the

1887 826 4 6 '
1904 827 105 24 services
2020 826 28 25 of
2057 826 69 25 these
2138 826 86 25 artists
2244 826 49 25 and
2307 834 27 17 so
2354 826 84 33 giving

1903 862 44 28 the
1963 873 78 23 upper
2055 866 43 23 ten
2109 872 31 17 an
2153 864 159 32 opportunity
2324 865 27 24 of
2367 865 71 24 hear-

1903 903 44 32 ing
1959 904 61 24 such
2032 902 65 32 good
2116 903 81 24 music
2218 902 107 25 without
2346 903 93 31 having

1904 943 26 23 to
1951 941 74 25 stand
2044 942 27 24 at
2082 941 43 25 the
2137 942 76 24 street
2224 948 108 21 corners,
2356 940 50 26 and
2425 941 14 24 I

1904 987 41 17 am
1967 979 100 32 pleased
2090 981 26 23 to
2138 981 60 23 note
2220 980 56 24 that
2299 986 60 21 even
2384 978 55 26 that

1905 1026 68 17 same
1985 1025 77 24 upper
2085 1019 43 23 ten
2138 1018 29 24 m
2190 1017 180 25 Christchurch
2392 1026 47 16 can

1905 1058 138 31 appreciate
2062 1058 64 31 good
2137 1058 80 24 music
2233 1057 121 32 although
2370 1058 69 31 play-

1904 1097 31 25 ed
1945 1096 33 33 by
1994 1098 76 24 street
2081 1096 147 24 musicians.
2283 1113 3 13 ;
2284 1118 2 2 .
2347 1103 6 20 {
2365 1101 20 14 *'-

1937 1135 54 25 The
2003 1135 56 30 Qity
2076 1133 104 26 Council
2201 1133 64 26 have
2288 1134 61 25 been
2373 1134 66 33 sing-

1904 1173 81 33 ularly
2008 1173 136 26 successful
2166 1173 77 31 latoly
2273 1173 28 24 m
2323 1173 117 33 bringing

1905 1212 43 24 the
1964 1211 108 25 redicule
2089 1211 27 24 of
2142 1211 43 24 the
2214 1211 95 31 Colony
2336 1220 33 15 on
2394 1215 46 20 bur

1904 1249 60 31 long
1986 1249 119 31 suffering
2125 1249 57 31 city.
2218 1249 54 25 The
2292 1257 90 24 mayor,
2399 1249 42 24 Mr

1905 1286 73 24 Eden
1997 1286 104 31 George,
2119 1287 22 24 is
2168 1294 68 17 more
2265 1287 65 24 than-
2340 1290 102 28 -strong

1905 1324 99 31 enough
2017 1324 38 24 for
2065 1324 44 24 the
2121 1324 79 25 whole
2212 1324 110 25 Council,
2336 1325 105 25 assisted

1905 1372 28 16 as
1942 1365 21 23 it
1973 1364 22 24 is
2007 1364 32 31 by
2051 1364 43 24 the
2102 1364 80 24 .'''own
2195 1364 81 24 GJerk.
2297 1364 144 25 But^E'den

1905 1403 47 24 has
1972 1402 95 32 opened
2079 1402 43 25 the
2133 1410 56 24 eyes
2205 1402 27 25 of
2241 1403 44 24 the
2295 1402 87 33 people
2395 1402 48 25 and

1907 1443 45 26 Crs
1964 1444 68 32 Gray
2053 1443 49 25 and
2114 1443 44 25 his'
2165 1443 123 25 followers
2308 1443 64 26 have
2383 1451 58 24 very

1905 1484 65 25 little
1982 1484 94 24 chance
2095 1484 28 24 of
2142 1484 87 31 longer
2240 1483 116 32 -keeping
2363 1484 78 31 %ood

1890 1543 3 4 .
1906 1531 60 16 men
1977 1524 44 23 out
2035 1522 27 24 of
2079 1522 44 24 the
2143 1521 112 25 Council.
2290 1522 82 24 There
2382 1522 23 24 is
2427 1531 15 16 a

1905 1562 112 34 petijiion'
2028 1561 77 25 and-a
2125 1562 103 26 counter
2247 1561 105 32 petition
2367 1561 76 32 going

1891 1611 11 19 >,
1905 1601 81 24 round
2008 1600 37 25 for
2068 1599 135 32 signature,
2225 1599 50 24 arid
2294 1599 14 24 I
2323 1599 73 26 know
2417 1600 28 24 of

1905 1648 70 17 more
1992 1641 63 24 than
2073 1648 48 16 one
2140 1641 128 29 ratepayer
2289 1638 94 32 having
2401 1639 40 25 his

1905 1681 133 31 pavement
2066 1679 118 25 attended
2223 1678 26 25 to
2277 1678 32 32 by
2331 1680 7 8 *
2349 1680 92 30 simply

1905 1720 160 30 threatening
2094 1721 25 25 to
2156 1719 54 31 sign
2250 1719 45 25 the
2341 1719 100 33 Mayors

1905 1760 119 32 petition..
2053 1760 33 23 In
2104 1759 44 24 the
2170 1759 137 25 meantime
2326 1768 69 17 some
2417 1760 27 24 of

1905 1800 44 25 the
1969 1799 148 26 couricillers
2129 1799 49 25 and
2201 1799 43 25 the
2267 1799 77 26 Town
2367 1799 74 26 Clerk

1905 1841 47 24 are'
1959 1840 102 31 moving
2071 1839 96 25 heaven
2180 1839 49 24 and
2241 1839 71 25 earth
2335 1840 49 24 and
2397 1839 42 26 the

1905 1882 87 30 strong
2002 1881 90 24 waters
2103 1879 80 24 under
2205 1879 44 25 the
2267 1879 72 25 earth
2357 1882 27 23 to
2399 1881 41 31 get

1904 1921 44 22 the
1961 1920 87 29 Mayor
2058 1920 33 26 to.
2100 1919 91 30 resign.
2199 1919 68 28 v^He
2278 1918 47 24 has
2335 1919 104 30 promis-

1905 1956 30 26 ed
1950 1957 27 23 to
1996 1956 32 24 do
2047 1963 35 20 so,
2105 1955 20 24 if
2147 1954 44 25 the
2213 1956 153 25 councellors
2389 1957 57 25 will,

1905 1996 52 24 also
1968 1995 84 31 resign
2063 1994 51 24 and
2125 1996 55 29 st~y
2192 1997 44 21 out
2247 1995 27 23 of
2283 1994 43 24 the
2343 1996 98 24 council

1867 2051 5 7 ,
1904 2036 38 24 for
1956 2035 48 25 five
2021 2042 79 25 years.
2136 2034 76 24 Their
2234 2035 70 31 reply
2325 2035 23 25 is

1904 2073 38 25 for
1953 2074 15 23 J
2060 2072 74 24 Eden
2147 2071 82 32 Gorge
2239 2072 23 25 is
2274 2081 14 15 a
2303 2072 136 27 bouricable

1903 2111 65 25 little
1991 2111 64 31 chap
2074 2107 59 31 .arid!
2151 2118 33 17 an
2206 2110 88 26 'awfufc
2311 2119 80 25 worry
2413 2114 26 23 to

1904 2149 95 25 several
2018 2149 28 24 of
2062 2148 43 25 the
2125 2148 56 25 fosil
2192 2149 42 24 old
2257 2157 96 18 women
2366 2151 9 32 (
2380 2159 60 23 poor

1903 2190 41 25 old
1956 2187 85 35 dears)
2053 2189 146 31 composing
2210 2189 43 25 the
2271 2193 100 27 present
2382 2190 57 33 City

1904 2227 111 26 Council.
2050 2227 57 24 You
2119 2234 56 24 may
2191 2227 55 25 take
2246 2230 2 21 i
2258 2226 132 34 iriy'-'wbrd
2400 2229 39 26 for

1903 2268 28 27 it,
1944 2268 50 24 and
2005 2267 52 25 this
2068 2267 18 24 I.
2093 2275 44 23 say
2149 2266 117 34 knowing
2276 2276 43 24 my
2337 2277 101 24 respon-

1904 2306 101 32 sibility,
2024 2305 56 26 that
2092 2314 27 17 as
2130 2307 87 24 events
2228 2305 86 26 unfold
2323 2315 37 20 w,e
2372 2309 66 25 shall

1904 2355 40 17 see
1960 2347 68 24 what
2050 2354 37 17 we
2110 2345 66 26 shall
2198 2354 48 17 see.
2257 2363 3 6 ,
2282 2347 15 24 I
2318 2347 64 26 have
2405 2356 33 17 no

1903 2385 136 24 hesitation
2050 2384 28 24 m
2090 2384 123 31 asserting
2235 2384 52 26 this
2299 2393 27 17 as
2349 2394 16 17 a
2379 2387 59 24 fact.

1937 2422 134 32 Theology,
2112 2422 117 33 theology
2267 2423 54 25 and:
2365 2425 74 33 again

1903 2463 116 32 theology
2030 2462 28 24 m
2076 2462 51 25 this
2140 2462 134 26 Cathedral
2285 2488 5 6 ,
2286 2463 64 32 City.
2385 2465 54 25 The

1904 2501 60 25 Bey.
1978 2501 70 25 John
2060 2498 117 34 Hoskihg
2192 2500 32 28 is,
2230 2502 92 31 always
2334 2502 107 27 black,

1904 2548 33 16 no
1960 2540 13 24 I
2001 2547 76 17 mean
2083 2559 3 7 ,
2096 2539 139 32 xeprovingi
2258 2540 135 33 somebody
2415 2542 28 24 of

1904 2578 106 25 another
2019 2579 52 24 sect
2083 2577 97 34 (please
2191 2578 41 25 Mr
2243 2578 100 26 Printer
2354 2582 32 24 ct.
2394 2582 45 24 not

1904 2620 31 30 x)
1947 2618 51 25 and
2008 2618 22 25 is
2042 2619 26 24 at
2079 2620 100 29 present
2198 2618 87 32 giving
2295 2626 15 17 a
2327 2620 76 25 series
2415 2621 28 24 of

1904 2658 80 25 comic
2011 2658 208 25 entertainments
2232 2660 47 28 /at
2307 2659 44 25 the
2374 2660 65 25 Odd-

1904 2698 94 25 fellows
2018 2697 61 26 Hall
2088 2705 75 25 .every
2177 2698 103 33 Sunday
2286 2700 152 26 afternoon.

1904 2737 71 32 They
1986 2745 42 17 are
2039 2745 58 23 very
2111 2736 83 32 funny
2198 2736 54 25 -but
2270 2733 71 30 T&a
2361 2739 78 25 afraid

1905 2777 107 32 scarcely
2024 2777 92 32 paying
2138 2784 127 24 expenses.
2285 2778 3 22 '>
2301 2778 46 27 He,
2361 2779 23 26 is
2394 2782 45 23 not

1904 2816 111 25 satisfied
2026 2815 61 25 with
2100 2815 42 25 the
2154 2815 124 33 drubbing
2289 2816 41 25 Mr
2347 2817 40 26 W.
2398 2818 40 25 W.

1905 2855 96 26 Collins
2012 2864 62 24 gave
2093 2855 54 25 him
2170 2856 51 24 and
2228 2882 4 4 .
2241 2857 23 24 is
2285 2857 104 26 anxious
2412 2860 26 23 to

1904 2896 64 25 have
1979 2895 106 26 another
2121 2896 40 24 He
2177 2897 140 30 persuaded
2340 2906 46 17 one
2414 2898 27 25 of

1904 2935 43 25 the
1989 2935 118 25 Dunedin
2155 2935 122 26 Christian'
2323 2938 115 25 evidence

1904 2976 120 25 Lecturer
2034 2976 57 25 who
2103 2975 22 26 is
2136 2976 27 25 m
2176 2977 44 24 hot
2232 2979 76 23 water
2320 2974 67 32 witji/
2398 2979 40 25 his

1904 3023 55 17 own
1972 3014 123 32 peoplq*tp
2118 3016 106 31 attempt
2243 3024 15 17 a
2271 3015 87 27 debate
2377 3017 61 26 with

1904 3053 43 26 the
1970 3053 171 33 Freethought
2162 3053 128 27 Lecturer.
2325 3056 41 25 He
2389 3064 49 17 was
2445 3080 1 2 .

1904 3094 117 25 heralded
2033 3102 28 17 as
2078 3103 15 16 a
2109 3094 128 26 Graduate
2259 3095 27 26 of
2307 3096 43 26 the
2373 3097 65 25 Ken-

1904 3131 83 37 tucky'
1987 3131 167 37 University,.
2185 3135 65 26 Poor
2272 3136 132 34 Kentucky
2420 3138 21 25 if

1904 3173 65 25 hois
1989 3182 15 16 a
2025 3174 124 30 specimen
2170 3174 27 24 of
2217 3182 62 23 your
2298 3175 140 30 graduates.

1906 3212 39 24 He
1964 3212 74 25 made
2051 3220 14 16 a
2076 3211 132 25 miserable
2227 3212 145 31 exhibition,
2394 3213 45 25 bnt

1904 3252 14 25 I
1942 3252 49 25 will
2011 3252 62 26 send
2095 3260 49 25 you
2166 3260 33 16 an
2223 3255 105 23 account
2349 3254 26 25 of
2396 3253 42 25 the

1904 3290 88 26 debate
2003 3292 27 24 m
2041 3299 44 24 my
2097 3293 59 23 next
2168 3299 28 17 as
2208 3290 50 26 this
2269 3290 47 26 has
2333 3292 108 26 reached

1905 3339 15 17 a
1930 3332 88 31 length
2029 3332 14 24 I
2054 3339 75 17 never
2140 3332 126 24 intended.

1863 3373 1 7 I
2039 3379 7 2 -
2066 3373 1 7 ;
2198 3368 1 12 '.
2317 3373 2 7 :

1989 3398 134 26 SCHOOL
2150 3398 206 26 ELECTIONS.

1907 3485 51 29 Sir,
1994 3486 54 24 The
2060 3486 100 25 Annual
2178 3486 91 25 School
2292 3487 147 26 Committee

1905 3525 119 25 elections
2035 3525 63 25 have
2111 3525 62 26 been
2180 3534 69 18 more
2257 3524 62 41 full|
2326 3520 112 39 pubiish-

1904 3560 31 28 ed
1946 3563 26 25 m
1985 3563 42 26 the
2048 3564 68 32 daily
2138 3572 88 24 papers
2249 3565 64 25 than
2335 3563 39 33 pn^
2390 3574 49 24 any

1904 3603 115 31 previous
2031 3604 114 25 occasion
2159 3605 54 26 .and
2225 3605 123 31 although
2356 3614 15 16 a

1904 3642 74 32 lively
1990 3643 123 32 ineetings
2123 3651 42 17 are
2175 3644 124 30 recorded,
2311 3645 42 24 the
2361 3647 78 24 result

1904 3682 27 25 of
1940 3685 66 23 most
2029 3682 27 25 of
2076 3683 69 25 them
2165 3692 74 23 prove
2251 3693 14 16 a
2288 3684 151 27 lamentable

1905 3722 105 24 absence
2022 3722 27 25 of
2069 3723 104 24 interest
2184 3723 32 31 by
2225 3723 44 27 the
2281 3725 102 24 Holtfeb
2400 3725 38 27 13-

1904 3769 39 17 --ers
1954 3762 26 24 m
1993 3762 43 25 the
2048 3770 73 18 cause
2140 3762 27 26 of
2187 3763 150 26 Education.

1936 3800 54 24 The
2003 3800 104 25 District
2118 3802 92 31 system
2234 3802 47 25 has
2302 3810 59 18 now
2375 3803 63 26 been

1904 3840 28 24 m
1941 3842 129 31 operation
2079 3842 77 26 about
2168 3850 15 17 a
2193 3850 62 25 quar
2263 3845 37 24 ter
2321 3844 28 25 of
2358 3852 15 18 a
2380 3868 4 3 .
2396 3852 44 18 cen

599 9 170 34 OXFORD
793 12 89 32 AND
907 13 107 32 OUST
1058 13 226 33 OBSERVER
1329 10 224 34 SATtTKDA\
1548 13 7 11 7
1561 37 5 10 ,
1592 11 89 33 MAY
1705 18 27 29 ,G
1780 15 76 32 1893

811 118 250 45 NOTICE.

666 224 171 31 ASHLEY
861 227 143 30 GORGF.
1028 227 168 30 BRIDGE.

710 272 64 32 The
802 275 119 41 Ashley
943 276 103 38 Gorge
1084 276 115 39 Bridge

665 314 63 31 will
743 315 38 30 be
797 315 103 30 closed
919 316 47 30 for
986 316 117 40 repairs
1118 317 80 29 from

665 356 137 40 Monday
827 356 74 40 May
929 358 53 29 the
1012 358 64 29 Bth.
1109 358 88 34 1893,

665 398 47 29 till
726 397 120 29 further
860 399 108 28 notice.

706 445 51 39 By
786 445 98 29 order.

871 497 46 29 W.
936 495 164 40 deTROY,

738 547 103 41 Clerk,
856 547 115 40 Ashley
987 548 86 30 Read
1084 547 113 31 Board.

86 118 137 26 OXFORD
242 116 95 26 ROAD
355 116 169 25 DISTRICT.

78 206 53 25 The
148 206 126 30 following
291 212 42 17 are
350 203 43 25 the
418 201 106 25 number
552 200 28 25 of

44 253 69 23 votes
129 250 87 26 Polled
229 249 29 32 by
276 248 42 25 the
334 247 114 24 different
471 244 103 25 Candid-

44 298 61 25 ates,
119 297 25 21 at
155 294 41 24 Ihe
208 292 115 25 Election
335 291 58 24 held
406 298 31 16 on
450 289 58 31 May
520 288 54 24 4th.

45 342 25 21 at
84 336 120 26 the.Road
216 335 82 25 Board
311 334 84 29 Office,
409 331 99 30 Oxford,

79 381 107 25 William
200 378 69 26 John
279 379 99 24 Bassett
507 377 36 22 -82

79 425 67 24 John
158 423 72 25 Weld
511 420 31 25 77

78 469 86 24 James
176 466 116 32 Aldridge
511 464 32 24 08

77 512 107 25 Edward
197 509 132 32 Benjamin
342 508 151 31 Youngman
512 508 31 24 57

77 556 95 31 George
184 555 72 24 Dean
511 551 32 23 48

77 599 111 25 William
200 598 78 30 Paget
510 594 33 24 40

75 643 112 24 William
199 641 72 31 Iyory
511 638 31 24 27

77 686 122 25 Informal
512 682 32 22 10
557 699 19 5 ...

77 730 14 24 I
108 728 122 26 therefore
242 726 95 25 declare
349 725 92 24 Messrs
464 723 112 24 William

43 773 68 25 John
130 772 99 24 JJassett
254 769 50 24 and
332 768 68 24 John
418 766 71 25 Weld
517 766 59 31 duly

44 815 103 26 Elected
159 813 123 26 Members
305 811 28 26 of
341 811 44 25 the
397 810 92 25 Oxford
507 808 70 26 Road

42 853 90 26 Board.

108 891 112 27 JAMES
238 890 34 24 H.
291 888 144 29 SHABPE,

260 929 140 31 Returning
413 928 96 25 Officer.

110 1088 137 28 OXFORD
277 1086 99 26 KAOD'
390 1085 120 25 BOARD.

44 1180 213 33 ri^ENDERS
291 1188 38 16 arc
350 1178 87 24 invited
474 1177 36 23 for
537 1176 39 23 the

62 1204 39 46 j[_
150 1215 119 27 fallowing
291 1213 85 23 works.
412 1210 101 29 Carting
529 1208 48 24 and

44 1250 132 28 Si.i'jiuling
206 1246 100 31 Shinglo
335 1240 142 28 HarnwriV
496 1241 81 30 Gorge

44 1283 74 24 lU.-tl.
169 1281 23 24 L
202 1280 92 29 nv.M-iiig
340 1278 99 29 Cutting
468 1274 107 25 Carlcton

48 1319 1 14 '
87 1317 20 21 !
155 1314 103 25 Ti-ndiM-s
279 1317 22 18 to
315 1312 26 23 bo
371 1313 52 21 sent
449 1309 23 22 m
498 1307 78 23 before

99 1358 49 14 .m.
162 1356 30 16 on
206 1344 189 26 THURSDAY
421 1339 156 27 MAYll.lh

42 1384 42 22 Tli-
82 1377 2 12 :
89 1392 3 6 '
113 1385 72 20 owpdfc
197 1389 26 14 or
235 1386 44 22 any
291 1377 81 24 lender
383 1381 40 18 not
436 1373 144 30 necessarily

43 1414 118 32 ai:v:i-[.>lHl.
223 1417 4 5 '
393 1419 2 3 '
400 1420 3 7 j
509 1414 3 3 '

81 1456 11 11 H
159 1453 109 30 JAMES
282 1455 33 24 11.
331 1448 144 30 SIiARPE.

274 1488 68 25 Clerk
356 1492 25 19 to
394 1487 39 23 tbo
453 1484 89 25 Board.

41 1608 140 27 OXFORD
199 1604 189 28 LICENSING
406 1600 170 28 DISTRICT.

41 1699 136 31 Licensing
192 1699 45 23 A.ct
249 1698 60 22 ISBI
327 1695 49 24 and
396 1694 60 24 Acts
475 1690 102 26 amend-

217 1746 42 29 ing
271 1744 42 24 the
326 1750 75 17 same.

122 1791 63 24 otico
209 1789 23 23 is
257 1786 92 31 hereby
377 1785 72 30 given
478 1782 56 25 that
550 1782 27 23 m

96 1828 10 27 \
155 1828 138 26 pursuance
305 1820 26 24 of
346 1818 43 24 the
404 1815 137 33 provisions
553 1814 27 24 of

42 1863 43 24 the
118 1861 77 25 above
239 1856 143 27 mentioned
427 1855 68 27 Acts,
533 1852 44 24 the

44 1900 130 32 Quarterly
199 1897 121 34 (innnal)
345 1894 110 30 Meeting
477 1892 27 24 of
533 1885 43 30 tlie

41 1941 145 30 Licensing:
197 1937 148 26 Committee
361 1935 37 23 for
418 1934 43 24 the
485 1930 93 26 Oxford

41 1978 135 31 Licensing
198 1975 112 28 District,
330 1973 53 25 will-
400 1980 27 16 dg
456 1970 58 25 hold
543 1976 33 18 on

40 2019 92 31 Friday
146 2019 40 24 the
200 2016 57 25 2nd.
271 2015 46 31 day
330 2014 27 24 of
374 2013 66 24 June
462 2011 64 24 1893
550 2010 26 23 at

40 2060 42 24 tbe
94 2059 65 24 hour
179 2058 25 24 of
216 2057 38 27 12,
275 2062 74 20 noon,
373 2053 27 23 m
419 2052 42 24 the
486 2050 89 25 Court-

39 2099 78 23 house
131 2095 99 25 Oxford,
244 2094 37 23 for
301 2093 43 23 the
356 2097 105 25 purpose
473 2089 27 24 of
517 2096 56 16 con-

40 2136 109 28 sidering
177 2134 32 24 all
240 2130 163 32 applications
432 2127 78 25 under
533 2126 43 25 the

39 2174 53 26 said
105 2173 59 23 Acts
177 2172 26 24 of
213 2169 80 26 which
306 2169 47 23 due
365 2166 82 25 notice
459 2165 21 24 i.*
492 2165 82 31 given.

137 2212 111 28 JAMES
266 2208 201 28 H.-SHABPE.

232 2257 75 26 Clerk
320 2258 25 23 to
357 2255 43 25 the
418 2253 156 26 Committee.

39 2309 69 34 April
120 2308 70 25 29th.
205 2306 72 25 1893.

177 2432 248 50 NOTICE.

58 2555 228 42 MRWN.
307 2550 243 41 CATMRO

82 2616 181 25 BARRISTER
277 2615 68 21 AND
360 2612 173 23 SOLICITOR.

190 2656 231 34 EANGIORA.
442 2675 25 15 .-.

36 2715 88 38 May.
144 2713 35 30 be
200 2705 162 36 consulted
383 2711 31 25 at
449 2704 123 40 Paget's

35 2755 104 36 Hotel,
158 2751 126 36 Oxford,
302 2760 93 30 every
411 2748 162 39 Thursday

37 2795 213 38 commencing
299 2802 37 21 on
381 2790 74 40 May
489 2789 81 29 llbh.

37 2839 88 32 1893.
553 2840 4 18 :

143 2946 320 50 LECTURE.

73 3074 65 31 The
174 3073 74 31 Rev.
286 3069 36 30 E.
369 3067 130 40 Mayson
540 3063 34 31 of

32 3117 121 32 Oxford
173 3114 64 32 will
265 3112 116 31 deliver
410 3109 53 30 his.
477 3107 92 29 inter-

31 3160 105 37 esting
151 3157 59 30 and
234 3152 184 33 instructive
442 3150 125 34 lecture,

32 3211 38 19 en
86 3200 74 28 itled
175 3197 76 30 Tom
277 3195 35 30 o'
316 3192 111 34 Jack's,
453 3190 31 29 m
514 3190 54 29 the

32 3240 144 31 Ca-leton
244 3235 219 32 School-room,
528 3241 39 19 on

32 3282 145 40 Tuesday
203 3281 84 33 next>
322 3275 75 41 May
433 3273 69 31 9th:
533 3274 35 27 *it
599 3281 3 21 :

31 3326 18 28 8
66 3322 124 31 o'clock.

72 3363 175 30 Admission
262 3358 65 31 will
351 3359 37 30 be
411 3358 73 34 free,
510 3356 57 29 but

31 3406 86 29 there
132 3404 64 30 will
208 3402 36 30 be
259 3411 19 20 a
289 3400 173 32 collection-

75 3517 191 47 ToWN
314 3513 199 67 HALL,

184 3592 80 21 EAST
286 3592 133 21 OXIOSD.

186 3642 7 7 .
452 3627 2 2 '

31 3667 43 20 The
93 3665 65 21 Lovo!
177 3665 111 20 Uruinatic
307 3667 111 22 Company
439 3663 44 21 will
503 3663 62 19 mnk-J

31 3704 54 20 their
104 3703 75 20 scconJ
200 3705 130 22 appfni'Bnco
349 3701 71 21 before
437 3708 26 13 nn
485 3700 79 20 Oxford

79 3734 102 21 anctienco
196 3739 27 13 on
236 3733 115 24 QUBFN3
366 3732 157 23 BIBTUDAY,

100 3766 226 36 WEDNESDAY,
340 3766 73 25 MAY
432 3766 68 27 2ith,

69 3818 18 14 ;i'
98 3811 16 21 d
135 3818 29 17 .oi
170 3811 53 19 form
244 3809 34 20 t!i<?
416 3809 104 25 Conieile}'
532 3826 2 2 .
