2530 4020
49 197 57 30 tury
135 195 49 24 and
213 202 32 17 on
277 193 42 24 it's
343 191 52 25 first
417 188 168 33 inaguration,

49 234 186 26 Householders
248 232 57 25 took
317 239 15 16 a
355 230 75 31 lively
444 229 104 23 interest
559 227 28 23 m

49 273 21 24 it
78 272 105 25 because
194 272 59 30 they
265 277 64 18 were
341 268 103 30 directly
464 265 73 25 taxed
549 264 37 24 for

48 313 43 25 it's
101 313 103 31 evpport
212 310 51 26 and
275 308 171 28 Committee's
458 313 62 18 were
544 311 42 18 en-

49 350 96 26 trusted
158 350 59 24 with
229 350 68 29 large
315 353 102 24 powers,
440 343 80 26 which
544 342 42 25 the

46 390 86 26 Board
143 390 65 24 have
218 388 85 31 wisely
314 385 147 25 withdrawn
484 390 47 17 one
554 381 32 32 by

48 435 46 18 one
107 428 66 24 until
184 427 60 31 they
267 426 64 24 have
359 423 45 25 left
426 423 72 24 them
520 420 66 25 little

49 467 52 24 else
112 468 27 23 to
150 465 32 24 do
201 464 46 25 but
270 470 79 23 sweep
372 462 44 24 the
438 461 75 24 floor
520 461 8 24 3
536 458 50 26 and

48 503 62 31 keep
122 503 43 24 the
193 501 117 26 windows
321 499 79 28 clean,
422 498 45 24 but
481 496 104 31 insigni-

47 543 78 24 ficant
137 550 28 17 as
181 541 43 25 the
244 540 82 24 duties
350 547 41 16 are
402 537 83 25 which
510 536 74 24 Com-

47 581 100 25 mittees
158 580 64 25 have
232 581 34 26 ,to
278 574 124 37 perform,'
417 584 35 17 we
476 575 53 24 find
555 574 31 31 by

46 619 104 31 reading
161 618 43 25 the
213 617 99 26 various
324 614 99 26 records
434 614 57 24 that
515 619 71 18 some

46 656 28 25 of
83 656 70 24 them
166 655 67 25 shew
250 655 70 30 great
333 652 49 25 airs
395 651 50 25 and
465 658 69 18 some
546 651 37 22 in-

45 693 123 25 dividuals
179 692 108 26 conduct
304 691 152 24 themselves
480 688 61 25 with
559 695 27 16 as

46 733 76 25 much
131 732 142 32 pomposity
296 738 28 17 as
347 738 15 15 a
384 730 82 31 newly
488 727 99 32 fledged

45 771 113 24 member
174 770 28 25 of
210 769 165 25 Parliament.
410 767 26 24 It
447 767 23 24 is
481 767 44 23 not
538 772 46 17 un-

46 816 118 17 common
184 809 37 24 for
244 816 15 16 a
282 806 90 31 village
395 804 136 26 tea-dealer
560 804 25 23 to

45 849 57 25 hint
114 851 26 23 to
152 857 15 16 a
179 848 101 26 teacher
291 848 57 25 that
357 845 62 26 he'll
428 844 73 26 make
510 845 21 23 it
540 844 46 24 hot
605 859 2 4 .

47 888 38 23 for
96 887 55 24 him
162 887 21 24 if
192 887 32 24 he
237 887 59 24 does
307 887 45 22 not
361 885 56 23 deal
426 885 26 22 at
465 890 45 16 our
520 884 66 21 store

33 945 3 3 .
47 925 50 25 and
109 925 21 25 if
139 933 15 17 a
167 925 64 25 local
244 924 73 26 Saint
326 924 54 30 gets
391 921 54 24 into
457 920 41 25 the
511 919 75 25 Chair

47 965 62 25 he'll
118 967 38 23 set
167 972 34 17 on
212 964 44 25 the
268 962 134 26 tea-dealer
424 960 22 25 if
472 959 32 25 he
517 958 69 26 .does

47 1004 113 31 notgive
171 1011 15 17 a
212 1004 54 29 tray
278 1004 27 22 at
324 1008 45 17 our
391 1000 61 23 next
471 997 114 26 anniver-

47 1049 65 24 sary.
149 1041 75 25 Some
235 1040 87 31 people
333 1037 115 31 imagine,
456 1036 55 24 that
532 1043 52 16 cor-

46 1084 58 28 rupt
124 1081 121 31 practices
257 1079 33 32 by
319 1077 86 25 school
428 1075 157 26 committees

47 1129 42 17 are
100 1122 62 24 next
173 1122 26 23 to
219 1117 153 34 impossible,
397 1116 45 25 but
470 1115 44 25 the
534 1115 51 26 late

47 1169 145 23 newspaper
204 1159 99 26 records
314 1166 75 22 prove
402 1157 43 24 the
461 1157 124 28 contrary.

47 1199 82 24 There
139 1192 22 30 is
173 1205 69 17 more
259 1197 63 24 than
334 1203 47 16 one
393 1202 56 16 case
468 1193 117 24 recorded

47 1238 82 26 where
141 1237 43 25 the
196 1237 137 25 Chairman
344 1235 51 24 had
405 1233 142 32 something
559 1234 26 23 to

49 1278 46 25 sell
107 1277 50 26 and
167 1277 21 25 it
199 1285 51 17 was
263 1284 56 17 sure
340 1277 26 22 to
390 1272 30 26 be
444 1273 144 31 something

48 1316 28 25 of
82 1315 83 26 which
174 1315 43 25 the
227 1315 85 24 school
320 1313 70 25 stood
400 1313 27 23 m
436 1313 70 31 great
515 1311 71 24 need.

49 1355 54 24 The
116 1361 141 24 scavenger,
271 1353 43 24 the
325 1352 153 24 woodcutter
492 1357 29 17 or
543 1349 43 24 the

49 1395 130 32 carpenter
191 1395 68 24 must
271 1392 57 26 deal
339 1393 27 23 at
396 1399 46 17 our
470 1391 67 24 store
560 1397 29 16 or

49 1441 71 16 come
132 1435 26 22 to
170 1441 46 16 our
227 1439 89 26 prayer
324 1430 110 30 meeting
442 1437 28 16 as
475 1428 48 25 .the
532 1435 56 16 case

49 1479 59 23 may
119 1470 39 24 bfi.
177 1470 82 24 Thjse
273 1470 40 25 Sir
322 1477 42 16 are
377 1468 42 24 the
431 1467 63 24 facts
508 1465 80 24 which

49 1509 15 24 I
75 1508 64 25 have
149 1508 80 25 called
240 1508 64 25 from
314 1506 44 25 the
369 1505 100 26 various
491 1505 97 29 reports

50 1548 27 26 of
89 1549 64 25 1893
163 1548 49 25 and
221 1548 60 34 they
310 1554 41 17 are
376 1553 59 23 very
461 1543 125 31 amusing.

50 1586 70 32 They
132 1586 62 26 dont
205 1585 108 33 perhaps
320 1583 31 25 do
360 1590 59 24 very
431 1581 77 25 much
515 1581 73 25 harm

49 1625 89 31 except
146 1632 16 15 a
169 1623 66 24 trifle
246 1622 27 25 of
280 1623 99 30 disgust
388 1622 26 23 at
426 1620 85 31 seeing
523 1618 63 25 such

50 1664 87 23 arrant
156 1661 94 26 knaves
278 1660 103 30 seeking
415 1658 105 25 election
555 1664 34 17 on

50 1700 86 25 school
147 1698 166 26 committee's
325 1696 79 24 under
416 1695 43 25 the
475 1694 113 32 specious

49 1740 117 31 pretence
177 1738 57 25 that
245 1738 59 31 they
317 1743 41 17 are
370 1735 88 32 deeply
472 1734 117 25 interest-

50 1776 31 26 ed
92 1776 26 25 m
131 1775 43 27 the
186 1783 74 17 cause
271 1774 26 25 of
308 1773 132 26 education
463 1772 51 25 and
537 1773 49 24 sin-

50 1816 81 33 cerely
143 1816 128 26 solicitous
284 1815 76 25 about
371 1814 44 25 the
426 1813 118 32 morality
565 1813 27 24 of

50 1856 44 26 the
104 1856 81 32 rising
192 1856 154 33 generation.
367 1853 69 27 Such
447 1854 142 25 characters

50 1903 28 17 as
91 1895 71 25 these
184 1894 52 26 will
264 1894 92 30 always
384 1892 54 25 find
468 1894 76 23 seats*
557 1899 33 16 on

50 1935 86 27 school
148 1934 164 28 committees,
330 1933 84 24 unless
437 1931 151 26 household-

50 1980 39 18 ers
99 1973 51 24 will
159 1973 70 24 learn
242 1974 25 22 to
280 1971 57 25 take
349 1978 32 16 an
391 1970 105 24 interest
505 1970 27 24 m
546 1969 43 25 tbe

49 2009 161 33 proceedings
222 2009 51 25 and
282 2009 57 24 take
351 2016 56 16 care
420 2009 25 23 to
456 2008 62 23 elect
530 2014 58 16 men

50 2048 58 25 who
130 2048 84 31 really,
235 2047 57 25 seek
304 2046 67 25 their
384 2046 120 32 suffrages
527 2044 63 24 with

49 2089 93 23 honess
163 2086 148 26 intentions.
358 2085 82 24 There
457 2089 6 11 J
471 2093 42 15 are
537 2083 68 27 still.

52 2126 96 25 several
176 2125 100 25 schools
310 2123 83 25 where
432 2122 159 25 committees

50 2166 66 24 have
127 2166 45 24 not
182 2164 63 26 been
257 2162 95 27 elected
364 2162 50 25 and
437 2170 28 17 as
489 2170 15 16 a
527 2161 62 25 safe-

50 2206 81 33 guard
170 2206 100 31 against
315 2206 100 28 corrupt
459 2201 130 33 practices.

50 2243 190 26 Householders
257 2241 91 26 shoulu
371 2241 74 24 insist
468 2240 56 25 that
548 2239 43 26 the

44 2284 79 24 result
135 2284 26 24 of
172 2291 73 23 every
256 2281 111 32 -masting
379 2281 91 25 should
481 2280 30 25 hz
527 2280 64 32 pub-

49 2324 83 25 lished
144 2324 50 24 and
216 2324 55 24 that
283 2324 94 23 correct
401 2322 82 30 copies
507 2322 25 23 of
555 2321 36 25 all

50 2364 212 31 correspondence
275 2362 91 26 should
377 2363 28 24 be
412 2361 112 25 laithfull
532 2361 59 31 kept

50 2404 51 26 and
111 2403 165 32 produceable
289 2406 27 22 at
327 2402 44 25 the
383 2404 101 30 request
496 2402 28 24 of
542 2409 49 23 any

50 2442 169 26 householder
230 2441 99 26 instead
340 2441 32 28 of,
383 2448 28 17 as
423 2441 22 24 is
458 2442 41 23 too
522 2440 69 25 often

50 2481 44 24 the
107 2488 65 20 case,
183 2480 43 24 the
238 2482 67 21 most
316 2478 139 31 important
475 2478 117 24 business

51 2518 75 32 being
151 2515 139 28 conducted
315 2517 27 23 m
362 2519 79 22 secret
453 2516 51 24 and
532 2516 59 32 only

52 2559 91 24 known
155 2562 10 21 t
168 2566 13 17 j
190 2566 48 17 one
250 2558 50 24 and
311 2557 108 32 perhaps
431 2559 49 23 two
500 2559 44 22 out
568 2556 27 24 of

52 2597 44 26 the
106 2604 84 18 seven.
226 2596 24 24 It
261 2596 23 24 is
296 2596 81 31 pretty
391 2594 63 24 hard
466 2597 25 23 to
504 2602 88 17 arouse

54 2637 44 26 the
110 2636 126 26 attention
248 2636 27 24 of
287 2636 42 24 the
349 2632 85 35 public
446 2634 86 25 unless
543 2643 51 26 you

52 2685 48 18 can
112 2677 68 25 shew
193 2677 56 25 that
259 2677 58 31 they
327 2683 42 17 are
384 2675 150 32 financially,
552 2676 38 22 in-

53 2716 109 26 terested
174 2716 50 24 and
236 2715 59 32 they
307 2714 77 31 really
408 2721 42 17 are
473 2713 28 24 m
525 2721 69 17 some

52 2764 71 18 cases
135 2757 39 23 for
185 2756 13 24 I
210 2755 75 25 could
297 2754 114 26 mention
423 2761 69 17 some
506 2753 86 32 villag-

54 2803 26 16 es
102 2794 81 25 which
206 2802 41 16 are
271 2792 134 25 benefitted
428 2791 33 31 by
479 2791 114 32 expendi-

54 2837 56 24 ture
123 2836 25 24 to
177 2834 44 25 the
234 2836 86 22 extent
329 2833 26 24 of
365 2840 75 17 seven
468 2839 28 18 cr
525 2831 70 32 eight

55 2874 117 26 hundred
184 2881 15 16 a
221 2881 59 24 year
303 2872 50 25 and
371 2879 70 17 some
464 2874 81 22 towns
570 2872 25 23 to

55 2915 44 26 the
111 2916 87 24 extent
209 2915 26 24 of
254 2912 147 26 thousands.
437 2912 73 31 Petty
529 2910 64 26 trad-

56 2961 87 18 esmen
164 2961 42 16 are
217 2952 58 25 well
286 2959 80 18 aware
379 2950 26 25 of
417 2950 51 25 this
483 2951 50 23 fact
545 2949 50 25 and

56 2994 27 24 m
96 2999 69 18 some
177 2999 68 16 cases
259 2990 57 32 they
325 2997 107 23 manage
444 2991 24 22 to
477 2989 65 23 farm
552 2989 43 24 ihe

55 3031 138 27 incidental
205 3030 162 32 expenditure
380 3037 56 23 very
447 3029 113 36 clevejj^r.

57 3071 82 25 These
148 3070 63 24 facts
224 3070 13 23 1.
249 3069 89 31 gather
360 3068 65 24 from
451 3067 42 24 the
516 3074 79 17 news-
605 3088 3 3 .

56 3118 97 27 papers:
160 3110 66 32 'they
245 3118 42 16 are
309 3107 143 33 constantly
476 3108 120 30 cropping

57 3159 33 24 up
103 3151 50 24 and
165 3144 69 37 gi-ire
246 3151 44 22 out
313 3151 67 22 most
404 3146 191 32 conspicuously

55 3191 74 26 when
150 3191 75 26 two...
228 3187 159 32 competitive
412 3185 183 33 sugar-dealers

55 3229 58 31 chip
125 3230 44 24 out
182 3228 49 24 and
244 3227 55 31 give
319 3225 43 26 the
391 3225 32 25 lie
436 3227 25 23 to
491 3225 43 24 tbe
554 3223 42 26 old

42 3276 5 17 '.
56 3276 58 20 saw,,
117 3263 75 32 Jtliat
202 3261 17 29 f
221 3258 104 33 fhere'is
353 3264 99 25 honour
479 3264 117 30 amongst

54 3307 105 26 thieves.
207 3305 54 25 Tne
273 3304 113 26 children
412 3303 40 25 Sir
475 3309 42 17 are
540 3300 57 26 well

56 3355 80 18 aware
149 3345 27 25 of
186 3345 70 25 these
280 3341 186 34 delinquencies
479 3341 117 30 amongst

55 3394 46 18 our
113 3384 158 26 educational
283 3384 131 29 magnates
427 3381 50 24 and
489 3379 106 26 inward-

54 3427 27 32 ly
93 3433 53 17 vow
158 3425 26 23 to
197 3424 28 24 be
249 3431 27 16 as
288 3422 43 31 big
350 3428 108 23 rougues
482 3427 28 16 as
530 3418 67 25 their

55 3466 96 26 fathers
163 3465 73 25 when
257 3464 63 31 they
346 3464 41 29 get
414 3460 44 32 big
486 3459 109 33 enough.

24 3532 6 9 t
36 3517 4 25 ;
47 3507 89 31 .There
153 3505 54 25 will
218 3505 93 31 always
321 3503 31 24 be
364 3502 93 24 knaves
466 3501 130 25 otherwise

24 3532 67 39 'we
103 3544 90 26 should
205 3544 98 31 require
316 3549 34 17 no
364 3540 151 30 restraining
527 3538 68 28 laws,

54 3585 45 25 but
111 3585 44 23 tne
172 3582 55 25 best
239 3589 54 24 way
306 3582 26 23 to
343 3579 48 32 clip
405 3578 65 25 their
482 3577 80 33 wings
574 3577 22 24 is

56 3627 26 23 to
94 3624 56 32 give
161 3622 46 25 full
218 3621 121 32 publicity
352 3622 25 22 to
398 3619 34 24 all
461 3619 66 24 their
557 3625 38 17 ac-

55 3665 77 26 tions.
179 3663 13 23 I
202 3662 61 24 hold
275 3661 56 25 that
343 3660 26 23 m
381 3660 83 30 public
482 3658 113 24 business

57 3705 69 27 there
139 3703 91 25 should
241 3701 32 25 be
295 3709 34 16 no
341 3707 96 23 seeresy
451 3698 49 25 and
524 3705 71 23 every

55 3753 70 19 room
138 3744 27 24 m
177 3742 84 26 which
272 3741 21 25 it
304 3741 22 24 is
350 3738 142 26 transacted
505 3737 92 26 should

55 3786 32 24 be
104 3781 134 27 accessible
259 3782 27 22 to
309 3779 43 24 the
375 3777 86 32 public
487 3784 27 16 so
540 3776 56 24 that

56 3823 107 32 trickery
186 3821 51 25 and
261 3820 108 29 knavery
392 3817 82 24 would
549 3815 47 24 im-

55 3860 110 37 possible
177 3860 107 25 without
296 3856 117 31 bringing
424 3855 72 24 down
509 3862 14 16 a
541 3854 56 24 veil

55 3900 107 30 merited
174 3897 165 35 punishment
362 3903 33 17 on
419 3894 43 25 the
485 3892 64 26 head
572 3892 27 25 of

54 3942 44 30 tbe
110 3939 156 30 delinquent.
438 3951 15 10 .

710 188 38 31 By
768 187 43 25 the
833 195 54 23 way
912 186 40 24 Sir
974 186 14 24 I
1009 193 40 17 see
1073 184 64 25 that.
1146 184 71 24 West

678 227 92 25 Oxford
795 228 21 22 is
829 228 117 29 amongst
971 225 41 24 the
1035 223 136 25 defaulters
1189 221 27 24 m

677 264 107 32 electing
796 273 14 16 a
822 264 144 25 committee
979 263 47 23 and
1039 263 12 22 I
1061 261 66 24 shall
1135 260 30 24 be
1175 267 40 16 ex-

677 304 106 33 tremely
807 313 69 23 sorry
894 304 21 24 if
934 311 48 24 any
1006 311 26 16 ox
1060 301 43 25 the
1126 301 89 24 house-

677 343 100 24 holders
822 342 110 32 imagine
1066 340 42 23 the
1138 339 78 24 above

676 381 112 24 remarks
797 381 64 24 have
870 389 15 16 a
891 379 115 32 personal
1017 378 110 31 bearing.
1162 376 54 24 The

677 428 58 23 caps
745 419 55 25 that
812 420 13 23 I
838 419 63 24 have
913 417 124 31 produced
1049 424 42 17 are
1112 423 66 17 none
1192 414 27 26 of

676 468 42 23 my
732 461 110 29 making,
855 459 45 25 but
912 467 42 16 aro
972 456 192 26 manufactured
1183 456 33 31 by

677 498 43 24 the
732 497 206 31 correspondents
957 496 28 25 of
1005 496 44 24 the
1069 496 74 22 Press
1166 493 51 24 and

677 536 43 24 the
747 537 74 23 Times
851 534 48 25 and
923 535 22 23 if
960 543 49 22 any
1038 533 63 32 body
1126 531 90 26 should

676 574 55 24 find
743 582 14 16 a
769 574 38 29 fit,
820 574 13 24 I
863 581 42 17 am
932 574 46 24 not
995 570 161 34 .responsible
1179 570 38 25 for

677 614 64 27 that.

1011 650 82 25 Yours
1108 651 41 23 &c.

1045 690 136 24 Foolscap.

932 729 28 17 q

678 759 87 25 Sir.
766 760 13 23 l
791 759 68 31 quite
872 765 72 24 agree
964 757 61 25 with
1049 757 168 31 Temperance

677 798 56 24 that
745 797 43 25 the
800 796 73 25 Press
886 795 91 25 should
988 795 31 24 be
1031 802 33 17 an
1073 794 143 25 education-

677 838 25 23 al
712 838 81 30 agent,
807 835 99 26 instead
923 835 30 25 .of
973 834 75 32 being
1067 834 62 25 used
1153 842 28 16 as
1202 842 16 16 a

676 877 97 24 vehicle
785 877 38 24 for
834 876 138 30 conveying
984 875 43 24 the
1047 875 107 23 account
1166 873 27 25 of
1202 882 16 16 a

677 914 76 25 booze
765 914 37 25 lot
815 915 41 23 &c.
891 913 52 25 But
968 913 41 26 Sir
1032 913 13 23 I
1070 912 65 25 have
1158 911 60 25 read

678 952 162 28 somewhere,
861 952 66 27 .that
955 951 71 25 these
1055 950 95 31 things-
1176 957 42 16 are

677 993 99 24 written
788 992 38 25 for
837 1000 46 17 our
909 991 151 28 edification,
1080 990 71 25 these
1174 997 42 17 are
1222 985 8 15 v

676 1030 43 24 the
732 1030 78 25 rocks,
816 1038 32 16 on
865 1030 81 23 which
960 1037 35 16 \ve
1004 1043 2 11 :
1018 1029 64 23 have
1106 1027 110 25 errected

675 1068 162 31 lighthouses
849 1069 26 22 to
896 1075 73 18 .warn
992 1066 43 25 the
1051 1066 74 31 -good
1148 1065 70 31 ships

677 1108 160 30 temperance
850 1105 49 24 and
912 1105 125 31 morality,
1061 1103 26 25 of
1114 1103 102 32 danger.

680 1147 169 31 Temperance
877 1153 59 19 men
965 1145 61 25 dont
1044 1144 75 25 make
1143 1144 75 24 idiots

676 1187 27 24 of
713 1186 160 26 themselves:
886 1188 45 23 not
943 1186 68 30 they,
1025 1185 49 24 and
1084 1185 61 31 they
1156 1184 62 25 dont

676 1227 58 24 take
744 1235 15 16 a
771 1227 61 31 drop
844 1234 33 17 on
887 1226 43 25 the
943 1226 46 32 sly.,
1010 1227 46 23 not
1080 1225 67 31 they,
1167 1224 51 25 and

677 1265 58 32 they
747 1265 62 24 dont
822 1264 61 32 keep
901 1272 16 17 a
930 1286 2 1 .
941 1264 61 31 drop
1014 1263 28 24 m
1068 1263 42 24 the
1131 1270 87 17 corner

677 1305 126 31 cupboard
814 1305 38 24 for
865 1304 111 25 sickness
988 1304 67 29 sake,
1074 1305 47 23 not
1148 1303 68 31 they.

676 1343 14 24 I
701 1343 64 25 have
774 1343 55 31 just
842 1343 90 31 tapped
955 1350 15 16 a
993 1342 48 31 keg
1075 1341 30 25 of
1136 1341 80 30 prime

678 1382 147 32 elderberry,
838 1382 56 32 give
906 1389 30 17 us
948 1390 15 16 a
976 1381 49 25 call
1037 1381 41 25 Mr
1099 1380 118 31 Temper-

677 1428 69 21 ance,
760 1420 42 25 I'll
826 1421 136 30 guarantee
985 1419 94 25 thare's
1106 1426 76 17 never
1202 1426 16 16 a

676 1459 96 25 lunatic
785 1466 27 18 or
832 1466 16 16 a
871 1458 95 25 broken
988 1456 105 26 hearted
1112 1456 57 26 wife
1190 1464 28 17 or

677 1506 62 18 even
752 1507 14 16 a
778 1498 81 25 childs
871 1498 58 25 bare
941 1498 52 24 foot
1004 1498 28 24 m
1052 1497 29 24 it.

911 1536 82 24 Yours
1006 1536 42 24 &c.

991 1575 159 24 Afeandokf.

675 1644 395 27 WAIMAKARIRI-ASHLEY
1091 1643 127 27 WATER

811 1688 133 26 SUPPLY
956 1687 124 26 BOARD.

711 1776 49 24 The
772 1775 113 32 monthly
909 1775 105 32 meeting
1037 1775 26 24 of
1075 1795 2 3 .
1086 1774 41 25 the
1145 1774 73 25 above

675 1820 82 24 Board
769 1828 46 16 was
844 1819 55 25 held
921 1821 26 22 at
959 1819 121 31 Rangiora
1105 1818 112 32 Tuesday

677 1863 118 32 morning;
805 1865 95 30 present
934 1863 40 24 Mr
981 1863 24 24 J.
1014 1863 97 24 Dobson
1121 1861 95 33 (Chair-

677 1907 75 33 man),
766 1907 90 24 Messrs
870 1907 28 26 T,
911 1906 105 31 Pashby,
1029 1906 23 23 E
1064 1905 93 25 Wilder
1168 1906 47 23 and

677 1950 25 26 J.
717 1950 92 26 Smith.
862 1950 40 24 Mr
931 1950 29 24 T.
973 1949 95 32 Pashby
1097 1950 84 23 moved

661 1995 33 16 '"
703 1994 63 23 That
779 1993 43 23 the
845 1992 122 31 following
989 1994 27 22 be
1039 1992 120 28 minuted,'
1167 1993 47 23 and

676 2037 55 24 that
742 2046 13 14 a
767 2044 60 23 copy
840 2037 28 23 be
880 2040 54 20 sent
945 2039 25 21 to
982 2036 53 26 Mrs
1047 2035 124 32 Chapman
1176 2044 42 16 :^-

678 2084 5 10 --;
693 2081 63 23 That
769 2080 40 23 the
821 2079 115 24 membcis
949 2080 25 23 of
985 2079 48 24 this
1063 2079 80 24 Board
1173 2088 41 15 are

675 2124 84 31 deeply
770 2124 87 24 moved
869 2124 29 30 by
908 2123 42 24 the
962 2124 42 23 sad
1016 2123 47 24 and
1074 2124 76 30 tragic
1159 2124 31 22 mi
1207 2137 7 4 -

676 2167 95 24 fortune
783 2166 76 24 which
872 2166 44 24 has
929 2166 86 24 caused
1038 2166 42 24 the
1103 2167 47 23 loss
1164 2167 26 23 of
1203 2175 15 15 a

676 2209 138 33 gentleman
826 2210 53 25 who
892 2218 46 16 was
950 2210 88 24 elected
1051 2211 29 30 by
1105 2210 40 25 ths
1170 2218 44 16 un-

677 2255 107 23 animous
797 2255 64 24 voice
879 2255 24 24 of
927 2255 40 23 the
990 2254 91 32 people.
1117 2255 24 23 It
1171 2263 47 16 was

678 2298 60 24 with
750 2298 59 31 deep
832 2298 55 31 pain
917 2299 45 23 and
990 2306 85 15 sorrow
1094 2298 56 23 that
1171 2298 48 23 this

677 2341 80 25 Board
771 2349 45 16 was
830 2342 67 23 made
909 2350 74 15 aware
1003 2342 53 23 that
1068 2349 12 15 a
1094 2348 81 18 career
1194 2342 25 23 of

678 2384 234 32 public-usefulness,
925 2385 93 24 entered
1032 2393 64 24 upon
1108 2385 59 24 with
1188 2393 28 16 so
1256 2399 2 14 |

649 2453 3 4 ,
667 2429 57 26 {fair
732 2437 14 15 a
758 2429 108 31 promise,
880 2429 46 23 had
936 2429 57 24 been
1004 2434 40 19 cut
1052 2429 67 24 short
1131 2430 31 30 by
1180 2429 40 24 the

680 2472 119 24 untoward
814 2472 70 23 dpath
904 2472 25 23 of
955 2471 39 24 Mr
1014 2472 103 23 Edward
1140 2471 78 32 Chap-

680 2524 63 16 man.
779 2516 37 24 To
828 2516 37 24 his
875 2516 99 23 breaved
986 2515 53 24 wife
1065 2516 47 23 and
1136 2516 84 31 family

680 2559 48 25 this
742 2559 77 24 Board
833 2559 89 24 desires
935 2559 58 24 offur
1004 2558 32 24 its
1049 2558 90 24 sincere
1162 2567 55 15 con-

680 2603 98 24 dolence
787 2602 24 23 m
825 2602 40 23 the
879 2603 60 29 hope
952 2601 54 24 that
1018 2601 31 31 by
1070 2601 57 24 thus
1153 2604 65 28 putt-

680 2654 33 23 ng
723 2654 30 16 on
767 2646 81 24 record
861 2646 40 24 the
913 2653 68 17 sense
993 2645 49 25 this
1064 2644 79 26 Board
1170 2654 51 20 en-.,

680 2690 99 24 tertaius
791 2689 26 25 of
824 2689 40 25 the
875 2689 79 32 public
975 2688 47 25 loss
1043 2689 123 25 sustained
1190 2689 31 32 by

681 2729 41 23 the
734 2729 71 22 death
818 2728 27 24 of
853 2728 60 24 their
920 2728 56 23 dear
984 2727 98 25 relative
1091 2735 64 17 some
1164 2735 55 17 con-

681 2771 102 24 solation
797 2780 51 21 may
862 2771 27 23 be
906 2770 105 25 afforded
1022 2773 24 21 to
1076 2771 67 23 those
1166 2771 55 25 who

683 2822 91 21 mourn,
787 2814 24 23 m
823 2814 39 24 the
874 2813 119 24 reflection
1007 2814 53 23 that
1072 2813 41 24 Mr
1136 2814 86 31 Chap-

683 2860 78 21 man's
775 2858 67 23 noble
854 2858 47 23 and
915 2858 51 23 firm
978 2858 122 30 discharge
1110 2858 25 23 of
1145 2858 76 30 public

682 2902 87 28 duties,
791 2902 45 24 and
849 2902 35 24 his
899 2901 93 32 private
1014 2902 86 24 virtues
1116 2910 38 16 are
1167 2901 55 25 held

682 2946 25 24 m
718 2945 101 32 grateful
834 2945 104 32 memory
952 2947 29 29 by
993 2945 34 24 all
1038 2954 98 23 peisons
1146 2945 23 24 m
1183 2945 40 25 the

684 2989 270 28 Waimakariri-Ashley

718 3032 21 25 A
750 3033 68 24 letter
832 3041 47 16 was
903 3032 59 24 read
990 3032 61 24 from
1081 3032 40 23 Mr
1147 3030 30 25 A.
1190 3032 31 24 Y.

684 3076 63 31 Hay,
775 3083 112 23 manager
910 3076 26 23 of
962 3076 39 22 the
1013 3074 73 25 Bank
1115 3075 25 24 of
1164 3074 57 24 New

685 3119 112 30 Zealaud,
810 3119 88 31 asking
910 3119 36 24 for
959 3118 96 24 definite
1066 3118 157 25 information

684 3171 26 16 as
720 3168 23 19 to
755 3163 61 24 what
830 3170 47 17 was
891 3162 70 31 being
974 3162 61 24 done
1047 3161 103 25 towards
1162 3162 58 24 rais-

684 3207 42 32 ing
750 3207 40 24 the
812 3206 64 25 loan.
919 3206 51 24 The
999 3206 122 24 chairman
1145 3206 78 25 stated

684 3251 54 24 that
763 3251 29 23 he
814 3250 48 24 had
875 3249 86 31 replied
991 3250 82 30 giving
1084 3248 43 24 full
1150 3249 73 23 infor-

685 3295 97 24 mation.
818 3293 22 24 A
856 3293 73 25 letter
947 3293 60 24 from
1030 3293 40 23 the
1099 3292 124 31 Treasury,

686 3338 156 30 Wellington,
867 3336 93 32 stating
987 3336 53 23 that
1068 3335 41 24 the
1142 3335 81 32 acting

684 3377 104 24 Premier
798 3375 68 24 could
878 3378 43 20 not
933 3383 38 15 sec
983 3374 26 24 m
1025 3375 64 23 what
1109 3382 51 23 way
1183 3375 40 23 the

685 3416 165 25 Government
862 3415 69 24 could
944 3414 71 24 assist
1033 3415 40 24 the
1096 3413 80 25 Board
1199 3413 24 24 m

685 3456 40 23 the
745 3453 85 25 mattof
842 3453 24 24 of
879 3453 39 24 the
929 3453 64 24 loan.
1028 3452 52 24 The
1102 3451 121 31 Secretary

685 3500 47 17 was
742 3491 119 25 instucted
883 3494 24 20 to
919 3490 73 32 apply
1012 3494 23 20 to
1059 3488 164 25 Government

685 3532 37 22 for
734 3531 40 21 the
791 3529 68 23 letter
882 3528 113 30 referring
1014 3530 25 21 to
1064 3535 14 15 a
1090 3534 91 15 reserve
1198 3528 26 21 at

685 3568 110 24 Brown's
808 3566 64 30 rock,
883 3565 47 25 and
947 3568 27 22 to
986 3565 54 24 that
1059 3564 24 24 m
1106 3564 117 25 reference

686 3612 27 29 to,
721 3608 39 24 the
768 3607 100 32 petition
880 3606 25 25 of
917 3606 40 24 Mr
967 3605 82 24 Dixon
1061 3605 45 23 and
1125 3606 98 30 twenty-

686 3647 37 23 six
735 3646 90 24 otliors.
861 3645 38 24 Mr
911 3644 117 27 Webster,
1062 3650 113 23 engineer
1199 3646 24 20 to

685 3690 41 24 the
738 3689 88 29 Bjaid,
839 3688 109 31 reported
960 3695 31 16 ou
1009 3686 40 25 Mr
1063 3685 35 24 M.
1107 3709 3 3 .
1120 3685 104 26 Dixon's

685 3735 72 23 water
766 3731 85 33 supply
864 3730 84 30 works,
960 3730 47 24 and
1018 3730 28 24 he
1058 3737 43 16 was
1112 3728 111 26 instruct-

686 3777 24 19 to
723 3775 61 20 meet
796 3771 39 23 the
847 3777 110 22 surveyor
969 3772 24 20 to
1006 3768 40 24 the
1063 3766 70 25 West
1148 3766 75 31 Eyre-

686 3812 43 21 ton
743 3809 67 23 Road
823 3807 78 24 Board
915 3815 28 15 od
958 3806 42 25 the
1012 3805 93 32 ground
1119 3808 25 21 to
1158 3805 67 24 mako

685 3859 32 15 an
729 3848 130 31 inspection
873 3847 25 24 of
910 3846 39 25 the
962 3846 93 29 worlds..
1080 3845 25 24 It
1120 3853 46 16 was
1190 3853 33 16 re-

685 3888 79 25 solved
776 3892 24 20 to
823 3887 65 24 write
917 3889 26 22 to
967 3886 40 25 the
1030 3885 68 25 West
1119 3885 104 31 Eyretou

685 3926 80 28 Board
776 3926 26 27 m
822 3926 116 25 refercuce
948 3927 24 22 to
993 3924 42 25 the
1055 3926 93 23 matter.
1185 3923 40 25 Mr

1309 186 32 24 A.
1353 186 82 33 Temp?
1440 196 24 15 or
1486 196 47 16 was
1557 187 127 31 appointed
1709 186 135 32 Returning

1308 230 85 24 Officer
1407 234 23 20 to
1440 232 39 22 the
1492 231 88 28 Board,
1593 230 48 24 and
1656 238 43 16 vas
1712 230 132 24 instructed

1308 277 23 20 to
1344 275 55 22 take
1411 275 42 24 the
1466 282 121 23 necessary
1599 276 66 28 steps
1672 273 36 24 for
1720 273 41 24 the
1785 273 58 24 elec-

1307 307 50 24 tion
1371 307 26 25 of
1408 316 13 15 a
1435 308 186 31 representative
1633 307 25 24 of
1667 307 39 24 the
1717 306 61 25 Cust
1787 306 54 25 rise-

1307 340 42 30 injj
1358 341 25 23 iv
1394 341 40 23 Hie
1446 340 67 30 place
1526 342 24 22 of
1571 341 39 23 Mr
1632 340 130 30 Chapman.
1799 340 44 23 Ac-

1308 377 84 20 counts
1405 374 147 30 amounting,
1564 376 24 21 to
1602 374 55 23 00
1677 375 42 23 10s
1732 372 32 25 Sd
1788 381 56 16 wore

1308 407 84 30 passed
1407 408 35 23 for
1471 408 121 29 paywuit,
1622 406 48 24 and
1698 407 40 23 the
1762 406 83 24 Boaad

1306 440 82 31 adjoin
1393 440 53 24 ned.

1381 560 140 26 OXFORD
1538 561 92 25 ROAD
1648 560 124 25 BOARD.

1340 649 61 24 This
1433 649 81 25 Roard
1541 648 60 25 held
1626 647 66 26 their
1728 647 117 32 ordinary

1305 692 112 32 meeting
1445 700 34 17 on
1507 692 53 24 3rd.
1584 692 60 24 inst.
1696 692 113 27 Present,
1841 704 4 11 :

1306 734 93 25 Messrs
1411 735 30 23 A.
1455 734 108 31 Wright,
1576 734 162 31 (chairman)
1757 734 85 29 Harle,

1305 777 126 31 Aldridge,
1445 778 71 23 Dean
1528 777 50 24 and
1594 777 116 24 Hawker.

1340 821 111 24 Minutes
1463 824 25 21 ot
1499 820 51 25 last
1562 820 116 32 ordinary
1690 819 50 25 and
1752 819 92 32 special

1305 865 124 30 meetings
1446 872 64 17 were
1533 864 59 24 read
1620 863 50 24 and
1698 863 144 24 confirmed.

1340 907 74 25 Clerk
1443 907 114 31 reported
1592 907 67 24 That
1684 906 33 25 he
1733 906 52 25 had
1818 907 27 24 to

1306 951 99 32 employ
1432 951 89 25 labour
1549 951 154 32 consequent
1739 958 34 17 on
1801 950 43 24 the

1305 995 51 25 late
1379 995 79 24 floods
1493 995 132 31 approved.
1661 994 66 25 That
1744 994 32 25 he
1805 1002 39 16 re-

1305 1038 165 25 commended
1492 1046 15 16 a
1524 1037 54 26 slab
1596 1037 121 32 corduroy
1745 1045 34 16 on
1801 1037 44 24 the

1306 1080 189 32 Ram-paddock
1514 1080 60 25 road
1596 1080 98 32 cutting
1717 1080 51 25 and
1788 1080 57 25 that

1306 1124 41 25 Mr
1358 1124 152 33 Youngman
1529 1124 52 26 had
1596 1124 92 26 offered
1711 1124 44 26 the
1778 1123 68 27 slabs

1305 1168 51 24 free
1367 1168 28 25 of
1406 1171 54 22 cost
1494 1169 132 30 approved.

1339 1211 41 24 Mr
1391 1211 90 25 Purvis
1500 1211 158 31 complained
1680 1211 24 25 of
1717 1211 40 24 Mr
1769 1211 74 24 Ptar-
1867 1234 4 4 .

1306 1262 46 17 son
1377 1256 45 23 not
1439 1254 94 32 having
1550 1254 108 26 finished
1687 1254 43 25 the
1759 1253 86 33 bridge

1306 1306 58 16 over
1383 1298 44 24 the
1450 1298 70 24 main
1544 1306 63 21 race,
1631 1298 84 24 Board
1736 1297 109 31 thought

1305 1341 44 25 the
1366 1343 50 23 late
1433 1341 50 24 bad
1505 1341 108 25 weather
1641 1348 51 17 was
1721 1341 125 24 sufficient

1306 1392 98 17 excuse.
1467 1384 4 4 '
1552 1385 3 4 '

1339 1428 196 32 Arrangements
1547 1428 51 25 had
1610 1428 63 25 been
1696 1428 73 24 made
1786 1427 60 25 with

1305 1472 43 24 Mr
1360 1472 97 24 Gorton
1468 1472 39 24 for
1519 1471 124 26 civersion
1655 1472 27 24 of
1700 1473 147 23 water-race

1304 1515 28 25 m
1341 1515 40 25 his
1393 1515 74 25 Eden
1484 1515 55 25 Hill
1550 1515 120 33 paddock.

1340 1559 101 26 Several
1453 1559 67 25 fords
1529 1559 64 25 have
1616 1559 63 24 been
1696 1558 100 32 injured
1814 1558 33 31 by

1305 1602 43 25 the
1359 1603 51 24 late
1421 1602 86 30 floods,
1529 1602 134 31 especially
1686 1602 43 25 the
1752 1609 47 17 one
1820 1602 26 24 at

1306 1646 111 24 Carlton.
1453 1646 153 31 Temporary
1639 1646 95 31 repairs
1763 1647 26 23 to
1816 1644 31 25 be

1305 1689 64 24 done
1381 1689 49 24 and
1443 1689 100 24 tenders
1555 1689 79 24 called
1646 1688 38 25 for
1704 1696 15 16 a
1730 1688 50 31 pile
1797 1687 50 25 and

1305 1733 77 31 plank
1395 1732 89 25 shield.

1339 1776 41 24 Mr
1392 1776 23 24 J.
1428 1776 98 24 Lawrie
1543 1774 77 26 asked
1632 1774 38 26 for
1693 1783 15 17 a
1731 1782 116 24 progress

1305 1821 120 31 payment
1453 1828 34 16 on
1515 1820 41 24 his
1591 1821 72 23 stone
1700 1820 140 24 contract
1840 1834 8 4 -

1306 1863 114 25 Granted
1432 1865 44 22 5.

1339 1907 54 25 The
1412 1907 129 31 following
1555 1907 218 31 .correspondence

1305 1951 69 24 dealt
1385 1950 62 25 with
1481 1950 79 25 From
1573 1950 41 24 Mr
1623 1950 104 31 Ingram
1743 1950 103 24 inform-

1305 1994 45 30 ing
1362 1994 42 24 the
1416 1994 84 24 Board
1519 1994 55 23 that
1586 1994 33 23 be
1630 1994 51 23 had
1698 1993 150 24 transferred

1306 2037 40 24 his
1371 2037 162 24 Auctioneers
1561 2036 107 25 License
1694 2038 27 23 to
1750 2036 39 24 Mr
1818 2035 28 25 G.

1306 2081 154 33 Thompson.
1496 2081 77 24 From
1585 2081 41 23 Mr
1641 2080 25 24 J.
1692 2080 155 24 OHalloran

1306 2124 106 30 offering
1428 2126 26 22 to
1477 2124 71 23 clean
1564 2123 133 31 Higgins's
1714 2123 99 31 cutting

1306 2167 126 31 accepted.
1467 2166 76 25 From
1557 2166 40 24 Mr
1620 2166 63 24 Neal
1694 2166 51 24 and
1762 2166 85 25 others

1306 2211 91 32 asking
1421 2211 150 31 permission
1588 2212 25 23 to
1632 2212 42 30 tap
1703 2211 44 24 the
1776 2210 72 24 Main

1306 2255 70 25 View
1421 2255 56 24 Hill
1522 2256 142 23 water-race
1700 2254 73 25 Clerk
1819 2255 27 23 to

1307 2307 113 23 arrange.
1456 2298 75 24 From
1556 2298 43 24 the
1622 2298 119 31 Ilospiial
1766 2298 81 24 Board

1307 2342 120 31 claiming
1439 2342 169 24 contribution
1616 2342 42 24 .for
1670 2342 43 24 the
1736 2342 108 30 ensuing

1306 2394 60 24 year
1378 2387 50 23 75
1451 2387 35 23 Is.
1520 2385 77 24 From
1620 2385 104 24 Carlton
1736 2383 111 26 Domain

1307 2429 84 25 Board
1408 2429 172 32 complaining
1591 2429 56 24 that
1661 2429 42 24 the
1732 2428 60 25 road
1820 2429 26 23 to

1308 2472 43 24 the
1363 2472 111 24 Domain
1486 2472 50 24 had
1547 2475 45 21 not
1612 2474 41 29 yet
1665 2471 63 25 been
1740 2471 73 25 made

1308 2517 65 25 reed.
1594 2537 3 3 .

1341 2558 70 24 View
1453 2558 56 24 Hill
1542 2558 89 24 Pound
1665 2556 104 31 receipts
1810 2556 38 32 2/-

1299 2630 4 3 .
1310 2606 92 26 Oxford
1416 2607 63 32 11/-.

1343 2651 54 25 The
1406 2650 128 32 following
1546 2649 98 27 tenders
1656 2657 65 17 were
1730 2648 118 33 accepted

1343 2696 48 23 42G
1427 2695 40 24 Mr
1481 2694 118 25 Sheehan
1641 2694 44 23 7.

1343 2740 49 24 428
1428 2738 31 25 R.
1473 2738 24 24 J.
1508 2737 69 26 Reed
1640 2737 36 33 1/-
1688 2745 44 23 per
1743 2736 70 32 yard.

1345 2783 57 23 229>
1428 2782 23 24 J.
1465 2781 89 24 Fisher
1641 2780 42 32 1/4
1694 2788 44 23 per
1750 2780 68 31 yard.

1345 2826 47 24 431
1428 2825 24 24 J.
1465 2824 93 32 Whyet
1644 2823 42 33 1/6
1696 2832 43 23 per
1750 2823 70 32 yard.

1345 2869 126 24 Ascounts
1484 2870 24 23 to
1517 2868 45 25 the
1574 2869 105 23 amount
1691 2868 26 24 of
1728 2867 53 24 92
1800 2869 14 22 2
1834 2869 15 24 6

1312 2922 63 16 were
1397 2912 89 33 passed
1515 2912 37 25 for
1580 2914 120 30 payment
1729 2912 50 25 and
1808 2909 41 28 the

1312 2957 83 25 Board
1408 2956 144 31 adjourned.

1416 2999 141 25 ANNUAL
1575 2998 170 26 MEETING.

1347 3067 62 24 This
1442 3066 111 31 meeting
1586 3074 51 17 was
1671 3067 45 23 not
1756 3065 95 31 largely

1313 3100 125 27 attcuded,
1469 3099 42 25 the
1538 3099 83 24 Boartl
1649 3098 92 32 proved
1763 3099 36 23 to.
1806 3098 44 25 the

1313 3133 154 24 satisfaction
1490 3133 28 23 of
1527 3132 72 25 those
1621 3133 101 30 present
1734 3131 56 25 that
1807 3131 44 24 the

1313 3166 85 25 affairs
1427 3166 27 24 of
1494 3165 43 25 the
1571 3165 104 26 District
1788 3166 62 23 been

1313 3198 124 33 managed
1458 3199 29 24 m
1515 3207 15 16 a
1559 3199 96 32 strictly
1683 3198 92 24 honest
1801 3197 50 25 and

1314 3232 152 26 economical
1484 3240 113 17 manner.
1634 3232 69 24 After
1721 3231 131 31 providing

1313 3266 39 25 for
1363 3265 34 25 all
1409 3265 163 31 outstanding
1594 3264 125 26 liabilities
1743 3272 14 16 a
1773 3264 78 25 credit

1314 3298 104 25 balance
1430 3298 122 32 appeared
1562 3298 80 25 under
1654 3305 73 25 every
1743 3297 109 33 heading

1315 3333 86 31 except
1424 3331 44 25 the
1494 3331 72 25 View
1594 3331 55 25 Hill
1675 3326 174 34 Water-Race,

1315 3365 51 25 this
1381 3366 22 23 is
1414 3365 114 24 however
1540 3373 15 16 a
1573 3363 116 31 Valuable
1712 3366 67 23 asset
1802 3365 51 24 and

1315 3398 52 24 will
1383 3406 68 16 some
1477 3398 48 31 day
1542 3405 91 24 appear
1650 3405 34 17 on
1695 3418 4 3 .
1712 3397 44 25 the
1783 3398 69 31 right

1315 3430 61 25 side.
1411 3430 54 25 The
1477 3431 73 24 usual
1567 3432 70 23 votes
1660 3430 27 25 of
1708 3430 144 26 confidence

1315 3464 27 24 m
1371 3464 43 24 the
1442 3464 85 24 Board
1555 3464 59 26 and.
1636 3463 125 32 Surveyor
1788 3472 65 16 were

1315 3496 97 31 passed.
1447 3497 54 24 The
1510 3497 78 24 result
1608 3497 27 24 of
1644 3497 43 23 the
1698 3497 57 24 Poll
1766 3497 85 24 adver-

1315 3529 126 24 tisement.
1477 3529 22 23 A
1527 3528 74 24 fuller
1634 3531 83 28 report
1751 3529 27 24 of
1809 3530 44 24 the

1315 3556 96 31 annual
1425 3561 118 33 -mc-eting
1560 3561 53 25 will
1641 3569 91 25 appear
1754 3561 27 26 m

1315 3597 61 22 next
1387 3595 76 24 issue.
1647 3618 5 4 s

1381 3714 52 26 ME
1441 3714 155 28 HOSKINS
1616 3716 171 26 LECTURE.

1350 3801 53 26 The
1413 3801 71 26 West
1496 3802 94 25 Oxford
1602 3803 137 26 Methodist
1761 3805 94 32 Chapel

1316 3847 51 17 was
1379 3840 55 25 well
1447 3840 75 26 filled'
1528 3841 61 25 with
1600 3850 98 17 women
1710 3843 50 24 and
1772 3844 79 24 child-

1316 3887 44 17 ren
1393 3879 68 33 (only
1471 3879 69 32 eight
1552 3889 33 19 or.
1591 3881 60 26 nine
1664 3884 68 30 men)
1756 3885 27 23 to
1795 3884 61 25 hear

1317 3919 40 25 Mr
1382 3919 113 27 Hbskins
1523 3919 183 30 Astranoniical
1746 3924 108 26 Lecture

1938 168 35 26 all
2039 168 101 31 present
2203 168 62 24 tried
2323 168 61 24 hard
2446 168 26 23 to

1936 208 93 25 believe
2040 208 55 25 that
2107 208 56 31 they
2175 215 62 17 were
2259 207 119 30 intensely
2400 206 74 25 inter-

1936 247 75 29 ested,
2040 247 135 25 instructed
2203 247 49 24 and
2277 246 124 31 improved
2441 245 34 31 by

1936 286 113 31 clapping
2072 286 24 23 of
2119 286 78 23 hands
2227 285 90 29 when./.
2325 292 26 24 a;
2370 286 54 25 vote
2450 282 27 26 of

1936 326 89 24 thanks
2034 334 47 16 was
2090 326 118 30 propdsed
2217 324 32 31 by
2257 325 42 24 the
2307 324 63 24 Rev;
2379 324 104 28 Mason.,

1970 366 50 24 The
2032 366 61 24 Rev.
2114 365 136 31 gentleman
2272 363 125 29 admitted,
2418 362 58 25 that

1936 408 29 22 he
1976 407 47 23 and
2034 406 96 24 brother
2141 406 157 24 Mc.Farlano
2312 404 162 33 (who..work-

1936 446 33 23 ed'
1978 446 40 22 the
2030 444 83 33 slides)
2122 453 56 15 were
2187 445 78 30 barely
2274 446 72 29 upto
2354 444 42 23 'the
2403 442 72 25 inarlc

1935 484 25 23 m
1973 489 167 25 consequence
2151 482 25 24 of
2189 482 40 24 the
2258 489 88 16 sorrow
2366 481 54 30 they
2431 481 45 23 felt

1935 521 38 24 for
1985 521 40 24 the
2045 520 72 24 death
2138 520 25 24 of
2192 519 64 24 their
2284 515 66 28 Rev.'
2369 518 104 30 Brother

1936 558 118 25 Matthew
2066 558 100 25 Baxter.
2202 557 67 26 Most
2280 557 25 25 of
2316 557 43 24 the
2381 564 93 24 young-

1935 605 57 16 ones
2005 597 107 24 however
2134 597 107 24 consider
2269 596 62 24 their
2351 595 124 33 sixpences

1935 634 78 25 would
2024 635 60 24 have
2095 635 59 24 been
2163 635 76 23 better
2246 634 107 26 invested
2361 634 25 23 m
2397 634 77 23 marb-

1935 674 35 24 les
1983 682 27 16 or
2022 673 81 25 lollies!
2139 674 34 24 As
2185 682 13 15 a
2210 673 116 25 Lecturer
2344 673 130 24 calculated

1935 714 28 22 to
1975 720 90 20 amuse,
2079 712 46 23 and
2135 711 86 31 please:
2227 719 12 15 a
2261 711 80 24 mixed
2361 710 115 24 audience

1919 750 56 25 -Mr
1981 751 109 24 Hoskins
2102 751 21 24 is
2135 750 122 31 decidedly
2276 759 14 15 a
2312 749 94 29 failure,
2430 750 43 23 but

1933 791 113 29 amongst
2056 789 39 24 his
2128 796 53 16 own
2209 789 93 30 people,
2349 787 51 25 who
2432 795 40 16 are

1913 837 10 14 .'
1933 828 75 32 gifted
2020 828 57 25 with
2089 828 128 25 boundless
2230 827 114 31 credulity
2367 827 30 24 he
2422 826 49 27 will

1934 867 88 31 always
2035 867 28 23 be
2074 875 14 14 a
2095 866 99 32 shining
2206 866 71 31 light.

1968 903 78 33 Using
2054 912 30 16 an
2096 905 115 31 apparent
2228 903 124 30 absurdity
2380 905 25 23 to
2429 911 50 17 ex-,

1933 949 66 24 press
2011 943 66 24 what
2088 942 14 24 I
2128 950 76 16 mean.
2256 942 14 24 I
2298 942 105 31 thought
2432 942 40 23 the

1934 980 62 25 Rev.
2008 980 137 32 gentleman
2157 984 42 27 got
2382 982 43 26 put
2449 979 25 25 of

1934 1018 37 25 his
1983 1018 87 31 depths
2083 1018 67 25 when
2162 1018 30 24 he
2209 1020 42 29 got
2263 1025 32 24 up
2307 1020 113 28 ainbagst
2432 1017 42 24 the

1934 1059 72 21 stars.
2373 1081 3 3 .
2403 1072 3 12 ;

1967 1095 46 25 His
2026 1095 135 32 knowledge
2173 1096 26 23 of
2210 1095 100 33 geology
2321 1102 101 25 appears
2445 1097 26 23 to
2504 1116 2 3 .

1933 1135 31 26 be
1980 1136 72 25 about
2064 1144 31 16 on
2111 1144 15 17 a
2142 1144 43 24 par
2196 1135 58 26 with
2265 1136 37 24 his
2328 1138 146 29 astronomy.

1931 1174 89 32 Piracy
2041 1175 153 32 throughout,
2225 1175 98 24 without
2347 1183 57 16 even
2432 1176 42 23 the
2494 1198 3 2 .

1934 1213 119 24 freshness
2065 1213 26 24 of
2102 1221 45 16 one
2159 1212 101 33 original
2288 1213 56 24 idea.
2356 1213 52 28 and.
2426 1220 48 17 was

1935 1251 101 26 drawled
2048 1253 43 23 out
2114 1251 25 25 m
2159 1258 15 18 a
2201 1253 158 23 monotenous
2381 1250 92 33 yarikee

1934 1289 57 31 key.
2026 1288 53 25 The
2091 1289 157 24 illustrations
2260 1296 57 17 were
2336 1288 90 25 similar
2439 1291 33 22 *to

1934 1328 25 22 to
1970 1335 15 14 a
1996 1328 66 22 town
2074 1326 43 31 fog
2124 1327 30 30 by
2166 1326 115 31 gaslight.
2328 1326 57 25 The'
2401 1328 71 23 mdon

1933 1365 26 25 m
1980 1366 139 31 particular,
2143 1364 131 26 resembled
2297 1374 14 16 a
2339 1365 135 26 Christmas

1935 1404 108 31 pudding
2064 1403 177 31 inadvertantly
2258 1403 77 26 rolled
2356 1404 52 24 into
2430 1404 46 24 the

1934 1444 70 24 ashes
2016 1444 49 24 and
2088 1444 40 24 the
2140 1443 94 26 Nebula
2255 1444 117 31 appeared
2396 1448 24 20 to
2442 1445 29 24 be

1935 1492 14 15 a
1960 1486 88 21 correct
2059 1491 59 23 copy
2141 1484 25 23 of
2186 1484 41 23 the
2248 1484 66 31 plate
2338 1484 82 24 issued
2429 1484 43 31 .by

1934 1522 41 24 the
1989 1522 61 25 Gov.
2075 1520 55 26 Vet.
2149 1523 24 23 to
2182 1521 120 26 illustrate
2313 1521 40 25 the
2371 1530 99 24 ravages

1935 1561 26 23 of
1972 1559 40 25 the
2036 1561 40 23 hot
2095 1559 40 32 fly.
2182 1559 143 32 Altogether
2347 1560 21 25 it
2387 1559 47 25 Wa3
2458 1568 16 17 a

1935 1601 62 21 most
2008 1597 175 31 uninteresting
2211 1597 98 25 lecture.
2401 1600 4 5 '

1936 1716 190 60 LOCAL
2145 1724 26 57 and
2171 1724 302 57 GENERAL

1928 1822 72 25 -East
2009 1822 101 26 Oxford
2120 1822 99 26 School
2223 1820 14 28 '
2237 1820 148 28 Committee.
2421 1820 54 26 The

1929 1852 14 19 ;
1974 1852 2 1 '
1996 1856 14 9 -
2029 1850 9 17 t
2093 1852 3 7 :
2112 1857 17 6 --
2147 1852 15 14 r
2175 1848 5 12 :
2179 1846 20 25 -f
2212 1846 25 20 ''.
2248 1848 58 25 .s
2400 1851 45 13 w-

1934 1866 76 25 usual
2018 1867 118 31 monthly
2154 1866 121 31 meeting;
2281 1865 27 28 of
2317 1865 53 26 this
2398 1865 77 25 Coui-

1933 1902 88 34 mittee
2027 1917 66 27 -was^
2100 1906 244 41 hel^(?a.pMo|jHay
2366 1909 110 31 evening

1986 1958 4 6 1
1994 1968 3 3 -
2005 1949 173 40 wfon^ithere
2208 1945 75 44 '&<&s*
2290 1953 137 31 present
2433 1952 42 25 Mr

2243 1992 94 25 Messrs
2361 1991 111 29 Garlick,

1934 2035 101 29 Powell,
2049 2034 103 30 Stubbs,
2170 2058 3 3 .
2192 2035 22 24 A
2243 2035 95 25 Baxter
2360 2034 51 26 and
2444 2034 25 26 J.

1911 2102 2 3 .
1933 2078 113 26 .Weeber;
2055 2090 3 6 >
2082 2076 57 29 The!
2147 2078 110 25 minutes
2267 2071 35 32 of*
2303 2078 44 25 the
2356 2078 116 31 previous

1917 2125 4 5 x
1933 2121 112 31 meeting
2066 2129 64 17 were
2149 2119 69 37 a^gad
2246 2121 50 24 and
2324 2121 145 25 confirmed.

1935 2165 54 23 The
2001 2163 107 26 ma^stei's
2119 2166 85 30 report
2215 2172 51 17 was
2290 2163 112 26 reoeived
2424 2163 51 25 and

1935 2208 101 25 showed
2046 2208 44 25 the
2102 2208 150 25 attendance
2263 2210 46 22 not
2336 2209 27 23 to
2375 2208 30 24 be
2434 2207 37 25 all

1928 2250 64 26 that
2004 2252 73 25 could
2094 2252 31 25 be
2154 2248 129 34 desired,^
2288 2252 46 24 but
2362 2252 53 24 this
2439 2259 35 17 no

1936 2295 77 24 doubt
2025 2304 51 16 was
2089 2292 93 28 causetf
2190 2295 36 31 by
2253 2292 54 27 thY
2318 2295 156 31 incleniency

1914 2354 5 2 -
1935 2339 27 24 of
2179 2330 53 33 Tbte
2242 2336 100 35 siibject-
2349 2331 123 38 oC;sweep-

1936 2382 45 31 ing
1993 2382 43 24 the
2048 2382 135 31 chinineys,
2183 2403 2 6 ,
2195 2373 206 44 .#as^iscussed
2424 2380 51 25 and

1935 2433 33 17 on
1989 2426 43 24 the
2060 2426 97 26 motion
2185 2426 28 24 of
2239 2425 41 24 Mr
2308 2425 29 24 F.
2362 2424 111 29 Garlick,

1936 2469 123 24 seconded
2070 2468 33 32 by
2115 2468 41 24 Mr
2167 2469 22 23 A
2201 2468 101 29 Baxter,
2323 2467 44 25 the
2390 2476 83 16 secre-

1935 2513 55 31 tary
2001 2520 50 17 was
2063 2511 140 26 instructed
2263 2536 4 7 t
2269 2512 41 31 get
2321 2511 3 3 '
2339 2510 44 26 the
2405 2511 69 25 work

1936 2555 72 25 done.
2044 2554 53 25 The
2109 2554 137 25 chairman-
2251 2554 51 24 and
2317 2554 41 24 Mr
2370 2553 104 26 Weeber

1935 2606 63 18 were
2009 2598 139 26 instructed
2157 2599 26 24 to
2192 2598 86 25 attend
2287 2599 29 23 to
2328 2597 43 25 the
2381 2597 92 33 swings

1936 2641 53 26 also
2001 2641 43 26 the
2063 2641 60 26 sash
2140 2641 64 25 lines
2217 2641 50 25 and
2285 2642 42 31 get
2338 2641 53 29 the.
2406 2641 69 25 filter

1936 2686 67 25 fixed
2010 2686 55 25 into
2076 2685 34 26 its
2121 2693 89 25 proper
2228 2685 79 32 place.

1971 2729 53 25 The
2037 2729 77 26 Stock
2126 2729 26 25 of
2163 2728 132 26 Firewood
2304 2728 74 32 being
2386 2728 89 31 nearly

1937 2773 139 25 exhausted
2097 2773 43 24 the
2170 2773 121 30 secretary
2321 2779 52 17 was
2399 2772 87 30 'given-

1936 2824 81 24 power
2028 2818 26 23 to
2065 2823 103 25 procure
2185 2816 39 24 six
2240 2815 71 25 cords
2335 2822 27 17 as
2391 2815 90 25 usual..

1938 2860 142 30 Eegarding
2091 2859 43 26 the
2146 2853 54 35 ha^
2213 2865 60 25 pegs
2301 2857 128 33 required',-
2453 2858 21 24 it

1937 2911 52 17 was
1996 2903 121 35 proposed
2125 2903 30 32 by
2163 2903 40 24 Mr
2212 2902 93 25 Baxter
2314 2902 50 25 and
2372 2902 103 25 second-

1939 2946 89 34 ed--by;
2048 2947 40 24 Mr
2100 2946 111 29 GarMck,
2237 2946 58 24 that
2306 2946 41 24 Mr
2370 2944 104 26 Wdeber

1928 2991 108 24 furnish
2048 2990 44 25 the
2114 2989 85 26 school
2199 2986 73 28 -with
2292 2989 70 25 three
2385 2988 88 25 dozen.

1939 3034 54 24 The
2006 3035 122 31 secretary
2140 3033 66 26 drew
2218 3034 125 23 attention
2355 3032 56 25 that
2432 3032 45 25 the

1924 3101 3 2 .
1939 3078 51 25 late
2002 3078 143 24 comnxittee
2168 3085 63 17 were
2258 3076 28 25 m
2299 3076 43 25 the
2362 3074 71 26 habit
2451 3074 27 26 of

1939 3121 93 33 paying
2039 3121 43 25 the
2094 3121 112 25 teachers
2218 3120 103 26 salaries
2330 3127 27 17 as
2370 3127 60 17 soon
2444 3127 28 16 as

1940 3166 60 32 they
2011 3174 71 17 came
2091 3162 28 29 to
2127 3165 69 24 hand
2204 3164 50 25 and
2262 3167 45 22 not
2316 3163 107 31 waiting'
2429 3170 45 17 un-

1922 3214 6 4 J
1940 3209 30 25 til
1982 3210 43 24 the
2037 3209 150 25 Committee
2198 3209 60 28 met,
2283 3215 27 17 as
2331 3205 143 26 sometimes

1940 3254 21 24 it
1986 3252 59 32 kept
2062 3252 52 25 the-
2134 3252 113 25 teachers
2275 3250 106 26 without
2410 3250 65 24 their

1941 3296 104 25 months
2056 3295 82 33 salary
2150 3295 38 25 for
2199 3294 69 33 eight
2279 3302 28 17 or
2322 3294 60 24 nine
2404 3293 70 32 days.

1942 3341 41 24 Mr
1994 3339 104 27 Weeber
2109 3339 109 31 thought
2230 3338 70 25 there
2317 3345 51 18 was
2385 3334 40 27 no'
2430 3344 44 17 use

1933 3384 36 25 .m
1988 3384 126 31 retaining
2136 3382 44 26 the
2203 3382 107 32 cheques
2338 3381 67 24 until
2423 3376 53 28 'the

1941 3428 143 24 committee
2092 3428 60 27 met,
2165 3425 82 25 and'it
2255 3433 50 17 was
2314 3421 161 27 urianimbus-

1942 3472 25 31 ly
1979 3471 102 25 decided
2092 3472 26 23 to
2130 3469 117 26 continue
2259 3469 85 30 acting
2360 3475 27 17 as
2406 3464 70 27 'their

1942 3515 170 31 precedessors
2130 3513 50 25 had
2185 3514 11 13 7
2208 3513 71 25 done.
2315 3507 161 28 The'chair-

1943 3566 61 17 man
2015 3557 50 26 and
2083 3557 79 25 either
2188 3556 40 25 Mr
2256 3555 112 26 Weeber>
2388 3561 36 17 or
2437 3553 49 27 Mr,

1945 3602 94 25 Stubbs
2048 3609 62 17 were
2119 3600 134 33 appointed
2260 3601 26 23 to
2295 3600 57 29 sign
2361 3598 116 31 cheques.

1944 3645 22 24 A
1978 3645 93 26 cordial
2079 3647 56 22 vote
2147 3644 28 25 of
2183 3643 93 26 thanks
2293 3642 94 32 having
2417 3642 61 24 been

1945 3689 119 25 accorded
2075 3690 26 23 to
2112 3689 44 24 the
2167 3681 311 36 cha'irmtinMe'irieeting

1945 3732 157 26 termiuated.

1946 3777 206 25 Oddfellow'Shii
2152 3784 4 8 I.The1
2161 3791 39 9 .
2201 3775 54 26 The
2266 3774 74 26 usual
2363 3772 115 31 monthly

1947 3821 109 31 meeting
2068 3821 26 24 of
2102 3820 43 25 the
2173 3819 80 31 Loyal
2260 3844 4 7 ,
2281 3810 92 33 Oxford
2390 3816 86 32 Lodge

1947 3864 46 25 No.
2009 3866 64 23 0172
2086 3864 34 24 M.
2145 3863 52 25 -XL-
2212 3869 51 19 was
2378 3860 99 42 in^the

1948 3908 151 26 Oddfellows
2128 3891 61 41 Hall
2193 3898 8 14 1
2218 3900 72 32 Wesi
2318 3903 112 31 Oxford,/
2437 3911 42 18 .on

595 61 174 34 OXFORD
811 61 92 33 AND
943 57 146 38 -OUST..
1099 52 225 37 OBSERVER
1368 51 242 39 SATURDAY,
1653 50 89 33 MAY
1774 52 28 37 6,
1848 49 88 32 1893.
