2530 4020
82 108 8 12 'A

51 177 129 30 •Saturday
193 178 107 29 evening
311 177 57 29 last,
383 178 44 23 but
451 179 79 30 owing
559 187 31 16 no
636 181 2 9 ;

54 219 77 24 ik'ViU
143 227 23 16 t:.>
180 221 41 23 the
241 221 136 23 biii^kviOii.-i
407 225 63 20 .siat-c
494 228 21 17 ■■)
550 223 39 23 \\v.-

55 263 114 27 weather,
185 263 41 24 the
249 264 149 24 afcttuda'ico
428 273 49 16 was
506 266 81 24 raihei
588 274 3 5 1
635 271 3 20 !

54 305 84 29 small..
174 307 53 23 The
240 307 31 24 N.
296 307 31 24 G.
358 307 51 24 Bro
439 308 152 31 Youngman

53 348 121 32 presided,
184 349 51 24 and
247 350 94 31 opened
355 351 43 23 the
409 350 72 33 lodge
493 352 27 23 m
543 352 48 24 due

53 392 73 25 form.
162 392 53 26 The
228 395 119 23 accounts
359 394 50 25 and
433 395 110 25 minutes
566 395 28 25 of

54 435 43 25 the
108 437 115 31 previous
243 437 112 32 meeting
376 446 64 17 were
456 439 60 24 read
541 439 51 24 and

54 479 145 26 corfirmed.
220 506 2 2 .
235 481 53 24 The
306 484 83 28 report
418 482 27 25 of
471 482 44 25 the
539 482 52 25 sick

53 523 100 25 visitors
166 531 51 17 was
246 524 111 25 received
386 525 83 25 which
493 526 98 25 shewed

53 574 48 16 one
109 566 102 25 brother
223 575 33 16 on
268 566 44 26 the
341 567 54 25 sick
423 568 63 24 fund
511 569 27 24 of
548 569 43 25 the

53 609 93 32 Lodge.
184 610 53 24 The
248 610 107 31 receipts
366 611 28 24 of
412 611 43 25 the
484 613 108 31 evening

52 658 64 17 were
128 651 58 33 14/6
199 653 48 23 and
260 653 163 30 expenditure
436 655 44 23 £1.
515 655 76 24 After

53 703 15 16 a
80 695 64 31 good
155 695 56 25 deal
221 697 28 23 of
275 697 105 28 routine,
402 697 116 25 business
540 698 51 25 had

53 744 64 25 gone
135 738 118 32 through,
267 738 43 26 the
322 739 72 32 lodge
406 740 82 25 closed
500 741 27 24 m
549 742 43 24 the

54 781 72 24 usual
144 789 114 18 manner.
329 801 6 5 .

87 830 77 26 West
176 830 101 27 Oxford
291 832 98 26 School
402 834 155 26 Committke,
559 851 33 3 —

53 874 63 26 This
138 876 144 26 committee
305 877 59 25 held
386 877 66 26 their
474 879 117 33 ordinary

51 919 112 31 meeting
174 927 33 17 on
220 919 109 33 Monday
348 921 113 33 evening.

53 961 94 26 Messrs
166 962 128 30 Prichard,
319 963 159 33 (chairman)
503 966 87 29 Ancal,

52 1004 117 26 Enowles
178 1008 53 23 and
245 1007 89 25 Wratt.
370 1008 112 26 Minutes
498 1009 29 25 of
541 1009 51 26 last

53 1049 111 32 meeting
194 1058 64 18 were
281 1050 59 26 read
374 1051 51 25 and
444 1053 146 25 confirmed.

53 1091 116 26 Master's
192 1095 83 29 report
288 1102 50 16 was
354 1095 112 24 received
479 1095 113 33 shewing

53 1134 44 26 tbe
117 1143 104 25 average
244 1137 148 26 attendance
413 1139 26 24 to
463 1138 31 26 be
517 1140 75 24 109.2

52 1176 51 27 and
122 1178 108 26 number
252 1187 33 17 on
308 1179 77 26 books
407 1182 56 24 180.
498 1182 94 26 Messrs

53 1220 117 26 Knowles
190 1222 50 25 and
264 1222 83 26 Wratt
369 1232 65 17 were
456 1225 136 32 appointed

53 1264 107 27 visitors.
197 1265 41 25 Mr
248 1265 123 27 Prichard
385 1268 140 31 purchased
549 1269 44 26 the

53 1310 85 30 empty
149 1309 44 24 ink
202 1309 54 31 jars
265 1311 27 24 at
303 1310 43 33 2/G
359 1310 70 26 each.
465 1312 127 26 Accounts

54 1353 26 24 to
91 1351 45 26 the
151 1355 105 23 amount
276 1354 27 23 of
326 1354 38 24 £2
387 1355 53 25 11s.
464 1356 50 24 2d.>
527 1364 66 17 were

53 1396 88 31 passed
153 1396 40 26 for
202 1401 120 29 payment
333 1398 51 25 and
397 1398 42 26 the
447 1398 145 27 committee

54 1439 146 32 adjourned.

54 1483 55 24 Thb
138 1483 102 25 Oxford
268 1483 110 28 Mutual
414 1485 179 26 Improvement

53 1524 132 27 Debating
197 1526 106 26 Society
303 1542 33 4 —
347 1528 59 25 This
419 1530 95 31 Society
538 1531 54 24 held

53 1578 13 16 a
79 1573 64 22 most
154 1570 128 27 successful
296 1572 104 32 meeting
423 1573 47 25 last
482 1573 112 34 Tuesday

54 1613 77 31 night.
178 1614 76 25 There
266 1623 47 17 was
331 1624 15 16 a
359 1617 64 31 good
444 1618 147 30 attendance,

53 1665 13 15 a
79 1655 45 26 fair
143 1658 186 31 representation
341 1659 28 24 of
377 1660 41 24 the
430 1660 47 25 fair
489 1669 42 16 sex
553 1662 39 24 be-

52 1700 44 32 ing
107 1704 107 29 present.
261 1702 51 24 The
338 1703 101 33 evening
454 1712 47 17 was
521 1702 70 28 taken

53 1751 34 24 up
98 1744 57 25 with
167 1754 15 16 a.
203 1746 100 29 Dobat»;
321 1747 41 24 the
390 1747 111 31 question
522 1748 70 32 being

54 1784 16 20 §i
77 1788 47 25 Did
138 1789 40 24 the
193 1790 141 24 Joverment
345 1791 32 23 do
388 1791 66 32 right
465 1792 24 24 m
501 1793 90 31 acquir-

54 1831 44 33 ing
111 1832 40 26 the
164 1832 101 26 Cheviot
276 1833 102 26 Estate?
428 1835 40 25 Mr
482 1836 26 26 S.
522 1836 69 26 W«-ld

54 1876 25 24 m
100 1876 121 31 affirming
232 1877 47 25 laid
305 1878 36 24 his
364 1886 54 16 case
446 1878 88 30 before,
549 1880 42 25 the

54 1919 104 31 meeting
170 1920 23 24 m
206 1928 26 17 so
245 1921 67 25 lucid
320 1930 15 15 n
348 1930 97 17 manner
453 1923 53 26 that
515 1924 18 23 it
545 1933 47 16 was

54 1962 96 25 evident
167 1964 61 24 from
258 1962 42 27 tlie
327 1965 56 25 first
413 1966 36 25 his
472 1970 120 28 opponent

54 2003 77 28 would
148 2003 61 25 have
233 2001 61 28 hard
322 2005 64 25 work
406 2007 26 24 fo
461 2006 68 33 bring
552 2008 41 24 the

55 2046 107 33 meeting
171 2050 29 22 io
212 2048 68 25 tliiuk
293 2048 120 27 otherwise
424 2050 60 26 than
496 2051 97 25 favour-

51 2089 55 31 ably
116 2091 25 25 of
153 2091 47 25 this
213 2093 67 30 great
293 2092 80 26 libteral
381 2093 103 26 scheme.
519 2094 72 26 How-

55 2142 57 17 ever
135 2134 39 25 Mr
185 2135 82 31 Ryder
280 2135 67 26 made
360 2140 42 21 out
420 2147 14 14 a
456 2145 55 25 very
531 2140 61 30 good

55 2186 61 21 case,
129 2177 45 26 but
186 2179 36 24 his
236 2179 71 25 views
320 2179 72 26 failed
404 2183 25 22 to
450 2189 79 17 secure
552 2183 40 24 the

54 2221 127 32 sympathy
220 2222 26 24 of
275 2223 40 23 the
347 2224 111 31 meeting.
495 2225 96 25 Several

56 2266 113 24 members
182 2266 78 31 spoke
272 2274 64 24 upon
352 2267 39 25 the
418 2268 106 32 subject,,
535 2269 57 24 each

56 2307 70 33 being
137 2308 27 24 of
186 2308 98 32 opinion
298 2310 54 24 that
373 2311 42 24 the
433 2311 161 26 Government

55 2351 41 24 did
109 2352 41 23 the
161 2352 67 31 right
247 2352 76 32 thing.
359 2353 61 26 This
432 2354 19 25 is
477 2355 40 24 the
540 2356 53 25 best

56 2391 92 29 debate,
162 2391 40 25 the
231 2392 95 32 Society
350 2393 42 25 has
405 2396 41 30 yet
474 2394 53 31 had,
552 2397 44 24 but

56 2434 73 32 hopes
141 2436 26 24 to
180 2436 59 25 have
250 2445 27 16 as
289 2445 70 23 many
373 2446 64 17 more
454 2446 26 17 as
492 2439 101 30 instruc-

56 2478 48 24 tive
115 2479 47 23 and
172 2480 150 32 interesting.
367 2481 76 25 Three
452 2490 49 17 new
520 2492 73 15 mem-

56 2521 52 25 bers
120 2529 60 18 were
192 2523 88 24 elected
291 2523 47 24 and
351 2532 45 17 one
408 2525 137 26 nominated
556 2527 38 26 for

56 2565 101 24 election
169 2570 25 19 at
206 2570 57 21 next
283 2567 112 32 meeting.
430 2569 51 24 The
501 2570 93 33 subject

56 2607 38 25 for
101 2615 45 17 our
158 2611 58 22 next
244 2610 103 31 meeting
375 2611 22 25 is
418 2620 32 16 an
472 2620 68 25 essay
562 2622 32 16 on

82 2646 59 29 C&il
183 2651 29 32 by
224 2651 40 25 Mr
274 2652 24 24 J.
316 2653 131 33 Harbidgn.

89 2704 35 26 Sir
291 2707 113 26 Ghurch.
406 2723 33 4 —
439 2709 22 25 A
484 2711 111 33 meeting

56 2746 28 28 of
93 2747 44 26 the
148 2751 85 30 vestry
245 2757 50 18 was
307 2750 59 25 held
377 2751 27 25 at
426 2752 43 25 the
491 2761 102 24 parson-

56 2796 47 28 age
119 2799 33 17 on
169 2791 44 26 the
230 2793 106 32 evening
353 2794 27 25 of
402 2794 108 35 Monday
535 2797 57 25 last.

57 2834 41 26 All
124 2835 127 27 members
268 2840 62 22 wfere
347 2841 100 29 present
464 2841 131 33 excepting

55 2877 38 25 Dr
120 2878 135 33 Yolkman,
286 2880 40 25 Mr
358 2881 90 27 Fisher
476 2884 50 25 and
554 2885 41 25 Mr

55 2920 99 33 Meyers
181 2923 39 25 for
249 2923 83 25 whom
369 2926 150 32 apologies,.,
531 2935 63 19 were

54 2966 141 30 presented.
247 2965 54 26 The
336 2977 5 15 t
348 2968 87 32 'Upend
462 2974 131 28 garrantce

55 3015 51 20 was
119 3009 178 32 unanimously
320 3011 75 30 given
414 3013 40 32 foi?
465 3014 43 25 the
520 3015 74 26 usual

53 3054 115 23 amount.
204 3052 39 25 On
255 3053 44 25 the
311 3055 96 25 motion
418 3055 29 26 of
456 3055 42 27 Mr
513 3057 79 31 Dora,

51 3094 22 26 it
89 3103 52 17 was
169 3095 113 28 resolved
311 3097 66 29 that,
395 3106 33 18 an
474 3098 118 37 ordinary
613 3128 3 4 .

54 3137 115 29 business
181 3141 111 32 meeting
310 3141 29 26 of
348 3142 43 26 the
408 3146 83 31 vestry
502 3145 91 27 should

52 3182 31 26 be
100 3183 59 26 held
176 3191 33 18 on
227 3185 43 25 the
288 3187 107 32 evening
411 3188 28 25 of
465 3189 44 25 the
534 3190 59 26 first

52 3225 110 34 Monday
173 3228 27 24 m
212 3236 74 25 every
297 3229 91 26 month
400 3233 27 23 at
451 3233 67 28 7,80.
529 3240 62 25 p.m.

49 3268 28 29 It
89 3278 51 19 was
150 3271 55 25 also
216 3271 110 26 resolved
348 3275 26 24 to
386 3273 60 29 hold
466 3283 16 18 a
500 3276 92 32 special

51 3315 111 31 meeting
190 3315 27 25 of
244 3311 43 30 the
327 3319 90 30 vectry,
447 3320 50 24 and
543 3329 49 24 any

49 3357 127 27 members
200 3359 28 25 of
237 3360 44 29 the
294 3360 100 26 Churcn
424 3362 57 26 who
509 3364 82 25 would

50 3401 88 25 attend
157 3403 27 24 at
196 3402 44 26 the
256 3410 140 26 parsonage
407 3413 32 17 on
453 3406 46 26 the
515 3415 75 18 even-

50 3443 46 32 ing
106 3445 28 24 of
143 3444 132 33 Thursday
287 3447 59 31 May
357 3448 53 25 9th.
423 3442 89 39 7^p,*n.

86 3492 55 24 The
158 3492 126 32 Races,—
285 3494 33 25 ln
343 3496 125 36 reference
493 3499 26 24 to
547 3499 45 26 the

51 3534 193 28 advertisement
261 3538 28 24 of
298 3538 43 25 the
369 3540 113 34 meetirg
493 3543 27 24 at
548 3542 43 27 the
621 3551 7 4 -

51 3574 94 24 Oxford
171 3576 87 31 Hotel,
288 3578 123 32 although
439 3589 33 16 no
500 3583 91 26 formal

50 3612 112 33 meeting
181 3622 51 17 was
244 3614 67 31 held,
333 3614 96 35 several
446 3619 144 32 gentlemen

51 3655 46 30 put
108 3654 28 25 m
155 3663 154 25 appearance
316 3659 55 32 jind
391 3660 44 27 the
453 3670 137 20 concensus

51 3691 102 32 opinion
178 3696 118 31 amongs>
321 3696 73 26 them
405 3706 51 18 w-as
479 3691 111 36 tiiatthe

49 3742 70 18 races
137 3736 91 26 should
240 3736 150 36 be^eferred
411 3741 40 25 till
461 3743 65 26 after
545 3744 45 26 the

52 3773 74 32 hunt,
141 3783 28 17 £s
181 3776 45 26 the
242 3777 87 33 hordes
341 3780 83 25 would
436 3781 60 27 then
508 3783 30 26 bo
561 3784 27 26 m

49 3817 84 26 bett-r
166 3820 127 27 condition
334 3823 50 26 and
413 3824 80 28 better
520 3830 70 30 sport

51 3861 85 27 Would
147 3861 31 27 be
187 3863 44 26 the
242 3864 87 28 result.
535 3858 46 39 ./-■
623 3882 3 5 .

683 183 85 23 K-NKr.v
781 183 114 23 La.mt;.-'-.--
913 186 36 21 On
966 184 40 24 Ui<-
1032 185 73 25 Farm
1133 188 25 23 of
1180 188 40 24 Mr

684 227 92 22 Ariiiur
788 227 93 23 Stubh.s
893 235 45 15 can
966 235 27 16 m:
1018 237 56 16 se<n
1106 239 14 15 a
1149 230 68 24 lamb

681 269 76 24 about
771 270 68 23 ihrf'ii
858 270 78 24 uvr-ks
950 271 48 23 old.
1035 272 11 23 1
1073 273 71 23 thinlc
1169 275 50 23 tins

681 313 22 23 is
717 312 42 24 the
776 314 25 22 li;
809 315 22 21 si;
851 313 24 23 m
892 314 41 23 tho
951 314 105 25 di^nct.
1093 316 54 25 T.ho
1164 325 54 16 Mww
1262 314 2 28 i

681 363 83 17 comer
776 356 22 24 is
807 360 86 29 strong
905 358 49 23 ;tud
968 358 101 32 iiyulthy
1082 361 47 22 tiral
1185 362 33 23 <Y!I
1262 367 2 15 \

681 407 57 23 goes
750 400 64 28 well,
827 399 41 25 Mr
887 400 94 26 Stubbs
993 402 49 24 will
1057 402 29 25 be
1115 403 56 25 ailt-
1195 409 24 20 to

681 442 64 25 have
757 443 68 32 early
838 443 81 25 lambs
931 453 33 15 on
989 445 41 25 bis
1043 446 75 25 table.

746 550 154 26 LIBERAL
915 551 236 27 ASSOCIATION.

715 635 20 25 A
748 637 109 31 meeting,
871 639 73 23 nnilcr
971 640 41 23 the
1041 640 132 31 auspicious
1195 641 27 24 of

681 669 39 24 the
729 668 146 34 Canterbury
887 670 95 25 Liberal
1001 672 149 25 Association
1171 682 47 16 was

680 702 56 23 held
747 704 26 22 at
782 703 40 23 the
834 703 73 24 Town
926 704 60 24 Hall
1006 705 47 24 last
1082 706 135 32 Thursday.

681 734 38 25 Mr
729 734 99 32 Wright
848 743 47 18 was
925 737 67 24 voted.
1022 742 26 19 io
1076 739 41 23 the
1145 739 72 27 chair.
1249 759 2 4 .

681 767 50 25 The
743 768 141 25 attendance
897 777 46 17 was
962 769 63 33 hrge
1052 771 124 32 including
1204 781 14 16 a

681 801 98 24 number
790 802 25 23 of
826 801 75 25 ladies
914 802 54 25 who
980 811 59 17 were
1051 804 82 33 highly
1155 813 62 17 coin-

681 834 127 31 plhicnted
822 835 28 31 by
864 836 39 23 the
912 837 90 25 several
1011 830 114 38 speakers*
1129 839 38 23 for
1178 839 40 24 the

680 867 100 24 interest
789 868 55 30 they
853 871 64 22 must
927 869 44 25 fnel
978 869 24 25 m
1013 870 40 24 the
1062 874 67 29 groat
1136 870 81 33 politi-

680 900 35 25 cal
729 906 133 20 movement
878 903 27 23 of
919 903 40 24 the
982 903 53 31 day.
1070 904 40 24 Mr
1140 904 77 26 Sand-

682 933 49 24 ford
746 934 35 24 M.
794 933 34 26 H.
841 934 31 25 K.
907 935 73 25 After
997 932 119 36 speaking'
1134 937 25 25 m
1179 938 40 24 the

680 971 65 19 most
755 966 88 33 feeling
855 971 71 20 ten.is
939 969 25 23 of
976 969 40 23 the
1028 973 68 28 great
1109 969 48 25 low
1177 971 41 24 the
1238 973 4 5 '

680 1004 98 26 country
804 1000 47 24 had
863 1001 121 24 sustained
998 1003 29 31 by
1039 1003 42 24 the
1093 1003 71 24 drain,
1193 1003 27 25 of

680 1041 44 15 oar
750 1034 50 24 Lite
828 1033 104 25 Premier
943 1034 101 26 Hon.J.
1057 1036 104 25 Balance
1189 1036 29 26 ke

681 1074 38 15 mo
721 1066 64 24 vend.
788 1080 32 4 —
821 1066 64 25 That
898 1068 47 24 thi3
965 1068 104 33 meeting
1096 1069 75 24 desire
1193 1074 25 20 to

680 1106 98 24 express
790 1098 31 25 its
834 1098 88 25 sir.cere
945 1101 127 32 sympathy
1091 1102 58 24 with
1166 1102 52 25 Mrs
1249 1105 6 7 *

680 1130 107 25 Balance
796 1131 25 24 m
834 1131 41 25 her
886 1132 41 24 sad
941 1133 148 25 broavement
1101 1135 47 24 and
1168 1135 51 24 also

679 1167 26 21 to
718 1164 78 24 record
809 1164 31 25 its
853 1165 58 29 deep
923 1174 69 16 sence
1004 1167 26 24 of
1042 1167 40 25 the
1105 1167 51 26 loss
1176 1170 42 23 the

680 1196 83 32 colony
776 1197 43 24 has
832 1197 123 26 sustaiudc
964 1197 32 33 by
1009 1199 40 24 the
1060 1200 73 25 death
1142 1201 25 24 of
1179 1201 40 24 the

679 1229 104 24 Premier
794 1230 47 24 and
851 1230 30 25 its
894 1232 159 31 appreciation
1066 1234 25 23 of
1102 1235 42 23 the
1152 1237 67 28 great

680 1262 82 25 efforts
775 1263 67 24 made
854 1264 30 31 \>y
898 1264 40 24 the
950 1265 112 25 deceased
1081 1266 138 25 Statesman

679 1299 26 20 to
717 1296 88 25 benofit
817 1297 40 23 the
870 1297 83 31 people
964 1299 28 24 of
1014 1298 58 25 New
1102 1299 115 30 Zealand,

679 1337 25 15 m
717 1336 16 16 a
746 1337 54 23 very
812 1329 62 25 lucid
885 1331 47 23 and
951 1330 111 33 eloquent
1072 1333 85 33 speech
1169 1333 48 24 dis-

681 1361 75 25 cribed
771 1362 38 25 the
821 1363 60 24 aims
898 1363 49 25 and
958 1364 90 33 objects
1060 1371 24 19 or
1112 1366 43 26 the
1182 1375 37 16 as-

680 1396 123 25 sociation.
850 1396 22 25 A
884 1396 42 26 full
940 1403 80 26 report
1031 1400 25 24 of
1074 1399 38 25 his
1133 1400 85 31 speech

681 1428 45 24 will
741 1429 27 24 be
781 1429 25 24 m
818 1430 58 23 next
895 1430 74 25 weeks
993 1431 73 26 issue.
1112 1433 40 24 He
1173 1441 46 16 was

680 1462 107 24 followed
802 1464 29 30 by
853 1463 40 25 Mr
905 1463 118 26 Meredith
1037 1465 105 26 M.H.R.
1172 1467 47 23 and

680 1494 40 25 Mr
733 1495 66 31 Boyd
828 1496 120 31 preddent
976 1498 26 24 of
1029 1498 41 25 the
1093 1499 127 31 Rangiora

679 1526 105 27 branch.
820 1528 41 25 Mr
889 1529 77 25 Bunn
992 1531 90 26 moved
1110 1532 51 25 and
1179 1532 41 25 Mr

681 1561 90 25 Parish
781 1562 122 25 seconded
915 1571 16 17 a
953 1564 139 26 resolution
1120 1565 57 26 that
1205 1573 15 17 a

679 1594 102 27 Branch
791 1595 28 25 of
827 1595 45 26 the
896 1595 88 27 liberal
1010 1598 151 26 association
1189 1598 32 26 be

679 1627 96 26 formed
787 1630 26 23 at
832 1629 111 30 Oxford,.
947 1630 52 25 said
1020 1631 137 26 resolution
1170 1640 51 18 was

679 1660 96 26 carried
784 1661 187 34 unanimously.
1008 1664 69 26 After
1090 1660 44 30 the
1140 1666 80 24 meet-

679 1693 45 32 ing
736 1694 95 25 several
844 1702 63 22 gave
926 1696 26 25 m
983 1696 65 26 their
1076 1705 88 18 names
1192 1706 29 17 as

679 1727 125 26 members
817 1728 50 25 and
877 1737 16 17 a
905 1730 111 33 meeting
1029 1738 50 18 was
1091 1731 80 25 called
1183 1732 38 25 for

680 1759 133 34 Thursday
825 1764 69 27 next,
907 1762 38 25 for
962 1763 156 26 alVwhofeel
1142 1765 77 25 inter-

679 1793 69 24 ested
759 1794 28 24 m
799 1794 43 25 the
855 1801 144 19 movement
1024 1800 27 23 at
1079 1798 43 25 the
1151 1806 70 18 same

679 1825 71 30 time.
754 1827 50 24 and
821 1827 80 32 place.

779 1940 93 28 VIEW
891 1942 87 26 HILL
995 1943 123 27 NOTES.

855 2035 50 17 THE
917 2036 130 19 WEATHER.

713 2069 78 26 What
803 2071 51 24 else
866 2079 48 17 can
926 2081 15 15 a
961 2072 83 26 fellow
1056 2074 70 25 write
1147 2074 64 26 abou

677 2107 54 33 just
747 2116 56 18 now
815 2109 45 25 but
872 2109 43 26 tlie
928 2111 107 25 weather
1041 2112 12 24 ?

684 2173 6 6 ,
713 2147 54 26 The
786 2148 105 28 farmers
915 2152 94 24 cannot
1032 2154 42 29 get
1101 2161 35 17 on
1158 2153 61 26 with

679 2187 67 26 their
757 2189 145 33 ploughing,
918 2190 43 26 the
973 2191 69 26 mills
1053 2201 43 17 are
1107 2194 112 32 stopped,

680 2225 50 25 and
742 2225 43 25 the
798 2226 124 27 bushuien
934 2229 64 26 have
1016 2230 108 33 nothing
1136 2233 26 24 to
1174 2232 32 26 do
1212 2240 6 22 ;

681 2263 43 25 the
736 2263 67 26 fords
815 2273 42 17 are
880 2267 102 24 washed
1001 2276 78 25 away,
1103 2270 51 25 and
1176 2270 44 27 the

680 2303 93 23 carters
785 2310 42 17 are
838 2302 58 30 idle,
910 2312 28 18 so
949 2305 36 25 all
997 2305 73 26 make
1088 2308 68 30 good,
1175 2317 45 18 use

680 2339 28 25 of
729 2340 43 24 the
791 2340 194 32 Englishman's
1004 2344 129 33 privilage,
1169 2347 51 24 and

681 2377 113 31 grumble
811 2380 27 23 at
856 2378 44 26 the
921 2381 118 25 weather.
1074 2383 79 26 Little
1175 2392 45 18 use

681 2418 26 24 to
718 2417 120 32 grumble,
855 2426 44 26 my
921 2422 118 29 masters;
1060 2424 86 24 rather
1164 2424 53 33 join

681 2455 43 26 the
742 2455 70 27 View
832 2457 56 26 Hill
900 2458 115 33 Library,
1033 2461 56 25 take
1109 2464 45 24 out
1176 2464 44 25 the

681 2494 75 27 latest
767 2496 83 30 novel,
863 2497 65 32 light
939 2507 63 24 yoar
1021 2500 58 33 pipe
1101 2502 49 25 and
1161 2504 59 25 wait

681 2534 160 33 contentedly
862 2535 66 26 until
945 2537 44 26 the
1008 2538 118 32 weather,
1140 2542 80 24 clears

681 2581 43 23 up.
759 2574 35 25 Or
805 2575 20 24 if
835 2583 63 24 your
909 2577 85 26 minds
1012 2587 41 17 are
1076 2580 78 26 above
1176 2582 44 25 the

681 2613 110 33 frivolity
802 2615 28 25 of
839 2617 104 32 reading
957 2626 17 17 a,
992 2621 82 28 novel,
1098 2622 58 25 take
1175 2625 45 23 out

681 2658 48 19 one
740 2652 28 25 of
776 2652 44 26 the
926 2656 29 25 of
1169 2662 51 24 and

681 2691 61 34 long
764 2691 84 27 before
870 2702 49 24 you
942 2695 65 27 have
1029 2700 125 25 mastered
1176 2701 44 25 the

681 2729 57 26 first
749 2730 93 31 clause,
855 2731 44 26 the
910 2734 111 27 weather
1042 2736 51 25 will
1116 2737 30 26 be
1168 2739 52 28 fin.c

682 2768 84 31 again.
800 2768 39 33 By
851 2769 43 26 the
909 2778 64 25 way,
996 2773 14 24 I
1032 2775 101 26 wontter
1152 2777 68 26 what

682 2808 78 33 really
779 2808 51 26 fine
853 2810 109 26 weather
980 2812 22 25 is
1025 2812 58 27 like.
1119 2815 70 28 After
1199 2817 21 26 it

682 2846 45 25 has
738 2848 46 24 not
792 2847 87 27 rained
895 2848 38 26 for
945 2858 15 16 a
971 2850 49 33 day
1042 2860 28 18 or
1094 2855 56 30 two,
1169 2864 51 24 you

682 2886 67 24 meet
792 2893 15 17 a
851 2886 100 32 farmer,
954 2903 33 4 —
1011 2890 131 35 Good-day
1180 2895 41 24 Mr

682 2924 148 33 Turniptop,
854 2926 51 26 fine
921 2928 52 31 'day
988 2929 61 27 is'nt
1136 2933 83 32 "T'is,

682 2963 45 27 but
740 2967 41 24 too
798 2966 53 32 dry,
865 2975 14 16 a
892 2966 97 28 shower
1007 2970 29 24 of
1054 2972 56 24 rain
1138 2974 82 25 would

682 3004 49 28 not.
738 3003 32 27 do
779 3011 50 25 any
978 3007 82 26 When
1072 3009 21 25 it
1103 3010 23 25 is
1149 3019 15 17 a
1184 3012 36 26 bit

681 3050 96 21 warm,.
778 3042 22 26 it
811 3043 22 25 is
943 3045 70 30 Jove,
1037 3049 113 32 roasting
1171 3052 49 31 day

682 3081 59 26 is'nt
1019 3094 52 25 yes,
1095 3089 52 25 this
1168 3093 52 25 sort

682 3120 27 26 of
727 3121 109 25 weather
869 3122 22 25 is
1073 3126 84 27 When
1183 3139 37 17 we

681 3159 64 26 have
762 3161 47 24 wet
832 3160 149 31 weather,—
983 3163 73 33 Well,
1079 3173 50 24 you
1150 3170 70 24 must

681 3198 111 33 imagine
816 3199 44 26 the
883 3203 156 30 expressions
1062 3206 61 25 used
1129 3215 7 16 :
1155 3202 65 40 \hey

682 3246 42 18 are
735 3241 41 23 too
788 3241 87 32 strong
898 3243 25 24 to
934 3244 46 30 put
999 3243 27 25 m
1037 3245 79 31 print.
1150 3247 69 27 lam

681 3276 138 35 beginning
830 3281 29 23 tor
877 3279 78 27 d)ubt
976 3281 113 27 whether
1105 3285 71 27 there
1196 3288 23 25 is

682 3323 48 26 any
743 3318 63 25 such
826 3318 73 33 thing
910 3328 28 18 as
1206 3328 14 25 I

681 3355 74 26 think
766 3356 21 26 it
799 3360 68 23 must
879 3358 30 25 be
919 3358 50 26 like
982 3363 67 24 most
1060 3362 73 26 other
1155 3366 65 30 good

681 3396 95 32 things,
804 3396 74 31 ideal,
924 3400 77 26 exists
1035 3401 60 33 only
1121 3403 28 26 m
1176 3405 43 26 the

681 3436 174 32 imagination.

864 3488 49 17 THE
922 3489 112 20 LIBHAKY.

715 3519 54 29 THe
780 3523 116 34 monthly
907 3527 111 33 meeting
1029 3528 27 25 of
1065 3528 43 27 the
1124 3530 95 35 library

681 3562 143 27 bomniittee
849 3573 51 18 was
937 3567 59 26 held
1030 3577 33 17 on
1103 3571 115 34 Tuesday

681 3601 113 32 evening.
829 3602 112 31 Present,
959 3605 92 27 Messrs
1073 3607 39 26 W.
1131 3609 86 31 Harle,

682 3640 160 34 (chairman)
865 3643 95 31 Maber,
983 3645 32 26 B.
1039 3646 128 32 M'Grath,
1187 3650 30 26 T.

682 3681 78 26 Harle
772 3690 60 21 snr.,
851 3683 30 26 T.
905 3685 78 26 Harle
992 3686 50 32 jur.
1079 3688 54 26 The
1145 3691 73 25 usual

680 3720 90 24 formal
797 3720 115 27 business
935 3731 50 18 was
1012 3734 64 23 gone
1100 3728 116 33 through.

681 3757 53 25 The
752 3761 123 31 secretary
896 3763 113 30 reported
1032 3763 57 26 that
1111 3765 32 26 he
1168 3767 50 26 had

679 3798 121 30 procured
813 3799 116 27 firewood
951 3803 39 24 for
1001 3803 43 26 the
1056 3805 97 31 winter,
1166 3808 52 25 and

680 3836 50 26 had
740 3838 139 31 purchased
894 3843 48 25 two
962 3850 56 19 new
1036 3843 84 28 books.
1155 3848 61 25 Tliis

680 3875 51 41 jvas
742 3874 134 40 appr6«-ed,'
909 3884 54 28 The
974 3888 116 33 question
1113 3889 28 27 of
1160 3899 55 25 pro-

1310 188 88 32 curing
1417 190 144 30 magazines
1575 192 36 24 for
1624 193 41 25 the
1684 194 91 34 library
1797 204 51 17 was

1310 228 128 25 discussed
1450 232 26 21 at
1497 238 67 17 soma
1577 231 95 32 length,
1692 235 49 23 and
1752 237 21 23 it
1795 244 51 17 was

1312 269 56 23 final
1373 269 4 23 I
1383 277 12 23 y
1416 269 101 25 decided
1531 273 25 21 to
1568 271 61 25 hear
1642 274 41 24 the
1695 275 115 30 opinions
1822 278 28 24 of

1310 307 42 23 tbe
1365 308 53 26 otja
1420 317 16 13 ■!■
1451 308 122 26 iiiombors)
1594 311 26 23 of
1640 311 41 24 the
1705 314 142 26 committee

1310 346 81 25 before
1413 348 101 32 inoviriy
1532 348 95 26 i'urther
1640 350 26 25 m
1683 352 42 24 tbe
1747 356 99 24 matter.

1310 385 176 31 The'incoiii)^
1502 387 61 24 then
1576 388 143 31 adjourned.

1381 511 399 38 CORRESPONDENCE.

1311 602 66 21 While
1387 609 38 14 our
1433 604 91 21 columns
1533 612 36 15 are
1575 613 52 19 open
1637 609 21 18 to
1667 609 32 19 all
1717 615 30 14 we
1766 609 26 20 do
1811 612 37 18 not

1335 635 92 27 identify
1432 638 101 20 ourselves
1537 639 51 19 with
1593 645 43 20 any
1639 641 97 24 opinions
1740 641 108 26 expressed

1335 667 80 20 tlierein

1361 736 33 24 To
1406 736 37 25 the
1460 738 88 24 Editor
1559 742 31 27 of
1597 740 37 25 the
1647 745 6 10 •
1666 741 130 25 Observer.'

1342 784 85 30 Sib,—
1430 783 93 36 Kindly
1533 788 80 31 pemit
1624 797 41 18 me
1677 792 27 23 to
1716 798 43 25 say
1771 798 16 17 a
1800 790 47 26 few

1307 823 81 27 words
1418 825 28 26 m
1467 826 70 32 reply
1560 829 27 23 to
1600 836 4 4 •
1644 828 181 32 Temperances

1307 861 74 27 letter
1402 863 28 26 m
1449 863 50 27 last
1522 865 81 25 weeks
1634 866 129 26 Observer.
1806 867 41 26 He

1408 902 28 25 of
1444 910 16 17 a
1469 902 70 26 weak
1550 903 103 26 minded
1665 912 60 17 man
1737 905 111 26 arrested

1307 942 27 24 to
1345 944 104 29 prevent
1460 942 110 30 murder,
1582 943 76 26 taken
1668 946 26 24 to
1705 945 141 32 Lytteltori,

1307 978 144 27 afterwards
1463 974 39 32 4o
1526 981 157 33 Sunneyside
1707 984 42 29 &c,
1773 983 73 26 allow

1307 1027 41 17 me
1369 1022 25 23 to
1416 1020 92 26 inform
1791 1025 56 25 that

1307 1059 43 25 the
1363 1068 60 17 man
1443 1069 51 17 was
1516 1063 45 24 not
1585 1063 112 25 arrested
1716 1063 40 26 till
1778 1072 69 18 some

1307 1098 62 26 time
1380 1100 64 24 after
1455 1100 44 25 the
1519 1102 113 32 meeting
1648 1102 128 26 described
1787 1103 60 26 took

1306 1139 79 32 place.
1420 1140 48 26 Let
1488 1149 41 17 me
1541 1141 53 26 also
1605 1143 98 25 remind
1718 1142 60 26 him'
1790 1143 58 27 that

1306 1176 44 25 the
1370 1185 90 24 person
1483 1178 57 25 who
1566 1180 82 25 balled
1670 1181 44 25 the
1733 1177 112 37 metetirig

1307 1224 50 17 was
1385 1217 92 26 almost
1506 1226 32 17 an
1568 1220 80 25 entire
1677 1223 113 30 stranger
1818 1223 28 24 to

1307 1257 67 23 most
1385 1255 27 25 of
1421 1255 72 26 those
1513 1257 57 25 who
1580 1275 3 5 .
1592 1265 63 18 were
1677 1258 97 27 invited
1796 1258 54 30 and

1306 1295 130 25 attended.
1471 1295 44 26 So.
1527 1304 50 24 you
1599 1297 52 26 will
1674 1307 40 16 see
1747 1298 56 26 that
1826 1299 22 25 it

1307 1334 82 25 would
1399 1333 31 27 be
1442 1343 58 25 very
1511 1336 64 25 hard
1595 1337 39 25 for
1653 1337 73 27 those
1749 1339 95 32 gentle-

1307 1382 59 18 men
1378 1377 26 24 to
1421 1375 75 26 know
1517 1376 113 27 whether
1651 1377 34 27 he
1704 1386 52 18 was
1778 1375 70 30 weak

1307 1415 103 26 mihded
1420 1424 28 17 or
1460 1417 139 26 otherwise.
1634 1418 53 26 The
1698 1419 65 25 facts

1307 1463 16 17 a
1345 1458 115 30 stranger
1477 1457 28 25 m
1528 1465 46 18 our
1597 1458 78 26 midst
1702 1458 145 27 considered

1307 1495 104 26 himself
1421 1497 113 33 unjustly
1552 1498 96 26 treated
1660 1498 31 33 by
1712 1500 96 25 certain
1823 1500 28 26 6i

1307 1542 47 17 our
1370 1534 82 27 fellow
1468 1535 158 27 Townsmen.
1662 1537 41 26 He
1714 1538 80 26 issues
1811 1546 35 18 an

1307 1572 135 26 invitation
1465 1573 38 26 for
1526 1571 35 29 ail
1582 1577 26 24 to
1630 1577 68 24 meet
1720 1575 55 26 him
1797 1577 52 26 and

1307 1612 66 26 have
1401 1613 44 26 the
1480 1616 94 24 matter
1601 1615 75 33 fairly
1709 1616 136 34 discussed,

1308 1650 83 27 Those
1413 1651 57 27 who
1488 1652 118 26 attended
1636 1653 43 26 the
1702 1648 113 39 meeting
1834 1655 16 25 I
1865 1651 6 8 '

1307 1690 96 27 believe
1425 1691 42 25 did
1485 1700 28 17 so
1540 1693 63 25 with
1632 1693 45 26 the
1705 1702 59 25 very
1794 1695 56 26 best

1307 1724 146 27 intentions.
1490 1725 76 27 What
1577 1726 118 27 follows?
1718 1736 34 18 an

1309 1764 96 34 Codger
1439 1765 59 26 tries
1508 1767 25 24 to
1547 1768 69 24 write
1628 1775 16 18 a
1654 1768 71 32 witty
1737 1769 74 25 letter
1813 1783 33 6 —

1307 1802 66 26 fails.
1408 1803 25 25 It
1444 1804 22 24 is-

1415 1841 137 34 forgetting
1573 1843 42 25 his
1635 1846 81 23 motto
1745 1845 39 25 for
1797 1845 53 26 'the

1308 1883 62 24 tune
1389 1882 67 31 gluts
1476 1882 43 25 the
1542 1883 81 26 whole
1645 1885 55 24 into
1724 1893 15 17 a
1759 1886 92 32 greedy

1308 1921 122 30 stomach,
1448 1922 50 25 and
1520 1922 35 25 air
1576 1923 134 33 indignant
1730 1925 74 26 letter
1822 1926 22 25 is

1307 1961 44 24 the
1363 1963 123 23 outcome.
1519 1961 217 34 '".Temperance"
1755 1965 91 25 should

1307 1999 139 28 remember
1456 2001 58 26 that
1533 2003 34 24 all
1587 2003 57 26 who
1660 2004 119 26 attended
1803 2005 43 26 the

1306 2042 112 32 meeting
1436 2050 63 18 were
1522 2043 89 26 within
1631 2044 108 35 tnfilage
1758 2045 29 26 of
1806 2045 42 26 his

1307 2081 82 24 letter.
1425 2081 81 25 There
1529 2089 57 25 may
1605 2081 65 26 have
1690 2082 63 26 been
1780 2084 68 25 idots

1307 2118 84 30 there;
1410 2118 166 34 Ijudgent>t.

1508 2154 82 30 Itbriia
1606 2160 41 24 &di
1682 2155 37 24 -."■'■
1787 2156 7 21 'i

1573 2197 140 28 MoMrate

1329 2292 4 3 .
1364 2283 2 2 ■
1512 2269 3 36 ;
1539 2258 100 50 .;#f
1648 2255 100 51 -'•-:;:,■.
1790 2288 2 2 ■
1839 2287 2 1 ■
1857 2304 2 2 .

1360 2339 114 26 OXFQED
1483 2340 62 20 AND
1559 2340 73 21 COST
1643 2327 153 36 OB^EkvEH

1298 2370 3 3 '
1312 2370 124 34 'Mlssins
1543 2377 174 29 Ooaapetition
1747 2377 101 30 Coupon

1533 2412 46 21 NO.
1600 2413 20 21 1.
1732 2431 4 12 ;
1776 2422 16 14 ...

1270 2520 2 5 ,
1309 2499 48 26 Cut
1367 2500 47 25 this
1422 2502 93 29 outyfill
1526 2503 26 24 m
1563 2503 37 24 the
1615 2504 97 31 missirig
1719 2500 69 29 &ord
1797 2506 56 24 and

1300 2542 113 30 jorward
1420 2550 90 23 coupon
1519 2543 56 24 tvith
1586 2544 50 24 One
1646 2544 113 33 Shilling,
1768 2554 29 16 or
1813 2547 34 23 IS

1302 2589 82 23 penny
1388 2586 103 28 stamps,
1513 2587 22 20 to
1554 2584 36 24 the
1612 2584 133 26 Conductor
1759 2587 33 30 of
1810 2587 39 24 the

1309 2620 198 33 OBSERVER,
1521 2624 62 24 East
1600 2624 102 31 Oxford,
1710 2627 27 22 m
1754 2623 52 28 time
1825 2631 23 19 to

1307 2660 25 25 be
1343 2663 107 24 received
1458 2662 30 32 by
1498 2663 141 32 May,24:th

1335 2786 45 23 The
1399 2790 138 21 mcvotaenta
1555 2790 23 21 of
1597 2791 48 28 thej
1655 2792 87 27 peop!es
1761 2799 30 15 on
1810 2793 38 22 the

1307 2821 112 22 oo.ntinent
1429 2822 24 21 of
1462 2822 94 28 Eurap?,
1566 2824 89 27 coupled
1674 2825 55 22 with
1738 2826 38 22 het
1796 2826 50 22 atti-

1307 2854 50 22 tude
1366 2855 24 21 of
1400 2855 56 22 their
1462 2857 77 26 rulers,
1551 2857 62 28 point
1621 2860 25 21 to
1665 2859 37 22 the
1716 2861 132 28 probability

1307 2888 51 21 that
1365 2895 34 15 ere
1407 2890 52 26 long
1467 2891 37 21 the
1512 2893 52 20 woil
1570 2892 8 21 I
1587 2894 43 20 will
1639 2894 87 22 witness
1733 2902 14 15 a
1754 2897 94 26 struggle

1305 2920 103 22 attended
1419 2922 54 22 with
1483 2925 168 27 extraordinary.
1855 2935 5 9 •

1419 2986 7 10 <
1483 2989 7 9 .•
1665 2984 3 2 •
1702 2993 2 2 .

1309 3116 77 26 Name
1805 3146 39 7 ,,

1301 3221 116 27 -Address

1308 3324 103 33 Mimng
1439 3327 75 26 Word
1571 3346 218 16 •......;„.........

1343 3407 49 24 The
1396 3416 89 23 person
1508 3405 52 33 ido
1561 3414 56 31 fills
1634 3417 10 22 {
1643 3424 16 16 n
1676 3421 115 31 correctly
1810 3422 37 25 the

1307 3447 96 31 missing
1410 3450 67 25 word
1493 3452 50 24 will
1547 3446 197 46 promptly^a
1759 3463 87 24 remitt-

1307 3492 59 17 ance
1381 3488 25 28 oj
1424 3487 37 24 the
1484 3490 59 23 total
1560 3498 95 20 amount
1677 3497 170 30 recefreih^Ko

1307 3529 141 20 DEDUCTION
1483 3534 147 24 WHAT^EVEB
1664 3541 78 19 BEIN(>
1768 3544 77 20 MADE.

1308 3563 94 26 SJiould
1410 3565 62 26 there
1484 3567 28 25 be
1519 3576 63 18 more
1591 3571 59 27 than,
1660 3581 42 17 one
1718 3565 137 47 suciesgf^

1307 3603 141 31 competitor,
1457 3605 37 24 the
1504 3608 62 23 total
1571 3614 95 22 amount
1677 3614 104 33 receive/I
1796 3617 50 24 will

1307 3640 26 25 be
1342 3642 96 26 divided
1455 3651 104 25 amongst
1567 3649 58 32 sush
1639 3655 165 28 competitiors.

1340 3689 42 25 No
1402 3691 86 31 replies
1506 3695 51 23 will
1632 3698 114 29 admitted
1766 3704 79 25 unless

1306 3728 94 24 loriiten
1416 3736 31 16 on
1456 3729 46 25 tliis
1512 3732 99 33 coupoti*

1329 3808 37 30 !>
1381 3809 53 21 B.—
1434 3809 49 26 Any
1493 3814 92 32 amounJl
1604 3816 144 26 teMived^ot
1767 3821 24 21 m
1810 3829 12 14 &
1824 3829 11 15 0
1836 3835 7 4 .

1306 3842 104 21 cordan<»
1420 3843 51 20 with
1483 3840 295 43 theforei^ipj^^iona
1799 3857 45 21 win

1306 3911 30 16 an
1340 3905 42 26 1,80
1392 3907 92 27 applied,
1568 3904 28 20 'It
1606 3907 41 17 ?;^
1662 3904 15 21 !;

552 60 172 34 OXFORD
765 63 90 33 AND
900 65 108 34 OUST
1053 66 231 37 OBSERVER
1349 68 237 44 SATURDAY,
1630 75 91 35 MAY
1763 80 28 43 6,
1860 82 90 33 1893.

1936 3706 103 28 Printed
2063 3711 50 26 an'l
2152 3712 95 28 PublisJ
2258 3715 31 26 tjtl
2300 3716 33 33 Ly
2359 3718 115 33 Richabjjj

1969 3761 109 28 Uolman
2097 3765 104 33 PAßißH,
2212 3789 11 8 v
2225 3770 27 24 at
2270 3770 42 26 his
2330 3770 142 34 Hegistered
2488 3792 2 5 ,
2500 3764 1 19 '

1969 3815 116 37 Printing
2096 3820 87 32 Office,
2206 3822 68 27 Hio'h
2299 3825 91 28 »tee6t,
2412 3825 66 26 East

1967 3870 101 35 o^o^.
2079 3872 154 35 Oaujteburry

2034 3926 138 35 Sawbday,
2205 3939 51 19 may
2301 3935 14 24 6
2353 3935 72 27 JB9B.

2025 3639 2 12 :
2240 3637 6 1 -
2276 3645 1 1 ■
2299 3650 11 1 ..
2455 3650 17 8 _.

1938 201 233 31 CANTERBURY
2195 207 154 29 LIBERAL
2376 212 97 28 ASSO-

2132 247 147 28 CIATION.
2479 250 3 10 l
2492 264 9 5 -

2006 325 36 25 To
2054 334 49 17 IHE
2115 327 132 28 EIiECTOBS
2263 339 31 17 0F
2307 333 103 26 OXFORD

1937 369 40 78 A
2020 369 139 43 Meeting
2179 375 63 30 will
2263 377 39 30 be
2338 378 73 31 held
2441 384 33 27 at

2019 410 53 33 the
2094 412 96 33 Town
2213 416 83 40 Hall,
2319 418 81 32 East
2413 421 60 31 Ox-

1935 450 80 38 ford,
2039 451 170 45 Thursday,
2234 454 76 45 May
2332 461 85 38 11th,
2440 466 33 28 at

1937 493 18 29 8
1965 492 129 33 o'clock.
2378 506 75 19 '''■■'
2474 522 27 21 -m

2091 567 235 53 NOTICE.

2035 696 43 26 TO
2089 698 117 27 SHEEP
2215 701 157 28 OWNERS.

1938 737 122 65 THE
2079 741 90 33 charge
2181 744 39 25 for
2227 744 113 35 Dipping
2352 748 82 32 Sheep
2446 751 28 23 at
2496 755 5 19 s

2044 772 44 28 tbe
2100 774 69 27 View
2186 776 56 26 Hill
2254 779 52 31 I)ip
2318 780 51 25 will
2381 781 30 26 be
2425 783 48 31 l^d
2485 772 16 15 *''

1935 807 39 26 for
1985 810 62 25 each
2060 811 84 34 sheep,
2168 821 34 19 on
2223 816 52 25 and
2308 817 64 27 after
2402 819 72 31 April

1936 847 70 31 30th,
2035 850 73 25 1893.
2279 849 2 1 '
2292 862 8 2 -
2411 858 4 7 '

2103 887 40 28 W.
2169 886 137 36 DUDER,

2289 927 71 37 View
2377 938 64 27 Hill.

2088 1064 231 53 DKINK

1937 1148 3 3 ■
2167 1134 124 54 P^IE
2315 1138 101 50 TEA,
2469 1162 4 8 ■

1934 1186 66 33 The
2014 1190 93 33 finest
2120 1192 55 31 the
2188 1193 108 33 World
2312 1198 159 39 produces.

1936 1241 131 44 Spldby
2095 1244 52 32 Mr
2155 1246 26 30 J
2181 1246 7 14 l
2190 1270 7 8 .
2208 1247 44 31 A.
2282 1235 219 54 Waterman^

1975 1287 81 33 East
2068 1290 129 38 Oxford,

1934 1338 54 31 Mr
2005 1341 25 30 R
2032 1364 13 13 a
2060 1341 120 40 Fisher,
2299 1348 131 32 Oxford.

1935 1380 169 46 Mrff.
2133 1391 130 54 Cooper,
2294 1394 87 43 Cifst,
2409 1400 62 31 and

1885 1461 2 7 ,
1976 1448 96 32 many
2089 1441 112 32 others.

1934 1542 473 60 ■-■-^HOTIGE.V':
2412 1543 2 32 :

1938 1692 94 67 TO
2051 1693 82 34 Sheep
2145 1704 97 19 owners
2259 1700 132 34 travelling
2413 1703 60 26 with
2500 1703 2 14 '

2044 1727 84 33 sheep,
2140 1738 48 17 can
2196 1731 57 26 'find
2264 1741 16 16 a
2296 1733 117 28 Paddock
2435 1746 37 17 se-

1936 1768 87 34 curely
2042 1770 96 32 ienced,
2145 1774 44 31 rto
2211 1778 186 26 accommodate
2430 1781 43 26 the

1937 1819 76 23 same,
2024 1821 62 18 near
2094 1814 113 37 Railway
2214 1820 113 33 crossing
2338 1823 50 24 and
2399 1823 72 26 Emi-

1926 1856 109 33 .gratidn
2049 1857 131 29 Barracks.
2216 1861 83 35 Apply
2315 1866 26 25 to

2079 1901 26 26 J.
2130 1903 196 34 FLANAGAN,

2251 1950 66 26 East
2334 1952 101 26 Oxford.

2039 2167 215 36 Established
2279 2175 87 31 1862.
2388 2174 23 24 ■'»

1934 2220 194 35 FLQUR^est
2138 2226 81 28 brand
2229 2230 60 32 only
2300 2230 67 33 kept;

1936 2263 144 34 SHARPS,
2116 2269 206 35 OATMEAL,

2026 2310 293 38 OHICKENWHEAT,
2338 2320 42 26 &o.

1933 2350 46 28 AO!
1994 2353 148 31 LaWBST
2160 2358 165 30 OPBBBNT
2340 2362 129 32 JRA.TE3,

2020 2485 139 50 Wm
2204 2489 181 52 SAtE.

1935 2617 102 80 i
2050 2617 89 80 5
2073 2619 140 34 Roomed
2250 2622 109 34 House
2398 2627 72 32 Iron

1982 2683 6 6 .
2019 2658 79 32 Roof
2105 2672 84 28 jiew,
2204 2665 77 30 with
2297 2668 18 29 6
2331 2677 85 22 acres
2439 2670 33 30 of

1935 2699 85 39 land,
2035 2701 161 44 adjoining
2209 2705 53 32 old
2276 2707 58 35 site
2349 2710 34 30 of
2397 2709 75 33 Lib-

1928 2743 90 41 irary,
2049 2743 127 38 Central
2206 2747 126 42 Oxford,
2359 2762 20 19 a
2401 2752 71 30 baiv
2475 2762 26 31 \

1935 2791 97 31 gam.-
2070 2814 4 5 .
2101 2785 104 44 Apply
2234 2792 33 28 to

2095 2841 69 34 MR'
2182 2844 135 41 SHAW,

1978 2896 50 42 c/d
2045 2899 93 33 Shaw
2153 2903 158 33 Robinson
2327 2906 27 30 &
2378 2907 50 37 Co,

1937 2945 70 35 The,
2030 2948 87 38 Hall,
2147 2950 87 42 High
2265 2954 45 38 St,
2342 2954 55 32 Ch.
2414 2956 56 31 Ch.

2072 3066 292 81 NOTICE*^

1970 3236 60 42 G.
2054 3230 383 54 MARSIIALL,

1978 3300 180 35 MARKET
2188 3305 242 35 GARDENER.
2491 3328 10 11 .

1936 3362 68 32 Has
2019 3375 42 28 on,
2077 3364 83 33 hand
2187 3367 104 44 Savoy
2319 3372 62 30 and
2409 3371 61 31 En-

1936 3404 73 33 field
2025 3406 124 32 Market
2164 3410 101 39 plants
2283 3416 34 26 at
2332 3413 49 37 9d,
2411 3413 60 30 and

1937 3444 210 36 Cauliflowers
2160 3453 38 28 at
2216 3450 47 41 1/-
2278 3464 24 20 a
2321 3453 155 42 hundred^

1936 3487 63 30 and
2027 3498 19 20 a
2073 3490 84 38 good
2184 3492 114 42 supply
2327 3494 36 32 of
2386 3495 89 36 fruity

1936 3530 179 40 vegetables
2140 3532 64 31 and
2230 3538 55 36 pot
2310 3535 92 32 herbs
2440 3540 32 38 a£

1936 3570 180 33 reasonable
2130 3577 93 27 rates.
2458 3573 7 13 *
