3409 4325
462 527 2848 39 THE

462 566 1139 23 OXFORD
1791 566 1519 23 OBSERVER

462 589 356 22 AND
937 589 1186 22 CANTERBURY
2242 589 1068 22 DEMOCRAT,

462 611 1424 22 CIRCULATING
2015 611 1295 22 THROUGHOUT

462 633 838 22 NORTH
1467 633 1843 22 CANTERBURY.

1704 695 228 31 Established
1977 698 91 29 1889.

22 851 139 30 Volumn
182 848 45 31 VI
239 847 102 30 —No.
384 844 104 30 NEW
505 839 156 35 SERIES.

1222 834 107 31 EAST
1353 834 187 35 OXFORD,
1563 834 246 38 SATURDAY,
1867 834 238 33 DECEMBER
2121 838 30 35 1,
2174 839 90 30 1894.

2929 840 135 32 Price—
3066 842 85 31 ONE
3168 843 178 32 .-PENNY.

80 190 28 21 p>
140 190 20 22 g
196 198 23 12 la
258 190 26 28 p

78 202 82 77 sf
196 214 23 68 :
257 210 27 67 i

79 284 26 31 W
137 285 21 28 3
193 284 24 31 £
256 294 25 20 eh

77 313 80 44 wg
209 350 6 6 .
255 336 25 21 <

134 359 22 36 S
191 359 24 27 £
254 360 25 21 h

75 378 80 73 gi
190 388 24 14 *
253 399 26 41 s

73 447 80 57 0|
188 446 25 45 I
245 437 34 71 I

72 563 26 36 a
130 569 22 38 3
186 567 24 14 OT
248 569 27 44 §

71 614 26 18 w
129 622 21 15 to

71 708 25 22 05

1722 1006 2 10 .
1781 968 456 67 SADDLES,?.

1738 1047 80 53 H.
1846 1047 62 54 J.
1926 1048 353 59 LAMING

1832 1126 350 36 SADDLER

1722 1171 2 17 '
1972 1170 64 22 AND

1740 1206 290 40 HARNESS
2065 1209 213 40 MAKER

1885 1258 72 25 Near
1975 1258 151 31 Saleyabds,
2278 1270 2 26 j

1771 1300 47 42 O
1842 1301 66 42 X
1932 1302 200 42 FOR
2156 1305 47 39 D
2227 1333 16 12 .

1721 1380 2 5 1
1733 1373 90 24 Orders
1835 1374 51 25 and
1903 1375 106 31 Eepairs
2019 1376 128 32 promptly
2158 1378 120 24 executed

1721 1418 2 37 J
1898 1419 27 23 at
1935 1416 88 27 lowest
2034 1420 76 24 rates.

1721 1478 2 39 i
1838 1483 145 39 HORSE
2007 1484 165 38 COVERS

1721 1542 2 34 ;
1733 1532 101 39 made
1846 1533 38 38 to
1901 1533 103 40 Order
2019 1535 71 38 and
2103 1535 173 49 Repaired

1721 1614 2 3 .
1748 1592 23 24 A
1784 1592 78 26 Stock
1873 1592 28 26 of
1910 1594 83 25 Horse
2005 1594 124 26 Medicine
2140 1602 35 18 on
2183 1596 76 28 hand,

1809 1635 163 21 SOLOMON'S
1989 1637 151 21 SOLUTION
2154 1638 37 20 &c.

1752 1696 56 46 E.
1831 1697 58 46 R
1905 1698 347 47 ALLPRESS

1843 1768 135 26 Consulting
1987 1769 46 21 and
2039 1769 91 27 Family
2135 1770 106 27 Chemist,

1923 1801 57 25 239.
1994 1801 92 26 Cashel
2096 1803 83 25 Street
2191 1803 78 30 West,

1721 1843 2 31 ;
1991 1839 278 28 CHBISTCHUBCH.

1841 1876 9 32 (
1858 1876 67 25 Next
1933 1876 108 25 Zetland
2053 1877 75 25 Arms
2140 1875 78 29 Hotel
2224 1880 12 32 )

1721 1937 2 7 .
1734 1924 42 28 (34
1784 1931 66 21 years
1865 1926 133 27 experience
2012 1926 26 21 at
2046 1927 73 22 Home
2128 1928 47 21 and
2190 1930 26 19 m
2231 1928 41 22 the

1945 1958 116 27 Colonies)

1760 1988 38 22 Mr
1806 1988 103 27 Allpress
1918 1989 57 26 begs
1990 1990 25 21 to
2024 1990 81 22 tender
2117 1990 37 22 his
2170 1991 102 27 grateful

1721 2018 2 9 '
1734 2020 84 21 thanks
1827 2022 24 19 to
1859 2020 38 21 his
1909 2027 122 15 numerous
2039 2022 83 21 clients
2131 2023 141 27 throughout

1734 2053 143 26 Canterbury
1885 2053 36 21 for
1930 2053 40 21 the
1979 2055 95 26 support
2081 2055 75 21 which
2163 2055 42 22 has
2214 2056 57 21 been

1734 2086 138 22 vouchsafed
1889 2087 25 20 to
1934 2086 49 22 him
1998 2088 83 27 during
2101 2088 41 22 the
2164 2090 108 21 nineteen

1734 2126 66 21 years
1808 2120 30 22 he
1847 2120 42 20 has
1898 2120 105 23 followed
2012 2122 36 20 his
2064 2123 125 26 profession
2198 2123 26 21 m
2232 2124 40 21 the

1736 2154 115 26 Province,
1876 2154 47 21 and
1936 2154 90 29 finding
2048 2156 21 21 it
2091 2157 122 21 incumben
2222 2157 12 21 t
2246 2157 25 21 to

1735 2189 120 23 centralize
1873 2188 37 23 his
1923 2189 104 24 business
2041 2190 26 23 m
2089 2190 65 23 order
2167 2192 26 21 to
2215 2192 57 27 keep

1735 2224 48 21 him
1796 2225 26 20 m
1834 2225 71 21 touch
1919 2226 54 20 with
1989 2227 36 20 his
2045 2226 129 27 supporters
2188 2227 25 19 m
2231 2226 40 20 the

1722 2279 2 5 .
1735 2257 153 27 surrounding
1897 2258 97 26 country
1999 2258 109 25 districts,
2116 2257 29 22 he
2152 2258 42 21 has
2201 2258 70 21 taken

1722 2301 2 20 f
1735 2292 40 21 the
1784 2292 71 21 above
1864 2292 109 27 premises
1983 2293 74 21 where
2074 2293 31 21 he
2113 2293 50 20 will
2170 2293 30 21 be
2217 2293 55 26 glad

1734 2327 25 20 to
1768 2326 87 21 receive
1865 2326 37 21 his
1911 2326 88 21 friends
2007 2327 131 26 personally
2150 2333 26 14 or
2184 2327 87 20 receive

1733 2358 62 20 their
1804 2358 77 20 orders
1896 2364 42 20 per
1949 2359 58 25 post.
2035 2358 44 20 His
2097 2358 62 20 Well
2177 2359 93 23 Known,

1735 2389 68 21 Tried
1825 2389 47 21 and
1893 2389 122 28 Approved
2038 2389 118 22 Remedies
2183 2390 37 21 for
2239 2390 32 21 all

1734 2417 83 21 classes
1827 2417 24 21 of
1868 2417 105 21 Diseases
1983 2423 39 15 are
2031 2423 50 15 now
2090 2424 25 14 so
2124 2417 52 21 well
2188 2418 83 20 known

1734 2450 25 15 as
1777 2444 26 21 to
1815 2444 59 21 need
1894 2450 30 15 no
1942 2444 90 21 further
2054 2444 102 21 mention
2180 2444 26 21 m
2224 2444 47 21 this

1722 2468 1 12 1
1733 2471 138 25 necessarily
1880 2471 67 20 short
1955 2471 186 20 advertisement.

1761 2497 20 20 A
1790 2497 45 20 full
1843 2497 62 26 price
1914 2497 50 21 List
1973 2497 23 20 of
2005 2497 32 21 all
2045 2497 36 20 his
2091 2497 91 20 various
2200 2497 71 21 Rem-

1734 2523 62 22 edies
1804 2530 42 15 can
1856 2524 29 21 be
1894 2524 47 21 had
1950 2524 55 21 Post
2018 2524 57 21 Free
2085 2530 28 15 on
2126 2524 145 26 application,

1733 2551 47 21 and
1791 2558 84 19 among
1889 2551 65 22 them
1962 2551 90 21 besides
2060 2551 66 21 those
2135 2551 24 21 of
2168 2558 14 14 a
2191 2551 80 26 purely

1735 2578 97 21 Medical
1851 2578 122 21 Character
1990 2578 48 20 will
2055 2578 28 21 be
2101 2578 73 20 found
2189 2578 80 25 Horse,

1735 2605 73 20 Cattle
1824 2605 46 20 and
1885 2605 52 27 Dog
1952 2605 131 23 Medicines,
2099 2604 22 21 of
2139 2605 133 20 undoubted

1733 2631 91 27 efficacy
1832 2632 103 25 together
1949 2632 56 20 with
2018 2632 21 20 A
2055 2632 60 21 Host
2123 2632 24 20 of
2156 2632 116 21 Domestic

1848 2659 74 20 Toilet
1935 2655 160 29 Preparations
2105 2659 18 20 &
2132 2659 139 26 Perfumery.

1761 2685 37 20 Mr
1807 2686 102 25 Allpress
1919 2685 85 20 invites
2019 2685 150 26 applications
2184 2685 37 20 for
2235 2685 37 20 his

1721 2711 2 12 1
1733 2712 51 21 List
1792 2712 47 20 and
1854 2712 47 20 will
1914 2712 57 21 send
1979 2712 58 21 Free
2046 2711 24 21 of
2079 2718 96 21 expence
2184 2718 30 15 on
2223 2718 49 15 receipt

1721 2740 2 14 [
1733 2739 50 26 eipt
1791 2739 24 20 of
1824 2739 56 20 Five
1890 2739 107 26 shillings
2006 2739 47 20 and
2061 2739 105 26 upwards
2177 2739 24 20 m
2211 2739 61 26 post-

1734 2766 23 21 al
1766 2766 66 21 notes
1842 2772 25 14 or
1875 2766 67 21 order
1951 2772 47 20 any
2003 2766 80 21 article
2090 2766 83 20 named
2182 2766 90 20 therein

1734 2793 57 21 such
1800 2793 66 21 order
1880 2800 53 20 may
1942 2794 106 20 emanate
2061 2794 57 19 from
2129 2799 42 14 one
2180 2799 89 20 person,

1733 2827 25 13 or
1766 2820 30 20 be
1805 2820 65 20 made
1879 2827 31 19 up
1919 2826 83 20 among
2011 2820 137 25 neighbours
2158 2820 50 19 who
2220 2826 52 19 may

1734 2847 83 26 depute
1836 2853 42 15 one
1891 2846 25 21 of
1930 2846 62 22 their
2004 2846 96 21 number
2111 2847 26 20 to
2151 2847 65 20 make
2232 2846 40 21 the

1733 2874 141 25 remittance,
1883 2874 87 21 receive
1973 2874 41 21 the
2022 2873 70 27 goods
2096 2873 46 21 and
2151 2873 121 22 distribute

1733 2901 41 20 the
1784 2907 61 14 same
1854 2907 30 14 on
1893 2900 92 21 arrival.

1733 2933 78 26 Agent
1820 2933 36 21 for
1865 2933 87 21 Oxford
1961 2933 49 26 and;
2010 2933 99 26 District
2115 2933 37 21 Mr
2158 2933 27 21 B.
2194 2933 78 21 Keats.

1782 2993 190 55 Money
1986 2995 55 41 to
2063 2993 154 43 Lend.

1790 3079 18 30 I
1822 3079 80 30 have
1931 3089 114 31 money
2072 3084 33 26 to
2133 3079 73 30 lend
2241 3080 30 29 m

1735 3121 85 39 large
1846 3128 35 21 or
1908 3121 93 29 small
2030 3130 85 21 sums
2152 3130 32 21 to
2213 3121 62 30 suit

1735 3162 179 29 Borrowers
1945 3165 33 26 at
2006 3161 110 30 lowest
2149 3166 127 25 current

1735 3205 91 27 rates.

1816 3241 193 32 WILLIAM
2031 3241 156 38 HOBAN,

1910 3281 190 30 SOLICITOR,

1768 3321 49 25 204
1829 3321 122 25 Hereford
1961 3320 40 26 St.
2015 3320 198 26 Chbistchurbh
2225 3321 50 25 and

1945 3358 110 26 Kaiapoi.

1722 3451 166 58 ;<THE
1910 3454 128 36 RED
2052 3454 220 38 HOUSE'

1722 3500 1 29 I
1874 3505 74 21 under
1956 3506 42 19 the
2007 3506 123 19 Verardah

1722 3547 1 19 L
1735 3543 40 20 109
1795 3542 105 20 Colombo
1920 3542 64 19 Sreet
2012 3542 152 20 CHRISTCH
2168 3544 16 19 U
2187 3543 68 20 KCH.

1722 3589 2 33 ;
1785 3577 158 38 JOHN
1982 3578 236 37 WILSON

1722 3647 2 7 ,
1735 3629 98 21 General
1841 3628 89 24 Dealer,
1946 3628 125 20 Furniture
2081 3629 90 25 Broker,
2182 3629 19 20 &
2206 3630 70 21 Hotel

1790 3665 118 22 Valuatrr.
1921 3687 2 3 .
1947 3665 148 21 Established
2105 3666 28 19 20
2141 3666 78 21 Years.

1735 3718 61 21 John
1900 3718 122 21 embraces.
2024 3718 38 20 the
2072 3718 93 24 present
2170 3720 104 24 opportu-

1736 3745 51 26 nity
1795 3745 26 20 to
1833 3744 76 21 thank
1917 3744 39 20 his
1966 3744 130 26 supporters
2105 3744 37 21 for
2149 3744 63 21 their
2222 3751 52 14 cus-

1736 3772 46 21 tom
1792 3771 46 21 and
1846 3772 126 26 patronage
1985 3772 46 20 and
2046 3777 90 15 assures
2147 3771 65 22 them
2220 3772 54 21 that

1735 3805 25 14 as
1768 3799 26 19 m
1803 3798 41 21 the
1850 3799 54 24 past
1912 3798 30 21 he
1957 3798 20 20 is
1989 3798 111 25 prepared
2107 3799 25 19 to
2142 3799 82 25 supply
2232 3800 41 19 the

1734 3825 53 20 best
1795 3824 125 20 Furniture
1931 3824 44 25 &c,
1989 3824 37 21 &c
2043 3825 25 19 at
2083 3824 73 26 prices
2170 3825 61 26 fully
2246 3826 27 20 20

1735 3858 40 20 per
1785 3851 53 20 cent
1846 3851 45 20 less
1898 3851 58 20 than
1966 3850 112 21 hitherto.

1789 3887 61 21 John
1872 3887 88 20 Wilson
1987 3887 47 20 will
2057 3887 92 21 furnish
2168 3894 15 14 a
2202 3888 71 21 house

1734 3915 137 24 throughout
1878 3914 36 20 for
1923 3915 54 23 i>2o,
2006 3914 62 20 John
2076 3914 90 20 Wilson
2175 3915 47 20 will
2230 3916 42 19 sell

1734 3948 46 20 you
1793 3948 15 14 a
1970 3940 70 21 Chest
2049 3941 112 20 Drawsers
2171 3941 37 21 for
2221 3942 50 27 50/-.

1761 3968 60 20 John
1830 3967 88 21 Wilson
1937 3967 47 20 will
2003 3966 43 21 sell
2064 3974 45 18 you
2125 3974 15 13 a
2158 3968 71 20 Chest
2249 3969 23 20 of

1734 3995 103 20 Drawers
1846 3994 36 20 for
1891 3993 51 26 20/-.
1984 3993 60 21 John
2054 3993 90 21 Wilson
2166 3995 46 20 will
2231 3996 41 19 sell

1722 4028 56 20 .you
1806 4021 90 21 Double
1923 4021 54 19 Iron
2001 4020 127 21 Bedsteads
2159 4021 39 21 for
2220 4022 51 27 25/-.

1734 4049 83 25 Spring
1826 4048 133 20 Mattresses
1968 4047 45 26 25/-
2023 4047 122 20 Palliasses
2155 4054 46 19 any
2209 4049 62 24 price

1733 4080 46 21 you
1791 4075 53 19 li*e.
1883 4073 144 26 Everything
2041 4073 75 25 cheap.
2128 4073 143 28 Everything

1733 4101 59 27 good
1800 4101 46 20 and
1855 4106 47 20 you
1911 4106 42 14 can
1966 4100 42 25 get
2017 4100 138 25 everything
2163 4100 60 21 from
2231 4101 40 21 the

1733 4128 75 21 useful
1816 4128 62 20 little
1886 4127 81 20 needle
1982 4127 24 19 to
2024 4126 41 20 the
2083 4127 127 24 proverbial
2232 4134 40 14 an-

1731 4155 61 21 chor.

1731 4181 62 21 THE
1812 4181 62 20 RED
1888 4179 110 21 HOUSE.
2022 4179 40 19 109
2071 4179 105 21 Colombo
2186 4180 81 22 Street.

1896 4206 81 20 JOHN
1991 4205 128 21 WILSON.

1758 4234 125 22 Furniture
1892 4233 104 26 Bought,
2021 4231 52 21 cold
2111 4239 14 13 o
2159 4234 103 22 exchan.

1731 4262 63 21 Sales
1810 4261 111 21 attended
1929 4266 28 16 on
1968 4258 150 23 commission.
2127 4264 3 14 ;

639 1764 24 42 f
694 1759 128 46 WOOL
844 1756 157 44 WHICH
1105 1728 45 108 J

106 2110 429 91 Infant's
624 2101 457 91 Powders

217 2236 86 34 FOR
324 2232 228 36 CHILDREN
585 2227 202 37 CUTTING
817 2225 154 36 TEETH

60 2286 90 30 Have
164 2281 116 43 proved
295 2290 59 21 one
367 2280 34 31 of
414 2279 54 31 the
484 2279 138 40 greatest
635 2275 100 31 boons
757 2284 73 21 ever
844 2271 185 32 introduced
1057 2274 33 28 to
1117 2270 53 31 the

18 2338 119 40 public.
183 2335 88 38 They
285 2343 53 20 are
354 2330 136 40 charged
504 2329 97 39 solely
621 2326 77 32 with
712 2337 20 19 a
759 2325 116 39 special
909 2323 202 41 preparation
1139 2322 31 30 of

17 2390 83 29 mine
115 2398 68 20 own
204 2385 62 31 and
282 2394 52 20 are
349 2381 191 43 guaranteed
554 2378 153 42 perfectly
731 2376 162 31 harmless.
951 2375 130 30 Fathers
1110 2373 60 31 and

17 2440 139 32 Mothers
172 2438 35 31 of
218 2436 157 31 hundreds
390 2435 31 29 of
435 2432 134 32 families
584 2428 194 33 recommend
793 2428 86 30 them
902 2427 78 31 with
994 2426 176 31 confidence

16 2503 33 19 as
65 2493 92 35 beins;
172 2490 100 38 arople
284 2491 33 27 to
331 2495 123 21 remove
465 2484 43 30 all
519 2485 52 28 the
583 2482 146 37 ordinary
742 2481 236 36 derangements
993 2478 71 29 that
1079 2487 91 20 occur

16 2533 113 40 during
142 2530 159 32 dentition.
659 2558 2 1 .

12 2618 124 40 THEY
152 2616 96 41 COOL
262 2614 90 40 THE
373 2612 127 45 GUMS,

100 2668 193 41 COMFORT
314 2665 90 39 THE
442 2662 140 40 CHILD.
630 2658 145 40 CHECK
799 2653 284 45 CONVULSONS,

340 2723 94 39 AND
449 2719 185 42 RENDER
656 2713 222 43 TEETHING
891 2712 129 52 QUITE
1034 2710 130 39 EASY.

56 2789 99 31 These
171 2786 143 31 Genuine
329 2784 147 31 Powders
492 2792 52 20 are
559 2782 33 29 m
607 2789 55 21 use
677 2779 42 40 by
734 2777 43 30 all
792 2775 111 31 classes
918 2773 33 32 of
964 2773 126 40 society,
1107 2772 61 31 and

16 2834 31 28 m
63 2832 42 30 all
119 2833 87 37 parts
220 2828 33 29 of
260 2827 76 30 New
352 2824 147 31 Zealand.

315 2876 61 26 Sold
387 2876 28 23 m
427 2875 81 24 Boxes
520 2871 147 31 containing
679 2869 31 24 12
722 2867 112 33 powders
846 2866 38 33 1/-

94 2940 365 44 GrTJJ^ttJ^XTinJnJD
475 2947 308 28 PEBEECTLY
804 2942 301 26 H^JKMMISS-

12 2997 60 24 Post
82 2996 52 23 free
145 2996 26 22 to
183 3000 49 23 aay
243 2994 56 28 part
310 2989 28 25 of
347 2989 62 24 New
421 2984 110 27 Zealand
537 2993 34 15 on
582 2982 147 25 remittance
738 2979 28 26 of
777 2979 45 32 1/-.
881 2975 124 33 Prepared
1016 2974 48 25 and
1074 2973 55 26 sold
1135 2973 33 32 by

409 3029 117 31 JOHN
549 3026 29 31 S.
604 3024 148 35 COOKE,

361 3078 147 35 Registered
541 3073 212 29 Pharmaceutical
770 3071 121 29 Chemist,

704 3113 112 26 Cashel
843 3111 117 31 Street,

835 3144 282 29 OHRISTOHUROH.

155 3340 120 45 ASK
335 3335 168 46 TOUR
564 3327 275 50 GROCERS
901 3325 120 45 FOR

13 3424 742 102 HISLOP'S
851 3419 308 89 TEA

73 3594 166 67 ||sg°
301 3589 44 44 A
375 3586 161 47 GOOD
567 3579 245 49 HONEST
842 3574 122 46 TEA
991 3572 119 44 FOE

373 3699 167 45 YOUR
599 3694 232 47 MONEY.

474 3809 128 33 SOLD
633 3807 67 34 BY

174 3894 105 46 MR.
309 3892 245 45 ALFRED
586 3888 133 56 LEE,
751 3882 244 48 OXFORD

44 3988 110 46 MR.
187 3987 48 44 F.
266 3986 53 44 A.
350 3975 382 55 WATERMAN,
793 3974 123 45 East
947 3969 194 46 Oxford.

158 4082 133 47 MRS
323 4081 53 44 R.
407 4076 242 53 FISHER,
679 4073 142 45 West
851 4069 196 45 Oxford.

215 4180 112 46 MR.
357 4179 52 43 E.
440 4175 74 54 W.
548 4170 250 54 COOPER,
831 4167 127 45 Oust.

324 4275 61 29 and
399 4282 94 27 many
508 4269 89 32 other
612 4267 223 39 Storekeepers.
1132 4266 4 3 '
1169 4260 1 49 j

1185 975 176 45 JOHN
1434 972 281 53 INGRAM,

1213 1044 488 37 AUCTIOISrEER

1184 1105 107 25 LICENCED
1311 1104 59 25 LAND
1380 1103 94 29 BROKER,
1488 1103 127 28 VALUATOR,
1631 1102 84 26 ESTATE

1197 1136 133 28 INSURANCE,
1342 1136 14 23 &
1366 1135 101 25 GENERAL
1478 1134 140 26 COMMISSION
1629 1134 81 25 AGENT.

1178 1171 70 24 Agent
1252 1171 38 25 for
1300 1170 34 20 the
1343 1170 105 20 National
1457 1170 114 20 Insurance
1582 1169 106 26 Company
1702 1173 13 19 o)

1176 1195 2 26 I
1358 1202 51 20 New
1423 1202 103 19 Zealand.

1203 1234 173 30 OXFORD
1397 1235 30 27 &
1451 1232 256 32 SHEFFIELD.

1401 1298 2 3 ■
1432 1291 32 20 ♦

1178 1338 151 26 Fortnightly
1338 1338 99 21 Auction
1448 1338 64 20 Sales
1521 1336 56 23 held
1585 1337 25 20 m
1614 1337 42 21 the
1663 1337 52 20 Mar-

1178 1373 41 20 ket
1229 1372 74 20 Yards
1313 1371 131 25 OXFORD,
1455 1378 69 19 every
1533 1371 84 21 second
1636 1371 79 21 Thurs-

1178 1404 51 26 day.
1245 1404 109 26 Monthly
1364 1403 64 22 Sales
1437 1403 56 21 held
1503 1403 26 21 at
1537 1402 92 21 Market
1638 1402 77 25 Yards,

1179 1435 181 21 SHEFFIELD.
1422 1435 95 21 Private
1535 1434 102 22 Auction
1657 1434 58 22 Sales

1177 1467 144 22 undertaken
1330 1474 47 20 any
1385 1467 55 27 part
1449 1467 25 22 of
1483 1467 41 22 the
1535 1467 104 26 country.
1667 1467 48 21 Pro-

1177 1500 66 26 perty
1254 1499 101 26 Bought,
1364 1498 60 24 Sold,
1435 1505 25 14 or
1469 1499 49 20 Let.
1530 1498 48 21 and
1583 1498 132 21 Valuations

1177 1533 111 27 carefully
1297 1533 74 21 made.
1402 1533 66 20 Land
1477 1532 106 27 Brought
1592 1532 73 21 under
1678 1532 37 21 the

1177 1568 108 20 Transfer
1293 1567 52 24 Act,
1374 1566 128 24 Transfers,
1516 1566 91 24 Leases,
1620 1566 19 20 &
1644 1566 71 20 Deeds

1177 1599 22 20 of
1208 1598 135 27 Mortgages
1359 1598 77 20 drawn
1444 1604 39 20 up.
1521 1597 85 26 Money
1614 1597 101 21 invested

1177 1630 46 21 and
1232 1630 109 21 obtained
1350 1630 34 21 for
1394 1629 87 21 Clients
1490 1634 30 15 on
1531 1629 131 26 Mortgage.
1681 1627 34 21 In-

1211 1668 96 14 surance
1326 1660 97 22 effected
1439 1667 30 14 on
1477 1660 126 26 Buildings
1613 1659 24 21 of
1646 1665 46 21 any

1255 1693 144 27 description,
1410 1693 47 21 and
1465 1692 63 21 their
1537 1691 111 21 contents.

1178 1730 59 22 HAS
1251 1729 58 22 FOR
1323 1729 72 22 SALE
1411 1729 39 20 BY
1465 1728 127 21 PRIVATE
1605 1727 110 22 TREAT?

1206 1767 20 20 A
1235 1767 56 25 good
1310 1765 157 27 Agricultural
1476 1764 47 21 and
1531 1764 105 21 Pastoral
1651 1764 64 20 Farm

1179 1798 131 25 containing
1321 1799 40 19 522
1371 1804 63 14 acres
1444 1797 113 24 Freehold
1564 1796 18 20 &
1587 1797 42 20 240
1640 1797 75 20 Lease-

1180 1832 54 22 hold
1243 1834 26 20 at
1276 1831 65 22 View
1350 1832 51 21 Hill
1410 1831 154 22 devidedinto
1574 1831 27 20 12
1605 1830 110 27 paddocks

1180 1867 52 21 well
1240 1866 100 22 watered
1347 1865 82 22 within
1437 1865 29 27 4|
1474 1865 67 21 miles
1550 1865 60 21 from
1618 1864 97 26 Railway

1182 1899 97 24 Station,
1295 1897 141 22 substantial
1455 1898 13 19 S
1477 1897 93 20 roomed
1587 1896 76 21 House
1681 1902 34 14 sur

1182 1932 102 22 rounded
1296 1931 33 27 by
1337 1938 14 14 a
1359 1931 51 21 nice
1418 1930 139 27 plantation,
1566 1930 66 27 large
1641 1930 74 21 Stable

1182 1966 47 21 and
1236 1967 42 20 out
1288 1965 57 21 heds
1354 1965 96 21 thereon
1450 1976 27 4 —
1477 1965 63 25 price
1548 1970 57 20 very
1612 1964 50 20 low.

1211 2015 41 20 150
1269 2014 69 20 Acres
1357 2014 24 20 at
1399 2013 65 21 View
1481 2013 51 20 Hill
1550 2011 46 22 and
1612 2012 103 25 complete

1185 2046 109 21 Saw-mill
1302 2045 73 27 plant,
1381 2044 92 26 Horses,
1482 2044 108 21 Bullocks
1597 2044 42 21 etc.

1372 2078 64 22 Price
1458 2077 67 23 J6750.

1213 2114 41 20 308
1264 2113 69 23 Acres
1343 2112 117 28 adjoining
1470 2112 40 21 the
1520 2112 81 25 above.

1348 2147 64 22 Price
1430 2151 55 24 very
1503 2145 51 23 low.

1281 2225 36 22 On
1326 2225 93 22 account
1428 2224 23 23 of
1460 2225 37 22 Mr
1511 2226 123 21 Allpbess.

1213 2268 42 22 His
1264 2274 52 23 very
1324 2269 173 23 nice'residence
1507 2269 98 28 opposite
1615 2270 39 21 the
1667 2269 48 21 Par-

1185 2307 81 20 sonage
1273 2302 58 21 East
1335 2302 85 22 Oxford
1425 2303 37 21 for
1468 2303 47 21 sale
1524 2309 57 21 vary
1587 2302 77 27 cheap,
1674 2301 41 21 hali

1184 2340 52 16 acre
1245 2334 24 21 of
1277 2335 63 24 land,
1349 2335 57 25 good
1415 2336 94 25 garden.

1274 2420 36 21 On
1319 2419 98 22 account
1425 2418 25 21 of
1458 2419 38 20 Mr
1505 2418 35 21 W.
1550 2418 80 21 Munn.

1210 2461 45 22 His
1274 2461 60 27 Shop
1352 2462 47 20 and
1417 2461 128 26 Dewelling
1563 2460 78 21 House
1666 2460 49 21 with

1183 2497 49 21 half
1241 2504 50 15 acre
1301 2498 22 20 of
1331 2498 56 20 land
1397 2504 29 14 on
1444 2498 40 20 the
1495 2497 96 21 Terrace
1600 2497 67 21 West
1677 2497 38 20 Ox-

1183 2535 58 22 ford.
1269 2535 22 21 A
1301 2535 49 21 real
1357 2535 105 27 bargain.

1246 2662 37 21 On
1291 2662 98 21 account
1398 2661 25 21 of
1432 2662 38 21 Mr
1478 2662 29 21 D.
1520 2662 137 26 Thompson.

1210 2704 11 19 1
1231 2709 52 16 acre
1292 2703 24 22 of
1325 2704 66 21 Land
1399 2704 58 20 with
1475 2704 98 26 Cottage
1583 2704 96 21 thereon
1697 2704 18 19 m

1182 2740 91 22 Church
1283 2741 75 21 Street
1367 2747 50 15 now
1425 2741 26 20 m
1460 2742 135 26 occupation
1604 2741 23 20 of
1636 2741 38 20 Mr
1713 2740 2 14 •

1182 2777 106 22 Osborne.

1211 2953 45 20 For
1269 2953 139 26 particulars
1422 2953 72 27 apply
1507 2954 24 19 to

1181 3006 196 32 JOECIST
1408 3005 307 33 IISTOIR^IM

1237 3175 263 26 CALEDONIAN
1517 3174 147 27 HOUSE.

1179 3236 222 45 JAMES

1262 3293 83 27 BOOT,
1363 3292 87 28 SHOE.
1466 3294 26 26 &
1506 3292 126 28 SLIPPER

1314 3325 266 31 Manufacturer.

1283 3370 118 32 WEST
1435 3370 183 31 OXFORD.

1180 3422 49 21 Has
1239 3428 30 14 on
1277 3422 64 20 hand
1350 3427 13 14 a
1372 3422 105 26 splendid
1484 3422 134 19 assortment
1625 3421 24 20 of
1654 3421 61 20 Boots

1180 3454 45 20 and
1236 3454 69 20 Shoes
1316 3453 66 21 made
1402 3459 30 14 on
1441 3454 40 19 the
1490 3453 107 25 premises
1617 3454 25 19 at
1651 3453 64 25 prices

1180 3485 54 20 that
1243 3485 53 26 defy
1305 3485 153 25 competition.
1487 3484 62 25 Boys
1557 3484 80 20 School
1645 3484 70 25 Boots,

1180 3517 58 20 back
1248 3522 73 15 seams
1330 3516 47 20 and
1385 3515 64 21 front
1458 3515 64 20 hand
1529 3521 67 18 sewn,
1604 3515 84 20 cannot
1694 3515 21 21 be

1180 3548 127 25 surpassed.
1340 3547 70 20 Men's
1419 3547 50 20 best
1474 3546 151 26 watertights,
1636 3547 79 25 pegged

1181 3578 51 28 15/-.
1271 3578 100 27 Bespoke
1394 3577 143 26 department
1559 3577 106 25 carefully
1689 3577 26 20 at-

1180 3610 70 21 tcnde
1280 3610 31 21 to.
1340 3610 40 20 Fit
1399 3609 47 20 and
1463 3608 172 27 Workmanship
1654 3608 61 21 Guar-

1180 3642 88 20 anteed.
1297 3642 93 24 Repairs
1399 3640 79 25 neatly
1487 3640 48 21 and
1542 3640 115 27 promptly
1666 3640 49 21 done

1180 3674 26 20 at
1213 3673 133 21 reasonable
1354 3673 75 27 prices

1192 3727 91 21 Branch
1296 3725 183 22 Establishment
1486 3733 5 11 :
1507 3725 61 20 Near
1585 3725 68 20 Town
1663 3724 52 20 Hall

1370 3752 58 21 Eist
1437 3751 93 22 Oxford.

1184 4009 88 45 ZING,
1295 4007 69 41 TIN,
1389 4008 65 39 AND
1477 4007 117 41 SHEET,
1620 4008 95 39 STEEL

1389 4073 139 21 WORKER

1216 4111 89 40 Higli
1328 4110 113 38 Street,
1464 4109 81 32 East
1568 4109 127 32 Oxford.

1182 4212 41 25 All
1234 4212 73 25 kinds
1319 4212 28 25 of
1361 4214 97 29 Pumps
1469 4211 78 29 Fix#d
1559 4213 22 22 &
1597 4212 118 31 Kepaired

1297 4257 27 24 at
1336 4256 44 25 the
1392 4256 110 24 shortest
1514 4255 90 25 notice.

2447 978 117 25 GREAT
2595 980 87 25 SALE

2553 1025 31 16 OF

2300 1050 210 34 TEWELLRY,
2547 1055 179 30 WATCHES,
2760 1056 72 26 DIA-

2293 1077 23 31 t)
2459 1086 99 26 MOND
2576 1088 122 31 GOODS,

2294 1121 130 25 SILVER
2442 1123 71 24 AND
2536 1124 286 28 ELECTRO-PLATE

2292 1157 49 26 AT
2357 1159 23 25 A
2397 1159 175 28 DISCOUNT
2597 1163 44 24 OF
2657 1164 30 25 4s
2703 1164 39 26 IN
2759 1164 71 26 THE

2392 1199 127 30 POUND,
2531 1201 69 26 FOR
2612 1203 23 24 A
2651 1203 80 27 FEW

2443 1239 125 27 WEEKS
2578 1241 101 26 ONLY.

2328 1281 116 29 £10,000
2461 1282 73 27 value
2545 1285 28 24 to
2584 1284 77 27 select
2682 1286 67 26 from
2769 1288 27 24 at

2291 1338 69 45 M.
2423 1342 405 50 SAUDSTEOT

2302 1415 109 22 DIRECT
2425 1417 155 27 IMPORTER,
2607 1420 208 24 WATCHMAKER

2437 1455 59 21 AND
2511 1456 166 26 JEWELLER,

2289 1488 115 22 CASHEL
2420 1491 40 20 ST.
2480 1491 88 26 WEST,
2590 1493 234 23 OHRISTCHDRCH

2431 1589 166 26 Established
2610 1592 74 25 1862.

2311 1661 32 20 M.
2355 1662 163 24 SANDSTEIN
2527 1665 41 21 has
2583 1667 117 25 appointed
2708 1667 45 22 Mb.
2762 1667 26 22 R.
2797 1669 30 21 H.

2286 1694 79 22 Pabish
2381 1701 25 15 as
2421 1696 37 22 his
2473 1697 80 22 Oxford
2567 1698 105 27 AGENT,
2686 1700 48 22 who
2750 1702 44 21 will
2802 1703 26 21 at

2286 1732 40 19 any
2336 1728 52 21 time
2397 1735 96 19 procure,
2507 1735 29 14 on
2551 1731 149 27 approbation,
2719 1733 109 25 Watches,

2286 1759 80 26 Clocks,
2376 1761 45 21 and
2429 1762 118 26 Jewellery,
2565 1769 25 15 or
2605 1763 35 22 his
2653 1764 81 22 Oxford
2750 1766 76 21 clients

2286 1794 20 19 to
2316 1794 66 21 select
2395 1794 65 27 from,
2470 1796 24 21 at
2504 1796 37 22 the
2559 1803 60 16 same
2628 1799 58 26 price
2701 1806 26 14 as
2733 1799 93 27 charged

2286 1825 19 21 at
2315 1825 38 21 the
2362 1825 155 23 Christchnrch
2526 1828 180 23 Establishment.

2327 1878 59 41 M,
2432 1880 337 42 SANDSTEIN

2432 1938 111 21 CASHEL
2557 1938 119 27 STREET,

2373 1979 361 31 CHRISTCHURCH.

2303 2071 266 46 WALTER
2628 2076 179 46 EYDE.

2392 2166 116 21 TIMBER
2533 2168 178 24 MERCHANT.

2366 2233 120 33 WEST
2558 2235 183 42 OXFOBD.

2286 2323 224 60 ROBERT
2592 2326 230 72 FISHER,

2319 2399 178 30 GENERAL
2523 2401 267 29 STOREKEEPER

2286 2448 94 45 Teas,
2421 2446 134 47 Coffees,
2593 2448 131 45 Cocoas,
2755 2449 72 37 and

2388 2495 144 39 General
2555 2495 185 40 Groceries-
2766 2520 4 6 •

2335 2546 148 32 WEST
2547 2546 225 32 OXFORD.

2289 2660 26 46 6
2343 2658 482 76 MANNIN&ijiOMPANY

2486 2745 139 23 LIMITED.

2317 2804 271 26 CHRISTCHURCH
2607 2804 185 26 BREWERY.

2519 2864 62 21 THE

2436 2904 229 33 ALES

2421 2946 130 21 BREWED
2561 2946 41 21 BY
2615 2946 73 21 THIS

2378 2986 369 34 COIMGPAJSTY

2479 3038 83 21 FROM
2571 3039 63 20 THE

2404 3132 46 21 Are
2459 3132 175 26 acknowledged
2642 3133 26 20 to
2676 3132 29 21 be

2287 3171 148 21 SUPERIOR
2445 3172 35 20 IN
2491 3171 137 23 QUALITY
2638 3171 38 21 TO
2683 3171 66 20 ANY
2754 3170 73 21 PRO-

2355 3212 101 21 DUCED
2470 3212 36 21 IN
2520 3212 74 22 NEW
2607 3212 151 21 ZEALAND.

2315 3250 110 27 Supplied
2429 3250 25 21 to
2458 3250 82 21 Hotels
2545 3250 48 21 and
2599 3250 93 20 Private
2698 3250 129 20 Customers

2287 3278 25 20 m
2320 3278 144 26 Hogsheads,
2475 3278 99 25 Barrels,
2585 3276 141 25 Kilderkins,
2734 3276 46 21 and
2790 3277 36 19 10-

2287 3305 89 27 --gallons
2386 3304 63 28 Kegs
2459 3304 60 27 only.

2287 3357 119 42 PALE
2430 3357 91 41 ALE
2544 3357 95 41 AND
2668 3356 159 40 EXTRA

2482 3408 133 42 STOUT

2371 3460 94 21 Bottled
2487 3460 26 20 m
2521 3461 85 24 Quarts
2616 3460 48 20 and
2672 3459 71 21 Pints.

2319 3581 263 76 SMITH
2610 3579 58 78 &
2695 3579 107 93 Co.,

2295 3697 71 25 THE
2376 3696 159 25 LEADING
2543 3696 120 25 FRAME
2672 3695 144 25 MAKERS

2286 3744 121 21 CORNER.
2426 3743 143 22 COLOMBO
2590 3743 17 19 &
2627 3742 201 21 GLOUCESTER

2340 3782 140 20 STREETS.
2527 3781 246 20 CHRISTCHURCH.

2367 3818 55 24 The
2429 3817 118 30 cheapest
2554 3817 63 30 shop
2624 3817 28 25 m
2660 3816 86 24 Town.

2317 3861 137 30 Importers
2466 3859 28 25 of
2503 3859 153 31 Mouldings,
2676 3859 84 29 Glass,
2771 3859 54 24 En-

2381 3899 117 33 gravings
2521 3899 51 24 and
2601 3898 124 25 Pictures.

2286 4014 53 43 P.
2354 4013 51 44 C.
2421 4010 405 49 JOHANNSEH

2388 4084 339 33 BASKETMAKEK.

2286 4156 87 26 Chairs
2395 4156 117 28 Baskets,
2539 4155 53 25 and
2612 4156 215 33 Perambulators,

2414 4204 76 24 Made
2514 4204 53 26 and.
2576 4204 133 33 Repaired.

2316 4254 120 30 QUEEN
2451 4253 145 34 STREET,
2615 4255 67 29 Easij
2694 4257 99 27 Oxford.

2886 989 52 38 G.
2966 989 49 38 E.
3045 990 349 44 WEYLANDT,

2999 1051 112 29 FAMILY
3127 1053 150 28 BUTCHER.

2891 1097 176 41 JEAST
3097 1100 268 40 OXFORD,

2943 1159 121 28 Families
3075 1162 89 25 waited
3173 1172 65 24 upon
3249 1163 80 33 dally.

2968 1277 283 36 ASTOUNDING
3263 1285 7 29 !

3030 1334 86 28 THIS
3140 1335 49 26 BE
3220 1337 113 27 TRUE?

2939 1419 74 25 YEfcl,
3027 1420 22 21 A
3061 1420 232 26 DBgEEJE-D'EiCtT.

2840 1494 100 31 NEW
2948 1495 151 32 YE.AES
3114 1496 276 36 CO?NGBSSION.

2865 1573 54 78 C.
2962 1575 61 76 H.
3068 1575 293 84 KUBDIfi

2928 1785 365 35 PEOTOGRAS^BS.

2839 1866 42 20 BY
2917 1867 127 20 SPECIAL
3081 1867 229 23 APPOIHSRS^KgT
3345 1871 41 22 TX>

2971 1898 81 21 EARL
3056 1898 40 21 OF
3105 1898 151 23 ONSL-CCWT-

2842 1962 102 29 \\JHJL,
2959 1962 92 25 Daring
3066 1962 41 21 the
3131 1962 141 22 Moni2iho£<f
3276 1964 107 25 JdniiaFT

2849 1989 11 20 T
2865 1990 10 19 T
2913 1987 62 28 only,
2985 1989 55 20 1894
3048 1989 66 20 Issue
3122 1989 27 20 to
3157 1990 42 20 the
3205 1989 103 23 SBtaibr-

2984 2022 87 30 ONE
3092 2023 158 30 DOZENS

2839 2067 30 21 Of
2877 2069 37 21 his
2928 2069 191 27 Widely-known,
3135 2069 250 28 SuperioeJ^ififiisbetr.

3034 2101 48 20 and
3098 2101 91 26 Highly

2839 2132 191 22 ENAMELLED
3086 2135 136 21 CABINET
3267 2136 117 21 PHOTQi-

2840 2165 122 20 GRAPHS
2975 2166 41 20 AT
3025 2166 62 19 THE
3096 2166 287 24 NOMINA3LGSMJG.B:

3094 2203 30 16 OP

3077 2236 65 30 15s.

2839 2316 173 22 DUPLICATE
3027 2318 119 21 ORDERS
3161 2319 40 20 AT
3218 2318 163 21 T]^ESAMB

3068 2351 86 21 RATE.

2865 2416 49 22 The
2922 2415 82 23 Public
3013 2423 40 15 are
3067 2416 95 22 advised
3178 2417 25 21 to
3222 2417 71 20 a^axD'
3302 2417 74 21 th'ent-

2839 2448 71 21 selves
2929 2448 24 21 of
2970 2448 48 21 this
3036 2449 147 25 opportunity
3202 2448 25 21 of
3256 2449 120 27 obtaining

2839 2481 122 26 high-class
2970 2482 62 19 work
3041 2482 26 20 at
3075 2481 56 21 such
3138 2488 15 14 a
3161 2481 217 28 rnoderstetGharg?.

2839 2556 172 20 REMEMBER
3021 2556 61 21 FOR,
3090 2556 63 21 ONE
3162 2557 216 22 MONTSiOIfItT.

2863 2614 49 21 The
2919 2615 52 20 vast
2980 2615 132 26 experience
3128 2615 109 21 obtained
3248 2616 38 26 ~bfc
3292 2615 52 22 QiJSE
3345 2616 32 21 JI

2839 2649 23 20 m
2869 2649 42 22 the
2919 2650 157 21 innumerable
3084 2650 113 21 branches
3211 2650 24 21 of
3244 2651 132 26 fcketplioto-

2839 2683 139 27 graphic'art
2988 2684 84 26 during
3084 2683 40 24 his.
3129 2684 85 20 Indian
3223 2684 153 20 aadiAustra-

2839 2718 37 19 ian
2894 2717 93 24 travels,
3001 2717 46 21 and
3065 2718 40 21 the
3126 2718 125 26 thoroughn
3260 2718 115 26 apprecia-

2839 2751 48 21 tion
2896 2750 30 28 by
2933 2751 41 21 the
2983 2751 94 27 general
3093 2751 78 27 public
3183 2751 25 21 of
3223 2751 123 25 tte-samfi,
3354 2752 22 20 is

2839 2785 110 21 sufficient
2964 2786 124 25 guarantee
3097 2786 54 21 that
3169 2786 32 20 all
3298 2786 78 21 issued

2839 2818 59 20 from
2904 2818 36 21 his
2950 2818 87 21 Atelier
3042 2819 46 19 will
3093 2819 29 20 be
3131 2818 24 21 of
3161 2819 41 20 the
3208 2818 96 27 higitesb
3309 2819 66 21 oxder

2933 2878 38 37 C
2994 2878 49 42 ft,
3056 2877 244 43 WAMtIWE,

2866 2934 81 21 WILL
2957 2934 42 21 DO
3009 2935 52 21 HIS
3072 2935 72 21 OWN
3154 2935 196 22 OPBBATKKKS.

2840 2998 80 21 Studio
2920 3009 29 4 —
2949 3000 41 19 150
2997 2999 106 20 Colombo
3112 3000 78 22 street,
3210 2998 169 23 GhrifriKiHirch.

3002 3030 157 27 Telephone—
3159 3031 42 19 Na
3207 3031 57 21 $&2>.

2881 3128 48 32 R.
2975 3128 55 32 H.
3076 3127 258 36 PABISH,

2965 3187 104 31 Easfe
3093 3184 163 34 Oxforud

2839 3246 47 18 one
2899 3238 27 26 of
2936 3238 42 25 the
2989 3238 93 31 largest
3094 3238 150 28 purcftaseus;
3256 3238 28 24 ia
3295 3236 85 25 North

3016 3275 157 33 Canterbury,
3185 3276 30 25 oi

2839 3317 186 29 EDWABDS,
3049 3316 197 26 BENffIZHm
3255 3316 19 29 i
3296 3316 82 25 CO.'S

3039 3358 74 26 Slock
3129 3358 32 24 of;

2922 3482 31 24 be
2976 3482 54 24 sold
3053 3481 82 26 beJom
3154 3482 133 24 ■vdkeJasale
3313 3482 62 23 cost.

2870 3565 211 40 BTORELL
3098 3564 241 41 BROTHERS-

2916 3615 376 33 PHOTO©iBMfcEHEKS

2839 3668 66 21 Have
2908 3668 106 21 removed
3017 3668 89 22 ts>more
3110 3667 153 23 Qoaaaaodioxts
3267 3666 113 26 premfe*s

2950 3699 168 28 VIC3!OR3iA\
3133 3699 137 27 STREET

2840 3752 118 32 Opposite
2980 3751 132 28 SaJ&ajkibß
3138 3751 80 32 Aimy
3250 3750 130 26 Barracks.

2872 3785 58 24 And
2941 3793 49 17 are&
2996 3784 82 31 dtiingr
3089 3784 154 26 EffiamellecT.
3263 3784 117 25 Cabinets

2839 3824 38 25 for
2888 3824 43 33 8/6
2940 3832 51 24 p«&
2995 3823 93 27 dozens..
3108 3824 80 25 Great
3198 3823 185 34 Photograpliio

2841 3861 130 32 Surpris«r-
3013 3862 57 24 Ona
3095 3862 27 23 oi
3144 3863 46 24 the
3211 3863 94 29 largest
3326 3868 57 17 ever

2839 3901 156 28 introduced.
3039 3901 80 26 IFftaa
3143 3903 61 24 Dec.
3227 3901 69 25 llfch.
3317 3901 66 25 until

2839 3941 43 24 the
2894 3941 62 28 Kew
2967 3941 77 26 Year.
3078 3941 58 27 Onfi
3147 3943 89 24 Dozen
3252 3941 67 31 large
3331 3941 51 24 size

2839 3981 149 25 Enamelled
3004 3981 98 27 Photoa
3112 3989 42 18 tor
3168 3982 52 32 15/-
3235 3982 72 24 usual
3317 3981 66 31 price

2842 4020 38 26 £l
2893 4023 54 22 10s.
2983 4020 96 26 Secure
3091 4031 19 16 b.
3128 4022 96 31 deposit
3246 4021 77 24 ticket
3344 4023 41 22 for

2842 4059 42 32 3/6
2896 4066 58 17 now
2966 4059 86 30 ready.
3089 4060 106 25 Thisia
3213 4059 41 24 tlie
3276 4060 109 29 greatest

2841 4098 100 25 wonder
2952 4097 27 26 of
2995 4097 47 28 the
3065 4108 54 24 age.
3154 4099 78 27 Don't
3249 4098 63 26 miss
3332 4098 51 26 this

2842 4139 101 25 chance.

2874 4176 167 27 BUBBELL
3057 4177 189 30 BROTHERS

3122 4217 200 37 Photographeri

2963 4265 112 29 Victoria
3090 4268 90 32 Street,
3199 4267 191 32 Cltristchuroli.
