3530 4580
2376 2299 83 19 The
2487 2299 165 19 Oxford
2680 2299 249 19 Obserber.

2376 2318 293 67 PUBLISHED
2701 2318 228 67 WEEKLY.

2394 2385 164 21 SATURDAY
2576 2385 168 21 DECEMBER
2764 2388 11 18 1
2787 2392 32 19 st,
2836 2388 63 18 1894.

2376 2501 180 26 EXTRACTS
2585 2502 97 24 FROM
2713 2503 82 24 HON.
2820 2504 26 24 J.
2866 2504 49 23 Me'

2408 2539 163 24 KENZIE'S
2585 2539 139 25 SPEECH
2743 2540 45 24 ON
2809 2540 72 24 THE

2506 2577 129 25 PUBLIC
2657 2577 125 26 WORKS

2574 2614 150 19 DEBATE.

2408 2691 26 24 It
2453 2690 23 26 is
2492 2692 56 24 true
2560 2692 67 24 there
2639 2699 42 17 are
2693 2700 15 16 a
2726 2692 47 25 few
2792 2692 85 31 people
2888 2692 28 24 m

2375 2730 41 24 the
2429 2730 103 31 country
2532 2745 33 2 —
2565 2738 59 23 very
2634 2730 56 30 few,
2714 2730 14 24 I
2757 2739 58 23 may
2838 2739 43 24 say
2882 2746 34 3 —

2375 2767 54 25 who
2441 2775 31 23 go
2485 2768 76 25 about
2573 2768 87 32 crying
2671 2768 70 25 down
2754 2769 44 24 the
2817 2770 88 30 colony
2908 2784 10 14 ,i

2375 2807 50 24 and
2435 2807 86 32 crying
2532 2807 71 26 down
2615 2808 42 24 the
2679 2810 101 30 present
2803 2808 111 25 Govern-

2375 2848 78 29 ment,
2467 2847 51 25 and
2529 2848 88 32 saying
2627 2848 21 25 it
2659 2848 22 25 is
2693 2848 144 33 destroying
2856 2857 61 17 con-,

2375 2886 96 25 fidence
2482 2887 28 24 m
2522 2887 50 26 the.
2578 2888 105 32 country
2693 2896 6 22 ;
2711 2887 45 26 but
2766 2889 16 24 I
2798 2889 74 25 think
2893 2890 21 26 it

2376 2927 51 24 will
2439 2927 56 24 take
2507 2935 15 16 a
2533 2930 71 28 great
2632 2928 56 24 deal
2709 2936 68 17 more
2798 2931 26 23 to
2846 2930 68 24 show

2375 2967 55 24 that
2442 2966 56 25 that
2505 2967 22 24 is
2539 2968 102 24 correct.
2770 2968 22 25 is
2804 2968 109 32 destroy-

2374 3006 44 33 ing
2429 3006 143 25 confidence
2584 3008 27 24 m
2622 3008 43 24 the
2695 3010 104 31 country
2826 3009 22 25 is
2871 3009 43 25 the

2374 3045 117 24 financial
2498 3046 165 30 institutions,
2676 3047 51 24 and
2743 3047 44 25 the
2809 3041 109 32 manner'

2374 3085 28 23 m
2413 3085 82 24 which
2508 3085 59 31 they
2595 3085 65 25 have
2688 3087 136 25 conducted
2852 3088 66 25 their'

2374 3122 116 25 business
2501 3123 37 24 for
2561 3131 71 23 years
2660 3127 65 27 past.
2760 3125 14 23 I
2803 3125 64 24 refer
2888 3127 26 22 to

2375 3162 62 25 such
2448 3162 154 25 institutions
2612 3172 26 16 as
2649 3163 44 25 the
2704 3164 59 25 firm
2780 3165 27 24 of
2817 3165 97 31 Harper

2375 3202 49 25 and
2438 3201 52 31 Co.,
2504 3202 182 32 Christchurch,
2700 3204 51 25 and
2777 3205 43 25 the
2842 3205 76 26 Loan

2375 3243 50 23 and
2436 3243 144 25 Mercantile
2592 3243 101 33 Agency
2714 3245 137 32 Company,
2864 3246 51 25 and

2374 3282 41 22 the
2427 3280 146 26 Australian
2595 3282 95 25 Banks.
2726 3283 81 25 These
2819 3292 41 17 are
2871 3285 43 24 the

2373 3318 157 26 institutions
2548 3320 55 24 that
2611 3328 42 16 are
2669 3320 143 33 destroying
2838 3322 75 24 confi-

2375 3356 77 25 dence
2464 3357 27 24 m
2502 3356 45 26 the
2559 3361 112 30 country.
2707 3358 27 24 If
2742 3367 49 24 you
2810 3367 32 24 go
2865 3360 50 24 and

2375 3398 42 29 get
2427 3396 163 25 information
2601 3396 66 26 from
2690 3398 90 28 Home,
2800 3399 22 23 is
2831 3399 21 23 it
2870 3399 43 24 the

2375 3435 90 31 colony
2496 3435 96 32 spoken
2619 3435 118 33 against?
2771 3436 71 26 Have
2869 3445 46 17 our
2913 3429 3 13 1

2375 3472 76 23 bonds
2462 3480 65 22 gone
2535 3473 73 24 down
2619 3473 26 24 m
2657 3474 42 23 the
2711 3474 205 25 Home-market?

2375 3511 51 24 Not
2438 3512 26 23 at
2476 3511 43 24 all.
2555 3511 52 24 Our
2618 3511 80 26 bonds
2707 3520 39 17 are
2754 3513 91 31 higher
2853 3514 61 24 than

2375 3551 59 32 they
2446 3558 57 19 ever
2511 3558 63 18 were
2591 3551 81 26 before
2682 3560 6 22 ;
2701 3552 46 25 but
2768 3553 82 25 where
2873 3561 41 17 are

2375 3591 42 25 the
2429 3591 85 26 shares
2521 3593 28 24 m
2567 3593 69 25 these
2654 3593 120 25 financial
2794 3594 120 25 instituti-.

2375 3638 46 17 ons
2435 3631 81 25 which
2533 3633 14 23 I
2558 3633 62 24 have
2643 3633 107 25 referred
2758 3635 26 24 to
2792 3636 13 23 ?
2839 3633 76 27 What

2374 3670 51 25 had
2437 3671 52 24 this
2502 3672 170 25 Government
2688 3675 25 23 to
2739 3675 31 24 do
2786 3675 62 25 with
2871 3675 43 25 the

2373 3708 70 26 Loan
2457 3709 48 25 and
2517 3710 147 26 Mercantile
2676 3711 103 33 Agency
2786 3712 130 34 Company

2374 3749 100 32 coming
2502 3749 94 26 down?
2630 3751 25 25 It
2672 3759 51 18 was
2751 3753 109 33 walking
2882 3762 33 16 on

2373 3788 41 24 the
2426 3788 72 25 brink
2507 3790 31 29 of,
2544 3798 15 16 a
2570 3791 108 31 preipice
2700 3791 82 26 before
2799 3800 37 18 we
2856 3793 59 25 took

2373 3828 76 25 office.
2485 3828 66 27 How
2563 3830 74 25 could
2648 3838 37 18 we
2713 3831 97 33 destroy
2838 3833 76 26 confi-

2373 3866 77 25 dence
2461 3867 28 24 m
2515 3867 57 25 that
2582 3868 54 25 firm
2645 3869 12 24 ?
2692 3869 66 27 How
2785 3871 72 25 could
2879 3880 36 17 we

2373 3914 26 23 pi
2403 3908 73 24 event
2488 3908 62 24 such
2576 3916 15 17 a
2601 3908 73 33 thing
2700 3917 28 18 as
2750 3910 44 26 the
2805 3911 59 25 firm
2890 3913 25 24 of

2373 3946 98 32 Harper
2489 3948 50 24 and
2551 3948 43 24 Co.
2607 3949 100 33 coming
2724 3951 25 24 to
2761 3951 71 31 grief,
2862 3959 52 18 see-

2372 3986 45 31 ing
2439 3986 55 25 that
2506 3988 44 24 the
2562 3987 77 27 losses
2651 3989 28 25 of
2699 3990 57 26 that
2780 3990 58 26 firm
2851 4000 63 17 were

2373 4023 73 25 made
2455 4023 61 32 long
2535 4024 84 26 before
2629 4034 38 17 we
2676 4035 71 17 came
2758 4028 54 26 into
2824 4029 71 25 office
2902 4030 14 24 ?

2372 4060 15 24 I
2398 4061 82 30 might
2504 4070 31 22 go
2546 4063 53 24 into
2625 4064 44 24 the
2692 4066 115 30 question
2819 4066 27 25 of
2871 4068 43 24 the

2373 4097 144 26 Australian
2529 4099 88 30 banks,
2627 4101 50 24 and
2694 4104 69 25 show
2784 4103 58 26 how
2853 4105 60 31 they

2373 4143 71 17 came
2455 4136 73 25 down
2538 4138 50 24 last
2599 4145 66 24 year.
2701 4139 78 26 What
2795 4150 52 17 was
2869 4143 44 26 the

2372 4174 79 24 result
2462 4174 28 24 of
2499 4176 54 23 that
2562 4176 12 22 ?
2609 4176 41 25 All
2667 4177 65 25 their
2751 4180 125 26 branches
2887 4182 26 24 m

2373 4211 49 25 this
2445 4211 90 33 colony
2556 4214 47 29 put
2620 4214 44 24 the
2693 4222 76 19 screw
2862 4219 51 25 and

2373 4251 160 25 commenced
2545 4254 27 23 to
2582 4252 54 32 pull
2647 4253 36 25 m.
2718 4255 48 26 We
2782 4256 64 28 have
2857 4259 57 29 that

2372 4291 27 24 m
2408 4291 117 26 evidence
2535 4292 84 26 before
2627 4301 16 17 a
2655 4293 153 29 Committee
2824 4298 28 26 of
2860 4299 53 27 this

2373 4331 87 26 House
2460 4346 33 4 —
2493 4332 56 25 that
2560 4333 121 25 advances
2699 4342 60 17 were
2767 4355 6 2 -
2786 4337 81 26 called
2886 4339 27 26 m

2373 4369 27 24 m
2411 4369 27 25 m
2450 4369 69 26 order
2531 4371 26 24 to
2569 4371 59 25 send
2636 4377 92 27 money
2756 4381 58 18 over
2833 4376 27 26 to
2871 4377 43 26 the'

2373 4409 72 26 other
2456 4409 53 27 side
2519 4411 26 24 to
2554 4414 104 28 support
2665 4413 83 25 rotten
2756 4413 157 31 institutions

2373 4455 58 19 over
2441 4449 80 25 there.
2549 4450 74 27 .That
2631 4451 23 23 is
2664 4451 67 26 what
2741 4453 48 25 has
2801 4454 100 32 destroy
2902 4461 11 21 -i

2373 4486 30 26 ed
2411 4485 150 30 confidence,
2573 4485 49 26 and
2633 4485 57 28 that
2699 4487 24 27 is
2733 4489 70 28 what
2813 4491 47 27 has
2872 4501 39 18 re-

2938 181 78 24 duced
3029 183 40 23 the
3081 189 186 24 wages-money
3289 181 60 24 used
3378 182 25 23 m
3424 180 50 25 this

2939 222 102 28 country
3052 228 6 21 ;
3071 220 49 24 and
3131 219 21 24 if
3162 220 41 24 the
3232 219 171 25 Government
3425 218 50 25 had

2939 259 45 22 cot
2993 265 69 16 come
3074 259 24 22 to
3111 258 42 24 the
3172 266 91 19 rescue,
3277 257 48 25 and
3337 258 103 24 assisted
3450 259 26 22 to

2940 294 51 24 find
3004 295 67 25 work
3088 295 38 25 for
3138 296 41 24 the
3191 296 94 31 people,
3305 296 68 24 what
3396 296 79 24 would

2940 333 60 23 have
3013 332 63 26 been
3095 334 44 24 the
3161 342 182 23 consequences
3351 337 12 22 ?
3398 336 78 24 There

2940 372 81 24 would
3046 373 64 24 have
3131 374 62 24 been
3221 376 69 29 great
3309 376 92 24 trouble
3427 376 49 24 and

2939 411 111 24 distress.
3085 412 13 23 I
3111 413 57 24 dare
3180 421 43 24 say
3243 414 55 24 that
3320 416 82 30 might
3414 416 62 24 have

2940 450 81 25 suited
3033 459 67 17 some
3111 452 95 31 people,
3218 453 101 25 because
3328 455 57 32 they
3394 454 83 26 would

2940 489 61 24 then
3013 489 64 25 have
3095 492 42 30 got
3154 490 44 25 the
3226 492 208 33 working-people
3452 498 25 21 to

2940 530 67 23 work
3019 529 38 26 for
3069 532 135 23 starvation
3221 539 89 26 wage?.

2973 568 37 23 An
3040 568 69 25 Hon.
3131 569 120 26 Member.
3255 585 31 4 —
3289 572 53 25 Oh!

2974 605 48 25 Mr.
3041 607 26 24 J.
3086 607 217 27 McKENZIE.—
3304 610 51 25 Yes
3365 619 5 21 ;
3395 612 13 24 I
3429 619 47 18 can

2942 645 67 30 point
3020 647 26 23 to
3058 655 13 15 a
3083 654 56 17 case
3152 648 80 25 where
3243 649 44 25 the
3304 651 125 29 president
3452 652 27 25 of

2941 692 32 16 an
2982 685 142 26 institution
3137 687 27 24 m
3186 688 107 25 London
3312 691 80 24 stated
3421 692 55 23 that

2941 726 30 23 he
2980 725 72 26 could
3064 728 45 23 not
3121 727 60 26 hold
3192 730 44 23 out
3245 737 50 25 any
3304 729 78 33 hopes
3399 732 26 24 to
3437 732 40 24 his

2941 771 119 24 company
3074 765 56 24 that
3142 766 43 24 the
3197 774 121 24 company
3330 770 72 23 could
3429 777 48 24 pay

2942 809 68 15 more
3019 801 62 24 than
3095 804 30 22 15
3135 810 42 23 pnr
3187 806 65 22 cent,
3266 805 65 24 until
3342 805 43 25 the
3397 814 80 24 wages

2942 846 69 17 came
3025 839 72 25 down
3120 840 27 24 m
3175 841 63 25 New
3254 842 118 26 Zealand.
3408 845 70 32 They

2942 885 62 17 were
3021 879 46 24 not
3079 878 111 26 satisfied
3212 880 57 25 with
3290 882 31 24 15
3333 891 44 23 per
3399 886 75 27 cent.,

2942 915 43 25 but
2997 916 41 25 the
3050 925 78 23 wages
3139 921 69 21 must
3217 927 68 17 come
3294 920 72 25 down
3377 922 28 23 m
3414 922 62 24 New

2942 956 115 29 Zealand,
3087 965 27 16 so
3140 958 56 24 that
3236 960 144 32 something
3406 970 70 16 more

2941 993 71 25 could
3023 993 30 26 be
3065 993 109 33 dragged
3185 997 44 24 out
3241 997 27 24 of
3278 997 49 26 this
3351 999 87 32 colony
3451 1002 25 22 to

2940 1039 49 23 pay
3001 1032 150 30 speculators
3175 1033 27 24 m
3231 1034 42 25 the
3297 1035 47 24 Old
3367 1037 110 31 Country

2942 1070 55 26 who
3008 1072 61 24 send
3089 1072 66 24 their
3182 1081 91 25 money
3295 1077 43 23 out
3360 1078 67 23 here.
3462 1077 14 24 I

2942 1118 47 17 can
2999 1112 72 31 point
3081 1112 21 24 it
3114 1114 44 23 out
3170 1112 26 25 m
3214 1113 70 25 black
3296 1115 50 24 and
3363 1117 92 31 white,,
3458 1117 21 24 if

2942 1152 43 24 the
2996 1152 153 25 honourable
3161 1154 142 30 gentleman
3324 1156 86 25 thinks
3422 1158 55 24 that

2941 1192 65 23 lam
3019 1192 90 32 saying
3120 1193 67 25 what
3199 1194 22 24 is
3238 1197 45 22 not
3311 1199 99 22 correct.

2975 1232 47 24 Mr.
3040 1232 232 26 BUCHANAN.—
3274 1236 24 23 It
3322 1237 80 24 would
3433 1239 45 23 not

2941 1269 30 23 be
2982 1270 47 22 fair
3041 1272 24 21 to
3078 1279 86 16 accuse
3182 1272 43 24 the
3249 1273 96 25 settlers
3374 1276 27 23 of
3427 1276 51 23 this

2942 1306 86 30 colony
3040 1307 103 24 because
3154 1316 16 15 a
3181 1310 80 30 single
3272 1330 7 4 ,
3285 1311 137 25 individual
3451 1313 28 23 m

2942 1345 103 24 London
3057 1346 113 32 happens
3182 1349 25 23 to
3220 1357 44 24 say
3282 1350 63 24 that.

2975 1384 41 24 Mr
3033 1385 24 24 J.
3076 1385 43 25 Me
3142 1386 176 26 KENZIE.—
3340 1388 14 24 I
3377 1389 31 25 do
3437 1392 43 22 not

2941 1425 69 22 want
3022 1425 26 22 to
3060 1424 78 30 allege
3151 1426 121 30 anything
3283 1428 61 23 with
3356 1429 88 29 regard
3454 1430 32 23 to.

2944 1463 41 24 the
2998 1463 99 25 settlers
3110 1463 26 25 of
3151 1465 51 24 this
3231 1468 102 30 country
3333 1482 33 3 —
3366 1468 14 23 I
3408 1475 74 18 mean

2943 1503 61 23 such
3017 1504 99 23 settlers
3126 1512 29 16 as
3173 1505 43 24 the
3225 1505 154 26 honourable
3389 1508 91 30 gentle-

2942 1549 59 15 man
3013 1541 109 25 himself.
3157 1543 58 24 Ido
3232 1546 44 22 not
3305 1545 122 32 complain
3457 1546 26 24 of

2942 1579 79 24 them.
3041 1580 56 24 The
3117 1581 143 30 gentlemen
3289 1583 54 24 who
3371 1585 109 30 improve

2942 1619 64 24 their
3018 1622 100 28 estates,
3132 1622 57 24 who
3202 1623 77 30 spend
3308 1624 66 25 their
3391 1632 90 25 money

2942 1657 26 25 m
2982 1658 42 24 the
3036 1662 104 29 country
3152 1660 51 25 and
3226 1662 96 32 employ
3348 1663 110 31 people—
3458 1664 23 25 -I

2944 1696 60 24 have
3016 1705 33 15 no
3061 1698 64 24 fault
3137 1700 26 22 to
3175 1699 52 24 find
3240 1701 61 23 with
3314 1701 68 25 them
3391 1710 7 21 ;
3412 1702 44 25 but
3467 1703 14 24 I

2944 1736 61 24 have
3027 1737 65 24 fault
3105 1740 25 21 to
3142 1738 54 24 find
3218 1740 61 24 with
3307 1741 72 25 those
3412 1742 69 31 large

2942 1776 141 30 companies
3112 1777 82 25 which
3224 1780 60 23 send
3313 1783 44 22 out
3391 1790 90 23 money

2943 1813 65 29 here,
3022 1814 49 23 and
3091 1814 84 25 which
3203 1820 41 27 get
3272 1819 94 23 certain
3394 1821 86 30 people

2942 1852 59 24 here
3013 1853 78 24 under
3102 1854 67 24 their
3180 1855 98 31 thumb,
3291 1865 28 16 so
3337 1858 55 24 that
3410 1859 71 25 those

2943 1898 101 24 persons
3056 1891 100 27 become
3184 1894 107 33 nothing
3319 1903 69 18 more
3418 1897 63 25 than

2942 1937 133 25 managers
3087 1931 28 24 of
3124 1931 65 25 their
3201 1934 106 25 stations
3317 1943 5 16 :
3336 1934 72 26 when
3422 1936 59 31 they

2944 1969 29 24 do
2986 1969 55 25 that
3051 1971 21 23 if;
3082 1972 23 23 is
3118 1971 58 32 they
3187 1973 56 24 who
3255 1974 31 24 do
3298 1974 43 24 the
3363 1976 118 32 grinding

2943 2007 112 25 business
3072 2009 27 23 m
3128 2009 61 25 New
3218 2012 117 24 Zealand.
3371 2014 14 23 I
3397 2014 82 28 think,

2944 2047 69 25 when
3026 2056 36 16 we
3074 2056 40 17 are
3126 2051 105 24 accused
3243 2051 26 24 of
3278 2052 95 33 having
3384 2061 14 16 a
3411 2054 67 32 large

2943 2088 107 24 number
3061 2088 27 25 of
3098 2091 165 31 unemployed
3273 2093 27 22 m
3314 2093 50 24 this
3376 2097 104 29 country

2944 2134 36 17 we
2992 2128 76 30 ought
3080 2131 25 22 to
3116 2130 58 24 look
3187 2132 26 22 at
3226 2131 42 24 the
3280 2134 55 29 past
3347 2141 28 16 as
3385 2134 54 25 well
3452 2143 27 16 as

2944 2165 41 25 the
2997 2169 107 28 present.
3138 2168 14 24 I
3163 2169 137 25 remember
3312 2178 15 17 a
3337 2171 59 25 time
3410 2173 71 25 when

2945 2214 33 16 we
2989 2206 51 24 had
3051 2208 68 30 large
3138 2216 69 18 sums
3235 2210 28 24 of
3288 2219 90 25 money
3406 2213 74 28 being

2945 2249 105 26 spent—
3050 2247 69 23 three
3149 2248 71 24 times
3249 2249 50 25 the.
3321 2254 104 21 amount
3455 2253 28 23 of

2944 2292 95 25 money,
3046 2285 83 25 which
3144 2286 22 26 is
3197 2288 72 33 being
3291 2292 72 30 spent
3391 2300 90 16 now—

2945 2324 48 23 and
3006 2324 53 24 still
3070 2332 35 17 we
3117 2324 49 30 had
3178 2328 165 32 unemployed
3366 2333 115 29 a-uongst

2945 2369 37 21 us,
3001 2362 49 24 and
3062 2363 51 24 this
3124 2363 93 26 House'
3222 2366 49 24 had
3288 2368 26 24 to
3336 2368 53 24 find
3412 2370 69 30 large

2945 2406 70 17 sums
3026 2399 27 25 of
3062 2408 87 24 money
3160 2409 59 23 year
3231 2404 63 23 after
3321 2413 58 22 year
3390 2406 37 24 for
3438 2407 44 24 the

2944 2438 172 32 unemployed.
3152 2439 14 24 I
3178 2442 105 24 venture
3295 2444 26 23 to
3351 2451 43 24 say
3424 2444 56 25 that

2945 2484 35 17 we
2991 2476 64 26 have
3066 2477 52 26 had
3130 2479 72 25 fewer
3214 2483 164 30 unemployed
3390 2484 91 33 during

2944 2516 43 24 the
2999 2517 49 25 last
3060 2519 87 23 winter
3159 2519 62 24 than
3233 2528 38 17 we
3282 2522 63 24 have
3368 2524 51 24 had
3448 2533 32 16 on

2944 2564 77 24 many
3033 2558 126 25 occasions
3171 2559 74 24 when
3257 2561 70 25 there
3347 2570 63 17 were
3421 2573 60 23 very

2943 2596 67 33 large
3033 2606 70 17 sums
3131 2599 28 25 of
3184 2601 82 31 public
3295 2611 87 23 money
3407 2604 74 33 being

2944 2639 71 28 spent
3027 2639 30 30 by
3069 2639 43 24 the
3123 2639 170 26 Government
3302 2651 32 16 on
3344 2645 134 24 contracts.

2947 2798 268 29 CHERISTCHUECH
3252 2803 82 26 ACID
3368 2806 109 24 DEOPS

3062 2894 32 17 BY
3103 2895 74 16 EOBIN
3189 2897 175 19 GOODFELLOW.

2975 2936 64 24 Now
3049 2937 57 24 that
3117 2938 44 25 the
3193 2940 138 31 Liliputian
3354 2942 126 31 Company

2942 2972 47 26 has
3000 2982 64 23 gone
3077 2975 80 25 South
3168 2984 36 17 we
3227 2985 68 17 seem
3324 2980 25 23 to
3378 2980 30 24 be
3426 2983 27 22 at
3464 2989 15 16 a

2942 3012 50 25 loss
3004 3012 37 26 for
3058 3017 178 22 amusements.
3272 3016 53 25 The
3353 3018 58 24 final
3425 3027 53 23 per-

2941 3053 128 24 formance
3081 3054 27 24 of
3117 3054 42 24 the
3182 3055 128 26 Juveniles
3405 3060 73 29 given

2942 3098 33 17 on
2986 3092 92 30 Friday
3095 3093 48 23 and
3173 3095 122 23 consisted
3323 3096 27 23 of
3371 3097 44 23 the
3432 3105 46 16 one

2942 3130 40 22 act
2994 3129 76 23 comic
3081 3137 73 23 opera
3173 3131 26 23 of
3251 3132 119 25 Wornans
3398 3134 80 24 Fran-

2942 3168 66 25 chise
3052 3177 28 16 or
3108 3170 43 24 the
3179 3170 132 28 Adamless
3336 3173 81 26 Eden.
3453 3175 24 25 It

2942 3215 60 23 gave
3014 3206 46 25 full
3072 3215 72 24 scope
3155 3208 38 26 for
3204 3210 42 24 the
3270 3210 134 28 admirable
3427 3215 50 24 act-

2941 3247 44 31 ing
2996 3247 27 25 of
3032 3248 35 24 all
3078 3248 43 25 the
3132 3257 85 24 young
3235 3251 78 25 ladies
3336 3253 51 25 and.
3414 3255 64 24 their

2942 3288 84 24 efforts
3037 3296 65 17 were
3120 3290 145 33 completely
3292 3294 156 29 appreciated
3458 3295 47 24 if—

2942 3333 44 16 one
3008 3333 58 24 may
3091 3326 77 32 judge
3196 3328 33 31 by
3252 3330 43 23 the
3316 3332 161 30 magnificent

2942 3363 107 26 wreaths
3062 3365 48 24 and
3130 3364 121 35 bouquets
3260 3391 2 3 .
3279 3368 72 31 given
3380 3372 26 23 to
3434 3371 42 25 the

2941 3404 155 31 performers.
3130 3405 67 27 lam
3220 3408 70 32 sadly
3320 3410 79 24 afraid
3421 3411 56 26 that

2942 3442 69 26 these
3023 3452 83 24 young
3116 3445 77 26 ladies
3203 3448 70 25 must
3300 3448 63 26 have
3378 3449 45 25 left
3445 3459 33 17 an

2942 3481 90 30 aching
3043 3483 57 22 void
3110 3483 28 23 m
3150 3483 42 23 the
3203 3484 97 24 breasts
3311 3486 28 23 of
3347 3488 68 28 quite
3444 3497 33 15 an

2942 3525 70 24 army
3023 3518 28 24 of
3076 3520 120 24 mashers.
3231 3521 41 23 Mr
3299 3523 101 24 Pollard
3428 3525 49 22 and

2941 3557 40 25 his
2993 3565 121 25 company
3136 3560 51 24 will
3198 3560 31 24 be
3250 3561 62 25 back
3333 3563 27 23 m
3383 3563 93 25 Christ-

2942 3598 94 25 church
3048 3606 33 18 on
3093 3600 61 25 15th
3172 3600 58 26 insfc.
3255 3601 50 26 and
3328 3602 14 25 I
3364 3605 113 31 strongly

2942 3639 81 24 advise
3036 3639 34 25 all
3080 3648 49 23 you
3141 3640 93 26 Oxford
3244 3642 79 25 lovers
3343 3644 25 23 of
3378 3644 99 25 charm-

2941 3678 44 33 ing
2997 3680 78 24 music
3086 3680 50 26 and
3152 3681 113 32 splendid
3283 3683 84 33 acting
3391 3686 27 24 to
3429 3694 49 24 pay

2942 3727 15 17 a
2969 3719 58 26 visit
3042 3721 28 24 to
3098 3720 43 26 the
3169 3721 104 26 Theatre
3301 3723 88 32 Eoyal.
3425 3725 53 26 The

2943 3767 74 24 opera
3028 3761 25 24 to
3065 3761 30 25 be
3106 3761 88 32 staged
3204 3763 24 24 is
3267 3763 125 26 Tambour
3414 3767 65 31 Maj-

2942 3807 27 17 or
3006 3800 81 27 which
3098 3801 14 24 I
3124 3809 42 17 am
3176 3802 123 26 informed
3307 3804 23 25 is
3342 3812 47 18 one
3400 3806 27 24 of
3436 3807 43 24 the

2942 3837 54 27 best
3018 3839 85 32 things
3125 3840 58 31 they
3206 3841 40 26 do.

2977 3879 74 25 Since
3063 3879 66 25 their
3139 3880 132 31 departure
3283 3890 36 17 we
3342 3883 65 26 have
3429 3885 51 25 had

2942 3918 27 24 to
2980 3917 32 25 be
3023 3919 103 24 content
3136 3919 63 25 with
3210 3920 83 26 school
3305 3925 112 24 concerts
3429 3925 50 28 &c,

2942 3956 46 26 but
2996 3965 34 17 on
3037 3957 110 34 Monday
3154 3958 43 27 the
3206 3960 275 34 Brough-Bouciciault

2942 3994 129 34 Company
3081 4005 63 23 open
3154 3998 39 25 for
3212 4007 16 17 a
3250 4007 96 19 season.

3022 4033 168 18 **..
3211 4037 15 15 *
3300 4039 16 15 *
3399 4037 16 18 *

2975 4073 72 25 Fires
3060 4081 66 18 seem
3138 4076 26 24 to
3175 4076 66 26 have
3251 4078 65 24 been
3338 4079 45 25 the
3411 4081 71 25 order

2942 4111 28 24 of
2978 4111 45 25 the
3034 4111 48 33 day
3093 4112 39 25 for
3143 4115 110 33 scarcely
3265 4125 14 15 a
3302 4117 75 32 night
3398 4126 83 24 passes

2942 4151 106 25 without
3059 4151 44 26 the
3114 4153 109 27 firebells
3246 4156 101 33 ringing
3373 4161 53 24 out.
3460 4161 22 24 A

2942 4189 47 26 fire
2999 4191 28 25 m
3039 4190 72 34 High
3130 4193 83 27 Street
3236 4203 49 18 was
3308 4199 172 31 extinguished

2941 4236 58 25 very
3018 4230 127 33 promptly
3172 4239 28 18 or
3228 4240 16 18 a
3261 4235 127 26 .valuable
3410 4238 73 25 block

2941 4268 83 33 might
3051 4269 65 26 have
3149 4270 62 27 been
3250 4273 52 26 laid
3338 4275 28 26 m
3401 4278 80 26 ruins.

2941 4309 114 26 Another
3065 4310 47 25 fire
3123 4320 32 15 on
3166 4312 103 34 Sunday
3279 4315 76 31 night
3366 4325 51 17 was
3430 4320 51 24 also

2941 4355 58 23 very
3010 4348 100 32 quickly
3121 4350 44 31 got
3175 4350 81 25 under
3272 4351 47 26 but
3329 4355 47 24 not
3397 4355 84 27 before

2941 4386 41 26 the
2996 4387 128 32 workshop
3143 4388 30 26 of
3200 4389 93 28 Saville
3304 4393 50 26 and
3366 4394 37 27 Co
3430 4405 51 18 was

2941 4424 146 33 completely
3091 4426 103 32 -guttedv
3226 4428 29 27 If
3263 4438 56 24 may
3326 4431 32 26 be
3366 4433 115 29 interest-

2941 4461 43 33 ing
2994 4461 27 25 to
3033 4461 94 25 Oxford
3137 4464 90 32 people
3237 4466 26 23 to
3274 4465 73 27 learn
3358 4469 59 27 that
3427 4471 55 27 Mrs

2941 4498 91 27 Saville
3051 4499 25 28 is
3097 4507 34 20 an
3153 4502 43 26 old
3218 4503 94 28 Oxford
3340 4514 30 17 or
3397 4509 85 22 rather

24 38 13 40 I
1135 47 171 32 OXFORD
1342 44 229 33 OBSERVER
1616 42 241 36 SATURDAY,
1915 39 234 31 DECEMBER
2205 40 29 34 1,
2278 39 92 29 1894.

52 252 300 26 ENGINEERS
382 251 104 26 AND
519 251 27 26 C
566 254 128 28 SCLE
725 249 453 30 MANUFACTURERS

34 305 59 24 have
106 304 37 24 for
155 305 49 23 sale
216 312 14 16 a
242 304 127 30 shipment
381 303 26 24 of
449 303 78 24 ORIO
539 306 24 25 JS
609 307 87 31 cycles.
709 306 48 24 No.
771 306 23 28 1,
808 305 52 23 £12
878 306 44 23 10s
931 312 7 20 ;
973 303 48 23 No.
1034 303 24 27 2,
1077 303 52 23 £14
1148 302 53 23 10s.

207 368 63 24 Cash
280 376 26 15 or
318 375 56 22 easy
386 367 137 30 payment^
570 370 83 29 Every
665 367 115 25 machine
792 366 159 31 guaranteed.

128 439 144 25 Illustrated
283 439 48 23 and
343 438 130 30 Descripti-
486 450 25 18 f&
523 442 150 30 Catalogues
713 439 112 31 Calliope
863 437 89 31 Cycles
962 440 58 28 post
1030 436 60 25 free.

87 514 182 31 SAVILLB
294 514 28 27 &
345 511 62 36 Co.,
438 514 167 33 'Colombo
621 514 136 35 Street,
788 510 129 33 CHRIS
922 510 217 32 TCHTJHCH.

2401 193 56 43 L.
2490 190 389 45 GRIFFITHS.

2496 265 129 33 CARTS
2649 266 125 32 WOOL

2389 327 143 26 OXFORD
2556 327 43 25 TO
2620 326 275 27 CHRISTCHURCH

2522 375 32 25 At
2573 376 87 24 lowest
2671 376 86 28 Rates.

2509 518 263 47 NOTICE.

2555 625 42 3 —
2597 620 68 13 »^»»
2673 621 10 11 »
2683 625 42 3 —

2439 656 147 25 OXFORD
2605 656 92 25 ROAD
2718 655 126 26 BOARD.

2373 752 171 42 rjIENDERS
2557 761 41 16 are
2610 752 94 25 invited
2715 752 38 24 for
2763 752 42 24 the
2816 752 96 25 follow-

2378 780 22 29 JL
2420 786 44 30 ing
2475 785 88 24 works:
2565 799 34 4 —

2406 818 116 30 Clearing
2539 819 44 23 out
2596 817 76 25 about
2685 819 30 22 15
2728 816 89 25 chains
2846 817 67 24 Ellis

2373 851 80 23 Drain

2408 882 117 31 Clearing
2535 883 44 24 out
2591 883 75 24 about
2679 884 14 22 5
2714 882 86 25 chains
2812 882 99 24 Bound-

2374 922 43 24 ary
2436 915 69 24 Road
2517 914 88 25 Draiu.

2409 947 102 31 Carting
2531 947 50 24 and
2611 947 131 31 spreading
2765 947 76 24 about
2866 948 48 23 100

2373 980 75 32 yaids
2470 980 103 31 Shingle
2601 979 93 31 Ashley
2723 979 82 32 Gorge
2833 980 79 24 Road.

2409 1013 134 31 Shingling
2554 1013 77 24 about
2643 1014 31 23 35
2696 1013 86 24 chains
2805 1012 109 26 Walsh's

2374 1046 72 24 Road
2458 1046 50 24 and
2524 1045 84 31 filling
2619 1047 54 22 ruts
2685 1053 32 16 on
2735 1046 139 24 remainder
2888 1046 25 23 of

2374 1086 69 17 same
2454 1078 79 25 Road.

2507 1121 113 26 JAMES
2644 1122 34 24 H.
2710 1121 136 26 SH&RPE

2608 1164 73 25 Clerk
2693 1166 26 23 to
2730 1165 44 24 the
2787 1164 92 25 Board.

2436 1319 45 46 C.
2526 1321 329 55 CLEAVER,

2574 1416 142 21 CAERIER

2392 1468 128 39 OXFORD
2551 1468 42 38 TO
2624 1469 273 40 CHRISTCHURCH.

2377 1606 78 44 TO
2486 1606 427 45 EVEBYBOBY'

2378 1731 94 57 NOW
2483 1731 23 25 is
2519 1732 42 24 the
2581 1732 95 24 Season
2698 1734 27 22 to
2741 1740 102 23 prepare
2866 1732 49 23 and

2433 1765 39 29 lay
2485 1764 73 24 down
2570 1764 157 25 ASPHALT
2747 1765 94 31 garden
2864 1764 50 24 and

2377 1796 71 25 other
2458 1797 82 29 paths,
2554 1799 25 22 to
2601 1801 103 26 prevent
2726 1799 46 23 wet
2794 1797 50 25 feet
2867 1797 47 25 and

2377 1829 91 31 muddy
2479 1829 121 29 kitchens,
2624 1837 117 24 passages
2764 1831 56 28 etc.,
2832 1830 28 23 m
2871 1830 44 23 the

2377 1862 95 24 winter.
2509 1861 54 24 Call
2575 1870 67 23 upon
2651 1862 30 24 G.
2702 1862 211 24 SMETHURST

2377 1894 55 25 who
2441 1894 51 25 will
2503 1895 69 24 learn
2584 1903 49 23 you
2645 1895 43 25 the
2697 1894 115 26 business
2822 1897 27 23 to
2860 1903 53 24 pre-

2375 1935 59 24 pare
2446 1928 50 24 and
2507 1928 40 31 lay
2558 1928 20 24 it
2601 1931 26 21 at
2644 1929 65 24 from
2732 1929 33 24 3d
2787 1937 44 22 per
2854 1929 60 30 yard

2377 1961 49 24 and
2437 1953 123 38 upwards.

2584 1994 31 24 G.
2636 1994 212 26 SMETHURST
2864 2014 4 2 .

2687 2037 71 25 West
2779 2037 100 25 Oxford.

1260 197 265 47 SITTING
1574 195 165 45 EGGS

1331 263 120 38 FOR
1496 260 173 38 SALE.

1273 317 59 28 Ist.
1369 314 93 30 Cross
1476 313 205 30 Andalusians
1708 312 62 29 and

1235 357 160 36 Hamburg
1430 353 108 30 Black.
1597 353 51 29 Ist
1677 352 93 30 Cross

1231 395 104 29 White
1356 394 146 31 Leghorn
1517 392 61 29 and
1605 393 165 37 Hamburg

1231 433 104 34 Black.

1265 480 82 25 Thfse
1355 479 71 26 fowls
1443 487 41 16 are
1493 479 63 24 used
1563 479 28 24 m
1609 478 162 24 Amsterdam

1232 519 27 23 m
1271 518 43 24 the
1326 517 92 31 largest
1424 516 55 25 fowl
1491 516 77 24 farms
1577 515 70 25 anda
1649 523 11 8 r
1660 523 13 16 e
1681 515 90 24 known

1233 559 25 23 to
1270 557 31 24 be
1308 556 44 25 the
1361 557 68 23 most
1436 554 98 32 prolific
1545 555 91 31 layers.

1398 594 86 32 Apply

1432 627 39 25 W.
1496 626 275 26 CHARLSWORTH.

1583 664 69 25 West
1670 663 102 25 Oxford.

1234 851 46 45 J.
1303 851 54 44 T.
1387 851 202 53 Brown,
1611 851 42 44 &
1674 851 97 45 Son

1288 917 112 20 TIMBER
1410 918 19 20 &
1439 917 73 21 COAL
1526 916 184 22 MERCHANTS.

1410 954 167 21 IMPOBTBJBS

1236 992 34 26 Of
1300 991 142 28 TIMBER
1472 992 54 27 and
1556 992 50 26 All
1635 992 89 26 Kinds
1749 990 28 28 of

1289 1038 189 27 BUILDING
1503 1037 224 27 MATERIALS.

1426 1082 152 28 CORNER

1236 1126 165 25 COLOMBO
1442 1126 20 24 &
1491 1124 98 26 TUAM
1619 1124 157 26 STBEETB

1395 1169 195 25 CHKISTOHUKCn

1283 1307 25 20 A.
1323 1307 86 20 Flesher
1419 1306 18 27 ].
1638 1306 35 27 [J?.
1687 1306 81 21 Fuller.

1251 1352 204 41 FLESKER
1477 1354 70 39 ana
1568 1352 189 41 FULLER.

1415 1411 181 25 SOLICITORS,

1277 1449 12 20 9
1301 1448 123 21 Cathedral
1435 1448 93 26 Square,
1543 1448 191 21 Christchttrch.

1238 1483 116 26 (Between
1363 1482 111 20 Morten's
1483 1482 118 26 buildings
1611 1483 18 19 &
1639 1483 56 19 Post
1702 1482 73 20 Office.

1277 1517 188 55 Money
1493 1518 54 42 to
1585 1517 143 44 Lend

1236 1583 35 21 On
1281 1583 32 20 all
1321 1583 57 20 kind
1388 1582 24 21 of
1422 1583 111 25 Security,
1542 1583 26 20 at
1586 1582 57 21 Low
1656 1583 79 20 Rates
1754 1582 24 21 of

1263 1627 107 21 Interest.
1401 1626 89 27 Special
1503 1626 78 21 Terms
1590 1625 37 21 for
1636 1627 111 20 Farmers.

1267 1759 261 55 Boarding
1568 1759 179 43 House

1478 1839 48 16 AND

1238 1880 319 31 REFRESHMENT
1621 1879 154 33 ROOMS.

1237 1939 67 57 MR
1333 1938 137 26 ESKETT
1493 1938 61 32 begs
1575 1940 26 23 to
1623 1938 92 25 inform
1737 1938 39 25 his

1305 1971 93 25 friends
1410 1971 57 25 that
1484 1971 33 25 lie
1540 1971 45 25 has
1614 1971 96 31 opened
1732 1971 43 25 the

1235 2011 118 31 premises
1364 2010 116 32 formerly
1489 2010 91 25 known
1590 2018 28 16 as
1627 2010 43 24 the
1683 2010 93 24 Oxford

1236 2049 78 25 Hotel
1325 2057 27 17 as
1362 2057 15 15 a
1389 2048 128 31 Boarding
1528 2048 87 24 House
1627 2048 50 24 and
1688 2048 47 24 will
1746 2048 29 25 be

1236 2087 54 24 able
1302 2089 26 22 to
1340 2087 89 31 supply
1441 2086 128 25 travellers
1590 2086 49 24 and
1650 2086 124 31 pleasure-

1236 2126 96 25 seekers
1344 2126 61 25 with
1417 2125 176 25 refreshments
1606 2127 25 24 at
1643 2126 34 24 all
1689 2126 85 25 hours.

1267 2279 47 45 L.
1368 2279 375 47 GEIPFITHS.

1409 2354 197 30 CARRIER

1258 2408 128 38 OXFORD
1413 2408 43 38 TO
1475 2409 277 39 CHRISTCHURCH.

1276 2467 95 26 Leaves
1406 2468 94 25 Oxford
1528 2476 73 24 every
1622 2468 153 26 MONDAY

1237 2506 50 24 and
1311 2506 201 28 THUESDAY,
1547 2508 131 29 returning
1704 2515 71 24 every

1235 2545 164 25 TUESDAY
1407 2546 49 24 and
1467 2545 139 25 FRIDAY.

1375 2675 117 31 Copies
1514 2685 39 21 of
1574 2685 62 21 the

1287 2747 175 32 OXFORD
1495 2749 224 31 OBSERVER

1352 2808 53 25 Can
1428 2808 30 25 be
1482 2808 117 25 obtained
1621 2810 26 24 at

1236 2856 178 27 CAEGILL'S
1427 2865 87 17 corner
1536 2858 27 25 of
1578 2857 137 27 CASHEL
1726 2859 49 24 and

1336 2907 163 25 COLOMBO
1520 2908 155 27 STEEETS

1411 2957 186 25 Christchurch.

1291 3102 63 30 MR
1378 3102 179 30 SPECIAL
1585 3102 132 30 RAPID

1401 3147 89 31 AND
1516 3147 92 32 SUN.

1236 3203 202 38 TRAVELLING
1477 3203 296 42 PHOTOGRAPHERS.

1277 3261 115 36 Views,
1411 3261 129 39 Houses,
1556 3262 132 40 Groups,
1699 3262 74 30 Por-

1235 3302 98 35 traits,
1362 3302 142 30 Animals
1533 3302 54 39 &c,
1611 3303 94 30 taken
1742 3306 34 26 at

1235 3342 185 41 anyplace;
1452 3341 60 42 6/-;
1524 3343 82 41 10/-;
1623 3342 67 42 24/-
1720 3353 56 30 per

1235 3385 107 30 dozen.
1386 3384 164 40 Specimen
1563 3385 111 39 kindly
1689 3385 86 30 exhi-

1235 3426 83 30 bited
1334 3426 34 29 m
1391 3424 51 31 Mr
1473 3425 134 32 Parish's
1631 3426 142 31 window.

1236 3470 116 29 Address,
1354 3483 34 4 —
1762 3481 3 8 ■

1335 3506 51 25 MR
1400 3506 147 26 SPECIAL
1558 3507 116 30 EAPID,

1502 3544 196 32 Photographer,

1548 3582 227 27 SWANNANOA.

1258 4377 131 49 ,-^X\s
1397 4375 174 60 extensively
1584 4378 123 46 ipfeJed
1712 4379 56 40 And

1258 4421 45 35 ihs
1310 4435 154 31 necessary
1474 4425 26 31 \q
1507 4422 64 35 look
1575 4421 41 35 lot
1625 4424 39 33 Ihf
1673 4435 76 24 n&pe

1260 4463 90 40 when
1361 4463 132 48 buying.
1569 4470 28 28 V

2047 190 75 21 NEW

1798 270 295 47 SUMMER

2009 354 331 46 DRAPERY

1938 431 43 20 EX
1996 430 45 22 S.S.
2056 431 119 22 TAINTJI.

1804 483 108 41 NEW
1938 482 219 42 SEASON'S
2198 482 144 41 aOOBS

1845 545 60 24 Just
1919 543 103 30 arrived,
2034 543 50 24 and
2096 543 51 26 will
2156 543 31 25 be
2199 543 55 26 sold
2265 545 27 23 at

1889 613 203 34 LOWEST-
2114 613 153 33 PRICES

1999 673 34 17 on
2050 665 95 24 record.

1820 762 239 25 MANCHESTER
2076 761 248 25 DEPARTMENT.

1804 834 116 34 Prints,
1942 832 114 30 checks
2071 832 62 29 and
2156 832 115 38 stripes

1805 881 97 30 Table
1924 881 161 34 Damasks,
2109 879 193 30 unbleached
2302 895 36 6 —
2338 895 2 6 ■

1887 930 115 39 special
2022 931 94 30 yalue
2132 929 82 31 from
2232 929 44 40 1/-

1804 987 117 29 Brown
1942 984 139 31 Holland
2096 995 77 30 very
2189 984 98 39 cheap
2303 983 39 42 4j>

1805 1037 192 30 Flannelette
2013 1035 61 31 and
2090 1035 151 39 Shirting,
2264 1035 81 40 good

1888 1088 90 30 value
1999 1088 80 29 from
2101 1088 50 29 4d.

1805 1138 95 31 Floor
1922 1138 91 31 Cloth
2035 1139 81 39 good
2138 1142 33 27 at
2194 1138 49 30 9d.

1804 1190 90 31 Wide
1916 1190 111 30 Forfar
2049 1193 32 27 at
2104 1190 49 30 6d.

1837 1281 253 24 FLANNELETTS
2103 1282 19 22 &
2135 1280 188 28 GALATEAS,

1804 1340 31 26 In
1858 1340 123 32 quantitie
2004 1340 51 26 and
2074 1339 117 33 qualities
2210 1346 72 18 never
2302 1339 42 31 yet

1804 1379 87 33 placed
1902 1379 83 26 before
1997 1378 92 26 Oxford
2100 1378 98 33 buyers.
2211 1377 68 26 Such
2290 1378 54 31 pat-

1804 1420 77 27 terns,
1895 1418 60 24 such
1968 1418 105 28 colours,
2087 1416 62 26 such
2161 1418 119 27 textures,
2290 1417 55 24 that

1806 1463 47 17 one
1864 1456 126 30 naturally
2002 1455 58 26 asks
2071 1455 56 25 how
2138 1455 59 31 they
2210 1462 42 17 are
2271 1455 73 24 made

1804 1495 39 24 for
1865 1495 44 24 the
1930 1495 74 31 price.
2049 1495 44 32 My
2105 1517 3 3 .
2117 1495 115 31 Glasgow
2255 1495 91 31 buyers

1804 1533 114 31 pounced
1935 1542 68 22 upon
2023 1542 14 15 a
2060 1533 52 24 line
2133 1533 68 24 fresh
2220 1532 65 25 from
2302 1533 43 23 the

1804 1572 87 29 looms,
1904 1572 73 24 made
1989 1571 122 25 excellent
2122 1573 76 23 terms
2218 1571 62 24 with
2300 1571 47 24 the

1805 1610 95 28 maker,
1910 1610 103 31 shipped
2024 1611 26 23 at
2062 1617 61 17 once
2135 1611 26 23 to
2170 1617 49 21 me,
2231 1609 50 24 and
2288 1609 59 25 here

1806 1650 59 32 they
1877 1658 49 22 are,
1940 1658 66 17 some
2018 1651 49 25 100
2079 1651 89 31 pieces,
2177 1650 50 24 and
2234 1649 14 25 I
2259 1650 88 25 intend

1806 1691 26 23 to
1843 1690 73 24 make
1928 1698 15 16 a
1954 1690 71 24 noise
2046 1690 76 24 about
2145 1690 70 24 them
2225 1697 6 21 ;
2244 1698 33 16 no
2297 1698 47 16 one

1807 1728 49 24 else
1867 1729 47 24 has
1926 1730 40 23 the
1978 1730 114 29 patterns
2099 1737 6 20 ;
2117 1737 35 17 no
2175 1737 47 16 one
2245 1729 52 24 else
2319 1729 28 23 m

1806 1766 46 24 the
1863 1766 71 24 trade
1943 1773 47 17 can
2003 1767 61 24 offer
2081 1766 62 26 such
2154 1768 80 24 value.

1833 1805 258 24 FLANNELETTE
2109 1806 28 24 2s
2156 1807 48 23 lid
2213 1806 78 24 dozen
2301 1806 46 31 yds

1806 1852 28 17 or
1844 1852 48 24 any
1903 1845 89 31 length
2003 1846 43 23 cut
2058 1846 26 25 at
2105 1845 32 24 3d
2156 1853 45 23 per
2220 1845 70 31 yard.
2325 1846 22 23 A

1806 1881 112 33 splendid
1935 1890 77 25 range
2029 1883 28 25 of
2070 1884 122 31 patterns.

1837 1963 144 47 MCI
2032 1964 287 47 Ctf&TAIKg

1806 2063 94 50 lAA
1931 2062 136 39 BAIRS
2084 2062 33 30 of
2135 2062 210 33 CUETAINS

1807 2093 93 48 lUU
1931 2107 23 33 I
2011 2103 110 30 Latest
2145 2103 136 40 Designs

1900 2149 82 30 from
2008 2147 53 42 2/6
2088 2159 56 30 per
2158 2150 78 39 pair.

1902 2256 358 41 fffllUtlEilY.

1806 2342 122 30 Ladies'
1952 2342 87 30 Rock
2055 2342 102 31 Straw
2171 2343 133 29 Boaters

1846 2415 19 14 „
1950 2392 108 40 Fancy
2082 2392 100 30 Sailor

1805 2442 93 44 Boys'
1915 2445 62 31 and
1992 2443 101 33 Maids
2109 2443 142 34 Galateas

1807 2539 99 29 Black
1922 2539 123 29 French
2060 2539 183 29 Cashmeres

1804 2590 100 30 Black
1920 2591 28 28 &
1963 2590 64 30 Col.
2190 2589 156 32 Merinoes

1804 2704 247 35 JX&I&rtJX
2102 2704 21 33 I
2138 2704 46 35 W
2191 2704 158 35 &&£}&•

1805 2775 125 78 FULL
1945 2775 144 31 RANGE
2102 2777 34 29 of
2144 2777 62 30 this
2220 2776 125 30 Season'

1884 2815 146 32 Patterns
2049 2820 34 27 to
2112 2817 92 31 hand.

2069 2883 11 16 ♦

1853 2928 230 44 GREAT
2126 2930 170 44 SALE

2064 2997 34 29 of

1804 3046 153 25 EDWARD
1992 3047 186 26 BENNETTS
2227 3048 122 25 STOCK.'

1851 3116 454 41 FLANNELETTS

1821 3192 117 27 Reduced
1954 3193 66 26 from
2038 3193 40 26 6d.
2096 3194 27 25 to
2139 3194 42 25 4d.
2199 3203 44 24 per
2258 3196 70 32 yard.
2345 3214 3 5 .

1838 3243 116 25 Reduced
1965 3244 66 25 from
2043 3244 40 25 9d.
2096 3246 27 23 to
2136 3246 39 24 6d.
2188 3254 44 23 per
2240 3247 69 31 yard.

1839 3296 116 25 Reduced
1966 3297 56 24 fron
2040 3297 37 33 1/-
2095 3299 26 24 to
2140 3298 40 25 Bd.
2197 3307 45 23 per
2258 3300 70 31 yard.
2345 3297 3 5 '

2061 3342 27 23 at
2104 3365 3 3 ,

1908 3384 37 33 R,
1968 3383 42 31 H.
2034 3384 198 33 PARISH'S
2345 3372 3 47 j

1945 3445 92 26 EAST
2057 3446 147 26 OXFORD.

1904 3577 137 45 FOR
2065 3579 183 45 SALE.

1910 3751 112 32 EAST
2045 3752 186 32 OXFORD.

1848 3798 66 31 Has
1929 3809 41 20 on
1984 3800 86 30 hand
2084 3811 20 20 v
2128 3801 144 40 splendid
2299 3803 46 30 lot

1806 3847 33 30 of
1852 3847 146 32 BACON
2013 3849 64 30 and
2091 3849 112 31 LARD
2215 3850 52 31 for
2281 3852 64 30 sale

1804 3895 83 31 from
1902 3906 18 20 a
1935 3897 108 38 pound
2057 3899 33 28 to
2105 3908 19 19 a
2137 3901 64 28 ton.

1902 3941 106 32 Bacon
2022 3943 71 41 pigs
2109 3944 129 40 bought.

1825 4108 246 49 OXFORD
2103 4110 225 48 SPOBTS
2339 4094 4 19 '

1865 4193 113 41 UEW
1999 4195 167 40 YEAR'S
2188 4197 98 38 DAY

1953 4270 64 17 WILL
2034 4271 33 16 BE
2084 4271 68 17 HELD
2168 4273 26 17 IN

1806 4321 319 34 PEARSON'S
2168 4325 176 33 PARK:

1802 4413 174 29 /TENDER'S
1994 4423 42 19 are
2053 4416 96 27 invited
2164 4417 39 27 for
2217 4419 45 26 the
2276 4421 69 31 right

1806 4442 24 29 X
1854 4448 27 23 to
1893 4448 47 25 sell
1949 4448 200 26 Refreshments.
2159 4450 111 26 Tenders
2279 4453 26 24 to
2314 4452 31 25 be

1803 4482 57 24 sent
1867 4481 27 26 to
1905 4480 44 27 the
1961 4480 57 28 Sec.
2031 4489 34 18 on
2077 4489 28 18 or
2114 4480 85 28 before
2205 4482 63 28 Dec.
2283 4486 62 25 18th

720 641 196 41 MUSICAL
957 639 181 42 TUITION

664 709 140 38 PIANO,
832 708 156 36 VIOLIN,
1015 706 187 37 SINGING,

707 749 147 31 ORGAN
920 748 86 30 ETC.
1069 748 92 30 ETC.

769 796 63 29 MR
869 794 31 31 S.
933 794 181 31 MATSON.

669 836 121 40 (holder
815 836 32 29 of
863 835 184 30 Certificate.
1079 834 123 39 Trinity

792 876 123 38 College
938 874 141 40 London)

701 917 103 31 Having
821 915 76 25 taken
914 922 34 24 up
980 915 40 23 his
1037 915 125 23 residence
1179 914 27 23 m

670 949 90 24 Oxford
776 950 22 23 is
815 948 117 32 prepared
959 949 27 22 to
1002 947 94 24 receive
1123 946 83 31 pupils

668 982 38 25 for
715 990 49 24 any
776 982 26 24 of
827 981 43 25 the
898 980 76 25 above
985 980 91 25 named
1088 978 117 33 subjects.

704 1016 42 23 All
769 1014 210 25 communication
1013 1013 134 24 addressed
1180 1014 26 22 to

668 1048 138 26 Methodist
848 1047 143 30 Parsonage
1028 1045 52 25 will
1112 1044 94 25 receive

667 1083 98 31 prompt
777 1080 131 25 attention.
944 1079 118 24 Distance
1071 1086 34 16 no
1116 1077 89 32 object.

671 1124 189 44 Pianos
883 1122 100 43 and
1008 1120 198 55 Organs

800 1188 79 25 tuned
896 1187 50 24 and
962 1186 121 32 repaired.

703 1324 36 24 To
751 1324 41 24 the
809 1322 162 25 Inhabitants
992 1322 26 25 of
1037 1322 93 25 Oxford
1159 1322 49 24 and

670 1368 61 25 Cust
743 1366 51 26 and
805 1366 170 31 surrounding
990 1366 116 25 districts.

628 1411 2 40 [
902 1409 71 23 THE

837 1547 207 31 COMPANY.

929 1605 30 17 OP

671 1651 58 30 245
754 1648 168 32 CASHEL
947 1648 59 30 ST.
1038 1647 98 30 CH—
1138 1646 66 31 CH.

702 1705 54 30 Beg
767 1706 26 22 to
804 1704 81 29 notify
894 1703 56 24 that
962 1703 59 30 they
1030 1703 63 23 have
1105 1702 101 31 appoin-

670 1742 42 24 ted
725 1742 53 23 Mrs
788 1740 184 25 NEWNHAM
995 1747 28 17 as
1035 1740 66 23 their
1115 1739 89 30 Ag-nt,

628 1775 2 35 i
669 1782 49 23 and
729 1782 64 23 from
806 1780 44 23 her
872 1787 59 23 may
959 1780 31 23 be
1018 1779 123 29 obtained,
1171 1778 37 25 Dr

671 1818 239 27 SCHUbSLEE'B
952 1820 99 23 ianious
1085 1818 121 25 BIOOH-

628 1847 2 18 -1
670 1859 85 25 EMIC
790 1857 193 26 EEMEDIE'S
1010 1857 50 25 and
1087 1857 118 24 INFLU-

668 1899 94 25 ENZA
795 1897 174 26 POWDERS
1020 1898 43 24 Dr.
1090 1897 116 26 CROSS-

668 1937 114 25 LANDS
792 1935 135 26 wonderful
936 1935 127 31 vegetable
1072 1935 134 24 Headache

668 1977 119 31 powders;
806 1976 118 27 Enemas,
950 1975 124 31 Syringes,
1107 1974 99 31 Sprays,

668 2017 48 24 and
729 2016 31 24 a)l
774 2015 126 25 Chemists
912 2015 120 27 sundries,
1046 2022 27 16 as
1096 2014 55 24 well
1180 2022 27 16 as

671 2055 216 27 STATIONARY
898 2055 42 23 &c.

701 2095 53 23 Mrs
767 2093 143 29 Ncwnham,
930 2092 67 24 Next
1025 2093 26 23 to
1074 2092 41 24 the
1145 2091 62 25 Free

668 2131 136 25 Methodist
813 2130 99 24 Church

628 2161 2 49 |
795 2170 101 26 WEST
932 2169 151 25 OXFORD.

669 2314 224 26 PREVENTION
911 2314 32 24 IS
961 2313 138 25 BETTER
1111 2313 95 25 THAN

903 2353 102 24 CURE.

668 2425 95 32 \TOW
783 2426 53 25 that
848 2425 43 26 the
903 2425 131 26 Influenza
1046 2425 127 33 Epidemic
1184 2425 22 26 is

668 2451 32 34 li
743 2460 76 25 about
838 2460 42 24 the
898 2460 182 31 neighbouring
1098 2460 109 25 districts

668 2501 33 16 no
712 2493 75 23 home
799 2493 87 23 should
899 2493 29 23 bo
940 2493 104 24 without
1055 2493 44 23 the
1119 2493 87 30 Platy-

668 2533 47 23 pus
720 2525 86 24 Brand
818 2525 26 23 of
855 2525 154 30 Eucalyptus
1020 2525 123 24 Glbbulus
1154 2525 52 24 Ex-

668 2559 65 24 tract
744 2559 26 23 to
781 2557 31 25 be
824 2557 76 25 taken
918 2565 68 24 upon
1002 2565 82 24 fugav,
1103 2565 28 17 or
1154 2557 27 25 m
1193 2566 13 16 a

667 2591 66 24 little
744 2591 70 24 milk.
857 2591 51 23 The
920 2593 67 22 most
999 2591 148 24 convenient
1158 2591 49 24 and

667 2624 113 30 pleasant
792 2631 53 22 way
857 2626 26 21 to
894 2624 58 23 take
969 2623 156 30 Eucalyx^tus
1142 2623 22 24 is
1180 2624 27 23 m

668 2656 44 24 the
724 2655 120 31 Platypus
857 2655 87 24 Brand
953 2655 27 24 of
988 2655 156 31 Eucalyptus
1161 2655 44 25 Ju-

666 2688 9 32 j
680 2688 68 30 übes,
759 2688 58 31 they
826 2695 42 17 are
879 2688 26 23 m
915 2688 60 24 such
985 2695 16 17 a
1006 2687 127 32 palatable
1140 2688 65 25 form

668 2723 113 30 pleasant
822 2722 26 24 to
892 2723 70 26 taste,
997 2721 132 31 antiseptic
1157 2722 50 24 and

668 2754 139 25 stimulant.
858 2753 115 31 Sprinkle
992 2762 62 22 your
1082 2753 123 26 handker-

668 2787 68 24 chief
745 2786 49 24 and
805 2793 82 17 rooms
900 2786 60 24 with
972 2786 44 24 the
1028 2786 42 24 oil.
1161 2789 1 9 :

670 2827 26 25 BE
707 2826 58 26 SURE
773 2826 41 25 YOU
824 2826 116 26 PURCHASE
948 2826 46 25 THE
1004 2826 113 26 PLATYPUS
1126 2826 79 27 BRAND.

747 2862 31 23 R.
790 2860 92 25 Parish
893 2860 82 32 Agent
987 2860 39 25 for
1038 2860 100 26 Oxford.

670 2906 73 23 Office
751 2905 39 23 No
801 2906 13 21 9
828 2904 136 24 Cathedral
973 2912 36 23 sq.
1023 2904 183 26 Christchurch

628 2973 2 13 i
668 2982 10 7 „
927 2983 3 4 .

728 3031 251 40 HEALTH
1019 3030 130 39 TEA.

696 3134 54 25 The
762 3134 223 25 undermentioned
997 3134 65 24 firms
1068 3134 65 24 have
1144 3132 64 25 been

669 3168 132 32 appointed
825 3169 88 30 agents
936 3167 37 25 for
990 3167 52 24 this
1065 3166 142 25 celebrated

668 3201 80 25 brand
757 3200 26 26 of
794 3200 51 25 Tea
856 3200 83 26 which
951 3200 46 24 has
1009 3201 51 23 met
1072 3200 61 24 with
1144 3199 63 25 such

670 3242 16 17 a
696 3234 170 32 phenomenal
878 3234 51 24 sale
947 3234 27 23 m
996 3234 43 23 the
1061 3233 145 24 Australian

670 3268 115 24 Colonies
798 3267 49 23 and
860 3266 123 25 wherever
992 3266 19 24 it
1023 3266 46 24 has
1082 3265 63 25 been
1168 3265 38 24 in-

669 3299 116 25 troduced
802 3299 27 24 m
847 3299 62 24 New
921 3299 118 24 Zealand.
1158 3297 3 12 !

703 3338 147 26 HEALTH
862 3338 72 25 TEA
946 3339 22 24 is
985 3340 45 23 not
1042 3346 15 16 a
1068 3338 140 25 medicated

670 3374 48 23 Tea
730 3374 46 24 but
787 3373 21 23 is
817 3372 106 25 blended
945 3373 64 23 from
1033 3372 44 24 the
1101 3372 106 24 choicest

670 3405 50 26 and
747 3406 87 31 purest
860 3404 106 32 growths
995 3405 26 24 of
1043 3404 97 32 Ceylon
1157 3404 51 25 and

670 3439 92 24 Indian
773 3438 64 24 Teas
854 3438 33 31 by
899 3440 97 29 experts
1014 3438 27 25 of
1051 3438 43 24 the
1105 3438 103 31 highest

670 3471 79 24 order.

705 3513 54 24 One
771 3513 90 31 special
867 3512 95 25 leature
974 3512 77 26 about

671 3546 51 24 Tea
732 3546 22 25 is
766 3546 41 25 the
818 3553 97 24 process
928 3545 81 26 wbich
1027 3546 20 24 it
1070 3544 138 33 undergoes

671 3579 83 25 which
765 3579 102 24 renders
878 3579 20 24 it
910 3579 52 24 free
976 3579 64 24 from
1051 3579 45 24 the
1118 3579 90 24 tannin

672 3618 27 18 so
707 3612 128 30 prevalent
846 3612 28 24 m
886 3612 113 31 ordinary
1011 3612 72 28 Teas,
1096 3611 83 25 whilst
1187 3612 21 23 it

670 3645 103 24 renders
784 3644 43 24 the
839 3645 91 24 release
942 3645 27 24 of
981 3646 42 23 the
1046 3645 81 24 better
1138 3645 70 31 qual-

670 3677 57 25 ities
739 3677 27 25 of
775 3677 44 25 the
831 3677 51 25 Tea
893 3685 68 17 more
979 3685 67 24 easy.

705 3717 146 25 HEALTH
874 3718 69 24 TEA
960 3718 21 24 is
999 3717 149 32 unequalled
1170 3716 39 25 for

672 3749 125 32 strength,
811 3749 123 26 beautiful
954 3758 87 18 aroma
1054 3749 52 26 and
1127 3749 82 31 lovely

671 3782 105 25 flavour.

703 3819 92 30 Prices,
809 3821 43 31 2/6
862 3821 50 24 and
921 3821 38 32 2/-
969 3823 26 27 $-
1002 3819 28 26 fls
1041 3820 27 25 m
1079 3822 19 28 £
1105 3819 52 26 and
1166 3819 42 26 lßb

670 3852 101 33 packets
780 3853 49 25 and
847 3855 14 23 5
874 3854 50 24 and
937 3854 32 24 10
975 3853 27 25 H)
1014 3853 61 25 tins.

803 3886 87 31 Agent
901 3887 37 24 for
950 3886 102 25 Oxford.

769 3918 53 25 MR
833 3919 30 24 F.
876 3918 31 25 A.
915 3918 209 26 WATERMAN.
1158 3924 3 22 :

671 3956 82 33 Agent
764 3956 39 26 for
816 3956 71 26 Cust.
906 3956 41 26 Mr
959 3956 33 25 E.
1005 3956 41 27 W.
1061 3955 144 27 COOPER.

670 4046 5 6 .
1007 4049 2 5 ,
1157 4030 3 22 i

700 4105 196 57 Geojrge
917 4105 271 45 Gardener.

803 4165 156 25 CARRIER
997 4165 77 26 ETC.

752 4207 106 31 EAST
935 4208 181 32 OXFORD.

797 4279 120 39 FOR
935 4279 162 39 SALE

671 4329 183 27 OATSHEAF
872 4330 122 32 CHAFF,
1024 4330 30 26 T.
1068 4330 32 25 F.
1114 4330 94 28 OATS.

862 4400 43 26 TO
940 4400 78 27 LET.

667 4441 22 26 A
699 4449 86 26 young
794 4440 116 33 pedigree
919 4442 136 25 Berkshire
1069 4442 66 25 Boat
1145 4441 63 25 from

849 4479 69 30 prize
945 4480 79 26 stock.

155 646 282 48 KOTICIj}.

51 718 44 23 Mr
106 715 127 25 TURPIN
263 715 57 29 begs
333 714 24 22 to
400 717 56 31 give
483 714 82 24 notice

28 761 48 23 ,hat
89 760 31 23 he
132 759 49 22 will
193 764 100 23 re-open
305 755 39 24 his
367 758 94 25 Oxford
471 756 102 24 Branch

28 811 26 16 mi
68 799 187 27 THURSDAY
266 799 61 23 next
362 799 136 27 December
517 799 54 25 6th.

546 824 60 46 k/

155 934 272 48 NOTICE.

29 1001 187 26 SHEARING
229 1001 29 23 wi
271 1004 22 24 jl
305 1010 141 18 commence
459 1003 25 22 at
497 1000 77 25 Glen-

29 1032 27 29 O
77 1035 36 25 tui
136 1042 32 17 on
200 1034 47 23 MO
263 1036 93 25 NDAY
381 1032 195 28 DECEMBER

29 1070 61 23 loth
103 1070 24 22 at
146 1069 14 22 8
173 1075 59 16 a.m.

193 1104 99 28 JOHN
315 1104 228 27 O'HALLORAN.
600 1124 20 25 /

449 1142 111 26 Glentui.
569 1135 43 37 k/

92 1272 82 31 OAT
205 1273 140 29 SHEAF
369 1270 146 30 CHAFF.

33 1366 99 36 TbOR
157 1364 108 32 SALE
289 1364 61 30 Oat
371 1362 94 31 Sheaf
488 1360 95 32 Chaff

115 1410 35 24 :tf.
172 1405 64 38 45/-
259 1415 56 28 per
329 1409 62 24 to.v.

208 1456 93 39 apply
324 1458 34 26 to

185 1509 38 27 A.
246 1503 249 33 ASHWOETHs

376 1557 84 30 View
480 1556 77 31 Hill.

101 1697 98 45 £50
238 1694 282 46 REWARD

53 1818 20 32 ft
106 1815 131 28 Reward
247 1814 31 29 of
288 1813 66 30 £50
366 1811 64 30 will
439 1811 39 29 be
487 1811 93 37 given

45 1848 39 45 I!
106 1859 30 25 to
163 1855 53 29 the
251 1863 111 30 person
392 1862 34 20 or
451 1860 128 31 persons

44 1898 69 28 who
131 1897 78 29 shall
222 1896 51 38 lay
286 1895 76 28 such
378 1892 202 31 information

44 1949 33 17 n*
93 1938 62 28 will
171 1937 69 28 lead
256 1940 31 24 to
297 1936 52 28 the
364 1933 174 30 conviction
549 1933 36 28 of

43 1980 51 26 the
111 1986 111 23 person
238 1987 34 17 or
284 1985 125 30 persons
421 1975 70 28 who
500 1974 79 28 have

42 2020 77 28 liccn
134 2018 106 38 hiving
256 2015 145 40 poisoned
428 2017 81 26 meat
538 2024 40 19 on

41 2060 53 28 the
117 2058 103 40 public
249 2057 75 29 road
347 2057 79 28 East
442 2055 136 35 Oxford,

42 2102 137 26 between
208 2099 50 27 Mr
273 2097 138 29 Parish's
437 2096 62 29 and
527 2095 51 29 Mr

41 2140 23 30 G
74 2165 4 5 .
95 2139 126 31 Flitch's
243 2138 104 30 house.

89 2193 52 27 All
155 2190 200 29 information
376 2192 32 26 to
425 2189 36 28 be
477 2187 57 30 left
548 2191 33 26 at

42 2232 53 28 the
112 2232 83 28 office
211 2231 32 27 of
259 2230 61 28 this
336 2238 104 31 paper.

100 2373 158 45 MISS
286 2372 234 45 DENOH

201 2460 227 22 DEESSMAKER.

98 2507 163 33 BAY
304 2506 215 32 ROAD-

176 2561 87 25 east
299 2558 147 26 OXFORD.

157 2784 164 42 Photop
331 2780 142 44 ciphers

40 2836 192 40 VICTORIA
256 2833 148 49 STUDIO,
429 2832 59 39 CH.
515 2831 61 40 CH.

124 2888 69 25 Take
211 2888 41 24 the
270 2887 56 25 lead
343 2894 60 17 once
420 2893 69 16 more

43 2935 66 37 Cur
118 2930 249 52 Photographs
374 2929 206 50 alltherage

42 3012 121 25 November
181 3005 59 38 FOR
265 3002 17 39 2
308 3002 139 39 MONTHS
463 3008 118 26 November

79 3045 44 14 AND
261 3054 84 9 /-WTT-57-
493 3042 45 14 AND

44 3064 118 25 DECEMBER
260 3054 85 21 oISILY
463 3061 118 26 DECEMBER

43 3106 58 79 I*|
128 3106 22 19 of
157 3111 41 14 our
207 3105 51 20 well
265 3105 80 19 known
355 3104 82 25 highly
452 3106 17 23 4
478 3106 30 31 jjffc
528 3104 12 33 /
546 3106 30 23 A

72 3129 29 24 M
115 3132 97 21 finished
218 3132 122 21 enamelled
340 3132 109 21 Cabinets
457 3125 12 26 1
478 3125 31 32 1|
522 3125 12 32 /
546 3136 30 15 n

70 3146 31 40 6
268 3160 35 19 for
453 3146 75 39 IU/
546 3158 32 25 V

44 3226 16 38 1
74 3226 103 37 dozen
197 3224 205 39 Enamelled
418 3223 163 39 Cabinets

44 3276 97 36 with
153 3276 280 37 one!sxl2Matt
444 3275 136 39 surface

46 3325 298 50 Enlargement
359 3326 222 50 Beautifully

155 3372 148 38 Framed
324 3372 52 38 for
399 3373 60 37 £1.

47 3419 61 24 This
121 3419 19 24 is
152 3426 33 17 no
197 3419 79 26 sham,
289 3419 45 25 but
346 3428 14 16 a
373 3420 49 25 real
434 3420 45 31 gift
491 3420 38 25 for
537 3420 43 25 the

47 3457 98 29 coming
164 3456 121 31 holidays.
327 3457 46 23 All
392 3457 66 24 work
474 3458 62 24 done
548 3459 32 29 by

48 3493 158 30 experienced
228 3493 89 23 hands.
369 3494 146 24 Remember
536 3503 45 16 our

65 3530 153 28 Concession,
229 3532 30 22 18
273 3532 25 23 to
310 3531 41 24 the
359 3532 78 24 dozen
449 3532 38 24 for
496 3533 67 32 10/6.

49 3572 59 24 This
127 3573 43 25 the
188 3574 58 31 only
261 3574 60 24 time
336 3575 26 23 m
380 3575 43 25 the
444 3575 102 32 History
558 3576 27 25 of

48 3612 178 32 Photography
237 3613 56 25 that
311 3614 62 24 such
389 3623 15 16 a
426 3615 91 25 chance
534 3615 49 25 has

48 3658 57 17 ever
125 3650 59 25 been
204 3651 104 31 brought
328 3652 81 25 before
428 3653 43 25 the
490 3654 91 30 public,

45 3690 50 25 and
106 3699 58 23 may
174 3699 75 17 never
268 3699 73 17 occur
363 3694 81 30 again.
465 3693 38 25 Sit
515 3694 68 31 early

47 3732 185 30 appointments
244 3731 89 25 should
344 3732 30 24 be
386 3732 72 25 made
477 3732 21 24 if
514 3741 69 23 poss-

46 3768 57 24 ible.
127 3769 198 24 REMEMBER
346 3770 69 24 OUR
430 3770 62 25 BIG
505 3770 77 25 CON-

49 3807 146 26 CESSION
207 3808 66 25 FOR
290 3810 15 23 2
316 3809 144 26 MONTHS
480 3809 101 26 ONLY.

47 3879 99 26 Letters
158 3880 31 32 by
200 3882 56 30 post
266 3883 147 32 punctually
425 3883 118 25 attended
554 3885 27 23 to

60 3941 224 26 PICTURE
332 3943 235 27 FRAMING

196 3974 25 21 m
230 3976 32 19 all
271 3976 32 19 its
312 3976 118 21 branches.

46 4003 164 27 BURRELL
227 4006 106 29 BROS.,
355 4007 209 32 Photographers,

172 4045 110 25 Victoria
294 4047 83 28 street,
390 4047 190 25 Christchurch.

45 4088 111 30 opposite
167 4088 44 25 the
221 4088 129 26 Salvation
361 4089 76 33 Army
449 4090 130 26 Barracks.

132 4232 135 45 FOR
321 4233 170 45 SALE.

79 4336 27 31 A
139 4336 166 32 CORNET
320 4338 43 40 by
376 4348 19 20 a
409 4338 69 31 first
497 4339 80 31 class

35 4394 118 31 Maker.
239 4394 118 39 Apply,

242 4460 97 32 Office
348 4460 33 32 of
387 4460 63 32 this
460 4461 110 40 Paper.
