2435 3935
613 100 34 21 lof
658 99 61 27 eight
726 107 41 17 per
775 103 69 18 cent.--
868 100 40 23 On.,
918 100 49 24 bills
971 100 95 28 diayjng
1074 107 62 17 mpre
1145 100 54 23 than

621 133 41 14 one
672 124 103 23 hundred
778 126 66 26 /lays,
844 130 24 18 to
877 133 50 19 ruu,
939 130 20 17 at
969 128 94 31 the^rate
1075 126 26 23 of
1112 133 38 15 ten
1161 134 39 18 per

621 156 56 18 cent.
679 163 28 4 —
708 152 106 21 Charles
825 152 135 26 FAecon'er,'
969 153 136 27 Manager:-
1105 156 6 12 i
1111 154 21 20 -/S
1132 156 3 7 r
1133 154 66 26 ,srdney

619 179 90 22 Herald.
722 196 7 4 ,
733 195 5 7 v
753 194 25 10 
799 191 6 5 -
827 195 48 9 _,.,
924 196 14 14 %
942 197 6 3 ,
961 196 9 3 „
988 196 70 12 ,-„„,,
1118 200 11 6 „
1143 196 61 12 ,-.-,..,,

647 204 141 23 Numerical
804 206 19 21 A
821 206 4 7 i
825 206 87 29 cco#nt
918 200 281 29 .op'XHß'Aß.Bivi^sAiSD

620 231 154 22 Departures
794 239 33 20 of,
833 232 12 31 '
845 232 96 31 Vessel's
948 234 108 25 '.during'
1076 240 45 15 the
1145 241 54 14 last

620 258 81 21 Three
704 268 2 4 I
712 255 147 25 'Months.—
858 258 47 22 The
919 259 94 22 number
1027 259 24 21 of
1068 260 82 21 vessels
1165 267 34 14 ar-

620 284 62 21 rived
691 284 23 21 in
724 283 38 23 the
771 284 96 23 harbour
876 285 61 22 'from
950 284 37 23 the
1004 286 34 19 Ist
1053 285 26 22 of
1091 285 106 28 January,

621 311 59 25 1843,
692 314 22 17 to
724 311 37 22 the
770 312 48 20 31st
827 312 87 26 March',
926 319 41 14 was
977 312 48 25 119/
1034 311 74 22 whose
1117 312 78 21 united

619 337 108 21 burthens
745 338 120 21 amounted
925 340 72 24 26,813
1021 340 58 24 tons,
1103 338 44 21 and
1157 354 3 4 .
1170 338 29 27 by

621 361 81 24 which-
717 364 52 21 16.45
776 373 4 11 r
792 371 128 20 passengers
939 364 55 22 have
1018 364 92 23 arrived.
1152 364 47 23 The

621 389 79 22 vessels
709 390 58 21 have
776 390 56 21 been
842 391 26 21 of
875 391 43 22 the'
924 389 113 28 following
1046 391 152 27 descriptions,

620 415 69 22 viz.—
690 417 28 21 so
726 416 66 27 ships,,
802 417 103 27 26brjgs,
915 418 27 21 26
949 417 126 28 schooners,
1087 419 14 20 8
1110 420 87 24 cutters,

619 442 45 22 and
673 443 58 22 nine,
734 446 120 24 steamers.,
881 444 48 21 The
938 443 127 28 departures
1075 443 55 22 have
1141 444 57 21 been

619 469 74 21 rather
713 476 68 19 more,
802 468 67 32 being
882 472 42 19 128
929 468 7 34 j
959 471 121 26 aggregate'
1097 470 100 27 burthen,

619 496 75 25 21,833
705 500 62 21 tons;
778 494 94 24 number
882 497 25 21 of
914 502 130 24 passengers,
1058 497 59 21 1232.
1137 497 72 27 They'

619 521 108 27 comprise
781 522 65 28 shipsj
860 524 33 23 26,
905 523 108 28 bt;igs,'3O
1027 521 126 28 schooners,
1174 525 26 20 10

620 552 87 23 cutters,
719 548 44 22 and
773 550 26 20 11
809 551 112 19 steamers.

646 574 47 22 The
712 575 85 21 United
815 576 72 21 States
901 575 59 28 sloop
978 575 105 26 Concord,-
1097 575 27 21 24
1132 582 63 20 guns,

619 608 44 14 was
672 601 102 21 wrecked
783 605 24 17 at
816 601 36 23 the
860 601 78 22 mouth
944 601 23 22 of
974 603 37 21 the
1019 601 68 22 River
1095 601 102 28 Lorango

619 633 28 15 on
659 627 35 21 the
705 627 45 23 2nd
760 628 94 21 October
869 627 49 22 hut.
948 628 36 22 All
1001 627 38 22 the
1055 627 86 22 officers
1155 629 46 21 and

619 661 56 15 crew
686 653 45 23 had
740 654 87 22 arrived
835 658 24 18 at
869 654 36 22 the
917 655 56 26 Cape
983 653 26 23 of
1021 654 66 21 Good
1099 654 62 22 Hone
1176 657 23 19 in

619 687 13 14 a
645 681 135 26 Portuguese
797 679 53 28 brig,
868 680 52 22 wiih
936 681 34 21 the
987 681 117 26 exception
1110 703 3 4 ,
1120 683 23 19 ot
1163 681 37 21 the

614 707 100 30 •captain,
722 714 42 14 one
775 707 80 26 officer,
868 707 44 21 and
922 714 39 15 one
971 714 98 19 seamun,
1080 703 54 26 who.
1145 714 55 15 were

618 733 167 28 unfortunately
795 733 103 22 drowned
910 734 64 22 about
987 742 12 14 a
1009 733 78 21 month
1098 733 56 22 after
1163 734 37 22 the

619 759 122 27 shipwreck
751 760 29 27 by
790 759 36 22 the
835 757 113 30 upsetting'
955 761 26 21 of
992 767 13 15 a
1013 759 61 22 boat.

647 788 56 20 Loss
719 794 26 14 of
759 794 45 14 the
820 787 100 21 Spanish
938 794 52 14 brig
1174 798 27 5 —

619 813 46 21 Tlie
685 813 93 27 Spanish
797 813 47 26 brig
863 814 103 26 Singular,
988 813 57 22 from
1065 813 96 22 Manilla
1180 817 21 18 to

621 839 85 27 Macao,
719 846 44 15 was
772 839 100 27 wrecked
884 848 28 14 on
923 841 34 23 the
967 839 39 23 sth
1021 839 131 27 December,
1170 848 28 14 on

620 866 36 21 the
666 866 68 22 Prata
748 866 68 22 shoal.
854 867 49 21 The
918 867 84 27 captain
1019 866 44 21 and
1078 867 84 21 several
1180 867 24 21 of

620 892 37 22 the
667 900 56 14 crew
733 892 42 22 arid
785 900 129 19 passengers
924 892 85 23 arrived
1018 897 22 17 at
1051 893 80 21 Macao
1147 900 28 14 on
1187 900 14 15 a

619 919 49 27 raft,
681 927 28 15 on
720 919 37 22 the
768 919 62 22 19th.'
863 920 48 22 The
931 928 64 19 cargo
1012 919 25 21 of
1049 919 37 22 the
1103 921 99 25 Singular

619 946 112 22 consisted
741 946 26 21 of
776 947 51 26 rice,
839 954 68 19 spars,
919 947 88 25 bullion,
1021 946 44 21 and
1075 954 60 14 some
1147 947 52 27 gold

621 972 57 27 dust,
696 973 82 21 valued
794 977 22 18 at
833 974 79 25 50,000
931 973 84 23 dollars.
1039 972 88 22 Vessels
1143 973 57 22 have

620 1000 56 20 been
686 1003 49 18 sent
747 999 56 22 from
813 1000 81 22 Macao
912 1004 22 18 to
950 1001 35 21 the
999 999 72 22 wreck
1083 1003 22 18 to
1121 1000 80 22 endea-

620 1029 21 18 to
653 1033 49 15 save
711 1029 51 24 part
771 1027 26 21 of
807 1026 37 22 the
854 1034 74 20 cargo.
963 1027 48 23 The
1021 1026 97 22 weather
1127 1027 23 21 in
1161 1027 39 21 the

621 1052 70 22 China
706 1057 48 18 Seas
773 1053 19 21 is
808 1054 102 27 reported
923 1057 21 18 to
959 1053 57 23 hare
1026 1053 61 21 been'
1094 1060 54 20 very
1157 1053 44 21 bad

620 1080 95 20 towards
724 1080 37 21 the
773 1080 58 21 close
840 1080 27 21 of
877 1080 37 22 the
926 1085 44 22 past
978 1087 61 20 j'ear.

647 1106 57 22 Fire
716 1114 27 14 at
755 1107 51 21 Sea.
810 1118 25 3 —
835 1107 65 21 After
907 1107 112 26 reflecting
1027 1113 27 14 on
1067 1106 36 21 the
1114 1107 87 21 various

620 1132 171 22 circumstances
802 1133 123 22 connected
934 1133 51 22 with
995 1140 14 14 a.
1016 1134 94 25 chimney
1120 1139 25 14 on
1150 1135 49 25 fire,

621 1158 68 22 Cadet
700 1159 26 21 de
737 1159 72 27 Vaux,
821 1167 12 13 a
843 1160 42 20 few
895 1167 62 20 years
968 1166 48 21 ago,
1028 1166 45 15 was
1082 1160 37 20 led
1129 1164 22 17 to
1162 1160 39 21 the

620 1185 127 22 conclusion
765 1186 48 21 that
828 1186 17 21 it
861 1193 44 14 was
922 1186 91 27 possible
1034 1189 22 18 to
1076 1186 125 27 extinguish

619 1212 37 20 the
666 1211 77 22 flames
754 1212 28 27 by
793 1212 118 28 rendering
929 1213 34 21 the
980 1212 33 22 air
1028 1212 120 28 ascending
1163 1213 37 21 the

620 1238 104 27 chimiiey
741 1239 116 27 incapable
873 1240 26 20 of
910 1238 127 28 supporting
1053 1239 156 22 combustion.'

619 1264 53 21 This
683 1265 27 22 he
721 1266 161 26 accomplished
898 1266 30 26 by
942 1265 107 27 throwing
1065 1272 25 15 on
1108 1266 37 21 the
1162 1266 39 22 fire

619 1290 70 23 below
695 1299 13 13 a
715 1292 99 26 quantity
823 1291 24 22 of
854 1292 102 28 sulphur;
968 1291 90 33 thereby^
1068 1299 43 14 was
1118 1292 84 22 formed

620 1317 130 27 sulphurous
761 1319 50 20 acid
820 1325 45 20 gas,
883 1326 13 13 a
907 1326 51 20 very
971 1318 108 26 powerful
1094 1326 107 21 non-sup-

619 1348 73 22 porter
703 1344 25 21 of
740 1345 135 22 combustion
884 1353 5 18 ;
908 1353 12 13 a
931 1346 74 26 faggot
1015 1345 123 27 suspended
1148 1350 56 17 near'

620 1370 36 21 the
666 1371 102 27 chimney
779 1375 42 28 top,
833 1372 44 21 and
886 1372 94 27 burning
988 1371 113 27 furiously,
1108 1372 94 22 instant-

620 1397 22 26 ly
653 1398 78 21 ceased
741 1402 22 17 to
773 1398 54 21 emit
834 1398 85 22 flames.
948 1399 65 21 From
1023 1398 59 21 what
1093 1400 38 20 has
1141 1400 58 20 been

620 1424 78 26 stated,
710 1424 17 21 it
736 1432 91 20 appears
837 1425 49 22 that
894 1428 23 18 to
925 1427 90 25 prevent
1022 1424 38 22 the
1070 1433 99 19 progress
1180 1427 25 20 of

620 1455 146 22 spontaneous
774 1452 138 21 combustion
921 1452 23 21 in
954 1450 57 24 wool
1027 1451 65 27 ships,
1108 1452 30 21 all
1155 1452 47 22 that

621 1484 31 14 we
661 1479 87 25 require
758 1478 18 21 is
786 1483 22 16 to
817 1482 54 17 stow
884 1478 135 28 judiciously
1036 1485 13 14 a
1065 1478 42 22 few
1117 1479 53 26 bags
1181 1480 25 21 of

619 1504 91 27 sulphur
720 1509 102 23 amongst
832 1505 38 22 the
887 1505 59 22 bales
959 1506 26 21 of
995 1504 54 22 wool
1056 1512 5 14 :
1078 1505 34 22 for
1127 1506 75 21 when-

621 1537 49 14 ever
682 1530 37 22 the
730 1532 39 21 fire
778 1531 92 22 reaches
880 1532 37 21 the
927 1532 95 28 sulphur,
1034 1539 13 14 a
1060 1539 40 19 gas
1114 1532 44 22 will
1174 1533 28 21 be

619 1557 114 27 produced
742 1558 110 22 sufficient
862 1561 23 19 to
896 1559 86 27 destroy
990 1558 37 23 the
1034 1558 135 23 combustion
1181 1560 25 21 of

620 1583 37 22 the
668 1584 62 26 wool,
741 1585 45 21 and
796 1586 25 20 of
833 1585 37 22 the
886 1585 89 28 sulphur
991 1585 66 22 itself.
1059 1596 28 4 —
1087 1586 113 22 Abestos.
1208 1589 2 4 '

619 1621 27 5 —
648 1612 83 24 Sydney
741 1612 89 21 Herald.

200 102 288 25 AUCKLAND.

45 161 32 21 On
85 156 117 28 Thursday,
209 157 43 21 last
266 156 37 22 the
319 157 83 26 barque
418 157 72 25 Union,
502 156 92 28 Captain
600 174 1 4 .

19 183 140 28 Mark'Todd
171 182 57 27 (who
240 189 43 15 waa
298 183 53 21 here
360 183 23 21 in
393 186 38 18 the
442 184 61 26 early
511 186 50 24 part
571 184 26 20 of

18 215 40 21 la3t
71 215 53 23 year
136 209 24 22 in
167 211 3 5 '
177 209 36 22 the
222 210 89 25 James);
317 209 101 22 "arrived'
465 209 127 27 Auckland,

19 240 66 22 direct
90 232 58 30 'from
155 238 3 3 '
165 236 75 21 Cowes
248 236 168 21 29th'October.
445 236 50 22 Her
503 243 89 20 passen-

18 272 45 21 gers
81 262 133 28 are-J-Cabin
222 270 5 14 :
244 262 38 21 the
300 262 56 27 lady,
372 261 27 22 df
412 262 38 21 the
470 263 56 21 Rev.
547 262 45 21 Mr.

19 293 65 24 Keay;
100 288 55 21 who'
162 285 68 30 lately
244 288 88 21 arrived
350 288 55 22 with:
422 289 37 22 the
473 288 89 28 Bishop'
571 288 26 21 of

19 318 51 23 New
80 312 108 28 Zealand,'
193 314 42 22 and
245 315 19 21 is
274 322 50 14 now
334 314 35 22 the
380 315 119 27 appointed
508 316 86 26 'clergy-

19 351 46 16 man
78 342 25 21 of
110 341 83 21 Nelson
200 349 5 19 ;
222 342 56 21 Miss
288 341 77 25 Essex,
374 341 86 22 Master
469 342 69 26 Reay,
547 341 45 22 Mr.

19 367 87 28 Wright,
182 364 45 25 arid
244 368 63 21 Mrs.'
317 367 102 27 Borland,
440 368 150 25 Mr.'Govett,

19 396 39 23 and
65 396 38 21 Dr.
111 393 82 22 Welsh.
223 393 156 22 Intermediate
388 402 6 14 :
407 395 44 22 Mr.
459 391 132 29 Wilkinson,

18 424 40 22 Mr.
70 420 113 25 Williams,
191 424 4 3 '
201 420 44 22 Mr.
257 420 49 21 and'
317 420 45 22 Mr.
380 420 79 28 Hardy
470 420 43 23 and
523 417 68 29 chilß,

18 447 40 25 arid
76 447 42 22 Mr.
129 445 119 23 Wiltshire.
266 445 3 4 '
278 447 104 26 Steerage
389 455 5 14 :
410 449 27 20 23
457 448 47 21 free
518 446 75 23 immi-

17 478 76 26 grants,
103 472 42 22 and
156 474 25 20 25
193 473 84 27 bounty
285 474 36 21 do.
322 485 26 4 —
352 475 74 20 Times.

40 502 48 22 The
322 512 27 4 —
350 500 43 23 For
409 501 37 22 the
465 500 74 28 public
557 500 35 21 in-

16 526 118 26 formation,
158 533 34 14 we
215 526 58 23 have
296 528 57 21 been
377 535 53 19 very
454 527 91 22 anxious
569 530 23 17 to

16 553 101 25 ascertain
134 552 36 21 the
184 553 136 29 particulars'
330 554 25 21 of
368 554 38 21 the
422 554 73 26 newly
505 553 87 22 arrived

16 581 113 25 emigrants
139 578 45 23 and
194 579 57 22 their
260 584 88 23 present
357 580 120 22 condition.

38 607 44 22 The
90 606 79 21 female
179 610 99 19 servants
286 607 58 21 have
360 606 30 22 all
405 606 105 23 obtained
523 606 69 21 situa-

14 636 59 22 tions,
85 635 23 18 at
117 639 27 14 an
155 639 94 20 average
259 633 26 22 of
292 634 67 21 about
367 634 80 21 twelve
458 632 84 28 pounds
552 639 40 20 per

14 667 78 17 annum
101 667 5 19 ;
131 658 69 23 about
217 661 28 20 30
264 660 26 21 of
299 664 3 3 '
309 660 37 21 the
369 667 52 14 men
440 659 61 22 Tiave
523 658 69 22 found

14 688 158 25 engagements,
184 686 120 27 according
318 690 23 17 to
357 686 56 22 their
427 686 85 22 several
526 692 66 15 occu-

13 718 87 25 pations,
118 716 23 17 at
148 714 2 4 '
156 712 43 21 fair
213 712 41 21 but
268 712 113 22 moderate
397 716 59 18 rates
470 712 26 22 of
507 719 71 20 wages
585 719 5 19 ;

14 742 52 21 farm
77 741 99 19 servants
186 739 76 21 obtain
272 739 69 22 about
350 742 83 24 twenty
447 739 87 27 pounds
551 746 39 20 per

14 773 77 16 annum
101 765 49 21 and'
155 765 91 21 rations.

37 792 38 21 We
86 799 37 14 a-re
132 791 107 22 favoured
250 792 53 21 with
313 792 37 21 the
360 792 70 21 above
444 791 146 22 information

12 822 26 24 by
49 819 35 21 the
95 818 103 22 kindness
207 818 26 21 of
247 818 37 21 the
297 819 150 26 immigration
459 822 70 23 agent,
541 819 50 21 who

13 850 62 19 states
94 845 47 22 that
161 844 37 22 the
216 844 116 22 character
350 845 44 21 and
414 845 134 27 description
569 846 26 20 of

14 874 57 21 these
95 878 91 19 persons
209 871 116 28 generally
355 879 37 14 are
421 875 58 18 most
509 872 83 21 desira-

13 900 40 21 ble,
99 899 59 26 fhey
178 897 56 22 have
251 899 56 20 been
331 906 53 19 very
403 899 80 27 kindly
506 899 86 21 treated

13 933 25 15 on
48 925 76 27 board,
136 921 57 30 arid),
198 925 52 22 with
261 925 52 27 only
329 925 60 21 three
407 933 25 14 or
447 926 51 21 four
512 933 80 20 excep-

12 953 62 25 tions,
95 953 53 26 they
165 952 56 21 have
246 952 66 21 been'
327 951 83 23 landed
432 953 24 21 in
482 953 110 21 excellent

12 979 79 22 health.
114 975 14 31 \
190 980 2 4 '

37 1005 40 21 We
87 1005 64 21 think
171 1005 47 21 that
233 1005 38 22 the
285 1012 55 20 very
347 1006 62 27 large
427 1006 126 27 proportion
570 1006 26 21 of

14 1031 101 26 childred,
127 1034 35 18 too
172 1038 77 20 young
259 1036 22 17 to
292 1033 64 22 assist
364 1034 23 20 in
398 1033 58 21 their
464 1041 47 14 own
522 1033 71 22 main-

14 1064 95 17 tenance,
120 1058 28 20 in'
159 1057 37 21 the
212 1059 111 26 emigrant
334 1059 65 27 ships,
409 1060 20 20 is
445 1060 132 26 injudicious
586 1067 5 14 :

13 1087 20 20 in
49 1085 36 21 the
103 1087 87 24 present
204 1083 109 29 instance,
330 1085 37 22 the
378 1086 94 21 number
482 1086 26 21 of
516 1093 77 20 young

14 1112 94 22 children
126 1111 19 21 is
165 1110 64 27 equal
236 1110 4 7 1
249 1114 23 18 to
292 1111 119 22 one-third'
423 1112 26 21 of
465 1113 36 21 the
520 1113 72 21 whole

15 1137 154 24 embai'kation.
171 1147 27 4 —
202 1138 74 21 Times.

39 1165 39 22 We
89 1163 134 23 understand
242 1164 49 22 that
299 1165 21 21 it'
326 1164 19 22 is
353 1165 25 21 in
388 1165 171 28 contemplation
571 1170 21 17 to

14 1192 48 22 hold
78 1198 14 14 a
105 1191 73 27 public
195 1191 98 27 meeting
309 1192 36 21 for
361 1192 36 21 the
412 1199 94 20 purpose
516 1193 26 20 of
553 1200 39 13 ex-

14 1219 95 28 pressing
165 1217 89 26 general
266 1221 59 18 want
331 1219 30 20 'of
371 1219 128 21 confidence
510 1226 28 14 on
554 1219 38 22 the

13 1248 46 26 part
68 1245 25 21 of
106 1244 36 22 the
160 1243 110 25 Colonists
285 1245 23 21 in
320 1245 37 21 the
372 1245 87 22 officers
468 1248 23 18 at
504 1251 89 22 present

14 1271 160 26 administering
184 1271 35 21 the
228 1271 152 22 Government
390 1272 25 21 of
423 1272 56 21 New
486 1272 105 22 Zealand.

14 1299 43 22 The
66 1301 156 23 management
232 1298 26 20 of
269 1298 36 22 the
316 1299 53 21 land
379 1299 57 21 sales
447 1299 45 21 and
501 1304 89 21 system,

14 1327 34 20 the
63 1324 104 29 perfectly
178 1324 95 22 childish
287 1324 105 22 blunders
406 1326 22 20 in
439 1326 92 25 finance,
548 1326 42 21 and

14 1353 34 21 the
55 1351 102 27 personal'
160 1351 95 26 jobbing
261 1351 26 21 of
294 1352 37 21 the
339 1353 152 21 Government
499 1353 91 26 officers,

14 1379 69 22 added
92 1382 22 16 to
129 1377 37 22 the
181 1379 123 26 attempted
320 1379 119 27 monopoly
451 1379 25 21 of
489 1379 44 21 and
550 1380 42 20 im-

14 1412 74 21 proper
106 1405 145 21 interference
272 1405 52 21 with
343 1405 36 22 the
404 1413 68 21 press,
494 1413 35 14 are
553 1406 39 21 the

13 1431 102 29 principal
124 1431 104 27 impulses
238 1435 21 17 to
271 1431 42 22 this
322 1432 92 22 decided
424 1433 138 27 proceeding.
565 1445 27 3 —

16 1461 69 20 Times.

40 1488 30 19 At
79 1485 36 22 the
124 1485 53 22 land
192 1485 45 22 sale
254 1493 28 14 on
298 1486 98 27 Monday
412 1487 51 25 last,
475 1490 38 19 out
529 1488 26 21 of
566 1488 26 22 75

14 1515 45 25 lots,
77 1512 50 27 only
136 1512 43 22 five
190 1519 55 15 were
262 1512 55 27 sold,
331 1513 39 21 viz.
379 1521 6 18 ;
402 1521 42 13 one
459 1514 37 26 lot,
508 1514 82 22 section

16 1542 10 20 s—one5
29 1552 24 4 —
54 1547 39 14 one
109 1540 40 25 Jot,
165 1539 111 21 suburban
296 1539 68 22 farms
367 1551 23 3 —
392 1540 45 21 and
457 1541 59 20 three
532 1544 60 19 town

14 1568 45 25 lots,
76 1565 82 23 section
171 1563 35 24 13.
216 1570 3 2 '
235 1566 66 21 None
322 1563 24 25 of
362 1567 61 21 these
439 1567 93 27 brought
547 1575 45 19 any

15 1595 93 22 advance
128 1600 27 14 on
174 1593 36 21 the
230 1596 64 24 upset
315 1594 78 26 price.,
420 1594 56 21 Mrs.
496 1594 94 22 H'obson

16 1621 80 27 bought
111 1619 60 21 three
186 1619 47 26 lots,
251 1619 45 22 Mr.
313 1620 94 21 Mitford
423 1628 50 19 one,
484 1621 45 21 and
546 1622 44 21 Mr.

16 1648 64 21 Black
101 1654 47 14 one.
176 1646 56 22 The.
245 1650 117 23 aggregate
379 1651 93 18 amount
488 1647 46 22 sold
549 1649 19 21 is
579 1657 13 13 a

18 1675 87 22 fraction
115 1680 49 14 ovei
172 1673 97 23 £120.—
270 1674 53 21 Ibid.
334 1672 3 4 '

42 1700 98 27 Arrived;
146 1702 33 19 'on
192 1699 36 24 tlie
240 1702 33 20 Ist
282 1701 26 20 of
314 1701 70 28 April,
394 1702 37 21 the
440 1703 150 25 Westminster,

18 1728 57 21 from,
80 1726 124 28 Plymouth,
211 1727 49 21 '4:h
275 1727 68 28 Dec:,'
352 1729 92 27 Captain
461 1730 78 27 Milne,
550 1733 42 20 610

18 1759 52 18 tons.
107 1755 130 24 Passengers
245 1762 34 13 :—
281 1755 65 21 Chas.
365 1756 76 27 Terry,
463 1756 59 28 Esq.,
544 1758 46 22 Col.

18 1779 97 28 Thomas^
126 1780 43 21 arid
187 1781 39 20 Dr.
242 1782 73 26 Best;'
392 1784 40 20 222
442 1783 85 28 bounty
537 1786 55 21 emi-

17 1814 70 21 grants
103 1807 78 25 under.,
187 1807 37 22 the
241 1808 79 27 charge
338 1808 24 22 of
371 1821 29 3 —
411 1810 100 26 Gordon,
529 1812 61 27 Esq.,

18 1833 294 29 Surgeon-superintendant.
326 1838 3 3 '
341 1836 47 22 The
404 1837 118 27 emigrants
540 1846 50 14 con-

19 1862 35 21 sist
62 1862 27 25 of,
101 1861 78 22 chiefly
190 1861 92 27 English
299 1862 84 32 people,
394 1864 57 21 from
463 1864 127 28 Yorkshire,

18 1888 36 21 but
68 1888 59 22 there
197 1895 61 14 some
274 1888 67 23 Irish'
351 1890 44 23 and
415 1892 20 20 a'
442 1891 43 21 few
503 1892 87 22 Scotch.

18 1916 65 21 There
94 1914 146 27 are'92'men,
251 1913 129 31 56'wbmen,
392 1918 27 22 37
433 1917 65 28 male,
510 1919 44 22 and
564 1921 27 21 30

19 1942 74 21 female
104 1941 104 26 children,
220 1942 46 21 and
275 1942 13 23 7
302 1943 84 22 infants
400 1945 56 22 born
474 1952 29 15 on
512 1946 77 22 board.

19 1969 44 21 The
73 1976 48 14 men
137 1975 37 14 are
190 1969 81 27 chiefly
281 1977 93 19 masons,
392 1971 140 27 bricklayers,
545 1973 45 22 and

17 1995 133 23 agricultural
162 1995 118 22 labourers,
292 1996 39 21 but
345 1997 60 22 fliere
421 2005 37 15 are
468 2005 13 18 a,
491 2000 41 22 few
544 2007 47 14 me-

18 2019 172 23 chanics.—'lbid.
216 2021 2 5 '
338 2025 3 3 ■
350 2024 4 5 •
428 2038 2 5 ,
462 2019 3 8 '
478 2025 4 5 *

41 2047 93 21 Colonel'
139 2047 96 21 Thomas
245 2048 44 21 and
300 2050 44 21 Mr.
355 2050 70 27 Terry
435 2051 57 23 have
504 2052 87 21 arrived

17 2073 19 22 in
46 2074 36 22 the
96 2071 156 28 Westminster,'
256 2082 24 14 as
291 2075 37 22 the
344 2076 70 22 acthe
431 2082 100 22 partners
542 2079 25 20 of
579 2087 12 13 a

16 2101 81 26 private
115 2101 113 27 Company
247 2102 34 20 for
298 2102 36 21 the
353 2105 138 25 prosecution
511 2105 25 21 of
553 2106 38 21 the

17 2128 147 21 manufacture
179 2128 25 20 of
211 2128 60 21 .New
287 2128 98 22 Zealand
400 2130 63 26 Flax,
475 2132 42 21 and
534 2132 57 21 have

16 2154 91 26 brought
122 2155 51 21 with
189 2155 60 21 them
313 2156 69 26 order,
400 2158 72 21 um'er
489 2158 35 21 the
541 2159 49 21 19th

16 2181 70 21 clause
104 2181 25 21 of
131 2182 3 4 '
140 2181 59 22 Lord
210 2179 115 29 'Stanley's
341 2186 40 23 act,
393 2186 23 19 to
432 2184 69 22 select
510 2188 80 24 twenty

15 2207 103 22 thousand
129 2216 60 13 acres
198 2209 26 20 of
235 2209 59 26 land,
305 2209 34 21 for
353 2210 37 21 the
405 2217 93 21 purpose
508 2212 24 21 of
545 2212 46 22 cul-

15 2235 90 26 tivating
116 2235 35 21 the
162 2235 129 22 Phormium
300 2236 86 27 Te'nax,
397 2237 43 22 and
451 2239 103 26 carrying
562 2247 28 14 on

16 2261 53 21 their
78 2261 140 27 speculation.
247 2263 63 26 They
321 2263 55 22 have
392 2264 90 28 already
495 2261 97 26 selected

16 2294 12 14 a
37 2288 63 21 block
116 2289 24 20 of
151 2287 61 22 land'
219 2289 34 21 for
267 2289 43 21 this
324 2297 94 20 purpose
435 2298 30 17 ou
478 2291 36 22 the
531 2292 61 22 Wai-

14 2322 42 19 roa,
73 2315 43 21 and
137 2315 37 21 the
190 2316 218 27 Suiveyor-General
423 2317 40 22 has
476 2318 41 22 left
531 2322 66 19 towiv

16 2341 49 21 with
82 2342 59 21 them
158 2342 42 21 this
216 2342 50 27 day,
279 2343 34 21 for
330 2343 35 22 the
376 2351 94 20 purpose
487 2345 24 22 of
521 2345 71 28 fixing

15 2367 35 22 the
65 2372 64 18 exact
143 2369 97 27 locality.
249 2386 2 5 ,
358 2377 89 22 secrecy
463 2372 18 21 is
498 2372 93 23 affected

16 2402 21 14 as
47 2398 20 18 to
77 2395 35 21 the
122 2395 83 26 precise
214 2396 92 21 method
315 2397 28 29 by
349 2397 72 22 which
431 2400 16 19 it
458 2399 17 21 is
485 2398 107 23 intended

18 2424 18 19 to
45 2424 94 19 torment
150 2423 36 22 the
198 2423 81 21 fibrous
294 2424 99 22 material
410 2425 48 21 into
475 2433 28 14 an
519 2427 71 22 useful

153 2449 40 21 but
202 2450 16 20 it
228 2450 18 21 is
256 2457 14 14 a
279 2450 45 22 fact
334 2451 47 21 that
396 2452 36 21 the
442 2454 150 26 enterprizing

16 2475 129 26 gentlemen'
155 2483 31 14 we
204 2476 56 22 have
282 2478 125 22 mentioned
423 2478 57 23 have
497 2480 96 27 brought

17 2506 34 16 out
60 2510 50 19 very
122 2503 112 23 extensive
244 2507 70 18 steam
329 2505 127 27 machinery
466 2506 92 23 suitable
569 2510 21 18 to

16 2528 33 22 the
73 2529 115 22 intention.
232 2530 62 27 They
314 2531 55 22 have
380 2536 3 4 '
393 2533 99 26 engaged
512 2537 36 18 ten
567 2541 25 14 or

16 2555 73 22 twelve
106 2557 25 20 of
148 2557 37 20 the
204 2557 118 27 emigrants
338 2559 22 21 in
380 2559 37 24 the
439 2561 149 27 Westminster,

16 2583 40 21 and
73 2583 44 21 Mr.
134 2584 75 26 Terry,
225 2584 50 22 who
291 2592 50 20 was,
360 2593 23 14 as
397 2586 19 23 is
433 2587 49 22 well
501 2588 88 27 known,

16 2609 59 21 when
85 2609 51 22 here
150 2610 83 27 before,
246 2618 57 20 upon
319 2616 67 19 terms
402 2614 27 21 of
439 2614 68 21 much
520 2615 70 27 amity

16 2636 47 21 with
73 2637 37 21 the
120 2637 73 22 native
204 2638 75 26 chipfs,
290 2639 41 21 has
346 2640 101 28 engaged
465 2641 37 22 the
516 2642 74 21 assist-

16 2669 49 15 ance
77 2664 25 20 of
111 2664 100 27 upwards
221 2664 26 22 of
259 2672 42 15 one
315 2666 103 22 hundred
428 2668 103 26 Maories,
543 2668 49 23 that

14 2689 26 21 he
49 2697 51 25 may
110 2691 44 21 lose
160 2688 33 23 'ho
206 2691 52 22 time
276 2692 23 21 in
314 2694 81 26 setting
413 2694 34 21 his
462 2694 129 29 machinery

13 2716 20 21 in
42 2718 87 24 motion'.
131 2729 27 3 —
158 2718 53 21 Ibidi.
285 2720 4 3 ■
355 2721 15 3 ■■
381 2721 4 4 ■
533 2718 3 4 •

65 2743 88 29 [copy.]
200 2740 4 8 '
219 2745 196 29 Downirig-stfeet,
428 2749 59 25 Sept.
499 2750 18 25 1,
529 2750 61 21 1842.

38 2770 46 27 Sir,
86 2782 27 4 —
115 2771 11 21 I
137 2779 35 14 am
183 2771 100 22 directed
295 2774 28 26 by
336 2774 57 21 Lord
404 2775 90 27 Stanley
505 2779 21 18 to
538 2776 52 22 ack-

15 2797 110 27 nowledge
134 2798 37 21 the
181 2798 84 28 receipt
280 2800 25 21 of
316 2807 56 19 your
386 2801 66 22 letter
470 2802 25 21 of
506 2802 37 22 the
553 2803 39 21 9th

15 2823 43 27 ult.,
70 2824 131 27 forwarding
216 2833 15 13 a
241 2826 92 27 petition
348 2830 22 18 to
387 2827 43 22 the'
440 2828 78 24 Queen
534 2830 58 21 from

16 2851 77 21 certain
96 2866 5 9 r
105 2851 135 22 irihabitants
254 2852 27 21 of
292 2854 126 27 Auckland,
429 2855 23 21 in
470 2856 54 21 New
534 2856 58 24 Zea-

14 2875 56 29 land,
87 2877 44 22 and
148 2881 23 18 to
186 2879 105 27 acquaint
305 2887 43 19 you
364 2881 22 21 in
407 2882 63 27 leply
489 2883 46 21 that
554 2884 38 20 the

16 2904 88 26 original
114 2905 25 21 of
151 2905 47 22 that
210 2906 95 27 petition
321 2906 41 23 has
374 2911 40 18 not
424 2906 55 25 been
489 2910 103 22 received

15 2929 90 28 through
118 2931 115 23 Governor
248 2932 100 29 Hobson,
360 2935 38 21 but
414 2935 49 22 that
476 2936 35 22 his
520 2937 73 22 Lord-

15 2957 44 27 ship
70 2957 38 22 has
118 2960 178 22 communicated
310 2960 52 23 with
378 2961 47 24 him
441 2970 30 14 on
488 2963 36 22 the
540 2964 53 21 sub-

12 2983 91 26 ject.—l
120 2993 42 19 am,
180 2986 41 26 Sir,
237 2994 57 20 your
310 2991 55 19 most
381 2989 105 22 obedient
502 2990 90 22 humble

14 3014 91 24 servant,
134 3014 2 4 '

40 3044 100 29 (Signed)
148 3068 3 4 .
197 3063 71 10 ..,
280 3048 75 25 James
366 3050 114 22 Stephen.
481 3061 28 5 —
509 3052 53 21 Ibid.
586 3058 3 3 •

38 3077 28 21 A.
80 3077 76 27 Willis,
167 3078 61 28 Esq.,
238 3080 13 19 3
263 3080 178 27 Crosby-square.

1227 101 92 25 nettled,
1330 101 45 22 and
1383 102 110 27 appeared
1498 110 25 14 as
1528 104 19 20 if
1554 103 28 21 he
1590 110 44 14 was
1642 104 68 21 about
1719 107 21 18 to
1750 104 63 22 with-

1227 125 67 27 draw,
1306 127 70 27 when,
1388 135 23 14 a*
1420 129 22 20 if
1469 135 59 16 stern
1539 137 62 14 sense
1611 130 23 21 of
1648 130 61 28 duty,
1720 131 89 25 against

1228 153 71 22 which
1315 153 26 21 he
1357 153 44 22 had
1416 154 56 23 been
1487 156 129 26 struggling,
1633 154 50 23 had'
1695 159 22 18 at
1724 157 90 27 -length'

1228 180 102 21 obtained
1345 180 37 21 the
1394 184 101 24 mastery,
1507 181 38 27 (he
1555 182 40 21 felt
1609 182 28 21 he
1653 186 59 17 must
1728 182 83 22 deliver

1225 205 2 10 :
1227 206 40 21 the
1272 204 73 27 letter,
1360 206 98 23 whether
1473 208 11 21 I
1494 215 44 14 was
1554 208 50 21 civil
1620 211 22 18 to
1651 208 47 21 him
1711 215 24 15 or
1751 210 58 26 not,)

1227 232 123 26 compelled
1359 232 48 22 him
1417 236 22 19 to
1448 241 75 20 pause,
1533 234 46 21 and
1588 234 28 21 he
1626 234 87 22 uttered
1722 242 14 14 a
1745 236 66 21 fami-

1227 258 41 22 liar
1278 265 72 19 name,
1362 258 70 23 which
1446 264 24 17 at
1479 267 55 15 once
1544 260 59 21 drew
1611 268 37 14 me
1658 261 94 22 towards
1764 262 45 21 him

1227 284 54 22 with
1294 291 28 14 an
1337 286 166 22 uncontrolable
1514 286 104 27 curiosity
1630 287 38 26 (he
1688 287 59 22 cried
1763 291 46 23 out,

1227 311 101 22 "Here's
1342 318 13 13 a
1365 311 63 22 letter
1442 312 35 22 for
1491 312 54 22 Mrs.
1564 313 84 22 Snooks
1667 313 48 26 (my
1723 315 85 25 name,)

1228 337 44 22 and
1281 337 80 21 there's
1370 340 112 24 twopence
1493 342 21 18 to
1524 346 43 19 pay
1575 340 35 19 for
1620 339 24 22 it.
1674 340 72 21 Down
1759 340 50 21 with

1228 364 45 21 the;
1371 370 2 6 ■
1391 364 11 21 I
1413 365 85 27 'sprang
1513 368 22 17 to
1552 365 37 21 the
1606 364 89 28 wicket;
1712 365 28 22 he
1759 366 52 22 held

1227 389 125 27 something
1360 390 24 21 in
1394 390 33 21 his
1438 392 58 21 hand
1507 392 47 25 (the
1564 392 81 25 letter.)
1675 392 12 21 I
1695 399 43 14 was
1744 393 67 21 about

1228 420 23 18 to
1260 415 78 23 snatch
1347 417 17 21 it
1372 416 80 25 hastily
1463 419 56 20 from
1534 418 51 27 him,
1602 418 44 21 and
1656 418 111 27 suddenly
1776 427 35 14 re-

1228 442 115 27 collecting
1359 443 86 28 myself,
1463 445 12 20 I
1486 444 39 21 felt
1542 444 59 22 what
1616 451 44 14 was
1669 445 50 21 'due
1735 448 23 18 to
1773 445 37 22 the

1228 472 100 23 stranger
1335 469 150 28 (two-pence,)
1493 471 43 21 and
1543 471 88 26 placing
1637 471 18 21 it
1664 471 24 21 in
1698 471 33 22 his
1738 478 71 21 grasp,

1229 496 37 26 (be
1275 495 103 22 clutched
1391 496 17 21 it
1418 497 110 27 savagely,
1544 497 43 21 and
1597 497 123 27 upbraided
1732 505 35 14 me
1778 498 33 21 for

1227 525 39 19 not
1281 521 67 27 being
1361 523 67 26 ready
1439 523 52 22 with
1505 524 19 20 it
1536 522 93 28 before,)
1648 524 10 21 I
1667 524 73 21 raised
1754 525 56 22 from

1228 549 36 21 the
1274 548 85 26 ground
1369 556 14 14 a
1390 548 72 23 letter.
1492 549 57 26 (The
1560 550 72 22 fellow
1640 550 45 22 had
1698 550 86 22 thrown
1794 551 17 22 it

1228 575 65 21 down
1303 574 21 21 in
1336 574 37 22 the
1387 575 65 26 rain.)
1482 573 47 25 The
1540 579 102 19 contents
1651 577 26 21 of
1689 578 47 20 that
1746 577 65 22 letter

1229 601 43 22 will
1287 608 67 14 never
1369 603 112 26 transpire,
1497 602 27 26 (it
1538 610 43 14 was
1599 610 13 14 a
1629 603 67 22 blank
1712 603 62 22 sheet
1789 605 24 20 of

1228 634 66 20 paper
1303 631 48 17 sent
1361 633 21 15 to
1397 627 58 23 hoax
1464 630 59 25 me;)
1540 629 43 21 and
1595 629 38 22 the
1649 633 102 24 stranger
1762 631 49 21 who

1230 653 93 26 brought
1331 653 17 22 it
1362 653 40 23 has
1413 662 67 14 never
1495 658 22 18 to
1528 655 41 21 this
1584 655 60 25 hour,
1650 657 59 21 been
1719 664 52 14 seen
1790 662 21 17 to

1228 680 65 22 stand
1302 683 22 17 at
1335 679 36 22 the
1380 680 55 22 little
1450 684 50 23 gate
1511 681 25 21 of
1548 689 36 19 my
1595 682 112 27 dwelling.
1737 683 74 28 (They

1229 714 39 19 say
1285 705 28 22 he
1331 706 41 22 has
1391 707 103 21 removed
1513 711 22 17 to
1551 707 91 23 another
1662 709 61 27 beat;
1745 710 39 21 but
1801 711 10 21 I

1229 732 110 22 shouldn't
1348 734 89 21 wonder
1446 733 20 21 if
1477 733 30 22 he
1514 733 41 22 has
1565 735 56 21 been
1632 736 136 27 transported
1778 736 34 22 for

1230 759 190 26 embezzlement.)
1424 772 26 3 —
1451 761 82 20 Punch.
1586 766 3 2 '
1776 768 7 7 ■•

1255 792 91 21 Women
1371 801 45 14 and
1440 794 91 21 Comets
1556 802 130 15 compared.
1686 806 28 4 —
1716 796 94 26 Comets,
1814 805 2 7 1

1229 819 119 27 doubtless,
1360 827 84 14 answer
1460 827 61 15 some
1531 821 49 21 wise
1590 821 45 22 and
1651 822 59 26 good
1719 829 92 20 purpose

1229 846 23 21 in
1263 845 37 22 the
1310 846 98 21 creation
1416 853 12 19 ;.
1438 855 24 13 so
1472 848 28 21 do
1510 855 93 14 women.
1633 848 88 22 Comets
1731 856 37 14 are
1778 850 34 21 in-

1230 871 196 28 comprehensible,
1439 874 112 26 beautiful,
1563 874 44 21 and
1614 876 119 26 eccentric;
1745 883 24 14 so
1775 883 36 14 are

1230 905 92 15 women.
1351 899 88 22 Comets
1449 900 63 21 shine
1521 900 50 21 with
1580 900 98 28 peculiar
1688 902 123 28 splendour,

1230 926 38 21 but
1277 928 23 18 at
1312 925 64 26 night
1385 932 80 21 appear
1483 932 57 16 most
1554 927 108 22 beautiful
1671 935 5 19 ;
1697 935 23 15 so
1731 929 28 21 do
1769 937 43 14 wo-

1228 958 60 15 men.
1316 951 90 22 Comets
1416 953 87 27 equally
1513 954 70 21 excite
1598 953 37 22 the
1646 954 134 23 admiration
1789 956 25 21 of

1230 979 37 20 the
1277 977 146 28 philosopher,
1440 980 43 21 and
1495 980 24 21 of
1532 980 37 21 the
1580 980 49 22 clod
1639 980 26 22 of
1679 981 37 22 the
1726 982 72 27 valley
1806 991 5 18 ;

1230 1012 23 14 so
1268 1005 27 21 do
1306 1012 93 14 women.
1427 1006 87 21 Comets
1529 1006 45 22 and
1589 1014 91 20 women,
1695 1008 116 28 therefore,

1230 1038 36 14 are
1274 1031 81 27 closely
1364 1031 125 28 analogous,
1500 1033 39 21 but
1547 1033 35 21 the
1590 1036 79 19 nature
1677 1035 25 20 of
1710 1035 54 22 each
1773 1036 39 21 be-

1229 1059 38 25 ing
1276 1057 142 26 inscrutable,
1437 1059 30 21 all
1477 1059 48 22 that
1533 1060 97 21 remains
1640 1061 33 20 for
1683 1069 26 14 us
1718 1064 22 19 to
1749 1062 28 21 do
1787 1063 24 26 is,

1230 1087 23 19 to
1264 1085 56 20 view
1329 1084 52 22 with
1396 1085 130 21 admiration
1536 1086 36 21 the
1583 1093 50 20 one,
1649 1087 44 22 and
1703 1088 79 22 almost
1792 1093 21 18 to

1232 1110 114 22 adoration
1356 1111 50 21 love
1417 1111 36 21 the
1465 1112 68 20 other.

1259 1142 103 22 Chinese
1376 1142 48 22 Tea
1439 1142 134 23 Making.—
1574 1143 48 23 The
1630 1144 92 22 Chinese
1729 1153 37 14 are
1773 1150 40 18 not

1232 1172 22 18 at
1265 1168 29 22 all
1309 1168 105 22 addicted
1430 1173 22 16 to
1465 1175 64 16 water
1545 1170 109 26 drinking.
1683 1172 62 27 They
1756 1173 58 21 distil

1232 1196 56 21 from
1299 1196 44 21 rice
1354 1196 81 21 certain
1451 1196 82 27 liquors
1547 1198 135 26 resembling
1696 1206 40 14 our
1752 1200 59 26 beer,

1230 1222 64 26 wine,
1306 1222 42 21 and
1358 1222 89 27 whisky,
1477 1222 47 21 The
1529 1230 66 20 grape
1602 1224 84 26 though
1694 1226 119 27 abundant,

1229 1248 20 22 is
1260 1252 38 17 not
1308 1248 54 22 used
1371 1248 35 22 for
1420 1256 42 19 any
1473 1249 53 22 such
1537 1257 100 20 purpose.
1666 1251 48 22 The
1728 1252 86 22 univer-

1232 1275 31 21 sal
1272 1275 99 21 national
1381 1276 108 26 beverage
1504 1276 19 21 is
1530 1280 49 18 -tea.
1608 1277 54 22 This
1676 1278 19 21 is
1705 1278 70 22 drank
1791 1280 23 20 in

1230 1302 112 21 unstinted
1352 1302 117 27 quantities
1480 1303 27 25 by
1518 1302 27 23 all
1557 1303 79 22 classes
1646 1304 25 21 of
1678 1304 36 21 the
1723 1306 86 26 people,

1230 1329 56 20 from
1296 1328 38 21 the
1350 1328 125 27 self-styled
1513 1330 44 21 Son
1568 1330 24 21 of
1742 1335 23 18 to
1776 1332 37 21 the

1230 1358 108 24 occupant
1360 1356 25 20 of
1398 1356 36 21 the
1449 1359 100 18 meanest
1563 1356 65 21 hovel
1646 1364 24 14 or
1686 1357 13 11 ''

1230 1382 28 21 So
1270 1389 117 14 enormous
1402 1382 18 21 is
1435 1382 38 21 the
1484 1383 151 27 consumption
1646 1384 26 21 of
1683 1387 36 18 tea
1736 1385 29 26 by
1776 1386 37 21 the

1230 1408 92 26 natives,
1333 1409 47 20 that
1390 1408 132 27 Macartney
1531 1409 19 22 is
1559 1410 25 20 of
1595 1409 89 27 opinion
1695 1410 48 22 that
1751 1412 21 21 if
1780 1412 34 21 the

1229 1435 87 27 foreign
1326 1434 96 22 demand
1439 1435 79 22 should
1533 1436 29 26 by
1571 1443 61 14 some
1646 1437 102 22 accident
1763 1438 50 21 sud-

1230 1461 65 27 denly
1305 1469 70 18 cease,
1394 1462 36 21 the
1445 1462 60 26 price
1516 1462 24 21 of
1552 1462 37 21 the
1601 1463 75 22 article
1688 1464 73 21 would
1773 1468 41 19 not

1230 1488 27 21 be
1271 1488 124 27 materially
1404 1488 99 21 affected.
1533 1489 71 31 Many
1613 1490 26 21 of
1651 1490 37 21 the
1702 1491 112 22 wealthier

1229 1514 86 22 natives
1325 1522 36 14 are
1373 1515 144 27 exceedingly
1526 1515 116 22 fastidious
1652 1516 22 21 in
1687 1516 56 23 their
1752 1521 62 24 taste,

1230 1541 71 22 which
1310 1542 52 26 they
1372 1542 80 26 gratify
1467 1542 29 27 by
1505 1542 37 21 the
1559 1549 38 15 use
1608 1542 26 21 of
1647 1546 46 19 teas
1710 1544 104 23 obtained

1230 1572 23 17 at
1261 1568 70 27 prices
1341 1568 49 21 that
1400 1568 73 21 would
1481 1569 75 21 startle
1562 1576 25 15 us
1597 1569 31 27 by
1635 1569 57 22 their
1699 1572 115 26 enormity.

1232 1595 21 21 It
1261 1596 25 25 is,
1302 1595 110 26 however,
1430 1596 52 26 only
1492 1595 37 22 the
1538 1603 54 19 very
1601 1596 48 21 rich
1658 1597 47 21 and
1714 1598 36 21 the
1761 1605 53 21 very

1229 1621 127 27 luxurious','
1359 1622 50 21 who
1423 1622 92 27 indulge
1531 1622 123 28 habitually
1668 1624 23 21 in
1707 1624 54 22 such
1778 1632 36 15 ex-

1231 1652 142 21 travagance.

1259 1685 93 20 Dublin
1372 1685 84 21 Police
1477 1686 99 21 Doings.
1578 1697 28 5 —
1714 1688 54 21 shall
1786 1696 29 13 we

1230 1709 60 23 fhree
1307 1715 55 18 meet
1496 1714 66 20 Much
1580 1721 24 14 as
1612 1715 36 20 the

1230 1740 24 20 of
1267 1741 35 19 the
1312 1741 115 19 inimitable
1441 1741 102 20 Mathews
1554 1742 36 19 has
1601 1742 52 20 been
1669 1742 62 21 admit
1736 1744 32 24 ed,
1780 1744 35 19 the

1251 1767 45 20 Not
1305 1770 23 17 at
1338 1767 68 21 Horne
1412 1768 4 8 1
1419 1769 4 10 '
1449 1768 25 20 of
1495 1769 60 20 other
1574 1770 74 25 people
1672 1770 45 23 has,
1737 1770 19 20 if
1777 1774 38 17 not

1230 1795 130 24 attractions,
1376 1798 23 17 at
1416 1795 52 20 least
1482 1796 27 19 its
1526 1797 148 22 convenience.
1704 1797 46 20 One
1768 1805 47 19 may

1230 1822 25 20 be
1261 1822 23 20 in
1294 1829 13 13 a
1315 1822 40 20 bad
1364 1822 97 25 humour,
1473 1829 23 14 or
1505 1824 119 19 indifferent
1635 1828 93 22 toggery,
1739 1826 52 20 have
1801 1833 12 12 a

1230 1850 73 25 smoky
1311 1850 103 26 chimney,
1424 1857 25 13 or
1458 1857 13 13 a
1478 1851 57 25 surly
1542 1851 46 20 wife
1596 1859 5 16 ;
1616 1852 50 23 and,
1675 1859 28 13 on
1711 1853 34 19 the
1756 1859 59 14 score

1230 1876 24 21 of
1265 1877 97 25 morality
1363 1888 26 4 —
1390 1878 53 25 why,
1454 1878 36 19 the
1502 1878 104 26 slip-shod
1615 1880 57 19 maid
1683 1880 25 19 of
1719 1880 28 19 all
1757 1881 59 19 work

1229 1904 19 20 is
1258 1904 35 20 the
1303 1906 81 18 utterer
1394 1904 24 20 of
1428 1905 36 20 the
1474 1906 48 19 base
1539 1907 93 25 coinage,
1643 1906 24 19 in
1676 1906 59 27 reply
1745 1909 22 18 to
1780 1908 35 19 the

1230 1932 84 26 inquiry
1329 1935 21 16 at
1367 1932 36 19 the
1418 1932 59 21 door.
1505 1932 49 21 You
1564 1940 33 13 are
1615 1934 38 19 but
1663 1940 26 13 an
1709 1940 107 21 accessory

1230 1959 70 20 before
1309 1959 36 20 the
1359 1959 50 20 fact.
1427 1969 1 2 ■
1439 1959 47 20 One
1502 1960 64 25 chary
1582 1960 24 21 of
1625 1961 33 20 his
1675 1967 108 20 presence,
1802 1969 13 13 a

1230 1992 75 20 person
1315 1986 23 20 of
1348 1986 88 26 retiring
1445 1987 76 23 habits,
1536 1994 49 19 may
1595 1988 51 19 have
1740 1989 76 20 within

1231 2014 66 18 which
1307 2014 85 24 passetb,
1496 2014 42 19 and
1551 2021 34 12 are
1597 2017 38 16 not
1698 2015 37 19 the

1230 2042 23 17 to
1270 2040 24 19 be
1311 2040 70 20 drawn
1398 2043 44 18 out.
1472 2040 42 20 But
1524 2041 109 20 commend
1643 2048 25 13 us
1686 2043 23 18 to
1718 2042 36 20 the
1769 2043 48 19 cool

1230 2066 170 26 self-possession
1410 2068 24 17 of
1446 2067 53 20 Mrs.
1516 2068 64 19 Sarah
1597 2068 98 26 Wrangle
1696 2079 26 4 —
1723 2076 62 14 name
1795 2071 24 19 of

1230 2099 56 14 nemo
1296 2099 32 14 me
1340 2094 82 24 impune
1431 2094 82 19 lacessit
1526 2094 121 21 attributes!
1651 2106 26 4 —
1677 2102 47 14 now
1741 2097 23 19 in
1779 2098 36 19 the

1231 2120 142 21 witness-box.
1403 2120 44 21 Her
1458 2121 55 20 little
1526 2128 67 18 room,
1608 2123 24 19 in
1646 2129 12 13 a
1674 2126 106 18 tenement
1794 2125 25 19 of

1230 2154 62 19 many
1299 2154 76 17 rooms,
1486 2149 37 19 her
1531 2149 33 20 for
1569 2149 93 26 parlour,
1672 2151 42 19 and
1721 2151 94 25 kitchen,

1230 2176 41 18 and
1280 2176 42 21 all,'
1328 2175 3 7 1
1341 2175 40 19 and
1392 2174 33 21 for
1435 2176 35 19 the
1484 2182 119 20 occupancy
1613 2177 83 20 thereof
1705 2178 36 20 she
1756 2179 59 25 paid,

1229 2202 60 20 when
1302 2202 78 20 coaxed
1397 2209 23 13 or
1430 2203 115 25 compelled
1562 2210 23 13 so
1595 2207 22 17 to
1636 2204 36 25 do,
1682 2205 35 20 the
1735 2207 81 24 precise

1230 2236 46 13 sum
1295 2229 24 20 of
1326 2229 264 28 'eightpence-halfpenny,
1606 2238 38 19 per
1664 2233 65 20 week.
1759 2233 64 26 Well,

1230 2257 67 19 round
1305 2263 57 13 came
1370 2257 102 26 Saturday
1479 2259 41 18 and
1526 2259 35 19 the
1569 2262 48 16 rent
1623 2259 106 26 collector,
1741 2267 13 13 a
1759 2261 56 21 little

1230 2290 55 18 man,
1296 2285 51 19 with
1357 2291 12 13 a
1378 2287 73 17 cotton
1465 2285 101 21 umbrella
1574 2286 23 20 in
1607 2292 40 14 one
1656 2287 70 22 hand,,
1738 2289 42 19 and
1789 2296 26 12 an

1230 2314 89 17 account
1330 2311 56 22 book
1396 2312 22 19 in
1428 2313 36 19 the
1474 2313 66 20 other.
1569 2313 44 20 The
1623 2315 79 19 former
1711 2315 26 20 he
1744 2316 41 20 left
1794 2318 21 18 to

1230 2339 45 26 drip
1286 2345 28 13 on
1331 2339 35 20 the
1376 2339 62 20 stairs
1446 2347 5 16 ;
1474 2341 35 19 the
1519 2341 61 19 latter
1595 2341 25 19 he
1637 2342 87 27 opened,
1737 2344 52 19 took
1804 2350 12 13 a

1229 2372 41 20 pen
1284 2366 56 20 from'
1354 2367 78 20 behind
1441 2367 33 20 his
1489 2374 43 17 ear,
1543 2368 41 20 and
1601 2369 97 20 knocked
1712 2370 51 20 with
1781 2371 35 20 the

1230 2394 91 20 knuckle
1331 2393 24 20 of
1366 2395 33 19 his
1414 2395 56 24 right
1479 2395 111 26 forefinger
1604 2396 82 25 against
1695 2397 36 20 the
1745 2401 71 17 centre

1230 2422 61 25 panel
1297 2422 24 19 of
1329 2419 58 24 Mrs.'
1394 2421 116 26 Wrangle's
1519 2423 57 22 door.
1605 2423 54 20 Mrs.
1667 2424 100 26 Wrangle
1775 2432 40 13 was

1305 2452 23 16 at
1448 2452 24 17 at
1489 2450 52 20 least
1560 2450 37 20 she
1616 2451 80 20 herself
1717 2452 45 20 told
1780 2454 36 19 the

1230 2476 222 27 weeks-money-man
1472 2483 30 14 so.
1503 2488 28 4 —
1555 2477 11 20 I
1575 2478 59 19 knew
1646 2485 33 13 me
1689 2485 127 20 appearance

1230 2510 40 13 was
1287 2504 58 26 quite
1362 2507 82 22 strange
1454 2506 23 18 to
1492 2504 51 25 him,
1561 2511 36 19 yer
1750 2508 65 25 quoth

1230 2530 71 21 Sarah.
1333 2531 61 20 "An'
1406 2538 30 18 so,
1451 2538 47 20 says
1510 2532 11 19 I
1542 2532 42 26 (my
1599 2533 78 25 pocket
1687 2534 55 20 bein'
1757 2536 58 25 quite

1228 2558 65 26 lanky
1305 2558 64 26 itself,
1385 2560 33 18 an'
1434 2565 22 14 as
1472 2562 70 24 empty
1557 2567 21 13 as
1593 2566 13 13 a
1622 2556 110 25 dissentin'
1748 2563 66 20 house

1229 2591 29 14 on
1267 2592 13 13 a
1289 2586 80 26 charity
1379 2593 84 17 sermo.n
1476 2587 60 26 .day),
1550 2587 54 20 Mrs.
1619 2588 99 28 Wrangle
1727 2590 18 19 is
1761 2584 62 32 gone!,

1229 2616 31 22 to,
1274 2613 175 25 Dhrumcondra,.
1460 2615 54 27 sir,'|
1535 2621 47 19 says
1600 2614 18 25 I,
1700 2617 87 20 .breathe
1802 2624 21 18 a,

1229 2640 114 21 mouthfull
1352 2641 144 26 o^salubrious
1572 2648 55 20 says,
1632 2642 17 25 l,
1681 2643 33 20 for
1721 2645 34 19 the
1761 2645 54 25 good
1820 2652 3 18 ;

1229 2668 24 19 of
1264 2668 37 20 her
1311 2668 70 21 health
1387 2676 6 16 ;
1408 2669 33 22 a,n'
1451 2670 23 18 in
1484 2670 45 19 that
1539 2676 46 13 case
1597 2670 34 19 'tis
1639 2670 29 19 all
1687 2674 37 17 out
1734 2672 79 25 impos-

1228 2695 54 20 sible,
1295 2696 45 20 that
1353 2697 36 19 the
1404 2696 250 28 eightpiace-halfpenny,
1662 2704 40 14 can
1720 2699 25 19 be
1762 2706 51 19 pro-

1229 2724 147 26 duced,','says
1387 2724 18 19 I.
1418 2738 3 4 .
1435 2717 14 17 il
1455 2724 68 20 Don't
1532 2727 73 23 expect
1614 2725 34 26 it,,
1649 2725 23 19 if,
1686 2732 43 19 you
1738 2727 75 25 plaize,

1297 2757 48 19 says
1362 2751 23 24 I;
1411 2750 52 21 ''an'
1482 2752 59 19 when
1550 2753 37 19 she
1603 2755 59 17 retur
1656 2769 5 8 ;
1663 2759 26 14 o3
1702 2753 58 25 ,frpm
1764 2771 7 6 r
1777 2754 37 20 her

1229 2778 111 20 excurshia
1351 2778 36 20 I'll
1393 2784 81 20 .engage
1485 2779 34 19 'tis
1534 2779 38 20 hot
1581 2780 34 19 an'
1624 2786 65 17 .vrarm
1697 2781 68 26 you'll
1780 2784 35 23 get

1229 2812 37 19 yer
1288 2805 71 21 lawful
1377 2806 62 20 dhue.
1469 2807 55 25 Why
1542 2807 52 19 not2
1604 2820 4 9 t
1614 2809 37 17 an\
1665 2809 32 18 tin
1717 2809 96 21 thousan'

1229 2833 132 31 welcomes^'
1379 2840 46 19 says
1440 2833 22 27 I.;
1462 2844 26 4 —
1512 2831 133 32 Well^what
1692 2835 29 20 all
1735 2836 41 20 this
1792 2840 22 16 to

1230 2866 36 20 say
1282 2864 21 16 to
1322 2867 53 20 your
1389 2861 74 26 charge
1478 2861 81 25 against
1571 2862 67 20 these'
1647 2863 48 21 two.

1228 2888 98 25 inquired
1347 2889 34 19 his
1404 2889 97 26 worship.
1503 2899 27 4 —
1627 2896 35 13 on-
1674 2889 52 21 me"'
1731 2891 82 24 honest,

1228 2915 79 25 lawful,
1317 2917 33 18 an'
1362 2915 68 31 fairly^
1434 2917 62 19 taken
1590 2917 117 26 responded
1717 2918 53 20 Mrs.
1780 2918 33 20 W.

1228 2943 165 26 impressively—
1393 2943 44 20 -''it
1447 2944 37 19 has
1494 2950 13 13 a
1515 2948 69 21 power
1594 2946 21 17 to
1622 2936 40 33 §ay
1669 2941 33 23 *ifr?
1716 2940 97 29 because,

1228 2976 43 20 you
1289 2976 42 18 see,
1354 2971 37 19 the
1410 2971 83 25 daysint
1503 2971 63 19 -little
1583 2977 50 13 man
1651 2972 111 19 reshumed
1782 2972 32 20 his

1228 2993 150 32 parapluejjan'
1390 3000 38 23 put
1435 3004 37 19 up:
1476 2998 38 19 his,
1527 2998 121 25 spectacles,
1658 3000 42 18 an.stuck.
1704 2999 61 20 stuck
1779 3000 36 19 the

1229 3025 38 26 pin
1274 3025 78 20 behind
1360 3025 34 20 his
1401 3025 121 25 auvagain,'
1529 3026 6 9 '
1542 3025 48 19 'Tis.
1595 3029 28 15 no
1630 3026 127 26 consekins,'
1768 3032 46 22 says

1229 3053 34 24 he,
1275 3054 12 10 '*
1293 3052 10 20 I
1314 3059 39 13 can
1369 3052 51 20 look
1435 3052 23 20 in
1463 3053 4 4 '
1475 3053 136 19 to-morrow.'
1639 3052 66 21 iThim.
1721 3059 43 14 wor
1780 3054 39 20 his*

1229 3086 50 19 very
1292 3080 75 23 words,
1382 3080 34 26 an,'
1432 3080 28 19 he
1474 3079 140 20 meandherin'
1627 3080 30 19 off
1675 3080 42 19 wid
1730 3080 86 21 himself

1228 3107 86 20 whin—
1314 3117 27 5 —
1341 3108 16 21 V,
1357 3117 29 5 —
1489 3107 61 25 what,
1568 3106 34 21 for
1616 3107 103 25 goodness

1228 3134 133 26 interrupted'
1383 3134 36 20 the
1427 3153 2 3 .
1442 3134 126 26 magistrate.
1570 3145 29 4 —
1622 3134 62 21 Whin
1698 3147 4 18 ;
1706 3134 53 21 Jane
1787 3136 26 21 O'

1332 3161 96 23 resumed
1444 3162 36 19 the
1494 3161 160 26 complainant,,-
1738 3163 77 20 bitthcr

1228 3189 58 20 weed
1294 3190 25 19 in
1328 3190 36 19 the
1374 3189 61 25 dock,
1452 3189 41 22 wid
1502 3195 13 14 a
1528 3188 45 21 face
1582 3189 43 20 like
1634 3196 28 15 an
1675 3190 140 21 earthenware

1229 3219 73 25 taypot
1311 3216 69 27 you'd-
1385 3217 42 27 buy
1434 3216 33 20 for
1477 3216 118 26 fourpince,
1605 3217 78 20 rushed
1691 3221 38 16 out
1739 3218 24 19 of
1776 3218 38 21 her

1230 3251 59 13 room
1298 3245 96 25 opposite
1400 3251 5 18 ;
1407 3254 27 4 —
1437 3240 69 30 fcome
1524 3241 58 29 back,
1595 3244 42 20 Mr.
1648 3244 102 27 Jinkins,'
1768 3252 47 20 says

1220 3284 3 7 .
1230 3272 44 24 she,
1284 3272 84 19 bawlia'
1380 3273 38 19 out
1427 3275 22 16 to
1460 3272 35 22 the
1502 3270 216 28 fair-an'-easy-goia'
1729 3279 56 13 man.
1793 3279 22 14 as

1229 3299 52 20 loud
1289 3305 23 14 as
1321 3299 19 20 if
1351 3299 37 20 the
1395 3299 69 21 whole
1464 3294 3 13 1
1472 3298 3 10 '
1479 3299 58 26 place
1546 3297 46 22 was'
1604 3299 22 19 in
1635 3305 13 14 a
1657 3299 65 27 blaze,
1742 3301 73 19 'come

1230 3326 59 24 back,
1301 3326 11 19 1
1329 3326 37 20 bid
1374 3326 58 26 y.ou,'
1443 3332 54 20 -pays
1507 3327 44 21 she,
1648 3326 99 26 Wjrangle
1757 3328 19 20 is
1786 3334 28 13 no

1230 3359 57 15 more
1306 3355 22 19 at
1343 3353 162 21 Dhrumcondra
1524 3353 51 20 than
1592 3353 74 21 Queen
1672 3366 2 5 .
1682 3353 97 21 .Victoria
1789 3355 24 21 .is

1229 3380 79 27 playin'
1318 3379 58 28 pitch
1384 3380 43 27 ;an'.
1437 3383 44 18 toss
1490 3378 196 33 this^ininmt'.with
1695 3381 36 20 the
1747 3381 67 21 Edin-

1232 3408 65 25 burgh
1313 3411 64 17 town-
1380 3409 90 20 council.
1499 3407 68 21 There
1585 3408 56 20 she's
1658 3409 68 24 there,
1742 3409 73 20 before

1229 3442 38 19 yer
1282 3437 44 26 two,
1340 3442 57 19 eyes,
1414 3433 53 23 after
1477 3435 74 20 closin'
1567 3433 35 21 the
1613 3435 52 20 door
1680 3435 23 20 in
1713 3442 37 19 yer
1765 3442 50 20 very

1229 3468 50 20 very
1295 3463 52 24 face,
1365 3463 35 19 an'
1413 3463 41 23 .she
1470 3463 37 20 has
1519 3457 68 30 'every
1606 3461 156 28 conv'ayniency
1782 3463 33 21 for

1229 3489 71 27 payin'
1310 3490 37 20 her
1356 3489 71 23 lawful
1436 3489 66 21 dimes
1509 3496 6 17 ;
1530 3495 24 13 so
1562 3489 61 26 don,'t
1633 3489 25 21 be
1664 3490 151 21 circumvinted

1230 3517 25 20 be
1274 3517 37 20 her
1329 3517 153 24 inthrecacies,'
1499 3522 47 20 says
1653 3515 133 29 (Laughter).
1788 3528 27 5 —

1230 3544 124 26 Magistrate
1360 3552 6 13 :
1380 3545 59 25 This,
1451 3544 24 20 of
1486 3549 81 18 course,
1577 3543 36 21 led
1622 3545 22 18 to
1655 3544 36 20 the
1700 3545 97 20 collision
1804 3546 9 19 ?

1228 3582 29 5 —
1257 3571 55 23 Mrs.
1329 3571 98 26 Wrangle
1435 3578 6 12 :
1453 3567 3 6 '
1465 3571 12 20 I
1493 3571 50 19 wint
1559 3576 27 20 up
1604 3573 22 17 to
1642 3571 74 20 her—'
1722 3572 92 27 Jimmey

1230 3598 108 25 O'Brien,'
1347 3605 34 15 see
1392 3599 19 24 I,
1424 3600 6 10 '
1437 3598 35 20 an'
1481 3597 65 21 that's
1557 3599 54 19 what
1627 3605 37 19 yez
1674 3599 66 26 ought
1749 3602 23 18 to
1789 3600 26 20 be

1229 3626 73 25 called,
1322 3626 33 21 for
1374 3632 38 20 yer
1434 3632 23 14 as
1475 3625 65 21 noted
1562 3631 27 14 an
1608 3625 101 21 informer
1726 3633 24 14 as
1769 3627 46 20 that

1228 3653 114 25 gintleman
1360 3654 47 19 that
1423 3653 79 20 danced
1518 3653 70 20 before
1606 3652 143 23 Kilmainham
1764 3654 51 26 long

1229 3686 39 20 ago
1269 3691 27 5 —
1296 3680 46 21 how
1348 3680 49 21 dare
1406 3680 41 27 ye,'
1457 3680 60 24 sezl,
1528 3682 52 25 'put
1586 3686 54 19 your
1644 3680 172 23 ill-conditioned,

1229 3708 57 19 show
1295 3708 26 19 of
1332 3714 12 13 a
1354 3714 51 14 nose
1414 3708 46 20 into
1470 3708 67 20 where
1545 3708 36 20 it's
1588 3709 40 18 not
1636 3708 82 20 wanted
1724 3709 8 19 ?
1750 3708 64 21 Come

1230 3734 52 26 out,'
1293 3741 34 13 sez
1337 3734 19 27 I,
1376 3736 6 9 '
1390 3735 33 20 till
1432 3741 31 15 we
1472 3741 85 14 reasons
1567 3740 64 21 cases,
1642 3734 35 21 an'
1688 3734 35 21 I'll
1731 3736 84 27 explain

1229 3762 35 20 ihe
1273 3761 52 27 folly
1335 3762 20 21 o'
1370 3768 38 20 yer
1417 3762 91 21 conduct
1518 3765 22 17 to
1551 3762 53 26 yez.'
1633 3762 27 21 So
1670 3762 37 21 the
1721 3766 94 19 moment

1230 3789 37 20 she
1276 3789 90 25 showed,
1383 3789 12 20 I
1405 3790 50 25 only
1464 3789 78 21 dashed
1558 3797 12 13 a
1579 3795 105 21 saucepan
1693 3789 21 20 o'
1730 3793 84 23 preaty-

1229 3816 78 21 wather
1323 3816 23 21 in
1362 3817 39 20 her
1416 3816 71 21 faco—
1491 3816 69 21 'Take
1574 3817 61 24 that,'
1653 3823 49 20 says
1720 3816 19 26 I,
1759 3818 56 25 'you

1230 3842 91 21 infarnal
1336 3844 75 26 plague
1427 3843 21 20 o'
1467 3844 36 20 the
1515 3843 120 27 .premises.'
1674 3843 67 26 (Here
1759 3844 64 22 Mrs..

1230 3870 99 26 Wrangle
1334 3870 100 26 indulged
1442 3870 23 21 in
1474 3877 14 13 a
1493 3870 55 21 little
1559 3870 133 26 cachinatory
1698 3871 116 20 recreation

1227 3900 26 17 at
1261 3898 36 19 the
1307 3898 134 19 recollection
1450 3897 25 20 of
1477 3910 2 6 >
1487 3898 37 20 her
1533 3898 43 20 feat
1583 3904 7 17 ;
1604 3897 63 20 while
1675 3898 37 19 the
1717 3898 95 23 accused,
1819 3914 3 5 ,

44 3195 78 24 Bank
149 3195 176 25 Interest:.—
325 3197 23 24 lt
367 3199 47 22 will
435 3200 35 23 be'
487 3208 52 17 seen
562 3202 31 31 by

14 3228 183 24 advertisements
291 3239 33 16 we
337 3239 56 24 copy
404 3232 59 24 from
474 3233 39 23 the
530 3232 62 33 Syd-

14 3268 38 24 ney
64 3260 100 32 Herald,
176 3263 49 23 that
237 3263 38 24 the
287 3268 44 19 two
342 3264 100 32 English
454 3266 88 30 Banks,
555 3268 38 23 the

14 3294 66 25 Bank
92 3296 25 23 of
131 3294 145 26 Australasia
284 3298 48 22 and
343 3298 43 23 the-
393 3299 80 23 Union
483 3299 68 25 Bank
572 3303 24 22 of

14 3327 122 32 Australia,
148 3329 59 24 have
215 3330 99 25 lowered
381 3336 49 19 rate
449 3332 25 23 of
489 3333 105 25 discount

14 3364 20 19 to
46 3362 62 30 eight
117 3371 40 23 per
169 3367 59 20 cent.
234 3362 3 5 '
274 3364 50 24 The
341 3365 95 23 interest
452 3374 29 15 on
494 3366 100 32 deposits

14 3393 18 23 is
44 3395 45 23 still
99 3396 101 25 allpwed.
209 3393 5 4 *
322 3399 10 10 '•

39 3435 75 23 Union
127 3437 66 21 Bank
203 3445 25 14 of
238 3438 172 23 Australia.—
412 3440 80 22 Notice
501 3440 18 23 is
529 3440 65 23 here-

16 3461 26 26 by
51 3463 73 26 given;
134 3463 50 22 that
196 3465 56 21 from
264 3465 37 21 the
313 3467 32 20 Ist
355 3466 26 21 df
394 3467 64 27 April
475 3471 59 23 next,
555 3468 38 23 the

16 3493 42 17 rate
68 3490 25 21 of
104 3490 103 22 discount
216 3498 29 14 on
254 3491 51 22 bills
313 3496 40 17 not
362 3493 84 27 having
461 3501 61 15 more
538 3494 55 23 than

18 3521 37 15 one
73 3517 99 21 hundred
188 3517 54 27 days
256 3522 23 17 to
294 3526 49 20 run,
346 3518 2 7 1
360 3520 44 22 Will
420 3520 26 22 be
465 3521 97 22 reduced
573 3526 20 18 to

18 3542 56 26 eight
82 3550 38 21 per
129 3546 59 20 cent,
195 3551 39 21 per
239 3552 93 15 annum.
360 3546 47 23 The
414 3552 47 17 rate
469 3548 25 21 of
501 3548 94 23 interest

18 3571 19 17 to
55 3569 27 21 be
100 3570 92 22 allowed
209 3571 57 21 from
283 3571 49 22 that
349 3573 57 27 date,
427 3581 30 15 on
475 3574 38 22 the
532 3575 62 27 daily

17 3594 94 24 ballance
120 3597 25 21 of
156 3600 89 19 current
254 3602 110 23 accounts,
375 3600 46 22 will
434 3601 28 22 be
477 3601 62 23 three
555 3609 40 21 per

18 3625 53 19 cent,
79 3630 39 19 per
128 3631 88 15 annum.
218 3635 29 5 —
247 3625 23 21 J.
281 3626 53 26 Sea,
343 3626 114 28 Manager.

42 3647 65 24 Bank
129 3658 26 14 of
182 3651 143 28 Australia,
357 3653 176 24 Incorporated
565 3663 29 15 by

19 3674 74 24 Royal
104 3677 115 22 Charter.
221 3689 28 4 —
251 3679 80 21 Notice
341 3679 18 21 is
369 3680 82 28 hereby
460 3681 73 28 given,
546 3682 49 23 that

18 3701 53 21 from
79 3703 43 22 and
131 3704 55 22 after
195 3705 38 21 the
243 3707 34 20 Ist
285 3705 65 28 April
365 3710 61 23 next,
444 3708 37 21 the
497 3712 58 19 rates
572 3710 24 21 of

18 3729 85 21 interest
111 3734 89 18 current
208 3736 23 17 at
239 3732 44 21 this
292 3732 71 27 Bank,
376 3734 43 21 will
429 3734 28 22 be
463 3742 24 14 as
494 3735 85 23 follows
587 3744 6 13 :

18 3754 120 24 •—Interest
146 3757 93 23 allowed
249 3766 30 15 on
289 3762 90 19 current
388 3766 107 17 accounts
510 3769 29 15 on
556 3762 38 23 the

20 3781 55 26 daily
83 3781 106 30 ballance,
199 3787 23 19 at
232 3785 38 22 the
279 3788 48 19 rate
336 3786 26 21 of
369 3785 61 24 three
439 3795 40 19 per
486 3791 57 20 cent,
553 3796 41 20 per

19 3811 85 19 annum.
141 3810 35 22 On
192 3811 86 29 deposit
284 3812 101 28 receipts,
395 3814 96 26 payable
500 3819 23 18 at
531 3815 63 23 three

20 3834 81 21 months
111 3836 78 27 notice,
199 3842 23 18 at
230 3838 38 22 the
277 3841 55 19 rate,
335 3839 26 22 of
370 3839 44 22 five
427 3848 41 18 per
481 3845 59 19 cent,
554 3849 41 21 per

20 3863 86 19 annum.
139 3862 93 24 Interest
247 3865 97 28 charged
360 3873 28 14 on
403 3861 51 28 bills
463 3871 41 19 not
511 3868 84 28 having

21 3889 55 18 more
85 3887 51 25 than
144 3896 41 16 one
194 3890 102 24 hundred
305 3892 55 29 days
369 3896 22 18 to
400 3900 50 21 run,
467 3898 23 18 at
498 3894 38 23 the
545 3899 48 18 rate

65 3139 224 24 COLONIAL'
303 3139 229 31 EXTRACTS.

730 1674 360 24 MISCELLANEOUS.

646 1726 50 22 The
702 1725 94 23 Waltz.
798 1737 26 4 —
825 1727 33 21 As
865 1734 67 19 many
939 1729 20 19 of
969 1727 37 21 the
1015 1727 83 21 retired
1105 1730 97 19 matrons

621 1752 25 22 of
661 1753 44 21 this
723 1753 51 26 city,
795 1753 114 22 unskilled
926 1754 21 21 in
1166 1762 36 14 are

619 1779 114 22 doubtless
739 1780 104 26 ignorant
850 1780 25 21 of
884 1781 36 20 the
929 1783 136 18 movements
1072 1781 44 21 and
1124 1781 78 27 figures

619 1805 23 22 of
655 1805 43 22 this
711 1806 89 22 modest
814 1807 127 26 exhibition,
957 1807 10 21 I
980 1806 43 22 will
1039 1807 127 22 endeavour
1181 1812 21 18 to

618 1833 50 26 give
678 1840 61 14 some
749 1837 95 18 account
854 1834 26 21 of
886 1834 24 27 it,
926 1834 22 21 in
957 1834 64 21 order
1032 1833 48 21 that
1090 1835 53 26 they
1151 1842 51 20 may

619 1860 61 21 learn
696 1860 59 21 what
774 1861 43 21 odd
833 1868 75 19 capers
929 1861 56 21 their
999 1859 119 28 daughters
1132 1869 70 14 some-

620 1887 64 21 times
690 1891 39 17 cut
737 1887 64 22 when
807 1887 57 21 from
872 1887 69 21 under
948 1888 55 21 their
1009 1887 108 26 guardian
1126 1888 75 27 wings.

618 1924 28 4 —
647 1913 35 21 On
697 1920 13 15 a
726 1914 73 27 signal
812 1915 68 25 being
894 1915 65 26 given
974 1915 32 26 by
1018 1913 39 22 the
1073 1914 77 28 music,
1164 1916 38 21 the

618 1940 127 27 gentleman
754 1941 69 21 seizes
833 1941 38 21 the
880 1940 53 27 lady
942 1940 71 23 round
1021 1940 41 22 her
1072 1941 62 21 waist
1141 1949 6 20 ;
1164 1942 37 21 the

618 1967 59 26 lady,
694 1967 106 27 scorning
810 1971 22 17 to
840 1968 29 21 be
879 1972 40 16 out
933 1967 54 22 done
996 1967 25 21 in
1031 1972 109 23 courtesy,
1150 1975 52 21 very

618 1993 91 27 politely
727 1994 64 21 takes
807 1994 36 21 the
858 1994 118 26 genleman
994 1993 75 21 round
1084 1993 37 22 the
1138 1996 63 26 neck,

619 2019 52 21 with
686 2026 41 14 one
741 2027 49 14 arm
805 2020 84 26 resting
904 2021 86 26 against
1007 2019 41 21 his.
1058 2019 104 23 shoulder
1179 2025 22 17 to

618 2048 100 24 prevent.
721 2045 189 21 encroachments'.
939 2047 76 25 Away,
1027 2045 61 26 then,
1103 2047 53 26 they
1166 2055 35 18 go,

622 2072 72 25 about,
713 2071 45 21 and
773 2071 73 28 abont,
863 2071 44 21 and
926 2072 66 22 about
992 2082 28 5 —
1136 2073 65 27 what,

680 2109 28 4 —
708 2097 77 23 About
800 2098 36 21 the
851 2104 70 20 room,
941 2099 96 24 madam,
1056 2101 23 18 to
1099 2098 27 22 be
1145 2107 56 15 sure.

619 2125 46 21 The
681 2125 71 21 whole
769 2132 108 19 economy
887 2125 26 21 of
926 2125 40 21 this
982 2125 77 21 dance;
1070 2125 92 23 consists
1178 2128 23 20 in

620 2151 88 27 turning
722 2151 74 22 round
805 2151 42 21 and
857 2151 74 21 round
944 2152 35 21 the
990 2158 61 16 room
1061 2151 23 21 in
1095 2159 13 14 a
1118 2154 83 22 certain

620 2178 116 21 measured
746 2182 47 23 step
801 2186 6 19 ;
824 2178 44 22 and
877 2178 18 21 it
909 2179 18 20 is
943 2178 56 27 truly
1009 2178 138 28 astonishing
1155 2180 47 22 that

620 2205 42 21 this
668 2205 122 21 continued
797 2205 123 24 revolutfou
929 2205 50 24 does
987 2209 38 17 not
1034 2209 32 17 set
1072 2205 56 22 their
1134 2207 68 22 heads

620 2232 123 26 swimming
752 2232 45 21 like
808 2239 12 14 a
830 2236 47 27 top;
889 2232 40 21 but
940 2232 10 21 I
956 2232 58 22 have
1022 2231 56 21 been
1087 2233 115 28 positively

620 2259 88 21 assured
720 2259 46 21 that
775 2259 18 21 it
804 2258 50 27 only
862 2259 110 21 occasions
983 2266 13 14 a
1006 2259 73 26 gentle
1091 2260 110 22 sensation

621 2285 70 21 which
701 2286 19 21 is
727 2285 156 27 marvellously
889 2285 122 27 agreeable.
1040 2285 29 21 In
1079 2285 37 23 the
1126 2294 76 15 course

620 2313 26 20 of
653 2312 42 21 this
710 2312 218 26 circumnavigation,
945 2313 34 21 the
990 2311 99 27 dancers,
1105 2313 24 21 in
1140 2314 62 22 order

620 2341 22 19 to
658 2339 50 26 give
726 2339 38 21 the
780 2339 76 21 charm
872 2339 25 21 of
910 2339 89 28 variety,
1016 2346 37 14 are
1070 2340 132 28 continually

619 2365 111 27 changing
748 2365 57 22 their
827 2365 93 22 relative
944 2365 122 26 situations,
1068 2376 28 5 —
1097 2374 49 15 now
1165 2369 37 21 the

618 2393 136 26 gentleman,
771 2393 104 26 meaning
890 2400 29 13 no
931 2393 60 21 harm
1006 2391 25 22 in
1048 2393 44 24 the,
1098 2394 73 26 world,
1191 2395 11 21 I

619 2426 75 14 assure
703 2427 51 20 you,
766 2419 95 26 madam,
873 2419 81 28 caresly
962 2419 66 26 flings
1038 2419 34 22 his
1078 2427 46 16 arm
1134 2421 68 22 about

620 2446 38 21 the
668 2446 72 27 lady's
754 2446 63 25 neck,
830 2445 52 22 with
892 2453 28 14 an
931 2447 31 21 air
972 2446 25 22 of
1008 2445 100 23 celestial
1116 2447 86 28 impud-

620 2480 64 19 ence;
696 2473 43 21 and
745 2480 66 18 anon,
823 2473 36 21 the
866 2473 58 27 lady,
933 2473 102 26 meaning
1042 2480 25 14 as
1074 2473 55 22 little
1140 2475 61 21 harm

619 2506 23 14 as
658 2500 36 21 the
711 2500 134 27 gentleman,
865 2500 62 21 takes
945 2497 43 25 li'iin
1005 2500 74 22 round
1093 2501 36 21 the
1141 2503 60 20 waist

620 2527 50 21 with
686 2530 57 18 most
758 2526 116 27 ingenious
891 2526 83 22 modest
990 2527 102 26 languish
1096 2532 66 23 ment,
1180 2533 21 17 to

619 2553 37 21 the
670 2557 64 23 great
748 2553 84 27 delight
851 2553 25 21 of
891 2560 119 16 numerous
1025 2557 118 24 spectators
1159 2556 43 21 and

619 2584 117 23 amateurs,
743 2581 49 21 who
801 2580 111 28 generally
920 2581 54 21 form
985 2588 13 14 a
1006 2579 55 28 ring,
1074 2588 24 14 as
1105 2581 36 22 the
1152 2583 50 21 mob

619 2607 28 21 do
663 2608 69 21 about
741 2614 12 14 a
769 2607 47 27 pair
825 2607 24 21 of
864 2614 103 14 amazons
981 2607 88 28 pulling
1079 2616 58 20 caps,
1154 2616 25 15 or
1189 2618 12 13 a

619 2634 77 27 couple
713 2635 26 20 of
753 2634 94 26 fighting
864 2632 128 24 mastiffsl—
992 2634 66 22 After
1074 2637 128 26 continuing

618 2661 43 21 this
672 2661 74 21 divine
754 2660 142 27 interchange
902 2661 25 21 of
935 2661 71 23 hands
1015 2668 66 20 arms,
1093 2666 107 24 etcetera,

619 2687 35 21 for
665 2687 156 22 half-an-hour
830 2694 24 14 or
865 2694 30 20 so,
911 2687 37 22 trie
960 2687 55 27 lady
1025 2688 77 27 begins
1116 2692 22 19 to
1152 2690 47 27 tire,

619 2714 44 22 and
762 2721 51 19 eyes
965 2715 91 22 inmost
1070 2716 132 28 bewitching

619 2741 100 27 languor,
734 2741 105 27 petitions
854 2741 39 21 her
908 2739 130 30 parbeivfor
1053 2749 14 15 a
1076 2742 56 23 little
1141 2751 60 15 more

619 2773 96 22 support.
743 2768 54 21 This
811 2768 18 20 is
839 2767 81 28 always
936 2769 66 26 given
1013 2769 93 22 without
1120 2770 80 22 hesita-

620 2796 52 20 tion.
701 2794 47 22 The
764 2794 52 27 lady
830 2794 63 22 leans
907 2795 74 28 gently
992 2802 30 14 on
1036 2794 36 23 his
1086 2797 115 27 shoulder;

621 2822 56 21 their
687 2828 58 15 arms
753 2821 94 21 entwine
856 2821 22 21 in
886 2829 12 14 a
910 2821 114 25 thousand.
1028 2822 112 29 seducing;
1152 2825 50 24 mis-

620 2848 106 22 chievous
740 2855 76 15 curves
818 2859 25 4 —
844 2847 64 23 don't
924 2849 25 21 be
964 2849 105 27 alarmed,
1086 2851 90 22 madam
1176 2863 26 4 —

621 2875 69 22 closer
699 2875 44 21 and
751 2875 70 21 closer
827 2875 52 27 they
887 2877 108 26 approach
1004 2877 54 21 each
1067 2877 73 27 other;
1152 2878 48 27 and,

619 2903 23 20 in
653 2902 134 26 conclusion,
806 2901 34 22 the
851 2903 88 26 parties;
947 2903 65 26 being
1027 2910 114 21 pvercome
1151 2905 51 22 with

621 2929 103 22 ecestatic
734 2929 90 26 fatigue,
839 2928 37 22 the
886 2929 52 27 lady
948 2937 70 14 seems
1027 2930 80 22 almost
1115 2932 87 27 sinking

620 2956 46 22 into
676 2956 38 22 the
723 2955 149 28 gentleman's
882 2963 65 20 arms,
953 2975 2 10 (
956 2956 44 23 and
1007 2956 52 22 then
1138 2958 61 27 We.ll,

621 2985 35 25 sir,
668 2983 59 22 what
823 2993 28 4 —
852 2983 60 21 Lord
917 2980 16 24 !'
939 2983 94 26 madam,
1043 2984 50 21 how
1103 2985 79 22 should
1191 2986 11 21 I

620 3009 79 23 know?
700 3021 27 4 —
731 3011 134 24 Washington
873 3011 89 24 Irving^s
972 3011 144 24 Salmagundi.

647 3044 21 21 A
677 3044 122 22 Domestic
808 3044 102 22 Legend.
911 3056 28 3 —
940 3044 45 22 The
995 3044 83 23 chimes
1084 3045 26 22 of
1117 3054 14 14 a
1140 3047 62 22 clock

622 3070 46 26 (the
679 3071 76 21 Dutch
766 3078 41 14 one
820 3072 23 20 in
853 3071 38 21 the
900 3072 99 26 kitchen)
1012 3071 44 22 had
1070 3074 132 27 mournfully

621 3098 100 21 sounded
732 3098 60 26 (ours
799 3098 38 21 has
847 3105 14 14 a
870 3099 141 26 particularly
1020 3099 116 23 miserable
1148 3101 53 27 bell)

621 3124 37 21 the
673 3124 58 22 hour
744 3125 26 21 of
783 3125 77 21 twelve
873 3125 27 27 (it
915 3133 42 15 was
973 3125 52 27 only
1039 3126 60 27 nine,
1115 3127 35 22 for
1164 3136 38 14 our

621 3150 64 22 clock
693 3158 68 15 never
775 3152 78 21 strikes
867 3153 76 27 right,)
954 3153 63 22 when
1028 3160 23 14 a.
1055 3153 42 22 tall
1105 3157 97 25 stranger

621 3177 23 21 in
655 3178 96 22 uniform
759 3178 47 26 (the
816 3181 111 28 postman)
936 3187 41 15 was
987 3179 108 23 observed
1100 3181 102 28 standing

621 3204 23 21 in
655 3211 28 14 an
693 3205 92 21 altitude
797 3206 22 20 of
832 3205 131 27 impatience
972 3211 23 18 at
1011 3206 36 22 the
1058 3207 56 22 little
1124 3208 78 22 wicket

621 3230 71 22 which
702 3231 62 21 leads
774 3235 22 17 to
807 3239 39 14 our
854 3232 91 22 humble
952 3233 158 27 dwelling;(the
1120 3235 46 21 fact
1170 3233 31 29 'is,

622 3256 37 22 the
668 3260 103 24 postman
781 3265 44 15 was
835 3260 25 20 in
871 3266 13 14 a
894 3260 86 22 terrible
990 3266 60 20 rage,
1061 3261 96 22 because
1166 3262 36 21 the

621 3287 51 23 gate
682 3291 44 14 was
734 3284 87 27 locked,
832 3284 46 22 and
884 3292 60 16 some
951 3294 41 14 one
1002 3286 45 22 had
1051 3287 43 22 'cut
1101 3288 37 22 the
1145 3289 56 26 wife,

622 3310 71 22 which
712 3312 121 26 prevented
847 3312 47 22 him
911 3313 55 22 from
980 3313 92 29 ringing
1088 3315 37 21 the
1140 3314 61 27 bell.)

621 3336 47 22 The
686 3337 78 22 tender
777 3338 56 21 little
850 3339 69 21 Anna
933 3339 21 27 (a
967 3339 45 22 fool
1023 3340 25 21 of
1061 3348 14 14 a
1087 3342 49 27 girl,
1154 3343 48 21 who

621 3370 73 15 comes
712 3365 148 27 occasionally
875 3369 23 18 to
913 3366 72 27 clean)
1002 3373 45 15 was
1061 3367 39 23 the
1115 3368 48 22 first
1167 3371 35 19 '•to

622 3390 63 22 catch
701 3398 14 14 a
724 3391 92 27 glimpse
827 3393 24 20 of
865 3392 38 22 the
918 3396 96 25 stranger
1025 3393 50 27 (she
1088 3395 114 28 happened

622 3421 22 17 to
654 3417 28 22 be
692 3418 100 27 shutting
799 3418 36 22 the
845 3418 102 28 shutters,
957 3427 23 15 so
990 3419 52 28 that,
1054 3421 70 27 ninny
1132 3429 24 15 as
1165 3422 37 21 she

621 3444 25 26 is,
658 3444 38 22 she
705 3445 67 21 could
781 3449 40 18 not
834 3446 52 26 help
895 3447 72 26 seeing
980 3447 38 22 the
1028 3450 120 25 postman,)
1159 3449 43 21 and

621 3478 14 14 a
646 3470 60 23 short
712 3472 132 26 ejaculation
888 3473 83 28 Lawks,
978 3473 69 23 who's
1053 3478 24 18 at
1082 3475 37 21 the

622 3505 57 14 were
693 3498 39 21 the
741 3498 61 27 girl's
818 3499 79 27 words)
910 3508 42 14 was
966 3501 38 22 the
1014 3500 48 22 first
1072 3501 130 22 intimation

621 3532 33 14 we
666 3524 46 22 had
721 3526 25 20 of
757 3526 39 20 the
806 3527 118 26 stranger's
939 3527 86 23 arrival.
1054 3528 43 27 My
1107 3529 47 21 first
1161 3528 41 22 im-

621 3551 63 27 pulse
698 3559 45 14 was
757 3555 23 18 to
790 3552 71 22 throw
876 3560 58 21 open
944 3554 34 22 the
994 3553 55 23 door
1058 3555 26 21 of
1096 3562 38 14 our
1147 3554 55 22 little

622 3581 86 24 cottage
714 3586 6 19 ;
740 3578 40 22 but
793 3580 113 26 prudence
915 3581 33 21 for
960 3587 14 15 a
988 3584 101 18 moment
1102 3581 52 22 held
1167 3588 35 15 me

621 3604 58 22 back
695 3606 28 25 (it
738 3612 44 14 was
801 3606 88 27 raining
908 3611 44 17 cats
970 3607 46 23 and
1035 3607 72 27 dogs,)
1127 3607 46 22 and
1190 3607 11 22 I

621 3630 96 28 thought
725 3632 18 21 it
751 3632 72 22 better
832 3637 22 17 to
861 3633 89 23 address
958 3635 62 22 afe.w
1028 3634 70 22 words
1138 3634 64 22 What

622 3658 30 21 do
660 3665 46 20 you
717 3661 57 19 want
786 3660 58 26 good
948 3668 43 15 was
1004 3660 38 22 the
1052 3667 54 21 very
1115 3668 87 20 expres-

621 3686 47 20 sion
680 3685 11 21 I
701 3685 56 22 used
765 3687 22 20 to
796 3685 36 22 the
841 3686 113 22 unknown
963 3687 130 23 individual.
1122 3688 37 22 He
1169 3694 33 14 re-

621 3711 60 28 plied
695 3712 121 21 somewhat
828 3713 101 28 roughly,
945 3715 50 27 and,
1002 3713 67 22 made
1079 3721 28 14 an
1115 3714 87 27 inquiry

622 3738 78 27 which,
717 3738 21 22 in
749 3745 62 17 some
821 3739 87 27 degree,
926 3741 122 21 concerned
1062 3748 40 19 my
1109 3741 93 21 circum-

622 3768 88 19 stances
718 3765 24 22 in
751 3765 39 22 life
801 3766 36 26 (he
846 3766 71 22 asked
926 3774 40 20 me,
1006 3767 59 27 Why
1075 3769 38 19 the
1123 3767 58 22 devil
1192 3767 10 22 I

622 3790 37 23 did
673 3794 39 19 not
726 3795 39 23 get
774 3799 37 21 my
821 3793 44 21 bell
1023 3793 73 22 which
1108 3793 94 23 induced

621 3825 37 14 me
666 3821 23 18 to
698 3818 97 28 practice
806 3827 12 13 a
827 3819 56 22 little
893 3821 97 26 evasion,
999 3820 50 26 and,
1061 3820 92 22 without
1158 3827 44 15 res-

621 3843 101 29 ponding
731 3848 21 19 to
759 3845 35 22 his
803 3846 165 27 interrogation,
980 3849 12 19 I
999 3846 120 22 addressed
1125 3850 22 18 to
1157 3846 45 22 him

621 3870 98 28 another,
733 3871 120 27 ("jWhat's
863 3872 49 22 that
920 3875 23 19 to
1032 3872 48 22 said
1089 3872 23 27 I;
1125 3873 15 21 'J
1145 3872 57 23 what

621 3898 28 21 do
661 3905 45 21 you
851 3899 49 22 The
919 3903 98 23 stranger
1031 3905 45 15 was
1091 3899 111 27 evidently

522 14 241 46 myt^m
789 11 424 50 zmm^Mmtm
1237 16 92 39 anft
1352 17 301 47 ggUUtngton
1676 13 264 52 &p«tatotY

1839 112 14 14 a
1861 106 60 20 brace
1930 106 24 20 of
1965 106 88 26 viragos,
2064 107 64 21 about
2143 116 23 13 as
2175 110 206 27 attractive-looking
2395 117 23 14 *•

1839 133 82 23 herself,
1945 133 89 20 shouted
2055 135 35 19 for
2208 136 26 20 itr
2337 149 24 4 —
2363 138 55 20 Mrs.

1839 159 90 21 O'Brien
1939 160 95 26 assuring
2042 161 28 20 all
2079 164 84 23 present
2171 163 47 20 that
2226 163 36 21 the
2272 170 43 14 non
2324 171 63 20 payer
2394 164 26 21 of

1839 189 47 17 rent
1894 187 68 19 would
1971 189 47 23 stop
2027 189 23 18 at
2058 189 98 25 nothing,
2164 190 54 20 from
2227 192 60 25 petty
2291 191 88 26 'larceny
2388 197 29 20 up

1838 215 24 17 to
1879 213 191 28 body-snatching.)
2072 225 27 5 —
2100 215 82 21 "She's
2198 223 13 13 a
2227 218 109 25 reprobate
2351 219 24 19 of
2390 224 28 13 an.

1839 239 50 20 ould
2018 242 115 20 continued
2147 243 56 19 Mrs.

1839 272 27 14 no
1876 271 57 16 more
1943 267 77 20 chance
2028 268 25 20 of
2060 269 56 24 goin'
2126 271 21 18 to
2159 269 85 21 Heaven
2254 272 51 20 than
2314 271 11 20 I
2334 272 53 20 have
2396 271 21 20 o'

1838 293 62 25 being
1909 294 47 19 mcd
1964 294 66 25 lady's
2040 295 57 20 maid
2105 300 23 16 to
2138 297 36 19 the
2185 296 102 22 Countess
2295 298 32 21 De

1839 319 28 26 (A
1876 320 78 26 laugh.)
1957 331 27 4 —
2006 321 74 21 That's
2088 328 21 14 as
2117 323 61 20 thrue
2185 330 23 13 as
2215 325 78 24 gospel,
2302 325 41 26 an',
2350 331 69 15 more-

1838 353 55 19 over,
1904 353 50 20 very
1963 349 69 24 nately
2183 350 83 20 chimed
2281 351 24 20 in
2315 352 53 21 Mrs.
2378 352 39 19 O'-

1840 373 79 21 Brien's
1929 374 68 20 fellow
2006 375 87 26 captive.
2123 376 52 21 Mrs.
2187 377 96 26 Wrangle
2291 385 6 13 :
2318 378 32 21 Ye
2359 385 35 14 are
2404 385 14 14 a

1838 400 45 20 dair
1892 401 23 22 o.',
1919 401 118 26 she-tigers,
2049 402 34 20 an'
2091 404 65 24 ought
2162 406 21 18 to
2193 404 26 20 be
2225 404 53 20 flead
2284 404 88 21 alive.—
2372 406 46 19 The

1837 427 64 20 ladies
1915 429 68 24 twain,
2001 429 76 26 feeling
2092 431 71 19 rather
2177 431 146 20 thin-skinned
2337 435 22 17 at
2375 432 42 20 this

1838 455 125 24 suggestion,
1980 456 59 20 made
2055 462 14 14 a
2077 457 150 21 simultaneous
2242 458 72 26 spring
2328 459 89 20 towards

1838 481 164 26 complainant—
2005 482 53 22 Mrs.
2078 483 97 26 Wrangle
2196 486 99 19 snatched
2314 492 12 13 a
2349 486 69 26 police

1838 508 63 20 baton
1910 509 41 19 and
1968 509 55 20 cried
2031 510 38 20 her
2085 511 110 26 gathering
2204 518 38 20 cry
2247 519 6 18 ;
2271 513 39 19 154
2321 512 17 21 C
2351 513 66 20 inter-

1838 535 70 26 posed,
1926 536 41 20 and
1976 536 49 20 then
2039 537 37 20 the
2089 537 67 21 bench
2170 539 92 20 directed
2272 540 51 19 both
2338 538 78 28 parties

1837 565 24 16 to
1869 565 58 17 enter
1935 563 45 19 into
1991 564 64 20 mutal
2065 565 163 24 recognisances.

1872 597 23 23 A
1904 597 148 25 Wheeling
2060 599 122 25 Article.
2184 613 34 4 —
2220 601 77 31 Going
2309 608 21 17 to
2340 601 78 24 dinner

1839 629 37 23 the
1889 630 63 23 other
1972 630 50 30 day,
2035 639 32 15 we
2079 639 46 16 saw
2137 640 12 15 a
2166 633 58 24 little
2244 634 87 31 codger,
2350 636 68 22 about

1839 666 42 19 two
1900 671 66 22 years
1987 664 43 28 old,
2043 665 80 30 sitting
2133 665 23 23 in
2176 673 13 16 a
2201 666 155 24 wheelbarrow
2374 667 45 23 and

1840 695 77 31 trying
1929 700 22 18 to
1964 695 70 24 wheel
2053 697 97 24 himself.
2187 698 24 23 It
2230 699 79 23 struck
2324 707 28 16 us
2370 699 48 24 that

1839 735 67 23 many
1917 729 79 30 people
2013 730 23 21 in
2048 730 46 22 this
2108 730 70 23 world
2199 739 38 15 are
2254 732 62 23 often
2335 732 82 30 caught

1839 760 23 22 in
1881 761 37 22 the
1938 769 61 15 same
2019 767 43 24 act,
2075 763 43 22 and
2139 770 32 16 we
2192 763 58 24 shall
2262 765 62 23 often
2342 764 75 28 think,

1840 793 109 23 hereafter
1959 806 28 4 —
1987 806 7 5 -
2010 795 62 23 when
2103 803 33 15 we
2177 804 38 15 see
2227 795 11 31 )j
2257 805 13 15 a
2314 798 103 23 business

1832 833 59 15 ■man
1909 827 99 31 trusting
2027 835 67 24 every
2105 827 65 32 thing
2183 834 23 18 to
2227 829 35 23 his
2279 830 81 29 clerks,
2373 829 45 24 and

1840 859 135 31 continually
1997 860 96 31 seeking
2111 861 35 22 his
2171 869 49 16 own
2244 867 140 19 amusement
2386 874 31 5 —

1840 892 81 31 always
1933 892 79 24 absent
2029 893 59 24 from
2109 894 34 23 his
2163 896 197 30 counting-house,
2373 895 45 24 and

1840 930 37 24 yet
1889 926 119 31 expecting
2023 932 23 17 to
2064 932 38 25 get
2121 926 75 32 along,
2208 928 49 23 he's
2269 930 78 29 sitting
2363 930 24 23 in
2404 937 15 14 a

1841 958 155 24 wheelbarrow
2020 959 43 23 and
2086 961 76 30 trying
2181 965 22 19 to
2226 961 71 24 wheel
2318 961 99 25 himself.

1933 999 32 15 we
1984 999 37 16 see
2032 1001 14 14 a
2063 993 147 30 professional
2227 1002 52 15 man
2290 994 71 24 better
2380 1001 38 16 ac-

1841 1024 104 30 quainted
1957 1025 54 22 with
2030 1033 68 22 every
2109 1026 65 30 thing
2184 1026 46 23 else
2243 1027 54 23 than
2315 1027 36 23 his
2364 1034 55 24 pro-»

1842 1057 89 29 fession,
1952 1057 82 31 always
2055 1059 96 30 starting
2169 1066 63 15 some
2248 1067 50 15 new
2320 1058 97 31 scheme^

1841 1090 43 23 and
1897 1098 66 15 never
1980 1090 118 31 attending,
2113 1097 24 17 to
2149 1091 34 23 his
2196 1092 90 31 calling,
2299 1092 35 24 his
2346 1092 72 24 ward-

1842 1123 51 23 robe
1912 1123 44 23 and
1976 1123 70 23 credit
2067 1123 44 23 will
2132 1132 55 15 soon
2202 1124 115 30 designate
2328 1126 47 23 him
2394 1133 24 16 as

1842 1156 78 30 sitting
1930 1156 24 23 in
1973 1165 13 14 a
1998 1156 156 24 wheelbarrow
2171 1158 44 22 and
2228 1159 75 30 trying
2314 1163 22 19 to
2347 1159 71 23 wheel

1843 1189 95 23 himself.
1975 1188 75 24 When
2072 1197 32 15 we
2127 1197 37 16 see
2182 1198 14 15 a
2213 1191 83 23 farmer
2318 1193 53 22 with
2389 1195 41 20 an'

1843 1222 194 23 over-abundance
2060 1222 24 23 of
2319 1226 99 29 trusting

1843 1255 130 30 everything
1992 1260 21 18 to
2032 1255 58 23 their
2107 1262 165 25 management,
2290 1257 35 24 his
2342 1258 76 23 fences

1843 1287 71 29 down,
1932 1288 141 30 implements
2097 1294 38 18 out
2156 1290 24 22 of
2201 1290 80 31 repair,
2305 1291 44 23 and
2366 1290 54 24 land

1843 1320 107 31 suffering
1959 1321 35 22 for
2002 1326 59 18 want
2070 1321 24 23 of
2101 1330 79 22 proper
2190 1323 77 30 tillage
2269 1335 31 5 —
2302 1328 35 18 too
2345 1323 72 31 proud

1844 1353 25 23 of
1882 1358 36 18 too
1929 1354 52 29 lazy
1992 1358 23 18 to
2026 1358 53 19 turn
2091 1354 32 23 off
2133 1359 49 18 coat
2196 1355 45 23 and
2250 1363 29 23 go
2292 1360 22 19 to
2324 1356 63 24 work
2388 1368 34 5 —

1843 1386 48 23 he's
1903 1387 78 30 sitting
2001 1387 22 22 in
2043 1395 13 15 a
2074 1387 158 24 wheelbarrow
2249 1389 44 23 and
2312 1390 75 30 trying
2397 1394 23 18 to

1844 1419 70 24 wheel
1928 1419 99 24 'himself.
2063 1420 75 23 When
2159 1428 32 15 we
2213 1429 37 15 see
2269 1429 13 16 a
2304 1422 115 24 mechanic

1844 1460 42 16 run
1898 1452 49 24 half
1953 1461 14 14 a
1977 1460 80 23 square
2070 1461 65 22 every
2145 1454 42 30 day
2197 1457 23 19 to
2229 1454 87 24 borrow
2326 1464 12 14 a
2347 1462 73 17 news-

1844 1493 74 23 paper,
1931 1485 44 23 and
1986 1494 51 22 may
2049 1486 27 23 be
2087 1487 56 22 have
2156 1492 21 18 to
2190 1488 53 22 wait
2250 1492 40 19 ten
2303 1496 24 15 or
2340 1488 78 25 fifteen

1844 1519 97 23 minutes
1954 1518 73 24 before
2039 1518 28 24 he
2079 1527 40 15 can
2132 1525 38 25 get
2181 1521 25 27 it,
2220 1528 31 16 we
2260 1521 59 23 shall
2329 1527 91 26 suspect

1844 1552 48 23 that
1909 1551 37 24 the
1964 1553 53 22 time
2034 1552 29 23 he
2083 1553 58 22 loses
2158 1553 73 23 would
2249 1561 55 16 soon
2321 1562 43 23 pay
2381 1554 39 24 the

1844 1585 157 31 subscription,
2014 1585 44 23 and
2080 1586 101 23 consider
2204 1586 46 24 him
2269 1588 79 30 sitting
2365 1589 23 21 in
2406 1596 14 14 a

1844 1618 155 23 wheelbarrow
2021 1618 44 23 and
2084 1619 77 30 trying
2183 1624 22 18 to
2228 1620 71 23 wheel
2309 1620 109 23 --himself.

1844 1651 73 23 When
1929 1659 32 15 we
1976 1659 37 15 see
2024 1659 13 15 a
2048 1659 52 16 man
2112 1652 75 31 busily
2199 1653 101 30 engaged
2311 1654 24 22 in
2347 1654 73 22 circu-

1843 1685 71 30 lating
1926 1684 90 24 scandal
2034 1686 135 29 concerning
2187 1685 38 23 his
2243 1685 131 31 neighbour,
2388 1694 32 15 we

1844 1718 56 23 infer
1912 1718 47 23 that
1971 1718 28 23 he
2011 1718 19 23 is
2048 1722 76 27 pretty
2135 1718 55 31 deep
2202 1718 25 23 in
2247 1718 37 23 the
2296 1719 53 23 mud
2360 1720 58 23 him-

1844 1751 49 28 self,
1917 1751 42 23 and
1982 1751 19 23 is
2023 1751 79 31 sitting
2124 1751 22 23 in
2167 1759 14 15 a
2200 1751 156 24 wheelbarrow
2377 1753 43 22 and

1844 1785 75 30 trying
1947 1789 23 18 to
1997 1784 72 23 wheel
2100 1784 95 23 himself
2220 1789 46 19 out.
2269 1798 33 3 —
2306 1784 115 33 Wheeling

1846 1817 103 23 Gazette.

1876 1851 23 23 A
1917 1851 106 23 Modest
2041 1850 68 25 Dun.
2111 1862 34 5 —
2145 1851 25 24 A
2181 1851 65 24 tailor
2256 1852 119 31 presented
2385 1852 37 23 his

1844 1889 92 18 account
1949 1888 21 18 to
1984 1892 13 14 a
2008 1885 127 30 gentleman
2147 1885 34 23 for
2194 1885 134 24 settlement.
2365 1885 57 23 "I'll

1844 1916 49 23 look
1916 1924 52 16 over
1989 1925 57 23 your
2157 1918 48 23 said
2227 1918 37 23 the
2283 1918 135 31 gentleman.

1867 1950 62 31 Very
1949 1950 81 30 good,!'
2054 1950 48 23 said
2118 1950 38 24 the
2176 1951 72 29 tailor,
2291 1959 56 23 pray
2359 1951 63 24 don't

1844 1982 103 23 overlook

1876 2016 24 22 A
1917 2016 73 23 Good
2008 2015 75 24 Joke.
2085 2028 32 5 —
2119 2015 50 24 The
2185 2016 124 24 Millerites
2319 2026 38 15 are
2366 2025 54 24 pro-

1844 2049 113 31 phycying
1976 2048 48 24 that
2046 2049 36 22 the
2103 2049 42 22 end
2163 2049 24 23 of
2202 2049 39 23 the
2251 2050 68 23 world
2328 2051 21 22 is
2361 2055 23 19 to
2395 2050 29 24 be

1843 2083 24 21 in
1875 2082 74 31 April,
1964 2084 9 20 1
1979 2083 47 22 843
2034 2090 5 19 ;
2054 2082 44 22 and
2110 2086 44 25 yet,
2167 2087 23 17 at
2201 2082 39 22 the
2251 2090 63 16 same
2325 2085 61 26 time,
2397 2083 24 23 in

1845 2115 44 23 this
1902 2115 77 22 month
1992 2115 24 22 of
2030 2115 100 29 August,
2143 2116 72 27 1842,
2229 2115 52 31 they
2293 2123 37 16 are
2342 2116 81 30 taking

1844 2148 163 31 subscriptions
2018 2148 35 22 for
2065 2155 13 15 a
2088 2155 132 24 newspaper
2233 2148 33 22 for
2278 2156 42 16 one
2331 2156 54 23 year
2396 2149 26 23 in,

1844 2181 80 23 advace
1935 2182 5 23 !
1977 2181 46 23 Not
2034 2181 44 22 bad
2090 2181 56 22 that.
2148 2193 32 4 —
2182 2180 59 23 New
2254 2181 62 23 York
2325 2181 96 24 Heruld.

1878 2223 46 22 Mr.
1938 2221 98 24 Edward
2049 2221 91 24 Gibbon
2161 2221 127 24 Wakefield
2306 2222 40 24 has
2364 2224 58 23 been

1844 2256 84 23 elected
1945 2264 14 14 a
1975 2255 100 23 member
2090 2256 24 22 of
2130 2254 37 24 the
2185 2254 137 31 provisional
2340 2256 82 31 parlia-

1844 2293 61 19 ment
1917 2290 25 21 of
1950 2289 99 23 Canada.
2086 2288 38 23 He
2133 2296 45 15 was
2190 2288 107 23 returned
2307 2288 28 32 by
2344 2297 13 16 a
2368 2297 54 16 con-

1845 2323 111 29 stituency
1968 2323 24 21 in
2003 2322 38 22 the
2057 2321 76 29 lower,
2145 2329 25 15 or
2190 2321 91 23 French
2293 2322 94 26 district.
2392 2335 31 4 —

1846 2355 112 23 Cornwall
1970 2354 125 24 Chronicle.
2130 2353 3 9 '

1877 2389 98 23 Advice
1995 2396 30 15 to
2042 2388 106 24 Ladies.
2150 2401 35 4 —
2185 2388 24 24 A
2218 2390 124 24 celebrated
2350 2390 74 24 writer

1844 2430 29 15 on
1885 2422 67 30 sight,
1966 2429 60 23 says,
2038 2421 50 24 that
2104 2421 38 24 the
2153 2423 100 31 wearing
2264 2424 25 23 of
2304 2424 54 23 veils
2371 2431 52 24 per-
2431 2426 2 7 '

1843 2455 113 30 manently
1968 2455 105 23 weakens
2084 2463 67 22 many
2163 2456 113 31 naturally
2286 2457 58 31 good
2361 2464 61 24 eyes,

1844 2496 28 15 on
1884 2493 93 18 account
1990 2489 24 22 of
2023 2487 37 24 the
2073 2488 138 28 endeavours
2221 2489 25 23 of
2255 2490 38 23 the
2304 2498 40 24 eye
2351 2495 22 19 to
2383 2489 40 24 ad-

1840 2522 49 31 just
1910 2522 63 22 itself
1989 2527 22 17 to
2030 2521 39 23 the
2086 2521 97 24 ceasless
2201 2520 125 28 vibrations'
2336 2524 25 23 of
2377 2522 48 24 that

1844 2560 35 19 too
1893 2562 103 17 common
2013 2554 77 23 article
2102 2555 26 22 of
2142 2554 72 25 dress.
2220 2579 3 7 _
2250 2556 92 30 Ladies,
2361 2556 63 29 then,

1843 2588 80 24 should
1934 2588 86 23 beware
2032 2588 24 22 of
2071 2587 78 31 hiding
2161 2588 144 32 their.pretty
2316 2598 52 23 eyes
2380 2589 44 24 and

1842 2621 60 24 faces
1915 2621 52 23 with
1979 2629 13 15 a
2004 2621 51 23 veil.

1875 2653 253 25 Somnambulism.^
2134 2654 28 23 A'
2179 2654 44 23 few
2245 2656 30 22 ni:
2283 2654 11 14 t
2295 2663 27 15 ».i.'?
2344 2663 43 24 ago
2408 2664 15 15 a

1841 2696 76 22 young
1929 2694 85 16 woman
2025 2687 23 23 in
2062 2687 44 23 this
2115 2692 58 18 town
2185 2692 40 26 got
2233 2696 29 22 up
2272 2689 154 30 ii—^msleep,'

1843 2720 43 24 and
1898 2720 52 24 with
1957 2728 18 16 ,a
1985 2721 48 30 pair
2042 2720 25 23 of
2076 2720 94 23 scissors
2182 2725 38 18 cut
2229 2720 37 23 off'
2272 2718 120 37 tfi&Kpfole
2399 2722 25 22 of

1841 2754 41 24 her
1898 2753 94 31 ringlets
2004 2753 46 23 and
2060 2753 83 23 retired
2155 2757 22 19 to
2189 2753 44 23 bed
2244 2744 153 40 againfwitho'
2396 2774 3 12 (
2398 2758 25 22 ut

1841 2788 69 30 being
1922 2787 117 24 conscious
2048 2786 25 23 of
2081 2786 58 23 what
2149 2786 42 23 she
2199 2786 45 24 had
2252 2787 66 25 done.
2352 2787 72 24 What

1842 2821 20 23 is
1870 2828 63 16 more
1943 2819 150 30 remarkable,
2106 2819 39 24 she
2159 2819 46 24 had
2215 2820 69 24 taken
2295 2828 61 17 more
2367 2819 55 26 than

1842 2854 65 23 usual
1919 2854 68 31 pains,
1995 2853 54 23 with
2060 2853 40 23 her
2111 2852 52 24 hair
2177 2853 38 24 the
2229 2854 65 30 night
2304 2854 85 24 before.
2391 2866 33 4 —

1841 2886 121 36 Braifprji
1971 2885 100 26 Herald.
2102 2891 3 5 '
2121 2889 10 9 '•
2163 2889 3 5 '
2180 2891 3 5 '

1855 2942 6 8 t
1876 2917 49 32 Tjj'e
1934 2919 72 27 ..rie.ws
2024 2920 33 25 of,,
2067 2919 45 25 the,
2116 2920 150 30 [termination
2278 2919 26 24 of
2321 2919 37 24 the
2377 2927 45 16 war

1842 2953 148 23 withi:Ghina
2008 2952 45 23 and
2065 2952 169 30 'Afghanistan
2253 2952 45 24 had
2310 2953 56 24 been
2385 2959 39 20 re-

1843 2986 75 23 ceived
1929 2985 56 24 with
1996 2985 45 23 the-
2045 2989 86 20 utmost
2147 2985 110 31 rejoicing
2272 2985 22 22 in
2307 2985 115 31 England.

1844 3018 131 24 Mercantile
1992 3025 53 15 men
2056 3025 56 15 were
2117 3016 104 31 "'already
2232 3017 141 32 speculating
2391 3025 33 24 on;

1843 3049 36 26 the
1959 3045 24 37 op*
1990 3058 28 15 en
2034 3055 22 18 to
2069 3048 150 30 commercial,'
2227 3051 130 31 enterprise,
2375 3047 45 26 anii

1843 3085 87 26 several,
1936 3084 147 30 descriptions
2095 3083 24 23 of
2127 3082 71 31 goods
2209 3082 56 24 have
2277 3083 94 31 already,
2378 3082 41 24 ad-

1842 3118 84 23 vanced
1947 3118 24 22 in
1990 3116 37 23 the
2044 3116 98 24 market.
2177 3115 68 24 Wool
2265 3115 46 25 had
2319 3133 3 4 .
2330 3117 61 23 risen
2407 3123 15 16 a

1841 3158 76 24 penny
1928 3158 14 16 a
1952 3149 85 32 pound.
2051 3164 4 3 -

1876 3191 50 23 The
1935 3189 149 32 .expenditure
2097 3189 34 23 for
2150 3188 39 24 the
2201 3197 54 23 year
2274 3189 84 31 ending
2368 3185 54 35 July

1843 3224 48 29 sth,
1905 3225 71 27 1842,
1989 3223 84 31 having
2091 3222 111 23 exceeded
2222 3222 38 23 the
2278 3230 97 16 revenue
2392 3221 30 31 by

1843 3257 155 28 £1,467,704
2017 3258 60 26 125.,
2090 3255 38 24 the
2145 3255 188 24 Commissioners
2345 3256 25 23 of
2384 3254 38 24 the

1843 3289 107 24 National
1960 3289 63 24 Debt
2034 3288 56 24 have
2102 3289 163 30 considerately
2272 3289 66 30 given
2347 3287 73 25 notice

1843 3324 50 22 that'
1901 3322 53 31 they
1964 3322 46 23 will
2021 3326 39 19 not
2072 3321 65 32 apply
2150 3329 45 23 any
2207 3329 51 16 sum
2270 3326 24 19 to
2306 3322 37 24 the
2354 3319 66 26 sink-

1842 3357 40 30 ing
1894 3356 62 23 fund.

1876 3397 71 29 Spain
1957 3396 19 22 is
1989 3396 25 22 in
2024 3403 14 15 a
2049 3402 54 24 very
2112 3394 118 24 disturbed
2239 3395 119 24 condition.
2382 3393 40 24 An

1842 3430 151 23 insurrection
2012 3428 44 23 had
2076 3427 87 24 broken
2185 3432 39 19 out
2246 3428 24 23 in
2291 3427 131 27 Barcelona,

1842 3463 44 23 and
1899 3461 98 24 General
2007 3460 54 25 Van
2074 3461 47 24 Hal
2123 3469 27 15 en
2162 3461 44 24 bad
2220 3461 104 23 marched
2335 3459 87 33 against

1843 3495 36 24 the
1891 3496 137 30 insurgents,
2042 3494 43 24 and
2096 3501 44 17 was
2148 3494 123 32 preparing
2281 3498 23 19 to
2315 3490 105 27 bombard

1842 3528 38 24 the
1892 3529 54 30 city.
2391 3553 20 6 __

1875 3567 110 23 Bright.
1987 3579 33 4 —
2142 3573 38 23 my
2201 3564 59 24 little
2279 3571 48 21 son,
2345 3562 74 24 where

1843 3600 53 23 does
1919 3598 49 32 th'af
1990 3599 146 31 right-hand'
2149 3597 54 24 road
2321 3593 97 26 "Don't

1843 3633 73 28 know,
1942 3633 52 28 Sir;
2019 3632 65 24 taint
2105 3632 58 22 been
2183 3638 29 15 no
2229 3629 74 24 where
2319 3628 61 23 since
2389 3633 33 17 we

1841 3666 62 24 lived
1912 3665 81 25 here.'?
2142 3684 2 3 .
2319 3675 4 6 >
2362 3675 4 4 -
2378 3687 3 6 ,

1876 3732 44 24 We
1941 3732 57 24 have
2020 3731 70 24 since*
2100 3728 76 29 heard,
2194 3727 31 31 by
2247 3726 175 25 aMaori.whb

1841 3765 90 24 arrived
1952 3764 118 33 yesterday
2086 3782 3 5 .
2099 3754 168 38 fro'mjjKapiti,
2284 3759 63 26 .that'
2354 3757 66 33 'Mr,

1843 3799 90 24 Haima'
1945 3802 76 27 party,,
2031 3795 43 26 had
2239 3788 183 44 'second^^afe

1841 3839 30 15 on
1884 3831 112 31 Monday,
2006 3828 50 26 and-
2067 3828 49 23 that
2133 3825 39 26 ihe
2190 3823 86 31 vrh.al<js
2293 3825 45 26 had
2352 3829 37 22 set
2398 3833 25 16 in

1838 3870 67 24 very;
1909 3871 3 5 1
1918 3863 113 32 plentiful.
2078 3860 58 24 This
2152 3859 52 25 bids
2222 3860 45 24 fair
2286 3860 35 25 for
2341 3858 84 34 togoffd.

1841 3903 88 14 season.
2206 3893 4 9 '
2218 3887 7 21 l
2241 3908 3 5 -
2259 3905 8 12 -.
2286 3907 2 5 •
