3417 4347
356 33 2909 48 THE

356 81 1164 329 OXFORD
1714 81 1551 329 OBSERVER

1101 418 182 54 AND
1358 417 587 55 CANTERBURY
2016 417 496 66 DEMOCRAT,

1239 532 264 34 OIRCXJI
1503 531 258 34 JA.TI3srG
1835 532 519 36 THROTJGHIOXJT

2008 610 90 26 I^^^^^
2233 610 328 26 ,^^^^_____^_

852 632 101 21 _^^^^^^H
1087 632 123 21 .^^^^^^^^^.
2236 632 111 21 .^^^^^^^B
2480 632 109 21 ,^K!^^^^

1683 699 228 29 Established
1955 700 90 28 1889.

23 848 138 29 Volumn
182 848 28 29 V—No.Y
220 866 41 4 —
261 848 59 29 No.

1233 840 108 32 EAST
1372 839 185 38 OXFORD,
1581 840 245 40 SATURDAY,
1845 841 175 33 AUG-UST
2038 845 53 35 11,
2115 845 89 30 1894.

2900 849 224 34 Prioe—ONE
3161 853 154 34 PEOTY.

2867 1000 50 37 G.
2945 1000 48 38 E.
3023 1002 346 47 WEYLANDT,

2980 1062 111 28 FAMILY
3107 1064 147 27 BUTCHER.

2889 1107 158 39 EAST
3077 1110 264 40 OXFOFO.

2927 1170 119 26 Families
3058 1172 89 25 waited
3156 1181 65 22 upon
3232 1174 76 31 daily.

2956 1287 280 35 ASTOUNDING
3250 1292 5 30 !

3017 1344 83 26 THIS
3128 1346 45 24 BE
3204 1347 112 26 TRUE?

2945 1428 63 24 YES,
3021 1428 21 21 A
3055 1429 135 23 DECIDED
3201 1431 82 23 FACT.

2851 1500 97 31 NEW
2957 1502 140 31 YEAES
3110 1504 275 32 CONCESSION.

2877 1581 51 78 C.
2971 1581 59 78 H.
3074 1582 284 81 MALTOG

2851 1747 49 15 and
2956 1724 340 53 •^Hi^^^^^^^'
3309 1746 84 21 Rega&

2940 1795 358 31 PHOTOaRAPHER.

2851 1873 42 21 BY
2929 1873 126 21 SPECIAL
3092 1875 220 21 APPOINTMENT
3349 1877 41 21 TO

2984 1906 81 20 EARL
3069 1906 40 20 OF
3117 1907 134 20 ONSLOW.

2856 1972 37 17 11/
2899 1967 57 25 ILL,
2972 1967 91 28 During
3079 1969 40 21 the
3144 1969 83 21 Month
3244 1970 25 20 of
3286 1971 104 27 January

2862 1999 24 18 TT
2926 1995 61 26 only,
2997 1997 55 19 1894
3060 1997 66 20 Issue
3135 1997 26 20 to
3170 1997 41 20 the
3219 1997 87 22 Public.

2997 2030 86 29 ONE
3103 2031 147 30 DOZEN

2851 2074 29 21 Of
2888 2075 37 21 his
2939 2075 189 26 Widely-known,
3145 2075 244 29 Superiorly-finished,

3042 2107 48 22 and
3107 2105 96 30 Highly.
3227 2110 4 22 ;

2851 2170 120 21 GRAPHS
2985 2170 40 20 AT
3033 2170 64 21 THE
3105 2171 143 21 NOMINAL
3260 2171 127 21 CHARGE

3090 2241 66 29 15s.

2852 2320 174 21 DUPLICATE
3041 2321 119 21 ORDERS
3175 2321 40 20 AT
3232 2320 63 21 THE
3312 2320 84 21 SAME

3083 2353 87 22 RATE.

2880 2420 48 20 The
2938 2420 80 20 Public
3028 2426 39 14 are
3083 2419 94 21 advised
3194 2420 26 20 to
3237 2419 62 20 avail
3317 2419 75 21 them-

2853 2453 73 19 selves
2945 2451 23 21 of
2974 2454 3 20 ;
2986 2451 48 21 this
3051 2452 149 26 opportunity
3218 2451 25 19 of
3271 2451 122 26 obtaining-

2852 2485 125 25 high-class
2985 2486 63 19 work
3056 2486 26 19 at
3091 2486 56 19 such
3154 2491 15 13 a
3177 2484 114 20 moderate
3301 2484 93 24 charge.

2851 2559 174 21 REMEMBER
3036 2559 60 21 FOR
3106 2559 60 20 ONE
3300 2558 92 20 ONLY.

2878 2618 48 19 The
2933 2618 53 19 vast
2995 2618 131 24 experience
3142 2616 108 20 obtained
3262 2616 31 25 by
3306 2616 86 20 C.H.M

2851 2651 25 19 m
2884 2651 41 20 the
2933 2651 157 20 innumerable
3098 2649 112 22 branches
3224 2649 24 20 of
3257 2649 40 21 the
3308 2649 81 26 photo-

2851 2685 96 27 graphic
2955 2686 38 21 art
3003 2684 84 28 during
3098 2684 37 21 his
3144 2683 83 22 Indian
3238 2682 45 21 and
3292 2682 98 22 Austra-

2851 2721 40 19 ian
2909 2720 92 23 travels,
3015 2720 47 20 and
3081 2719 38 21 the
3141 2717 114 26 thorough
3274 2719 117 24 apprecia-

2851 2754 49 20 tion
2910 2753 29 26 by
2947 2754 40 20 the
2997 2754 93 25 general
3107 2753 77 27 public
3197 2752 24 20 of
3236 2752 41 20 the
3289 2758 70 18 same,
3368 2752 23 19 is

2851 2788 111 19 sufficient
2977 2788 124 24 guarantee
3111 2787 53 19 that
3182 2785 31 19 all
3231 2785 62 19 work
3311 2785 79 19 issued:

2851 2821 60 20 from
2917 2820 36 20 his
2963 2820 86 20 Atelier
3056 2820 44 19 will
3106 2820 29 19 be
3144 2818 24 21 of
3173 2813 40 25 the
3220 2817 94 25 highest
3320 2816 69 22 order

2878 2937 81 22 WILL
2970 2936 41 21 DO
3020 2936 53 21 HIS
3083 2936 72 21 OWN
3164 2934 197 21 OPERATIONS.

2853 3001 80 20 Studio
2933 3011 28 4 —
2962 3001 41 19 150
3010 3000 104 20 Colombo
3124 2999 78 22 street,
3222 2997 170 21 Christchurch.

3015 3032 156 26 Telephone—
3170 3030 42 20 No.
3223 3030 46 20 592.

2895 3132 48 32 R.
2989 3131 55 32 H.
3089 3127 260 35 PARISH,

2983 3190 101 30 Easts
3107 3183 158 35 Oxford

2856 3251 47 16 one
2915 3242 27 25 of
2952 3241 42 25 the
3006 3241 92 31 largest
3109 3239 144 28 purchasers
3269 3237 28 23 m
3309 3235 84 25 North.

3033 3278 151 30 Canterbury
3201 3275 24 25 of

2856 3319 186 29 EDWARDS,
3066 3316 191 26 BENNETTS
3271 3315 18 28 &
3312 3309 91 39 OO.\B'

3058 3360 72 26 Slock
3147 3359 26 25 of

2861 3487 59 24 Will
2942 3485 31 25 be
2996 3485 53 24 sold
3072 3484 79 24 below
3173 3482 133 24 wholesale
3331 3481 65 23 cost.

2889 3571 212 40 BUREELL
3118 3563 244 45 BBO'tHEStS.

2937 3618 375 35 PHOTOGRAPHERS

2858 3676 66 20 Have
2927 3674 107 21 removed
3038 3675 24 20 to
3065 3679 63 15 more
3133 3670 150 23 commodious
3288 3669 112 27 premises

2970 3707 166 25 VICTORIA
3154 3703 136 27 STREET

2859 3758 119 31 Opposite
3001 3757 129 25 Salvation
3159 3755 77 29 Army
3267 3751 135 26 Barracks.

2893 3791 57 24 And
2962 3798 42 16 are
3016 3790 77 32 doing
3111 3785 150 28 Enamelled
3281 3785 120 25 Cabinets

2858 3831 39 24 for
2908 3831 43 31 8/6
2961 3838 45 22 per
3017 3830 88 24 dozen.
3129 3829 76 23 Great
3217 3824 185 32 Photographic

2862 3867 125 31 Surprise-
3034 3867 54 24 One
3116 3865 25 24 oi
3164 3864 44 24 the
3230 3864 93 27 largest
3346 3868 58 17 ever

2860 3906 156 25 introduced.
3060 3906 77 24 From
3161 3904 61 23 Dec.
3244 3902 71 24 11th.
3337 3901 68 24 until

2862 3947 41 24 the
2916 3947 61 24 New
2989 3946 74 25 Year.
3098 3945 55 25 One
3164 3944 89 24 Dozen
3271 3942 68 31 large
3351 3941 53 25 size

2862 3986 147 25 Enamelled
3025 3984 145 26 Photop^ior
3185 3982 53 34 15/-
3250 3982 76 24 usual
3337 3981 68 31 price

2865 4027 35 23 £1
2914 4027 54 23 10s.
3004 4025 93 26 Secure
3111 4032 15 16 a
3144 4023 98 32 deposit
3264 4022 78 24 ticket
3364 4023 44 23 fo*

2863 4064 42 34 2/6
2917 4072 57 18 now
2987 4064 85 32 ready.
3107 4062 63 25 This
3189 4062 22 24 is
3232 4060 42 25 the
3296 4061 112 30 greatest

2863 4105 100 24 wonder
2973 4104 27 24 of
3017 4104 45 25 the
3084 4111 55 24 age.
3175 4103 78 24 Don't
3271 4101 62 24 miss
3354 4100 54 25 this

2863 4144 101 24 chance.
3000 4165 3 3 .

2896 4181 167 27 BURRELL
3079 4181 190 29 BROTHERS

3144 4221 202 32 Photographers

2985 4270 114 27 Victoria
3114 4271 90 31 Street,
3222 4271 186 29 GhTiitchnrcli.

2448 984 116 26 GREAT
2594 986 87 26 SALE

2554 1031 30 16 OF

2303 1056 209 32 TEWELLRY,
2547 1059 179 30 WATCHES,
2760 1062 72 25 DIA-

2296 1082 23 31 t)
2460 1090 99 26 MOND
2578 1092 120 31 GOODS,

2298 1125 129 27 SILVER
2444 1127 72 26 AND
2538 1129 284 28 ELECTRO-PLATE

2296 1162 49 26 AT
2362 1163 22 26 A
2401 1164 174 27 DISCOUNT
2600 1167 43 24 OF
2660 1169 29 24 4s
2705 1168 38 25 IN
2761 1169 71 26 THE

2396 1203 126 30 POUND,
2535 1205 69 25 FOR
2616 1206 22 24 A
2655 1207 78 26 FEW

2448 1243 125 27 WEEKS
2582 1245 101 26 ONLY.

2334 1285 114 30 £10,000
2465 1287 75 26 value
2550 1289 27 25 to
2590 1288 76 27 select
2688 1290 66 26 from
2774 1291 27 26 at

2299 1344 69 45 M.
2430 1347 404 50 SANDSTEIN

2310 1419 110 23 DIRECT
2433 1421 154 28 IMPORTER,
2615 1424 207 23 WATCHMAKER

2446 1459 59 19 AND
2520 1459 165 26 JEWELLER,

2298 1492 115 22 CASHEL
2428 1495 41 20 ST.
2488 1496 88 24 WEST,
2599 1497 231 22 OHRISTCHUROH

2441 1592 165 28 Established
2618 1596 75 25 1862.

2322 1666 32 21 M.
2366 1667 162 23 SANDSTEIN
2538 1669 41 22 has
2594 1671 116 25 appointed
2719 1671 45 21 Mb.
2773 1671 25 21 R.
2808 1673 29 19 H.

2295 1698 82 22 Pabish
2392 1706 25 15 as
2434 1701 35 21 his
2484 1701 81 23 Oxford
2578 1703 105 26 AGENT,
2697 1704 50 22 who
2761 1705 79 22 willat

2295 1737 43 21 any
2347 1732 54 22 time
2409 1739 96 21 procure,
2519 1740 29 15 on
2563 1736 150 28 approbation,
2731 1737 108 26 Watches,

2295 1765 83 27 Clocks,
2389 1767 44 21 and
2442 1768 117 26 Jewellery,
2577 1776 25 14 or
2618 1770 35 21 his
2665 1771 82 21 Oxford
2762 1771 77 22 clients

2296 1800 23 19 to
2329 1800 66 21 select
2408 1801 64 25 from,
2483 1803 24 19 at
2517 1802 37 20 the
2571 1809 60 15 same
2640 1804 58 26 price
2714 1811 25 14 as
2746 1804 93 27 charged

2295 1832 23 19 at
2328 1831 37 21 the
2375 1832 154 21 Christchnrch
2538 1833 180 23 Establishment.

2340 1884 59 40 M,
2444 1885 338 40 SANDSTEIN

2444 1941 113 21 OASHEL
2569 1943 120 25 STREET,

2385 1983 363 30 CHRISTCHURCH.

2316 2075 263 46 WALTER
2638 2079 179 47 RYDE.

2404 2168 117 21 TIMBER
2545 2169 178 24 MERCHANT.

2378 2235 120 32 WEST
2572 2238 183 39 OXFOED.

2298 2325 224 58 ROBERT
2606 2326 230 73 FISHER,

2333 2402 177 27 GENERAL
2536 2402 267 28 STOREKEEPER

2295 2449 97 45 Teas,
2434 2448 134 45 Coffees,
2606 2449 130 44 Cocoas,
2768 2449 71 37 and

2402 2496 145 37 General
2569 2495 184 38 Groceries-

2348 2545 147 33 WEST
2559 2546 224 31 OXFORD.

2453 2653 231 45 DRINK

2334 2723 170 40 HYSLOP
2509 2724 8 14 5
2533 2723 122 39 PURE
2677 2722 101 39 TEA.

2302 2780 64 29 The
2381 2780 93 29 finest
2487 2780 57 29 the
2555 2779 106 30 World
2679 2780 158 38 produces.

2303 2832 75 31 Sold
2388 2834 45 38 by
2462 2831 51 30 Mr
2527 2831 35 30 F.
2578 2835 40 26 A.
2648 2832 189 36 Waterman,

2342 2879 81 30 East
2434 2878 130 34 Oxford.

2304 2931 52 29 Mr
2375 2931 34 28 R.
2425 2929 120 35 Fisher,
2563 2929 90 30 West
2667 2929 130 29 Oxford.

2302 2975 51 29 Mr
2366 2975 111 29 Alfred
2491 2975 71 34 Lee,
2586 2974 128 29 Oxford.

2302 3021 48 31 Mr
2366 3022 37 30 E.
2420 3021 49 30 W.
2500 3020 129 42 Cooper,
2659 3020 87 38 Oust,
2776 3021 61 30 and

2342 3081 95 29 many
2456 3070 112 30 others.

2308 3181 106 53 Oilfi
2593 3184 58 48 lv

2506 3240 138 22 LIMITED.

2333 3299 273 27 CHRISTCHURCH
2625 3297 185 25 BREWERY.

2538 3359 63 21 THE

2455 3399 229 33 ALES

2438 3443 131 19 BREWED
2580 3443 41 19 BY
2635 3441 72 20 THIS

2498 3533 84 21 FROM
2591 3533 62 20 THE

2307 3575 223 43 MtOICSST
2547 3574 269 42 W*tT«ttOf
2821 3574 23 37 8

2422 3627 46 21 Are
2477 3627 176 26 acknowledged
2662 3628 25 18 to
2696 3627 28 19 be

2305 3665 150 23 SUPERIOR
2464 3666 36 21 IN
2510 3665 138 24 QUALITY
2658 3665 37 21 TO
2703 3665 66 21 ANY
2775 3664 69 21 PRO-

2373 3697 102 20 DUCED
2488 3697 36 19 IN
2538 3697 75 19 NEW
2627 3696 150 20 ZEALAND.

2333 3733 109 26 Supplied
2448 3734 25 19 to
2476 3733 82 20 Hotels
2564 3733 47 20 and
2618 3733 93 19 Private
2717 3732 127 20 Customers

2305 3759 24 21 m
2338 3759 148 26 Hogsheads/
2493 3760 99 24 Barrels,
2604 3759 140 23 Kilderkins,
2754 3759 46 20 and
2810 3761 34 18 10-

2304 3787 89 26 --gallons
2404 3786 63 26 Kegs
2477 3786 61 26 only.

2305 3837 120 41 PALE
2448 3837 91 41 AXE
2563 3839 95 39 AND
2689 3837 155 41 EXTRA

2501 3888 135 41 STOUT

2391 3940 94 21 Bottled
2507 3940 26 21 m
2542 3940 85 26 Quarts
2637 3940 47 20 and
2692 3940 73 21 Pints.

2340 3999 264 77 SMITH
2633 3996 58 80 &
2717 3997 108 94 Co.,

2318 4097 72 24 THE
2399 4096 160 25 LEADING
2566 4096 120 24 FRAME
2695 4096 142 25 MAKERS

2310 4137 121 19 CORNER
2451 4135 143 21 COLOMBO
2615 4135 17 19 &
2652 4135 192 23 GLOUCESTER

2366 4167 140 21 STREETS.
2552 4166 243 21 CHRISTCHURCH.

2395 4204 55 25 The
2456 4203 118 31 cheapest
2582 4204 62 30 shop
2651 4203 28 25 m
2686 4203 87 26 Town.

2346 4246 136 32 Importers
2495 4246 27 25 of
2531 4246 152 32 Mouldings,
2703 4246 83 30 Glass,
2798 4247 46 25 En-

2294 4302 93 23 —^_^^
2413 4286 116 33 gravings
2552 4286 51 25 and
2631 4285 123 27 Pictures.

1788 977 451 44 SADDLERY.

1748 1057 77 51 H.
1852 1057 62 53 J.
1932 1057 352 56 LAMING

1840 1134 348 40 BADDLEE

1980 1177 64 22 AND

1748 1213 289 39 HARNESS
2072 1216 212 38 MAKER

1894 1265 72 25 Neap.
1984 1265 150 31 Saleyakds,

1781 1308 47 41 O
1852 1310 66 40 X
1941 1310 199 41 FOB
2164 1311 46 40 D
2235 1339 16 12 .

1748 1381 85 24 Orders
1845 1382 51 24 and
1913 1383 105 30 Repairs
2028 1383 127 31 promptly
2167 1383 119 25 executed

1909 1426 27 24 at
1946 1424 87 26 lowest
2044 1427 76 23 rates.

1850 1490 144 38 HORSE
2018 1490 164 39 COVERS

1748 1539 99 38 made
1859 1540 37 37 to
1913 1539 103 39 Order
2030 1541 70 38 and
2114 1541 172 49 Repaired

1762 1600 22 24 A
1797 1599 77 26 Stock
1885 1600 28 25 of
1922 1600 83 26 Horse
2016 1600 123 26 Medicine
2152 1609 34 18 on
2193 1602 76 29 hand,

1823 1643 162 22 SOLOMON'S
2001 1644 150 22 SOLUTION
2165 1645 37 21 &c.

1767 1704 56 46 E.
1844 1706 60 45 R
1920 1706 345 47 ALLPRESS

1856 1778 136 26 Consulting
2000 1779 47 20 and
2052 1779 91 26 Family
2148 1780 105 25 Chemist,

1936 1811 57 24 239.
2007 1810 91 25 Cashel
2108 1811 83 26 Street
2203 1812 79 30 West,

2004 1847 277 27 CHRIST.CHUBCH.

1854 1885 10 32 (
1871 1884 67 26 Next
1947 1884 107 26 Zetland
2066 1886 75 25 Arms
2152 1887 78 25 Hotel
2237 1888 11 32 )

1749 1932 41 28 (34
1798 1939 66 21 years
1879 1934 132 26 experience
2024 1934 26 20 at
2058 1934 74 22 Home
2140 1935 47 21 and
2202 1941 26 15 m
2242 1935 42 22 the

1958 1965 115 28 Colonies)

1774 1997 38 21 Mr
1820 1997 102 27 Allpress
1931 1997 57 28 begs
2003 1998 25 21 to
2037 1998 81 22 tender
2129 1999 37 21 his
2182 1999 102 27 grateful

1748 2030 83 20 thanks
1840 2030 25 20 to
1873 2030 37 19 his
1922 2035 121 16 numerous
2052 2031 82 20 clients
2143 2032 141 25 throughout

1748 2061 141 26 Canterbury
1897 2061 36 21 for
1941 2061 42 21 the
1992 2063 94 25 support
2093 2063 74 21 which
2174 2063 42 21 has
2225 2063 57 21 been

1748 2094 136 21 vouchsafed
1901 2095 25 20 to
1946 2095 49 20 him
2010 2095 84 28 during
2113 2096 41 21 the
2176 2096 108 21 nineteen

1748 2134 64 21 years
1821 2128 30 22 he
1859 2129 43 20 has
1910 2128 160 22 followedhis-
2076 2131 50 25 prof
2126 2131 158 22 essioiiiinyfche

1748 2162 121 26 Province,-
1889 2162 46 21 and
1948 2162 90 27 finding
2059 2162 21 22 it
2103 2163 122 21 incumben
2234 2163 12 21 t
2258 2163 25 20 to

1748 2197 119 22 'centralize
1885 2197 37 21 his
1935 2197 105 21 business
2054 2197 25 21 m
2101 2198 66 21 order
2179 2198 26 20 to
2226 2198 58 27 keep

1748 2232 48 19 him
1809 2231 25 21 m
1847 2232 70 20 touch
1931 2231 55 21 with
2001 2232 36 20 his
2057 2232 129 26 supporters
2200 2232 25 20 m
2243 2232 41 20 the

1748 2263 153 26 surrounding
1909 2263 97 26 country
2012 2263 108 25 districts,
2127 2263 30 21 he
2164 2264 42 19 has
2213 2263 71 21 taken

1748 2297 39 21 the
1797 2297 70 21 above
1876 2298 109 26 premises
1995 2297 73 21 where
2086 2298 29 20 he
2124 2298 49 20 will
2181 2298 30 20 be
2228 2298 55 26 glad

1748 2331 24 21 to
1781 2331 86 21 receive
1877 2331 37 20 his
1923 2331 88 21 friends
2018 2331 130 26 personally
2161 2338 25 13 or
2195 2331 87 20 receive

1748 2363 60 21 their
1817 2363 77 21 orders
1908 2369 42 20 per
1961 2363 58 26 post.
2047 2363 44 20 His
2109 2362 62 21 Well
2188 2362 93 24 Known,

1748 2395 67 21 Tried
1838 2395 46 21 and
1906 2394 122 27 Approved
2049 2393 119 22 Remedies
2195 2394 37 20 for
2251 2394 32 20 all

1748 2423 82 20 classes
1839 2422 24 21 of
1880 2421 106 21 Diseases
1995 2428 38 14 are
2042 2427 50 15 now
2102 2428 24 14 so
2136 2421 51 21 well
2200 2421 83 21 known

1748 2456 24 14 as
1790 2450 25 20 to
1828 2449 59 21 need
1906 2456 30 14 no
1954 2449 90 20 further
2066 2448 102 21 mention
2192 2449 25 19 m
2235 2448 47 21 this

1748 2477 136 24 necessarily
1893 2476 66 20 short
1967 2475 186 19 advertisement.

1774 2501 27 23 A.
1803 2501 44 21 full
1855 2502 62 25 price
1927 2501 49 20 List
1986 2501 22 20 of
2016 2501 33 19 all
2057 2501 37 19 his
2103 2501 91 19 various
2212 2501 71 19 Rem-

1748 2528 59 21 edies
1817 2534 42 14 can
1868 2529 28 20 be
1906 2528 47 20 had
1962 2527 55 21 Post
2029 2527 57 20 Free
2096 2533 29 14 on
2138 2527 144 26 application,

1748 2555 44 21 and
1804 2562 83 20 among
1901 2555 64 22 them
1974 2555 89 21 besides
2072 2555 66 20 those
2146 2554 25 20 of
2179 2561 14 13 a
2201 2554 81 26 purely

1748 2583 96 21 Medical
1863 2583 122 21 Character
2002 2582 48 20 will
2066 2581 28 21 be
2112 2581 74 21 found
2200 2581 80 24 Horse,

1748 2609 73 20 Cattle
1835 2609 47 20 and
1898 2610 50 25 Dog
1964 2608 131 22 Medicines,
2110 2607 23 21 of
2150 2607 134 21 undoubted

1748 2635 89 25 efficacy
1844 2635 104 24 together
1961 2635 57 19 with
2030 2635 21 18 A
2067 2634 60 20 Host
2135 2634 24 19 of
2169 2633 115 20 Domestic

1748 2661 103 21 Utilities
1860 2661 74 21 Toilet
1948 2660 158 26 Preparations
2116 2660 18 20 &
2143 2660 139 25 Perfumery.

1774 2688 38 21 Mr
1820 2688 102 27 Allpress
1931 2687 85 23 invites
2032 2687 149 26 applications
2197 2686 36 22 for
2247 2686 37 22 his

1748 2716 49 21 List
1806 2717 46 19 and
1868 2717 47 19 will
1927 2716 56 20 send
1992 2716 57 20 Free
2058 2715 24 20 of
2091 2721 96 20 expence
2197 2720 29 15 on
2235 2720 49 14 rec-

1748 2743 49 27 eipt
1805 2743 24 21 of
1838 2743 56 21 Five
1904 2743 105 26 shillings
2019 2742 46 21 and
2075 2742 103 27 upwards
2190 2741 24 21 m
2223 2741 61 26 post-

1748 2771 23 19 al
1779 2771 66 19 notes
1855 2776 26 14 or
1889 2771 66 19 order
1964 2776 46 21 any
2016 2769 79 20 article
2103 2769 82 19 named
2195 2768 89 20 therein

1748 2796 56 20 such
1814 2797 65 19 order
1893 2802 53 19 may
1956 2796 104 20 emanate
2074 2796 57 19 from
2141 2800 43 15 one
2192 2800 90 20 person,

1748 2829 24 15 or
1781 2823 28 21 be
1819 2823 65 20 made
1892 2829 32 20 up
1932 2828 83 20 among
2024 2822 137 25 neighbours
2171 2821 50 20 who
2233 2827 53 19 may

1748 2850 84 27 depute
1849 2856 43 14 one
1905 2849 24 21 of
1943 2849 63 21 their
2017 2849 96 20 number
2124 2849 25 19 to
2164 2849 65 19 uiake
2245 2847 40 21 the

1748 2877 139 24 remittance,
1897 2877 87 21 receive
1987 2876 40 21 the
2036 2876 70 26 goods
2110 2875 45 21 and
2165 2875 121 21 distribute

1748 2905 40 19 the
1798 2910 61 14 same
1868 2910 30 14 on
1908 2903 91 21 arrival.

1748 2937 77 26 Agent
1834 2937 36 21 for
1880 2936 87 21 Oxford
1975 2936 49 21 and'
2024 2936 98 21 District
2129 2936 36 20 Mr
2172 2936 26 20 B.
2207 2935 79 23 Keats.!

1797 2995 190 55 Money
2001 2997 53 41 to
2077 2995 153 43 Lend.

1805 3082 18 30 I
1837 3082 79 31 have
1945 3092 113 29 money
2086 3086 33 26 to
2146 3082 73 30 lend
2254 3082 30 30 m

1750 3124 85 38 large
1861 3132 34 21 or
1923 3123 91 29 small
2043 3132 85 20 sums
2166 3133 38 21 to.
2226 3124 60 29 suit

1750 3165 179 29 Borrowers
1959 3168 34 24 at
2019 3163 110 29 lowest
2162 3168 124 25 current

1750 3208 91 26 rates.

1831 3242 192 32 WILLIAM
2045 3243 156 38 HOBAN,

1925 3283 189 29 SOLICITOR,

1784 3322 48 24 204
1844 3321 121 25 Hereford
1976 3321 40 24 St.
2030 3321 196 25 Chkistohurbh
2239 3322 47 24 and

1960 3359 110 24 Kaiapoi.

1752 3453 151 38 'THE
1925 3455 127 35 RED
2066 3455 220 37 HOUSE'

1889 3505 74 21 under
1971 3505 41 20 the
2022 3505 123 21 Verardah

1752 3543 40 22 109
1811 3542 106 22 Colombo
1936 3542 63 21 Sreet
2028 3542 243 22 CHRISTCHURCH.

1802 3580 157 38 JOHN
1997 3580 236 38 WILSON

1753 3632 98 21 General
1858 3632 88 23 Dealer,
1962 3632 125 21 Furniture
2097 3632 91 26 Broker,
2199 3633 18 20 &
2222 3634 64 21 Hotel

1807 3670 117 20 Valuatrr.
1964 3669 148 22 Established
2121 3671 28 20 20
2157 3670 79 21 Tears.

1755 3723 60 20 John
1825 3722 88 20 Wilson
1919 3722 114 20 embraces
2042 3722 39 20 the
2091 3723 92 24 present
2188 3723 98 26 opportu-

1757 3750 48 25 nity
1814 3749 25 21 to
1852 3749 75 21 thank
1936 3749 37 20 his
1984 3749 129 25 supporters
2123 3749 36 21 for
2167 3750 63 20 their
2239 3756 47 14 cus-

1755 3777 46 19 tom
1811 3776 47 20 and
1865 3777 125 24 patronage
2003 3775 46 20 and
2065 3782 89 14 assures
2166 3776 64 20 them
2239 3777 47 19 that

1755 3810 25 13 as
1789 3803 25 19 m
1823 3803 40 20 the
1870 3803 52 25 past
1931 3802 29 20 he
1976 3802 21 20 is
2008 3803 110 25 prepared
2126 3804 24 19 to
2160 3803 82 26 supply
2251 3803 35 20 the

1755 3830 52 20 best
1816 3830 123 20 Furniture
1950 3829 43 24 &c,
2009 3829 36 20 &c.
2061 3830 26 20 at
2101 3830 74 25 prices
2190 3830 60 25 fully
2265 3831 21 19 20

1755 3862 41 20 per
1805 3856 53 20 cent
1866 3856 46 20 less
1919 3855 58 20 than
1986 3855 111 21 hitherto.

1811 3893 59 20 John
1892 3891 89 21 Wi'son
2007 3891 47 20 will
2077 3892 92 20 furnish
2189 3898 15 14 a
2222 3893 64 20 house

1757 3919 135 26 throughout
1899 3919 36 19 for
1945 3919 52 23 .£2O,
2028 3918 61 21 John
2098 3919 88 20 Wilson
2196 3919 48 21 will
2251 3920 35 20 sell

1757 3954 43 19 you
1815 3953 14 13 a
1851 3945 116 21 Duche3se
1991 3945 70 21 Chest
2070 3946 112 20 Drawsers
2192 3946 36 20 for
2242 3947 44 26 50/-,

1783 3973 59 21 John
1852 3973 87 20 Wilson
1959 3973 46 19 will
2025 3973 42 19 sell
2085 3980 45 18 you
2146 3980 15 13 a
2179 3973 72 21 Chest
2270 3974 16 20 oJ

1757 4002 102 20 Drawers
1870 4000 34 20 for
1913 3999 51 25 20/-.
2007 3999 59 21 John
2076 4000 90 20 Wilson
2188 4000 46 20 will
2253 4001 33 20 sell

1757 4034 45 20 you
1830 4027 89 21 Double
1946 4027 54 19 Iron
2024 4025 126 21 Bedsteads
2181 4026 39 21 for
2242 4027 44 28 25/-

1758 4055 82 26 Spring
1851 4054 131 20 Mattresses
1992 4052 45 28 25/-
2046 4053 123 21 Palliasses
2179 4060 44 20 any
2232 4055 54 25 price

1758 4088 46 21 you
1816 4082 53 20 lire.
1906 4080 145 26 Everything
2066 4081 69 25 cheap
2152 4080 134 29 Everything

1759 4109 58 26 gbed
1826 4108 46 20 and
1880 4114 47 19 you
1936 4114 42 13 can
1992 4107 40 26 get
2042 4107 138 26 everything
2188 4108 59 20 from
2256 4109 30 19 th<

1759 4135 74 21 useful
1841 4135 62 19 little
1912 4133 80 21 needle
2006 4134 26 19 to
2049 4134 41 20 the
2108 4135 128 24 proverbial
2258 4142 28 13 an

1758 4162 60 20 ehor.

1758 4188 63 22 THE
1838 4187 63 21 RED
1915 4186 110 21 HOUSE.
2049 4187 40 19 109
2098 4186 105 22 Colombo
2214 4187 72 23 Street

1922 4213 81 21 JOHN
2019 4213 127 21 WILSON.

1785 4241 124 21 Furniture
1918 4239 101 26 Bought,
2033 4239 51 19 aold
2106 4246 25 12 or
2159 4240 88 22 exuh&n

1758 4269 65 21 Sales
1837 4266 111 22 *rt**.ded
1955 4272 30 14 on
1993 4265 150 26 coiflßiissisj.
2179 4287 25 4 __

1195 981 174 45 JOHN
1441 981 290 55 INGRAM,

1223 1053 485 34 AXJCTIOISrEEK

1196 1109 105 25 LICENCED
1321 1109 57 26 LAND
1390 1109 93 30 BROKER,
1497 1110 125 29 VALUATOR,
1638 1111 93 30 ESTATE,

1209 1141 132 29 INSURANCE,
1353 1141 14 24 &
1377 1142 100 24 GENERAL
1487 1142 139 25 COMMISSION
1637 1143 80 25 AGENT.

1193 1176 68 23 Agent
1266 1176 37 24 for
1313 1176 33 19 the
1355 1176 104 19 National
1467 1177 113 19 Insurance
1591 1177 105 26 Company
1710 1183 22 19 of

1371 1207 50 19 New
1435 1208 103 19 Zealand.

1217 1237 171 32 OXFORD
1411 1240 28 28 &
1463 1238 252 32 SHEFFIELD.

1364 1304 53 7 —
1449 1297 31 19 ♦»

1195 1334 149 26 Fortnightly
1353 1334 98 21 Auction
1461 1334 63 21 Sales
1534 1334 55 21 held
1597 1335 25 21 m
1626 1335 40 21 the
1674 1336 57 20 Mar-

1195 1368 40 20 ket
1245 1368 74 20 Yards
1329 1368 129 24 OXFORD,
1469 1374 69 20 every
1547 1369 83 20 second
1648 1369 84 21 Thurs-

1196 1398 50 26 day.
1261 1398 108 27 Monthly
1379 1399 64 21 Sales
1453 1400 55 20 held
1517 1400 26 21 at
1551 1400 90 21 Market
1650 1400 82 25 Yards,

1197 1430 179 22 SHEFFIELD.
1438 1431 94 21 Private
1550 1431 101 23 Auction
1670 1433 62 21 Sales

1195 1463 143 21 undertaken
1347 1470 47 20 any
1402 1464 54 26 part
1465 1464 24 20 of
1498 1464 40 21 the
1549 1465 103 26 country.
1678 1466 54 20 Pro-

1195 1495 65 25 perty
1271 1494 100 26 Bought,
1381 1495 59 23 Sold,
1451 1501 26 14 or
1485 1496 48 20 Let.
1546 1496 47 20 and
1598 1496 134 21 Valuations

1195 1527 111 26 carefully
1315 1528 73 20 made.
1418 1528 66 20 Land
1492 1529 106 26 Brought
1606 1529 74 21 under
1692 1530 41 20 the

1195 1562 107 19 Transfer
1310 1561 51 25 Act,
1390 1561 127 25 Transfers,
1531 1562 90 26 Leases,
1634 1563 18 20 &
1658 1563 74 20 Deeds

1195 1593 22 21 of
1226 1593 134 26 Mortgages
1375 1593 77 21 drawn
1460 1600 39 21 up.
1536 1593 84 29 Money
1628 1595 106 21 invested

1195 1625 47 21 and
1251 1625 108 21 obtained
1368 1626 34 20 for
1412 1626 86 20 Clients
1508 1632 29 15 on
1546 1626 129 27 Mortgage.
1694 1626 39 21 In-

1228 1663 96 15 surance
1342 1657 97 21 effected
1454 1664 30 14 on
1493 1657 125 28 Buildings
1628 1657 29 22 of
1660 1665 46 20 any

1261 1699 3 4 •
1271 1689 144 27 description,
1425 1689 47 21 and
1480 1689 63 21 their
1552 1691 111 20 contents.

1197 1726 59 22 HAS
1270 1726 57 21 FOR
1341 1725 71 22 SALE
1429 1725 38 21 BY
1483 1726 124 22 PiUVATE
1621 1727 112 21 TREATY

1223 1764 21 20 A
1252 1764 57 24 good
1327 1764 157 27 Agricultural
1492 1764 46 20 and
1546 1764 105 22 Pastoral
1666 1765 70 21 Farm

1196 1796 131 24 containing
1337 1797 40 19 522
1386 1802 64 14 acres
1459 1797 113 20 Freehold
1578 1796 18 20 &
1602 1798 42 20 240
1655 1798 79 20 Lease-

1196 1829 54 20 hold
1259 1830 26 20 at
1293 1828 64 22 View
1366 1830 51 20 Hill
1426 1830 153 21 devidedinto
1590 1832 26 19 12
1621 1831 114 27 paddocks

1196 1863 51 20 well
1256 1863 99 21 watered
1363 1863 81 21 within
1453 1863 29 26 4J
1490 1863 66 21 miles
1565 1863 60 22 from
1633 1865 103 26 Railway

1198 1895 98 24 Station,
1311 1895 140 21 substantial
1470 1896 14 19 5
1493 1896 92 20 roomed
1603 1896 74 21 House
1696 1903 40 14 sur

1197 1928 103 20 rounded
1311 1928 32 26 by
1351 1935 15 13 a
1374 1929 51 20 nice
1433 1929 138 26 plantation,
1581 1929 65 27 large
1656 1929 79 21 Stable

1197 1961 46 22 and
1252 1962 40 21 out
1303 1961 57 22 heds
1369 1962 95 21 thereon
1464 1974 27 3 —
1491 1962 62 27 price
1563 1968 56 22 very
1627 1962 49 22 low.

1225 2011 41 21 150
1282 2011 69 21 Acres
1370 2012 24 20 at
1412 2011 65 21 View
1496 2011 49 21 Hill
1563 2011 45 21 and
1626 2012 110 26 complete

1197 2042 51 21 Saw
1257 2042 47 20 mill
1315 2042 72 26 plant,
1393 2043 92 24 Horses,
1494 2043 108 20 Bullocks
1609 2044 43 20 etc.

1384 2076 64 20 Price
1470 2075 68 23 .£750.

1223 2110 42 20 308
1275 2109 69 21 Acres
1354 2110 117 26 adjoining
1482 2110 40 21 the
1532 2110 82 26 above.

1358 2143 65 20 Price
1440 2149 56 20 very
1514 2143 51 21 low.
1569 2144 6 6 v

1294 2197 35 21 On
1338 2197 92 22 account
1440 2197 22 21 of
1472 2197 36 22 Mr
1523 2198 124 23 Allpbess.

1226 2240 41 20 His
1276 2247 51 21 very
1336 2241 174 24 nice'residence
1519 2244 98 26 opposite
1628 2244 38 21 the
1680 2244 57 20 Par-

1198 2279 81 19 sonage
1286 2273 58 21 East
1348 2275 85 21 Oxford
1438 2275 37 21 for
1480 2275 47 21 sale
1536 2281 57 21 vary
1600 2276 77 26 cheap,
1686 2275 52 21 half

1197 2312 51 14 acre
1257 2305 25 21 of
1290 2306 61 25 land,
1362 2307 57 25 good
1428 2307 93 27 garden.

1260 2343 36 20 On
1305 2345 97 20 account
1411 2344 22 21 of
1442 2345 42 19 Mb
1493 2345 77 21 James
1584 2344 94 22 Fisher.

1224 2378 81 20 4acres
1315 2378 23 20 of
1356 2378 56 21 land
1430 2378 108 27 dwelling
1556 2379 70 21 house
1639 2379 97 21 thereon

1198 2410 63 26 quite
1270 2416 15 14 a
1295 2410 104 27 bargain.

1224 2448 53 20 Also
1293 2448 26 22 57
1333 2449 69 21 Acres
1412 2449 24 21 of
1445 2449 72 26 really
1526 2449 60 27 good
1594 2450 57 20 land
1656 2449 79 21 fenced

1197 2486 24 18 m
1232 2485 57 25 good
1301 2486 72 23 heart,
1397 2486 45 19 and
1463 2486 26 19 m
1511 2487 60 24 good
1594 2486 64 20 order
1680 2492 56 14 near

1197 2521 160 22 Waimakariri
1357 2534 27 3 —
1384 2523 61 26 price
1463 2523 137 21 reasonable.

1287 2576 37 21 On
1333 2577 98 20 account
1440 2576 23 20 of
1472 2577 38 20 Mr
1518 2576 35 21 W.
1564 2576 79 21 Munn.

1225 2618 43 19 His
1288 2617 60 26 Shop
1367 2618 46 20 and
1430 2618 127 25 Dewelling
1576 2617 77 22 House
1678 2619 57 20 with

1197 2653 50 20 half
1255 2660 50 13 acre
1315 2653 22 20 of
1345 2653 56 21 land
1410 2660 29 14 on
1457 2654 41 20 the
1508 2654 96 20 Terrace
1612 2654 68 21 West
1690 2654 45 20 Ox-

1198 2691 58 21 ford.
1284 2691 20 21 A
1315 2691 49 22 real
1372 2691 103 28 bargain.

1263 2737 35 21 On
1308 2738 96 20 account
1413 2737 25 20 of
1447 2738 38 19 Mr
1493 2738 29 20 D.
1535 2737 136 27 Thompson.

1226 2780 10 19 1
1247 2785 51 14 acre
1308 2778 23 21 of
1340 2779 65 20 Land
1415 2779 55 20 with
1489 2780 98 24 Cottage
1597 2780 95 20 thereon
1710 2779 26 20 m

1198 2816 90 20 Church
1299 2816 74 21 Street
1381 2822 50 14 now
1440 2816 26 20 m
1475 2816 134 26 occupation
1619 2816 23 23 of
1651 2816 38 20 Mr
1698 2816 36 20 W.

1198 2853 106 21 Osborne.

1224 2896 132 21 WANTED
1371 2896 25 20 to
1405 2896 71 20 Lease
1486 2902 15 14 a
1510 2896 66 20 small
1585 2896 73 26 Dairy
1667 2897 70 20 Farm

1197 2929 60 20 from
1266 2929 27 19 40
1302 2928 24 20 to
1340 2928 40 20 100
1384 2934 70 14 acres.

1228 2961 45 20 For
1287 2960 136 26 particulars
1438 2960 71 26 apply
1523 2961 25 19 to

1198 3013 194 33 JOHN
1424 3011 310 34 INGRAM

1256 3181 261 27 CALEDONIAN
1534 3181 146 26 HOUSE.

1197 3244 220 46 JAMES

1279 3300 83 27 BOOT,
1381 3300 85 26 SHOE.
1482 3300 26 25 &
1522 3298 132 27 slipper-

1332 3332 263 30 Manufacturer.

1301 3378 118 31 WEST
1454 3376 181 32 OXFORD.

1199 3431 48 20 Has
1258 3437 29 13 on
1296 3430 63 19 hand
1368 3435 13 14 a
1391 3429 104 26 splendid
1503 3427 132 21 assortment
1642 3426 23 21 of
1671 3426 68 20 Boots

1200 3462 44 20 and
1255 3461 70 20 Shoes
1334 3460 66 21 made
1420 3465 30 14 on
1459 3460 40 19 the
1508 3458 107 26 premises
1634 3458 25 20 at
1669 3457 70 25 prices

1200 3492 52 20 that
1261 3491 54 26 defy
1323 3491 153 26 competition.
1504 3489 62 26 Boys
1574 3488 80 21 School
1663 3488 75 24 Boots,

1196 3524 61 20 back
1266 3529 73 14 seams
1348 3522 47 21 and
1403 3522 63 20 front
1475 3521 64 19 hand
1546 3526 66 18 sewn,
1621 3520 84 20 cannot
1710 3519 29 21 be

1200 3554 127 27 surpassed.
1358 3554 70 21 Men's
1437 3554 50 21 best
1493 3552 150 27 watertights,
1653 3550 86 28 pegged

1201 3588 49 26 15/-.
1290 3587 100 26 Bespoke
1413 3585 142 26 department
1578 3583 105 26 carefully
1707 3583 32 20 at-

1199 3619 70 22 tcnde
1299 3620 31 19 to.
1359 3619 39 20 Fit
1417 3618 47 20 and
1482 3616 171 27 Workmanship
1672 3616 67 20 Guar-

1188 3642 2 25 L
1200 3651 87 21 anteed.
1316 3650 93 26 Repairs
1419 3649 78 23 neatly
1507 3648 46 20 and
1560 3647 115 27 promptly
1684 3647 55 20 done

1200 3684 25 19 at
1233 3683 132 20 reasonable
1374 3682 73 26 prices

1212 3735 91 21 Branch
1317 3733 182 23 Eatablishment
1506 3740 5 12 :
1527 3733 60 19 Near
1605 3732 67 20 Town
1682 3730 56 20 Hall

1188 3760 2 15 >
1390 3761 57 20 East
1457 3759 93 21 Oxford.

1189 4033 6 32 r
1208 4004 87 42 ZINO,
1318 4003 70 38 TIN,
1413 4001 64 38 AND
1501 3999 116 40 SHEET,
1643 3999 96 38 STEEL

1414 4065 139 23 WORKER

1189 4113 5 29 5
1243 4106 88 39 High
1355 4105 112 37 Street,
1490 4104 81 29 East
1593 4102 127 31 Oxford.

1210 4208 41 23 All
1262 4206 74 24 kinds
1347 4206 28 23 of
1390 4206 95 29 Pumps
1497 4203 77 24 Fixed
1586 4205 23 22 &
1625 4203 114 31 Repaired

1325 4249 27 23 at
1364 4248 44 24 the
1420 4247 110 24 shortest
1542 4246 91 23 notice.

196 1356 104 82 J.
397 1349 619 86 LOUGH,

162 1476 164 28 BUILDEE,
372 1473 246 29 UNDERTAKER,
666 1469 274 28 WHEELWRIGHT
974 1467 75 25 ETC.

263 1549 24 21 to
310 1546 77 30 notify
409 1547 26 23 to
457 1546 41 22 the
514 1544 82 31 public
611 1545 54 23 tbat
688 1543 32 24 he
741 1542 21 24 is
773 1541 131 31 appointed
923 1540 83 31 Agent
1021 1539 38 24 for
1077 1538 40 24 the

31 1638 261 43 WALTER
310 1636 56 51 A.
389 1634 229 46 WOOD'S
640 1634 241 44 Reapers
899 1631 33 42 &
952 1630 231 44 Binders

261 1734 217 45 Mowers
510 1732 101 45 and
640 1730 185 47 Bakes.

152 1833 60 19 ALL
239 1830 119 21 EXTRAS
385 1829 59 21 FOR
470 1827 99 21 THESE
595 1824 159 23 MACHINES
781 1822 82 21 KEPT
889 1822 35 20 IN
954 1819 101 23 STOCK.

31 1910 52 24 also
96 1909 38 24 W.
148 1909 30 23 A.
191 1908 102 24 Wood's
305 1907 92 24 Binder
408 1907 84 24 Twine
504 1905 50 24 and
565 1904 42 30 oil,
619 1904 139 26 Valvoline,
772 1902 94 27 Castor,
879 1900 88 25 Boiled
974 1899 21 24 &
1005 1898 61 25 Raw
1074 1895 109 27 Linseed

33 1952 47 30 Oil,
97 1951 119 31 Building
233 1948 129 27 Materials
384 1948 50 26 and
456 1948 179 31 Ironmongery
655 1946 27 25 of
698 1953 72 23 every
787 1942 151 33 description
950 1942 27 24 at
997 1940 97 25 Lowest
1105 1939 78 24 Rates

528 1991 81 31 Agent
625 1990 38 25 for

275 2046 62 20 THE
365 2044 204 22 MANCHESTER
597 2042 175 23 INSURANCE
800 2040 153 21 COMPANY.

121 2179 425 89 Infant's
637 2172 457 90 Powders

231 2304 87 34 FOR
338 2300 229 36 CHILDREN
600 2289 200 43 CUTTING
830 2295 153 34 TEETH

73 2351 90 30 Have
177 2349 115 41 proved
309 2358 58 20 one
381 2348 33 30 of
428 2348 54 29 the
497 2348 138 38 greatest
649 2344 98 30 boons
771 2351 72 21 ever
856 2339 186 31 introduced
1071 2342 32 26 to
1131 2338 52 30 the

31 2402 119 40 public.
197 2402 88 38 They
299 2410 52 20 are
368 2398 136 40 charged
519 2396 96 40 solely
635 2395 76 31 with
727 2404 18 19 a
773 2393 116 40 special
924 2390 202 42 preparation
1153 2390 30 29 of

30 2455 82 28 mine
128 2464 67 19 own
217 2453 61 29 and
295 2462 53 18 are
363 2449 190 40 guaranteed
569 2447 151 40 perfectly
745 2444 161 31 harmless.
967 2442 129 31 Fathers
1125 2441 58 30 and

30 2503 139 31 Mothers
184 2502 35 31 of
230 2501 158 31 hundreds
403 2501 30 29 of
447 2499 135 30 families
596 2495 194 32 recommend
805 2495 86 28 them
915 2494 78 30 with
1008 2492 175 31 confidence

31 2566 33 19 as
79 2555 92 40 being
187 2554 100 39 ample
297 2556 34 27 to
345 2562 123 20 remove
480 2550 42 30 all
533 2550 51 29 the
597 2548 146 39 ordinary
755 2546 237 39 derangements
1007 2543 72 31 that
1094 2553 89 21 occur

33 2597 113 38 during
160 2595 159 29 dentition.

31 2680 124 40 THEY
171 2679 96 41 COOL
281 2676 90 41 THE
391 2675 127 46 GUMS,

116 2731 197 41 COMFORT
334 2729 89 39 THE
461 2727 139 40 CHILD.
649 2723 143 41 CHECK
817 2718 282 46 COF7ULSO3&S,

359 2787 93 37 AND
467 2783 185 41 RENDER
673 2779 222 41 TEETHING
908 2777 129 52 QUITE
1051 2776 130 38 EASY.

72 2853 100 30 These
187 2851 143 31 Genuine
346 2848 147 32 Powders
509 2858 52 19 are
576 2846 33 30 m
624 2856 54 21 use
693 2845 43 39 by
752 2843 42 30 all
809 2841 110 30 classes
934 2840 33 30 of
982 2838 125 40 society,
1126 2838 57 30 and

31 2898 32 27 m
79 2895 41 29 all
135 2898 87 36 parts
237 2893 33 29 of
278 2892 75 29 New
371 2889 146 31 Zealand.

332 2941 60 25 Sold
404 2941 27 24 m
443 2939 81 25 Boxes
537 2936 147 31 containing
696 2936 31 23 12
739 2932 112 33 powders
865 2932 37 32 1/-

111 3019 363 26 GUABAUTEEI3
490 3012 310 26 PEBFEOTLY
822 3007 290 25 HABKLBSS

28 3058 61 24 Post
100 3057 51 23 free
162 3058 26 22 to
200 3063 49 23 any
259 3057 56 28 part
327 3052 26 25 of
364 3052 60 25 New
437 3049 109 26 Zealand
553 3057 33 16 on
599 3047 147 26 remittance
755 3044 28 25 of
795 3044 44 33 1/-.
899 3040 124 33 Prepared
1034 3039 48 26 and
1093 3039 53 25 sold
1153 3039 30 31 by

428 3094 116 31 JOHN
567 3092 28 31 S.
623 3089 147 36 eOOKE,

381 3144 144 32 Registered
559 3139 212 28 Pharmaceutical
788 3138 121 27 Chemist,

722 3178 112 27 Cashei
861 3177 117 30 Street,

855 3209 280 29 OHEISTOHUECH.

202 3259 613 42 COTSTGTJ-LTATION'S
855 3255 195 35 FRBB

179 3477 389 47 FURNISHING
677 3469 393 49 WAREHOUSE

411 3570 487 51 CHRISTCHURCH.

40 3658 26 26 Is
84 3658 45 26 the
154 3656 81 35 depot
253 3655 88 26 where
364 3661 55 26 you
444 3661 49 17 can
516 3659 44 18 see
580 3651 46 26 the
649 3649 109 35 Largest
787 3646 83 28 Stock
897 3646 29 26 m
959 3644 69 27 New
1073 3642 110 27 Zealand

446 3697 27 26 of
493 3697 38 25 all
551 3696 80 25 kinds
643 3696 42 24 of:
687 3708 37 5 —

40 3752 282 54 CARPETS,
365 3744 441 53 FLOORCLOTHS,
829 3738 354 47 LINOLEUMS

127 3843 205 51 CHINA,
367 3840 200 53 GLASS,
611 3834 494 51 EARTHENWARE,

388 3934 357 48 FURNITURE
779 3934 80 44 &c.

39 4038 56 44 at
137 4034 54 45 A.
232 4033 42 45 J.
304 4030 127 47 W.'S
489 4041 106 34 YOU
647 4039 102 33 CAN
798 4036 213 35 DEPEND
1061 4033 122 32 UPOIS

43 4124 106 35 THE
181 4120 129 34 BEST
341 4119 165 33 GOODS
538 4118 67 32 AT
637 4115 108 33 THE
777 4114 213 31 LOWEST
1011 4112 172 31 PRICES

96 4188 172 49 Steam
288 4182 212 46 Cabinet
522 4181 101 45 and
641 4178 306 57 Upholstery
966 4175 191 44 Works

362 4266 78 44 St.
480 4261 177 46 Asaph
688 4260 218 43 Street.

63 44 26 41 2
120 52 39 21 ■»■■

62 108 25 27 o

61 161 78 60 *|
174 181 23 25 *
236 158 25 63 I

60 203 78 51 op
174 211 23 14 «
235 206 26 45 a

59 281 78 31 Hd
172 281 25 31 £
235 292 24 19 h

59 316 25 29 B
117 302 41 55 g.
189 349 6 5 .
234 314 25 40 3

58 356 26 6 ■'
116 358 20 37 g
172 357 23 27 &
233 358 26 21 h

57 391 26 27 &
115 377 21 55 I
170 387 23 14 °*
234 398 24 15 ®

57 432 26 44 r!
115 446 21 30 £
170 445 23 27 S
231 424 26 44 S

57 543 25 23 >7
115 547 20 18 i^
170 547 23 14 us

56 544 27 76 §
230 568 26 44 §

56 702 26 23 03
