3473 4541
3 167 105 755 les-
109 167 57 28 -of
187 167 61 29 this
277 167 169 40 iniquitous
460 169 82 31 form
572 171 28 30 of

70 208 79 29 Land'
157 212 108 26 tenure
293 219 52 20 are
373 209 168 42 hesitating
570 222 30 20 as

70 256 31 24 to
116 250 83 30 what
223 250 74 40 they
321 249 110 32 should
460 252 47 30 do.
553 252 47 31 Mr

69 291 50 29 Me
136 291 117 30 Kenzie
266 292 158 29 threatens
439 296 32 26 to
487 294 113 36 resign,

68 340 88 30 sorry
171 342 33 19 as
220 342 45 20 we
280 332 99 39 might
394 333 47 35 be,
455 334 26 27 it
495 335 25 28 is
535 335 65 29 bet-

68 375 49 28 ter,
131 377 31 25 to
177 373 63 30 lose
251 374 53 29 the
313 373 130 30 services
453 374 35 29 of
493 374 107 31 honest

71 414 82 32 John
170 414 50 29 Me
235 414 115 29 Kenzie
371 414 79 30 than
477 418 33 27 to
539 416 61 30 lose

69 455 69 29 that
160 455 101 30 which
294 455 27 30 is
344 455 33 30 of
397 455 49 30 far
481 459 119 37 greater

68 499 101 27 worth
179 497 60 29 and
250 497 32 30 of
291 496 152 40 infinitely
452 508 83 20 more
546 498 54 29 im-

69 544 153 32 portance,
237 538 53 29 the
300 538 85 38 right
400 539 33 28 of
446 539 52 28 the
516 539 84 29 State

69 577 32 31 f&
137 579 53 29 the
238 579 156 30 unearned
431 579 169 31 increment

70 619 101 29 which
186 621 53 27 the
266 620 118 39 vigour,
415 622 62 28 and
502 624 98 27 enter-

70 661 80 38 prise
167 661 31 29 of
213 661 39 29 its
267 661 109 40 people
392 661 25 30 is
429 662 130 38 causing
570 666 30 25 to

69 702 38 29 be
123 702 31 29 of
175 702 106 40 yearly
309 702 156 31 increased
502 703 98 29 value.

112 743 29 29 Jt
158 744 24 28 is
199 744 152 30 therefore
380 744 77 30 hard
489 748 32 26 to
552 755 48 19 see

69 784 84 30 what
191 786 151 29 members
378 785 78 30 have
485 789 31 25 to
535 785 65 30 fear

69 826 80 28 from
170 836 19 18 a
217 825 191 37 dissolution,
438 826 162 40 especially

69 866 25 28 if
109 866 73 40 they
198 877 51 19 are
265 876 66 20 true
345 871 33 25 to
392 868 53 28 the
460 868 140 29 interests

3 931 1 13 ,
70 907 34 29 of
111 907 52 29 the
175 908 115 39 people.
335 908 31 29 If
380 908 52 30 the
448 907 152 31 Ministers

69 948 102 29 jiction
189 949 116 29 backed
321 960 33 19 as
369 950 26 28 it
423 960 70 29 may
506 950 38 29 be
559 949 41 38 by

32 1003 19 21 5
69 989 47 28 his
133 988 167 37 colleagues
316 991 96 28 forces
438 1000 40 19 an
494 990 106 38 appeal

3 1021 4 36 I
70 1033 31 25 to
117 1029 51 29 the
205 1029 140 40 Country
380 1029 53 30 the
469 1040 76 19 onus
570 1030 30 29 of

70 1069 99 31 blame
184 1074 84 27 must
283 1074 63 27 rest
356 1071 75 29 with
446 1071 82 30 them
540 1071 60 29 and

3 1101 127 39 Hkrill
142 1111 37 29 bo
196 1112 139 29 resented
346 1122 39 19 on
401 1112 93 35 them,
510 1113 56 29 but
577 1112 23 29 it

70 1152 25 29 is
109 1156 30 25 to
154 1153 37 28 be
214 1153 97 39 hoped
326 1153 69 29 that
410 1153 88 30 wiser
513 1163 87 20 coun-

3 1204 7 12 *
69 1194 39 28 cil
123 1193 59 28 will
194 1195 118 37 prev&il
322 1194 59 29 and
391 1194 68 29 that
468 1194 51 29 the
530 1194 70 29 land

73 1235 51 28 bill
142 1235 61 28 will
222 1239 35 25 be
286 1235 171 39 materially
486 1235 114 29 altered

70 1275 28 28 m
118 1275 177 29 Committee
320 1277 32 27 m
381 1277 53 28 the
452 1276 148 29 direction

3 1336 4 19 L
117 1317 143 38 securing
270 1316 51 29 the
335 1317 223 38 readjustment
573 1317 27 27 of

3 1348 7 45 \
71 1355 71 29 land
161 1357 103 28 values
280 1366 33 19 as
329 1360 48 26 set
406 1360 56 26 out
489 1357 32 28 m
550 1357 50 29 the

67 1395 77 29 lines
159 1396 32 28 of
202 1397 157 37 perpetual
374 1397 165 29 leasehold.

3 1541 313 25 CHRISTCHURCH
342 1541 105 25 ACID
473 1541 130 25 DROPS

189 1633 28 16 BY
227 1633 73 16 ROBIN
312 1633 171 16 GOODFELLOW.

102 1673 38 20 On
170 1673 153 28 Wednesday
349 1673 72 28 night
443 1673 43 21 the
511 1673 45 21 Ist
579 1673 27 21 of

66 1708 107 32 August,
194 1710 40 24 the
265 1710 176 24 Christchurch
467 1710 136 24 Industrial

67 1748 148 26 Exhibition
228 1759 50 15 was
290 1750 94 32 opened
406 1750 28 24 m
457 1750 43 25 ihe
523 1750 80 31 Opera

66 1787 85 25 Hous3
164 1788 79 24 Tuam
269 1788 81 25 Street
362 1789 49 24 and
431 1789 69 24 there
512 1789 21 24 is
552 1797 49 16 cer-

65 1827 80 30 tainly
156 1835 33 16 no
201 1827 90 31 falling
301 1828 36 24 off
347 1828 79 24 either
437 1828 26 23 m
474 1828 44 24 the
529 1835 72 16 num-

65 1862 42 24 ber
119 1872 28 15 or
164 1864 42 24 the
227 1867 89 22 nature
327 1865 27 24 of
364 1864 42 25 the
418 1864 115 25 exhibits.
570 1865 32 23 In

63 1901 70 30 point
145 1901 27 24 of
182 1901 49 25 fact
244 1903 67 30 large
323 1911 28 16 as
363 1903 19 23 it
393 1903 22 23 is
427 1903 43 23 the
490 1902 47 24 hall
549 1910 49 16 was

64 1941 106 30 scarcely
182 1942 68 31 large
260 1943 99 30 enough
370 1943 40 23 for
418 1943 40 24 the
467 1950 134 17 numerous

64 1978 107 24 exhibits
184 1984 24 19 to
220 1979 31 25 be
262 1981 114 30 properly
394 1988 58 17 s^en
476 1988 27 16 so
526 1980 77 24 much

64 2025 41 16 are
119 2018 58 30 they
189 2018 113 23 ci'owded
320 2018 120 31 together.
476 2018 53 24 The
541 2026 48 23 gen
606 2038 2 7 ,

3 2049 43 46 %
64 2056 50 24 enil
126 2057 71 24 effect
210 2065 31 16 on
254 2058 113 30 entering
379 2057 41 24 the
443 2049 114 39 building
579 2058 23 23 is

64 2102 59 23 very
133 2095 111 31 pleasing
256 2095 49 24 and
316 2103 27 16 as
355 2095 43 25 the
417 2095 86 25 visitor
525 2096 76 24 walks

65 2133 79 24 round
157 2133 42 24 the
210 2133 54 24 hall
276 2133 29 24 ho
325 2133 22 26 is
371 2133 84 25 struck
478 2133 61 25 with
559 2134 43 25 the

64 2172 122 24 immense
198 2173 92 29 variety
301 2173 50 24 and
376 2172 136 25 excellence
524 2172 27 25 of
561 2172 40 25 the

65 2209 64 24 local
140 2209 141 25 industries.
318 2211 40 23 He
370 2218 52 16 seas
432 2211 88 31 locally
533 2211 69 23 made

65 2247 62 27 iron,
142 2248 60 22 steel
231 2248 48 22 and
302 2248 71 24 brass
396 2249 83 29 goods,
504 2248 96 30 pianos,

64 2284 198 30 perambulators
291 2284 49 25 and
376 2287 110 29 pottery;
524 2285 77 32 jams,

65 2323 109 24 buscuits
186 2323 50 24 and
254 2323 65 24 cider
330 2331 5 21 ;
359 2324 106 24 medical
488 2331 114 23 prepara-

65 2361 66 23 tions
143 2361 49 23 and
204 2361 112 24 silverine
328 2369 90 23 spoons
441 2361 49 24 and
510 2369 27 17 as
560 2362 43 24 the

65 2398 153 24 auctioneers
230 2398 63 24 have
310 2399 20 23 it
342 2399 71 24 other
436 2399 96 24 articles
561 2401 41 22 too

64 2446 133 16 numerous
222 2439 26 24 to
276 2438 118 25 mention.
431 2438 40 24 Mr
505 2438 35 25 H.
571 2438 29 24 B.

65 2476 62 24 Kirk
150 2476 129 26 President
291 2476 27 26 of
328 2477 40 25 the
380 2476 139 26 Industrial
530 2476 72 26 Asso-

65 2516 91 24 ciation
184 2516 94 30 opened
307 2516 43 24 the
380 2516 160 32 proceedings
569 2516 33 32 by

65 2554 124 31 thanking
200 2554 42 24 the
255 2554 86 31 people
358 2554 38 24 for
418 2554 66 24 their
506 2554 94 24 attend-

65 2599 68 16 ance.
170 2592 38 23 He
222 2592 101 30 pointed
335 2594 42 23 out
389 2592 43 25 the
462 2592 104 25 benefits
578 2592 28 25 of

67 2632 59 23 such
147 2631 148 25 exhibitions
324 2632 82 24 which
435 2640 61 17 were
525 2632 80 30 grand

8 2690 12 4 -
67 2672 78 31 object
156 2671 96 26 lessons
264 2672 130 32 especially
408 2671 39 26 for
458 2672 42 25 the
511 2681 91 23 young.

3 2709 28 17 *
31 2709 11 11 r
66 2711 96 26 Almost
174 2712 144 31 everything
337 2720 128 24 necessary
477 2712 39 25 for
526 2713 79 31 living

66 2751 73 24 could
152 2750 30 25 be
192 2751 126 31 produced
339 2753 25 22 m
395 2752 63 25 New
486 2753 116 24 Zealand.

65 2790 26 23 If
100 2790 137 25 industries
249 2799 63 16 were
323 2791 127 24 inereasad
462 2792 43 25 the
517 2800 86 17 unem-

65 2828 89 32 ployed
166 2828 122 32 difficulty
300 2829 82 25 would
401 2830 130 32 disappear
554 2831 50 24 and

65 2867 70 24 there
149 2867 79 24 would
241 2867 27 23 be
279 2875 34 16 no
325 2867 63 24 need
399 2868 38 24 for
459 2868 66 31 lamp
547 2871 57 29 post

64 2905 132 30 meetings.
232 2905 42 23 All
287 2905 91 24 should
390 2906 99 24 become
500 2907 103 30 patroits

64 2944 48 23 and
126 2945 101 30 support
238 2944 44 24 the
301 2944 62 24 local
387 2944 141 26 industries.
563 2945 41 25 Mr

64 2981 29 25 T.
109 2982 82 31 Gapas
210 2982 88 31 Mayor
326 2982 28 25 of
380 2983 180 25 Christchurch
576 2984 28 24 m

64 3022 108 30 opening
184 3022 41 24 the
234 3022 137 25 exhibition
379 3024 130 29 expressed
521 3025 82 30 regret

64 3060 55 23 that
131 3059 49 24 His
191 3059 152 31 Excellency
354 3060 45 25 the
411 3060 129 25 Governor
553 3069 50 17 was

63 3097 134 31 prevented
208 3097 33 32 by
253 3098 51 24 tiis
314 3097 198 33 Parliamentary
521 3099 82 26 duties

63 3135 64 24 from
157 3135 73 32 being
258 3137 26 24 at
312 3135 44 25 the
373 3137 109 31 opening
510 3137 27 24 of
561 3138 41 25 the

64 3175 175 25 Christchurch
251 3175 148 25 Exhibition
428 3184 28 17 as
484 3178 60 30 they
567 3178 33 24 all

64 3215 73 25 know
148 3216 68 23 what
227 3224 15 16 a
253 3216 60 31 deep
324 3215 103 26 interest
450 3217 33 24 he
506 3217 59 25 took
577 3218 22 24 m

65 3255 60 24 such
137 3258 104 22 matters
251 3264 27 15 as
290 3256 43 23 did
344 3265 45 15 our
401 3257 50 24 late
474 3257 129 25 Governor

62 3293 68 24 Lord
142 3293 101 24 Onslow
255 3293 54 23 who
321 3293 50 23 had
381 3293 64 25 done
454 3302 26 16 so
490 3295 75 23 much
577 3298 26 21 to

63 3331 122 25 advertise
198 3331 42 25 the
252 3330 96 31 Colony
359 3332 28 24 m
398 3332 128 31 England.
562 3333 40 25 He

64 3372 107 31 thought
184 3372 65 25 such.
254 3379 34 16 an
311 3372 135 24 exhibition
469 3372 90 26 should
572 3373 29 25 be

64 3412 90 30 always
166 3419 33 16 on
211 3411 62 24 view
283 3419 27 16 so
331 3412 56 24 that
410 3412 97 25 visitors
531 3413 72 25 could

64 3457 40 17 see
116 3457 45 16 our
173 3450 61 23 local
247 3449 134 25 industries
393 3450 50 24 and
464 3458 36 17 we
523 3452 78 30 ought

64 3497 61 17 soon
137 3490 26 23 to
175 3488 30 25 be
217 3488 55 25 able
284 3492 26 21 to
328 3491 94 29 export.
458 3489 40 26 All
511 3490 88 26 should

64 3528 100 25 become
173 3528 135 24 connected
315 3529 60 23 with
386 3529 43 24 the
438 3529 163 25 Association.

64 3567 70 24 After
145 3566 88 31 briefly
246 3566 143 32 explaining
406 3568 44 24 the
472 3568 94 31 objects
578 3569 27 24 of

64 3607 43 24 the
117 3606 147 25 association
274 3606 31 25 he
314 3606 113 25 declared
437 3607 42 24 the
488 3608 113 24 Exhibit-

64 3646 41 25 ion
118 3653 72 23 open.

97 3686 48 24 His
157 3686 124 32 Lordship
293 3686 95 32 Bishop
400 3688 86 24 Julius
500 3688 101 25 deliver-

65 3725 30 24 ed
107 3732 15 17 a
134 3724 70 25 short
215 3725 50 24 and
276 3725 151 24 humourous
445 3726 101 25 address
570 3735 31 16 on

66 3763 43 24 the
121 3762 92 31 objects
225 3763 28 24 of
262 3762 43 25 the
317 3763 149 25 association
488 3765 50 23 and
560 3765 41 23 ad-

67 3800 68 24 vised
146 3800 34 23 all
192 3801 26 23 to
231 3800 126 31 patronise
368 3801 63 24 local
459 3801 140 26 industries.

67 3838 42 24 He
121 3838 53 24 said
186 3838 53 24 that
251 3838 58 31 they
333 3838 89 24 should
449 3839 82 25 follow
559 3840 42 24 the

14 3872 26 16 X-
67 3877 111 32 example
191 3876 26 25 of
233 3876 41 25 the
298 3877 155 26 Committee.
488 3879 50 25 Not
555 3888 48 16 one

68 3915 27 25 of
109 3916 70 23 them
207 3915 82 24 would
316 3923 66 17 wear
409 3916 122 33 anything
560 3918 43 24 but

69 3954 105 26 colonial
186 3955 73 24 made
281 3956 70 24 boots
378 3956 49 24 and
456 3956 91 27 clothes
576 3966 27 16 or

68 3994 72 24 think
152 3993 28 25 of
189 3994 75 30 using
285 3994 123 32 anything
429 3994 46 26 but
498 3996 103 24 colonial

68 4034 81 31 slang.
184 4033 40 24 He
236 4034 102 24 amazed
349 4034 42 25 the
401 4036 88 30 people
500 4036 25 24 of
535 4036 68 31 Eng-

67 4071 58 26 land
136 4071 61 25 with
208 4071 42 24 the
261 4071 106 33 Kaiapoi
378 4072 89 25 Tweed
490 4073 30 25 he
543 4074 60 25 took

67 4112 80 23 home.
182 4111 42 24 He
234 4119 47 16 was
293 4114 43 21 not
347 4121 14 14 a
373 4112 106 25 colonial
489 4114 114 30 product-

65 4151 42 24 ion
120 4150 104 25 himself
232 4150 45 25 but
287 4151 28 24 m
327 4152 69 23 heart
408 4152 50 23 and
486 4153 54 24 soul
570 4153 32 24 he

67 4197 51 17 was
130 4197 15 15 a
156 4188 61 24 New
229 4188 137 25 Zealander
377 4189 48 24 and
437 4189 67 24 liked
526 4192 25 22 to
563 4198 40 17 see

67 4229 43 25 the
122 4229 75 32 goods
210 4228 122 31 produced
344 4236 33 18 on
389 4237 45 17 our
445 4238 55 16 own
524 4230 77 25 work-

69 4269 83 30 shops.
187 4267 49 25 His
255 4267 111 32 lordship
394 4276 51 18 was
468 4269 77 25 much
562 4278 41 23 ap-

67 4308 106 31 plauded
185 4307 154 31 throughout
350 4308 39 25 his
406 4308 97 31 speech.
538 4309 65 24 Dur-

68 4348 44 32 ing
121 4347 42 25 the
191 4346 106 33 evening
324 4347 44 25 the
396 4347 108 25 Garison
531 4348 74 25 Band

3 4381 153 116 Klayed
168 4387 129 25 selections
310 4388 49 24 atrl
372 4388 43 24 the
427 4389 105 30 evening
554 4396 50 18 was

84 4426 113 24 nlivened
208 4425 61 25 with
289 4424 105 26 musical
405 4427 83 24 items.
505 4427 100 32 Among

84 4466 28 23 he
123 4466 66 23 most
200 4463 99 26 notable
310 4463 117 27 Exhibits
439 4473 52 17 was
502 4466 56 25 that
579 4466 27 27 of

631 181 43 26 the
687 182 178 26 Christchurch
886 185 53 25 Gas
963 186 129 33 Company
1114 187 54 25 who

632 221 96 26 showed
740 223 106 33 cooking
867 227 82 24 stoves
972 226 45 26 hot
1028 228 75 24 water
1125 236 42 23 ap-

631 262 101 30 paratus
744 262 47 24 and
803 262 103 33 heating
918 266 81 24 stoves
1011 265 34 25 all
1056 265 27 25 of
1103 266 65 25 local

631 299 173 25 manufacture
815 307 28 18 as
854 301 22 24 is
889 302 85 25 shown
986 302 33 32 by
1029 304 42 23 the
1081 311 86 24 appro-

631 338 78 30 priate
719 346 95 21 names,
827 339 37 24 for
883 341 59 31 they
965 346 63 20 have
1050 350 33 16 on
1105 342 63 25 view

631 377 43 24 the
703 377 182 32 Christchurch,
916 379 137 32 Waltham,
1088 381 78 30 Avon,

632 415 132 25 Riccarton
784 417 33 23 &c
841 416 97 26 Stoves.
973 419 76 24 Their
1072 419 97 31 display

631 455 27 24 of
673 455 102 26 burners
787 464 51 17 was
856 457 52 25 also
917 466 58 24 very
987 459 64 31 good
1073 466 48 18 one
1132 466 36 18 es-

630 495 103 32 pecially
745 497 136 31 attracting
892 499 125 25 attention
1042 499 74 31 being
1137 507 31 16 an

630 533 178 25 incandescent
820 535 91 25 burner
922 536 28 25 of
959 539 69 28 great
1040 537 128 31 brillancy.

631 572 52 24 The
695 572 150 33 Company's
857 573 127 34 Inspector
995 575 41 25 Mr
1047 575 33 25 D.
1103 575 65 25 Mor-

631 614 43 22 ton
686 612 113 26 deserves
812 614 42 24 the
866 616 107 29 greatest
985 615 77 25 credit
1073 615 38 25 for
1122 615 44 25 the

631 659 53 24 way
696 652 51 25 this
759 653 96 25 exhibit
877 654 22 24 is
908 655 119 31 arranged
1039 655 50 24 and
1117 654 52 24 also

631 690 38 24 for
680 690 44 25 the
736 699 52 23 way
799 690 44 25 the
854 691 53 25 hall
925 692 22 24 is
958 692 97 32 lighted
1066 692 33 25 he
1108 692 61 25 hav-

629 729 44 31 ing
684 729 51 24 had
745 729 43 25 the
800 730 114 32 carrying
941 732 45 24 out
1014 731 27 24 of
1066 730 36 26 all
1125 730 43 25 the

631 766 108 33 lighting
748 769 195 30 arrangements.
978 769 94 24 Messrs
1080 768 89 25 Milner

630 807 48 23 and
690 807 167 31 Thompson's
869 807 104 24 Exhibit
984 808 22 24 is
1018 809 53 24 also
1080 815 15 17 a
1106 811 63 22 most

630 845 145 31 interesting
803 852 55 17 one.
894 845 54 25 One
975 846 26 24 of
1024 845 66 25 their
1114 845 54 25 25

630 882 112 26 Pianette
752 883 23 25 is
786 883 91 25 almost
885 883 72 25 made
965 883 28 25 m
1002 883 43 25 the
1053 883 53 26 hall
1118 883 51 25 and

631 920 42 25 the
684 928 99 24 process
795 920 27 25 of
831 922 117 31 covering
959 922 44 25 the
1013 923 60 23 bass
1097 922 72 24 cords

630 960 20 23 is
662 960 94 24 shown.
792 960 81 23 There
884 960 20 24 is
916 960 52 24 also
980 968 33 16 on
1031 960 138 24 exhibition

631 1007 32 16 an
676 1000 104 30 entirely
791 999 73 24 novel
876 1000 75 30 piano
970 1000 60 24 with
1052 1007 15 17 a
1089 1001 79 23 trans-

630 1036 101 32 porsing
741 1036 142 32 Key-board
894 1037 50 24 and
972 1044 32 17 on
1031 1036 43 25 the
1099 1038 70 30 stage

630 1075 48 24 and
689 1075 61 24 used
761 1074 37 25 for
810 1075 43 24 the
876 1075 103 25 musical
1001 1076 56 30 part
1078 1074 28 26 of
1125 1075 43 24 the

630 1119 158 25 programme
799 1120 41 17 are
860 1114 50 23 two
938 1113 162 31 magnificent
1123 1120 45 24 up-

631 1151 69 31 right
711 1150 81 33 grand
802 1151 95 30 pianos.
932 1151 54 25 The
1003 1151 54 32 Bey
1085 1150 33 25 B.
1136 1150 32 24 E.

631 1190 135 25 Chambers
777 1191 120 24 sectional
909 1190 124 25 Venetian
1053 1190 72 25 blind
1146 1190 22 25 is

630 1228 80 26 worth
721 1237 68 16 more
801 1228 60 24 than
874 1237 14 15 a
898 1236 101 24 cursory
1006 1228 95 31 glance.
1137 1228 32 24 Of

631 1277 86 16 course
729 1268 42 24 the
783 1270 66 22 most
878 1268 127 24 extensive
1033 1268 95 24 exhibit
1147 1268 22 24 is

631 1306 56 24 that
699 1306 25 24 ot
734 1306 44 24 the
800 1305 105 32 Kaiapoi
933 1305 103 25 Wollen
1062 1305 106 31 Factory

631 1346 48 23 and
691 1345 21 24 it
733 1345 47 24 has
806 1344 63 25 been
897 1344 141 31 purchased
1065 1343 33 32 by
1127 1343 41 25 W.

633 1384 102 31 Strange
747 1384 19 23 &
779 1383 42 24 Co.
857 1383 80 24 There
949 1391 41 16 are
1007 1383 57 24 four
1085 1390 84 24 young

632 1424 77 23 ladies
720 1423 110 31 working
842 1423 124 23 machines
978 1422 98 24 as-used
1086 1423 28 22 m
1125 1422 44 23 the

631 1463 95 31 factory
738 1463 70 24 there
820 1461 75 31 being
906 1463 49 22 two
966 1460 131 25 machines
1109 1468 56 16 sew-

631 1501 44 31 ing
697 1508 32 17 on
758 1499 102 26 buttons
883 1507 47 17 one
954 1499 104 32 making
1079 1498 90 25 button

632 1541 76 26 holes,
721 1539 51 25 and
783 1547 47 16 one
841 1539 88 24 double
950 1538 76 25 stitch
1044 1538 123 24 machine.

632 1577 40 25 Mr
690 1577 24 25 J.
737 1577 26 25 S.
772 1576 106 25 Roberts
888 1576 78 25 shows
974 1576 43 24 the
1024 1576 56 24 first
1086 1583 83 23 penny

631 1618 27 23 m
686 1616 44 26 the
749 1616 49 25 slot
826 1616 116 24 machine
970 1614 73 25 made
1071 1614 28 24 m
1126 1615 43 24 the

632 1656 143 24 Australian
788 1654 123 28 Colonies,
924 1654 51 24 and
1003 1653 43 25 the
1072 1652 97 32 Bicycle

632 1693 100 24 Makers
742 1692 70 24 show
824 1700 33 22 up
869 1699 59 23 very
939 1691 104 31 largely.
1078 1691 91 23 Messrs

631 1731 114 31 Drappor
758 1730 18 23 &
789 1729 42 24 Co.
843 1729 65 24 have
928 1737 16 16 a
956 1728 63 32 good
1048 1727 69 25 show
1145 1727 24 24 of

632 1778 75 24 paper
719 1770 69 31 bags,
802 1769 50 25 and
865 1769 42 24 the
924 1767 154 33 Canterbury
1100 1767 69 24 Fruit

632 1809 71 24 Cider
728 1808 42 24 Co.
801 1807 49 24 and
879 1806 166 25 Auslebrooks
1073 1805 96 25 Biscuit

631 1847 118 24 Exbibite
770 1854 40 16 are
828 1845 182 31 appropriately
1038 1845 66 24 close
1132 1846 37 22 to-

631 1887 94 31 gether.
761 1885 53 25 The
826 1885 147 25 Exhibition
995 1884 51 24 will
1063 1884 30 24 be
1106 1891 63 23 open

630 1925 37 24 for
679 1925 87 24 eleven
779 1924 68 30 days.
883 1923 78 30 Space
972 1922 52 25 will
1035 1923 45 24 not
1097 1922 72 24 allow

630 1971 39 16 me
680 1964 25 22 to
718 1970 30 23 go
761 1969 68 16 more
840 1960 62 32 fully
914 1960 54 25 into
980 1960 44 25 the
1043 1959 126 26 thousand

631 2002 48 24 and
690 2009 47 16 one
751 2000 117 28 exhibits,
886 1999 46 25 but
942 2000 14 23 I
984 1999 64 31 hope
1071 1999 35 24 all
1127 2007 42 23 my

631 2041 93 25 Oxford
735 2040 99 25 readers
846 2039 49 24 will
907 2039 59 25 visit
978 2039 44 24 the
1033 2039 136 24 exhibition

630 2082 60 23 next
701 2080 67 25 week
780 2087 62 17 even
853 2079 20 24 if
884 2079 59 31 they
972 2079 63 24 have
1046 2079 27 23 to
1096 2078 73 24 make

630 2127 15 16 a
657 2119 91 31 special
756 2117 111 31 journey,
892 2117 50 24 and
970 2116 15 24 I
1006 2116 49 25 feel
1073 2123 56 18 sure
1151 2115 18 24 if

631 2157 60 32 they
703 2157 31 24 do
746 2157 59 30 they
816 2155 52 25 will
879 2156 44 23 not
939 2155 81 31 regret
1043 2154 26 24 it.

617 2321 484 31 CORRESPONDENCE.

633 2385 66 19 While
709 2390 39 14 our
756 2385 92 18 columns
858 2389 36 14 are
900 2389 52 19 open
962 2383 21 20 to
992 2383 33 19 all
1042 2389 30 13 we
1091 2383 26 18 do
1135 2385 32 17 not

647 2411 101 25 .identify
753 2411 102 18 ourselves
860 2410 99 24 withany
963 2409 96 25 opinions
1063 2408 104 26 expressed

658 2448 86 20 therein.

701 2485 37 23 T3
748 2484 37 23 the
804 2484 90 23 Editor
905 2484 31 24 of
942 2483 37 25 the
993 2486 6 12 '
1012 2483 122 24 Observer.

733 2537 146 23 CHURCH
919 2537 149 23 SOCIALS.

668 2581 85 29 Sir,
755 2581 22 25 A
799 2581 205 31 correspondent'
1023 2581 55 25 who
1102 2581 69 32 signs

632 2625 101 25 himself
744 2624 9 33 (
762 2625 104 31 perhaps
889 2624 94 33 rightly
992 2625 9 33 )
1026 2624 143 31 Hypocrite,

631 2668 114 32 indulges
757 2668 27 25 m
796 2676 15 16 a
822 2668 131 32 maudling
962 2667 97 33 cynical
1072 2667 62 33 style
1146 2667 26 26 of

632 2713 191 25 condemnation
852 2712 26 26 of
904 2713 42 25 the
969 2712 101 26 Church
1094 2714 75 24 social

631 2757 80 24 which
723 2757 32 23 he
767 2756 110 25 honored
888 2756 10 33 (
906 2757 35 24 sic
950 2757 11 30 )
976 2757 58 24 with
1055 2757 38 23 his
1115 2764 54 23 pre-

631 2806 79 17 sence.
745 2799 35 24 As
792 2807 15 15 a
819 2799 70 24 critic
900 2799 27 24 of
937 2799 77 25 music
1025 2799 33 24 he
1080 2799 23 25 is
1114 2806 55 23 pro-

631 2842 72 32 bably
717 2850 28 17 as
757 2844 141 30 competent
919 2850 27 17 as
966 2843 44 25 the
1033 2842 137 33 proverbial

632 2886 140 31 quadruped
785 2886 55 24 who
859 2886 122 31 although
1004 2894 141 24 possessing
1156 2895 13 15 a

631 2928 140 24 discordant
793 2928 68 24 voice
889 2928 47 24 has
962 2929 169 23 nevertheless
1155 2937 15 15 a

631 2979 58 24 very
699 2971 51 25 fine
762 2978 50 17 ear.
847 2970 49 25 His
905 2972 111 24 remarks
1025 2973 26 23 to
1062 2979 14 16 a
1085 2972 85 24 casual

631 3015 94 29 reader,
735 3022 42 17 are
788 3015 45 24 not
840 3022 59 24 very
907 3014 147 32 intelligible
1065 3022 28 17 as
1104 3015 33 24 he
1147 3015 22 24 is

632 3059 45 23 not
705 3066 31 15 an
765 3057 74 31 adept
866 3058 28 23 m
920 3058 171 29 transmitting
1130 3058 39 23 his

633 3101 119 31 thoughts
762 3109 33 16 on
817 3109 82 23 paper,
913 3100 46 25 but
970 3102 25 24 to
1018 3101 72 25 those
1115 3100 54 26 who

632 3153 43 16 are
685 3145 27 24 m
725 3145 44 25 the
779 3144 70 25 habit
860 3144 27 26 of
908 3144 140 33 anaylising
1070 3145 99 25 written

631 3189 131 31 thoughts,
776 3188 113 24 however
908 3188 117 31 clumsily
1047 3188 122 31 conveyed

630 3232 21 25 it
663 3232 22 25 is
697 3233 45 23 not
753 3231 61 24 hard
832 3232 26 23 to
880 3231 82 24 detect
972 3231 28 24 m
1023 3231 42 24 the
1087 3232 83 23 writer

631 3283 46 17 one
691 3276 81 23 whose
783 3277 75 22 tastes
869 3274 38 25 for
913 3275 64 30 good
986 3280 123 26 company
1120 3275 49 24 and

630 3318 149 24 refinement
792 3317 64 23 ha~e
866 3318 46 23 not
924 3316 70 25 lifted
1005 3317 54 24 him
1079 3318 38 23 far
1128 3317 40 24 be-

630 3361 67 33 yond
708 3361 64 30 beer,
785 3360 99 25 skittles
906 3360 51 25 and
979 3362 113 29 taproom
1115 3361 59 31 gas/

843 3403 16 26 I
870 3412 42 15 am
924 3405 42 22 &c.

916 3447 112 31 Straight
1046 3446 55 31 Tip.

881 3491 32 14 c

632 3518 51 29 Sir,
718 3518 14 24 I
741 3518 108 31 thought
861 3525 59 24 poor
932 3518 40 23 old
984 3518 125 30 Diogenes
1121 3525 46 16 was

630 3561 63 25 dead
702 3568 70 24 years
785 3568 47 24 ago
858 3560 67 24 until
953 3560 44 24 the
1023 3559 71 25 other
1111 3559 55 32 day,

630 3605 73 24 when
714 3605 14 23 I
750 3603 59 24 read
835 3611 61 23 your
913 3603 49 24 last
990 3602 82 25 weeks
1094 3602 72 27 issue,

631 3648 67 24 there
710 3648 14 23 I
732 3646 53 25 find
799 3647 56 24 that
867 3647 41 24 the
920 3646 43 25 old
985 3646 71 30 cynic
1079 3653 27 17 or
1128 3645 39 24 his

630 3692 90 24 double
731 3690 47 25 has
790 3690 91 24 turned
889 3697 34 24 up
932 3690 27 24 at-
968 3697 15 17 a
990 3689 68 31 quiet
1068 3688 99 26 Church

632 3735 90 28 Social,
734 3733 81 25 which
826 3740 49 17 was
886 3732 59 25 held
953 3737 26 19 at
1068 3731 99 25 Oxford.

631 3777 32 24 Of
678 3777 34 23 all
724 3776 83 31 places
829 3777 28 21 m
874 3775 52 23 this
939 3774 74 24 world
1040 3774 33 24 he
1096 3773 71 24 could

631 3822 42 23 not
684 3819 64 24 have
759 3818 93 24 chosen
860 3825 15 16 a
886 3824 85 17 worse.
1006 3815 81 25 These
1100 3815 67 25 Soci-

630 3862 38 24 als
680 3869 41 17 are
732 3862 43 30 got
787 3868 32 23 up
842 3859 33 32 by
903 3867 15 16 a
945 3859 48 24 few
1019 3858 77 24 ladies
1118 3857 49 25 and

630 3904 144 32 gentlemen
795 3904 26 23 to
849 3901 88 26 enable
955 3902 41 24 the
1007 3900 87 32 people
1105 3902 26 23 at
1154 3909 13 16 a

631 3956 57 24 very
708 3946 74 26 small
793 3953 115 24 expense,
922 3946 26 23 to
959 3951 59 25 pass
1028 3943 139 32 pleasantly

632 3999 68 17 some
712 3989 26 26 of
748 3989 44 25 the
811 3989 60 31 long
882 3988 88 24 winter
981 3987 124 31 evenings,
1119 3987 48 24 and

633 4034 67 26 what
712 4041 56 17 ever
779 4031 117 32 proceeds
907 4039 74 17 acrue
992 4030 64 25 from
1068 4030 44 24 the
1131 4037 36 17 re-

631 4077 64 25 sults
706 4075 28 26 of
743 4076 75 28 these,
825 4074 94 26 Socials
930 4074 22 23 is
964 4073 87 31 placed
1063 4071 104 26 towards

632 4121 43 23 the
687 4118 101 26 Church
799 4117 69 24 fund.
904 4117 53 23 Our
974 4115 98 31 worthy
1092 4114 75 31 Cynic

632 4164 52 24 who
713 4161 68 31 signs
793 4160 101 25 himself
915 4158 121 32 probably
1058 4157 109 31 through

631 4207 136 31 ignorance
803 4203 33 31 by
861 4202 42 25 his
931 4203 55 23 true
1020 4200 147 31 appellation

658 4247 135 33 Hypocrite
841 4245 55 25 first
919 4245 118 25 critisizes
1049 4243 43 25 the
1114 4250 53 24 per-

631 4294 113 24 formers,
757 4290 56 24 that
819 4297 50 16 was
877 4288 80 24 where
964 4288 42 25 the
1014 4287 59 24 shoe
1082 4285 85 32 pinch-

632 4335 39 30 ed,
684 4334 33 25 he
728 4332 51 25 had
790 4329 123 34 evidently
931 4332 45 23 not
998 4330 63 24 been
1084 4328 83 25 asked.

632 4379 41 24 He
689 4379 23 24 is
724 4377 42 24 not
778 4384 15 17 a
805 4375 109 32 dancing
926 4381 60 18 man
997 4372 57 26 that
1076 4372 22 24 is
1122 4371 45 25 evi-

632 4422 60 25 dent
698 4421 108 25 because
814 4420 32 23 he
854 4419 61 24 next
924 4418 68 32 gives
999 4416 70 25 them
1078 4423 15 17 a
1102 4416 65 24 turn.

633 4466 60 24 Now
706 4464 41 25 Mr
771 4462 144 33 Hypocrite,
928 4461 67 24 what
1017 4459 82 26 would
1120 4466 47 24 you

1200 185 50 25 like
1262 186 44 24 the
1316 187 87 32 people
1414 189 26 23 to
1452 188 31 26 do
1493 189 12 23 ?
1524 189 40 26 Sit
1575 189 71 26 there
1669 191 68 31 quiet

1198 228 50 25 and
1261 230 40 24 eat
1312 229 59 26 cake
1385 231 50 25 and
1457 231 73 26 drink
1553 234 48 29 tea,
1637 233 97 33 Hypor-

1199 271 82 26 crite's
1299 280 50 19 was
1379 274 124 33 evidently
1530 278 46 23 not
1598 277 105 31 sugared

1200 315 136 25 scandalize
1348 316 50 25 and
1409 318 61 25 then
1481 326 32 23 go
1520 318 81 25 home.
1635 320 101 25 Instead

1199 356 27 25 of
1236 357 83 24 which
1330 358 65 25 from
1403 359 68 25 what
1497 360 15 23 I
1523 361 63 24 have
1597 367 59 18 seen
1675 362 20 24 it
1713 362 23 25 is

1198 400 43 24 the
1252 407 100 24 persons
1364 409 55 17 own
1429 402 63 25 fault
1503 402 22 24 if
1531 403 58 30 they
1598 403 30 25 do
1640 406 45 23 not
1694 412 40 17 en-

1195 442 44 33 joy
1250 443 149 26 themselves
1411 445 50 24 and
1474 445 15 25 I
1504 446 91 32 always
1617 447 59 25 look
1687 447 48 24 for-

1198 486 66 24 ward
1276 487 26 24 to
1320 487 43 25 the
1391 489 58 23 next
1474 487 90 27 Social.
1610 489 126 33 Although
1742 504 2 11 ;

1198 529 135 31 Hypocrite
1345 529 58 25 does
1412 532 43 23 not
1466 530 74 25 think
1548 531 14 24 I
1570 539 42 17 am
1619 540 81 17 aware
1711 533 28 24 of

1198 571 45 25 the
1254 571 91 31 writer,
1358 572 15 25 I
1391 580 59 25 may
1475 581 44 24 say
1543 574 29 24 m
1594 574 142 27 conclusion

1197 615 55 24 that
1262 614 15 25 I
1288 623 51 17 saw
1349 615 54 25 him
1413 623 60 18 once
1484 618 107 31 attempt
1609 625 15 18 a
1648 618 87 26 recita-

1197 657 79 25 tation
1287 658 51 24 and
1348 658 43 25 the
1410 659 60 31 only
1497 659 74 32 thing
1598 660 15 24 I
1635 662 99 23 noticed

1197 701 74 24 about
1278 700 21 25 it
1316 701 56 24 that
1384 709 50 17 was
1446 703 30 24 at'
1485 702 34 25 all
1529 703 149 33 interesting
1685 711 49 18 was

1198 743 42 24 the
1257 752 54 24 way
1322 743 33 26 he
1363 744 88 25 looked
1468 746 26 24 at
1516 746 40 25 his
1579 746 68 32 right
1670 747 66 25 hand

1198 786 82 25 which
1292 794 51 18 was
1356 788 72 24 stuck
1439 790 44 22 out
1492 790 27 23 at
1529 788 41 26 his
1591 789 70 32 right
1683 790 54 25 side

1197 829 50 25 like
1258 830 44 24 the
1309 830 39 24 fin
1356 830 27 25 of
1389 837 16 18 a
1411 830 56 26 fish.
1503 831 63 26 Now
1576 831 22 25 if
1605 833 55 24 that
1668 833 69 25 hand

1196 872 51 24 had
1257 872 120 32 anything
1388 874 26 24 to
1425 873 32 25 do
1468 874 62 25 with
1541 874 43 25 the
1605 875 131 25 recitation

1198 915 34 25 all
1243 915 54 25 well
1309 915 50 25 and
1370 917 72 31 good.
1478 917 82 25 When
1569 919 61 24 next
1637 919 97 24 attend-

1197 958 45 31 ing
1252 958 71 25 these
1334 958 64 25 little
1417 958 131 27 festivities
1571 960 41 25 Mr
1624 960 79 31 Cynic

1198 1001 58 24 take
1267 1009 15 16 a
1292 1000 65 26 little
1367 1002 85 24 advice
1464 1002 50 24 and
1523 1002 33 24 sit
1565 1010 33 17 on
1607 1003 43 24 the
1659 1003 78 32 safety

1197 1044 78 28 valve,
1288 1043 61 25 dont
1361 1043 71 26 allow
1443 1051 27 17 so
1482 1044 75 25 much
1569 1044 108 31 draught
1688 1045 50 25 and

1197 1094 63 24 your
1271 1087 80 25 steam
1363 1088 68 24 wont
1443 1094 95 24 escape.

1231 1129 134 32 Thanking
1375 1137 50 25 you
1437 1129 41 26 Mr
1497 1129 89 27 Editor
1609 1130 28 25 m
1649 1131 88 26 antici-

1197 1172 88 32 pation
1296 1172 28 25 of
1331 1172 123 32 inserting
1461 1172 60 32 this,

1398 1215 14 25 I
1444 1216 98 25 remain

1476 1258 46 26 AN
1543 1259 194 27 OBSEBVEB.

1230 1404 26 25 It
1279 1405 92 25 should
1393 1406 30 24 be
1445 1407 81 25 worth
1555 1407 184 32 remembering

1198 1446 10 31 (
1216 1453 57 25 says
1284 1454 16 17 a
1312 1449 188 30 contemporary
1507 1448 10 33 )
1541 1449 55 24 that
1616 1456 32 18 no
1659 1457 78 17 news-

1197 1496 77 25 paper
1284 1489 23 26 is
1319 1490 100 32 printed
1429 1491 133 32 especially
1573 1491 38 25 for
1625 1500 47 17 one
1683 1500 53 24 per-

1198 1540 55 21 son,
1266 1540 50 24 any
1327 1540 70 18 more
1409 1534 59 24 than
1481 1542 47 17 one
1538 1535 70 24 hotel
1630 1535 22 25 is
1674 1535 64 25 built

1197 1576 27 23 to
1235 1575 132 32 especially
1378 1576 84 31 please
1474 1584 47 17 one
1528 1579 81 29 gues*.
1644 1577 94 32 People

1198 1616 56 26 who
1277 1618 101 24 become
1400 1619 95 32 greatly
1518 1619 140 32 displeased
1677 1620 61 25 with

1198 1660 143 33 something
1361 1661 59 32 they
1439 1662 55 24 find
1515 1662 27 24 m
1560 1670 15 17 a
1595 1670 143 25 newspaper

1197 1703 89 25 should
1297 1703 137 25 remember
1445 1704 56 24 that
1517 1704 44 25 the
1583 1712 59 24 very
1665 1705 74 32 thing

1198 1746 55 25 that
1264 1746 133 32 displeases
1406 1747 67 24 them
1481 1747 22 24 is
1510 1747 98 33 exactly
1616 1749 42 24 the
1667 1749 72 31 thing

1199 1789 54 26 that
1264 1790 51 25 will
1322 1789 85 32 please
1418 1790 134 33 somebody
1563 1791 51 25 else
1622 1790 57 26 who
1691 1791 47 25 has

1197 1833 52 30 just
1260 1839 29 17 as
1300 1833 77 24 much
1387 1833 104 25 interest
1502 1834 27 23 m
1541 1834 44 24 the
1607 1842 77 23 paper
1708 1843 28 16 as

1199 1874 58 32 they
1266 1874 72 26 have.

1230 1928 23 24 A
1264 1928 127 31 Westport
1402 1929 150 31 shopkeeper
1563 1929 46 25 left
1621 1930 41 24 his
1674 1930 63 31 shop

1197 1972 26 23 to
1234 1970 93 26 borrow
1339 1971 44 25 the
1395 1979 140 24 newspaper
1545 1971 66 26 from
1622 1973 38 24 his
1668 1972 68 32 neig-

1197 2013 70 24 bour.
1302 2013 100 32 During
1413 2013 44 25 the
1468 2014 49 25 few
1524 2015 111 24 minutes
1644 2022 34 17 ne
1687 2023 51 16 was

1198 2056 88 25 absnt
1297 2056 55 25 four
1362 2057 98 31 pounds
1471 2057 27 25 of
1505 2057 101 26 tobacco
1618 2057 49 25 had
1675 2057 63 26 been

1198 2099 78 25 stolen
1286 2099 64 24 from
1357 2099 40 24 his
1405 2100 71 31 shop.
1512 2100 83 24 Moral
1604 2107 6 17 :
1629 2100 56 32 Buy
1694 2100 44 25 the

1197 2150 91 24 paper;
1307 2142 71 26 don't
1395 2142 96 26 borrow
1509 2143 29 25 it.

1299 2186 15 15 #
1415 2187 15 14 #
1532 2187 15 15 #
1648 2186 15 16 #

1232 2229 53 24 The
1313 2229 128 24 Victorian
1463 2230 63 30 duty
1548 2237 34 17 on
1615 2231 123 30 imported

1199 2271 83 31 spirits
1293 2271 22 24 is
1328 2272 53 23 15i.
1393 2279 45 23 per
1454 2271 93 31 gallon.
1583 2271 54 24 The
1660 2272 78 25 excise

1198 2313 61 32 duty
1270 2321 33 17 on
1315 2312 42 26 the
1367 2312 66 26 local
1444 2313 142 26 distilleries
1598 2313 21 26 is
1630 2315 53 24 11s.
1694 2321 44 25 per

1197 2358 93 31 gallon.
1324 2357 39 32 By
1374 2358 49 24 this
1439 2358 146 31 protection,
1598 2358 42 24 the
1652 2358 86 32 colony

1197 2401 66 24 loses
1274 2401 111 27 50,000
1402 2408 15 16 a
1428 2408 66 23 year.
1529 2401 56 23 The
1608 2401 129 30 protected

1197 2442 116 33 industry
1324 2441 111 34 employs
1449 2443 47 24 127
1509 2450 67 22 men,
1590 2443 56 25 who
1658 2443 78 25 there-

1199 2486 52 25 fore
1262 2488 55 23 cost
1328 2486 44 25 the
1383 2486 88 33 colony
1482 2486 70 25 MOO
1563 2494 16 17 a
1598 2494 60 24 year
1669 2486 68 26 each.

1204 2530 64 25 That
1280 2530 21 26 is
1320 2538 33 17 an
1365 2530 152 26 illustration
1528 2530 62 26 both
1602 2530 26 25 of
1644 2531 92 31 protec-

1199 2574 54 25 tion
1264 2573 50 25 and
1326 2573 44 25 the
1381 2573 74 25 drink
1467 2575 68 24 trade
1545 2582 28 17 as
1585 2581 33 18 an
1627 2573 109 33 employ-

1199 2625 26 16 er
1237 2617 27 26 of
1274 2618 94 25 labour.
1403 2618 25 25 It
1451 2617 82 26 would
1555 2618 45 24 not
1611 2617 30 26 bo
1652 2625 27 17 so
1691 2617 47 25 bad

1198 2660 22 25 if
1228 2661 42 25 the
1282 2669 59 17 men
1353 2662 44 31 got
1408 2661 44 25 the
1465 2662 68 24 400
1549 2669 14 16 a
1574 2669 68 24 year,
1655 2662 45 24 but
1712 2662 27 24 of

1199 2712 86 18 course
1297 2705 59 32 they
1367 2704 77 26 don't.
1482 2705 47 25 We
1541 2704 49 33 clip
1606 2705 64 25 from
1693 2704 43 25 the

1224 2748 126 25 Southern
1364 2747 73 26 Cross
1474 2748 44 25 the
1533 2748 128 31 following
1672 2748 66 31 frag-

1198 2793 70 23 ment
1280 2791 27 25 of
1313 2791 195 31 evidencegiven
1516 2790 83 26 before
1606 2791 43 24 the
1660 2791 80 24 Tariff

1199 2834 204 26 Commissioner:

1309 2878 41 24 Mr
1367 2878 137 25 McKenzie
1515 2885 5 17 :
1544 2878 26 24 It
1581 2885 51 17 was
1644 2878 93 24 correct

1198 2921 56 24 that
1265 2921 43 24 the
1321 2928 107 17 revenue
1440 2928 49 18 was
1505 2921 82 30 losing
1598 2921 112 28 50,000
1722 2928 16 16 a

1198 2972 15 15 a
1223 2972 65 23 year.

1258 3006 78 25 What
1349 3006 185 32 compensation
1554 3006 32 25 do
1615 3006 43 25 the
1688 3006 48 25 dis-

1198 3049 79 25 tillers
1289 3050 54 31 give
1355 3050 11 23 ?
1402 3050 65 24 That
1477 3057 51 17 was
1536 3050 40 24 for
1582 3049 155 25 Parliament

1199 3095 24 23 to
1235 3092 112 26 consider
1357 3092 71 26 when
1441 3093 20 24 it
1472 3093 46 31 put
1534 3100 33 17 on
1591 3092 44 25 the
1646 3092 90 25 duties.

1258 3136 66 25 How
1344 3136 32 24 do
1400 3136 60 32 they
1482 3135 94 26 benefit
1599 3135 43 25 the
1670 3143 66 17 com-

1198 3180 100 32 munity
1309 3181 25 23 at
1347 3179 35 25 all
1392 3180 11 23 ?
1437 3179 38 31 By
1488 3179 43 25 the
1547 3179 122 31 industry.

1259 3222 108 25 Witness
1384 3222 131 25 continued
1527 3230 6 16 :
1550 3222 42 24 He
1602 3229 52 18 was
1665 3222 73 31 ready

1197 3267 26 23 to
1235 3266 79 24 admit
1324 3266 54 23 that
1391 3265 122 31 distilling
1524 3272 50 18 was
1586 3266 46 23 not
1643 3271 15 18 a
1670 3264 65 25 busi-

1197 3316 58 16 ness
1266 3307 83 25 which
1361 3307 128 32 employed
1501 3315 15 16 a
1538 3309 71 29 great
1632 3309 104 21 amount
1742 3326 2 3 .

1197 3351 26 25 of
1232 3350 97 26 labour.
1375 3349 72 27 With
1460 3351 73 29 1,000
1546 3358 60 17 men
1620 3349 33 25 he
1663 3349 74 26 could

1196 3395 87 25 drown
1294 3394 44 26 the

1297 3448 14 15 *
1414 3447 14 15 *
1529 3447 15 14 #
1646 3447 15 15 *

1230 3486 120 26 To^those
1361 3485 76 26 about
1449 3487 25 23 to
1490 3485 71 32 paint
1573 3484 64 25 their
1647 3484 89 25 houses

1196 3527 43 24 the
1250 3526 127 30 following
1399 3526 82 30 recipe
1503 3525 92 25 should
1613 3532 76 24 prove
1711 3524 27 25 of

1195 3567 71 29 great
1277 3564 105 25 value:
1382 3563 79 25 -Take
1473 3571 46 17 one
1526 3563 55 25 half
1583 3562 98 25 -bushel
1689 3570 46 16 un-

1196 3602 85 24 slaked
1293 3602 60 24 lime
1363 3609 6 21 ;
1382 3601 68 25 slack
1461 3601 21 23 it
1492 3600 59 25 with
1557 3600 96 31 boiling
1660 3602 76 22 water

1196 3650 71 16 cover
1277 3642 21 24 it
1310 3641 90 32 during
1411 3641 45 24 the
1467 3648 98 23 process
1586 3641 27 23 to
1625 3640 61 31 keep
1708 3640 28 23 m

1196 3679 43 25 the
1251 3682 88 23 steam.
1376 3678 86 26 Strain
1479 3678 43 24 the
1533 3678 80 31 liquid
1625 3677 110 31 through

1196 3726 15 16 a
1222 3718 50 23 fine
1282 3717 66 24 sieve
1361 3723 27 18 or
1400 3716 115 28 strainer,
1529 3715 51 24 and
1590 3715 49 24 add
1650 3716 27 23 to
1688 3715 20 24 it
1720 3723 15 16 a

1196 3756 60 31 peck
1267 3756 27 23 of
1303 3756 50 24 salt
1364 3755 81 24 which
1458 3755 45 24 has
1515 3754 140 31 previously
1673 3753 61 24 been

1196 3795 111 24 disolved
1317 3794 28 23 m
1362 3801 77 16 warm
1451 3795 83 27 water,
1547 3793 70 24 three
1636 3792 99 30 pounds

1196 3831 26 24 of
1231 3830 98 32 ground
1340 3830 50 25 rice
1402 3829 81 25 boiled
1496 3831 25 23 to
1538 3838 16 16 a
1576 3829 57 24 thin
1655 3830 78 29 paste,

1195 3878 48 17 one
1254 3869 150 32 half-pound
1423 3869 28 23 of
1475 3868 128 31 powdered
1627 3868 106 30 whiting,

1195 3910 51 24 and
1257 3917 46 17 one
1314 3908 87 32 pound
1412 3907 27 25 of
1448 3907 65 25 clear
1524 3907 57 30 glue
1595 3906 83 26 which
1688 3906 47 24 has

1195 3951 142 34 previously
1354 3951 61 25 been
1428 3949 125 26 dissolved
1574 3950 34 31 by
1631 3948 105 32 soaking

1195 3991 21 24 it
1228 3990 65 28 well,
1306 3990 49 24 and
1367 3990 61 23 then
1438 3989 70 30 hang
1518 3988 22 24 it
1562 3995 57 17 over
1639 3995 14 15 a
1676 3987 60 24 slow
1742 3985 2 26 I

1195 4033 46 24 fire
1253 4033 37 24 for
1301 4040 33 16 an
1343 4032 65 24 hour
1418 4031 28 25 m
1457 4038 15 17 a
1481 4030 73 25 small
1563 4029 76 25 kettle
1649 4029 87 25 within

1196 4082 15 17 a
1222 4073 83 31 larger
1317 4079 47 16 one
1376 4069 66 26 filled
1466 4070 58 24 with
1549 4070 80 24 water.
1665 4068 70 24 Then

1197 4112 47 24 add
1253 4111 48 24 five
1307 4109 99 32 gallons
1415 4109 27 24 of
1446 4108 46 24 hot
1501 4109 75 23 water
1586 4109 26 23 to
1621 4106 42 25 the
1672 4107 63 23 mix-

1196 4152 64 26 ture,
1272 4149 45 25 stir
1331 4149 21 23 it
1363 4148 56 24 well
1431 4146 51 26 and
1493 4146 35 24 let
1555 4146 22 24 it
1588 4146 73 24 stand
1672 4146 38 23 for
1721 4153 14 15 a

1195 4188 45 25 few
1253 4186 61 31 day
1312 4186 22 31 3
1326 4185 102 25 covered
1440 4184 62 25 from
1512 4183 67 24 dust.
1613 4183 25 23 It
1649 4183 88 24 3hould

1196 4229 31 23 be
1237 4228 47 30 put
1296 4232 33 17 on
1343 4224 54 30 hot,
1419 4223 50 25 and
1488 4222 39 25 for
1538 4221 51 26 this
1600 4229 106 24 purpose
1717 4221 21 24 it

1197 4275 47 17 can
1256 4266 29 24 be
1297 4264 59 31 kept
1367 4263 28 24 m
1406 4271 16 16 a
1434 4263 74 24 kettle
1532 4269 33 17 on
1588 4269 16 16 a
1625 4261 113 31 portable

1197 4306 108 24 furnace.
1340 4304 25 23 It
1376 4303 23 24 is
1411 4302 54 24 said
1477 4303 54 22 that
1544 4301 76 24 about
1643 4308 15 16 a
1681 4301 55 29 pint

1197 4344 27 25 of
1230 4343 42 25 the
1283 4341 109 25 mixture
1403 4339 51 25 will
1465 4346 73 17 cover
1549 4346 15 16 a
1576 4345 90 23 square
1677 4338 59 31 yard

1198 4392 30 17 on
1241 4383 43 24 the
1312 4380 97 26 outside
1421 4379 27 24 of
1467 4387 15 16 a
1509 4378 85 24 house.
1629 4377 65 25 Fine
1711 4386 28 17 or

1198 4429 85 19 coarse
1294 4418 105 27 brushes
1409 4424 59 25 may
1480 4416 31 26 be
1522 4416 71 27 used,
1606 4416 133 33 according

1199 4462 43 25 the
1253 4460 116 24 neatness
1380 4455 27 25 of
1425 4455 43 25 the
1488 4454 45 32 job
1554 4454 123 32 required.
1713 4456 25 24 It

1765 204 109 19 answers
1885 205 28 18 as
1924 198 57 26 well
1993 206 27 18 as
2038 198 33 26 oil
2082 200 71 31 paint
2175 200 39 25 for
2225 200 74 31 wood,

1765 236 74 30 brick,
1852 245 28 18 or
1892 239 79 30 stone,
1984 238 51 25 and
2045 239 22 25 it
2089 240 21 24 is
2122 239 115 32 cheaper.

1849 284 15 15 #
1932 285 14 16 *
2021 285 16 15 #
2111 286 15 15 #
2205 287 15 15 #

1798 337 54 25 The
1864 337 191 26 establishment
2067 338 28 25 of
2103 346 15 17 a
2138 339 70 26 State
2230 340 69 25 Bank

1763 378 47 25 has
1821 379 143 33 practically
1975 380 60 24 been
2052 381 190 32 accomplished.
2277 383 22 24 It

1764 428 70 18 came
1846 429 27 17 as
1891 430 15 16 a
1934 423 108 31 surprise
2071 423 56 31 and,
2157 424 50 25 like
2235 427 64 23 most

1764 464 107 25 colonial
1882 464 182 27 achievements
2076 466 28 25 m
2124 466 43 26 the
2185 467 114 27 direction

1764 508 27 24 of
1800 509 64 23 state
1877 508 131 31 socialism,
2030 517 50 17 was
2099 510 82 25 forced
2201 511 34 32 by
2256 511 43 25 cir-

1764 553 158 23 cumstances
1934 559 28 17 so
1984 553 146 30 imperative
2148 553 56 25 that
2232 553 67 26 there

1764 600 50 18 was
1830 601 35 17 no
1893 594 159 32 contending.
2089 595 52 25 The
2168 595 87 33 people
2277 597 22 24 of

1764 633 64 28 New*
1837 637 109 24 Zealand
1958 637 50 24 and
2030 638 43 24 the
2096 638 73 25 Bank
2188 638 28 25 of
2241 638 58 26 New

1765 678 112 25 Zealand
1887 686 43 17 are
1940 687 57 17 now
2014 679 85 25 bound
2120 680 113 31 together
2244 682 31 30 by
2287 689 12 17 a

1764 721 34 25 tie
1810 720 56 26 that
1877 721 21 25 is
1915 721 156 27 indisoluble.
2107 722 102 33 Having
2231 732 68 23 guar-

1764 765 90 24 anteed
1865 765 44 25 the
1920 765 143 25 institution
2075 769 25 21 to
2111 766 43 24 the
2166 769 85 22 extent
2276 768 23 23 of

1765 809 47 22 two
1829 807 119 29 millions,
1978 807 42 26 the
2047 808 87 32 people
2158 811 65 23 must
2245 817 54 18 now

1764 850 153 30 guaranteed
1927 851 21 24 it
1959 850 38 25 for
2009 851 35 25 all
2061 851 57 32 they
2130 859 42 17 are
2183 852 88 29 worth,
2283 852 16 25 if

1764 891 95 26 further
1870 893 179 32 guaranteeing
2060 892 92 26 should
2169 893 29 25 be
2218 902 81 17 neces-

1765 941 64 24 sary.
1863 934 66 26 That
1939 935 23 25 is
1972 935 44 25 the
2031 935 117 32 position.
2183 936 22 25 A
2216 936 83 26 failure

1765 977 26 23 of
1800 977 42 24 the
1853 977 74 25 Bank
1938 978 84 24 would
2032 986 84 23 mean,
2131 986 15 18 a
2167 979 89 25 failure
2278 981 21 23 of

1765 1019 43 25 the
1824 1019 96 31 people,
1943 1020 130 31 involving
2099 1022 28 23 at
2154 1028 62 17 once
2238 1022 61 24 their

1765 1061 94 25 honour
1868 1061 50 26 and
1929 1061 64 26 their
2002 1063 84 25 credit.
2122 1063 54 25 The
2184 1063 115 26 relations

1765 1112 57 18 now
1832 1105 33 31 by
1876 1106 49 25 law
1954 1106 152 25 established
2127 1107 111 25 between
2260 1107 39 25 the

1767 1147 72 25 Bank
1867 1148 27 24 of
1919 1147 120 33 England
2066 1148 51 26 and
2142 1148 44 26 the
2209 1149 90 25 British

1767 1190 178 32 Government,
1958 1192 49 25 and
2018 1192 21 26 it
2049 1192 23 25 is
2097 1193 70 32 quite
2188 1193 111 32 amusing

1765 1236 27 24 to
1803 1237 60 23 note
1873 1235 58 25 how
1942 1243 67 17 some
2020 1235 95 26 writers
2125 1235 65 27 have
2199 1236 100 25 solemn-

1765 1278 28 32 ly
1802 1278 125 25 informed
1938 1279 65 24 their
2022 1279 96 25 readers
2142 1280 56 25 that
2220 1282 79 23 recent

1765 1320 160 32 proceedings
1964 1321 57 25 lead
2031 1329 34 23 up
2139 1321 70 27 State
2231 1322 68 25 Bank

1766 1362 198 26 establishment.
1998 1363 32 24 In
2058 1363 62 25 New
2150 1364 111 25 Zealand
2290 1373 9 16 a

1768 1404 70 26 State
1847 1404 74 25 Bank
1931 1406 22 24 is
1964 1412 58 18 now
2033 1408 89 29 aufait
2150 1409 120 30 accompli.

1842 1457 14 14 *
1935 1457 15 15 #
2030 1458 14 15 #
2123 1458 15 15 *
2223 1459 15 15 *

1799 1499 27 25 If
1835 1507 69 18 some
1914 1507 60 18 men
1984 1508 63 18 were
2056 1500 56 26 half
2121 1509 27 18 as
2157 1501 41 33 big
2207 1510 27 17 as
2245 1503 54 31 they

1767 1543 73 24 think
1852 1543 57 32 they
1919 1552 41 15 are
1971 1544 43 25 the
2024 1544 77 25 world
2112 1545 80 25 would
2202 1545 65 26 have
2279 1548 20 23 to

1767 1586 28 23 be
1807 1586 125 31 enlarged.

1798 1637 44 26 All
1854 1637 72 27 those
1937 1638 57 27 who
2004 1647 59 25 pass
2073 1639 111 33 through
2192 1640 45 26 the
2245 1640 54 26 door

1765 1683 28 23 to
1805 1689 98 17 success
1914 1682 52 24 will
1982 1683 55 24 find
2047 1684 21 24 it
2076 1683 108 25 labelled
2207 1688 6 11 '
2221 1684 78 31 push.'

1926 1731 217 27 HYPNOTISM.

1801 1781 137 26 Whatever
1960 1790 59 25 may
2042 1783 31 25 be
2095 1783 109 32 thought
2229 1784 70 25 about

1767 1824 161 30 spiritualism
1940 1825 50 24 and
2006 1825 102 31 psychic
2130 1827 75 28 force,
2226 1827 73 24 scien-

1767 1867 56 24 tists
1835 1874 68 17 seem
1920 1868 26 23 to
1957 1867 64 24 have
2044 1868 88 30 agreed
2155 1868 57 25 that
2233 1869 66 25 there

1765 1909 22 25 is
1800 1910 141 31 something
1961 1910 28 24 m
2000 1910 162 33 Hypnotism,
2178 1911 83 25 which
2282 1913 17 24 is

1766 1952 106 25 another
1883 1960 71 16 name
1975 1954 41 24 for
2042 1961 76 17 nerve
2142 1954 74 32 sleep.
2250 1954 49 25 The

1765 2002 45 17 use
1822 1995 27 25 of
1859 2002 14 18 a
1880 2002 61 25 pure
1950 1996 132 24 stimulant
2090 1997 62 24 such
2160 2004 28 17 as
2200 1994 68 28 Woif
2269 1999 30 23 c's

1767 2038 132 31 Schnapps
1933 2039 23 23 is
1983 2039 190 25 recommended
2200 2040 33 32 by
2260 2040 39 25 the

1766 2081 105 32 Faculty
1882 2082 28 24 m
1922 2089 69 18 cases
2002 2081 28 26 of
2038 2082 113 25 Nervous
2166 2082 133 26 Disorders.

1766 2202 82 25 HOW
1891 2201 43 26 TO
1975 2202 102 25 MAKE
2111 2202 23 25 A
2166 2202 133 26 POCKET

1981 2244 104 26 LAMP.

1800 2329 32 25 In
1844 2337 32 17 an
1889 2337 79 18 ounce
1984 2330 78 25 bottle
2084 2331 46 31 put
2153 2337 15 18 a
2190 2330 69 32 piece
2282 2330 17 26 oi

1767 2373 170 31 phosphorous
1949 2373 43 24 the
2002 2373 49 25 size
2063 2373 27 25 of
2099 2382 13 15 a
2122 2373 70 31 grain
2201 2373 28 26 of
2238 2382 61 17 corn.

1767 2416 68 24 Pour
1845 2415 27 24 m
1885 2415 64 25 olive
1960 2415 34 24 oil
2005 2415 88 25 heated
2105 2417 27 23 to
2152 2417 42 24 the
2210 2416 89 32 boiling

1766 2459 72 32 point
1848 2458 65 26 until
1933 2458 127 26 one-third
2081 2458 56 30 full,
2162 2458 62 26 then
2247 2459 52 26 cork

1766 2502 100 33 tightly.
1901 2502 84 26 When
1996 2502 108 29 wanted,
2128 2502 103 29 uncork,
2255 2503 44 25 and

1767 2547 43 24 the
1819 2545 82 26 action
1909 2546 28 24 of
1944 2545 43 26 the
1996 2545 38 25 air
2041 2545 51 26 will
2100 2546 73 25 make
2183 2547 43 24 the
2234 2555 65 23 space

1767 2590 74 25 above
1851 2589 44 25 the
1907 2588 49 26 oil-
1968 2587 86 34 bright
2082 2589 101 33 enough
2211 2591 27 24 to
2265 2598 34 17 see

1768 2632 92 26 several
1871 2632 50 26 feet
1932 2641 28 17 or
1971 2634 27 24 to
2008 2632 66 26 look-
2083 2634 26 24 at
2121 2641 16 17 a
2148 2633 88 26 watch.
2271 2633 28 26 As

1766 2677 21 25 it
1797 2677 22 25 is
1830 2676 143 33 impossible
1984 2677 40 24 for
2036 2685 15 16 a
2072 2676 77 26 flame
2177 2679 26 23 to
2231 2676 68 30 form,

1766 2721 51 25 this
1828 2721 22 24 is
1862 2719 118 33 perfectly
1992 2721 61 24 safe.
2089 2719 53 26 The
2162 2719 64 33 glow
2243 2721 56 25 lasts

1765 2765 66 24 from
1841 2765 50 24 two
1902 2765 26 23 to
1939 2763 48 24 five
2000 2764 104 23 minutes
2128 2764 49 23 and
2199 2771 60 23 may
2275 2763 24 24 be

1765 2806 113 25 renewed
1885 2806 34 31 by
1926 2806 75 30 again
2012 2805 131 31 removing
2172 2806 43 24 the
2238 2805 61 31 cork,

1766 2846 80 25 which
1858 2846 59 25 each
1929 2845 61 25 time
2002 2844 92 26 should
2109 2844 30 26 be
2152 2845 114 32 replaced
2278 2846 21 24 at

1766 2897 68 17 once.
1870 2889 55 25 One
1942 2889 61 24 such
2026 2888 69 31 lamp
2118 2888 52 25 will
2198 2888 50 25 last
2271 2889 28 24 all

1766 2932 103 25 Winter.
1904 2933 78 23 Bruce
2002 2933 105 23 Herald.

1765 3054 192 60 LOCAL
1995 3054 1 60 and
2034 3053 265 60 GENERAL

1799 3141 126 25 Working
1936 3141 74 24 Mens
2023 3140 77 25 Club.
2136 3140 53 25 The
2201 3140 98 25 Annual

1766 3185 107 25 General
1885 3184 112 31 Meeting
2008 3185 27 24 of
2052 3183 125 26 Members
2200 3183 53 25 will
2271 3182 28 26 be

1764 3228 61 25 held
1847 3235 33 17 on
1903 3227 158 32 Wednesday
2083 3227 98 32 August
2194 3227 63 24 15th
2279 3227 20 24 at

1766 3273 16 24 8
1792 3280 62 22 p.m.
1883 3271 128 25 Business.
2046 3272 26 23 to
2101 3270 95 25 receive
2222 3271 77 30 report

1760 3314 56 25 'and
1827 3314 103 25 balance
1941 3314 78 28 sheet,
2032 3313 117 24 Election
2161 3314 27 23 of
2201 3313 98 23 Officers

1764 3356 50 26 and
1825 3356 72 26 other
1916 3356 138 32 important
2065 3355 124 25 business.

1799 3405 171 26 Wellington
1995 3405 77 24 Nots.
2108 3405 48 24 We
2175 3405 83 31 regret
2277 3405 22 23 to

1765 3457 45 23 say
1821 3456 46 17 our
1879 3448 153 31 Wellington
2045 3447 78 26 Notes
2135 3447 42 24 did
2199 3448 46 23 not
2264 3454 35 17 ar-

1764 3492 53 24 rive
1825 3491 28 24 m
1864 3490 62 25 time
1937 3490 38 25 lor
1984 3490 52 24 this
2048 3490 81 24 weeks
2145 3489 154 32 publication.

1798 3540 133 30 Social,
1932 3540 20 23 A
1966 3540 82 25 Social
2065 3540 107 30 eyening
2182 3540 27 23 m
2220 3539 42 24 aid
2279 3540 20 24 of

1766 3579 37 25 St.
1817 3579 122 23 Andrews
1968 3577 101 25 Church
2081 3577 51 24 will
2152 3577 32 24 be
2196 3577 60 24 held
2278 3577 21 24 m

1763 3616 43 24 the
1817 3615 117 25 Carleton
1946 3615 60 25 Hall
2029 3623 31 16 on
2083 3614 92 31 Friday
2199 3614 100 32 evening

1764 3654 70 26 17th.

1796 3695 122 25 Imperial
1931 3694 61 29 Tea,
2027 3694 53 25 Ask
2097 3702 64 24 your
2173 3694 93 26 Grocer
2277 3702 22 17 or

1765 3734 162 30 Storekeeper
1938 3733 39 23 for
2190 3733 58 23 Tea.
2283 3734 16 22 A

1763 3773 78 25 ticket
1852 3773 26 23 m
1890 3773 59 23 each
1963 3774 13 22 1
2001 3772 51 23 and
2067 3773 42 28 lb
2131 3772 88 30 packet
2241 3772 38 24 for
2290 3781 9 15 a

1764 3809 113 24 valuable
1910 3810 109 30 present.
2054 3808 70 25 Dont
2157 3809 63 24 miss
2253 3808 46 25 this

1763 3849 95 24 chance
1867 3848 27 25 of
1915 3848 115 30 securing
2043 3855 14 16 a
2075 3848 65 30 good
2163 3847 51 24 and
2222 3847 77 25 useful

1763 3888 108 31 present.
1907 3887 63 24 The-
1983 3886 97 32 quality
2097 3886 27 25 of
2151 3887 63 24 Teas
2237 3887 62 24 Gua-

1763 3927 111 24 ranteed.
1938 3926 60 32 May
2032 3927 29 23 be
2099 3926 140 31 purchased
2278 3927 21 23 at

1764 3970 119 25 Hunter's
1892 3969 50 25 and
1952 3969 169 25 Waterman's
2130 3970 64 24 East
2204 3968 92 26 Oxford

1765 4009 49 25 and
1825 4012 26 22 at
1863 4009 41 24 Mr
1916 4009 22 24 A
1946 4008 74 25 Lee's
2044 4008 71 26 Store
2136 4008 102 25 Oxford.

1798 4067 149 24 Influenza.
1983 4066 62 25 Now
2064 4067 51 24 ibis
2128 4089 2 2 .
2144 4067 120 30 epidemic
2283 4068 16 24 is

1764 4109 132 32 becoming
1906 4109 128 32 prevalent
2043 4117 37 17 we
2092 4109 113 32 strongly
2214 4118 85 16 recom-

1766 4152 72 24 mend
1850 4152 43 24 the
1905 4153 49 22 free
1966 4159 44 16 use
2022 4151 26 24 of
2059 4151 122 31 Platypus
2188 4152 85 24 Brand
2281 4153 18 24 of

1766 4194 154 31 Eucalyptus
1935 4193 124 25 Globulus
2088 4194 113 28 Extract,
2229 4195 70 24 taken

1768 4245 66 23 upon
1857 4244 75 24 sugar
1959 4244 28 17 or
2006 4236 28 25 m
2057 4235 71 26 milk.
2164 4236 54 25 The
2240 4238 59 23 most

1766 4280 115 31 pleasant
1892 4287 54 24 way
1958 4280 26 24 to
1992 4279 58 24 tako
2062 4279 155 32 Eucalyptus
2239 4280 23 24 is
2279 4281 20 23 m

1767 4322 44 27 the
1843 4322 122 31 Platypus,
1972 4339 10 16 ,
1987 4321 88 25 Brand
2092 4322 38 24 ,of
2152 4322 147 32 Eucalyptus

1768 4364 115 34 Jujubes.
1919 4364 70 32 They
2001 4372 42 17 are
2053 4364 27 25 m
2096 4362 63 28 such
2171 4373 15 18 a
2196 4365 103 33 portable

1767 4405 71 28 form,
1851 4405 114 32 pleasant
1977 4406 26 23 to
2014 4407 74 28 taste,
2107 4406 133 32 antiseptic
2258 4408 41 24 and

1768 4449 141 25 stimulant.
1945 4448 116 33 Sprinkle
2095 4449 45 26 the
2173 4451 35 24 oil
2240 4459 59 24 upon

2331 200 182 29 handkerchief
2536 205 50 25 and
2614 207 76 26 about
2712 208 44 25 the
2776 217 92 18 rooms.

2332 260 187 29 Johnnesburg.
2554 264 22 25 A
2588 267 190 31 correspondent
2806 269 63 25 from

2331 299 177 33 Johnnesburg
2517 303 80 25 writes
2609 304 26 25 to
2644 311 15 17 a
2671 306 196 31 contemporary,

2332 338 41 24 the
2385 339 85 25 Buller
2482 341 88 29 Miner,
2595 350 28 17 as
2644 343 104 26 follows:
2809 344 59 25 Had

2331 384 48 18 one
2388 377 70 26 short
2461 379 45 31 job
2515 381 26 23 at
2547 380 201 34 blacksmithing.
2777 383 91 31 Wages

2331 422 58 25 vary
2400 416 65 25 from
2477 418 38 24 5
2527 420 25 23 to
2565 419 37 24 6
2612 427 43 23 per
2661 421 66 24 week
2736 429 7 21 ;
2756 423 111 29 carpent-

2331 462 37 18 ers
2379 457 27 23 at
2423 456 44 25 the
2494 457 81 26 mine
2585 457 10 26 3
2599 458 44 25 the
2666 467 76 17 same.
2777 461 92 32 Living

2330 495 65 23 costs
2407 493 62 26 from
2481 496 36 24 5
2529 497 26 24 to
2572 497 41 25 -5
2632 498 45 24 10s
2698 505 45 24 per
2769 499 98 25 month.

2331 532 145 32 Companies
2487 534 52 26 find
2553 536 34 24 all
2598 537 216 26 accommodation
2830 538 39 26 for

2305 597 2 7 ,
2329 571 44 26 the
2384 580 67 22 men,
2470 581 26 17 so
2508 582 16 16 a
2534 574 82 26 fellow
2635 576 63 24 need
2713 577 44 25 not
2770 584 73 25 carry
2853 586 15 15 a

2329 610 55 25 tent
2395 610 61 25 with
2465 610 54 27 him
2530 612 87 25 unless
2628 613 77 32 going
2715 621 35 18 on
2760 614 40 25 his
2812 622 56 18 own

2329 647 74 25 hook.
2437 648 26 25 It
2473 649 23 24 is
2517 657 16 17 a
2555 650 136 25 wonderful
2713 652 71 30 place
2807 652 60 28 this,

2329 689 156 33 considering
2492 690 42 25 the
2545 690 62 26 time
2618 692 22 25 it
2651 692 48 25 has
2710 692 64 26 been
2793 694 75 24 start-

2329 728 31 25 ed
2393 728 14 25 I
2416 736 104 25 suppose
2531 732 46 24 not
2589 738 69 19 more
2679 732 63 25 than
2753 740 75 18 seven
2840 741 29 18 or

2329 769 69 31 eight
2409 777 79 23 years.
2524 771 80 25 There
2611 779 42 17 are
2661 773 119 31 railways,
2792 776 76 22 street

2329 809 80 22 trams
2421 807 10 31 (
2439 806 87 27 horses
2536 808 18 32 ),
2579 808 132 32 telephone
2734 811 133 32 exchange,

2330 843 96 26 electric
2437 844 73 32 light,
2529 853 52 24 gas,
2606 847 50 24 and
2678 847 49 25 lots
2748 847 27 26 of
2796 849 73 24 other

2329 881 64 31 good
2404 882 87 32 things
2503 884 41 23 too
2555 891 134 18 numeious
2701 887 26 23 to
2750 887 118 24 mention.

2364 918 53 26 The
2444 920 146 31 population
2618 923 134 30 comprises
2777 924 92 31 chiefly

2305 981 2 5 ,
2330 956 75 29 Jews,
2415 957 95 26 Cousin
2519 958 83 31 Jacks,
2613 960 50 25 and
2671 960 102 26 Kaffirs.
2791 962 78 25 There

2330 1002 40 19 are
2379 1003 16 17 a
2402 996 46 25 few
2458 997 78 25 Boers
2545 998 127 32 naturally
2680 1000 106 31 enough,
2797 1001 73 25 when

2329 1042 50 23 you
2390 1035 114 24 consider
2523 1036 44 25 the
2584 1040 105 28 country
2711 1038 103 32 belongs
2842 1041 28 23 to

2331 1072 78 26 them.
2444 1073 52 26 But
2515 1083 16 16 a
2552 1083 152 18 new-comer
2733 1078 83 25 would
2839 1078 31 26 be

2331 1113 136 31 impressed
2477 1113 62 26 with
2550 1115 42 24 the
2603 1116 55 24 idea
2675 1117 56 24 that
2743 1118 43 24 the
2797 1118 71 31 place

2331 1149 122 34 belonged
2463 1150 27 27 to
2502 1151 129 33 Cornwall,
2644 1162 27 16 or
2694 1153 43 26 the
2762 1163 59 17 sons
2844 1155 27 26 of

2365 1246 110 26 Health
2497 1247 96 25 Tea.
2594 1248 34 25 As
2640 1249 51 26 will
2704 1251 31 24 be
2758 1258 58 18 seen
2839 1252 31 31 by

2305 1294 2 10 >
2332 1285 181 25 advertisment
2524 1287 134 32 appearing
2675 1288 28 24 m
2726 1289 50 24 this
2792 1289 76 30 issue,

2305 1331 2 15 :
2333 1325 42 23 Mr
2386 1324 32 29 F,
2435 1325 40 25 W.
2493 1326 142 25 Waterman
2644 1327 27 25 of
2682 1327 51 25 this
2745 1329 68 24 town
2823 1329 47 24 has

2305 1383 2 6 ,
2332 1362 63 24 been
2404 1363 135 30 appointed
2546 1363 66 25 local
2620 1367 76 28 agent
2704 1364 39 25 for
2763 1365 95 25 Healt
2863 1368 6 9 h'

2334 1401 59 28 Tea,
2405 1411 14 14 a
2429 1409 57 17 new
2497 1402 79 24 brand
2588 1402 28 24 of
2624 1402 106 26 blended
2742 1405 39 23 tea
2790 1404 80 24 which

2332 1437 47 25 has
2390 1439 79 31 lately
2480 1438 62 25 been
2553 1440 46 30 put
2611 1447 33 17 on
2666 1440 45 24 the
2727 1440 62 25 New
2808 1443 62 23 .Zea-

2332 1477 61 24 land
2409 1477 106 25 market.
2550 1478 61 24 This
2632 1480 41 23 tea
2694 1479 55 29 has,
2769 1487 38 18 we
2829 1488 42 17 are

2332 1515 132 29 informed,
2476 1517 52 23 met
2539 1516 63 25 with
2613 1524 15 17 a
2639 1517 160 26 tremendous
2820 1519 52 24 sale

2305 1557 2 12 (
2332 1553 28 23 m
2371 1553 132 24 Australia
2511 1553 51 25 and
2573 1554 123 25 wherever
2706 1555 21 24 it
2738 1555 47 24 has
2807 1555 65 24 been

2332 1590 148 24 introduced
2513 1590 55 25 into
2602 1592 50 24 this
2686 1593 97 30 colony.
2818 1592 54 25 The

2305 1648 2 7 ,
2333 1636 99 18 success
2443 1630 45 24 has
2499 1628 64 26 been
2574 1637 34 17 an
2619 1631 169 31 unparalleled
2807 1639 47 17 one
2864 1639 5 17 :

2305 1687 2 6 ,
2332 1667 33 26 its
2378 1667 138 26 wonderful
2527 1668 51 25 and
2586 1668 89 26 varied*
2681 1669 115 32 qualities
2806 1670 66 25 have

2332 1705 73 24 made
2416 1705 45 25 the
2490 1706 96 24 Health
2595 1708 5 9 '
2622 1707 51 24 Tea
2694 1715 16 16 a
2732 1708 140 24 household
2879 1724 2 9 ,

2333 1741 66 26 word
2410 1743 28 24 m
2455 1744 41 23 tea
2505 1743 117 32 drinking
2633 1745 177 24 communities
2821 1747 51 23 and

2305 1793 2 14 i
2332 1790 37 17 we
2379 1782 64 26 have
2453 1791 34 18 no
2499 1784 77 25 doubt
2586 1784 21 25 it
2619 1785 51 24 will
2680 1787 68 23 meet
2757 1785 59 26 with
2827 1786 45 25 the

2332 1828 69 18 same
2411 1822 116 31 approval
2535 1822 69 25 here.

2365 1891 81 25 Dbew
2457 1900 49 15 the
2518 1891 65 25 Like
2598 1900 30 16 at
2642 1891 169 27 Sausages.
2811 1893 61 26 This

2331 1929 66 26 little
2404 1931 68 31 story
2479 1931 22 24 is
2509 1939 57 17 now
2575 1931 72 32 being
2656 1932 54 25 told
2719 1932 28 25 of
2753 1941 15 16 a
2777 1934 93 30 sports-

2305 1966 2 11 '
2331 1975 68 22 man,
2412 1969 44 24 not
2467 1976 16 16 a
2505 1969 146 32 Wanganui
2672 1977 69 20 man,
2771 1971 33 31 by
2826 1971 44 24 the

2305 2006 2 14 1
2331 2014 62 23 way,
2431 2008 44 24 out
2487 2006 71 31 close,
2571 2016 58 23 very
2797 2009 74 32 Sorry

2305 2053 2 10 1
2331 2047 76 23 we've
2418 2046 56 25 sold
2485 2046 34 25 all
2546 2048 45 23 out
2613 2047 27 25 of
2661 2047 84 31 ducks,
2764 2049 43 28 sir,
2830 2053 41 28 toy

2332 2092 68 18 some
2412 2086 26 24 of
2445 2093 47 17 our
2706 2087 77 32 Hang
2793 2088 22 24 it
2826 2096 42 21 no;

2332 2125 16 23 I
2359 2126 67 24 want
2437 2126 27 24 to
2475 2125 58 25 take
2545 2126 142 32 something
2698 2126 83 31 home,
2794 2128 50 24 and
2856 2128 14 24 I

2332 2163 67 24 can't
2411 2170 43 24 say
2465 2162 15 25 I
2491 2163 73 25 shoot
2581 2171 122 25 sausages,
2715 2172 48 18 can
2774 2165 14 24 I
2796 2166 12 23 ?

2305 2204 2 12 i

2334 2223 77 25 Don't
2422 2223 65 24 Bite
2498 2232 45 16 off
2555 2232 50 15 the
2618 2225 111 24 Thread.
2764 2225 107 24 Women

2332 2260 57 25 who
2401 2268 48 17 sew
2460 2260 76 25 much
2548 2268 40 17 are
2600 2260 68 26 often
2683 2261 29 24 m
2733 2261 45 25 the
2799 2261 73 25 habit

2333 2299 26 23 of
2369 2298 81 31 bitiDg
2461 2298 37 24 off
2506 2299 44 24 the
2562 2298 61 25 ends
2635 2298 28 25 of
2673 2299 88 25 thread
2774 2307 28 17 or
2814 2300 56 28 tilk,

2306 2331 2 25 i
2333 2336 72 25 when
2414 2336 23 25 it
2446 2336 24 25 is
2492 2337 42 24 too
2556 2337 70 25 short
2654 2338 27 24 to
2709 2336 69 26 work
2805 2338 65 25 with.

2305 2394 2 5 .
2334 2376 78 25 These
2423 2384 96 18 women
2538 2384 43 18 are
2597 2376 139 33 frequently
2757 2377 115 26 troubled

2305 2426 2 19 ;
2334 2415 61 25 with
2405 2423 114 17 soreness
2531 2416 25 24 of
2567 2415 44 25 the
2621 2416 91 24 mouth
2727 2416 51 24 and
2788 2424 82 24 gums,

2305 2468 2 16 :
2333 2454 79 25 which
2423 2455 22 24 is
2453 2455 92 31 simply
2553 2455 44 24 the
2604 2455 79 24 result
2692 2455 28 24 of
2726 2455 46 26 the.
2776 2457 95 24 acetate

2333 2493 27 25 of
2369 2493 56 24 lead
2434 2493 60 24 used
2506 2493 92 31 during
2614 2493 43 25 the
2677 2494 158 31 preparation
2846 2494 28 25 of

2333 2534 86 25 cotton
2430 2533 49 24 and
2490 2533 96 24 thread.
2623 2532 55 26 Silk
2689 2533 22 24 is
2724 2541 61 17 even
2804 2542 67 17 more

2332 2571 145 31 dangerous,
2489 2571 51 24 and
2550 2571 21 23 if
2580 2570 44 25 the
2634 2570 109 31 practice
2753 2571 27 24 of
2789 2571 90 26 chew-,

2332 2611 45 32 ing
2388 2611 51 25 this
2461 2611 23 25 is
2505 2611 121 31 persisted
2653 2611 36 28 m,
2718 2611 21 24 it
2755 2611 23 25 is
2800 2611 70 31 quite

2305 2642 2 17 1
2332 2651 72 32 likely
2419 2652 26 24 to
2456 2651 57 25 lead
2531 2648 27 27 to
2579 2649 224 33 blood-poisoning.

2630 2690 50 25 The
2706 2691 131 25 Standard

2400 2827 259 26 WAIMAKARIEI-
2662 2828 141 25 ASHLEY

2467 2868 275 25 WATER-SUPPLY

2367 2945 53 25 The
2460 2945 178 23 Waimakariri
2666 2944 92 32 Ashley
2786 2945 85 24 Water

2335 2984 94 33 Supply
2446 2984 84 25 Board
2540 2984 60 25 held
2619 2984 66 25 their
2707 2984 109 31 meeting
2838 2992 31 16 on

2333 3022 133 32 Thursday
2492 3022 58 24 last-
2579 3022 34 24 all
2641 3022 124 25 members
2798 3022 73 31 being

2333 3066 106 27 present.

2333 3100 54 25 The
2398 3099 102 26 balance
2530 3100 68 24 sheet
2625 3099 38 24 for
2691 3107 60 24 year
2778 3100 93 30 ending

2334 3140 88 25 March
2434 3140 56 25 31st
2511 3140 65 25 1894
2598 3147 52 17 was
2673 3140 111 25 received
2806 3139 65 25 from

2333 3178 156 31 Wellington
2501 3177 60 32 duly
2570 3177 110 26 certified
2690 3177 31 33 by
2741 3185 20 17 a-
2765 3177 106 25 Auditor

2305 3235 2 11 :
2334 3217 108 26 General

2366 3255 43 24 Mr
2420 3254 114 26 Webster
2544 3255 129 30 Engineer
2684 3257 26 21 to
2730 3254 42 24 the
2789 3253 83 25 Board

2334 3295 109 31 reported
2452 3294 57 24 that
2515 3294 33 24 he
2559 3294 51 24 had
2617 3294 120 31 prepared
2747 3293 37 25 for
2794 3293 77 25 board

2333 3334 44 24 the
2389 3333 149 30 description
2547 3332 28 25 of
2579 3333 42 24 tbe
2629 3332 121 31 proposed
2758 3332 113 24 Brown's

2335 3374 70 25 Rock
2416 3373 49 25 and
2478 3372 116 32 Cooper's
2607 3372 77 26 Creek
2708 3372 162 26 sub-district.

2334 3414 67 24 That
2412 3414 31 24 he
2453 3413 53 24 had
2510 3416 3 20 :
2521 3413 136 25 forwarded
2668 3415 26 23 to
2721 3412 42 25 Mr
2784 3412 88 26 Buddo
2879 3412 2 40 j

2333 3453 82 30 copies
2427 3453 26 24 of
2465 3452 35 25 all
2511 3452 208 31 correspondence
2730 3452 28 24 m
2767 3460 104 17 connec-

2334 3494 54 24 tion
2405 3493 74 24 -with
2507 3492 68 24 the
2578 3492 175 24 amendments
2761 3494 65 22 ...to
2828 3492 44 24 the

2335 3534 94 26 Watery
2434 3532 95 32 Supply
2545 3533 48 23 Act
2604 3532 76 24 asked
2690 3532 49 28 .for
2767 3532 47 31 by.,
2828 3531 44 25 the

2335 3571 82 25 Board
2428 3570 51 25 and
2489 3569 74 27 letter
2570 3570 153 32 (explaining,
2741 3570 44 25 the
2796 3579 75 16 same.

2370 3608 65 25 With
2448 3608 124 25 reference
2584 3610 26 23 to
2618 3608 41 24 Mr
2671 3608 118 25 Gorton's
2798 3609 75 24 letter

2333 3648 184 25 consideration
2540 3647 28 25 of
2606 3647 84 25 which
2701 3655 51 17 was
2763 3647 109 25 deferred

2305 3702 2 6 .
2333 3688 65 24 from
2408 3687 51 25 last
2470 3687 84 24 Board
2572 3687 56 32 day.
2663 3687 25 24 It
2700 3695 51 17 was
2762 3688 111 24 resolved

2333 3726 55 23 that
2403 3727 38 22 Mr
2455 3725 96 24 Gorton
2561 3725 32 24 be
2603 3725 125 25 informed
2750 3725 57 24 that
2829 3725 44 25 the

2305 3788 2 8 ,
2332 3765 84 24 Board
2427 3764 77 25 waive
2517 3772 50 24 any
2578 3764 75 25 claim
2666 3764 60 32 they
2742 3772 58 24 may
2812 3765 61 24 have

2305 3817 2 14 ;
2332 3805 26 23 to
2370 3805 70 28 parts*
2457 3803 27 23 of
2493 3803 68 23 rural
2579 3803 108 24 sections
2714 3805 82 22 34006
2823 3805 50 22 and

2334 3841 80 25 19705
2427 3840 51 24 and
2497 3840 57 24 that
2578 3840 39 24 his
2641 3840 74 24 claim
2744 3840 28 24 of
2791 3841 35 24 8
2844 3842 29 23 3s

2332 3878 104 23 amount
2448 3877 28 24 of
2484 3877 65 31 legal
2560 3885 120 23 expenses
2703 3878 116 24 incurred
2843 3878 30 31 by

2305 3935 2 3 .
2332 3915 54 24 him
2397 3915 27 23 m
2436 3915 146 25 connection
2593 3915 59 24 with
2664 3915 45 25 the
2720 3917 92 23 matter
2823 3916 51 25 will

2332 3951 31 25 be
2371 3952 143 25 considered
2532 3953 62 24 with
2622 3952 44 25 the
2694 3953 70 24 other
2786 3953 87 26 claims

2332 3992 100 31 against
2448 3994 44 23 the
2520 3992 84 25 Board
2631 3993 73 24 when
2730 3993 76 24 funds
2831 4002 42 15 are

2332 4031 120 25 available

2305 4075 2 16 i
2366 4072 43 23 Mr
2420 4071 108 24 Dixon's
2539 4071 75 25 letter
2642 4071 27 24 of
2694 4071 45 25 the
2763 4073 63 24 25th
2850 4073 27 24 of

2333 4111 58 31 July
2405 4111 65 25 1894
2482 4119 51 16 was
2544 4112 60 23 read
2621 4111 51 24 and
2688 4111 127 25 discussed
2824 4113 51 24 and

2306 4153 2 23 I
2332 4149 21 23 it
2364 4156 51 16 was
2427 4148 112 24 resolved
2549 4152 26 20 to
2588 4148 29 24 be
2625 4148 60 25 held
2696 4156 58 16 over
2763 4149 40 24 till
2814 4153 61 21 next

2305 4207 2 12 ,
2333 4187 84 25 Board
2428 4186 48 31 day
2488 4186 51 25 and
2567 4194 15 16 a
2605 4187 135 25 resolution
2763 4188 110 33 bearing,

2305 4246 2 3 .
2333 4233 33 16 on
2375 4224 43 25 the
2430 4223 96 32 subject
2538 4224 81 25 would
2641 4224 29 25 be
2693 4224 110 33 brought
2817 4228 57 24 .for-

2334 4264 68 25 ward
2413 4266 27 23 at
2452 4264 61 24 next
2521 4263 120 33 meeting.

2369 4304 77 24 From
2458 4304 42 23 Mr
2512 4304 89 25 Buddo
2617 4304 151 33 forwarding
2779 4315 14 14 a
2816 4315 61 23 copy

2335 4341 28 24 of
2372 4341 71 24 Loan
2454 4340 52 25 Bill
2517 4349 27 16 as
2556 4341 119 26 amended
2688 4342 34 32 by
2749 4337 44 37 te
2814 4344 65 25 local

2306 4374 1 17 1
2336 4374 65 31 Bills
2430 4379 159 30 Committee,
2619 4379 41 26 the
2683 4381 111 33 meeting
2819 4381 60 28 then

2337 4417 157 26 terminated.

2306 4461 3 15 1
2372 4458 22 24 A
2406 4457 93 32 special
2513 4457 109 33 meeting
2634 4466 50 17 was
2695 4458 59 25 held
2766 4462 27 23 at
2805 4462 52 30 2p.
2863 4470 17 19 m

2902 205 35 26 all
2947 207 42 24 the
3000 207 125 26 members
3148 209 73 32 being
3248 213 99 28 present
3359 219 7 21 ;
3378 212 61 24 Bus-

2900 243 76 26 iness:
3013 245 36 26 To
3072 247 74 24 make
3156 247 50 25 and
3225 255 59 23 pass
3307 257 16 16 a
3351 250 88 30 special

2901 282 135 25 resolution
3053 283 121 34 directing
3196 285 43 25 the
3265 286 174 27 Waimakariri

2901 321 94 32 Ashley
3008 323 83 25 Water
3106 324 97 32 Supply
3214 325 108 26 District
3333 326 30 25 be
3380 327 59 26 divi-

2901 358 55 30 ded,
2970 360 50 23 and
3032 362 26 22 to
3079 362 125 29 p-escribe
3227 363 45 25 the
3295 363 144 26 boundaries

2900 395 54 26 into
2966 396 62 26 such
3039 398 165 27 subdivisions
3215 407 28 18 as
3253 408 51 18 was
3316 402 123 32 assigned.

2935 435 41 25 Mr
2989 436 76 25 Wolff
3089 439 91 24 moved
3208 440 50 24 and
3288 440 40 26 Mr
3355 441 84 27 Dixon

2900 475 120 26 seconded
3032 477 42 25 the
3084 477 129 34 following
3225 481 92 30 special
3336 483 103 25 resolut-

2899 513 42 24 ion
2952 514 56 25 that
3018 515 53 25 this
3083 515 84 26 Board
3189 518 28 24 m
3239 520 42 24 the
3304 521 135 32 exercising

2900 550 30 24 of
2938 551 42 24 the
2992 560 81 22 power
3084 555 127 24 conferred
3234 564 66 24 upon
3324 558 44 24 the
3391 559 48 24 Bill

2888 596 2 28 [
2899 587 34 32 by
2943 589 94 25 section
3048 591 16 24 9
3076 591 50 24 aud
3136 592 44 25 the
3192 593 85 25 Water
3287 594 94 34 Supply
3392 596 47 25 Act

2900 628 65 24 1891
2994 629 51 25 and
3072 631 28 24 m
3133 633 148 25 accordance
3309 635 62 24 with
3398 636 41 25 the

2900 666 137 30 provisions
3048 668 28 24 of
3084 668 44 25 the
3142 678 69 17 same
3234 671 31 24 do
3287 672 93 32 hereby
3402 682 37 16 re-

2900 705 68 25 solve
2980 707 26 23 to
3017 706 82 26 divide
3111 709 41 24 the
3162 709 183 26 Waimakariri-
3347 712 92 32 Ashley

2888 737 2 45 |
2902 744 86 26 Water
3013 744 96 35 Supply
3136 748 107 27 District
3271 750 51 25 and
3349 751 90 34 hereby

2902 784 109 26 describe
3023 786 44 24 the
3078 786 148 28 boundaries
3252 791 51 23 and
3325 792 114 31 assigned

2901 821 44 26 the
2961 822 129 32 following
3101 832 42 17 are
3160 826 43 24 the
3231 835 85 18 names
3344 829 28 25 of
3398 831 41 24 the

2903 859 180 26 Subdivisions:

2937 899 38 32 (1)
2987 899 115 27 Brown's
3121 901 70 26 Eock
3213 904 160 27 subdivision.

2936 937 37 32 (2)
2985 937 115 32 Cooper's
3113 939 78 26 Creek
3211 941 160 28 subdivision.

2903 974 21 24 A
2935 975 91 30 special
3038 977 108 31 meeting
3156 979 26 24 to
3194 979 29 24 be
3234 979 59 26 held
3304 990 33 15 on
3345 982 94 25 Thurs-

2902 1012 47 31 day
2960 1012 43 25 the
3026 1013 62 25 20th
3110 1014 28 24 of
3159 1015 145 32 September
3326 1021 65 24 1894
3413 1024 26 21 at

2902 1051 16 22 2
2929 1058 60 24 p.m.
3002 1052 27 23 to
3051 1053 105 24 confirm
3184 1055 43 23 the
3249 1056 77 26 above
3348 1059 91 30 special

2902 1090 144 26 resolution,
3075 1092 49 25 and
3152 1093 56 25 that
3248 1096 43 24 the
3318 1099 121 30 proposed

2902 1130 92 30 special
3005 1131 72 24 order
3087 1132 64 24 shall
3162 1134 57 24 take
3234 1136 73 24 effect
3334 1145 34 16 on
3395 1138 44 24 the

2902 1169 56 25 date
2970 1170 27 24 of
3005 1172 128 31 gazetting
3143 1173 28 24 m
3182 1174 43 24 the
3246 1175 62 25 New
3330 1176 109 27 Zealand

2903 1208 105 26 Gazette
3052 1212 92 25 carried
3169 1214 185 33 unanimously.

2936 1291 114 25 America
3060 1293 23 24 is
3095 1293 43 25 the
3177 1295 102 26 boasted
3287 1298 61 24 land
3359 1299 25 24 of
3390 1299 48 25 lib-

2903 1335 62 29 erty,
3081 1343 61 23 very
3160 1339 109 29 greatest
3291 1340 51 24 and
3363 1341 77 26 freest

2902 1374 62 24 land
2973 1375 79 24 under
3063 1376 44 25 the
3117 1385 56 23 sun,
3186 1379 34 24 sir
3279 1383 42 28 yet
3337 1381 28 25 m
3387 1383 52 25 this

2902 1417 169 33 undoubtedly
3082 1420 136 26 wonderful
3230 1425 104 29 country
3354 1426 85 31 troops

2903 1466 42 17 are
2956 1460 74 30 being
3041 1462 78 23 called
3131 1465 44 21 out
3182 1466 26 21 to
3220 1465 73 24 shoot
3301 1466 44 24 the
3352 1469 87 29 people

2902 1500 50 26 like
2987 1502 61 31 dogs
3083 1503 104 27 because
3194 1506 58 31 they
3260 1507 59 25 dare
3331 1510 26 23 to
3366 1510 75 25 stand

2903 1552 34 23 up
2945 1544 39 25 for
2994 1545 69 25 what
3074 1547 60 31 they
3145 1549 113 24 consider
3283 1550 66 25 their
3359 1552 82 31 rights

2903 1586 82 25 which
2997 1595 42 17 are
3050 1588 111 30 ignored.
3196 1591 55 25 The
3262 1593 67 31 right
3351 1595 22 23 is
3395 1597 47 23 not

2903 1628 57 25 that
2971 1630 44 24 the
3024 1630 53 25 best
3090 1639 57 18 men
3166 1641 55 24 may
3243 1635 31 24 be
3296 1637 146 34 adequately

2903 1672 132 30 rewarded,
3048 1673 45 27 but
3104 1675 57 26 that
3171 1684 60 24 poor
3238 1686 55 17 men
3304 1680 65 25 shall
3377 1681 65 26 have

2904 1714 43 24 the
2958 1716 116 31 privilege
3085 1719 26 23 to
3122 1719 49 25 live
3203 1720 50 25 Let
3264 1721 43 25 the
3318 1724 87 30 people
3417 1725 29 24 of

2903 1756 45 26 the
2959 1758 108 26 colonies
3079 1761 58 25 take
3147 1763 113 33 warning
3271 1764 31 33 by
3313 1765 44 27 the
3373 1775 70 24 spec-

2904 1801 64 25 tack
2980 1802 118 27 afforded.
3123 1804 47 27 We
3178 1813 43 19 are
3229 1806 46 26 but
3281 1817 85 25 young
3373 1818 70 18 com-

2903 1845 127 28 munities,
3043 1846 45 25 but
3100 1848 89 31 during
3200 1858 46 16 our
3261 1852 49 24 few
3321 1861 70 22 years
3403 1862 39 17 we

2903 1885 65 26 have
2978 1886 63 26 been
3059 1888 82 33 busily
3163 1893 112 30 engaged
3296 1895 26 23 m
3345 1897 97 32 sowing

2903 1928 44 25 the
2958 1930 69 24 seeds
3039 1930 28 25 of
3076 1931 43 25 the
3130 1940 59 25 very
3199 1942 70 18 same
3282 1937 65 26 trees
3359 1940 82 24 which

2903 1978 41 17 are
2955 1972 104 33 bearing
3069 1975 63 24 such
3140 1976 94 26 baleful
3245 1978 59 27 fruit
3316 1981 85 32 to-day
3411 1982 31 25 m

2903 2014 124 25 America.
3072 2017 33 24 In
3133 2020 120 26 beautiful
3274 2023 51 23 and
3358 2024 83 26 fertile

2902 2057 73 26 lands
2999 2058 59 25 with
3079 2062 145 32 apparently
3247 2064 132 28 boundless
3402 2076 37 17 re-

2902 2106 97 19 sources
3011 2109 27 17 as
3049 2102 65 25 have
3124 2103 100 33 already
3231 2109 71 28 great
3311 2109 91 26 wealth
3410 2111 30 24 m

2901 2141 43 25 few
2956 2143 87 31 hands,
3056 2145 51 25 and
3117 2145 132 34 homeless,
3267 2151 111 33 starving
3389 2160 49 18 un-

2902 2185 128 34 employed
3041 2188 27 24 m
3084 2196 46 18 our
3140 2191 97 26 streets.
3272 2193 54 26 The
3338 2197 102 32 remedy

2902 2228 22 24 is
2935 2229 28 23 m
2975 2238 45 15 our
3042 2239 57 16 own
3107 2232 92 25 hands.
3229 2236 52 23 -Let
3302 2238 139 28 the-greafc

2903 2271 51 23 and
2964 2272 63 29 good
3038 2273 67 24 work
3109 2274 33 23 'of
3151 2274 42 25 the
3203 2277 175 29 reacquisition
3389 2279 52 23 and

2903 2312 188 27 redistribution
3113 2315 27 24 of
3160 2311 44 30 ttie
3225 2316 44 33 big
3290 2319 97 30 estates,
3411 2327 32 18 sa

2903 2356 86 33 boldly
2998 2357 114 26 initiated
3123 2358 33 33 by
3173 2360 44 25 the
3226 2361 52 25 late
3290 2362 69 25 John
3380 2363 62 25 Bal-

2903 2399 79 28 lance,
3003 2399 31 26 be
3057 2401 163 33 consistently
3243 2405 50 23 and
3316 2406 127 32 earnestly

2903 2443 152 29 prosecuted,
3068 2443 51 24 and
3129 2452 47 16 one
3187 2446 27 23 at
3224 2445 62 25 least
3302 2447 27 24 of
3337 2448 43 23 the
3392 2448 51 25 ele-

2903 2485 84 24 ments
2998 2485 28 24 of
3034 2486 94 32 danger
3138 2487 39 25 for
3187 2488 44 25 the
3241 2489 82 25 future
3344 2490 52 25 will
3408 2492 31 24 be

2903 2526 142 33 abrogated.

2905 2613 186 39 DAIRY
3137 2616 268 38 CATTLE.

3067 2666 95 24 Public
3182 2667 88 25 Tests.

2937 2709 70 25 With
3018 2711 87 31 regard
3114 2714 25 21 to
3150 2712 84 31 public
3246 2714 62 25 tests
3321 2716 41 23 the
3380 2723 59 23 par-

2903 2749 79 25 tisans
2993 2751 25 24 of
3030 2750 35 25 all
3075 2751 42 24 the
3128 2746 87 30 breVds
3227 2753 75 25 claim
3324 2754 37 25 for
3373 2756 68 24 their

2903 2796 54 16 own
2969 2789 135 30 particular
3114 2789 120 31 favourite,
3241 2793 45 24 the
3292 2793 56 24 first
3356 2795 82 29 place.

2903 2827 46 24 We
2960 2835 55 24 may
3026 2827 31 25 be
3067 2836 34 16 no
3113 2830 128 30 exception
3253 2832 26 22 to
3295 2831 43 24 the
3349 2841 88 22 gener-

2903 2865 23 25 al
2938 2865 61 25 rule.
3034 2866 42 24 All
3088 2866 42 25 the
3147 2867 70 33 dairy
3228 2867 86 27 breeds
3325 2870 28 24 of
3361 2871 77 26 cattle

2902 2905 63 25 have
2977 2907 121 30 acquitted
3111 2907 149 26 themselves
3271 2909 62 30 well,
3349 2911 50 24 and
3409 2911 30 25 m

2902 2943 65 24 their
2979 2945 59 22 turn
3050 2951 69 17 come
3137 2946 45 22 out
3203 2946 52 30 top.
3301 2947 42 23 All
3365 2948 76 24 these

2902 2981 82 31 public
2996 2982 61 23 tests
3069 2988 43 17 are
3124 2989 33 24 up
3173 2983 26 24 to
3211 2990 19 22 a.
3250 2984 93 24 certain
3365 2986 74 29 point

2901 3019 156 32 satisfactory
3069 3021 107 31 enough,
3196 3021 45 24 but
3253 3022 69 24 there
3333 3030 56 22 can,
3412 3024 31 24 of

2902 3057 127 31 necessity,
3042 3057 30 24 be
3083 3060 34 22 ho
3126 3058 134 25 allowance
3269 3060 73 25 made
3351 3060 38 25 for
3396 3061 44 25 the

2901 3098 178 29 temperament
3091 3097 27 24 of
3128 3097 44 25 the
3184 3106 59 22 cow,
3256 3099 51 24 and
3318 3100 44 24 the
3369 3108 72 17 more

2901 3136 89 32 highly
3001 3137 58 24 bred
3071 3137 45 24 she
3126 3137 31 28 is,
3166 3137 42 24 the
3216 3138 50 25 less
3272 3139 77 32 likely
3359 3140 23 25 is
3394 3141 47 24 she

2902 3175 31 28 m.
2949 3179 67 21 most
3042 3175 127 25 instances
3198 3177 26 23 to
3251 3176 32 25 be
3305 3179 136 24 contented

2902 3215 97 31 enough
3010 3216 26 23 to
3048 3215 55 30 give
3122 3215 46 25 her
3191 3217 74 23 usual
3287 3219 116 29 quantity
3414 3219 29 24 of

2903 3252 68 28 milk,
2984 3252 51 24 and
3057 3252 21 24 if
3098 3252 44 25 the
3159 3254 73 24 usual
3243 3255 125 32 quantity,
3395 3256 46 25 the

2902 3290 97 32 quality
3010 3290 20 25 is
3042 3289 123 26 deficient.
3201 3290 53 25 The
3266 3292 47 24 stir
3335 3293 50 24 and
3397 3302 43 16 ex-

2903 3328 117 23 citement
3031 3327 76 24 about
3119 3334 15 16 a
3145 3328 81 30 public
3235 3328 75 30 show,
3323 3330 42 23 the
3377 3337 63 17 cows

2903 3374 69 24 away
2978 3367 65 23 from
3049 3366 84 30 home,
3143 3367 51 24 and
3201 3367 26 24 m
3236 3375 69 18 some
3313 3368 130 26 instances

2902 3405 94 31 having
3006 3406 27 23 to
3044 3404 58 25 take
3114 3412 14 17 a
3137 3405 60 31 long
3204 3405 110 33 journey
3326 3406 32 32 by
3379 3407 64 24 road

2903 3450 28 17 or
2943 3443 53 29 rail,
3008 3442 71 24 these
3090 3442 86 32 things
3188 3450 43 17 are
3241 3445 46 23 not
3305 3445 137 24 conducive

2903 3482 27 23 to
2940 3480 139 31 producing
3090 3482 41 22 the
3143 3482 55 22 best
3217 3483 99 23 results.
3351 3482 33 24 In
3395 3483 46 24 the

2903 3520 84 31 public
2997 3519 70 25 trials
3079 3519 51 25 and
3141 3521 62 24 tests
3215 3520 55 25 that
3292 3521 62 25 have
3376 3521 66 26 been

2903 3558 74 24 made
2988 3558 90 31 during
3095 3558 43 24 the
3154 3558 50 25 last
3232 3558 46 25 few
3302 3567 73 24 years
3398 3560 45 25 the

2905 3598 141 25 Shorthorn
3057 3598 47 24 has
3116 3606 31 16 on
3159 3598 44 24 the
3211 3596 80 28 whole
3300 3607 68 17 more
3378 3601 62 23 than

2903 3638 59 24 held
2974 3638 44 24 her
3029 3645 64 23 own,
3106 3638 50 24 and
3167 3638 72 25 while
3251 3638 45 25 she
3304 3647 59 22 may
3374 3639 66 26 have

2903 3679 75 30 given
2995 3678 64 24 milk
3069 3679 50 24 less
3130 3678 55 24 rich
3196 3678 27 24 m
3234 3678 84 25 butter
3329 3680 37 24 fat
3378 3680 65 24 than

2905 3718 41 23 the
2957 3716 87 32 Jersey
3054 3724 29 17 or
3094 3715 136 32 Guernsey,
3243 3716 45 26 she
3300 3716 47 26 has
3370 3726 73 18 more

2904 3758 63 22 than
2979 3758 51 23 met
3050 3756 52 25 this
3130 3756 33 31 by
3191 3756 43 25 the
3262 3756 78 25 much
3362 3758 84 32 larger

2904 3796 115 30 quantity
3032 3796 28 23 of
3068 3795 72 28 milk,
3151 3796 28 23 m
3191 3804 66 16 some
3275 3804 70 17 cases
3356 3798 90 30 nearly

2904 3833 99 28 double,
3016 3834 74 24 while
3098 3833 44 26 the
3153 3835 116 30 quantity
3279 3835 28 24 of
3316 3834 85 26 butter
3407 3836 40 25 fat

2905 3874 45 23 has
2961 3873 63 24 been
3042 3874 57 24 well
3111 3882 41 22 up.
3198 3874 27 23 If
3245 3875 14 23 I
3281 3882 64 17 were
3368 3876 80 25 asked

2905 3911 68 26 what
2982 3912 90 25 should
3084 3921 16 16 a
3111 3913 64 32 good
3187 3922 52 16 cow
3260 3914 56 32 give
3327 3915 29 24 m
3361 3923 86 23 .quart-

2905 3953 46 30 tifcy
2963 3952 26 25 of
3001 3952 59 24 milk
3071 3953 49 24 and
3142 3953 82 24 butter
3248 3954 13 23 I
3284 3954 94 25 should
3400 3963 47 24 say

2905 3993 56 24 that
2973 3993 40 24 the
3024 3993 121 24 standard
3156 3993 92 25 should
3254 3997 46 22 not
3312 3995 46 24 fall
3365 3995 84 29 bejow

2906 4033 50 23 GOO
2966 4032 98 32 gallons
3071 4033 29 24 of
3110 4032 61 25 milk
3182 4041 44 23 per
3236 4042 66 24 year,
3316 4035 64 24 with
3391 4036 57 25 four

2905 4078 44 24 per
2960 4071 65 24 cent,
3037 4070 28 25 of
3081 4070 84 26 butter
3187 4071 38 25 fat
3247 4073 27 23 m
3296 4073 31 24 it.
3362 4073 15 25 I
3399 4082 49 17 un-

2905 4108 160 32 hesitatingly
3078 4108 69 31 place
3159 4109 45 26 the
3216 4110 143 27 Shorthorn
3380 4121 30 17 as
3433 4122 15 16 a

2907 4149 72 23 breed
2990 4149 53 24 first
3053 4156 35 16 on
3100 4149 44 24 the
3155 4150 44 24 list
3210 4158 29 16 as
3259 4151 44 24 the
3325 4151 55 25 best
3396 4161 55 17 cow

2907 4188 38 24 for
2956 4188 35 24 all
2999 4192 128 27 purpose^
3173 4188 77 31 First,
3274 4190 40 26 for
3331 4193 121 32 quantity

2907 4225 52 25 and
2969 4226 98 31 quality
3077 4226 28 25 of
3114 4226 64 25 milk
3185 4228 133 26 combined
3326 4237 7 21 ;
3346 4231 104 25 second-

2908 4264 33 33 ly,
2965 4264 104 25 because
3079 4264 28 25 of
3116 4264 47 26 her
3159 4257 24 20 v
3181 4267 64 31 aptit
3248 4267 47 25 ode
3324 4270 27 24 to
3373 4269 82 26 fatten

2909 4305 72 25 when
2991 4304 72 25 dried
3079 4304 43 30 off,
3134 4313 29 17 or
3180 4306 64 26 from
3268 4308 74 25 other
3364 4317 92 19 causes

2910 4343 46 25 she
2966 4350 85 17 ceases
3064 4344 26 23 to
3109 4342 31 26 be
3151 4344 83 25 useful
3245 4344 40 26 for
3370 4348 70 31 dairy
3449 4357 8 21 ;

2912 4380 59 31 and,
2980 4380 104 33 thirdly,
3096 4382 41 24 the
3148 4383 112 31 superior
3271 4384 73 26 value
3366 4386 28 25 of
3411 4386 47 26 her

2912 4430 86 24 young
3010 4419 73 28 stock
3096 4430 60 17 over
3166 4423 37 24 all
3214 4425 86 25 others
3311 4426 38 25 foe
3358 4428 100 30 general

2914 4468 130 20 purposes.

1162 42 173 34 OXFOKD
1379 47 228 33 OBSERVER
1650 49 235 40 SATURDAY,
1929 52 174 33 AUGUST
2147 53 52 36 11,
2245 55 79 30 1894
