3472 4434
33 178 68 26 THE
131 173 112 27 CHEAP
270 170 120 25 MONEY
412 170 148 25 SCHEME.

65 268 118 24 Whether
196 272 86 22 money
295 264 22 22 is
330 265 25 21 to
373 264 30 21 ba
421 264 146 21 considered

34 322 27 16 as
73 311 91 30 having
176 317 31 16 an
218 307 111 25 intrinsic
352 306 82 27 value,
448 313 27 16 or
488 313 27 16 as
526 304 41 25 be-

32 358 43 27 in^
85 364 14 15 a
110 352 157 30 commodity,
277 359 14 15 a
300 349 71 25 stand
375 349 50 28 vrd,
435 357 14 15 a
456 356 111 16 -measure

35 407 28 16 or
80 406 14 15 a
105 396 115 31 plodgo—
223 402 28 16 as
264 394 20 23 is
296 392 124 30 variously
437 390 130 31 suggested

37 447 30 25 by
80 440 119 24 writers—
204 437 50 24 and
265 435 109 25 whether
386 435 42 23 the
450 435 55 22 trne
516 433 51 23 idea

36 484 27 24 of
73 490 86 22 money
161 496 30 2 —
194 489 26 15 as
233 479 60 24 sueh
296 492 30 4 —
327 478 30 23 be
369 479 45 22 not
435 476 132 30 altogether

37 527 56 24 that
105 526 24 23 of
141 532 14 16 a
167 523 75 25 ticket
251 530 27 16 or
286 520 120 25 counter?

72 568 120 25 Whether
203 567 20 24 it
231 566 61 24 doth
303 566 45 23 not
360 564 63 24 have
435 561 78 25 much
527 561 40 24 im-

36 616 56 28 port
107 614 25 22 to
155 612 63 22 have
241 618 14 15 a
282 608 68 31 right
380 606 146 30 conception
548 604 19 24 of

37 663 89 22 money
135 654 10 24 ?
159 653 49 24 and
217 651 112 25 whether
340 650 33 23 its
385 650 55 23 true
461 647 49 25 and
519 646 48 31 just

37 699 57 24 idea
105 698 30 24 be
147 698 43 23 not
208 695 55 24 that
275 694 26 25 of
311 701 15 16 a
345 691 77 26 ticket
433 698 27 16 or
472 692 95 21 counter

39 741 115 27 entitling
162 741 26 23 to
200 745 87 24 power,
308 736 51 24 and
369 734 73 25 fitted
455 735 24 23 to
491 731 76 26 record

39 786 50 23 and
101 782 105 25 transfer
219 781 91 31 power?

72 825 118 24 Whether
208 830 79 24 power
300 823 24 22 to
337 819 133 25 command
481 818 43 23 the
535 817 32 23 in-

40 870 86 30 dustry
138 867 26 26 of
174 866 84 25 others
280 865 30 24 be
330 864 46 24 not
387 861 52 26 real
461 859 90 27 wealth
561 859 6 23 ?

39 913 52 23 and
101 911 111 25 whether
227 916 87 22 money
337 907 31 24 be
387 906 45 23 not
454 904 28 23 m
503 901 64 26 truth

39 955 88 24 tickets
140 960 27 17 or
176 952 86 24 tokens
282 950 37 24 for
331 948 135 31 conveying
477 945 49 24 and
536 952 31 15 re-

39 997 103 30 cording
155 994 59 26 such
227 1000 81 25 power
316 993 12 22 ?
351 991 49 24 and
420 988 111 26 whether
554 987 13 24 it

38 1040 32 24 be
82 1039 26 24 of
118 1039 70 31 great
199 1041 167 25 consequence
373 1033 68 25 what
448 1029 119 27 materials

38 1083 46 24 the
96 1082 88 24 tickets
196 1087 39 16 are
247 1078 72 24 made
332 1076 44 25 of?

74 1124 121 26 Whether
207 1122 77 28 trade,
298 1120 79 25 either
388 1117 94 32 foreign
494 1124 27 17 or
533 1115 34 25 do-

39 1168 95 29 mestic,
145 1167 29 23 be
187 1167 26 23 m
226 1165 67 24 truth
306 1171 48 21 any
366 1169 67 18 more
451 1160 63 25 than
524 1159 43 24 this

39 1213 135 18 commerce
186 1205 25 24 of
218 1204 113 29 industry
340 1204 12 22 ?

74 1248 122 26 Whether
205 1250 25 21 to
248 1246 120 31 promote,
391 1242 111 29 transfer,
526 1241 41 24 and

39 1299 85 16 secure
133 1291 51 23 this
194 1296 137 18 commerce
343 1288 49 23 and
400 1285 50 25 this
459 1284 108 31 property

38 1334 26 22 m
81 1333 95 22 human
188 1331 94 26 labour,
295 1338 35 18 or,
343 1329 26 22 m
390 1327 71 23 other
484 1326 80 23 words
566 1350 2 10 >

39 1376 52 25 this
103 1382 80 24 power
195 1374 30 24 be
237 1375 43 22 not
292 1373 42 23 the
343 1372 51 24 sole
406 1378 85 16 means
500 1369 24 24 of
532 1375 35 17 en-

39 1419 99 29 riching
150 1426 14 15 a
176 1416 85 32 people
280 1416 47 23 and
340 1415 55 24 how
406 1413 39 24 far
456 1413 49 24 this
516 1419 51 23 may

40 1462 32 22 be
84 1461 61 23 done
157 1459 190 30 independently
359 1457 26 24 of
394 1456 58 31 gold
471 1455 50 23 and
532 1454 35 24 sil-

39 1511 41 17 ver
91 1504 11 22 ?
166 1519 7 6 .
188 1504 9 27 ;

75 1545 121 24 Whether
207 1552 15 16 a
234 1542 110 25 notional
365 1548 118 23 currency
495 1538 72 26 would

41 1592 45 22 not
98 1590 29 23 be
142 1596 68 16 more
232 1586 130 24 beneficial
384 1585 62 24 than
470 1591 61 17 even
560 1590 7 16 a

40 1631 145 32 gold-mine,
199 1630 49 23 and
260 1629 111 23 whether
380 1627 54 24 that
443 1626 29 23 be
481 1629 41 20 not
531 1625 36 26 the

40 1677 56 21 true
107 1672 177 32 philosopher's
301 1674 70 21 stone
394 1670 25 23 m
449 1677 14 15 a
488 1668 69 23 State
566 1675 2 20 ;

39 1717 49 24 and
112 1716 109 24 whether
249 1722 90 23 money
368 1712 81 25 would
472 1718 56 17 ever
545 1711 22 23 be

38 1760 112 29 wanting
162 1761 25 21 to
199 1759 41 22 the
252 1756 117 24 demands
382 1755 27 24 of
426 1754 115 29 Industry
553 1753 14 22 if

37 1811 38 16 ■we
86 1802 63 24 have
162 1810 14 15 a
188 1801 112 24 national
312 1798 66 25 bank
388 1799 11 22 ?

334 1843 96 23 Bishop
445 1841 122 22 Bebkley.

1180 23 172 32 OXFORD
1397 23 226 32 OBSERVER
1667 18 241 37 SATURDAY,
1950 10 165 36 AUGUST
2131 8 52 36 11,
2204 4 92 33 1894.

2889 4218 102 27 Printed
3013 4222 52 26 and
3103 4224 138 28 PuWisl.dd
3268 4227 34 33 Ly
3335 4228 88 27 Laura

2918 4258 83 26 Annie
3023 4261 103 31 Parish,
3151 4265 27 27 at
3199 4265 48 25 hier
3277 4266 145 32 Registered

2917 4300 119 37 Printing
3046 4304 86 33 Office,
3155 4307 69 33 High
3248 4308 92 30 Street;
3363 4310 63 28 East

2917 4344 91 27 Oxford
3013 4367 6 5 .
3029 4347 165 37 Canterbury.

2917 4384 132 28 Saturday
3081 4389 104 27 August
3195 4392 82 29 11th,
3296 4394 73 27 1894,
3441 4407 22 12 —

2971 141 430 64 A.P.TUTTON;.
3451 151 12 30 s

2947 212 230 32 AUCTIONEER,
3222 208 194 37 VALU43**R;

2917 251 105 26 GSAIN
3063 254 70 24 AND
3168 254 162 24 PRODUCE
3359 255 94 30 JMEB-

2931 291 123 31 CHANT,
3067 294 70 25 AND
3155 294 135 25 ESTATE
3304 294 126 25 AGENT.
3436 296 7 31 {

3012 372 190 30 AUCTION
3220 372 129 30 SALES

3173 428 31 16 OF
3350 430 6 6 '
3371 428 5 3 •
3410 421 29 18 '■'-*"

2916 456 86 25 LIVE
3020 458 110 24 STOCK
3142 459 43 24 AT
3197 459 72 24 THE
3277 459 178 25 EANGIOKA

2950 497 145 24 MARKET
3107 498 118 25 EVERY
3248 499 170 25 TUESDAY.

2916 573 98 24 Private
3025 573 66 26 Sales
3102 578 63 21 most
3175 576 129 31 efficiently
3313 576 150 27 conducloJjP*

2917 649 81 31 Agent
3011 652 39 23 for
3062 651 41 24 the
3121 651 78 25 South
3217 653 90 24 British
3326 653 131 24 Insurance

2917 682 134 33 Company.

3067 723 225 32 A.P.TUTTON,

3100 764 151 29 Auctioneer,
3265 766 51 29 &c,
3325 766 129 32 Rangioia.

2979 1028 130 21 PAINTER
3121 1029 58 20 AND
3191 1030 179 26 DECORATOR,

3065 1060 135 24 GRAINER,
3219 1062 110 20 GILDER
3348 1065 96 23 &C/&C

3020 1094 113 32 EAST
3171 1095 178 33 OXFORD.

3065 1279 251 48 NOTICE.

2917 1403 99 46 Job
3034 1404 235 60 Printing
3280 1409 10 44 !

3091 1483 101 45 Job
3214 1484 239 59 Printing

2960 1564 174 32 OXFORD
3191 1567 222 33 OBSERVER

3000 1616 162 40 Machine
3191 1618 180 51 Printing-

3097 1668 168 41 WORKS

2983 1717 90 25 MAIN
3086 1718 143 31 STREET,
3241 1721 146 27 OXFORD.

2984 1798 66 49 X^
3051 1794 62 26 INE
3166 1799 212 50 TAINTING

2958 1879 38 30 In
3010 1880 75 40 Any
3113 1881 128 42 Variety
3256 1894 34 20 or
3316 1884 95 40 Style.

2998 1982 165 31 Memorial
3179 1984 107 40 Cards,

3001 2022 52 40 (m
3079 2034 70 21 new
3176 2027 61 29 and
3264 2027 105 31 chaste

2997 2063 126 40 designs
3158 2064 111 42 5/-per
3290 2069 89 39 doz.)

2998 2110 177 33 Statement
3192 2112 117 39 Heads,

2997 2152 72 30 Ball
3083 2152 225 40 Programmes.

2998 2193 135 36 Posters,
3147 2195 178 36 Handbills,

2996 2232 170 38 Billheads,
3190 2235 141 40 Cheques

2998 2274 107 31 Letter
3120 2276 59 29 and
3190 2276 80 31 Note
3284 2277 106 32 Heads

2998 2314 167 38 Circulars,
3187 2316 120 37 Menus,

2997 2356 193 40 Catalogues,
3208 2359 53 30 &c.
3274 2359 74 39 ,&c,
3373 2361 56 31 &c.

2913 2403 92 39 New-
3016 2404 121 49 Styles
3152 2405 38 39 m
3205 2406 163 52 Visiting
3380 2410 69 38 and

3029 2495 167 40 Business
3212 2497 115 40 Cards.

2913 2578 36 30 R.
2972 2578 43 32 H.
3036 2578 120 37 Parish,
3215 2581 187 41 Proprietor.

2994 2631 67 31 The
3079 2631 181 33 NEWEST
3286 2634 160 33 STYLES

2911 2681 32 30 m
2955 2682 134 32 TYPES
3096 2685 63 29 and
3170 2685 276 40 ORNAMENTS,

2910 2723 61 28 and
2994 2723 54 30 the
3082 2725 107 29 Latest
3227 2727 219 39 Typographic

2910 2763 160 31 Novelties
3086 2775 53 20 are
3149 2768 179 39 constantly
3354 2768 92 40 being

2909 2803 100 31 added
3023 2808 33 28 to
3071 2806 55 31 the
3140 2808 97 40 plant,
3251 2809 100 30 which
3362 2810 27 30 is
3401 2811 42 29 al-

2909 2846 95 39 ready
3021 2858 75 30 very
3112 2850 158 38 complete.

2900 3651 103 62 I^vish
3015 3653 25 23 to
3051 3653 86 25 inform
3161 3663 40 23 my
3220 3655 92 26 OxforcJ
3339 3657 92 25 friends

2951 3684 50 24 and
3023 3685 44 25 the
3087 3688 101 29 general
3205 3688 89 25 Public
3319 3690 58 24 that
3387 3697 43 24 my

2895 3721 126 32 Rangiora
3043 3725 114 26 business
3180 3727 45 25 has
3247 3728 128 25 increased
3403 3732 25 22 to

2895 3763 61 25 such
2968 3772 33 17 an
3013 3767 83 24 extent
3108 3768 54 23 that
3172 3768 15 25 I
3197 3768 67 26 shall
3283 3769 31 25 be
3341 3770 88 26 unable

2894 3804 25 24 to
2942 3803 59 26 visit
3013 3805 88 26 Oxford
3126 3808 76 27 untill
3221 3809 97 26 further
3337 3810 90 27 notice.
3450 3805 13 21 J

2893 3841 42 26 All
2952 3843 68 25 work
3043 3847 57 24 sent
3116 3846 33 33 by
3161 3847 115 26 Griffiths
3289 3848 66 30 Bro.,
3368 3849 59 26 Car-

2891 3882 70 29 riers,
2987 3884 49 25 will
3058 3887 94 25 receive
3174 3890 100 30 prompt
3293 3890 133 26 attention.
3462 3890 2 5 '

2891 3921 23 24 A
2949 3923 69 32 large
3054 3925 76 26 Stock
3168 3928 28 25 of
3216 3928 118 27 Watches
3376 3931 51 24 and

2891 3959 129 34 Jewellery
3048 3971 34 17 on
3111 3964 78 26 hand.
3224 3967 125 25 Traveller
3387 3968 39 25 for

2890 3996 82 26 North
2981 3998 156 35 Canterbury
3149 4003 98 26 district
3258 4004 41 25 Mr
3307 4005 28 24 -J.
3349 4005 75 26 Gent.

3006 4037 69 29 GUS
3087 4039 117 32 JONES,
3225 4040 134 35 Rangiora.

2407 139 425 48 EUCALYPTUS

2532 214 81 7 —
2613 209 9 16 *
2622 214 80 6 —

2405 240 60 21 THE
2480 239 72 20 BEST
2566 238 87 20 BOME
2670 237 93 20 BEM3I
2775 237 36 20 IE

2464 277 36 15 are
2514 270 37 21 the
2560 270 136 26 preparation
2706 268 25 22 of
2738 268 37 21 the
2785 288 2 2 .

2349 308 171 24 IASMANIAN
2538 306 186 23 EUCALYPTUS
2738 305 49 22 OIL
2801 304 79 21 COMP.

2378 345 137 25 Universally
2524 343 105 22 aamitted
2637 343 36 21 the
2681 343 80 24 BEST,
2772 341 108 22 PUEEST

2350 384 44 21 and
2403 383 58 20 most
2470 381 94 20 effective
2575 380 134 24 Eucalyptus
2731 379 105 20 Globulas
2852 378 27 20 Oi

2350 416 33 19 for
2402 412 173 24 INFLUENZA,
2596 411 92 25 Coughs,
2708 410 63 20 Colds
2796 409 44 21 and
2857 409 23 20 all

2350 446 66 20 Chest
2432 444 44 20 and
2484 444 63 23 Lung
2564 442 112 21 affections
2690 442 76 25 speedy
2776 442 60 19 relief
2845 440 35 21 and

2351 477 56 21 Cure
2425 477 33 19 for
2474 474 156 24 Bheumatism,
2651 473 122 25 Neuralgia,
2788 473 92 26 Sprains-

2350 504 72 20 Burns
2443 503 34 20 &c

2378 536 133 24 Eucalyptus
2529 533 105 21 Globulus
2651 534 93 20 Extract
2752 533 90 26 sprayed
2855 532 25 21 in-

2352 568 63 21 haled
2431 567 43 21 and
2488 567 66 20 taken
2563 566 116 25 internally
2696 566 34 19 for
2744 566 37 20 the
2798 566 82 26 Throat,

2352 604 97 25 Catarrh,
2467 604 58 24 Hay,
2550 602 98 26 Typhoid
2664 603 43 20 and
2721 603 81 20 Scarlet
2812 604 68 19 Fevers

2353 635 130 21 MEASLES
2493 635 37 19 the
2536 636 55 18 most
2601 633 135 25 satisfactory
2745 634 135 24 preventative

2353 667 43 19 and
2410 667 61 19 Cure.
2499 666 56 20 Send
2568 665 52 20 Post
2635 665 56 19 Card
2700 666 23 19 to
2733 665 36 19 the
2779 665 63 19 Office
2855 666 25 18 foi

2353 698 96 20 Circular
2462 696 120 26 describing
2600 697 122 20 treatment.
2749 696 131 26 Eucalyptus,

2353 731 111 20 Ointment
2474 731 36 20 the
2520 731 70 25 Magic
2599 731 79 20 Healer
2691 730 23 20 of
2728 731 69 23 Sores,
2811 731 69 20 Burns,

2354 762 102 24 Wounds,
2472 762 60 20 Boils
2550 764 45 21 &c,
2618 762 133 24 Eucalyptus
2771 762 57 24 Soap
2842 762 38 19 Fra

2353 794 63 24 grant
2425 793 43 20 and
2477 793 124 25 refreshing.
2625 793 133 25 Eucalyptus
2768 793 88 25 Jujubes
2865 800 15 13 oi

2353 823 102 20 Pastilles
2464 824 34 18 for
2507 823 36 20 the
2569 824 80 19 Throat
2659 824 43 18 and
2710 823 65 19 Voice
2791 829 29 14 an
2834 824 46 19 anti-

2354 854 66 26 eeptic
2430 855 43 20 and
2483 855 120 20 stimulant.

2353 889 126 24 Veterinary
2495 889 36 21 Oil
2540 889 43 21 and
2594 889 111 21 Ointment
2714 889 33 19 for
2757 888 37 20 the
2803 888 77 20 stables,

2380 922 30 19 Be
2420 928 48 13 sure
2478 928 43 19 you
2530 922 108 20 Purchase
2652 922 39 19 the
2702 922 104 24 Platypus
2822 921 58 20 branc

2354 953 50 24 only
2413 953 22 19 of
2443 953 29 19 all
2481 953 113 24 Chemists,
2599 953 89 20 Grocers
2694 952 43 20 and
2744 952 136 24 Storekeepers

2354 983 43 21 and
2410 985 23 19 at
2447 984 36 20 the
2494 985 64 19 Office
2567 986 13 19 9
2589 984 114 20 Cathedral
2713 989 76 19 square
2798 983 82 21 betweer

2353 1015 100 20 Morten's
2467 1016 113 24 Buildings
2588 1017 42 19 and
2641 1016 36 19 the
2686 1016 52 19 Pest
2748 1015 70 20 Office.

2517 1049 89 21 Oxford
2616 1046 79 29 Agent

2383 1074 5 4 '
2407 1084 27 21 R.
2444 1085 30 21 H.
2488 1086 119 25 PARISH,
2630 1086 77 19 EAST
2721 1086 119 20 OXFORD

2434 1124 141 26 Eucalyptus
2585 1124 37 20 Oil
2636 1123 31 28 1/-
2680 1131 41 20 per
2729 1124 78 21 bottle.

2352 1206 102 21 KONGO
2491 1207 54 20 PAI
2565 1208 95 19 TENEI
2674 1207 55 20 KEI
2743 1207 125 20 KOUTOU

2566 1241 111 22 KATOA.

2394 1279 191 36 MACBEAN
2629 1279 218 36 STEWART'S

2352 1331 74 21 NEW
2441 1333 78 19 CURE
2535 1333 59 19 FOR
2608 1333 127 20 ASTHMA

2406 1366 73 21 NEW
2495 1367 78 20 CURE
2587 1367 59 20 FOR
2660 1368 97 20 CROUP

2465 1402 73 21 NEW
2553 1403 80 21 CURE
2647 1404 58 21 FOR
2719 1404 161 20 DIPHTERIA

2406 1434 73 20 NEW
2494 1434 79 21 CURE
2587 1434 59 21 FOR
2661 1435 133 20 CHRONIC

2528 1470 189 22 BRONCHITIS.

2365 1507 115 26 Prepared
2489 1507 59 20 from
2557 1507 41 21 the
2607 1507 121 21 Mountain
2739 1509 46 20 and
2794 1510 81 20 Forest

2471 1534 81 21 Plants
2566 1535 24 20 of
2603 1535 55 20 New
2674 1535 104 20 Zealand.

2350 1568 29 21 In
2388 1568 98 21 Asthma
2496 1568 42 21 the
2547 1568 55 21 New
2611 1569 59 21 Cure
2679 1569 43 21 has
2731 1569 85 26 proved
2825 1570 55 22 itseli

2392 1596 25 20 to
2426 1596 29 20 be
2465 1595 64 21 Head
2539 1595 45 21 and
2595 1596 123 20 Shoulders
2728 1597 71 21 above
2809 1598 33 19 *>11

2533 1622 72 20 Other
2619 1623 77 20 Cures.

2376 1661 29 20 In
2415 1667 29 14 no
2454 1660 102 21 instance
2565 1660 42 21 has
2616 1667 15 14 a
2638 1662 69 20 death
2717 1663 106 20 occurred
2829 1663 51 21 from

2350 1688 132 25 diphtheria
2500 1688 66 20 when
2584 1688 41 20 the
2846 1690 34 20 has

2350 1714 57 21 been
2416 1714 73 26 freely
2498 1714 59 21 used
2564 1714 60 21 from,
2629 1715 41 20 the
2679 1715 52 21 first
2736 1716 77 20 outset
2818 1717 24 19 of
2848 1717 32 20 the

2350 1742 92 23 disease,
2461 1741 46 20 and
2526 1747 25 14 so
2569 1742 67 25 great
2655 1748 38 14 are
2711 1743 32 19 its
2762 1744 118 24 protective

2348 1773 92 20 powers,
2452 1767 54 20 that
2514 1768 41 20 the
2565 1768 124 26 complaint
2698 1769 43 20 has
2750 1775 71 15 never
2831 1771 49 20 been

2349 1795 81 20 known
2439 1795 24 20 to
2474 1795 82 25 spread
2564 1795 24 21 to
2599 1795 67 21 other
2682 1796 110 22 members
2809 1797 24 21 of
2847 1797 33 21 the

2348 1822 87 24 family.

2376 1856 48 20 The
2432 1856 54 20 New
2497 1856 65 25 Cure,
2572 1858 25 19 3s
2606 1857 40 24 6dj
2659 1858 117 20 Grindelia
2784 1859 96 20 Robusta

2413 1883 135 26 Cigarettes,
2558 1884 25 19 2s
2590 1891 7 16 ;
2608 1884 97 20 Asthma
2718 1884 107 26 Tobacco,

2518 1911 25 20 2s
2557 1910 30 21 6d
2601 1911 45 20 and
2660 1913 31 19 Is.

2583 1969 41 39 is
2647 1970 215 39 wealth.

2348 2018 37 21 TO
2393 2018 487 25 THKSUFFERING-.&UNFORTUNATE

2349 2079 86 58 ALL
2455 2079 88 29 Weak,
2554 2080 112 26 Nervous
2682 2082 47 23 and
2742 2081 138 25 Debilitated

2404 2112 117 26 Sufferers
2529 2114 55 24 who
2592 2114 61 26 have
2662 2116 87 24 wasted
2759 2116 62 23 their
2829 2116 51 23 time

2348 2146 47 24 and
2408 2154 93 21 means,
2514 2148 102 30 sending
2625 2151 25 21 to
2658 2149 69 24 other
2736 2149 112 24 Colonies
2856 2149 24 24 P.

2348 2178 29 25 0.
2388 2178 79 25 Boxes
2478 2180 50 26 &c,
2536 2181 38 22 for
2583 2182 116 23 so-called
2706 2182 105 24 Electric
2819 2182 61 23 Belts

2348 2211 48 22 and
2417 2211 98 23 Useless
2533 2212 138 28 Nostrums,
2684 2213 87 23 should
2783 2215 43 21 not
2837 2214 43 22 dis-

2347 2242 59 30 pair,
2419 2243 44 24 but
2475 2244 96 24 consult
2582 2244 138 32 personally
2731 2253 28 16 or
2769 2244 32 32 by
2813 2248 63 28 post.

2348 2288 126 47 FREE
2510 2301 32 19 w
2543 2316 5 5 -
2562 2291 197 47 aoTMANN,}[
2782 2293 50 52 c.,
2849 2292 26 48 C

2347 2349 53 25 The
2411 2351 56 31 only
2479 2351 99 24 Electro
2596 2351 104 27 Medical
2709 2352 125 32 Specialist
2844 2356 36 24 ad-

2347 2383 118 31 vertising
2484 2384 68 31 [with
2570 2386 93 30 twenty
2672 2394 68 23 years
2753 2386 127 32 European

2347 2416 146 30 experience,
2515 2417 50 24 and
2581 2418 67 23 three
2667 2426 68 23 years
2750 2418 81 26 before
2843 2421 37 24 the

2346 2448 58 24 New
2417 2449 105 24 Zealand
2535 2450 94 33 public]
2646 2452 54 24 who
2712 2453 44 23 has
2767 2453 72 25 made
2851 2453 29 25 all

2346 2481 100 26 chronic.
2451 2490 67 17 cases
2526 2483 26 24 of
2563 2491 55 17 men
2634 2485 48 24 and
2693 2493 95 18 women
2800 2495 13 16 a
2831 2486 49 26 life-

2345 2514 59 24 time
2417 2516 80 29 study,
2510 2516 47 23 and
2574 2518 27 22 to
2627 2518 113 24 convince
2759 2519 42 23 the
2818 2524 62 20 mast

2345 2547 122 31 sceptical,
2480 2547 14 24 I
2505 2549 49 23 will
2565 2548 98 25 forward
2675 2549 121 26 electrical
2806 2552 74 31 appli-

2345 2587 71 17 ances
2435 2580 49 24 and
2502 2582 172 24 concentrated
2701 2584 130 25 treatment
2850 2593 30 17 on

2345 2620 58 24 easy
2415 2614 76 24 terms
2504 2613 28 25 of
2537 2618 123 28 payment.

2497 2654 192 29 [testimonial.]

2568 2687 115 25 Dunedin,
2693 2688 57 26 July
2759 2690 34 24 28,
2804 2688 60 23 18&3.

2369 2718 25 19 It
2404 2718 64 25 gives
2484 2724 36 14 me
2531 2719 66 25 great
2604 2719 105 25 pleasure
2725 2721 25 19 to
2763 2722 78 24 report
2856 2728 24 14 so

2341 2742 135 28 favourably
2484 2744 25 20 m
2519 2745 56 20 such
2585 2751 15 14 a
2609 2745 65 21 short
2681 2747 63 23 time,
2759 2747 121 26 especially

2341 2770 61 21 after
2410 2771 71 26 being
2489 2771 92 20 treated
2595 2772 32 26 by
2646 2778 69 15 seven
2731 2773 149 26 professional

2341 2803 53 14 men
2403 2797 37 21 for
2448 2804 29 14 no
2486 2798 87 26 benifit,
2584 2799 47 20 and
2649 2799 13 21 I
2681 2799 59 22 have
2758 2801 122 28 gradually

2341 2831 95 27 gaining
2446 2832 106 27 strength
2566 2832 47 21 and
2622 2839 86 21 energy
2717 2834 61 21 since
2787 2835 93 27 placing

2340 2865 39 19 my
2388 2865 51 14 case
2457 2859 25 20 m
2494 2865 58 20 your
2568 2866 58 19 care,
2646 2861 45 20 and
2709 2862 14 19 I
2732 2862 60 21 shall
2801 2863 79 27 gladly

2339 2886 143 20 recommend
2489 2892 58 20 your
2555 2886 51 21 able
2615 2888 124 21 treatment
2747 2890 25 20 to
2781 2890 84 21 others.

2662 2915 22 21 J.
2694 2916 38 20 Me
2742 2916 109 23 Donald.

2371 2946 61 24 Free
2444 2947 58 23 trial
2514 2947 64 30 daily
2587 2947 60 24 from
2660 2949 30 23 11
2701 2958 58 15 a.m.
2768 2950 40 25 till
2820 2951 59 24 9.30

2337 2985 59 23 p.m.
2406 2979 26 22 of
2441 2979 41 23 the
2493 2980 73 23 latest
2577 2980 57 30 only
2645 2980 109 25 Beliable
2764 2982 48 23 and
2820 2982 57 24 Per-

2338 3012 99 22 manent
2456 3010 61 25 Cure
2538 3011 37 24 for
2592 3012 162 30 rheumatism,
2772 3014 104 31 sciatica,

2336 3043 130 31 neuralgia,
2471 3043 60 26 liver
2539 3044 182 32 derangement,
2731 3046 145 33 indigestion

2338 3077 103 31 buzzing
2451 3078 28 24 m
2490 3078 41 24 the
2540 3078 61 24 head
2613 3079 49 25 and
2671 3088 60 21 ears,
2746 3081 128 30 dizziness,

2336 3109 70 24 weak
2411 3110 68 30 back,
2486 3111 62 24 tired
2552 3111 95 32 feeling,
2655 3113 85 30 specks
2747 3114 82 25 before
2835 3115 41 24 the

2335 3150 62 22 eyes,
2420 3144 116 24 nervious
2556 3143 146 32 irritability,
2723 3146 150 29 exhaustion,

2334 3173 55 25 lack
2401 3174 26 23 of
2438 3182 96 23 energy,
2547 3175 96 25 bladder
2651 3177 48 23 and
2708 3177 90 32 kidney
2806 3180 66 23 trou-

2334 3206 59 29 bles,
2417 3206 105 26 varicose
2544 3208 74 30 veins,
2642 3210 47 23 and
2702 3210 32 24 all
2754 3211 119 25 weakness

2333 3240 132 30 pecularto
2477 3248 66 17 men.

2366 3276 136 26 Numerous
2525 3279 105 30 grateful
2641 3280 85 26 letters
2737 3281 64 26 from
2813 3283 59 24 both

2333 3317 68 18 sexes
2413 3317 44 18 can
2467 3311 30 25 be
2514 3312 131 31 inspected.

2374 3347 62 39 W.
2461 3349 228 47 2TOTMAOT,
2722 3353 131 40 JO.C.

2410 3395 104 29 Market.
2525 3397 83 29 Place,
2640 3398 179 27 Christchurch.

2379 3471 190 59 Money
2587 3476 54 42 to
2664 3474 155 47 Lend.

2371 3535 18 29 I
2424 3535 79 31 have
2524 3547 114 30 money
2672 3542 34 26 to
2728 3540 73 29 lend
2835 3541 35 29 m

2341 3584 75 30 arge
2445 3586 34 18 or
2500 3578 90 28 small
2625 3588 85 19 sums
2736 3583 34 26 to
2806 3582 63 28 suit

2328 3614 177 33 Borrowers
2542 3620 33 28 at
2602 3619 109 31 lowest
2741 3624 128 28 current

2327 3661 91 26 rates.
2738 3664 4 3 '

2387 3695 61 39 W.
2474 3697 45 38 H.
2546 3699 260 43 SPACEMAN.

2481 3742 7 8 '
2502 3744 191 32 SOLICITOR,

2395 3782 192 26 Chkistchukch
2598 3786 50 24 and
2659 3786 137 28 Rangioba.

2328 3852 217 40 MONEY
2573 3856 80 39 TO
2678 3859 182 43 LEND.

2344 3906 18 29 I
2376 3907 80 30 have
2468 3910 120 29 several
2603 3922 86 20 sums
2704 3915 34 28 of
2750 3925 114 31 money

2326 3951 31 24 to
2371 3947 83 37 lend,
2470 3953 33 26 at
2531 3951 109 30 lowest
2653 3957 85 27 rates
2753 3956 34 29 of
2813 3957 50 29 in-

2322 3988 102 27 terest.

2406 4026 61 40 W.
2487 4028 37 42 E,
2544 4029 38 40 D.
2606 4031 168 44 BISHOP.

2498 4075 190 34 SOLICITOR,

2354 4116 49 23 205
2421 4116 124 26 Hereford
2566 4118 38 26 St.
2624 4121 201 28 Chbistohubch.

2340 4189 73 31 W.
2458 4191 365 40 WOODWARD

2320 4244 152 27 PAINTER
2488 4246 71 26 AND
2576 4249 272 38 PAPERHANGER,

2420 4295 111 34 EAST
2575 4299 183 37 OXFORD.

2364 4389 44 26 All
2417 4390 82 26 orders
2509 4395 121 31 promptly
2642 4397 114 26 attended
2768 4402 35 25 to,

1288 167 72 55 H.
1392 166 62 55 E.
1484 157 444 64 BOARDMAN
1967 155 53 58 &
2050 148 147 63 CO.,

1193 244 141 21 BAILIFFS
1349 244 64 21 AND
1427 240 185 23 COMMISSION
1629 237 127 22 AGENTS.
1802 235 101 21 HOTEL
1916 228 137 24 BROKERS
2067 225 64 22 AND
2145 219 148 25 VALUERS.

1291 293 60 29 222
1374 287 233 33 HEREFORD
1631 282 171 37 STREET,
1846 270 345 42 CHRISTCHURCH..

1479 352 391 21 »♦♦♦♦♦♦♦♦♦♦♦»♦♦♦♦♦♦♦♦♦♦♦♦♦♦♦
1874 352 9 14 ♦
1889 352 22 13 M
1917 351 37 14 M»
1959 350 22 14 M
1987 349 23 15 M
2014 348 43 14 ♦♦»

1237 396 42 23 We
1297 395 151 31 respectfully
1460 394 39 29 beg
1517 397 22 19 to
1551 392 73 23 thank
1633 399 43 15 our
1688 389 89 23 Clients
1784 387 49 22 and
1842 385 36 23 the
1891 384 88 24 Public
1988 379 123 35 generally
2116 378 45 28 for
2170 374 38 25 the
2224 373 89 29 support

1168 439 116 23 accorded
1294 446 37 19 «,,
1344 438 48 23 and
1404 445 46 16 can
1460 443 82 16 assure
1554 442 42 16 our
1600 432 100 33 friends
1711 431 52 23 that
1771 437 44 15 our
1825 428 103 24 business
1940 425 49 24 still
1995 423 102 24 remains
2113 419 76 23 under
2207 416 37 23 the
2260 419 53 18 sami

1170 485 160 27 management
1349 488 28 14 as
1385 480 106 25 hitherto,
1503 479 48 22 and
1560 477 50 22 that
1619 473 134 31 everything
1763 470 120 25 entrusted
1893 472 21 20 to
1923 475 28 16 us
1963 466 50 24 will
2022 465 25 24 he
2055 463 78 25 under
2144 460 36 24 the
2192 459 121 22 immediate

1169 524 146 29 suj>ervision
1326 523 30 30 of
1363 529 45 16 our

1368 563 123 33 MR.
1523 561 67 33 H.
1615 560 55 32 E.
1697 546 425 44 BOARDMAN

1403 679 269 38 ■'LOCAL

1288 731 401 49 BARLOV
1732 727 167 42 AHD
1944 716 276 48 PBIOB

1474 784 192 41 Coventry
1704 779 113 43 Cycle
1864 774 130 35 Works

1338 840 37 28 88
1399 834 199 33 COLOMBO
1623 831 173 33 STREET,
1841 820 345 37 CHRISTCHURCH.

1171 901 56 31 We
1243 901 118 36 haying
1377 900 93 29 taken
1486 907 73 20 over
1572 896 53 28 the
1639 893 72 31 well
1723 892 115 29 known
1848 888 112 34 works,
1975 884 181 35 machinery
2165 879 61 31 and
2236 877 77 32 stock

1169 943 34 27 m
1216 942 89 27 trade
1320 940 77 29 wisli
1411 943 34 24 to
1459 938 112 28 inform
1587 936 54 28 the
1662 933 105 39 public
1781 931 71 28 that
1864 939 47 20 we
1926 938 53 18 are
1992 923 153 41 prepared
2158 924 33 28 to
2210 923 103 25 under-

1170 982 72 30 take
1257 980 103 30 orders
1375 980 54 29 for
1436 988 68 20 new
1519 974 157 32 machines
1692 973 62 29 and
1768 972 128 28 execute
1914 975 118 31 repairs
2055 966 33 27 at
2110 964 53 27 the
2189 964 124 26 shortest

1302 1021 102 29 notice
1418 1020 49 28 for
1490 1018 41 29 all
1545 1016 92 29 kinds
1653 1013 34 30 of
1697 1011 213 40 Engineering
1925 1008 61 29 and
1999 1004 93 41 Cycle
2105 1003 94 31 work.

1333 1072 127 22 SPECIAL
1473 1068 178 23 ATTENTION
1666 1065 95 22 GIVJfIN
1775 1064 38 20 TO
1827 1061 141 22 COUNTRY
1984 1058 123 21 ORDERS.

1171 1113 120 37 Racing
1305 1110 160 31 Machines
1488 1108 62 30 and
1572 1106 99 39 Light
1693 1102 166 32 Roadsters
1876 1110 18 20 a
1909 1098 155 40 specialty.
2078 1107 8 24 ;
2107 1094 49 30 No
2170 1091 143 41 imported

1170 1155 156 30 machines
1340 1153 76 35 kept
1429 1152 33 28 m
1477 1149 98 31 stock,
1592 1148 44 29 all
1650 1145 86 31 work
1750 1145 80 28 done
1845 1153 40 18 on
1898 1141 54 29 the
1975 1146 156 32 premises.
2184 1136 30 28 A
2238 1136 75 35 large

1200 1195 89 30 stock
1303 1193 35 30 of
1347 1194 125 36 Lamps,
1485 1189 94 33 Bells,
1595 1188 62 29 and
1674 1186 127 31 Saddles
1815 1194 41 19 on
1869 1181 85 30 hand
1969 1183 32 26 at
2014 1187 114 21 reduce
2139 1176 130 38 dprices.

1445 1395 196 60 EAST
1690 1389 325 62 OXFORD

1393 1484 77 29 has
1486 1478 188 34 received
1695 1487 25 21 a
1735 1475 293 39 consignment
2045 1472 43 30 of

1168 1535 300 57 Messrs
1528 1529 417 60 Jolunsons
1970 1521 96 59 ■&
2121 1520 192 57 Sons

1341 1613 267 57 GREAT
1669 1601 449 62 YARMOUTH

1230 1704 228 90 OIL
1539 1698 692 90 CLOTHING

1346 1837 337 49 ENORMOUS
1744 1834 387 45 REDUCTIONS

1157 1954 87 24 /THE
1263 1952 115 33 question
1389 1951 22 24 is
1422 1949 134 25 natural—
1580 1948 67 32 Why
1659 1947 60 26 send
1733 1949 27 23 to
1772 1945 177 26 Christchurch
1969 1945 38 25 for
2025 1952 61 24 your
2104 1945 129 31 Drapery?
2268 1944 45 24 The

1170 1973 20 38 JL
1228 1987 102 29 drapery
1342 1985 54 24 sold
1404 1984 26 23 m
1439 1983 57 24 that
1508 1982 50 31 city
1570 1989 71 22 every
1653 1989 46 16 one
1711 1980 94 29 knows,
1817 1979 22 24 is
1851 1980 45 23 not
1907 1978 72 25 made
1990 1979 76 28 there,
2086 1977 46 25 but
2142 1977 129 32 imported.
2306 1977 7 24 I

1164 2020 94 30 import
1269 2018 65 25 from
1345 2016 44 25 the
1400 2015 53 25 best
1465 2014 108 32 English
1585 2013 49 24 and
1651 2013 89 24 Scotch
1751 2012 100 24 houses.
1897 2011 71 25 lam
1980 2011 105 25 enabled
2095 2011 26 24 to
2132 2011 123 30 purchase
2273 2010 40 24 low

1164 2053 50 23 and
1223 2051 47 24 sell
1281 2052 26 22 at
1316 2058 15 15 a
1342 2051 54 21 rate
1408 2048 26 23 of
1443 2048 74 29 profit
1530 2047 54 30 (my
1595 2052 119 23 expences
1725 2044 73 31 being
1809 2043 82 31 small)
1903 2044 57 23 that
1971 2043 82 24 -would
2064 2043 31 24 be
2113 2043 145 24 considered
2277 2043 36 23 ab-

1163 2084 59 25 surd
1233 2083 33 31 by
1281 2090 49 24 any
1350 2078 179 27 Christchurch
1552 2077 199 25 establishment.
1803 2076 44 31 My
1869 2075 76 26 Stock
1964 2075 21 24 is
2004 2075 44 25 the
2067 2075 94 31 largest
2180 2074 50 25 and
2252 2076 61 23 most

1161 2117 96 28 tvaried
1267 2116 57 26 that
1333 2115 46 24 has
1390 2121 57 17 ever
1457 2113 64 24 been
1531 2111 88 26 shown
1629 2110 28 25 m
1667 2110 45 25 the
1722 2109 104 30 district,
1839 2108 51 25 and
1900 2109 38 24 for
1949 2108 92 32 quality
2062 2109 48 24 and
2129 2107 72 26 value
2219 2109 58 31 puts
2293 2109 20 24 m

1164 2153 32 23 he
1208 2150 78 26 shade
1302 2149 76 32 goods
1390 2146 92 25 offered
1492 2145 34 32 by
1537 2145 103 30 visiting
1651 2143 115 26 hawkere
1778 2143 63 25 from
1853 2142 44 25 the
1914 2142 182 26 Christchurch
2107 2150 46 23 rag
2165 2143 88 23 marts.
2289 2164 3 2 .

1196 2204 94 23 Dress
1302 2203 165 27 Materials,
1480 2200 88 24 Plain
1580 2200 60 22 and
1650 2199 104 28 Fancy
1765 2199 80 22 from
1858 2197 49 24 3d.
1919 2203 56 23 per
1982 2197 85 28 yard.

1195 2262 27 26 A
1239 2262 110 29 Strong
1365 2260 88 26 Stout
1468 2258 134 25 Durable
1619 2257 126 31 Kaiapoi
1761 2257 115 25 Tweed
1891 2255 51 33 2/6
1954 2261 55 25 per
2020 2255 76 31 yard

1792 2300 108 24 Makes
1912 2300 155 23 first-class
2085 2298 90 31 Boys'
2194 2298 90 27 Suits.

1195 2356 58 25 Art
1269 2354 140 30 Muslins,
1429 2352 156 32 Gretones,
1604 2351 79 27 Lace
1702 2351 137 26 Curtains
1858 2351 54 25 &c.

1194 2422 26 29 A
1237 2420 110 26 Choice
1365 2418 167 26 Collection
1550 2419 34 24 of
1598 2418 121 31 Gloves,
1745 2417 78 31 Ties,
1853 2417 129 31 Aprons,
2013 2416 165 25 Insertions
2196 2417 54 25 &c.

1194 2474 120 32 Striped
1331 2473 124 25 Galatea
1472 2472 54 33 4/6
1538 2478 55 26 per
1604 2472 107 31 dozen,
1740 2472 103 24 worth
1854 2472 49 25 9d.
1922 2477 55 25 per
1993 2471 85 30 yard.

1192 2538 103 26 Prints
1307 2538 80 25 from
1399 2537 52 25 4d.
1464 2542 55 26 per
1529 2537 85 30 yard.
1627 2535 139 32 Muslins,
1780 2535 138 31 Selesias,
1932 2535 125 31 Calicos,
2072 2535 54 26 &c.

1778 2578 87 26 With
1882 2578 88 25 other
1987 2578 192 25 Manchester
2196 2580 86 30 lines.

1191 2634 89 31 Hats,
1298 2634 104 30 Fancy
1419 2633 60 24 and
1495 2632 107 32 Sailor,
1620 2634 32 23 m
1667 2632 105 25 White
1790 2633 60 24 and
1867 2632 115 25 Colors.

1735 2676 126 26 Newest
1878 2676 123 31 Shapes.
2036 2676 96 30 Large
2149 2678 132 31 Variety,

1189 2729 149 30 Flowers,
1356 2728 155 30 Feathers,
1530 2728 148 30 Ribbons,
1697 2727 105 31 Laces,
1820 2728 75 30 Jets,
1916 2728 54 24 &c.

1662 2766 88 26 With
1766 2768 41 23 all
1824 2768 184 23 necessaries
2025 2768 47 24 for
2089 2767 190 32 Trimmings.

1188 2819 103 32 Fancy
1307 2819 140 31 Frillings
1465 2819 78 31 3yds
1554 2819 48 25 for
1611 2818 37 34 1/-
1665 2819 102 25 worth
1778 2818 50 32 9d,
1846 2823 56 27 per
1912 2819 83 31 yard,

1724 2862 182 31 Umbrellas,
1925 2862 151 31 Parasols,
2095 2862 182 33 Sunshades,

1302 2976 332 41 SPECIAL
1721 2977 421 40 PUECHi.SE

1154 3048 110 33 BOYS
1296 3046 89 32 AND
1415 3045 173 32 YOUTHS
1627 3045 216 31 COLONIAL
1876 3044 154 32 TWEED
2057 3047 252 36 OVERCOATS

1636 3109 76 30 with
1735 3107 96 40 Capes

1427 3168 93 29 From
1544 3168 66 29 17s.
1655 3168 49 29 6d.
1749 3168 101 30 worth
1893 3168 66 30 255.
2007 3169 49 29 6d.

1302 3233 196 31 Men's
1542 3232 226 33 Tweed.
1811 3234 349 35 Overcoats

1624 3284 95 30 From
1743 3285 64 31 15s.

1380 3420 115 29 JB3
1499 3420 52 28 JL
1556 3420 83 30 *cM>
1641 3420 97 30 JE9L
1741 3420 173 32 JHLG
1929 3426 47 28 WU
1983 3420 72 34 SS

1145 3481 133 42 English
1293 3481 129 42 Witney
1430 3481 150 32 Blankets
1594 3484 34 28 to
1644 3482 36 31 be
1695 3482 68 31 sold
1778 3487 32 26 at
1820 3484 59 30 less
1888 3485 78 30 than
1980 3484 180 34 Melbourne
2174 3487 130 33 Whole-

1178 3546 30 19 ..c
1229 3534 85 39 price
1316 3551 40 3 —
1356 3533 121 32 Double
1491 3534 69 29 Bed
1577 3533 69 31 Size
1668 3535 64 29 12s.
1759 3535 48 30 6d.
1858 3537 102 30 worth
1976 3537 65 31 16s.
2079 3539 49 29 6d.
2150 3549 56 29 per
2220 3542 77 38 pair.

1312 3603 131 42 cheaper
1456 3604 78 30 than
1549 3603 221 32 Ohriitchurch
1790 3605 112 33 houses
1916 3608 65 32 will
1995 3608 58 32 sell
2067 3610 94 33 them.

1144 3695 417 96 MANTLES,
1581 3697 250 78 CAPES
1857 3699 63 78 &
1937 3702 358 82 JACKETS

1153 3870 296 65 k|||pl§SMp
1583 3864 173 39 ME3T
1778 3864 167 42 -A.ITD
1969 3866 201 44 BO7S

1141 3908 284 231 Hp
1453 3963 327 102 ARDI6AN
1874 3966 341 107 JACKETS

1150 4107 298 115 Illllpll
1689 4149 222 43 PROM
1953 4151 90 42 4/-

1186 4328 72 33 R.
1284 4327 79 33 11.
1398 4323 313 43 PARISH,
1769 4325 155 36 East
1971 4328 256 42 Oxford.

594 161 210 44 BURKE
846 164 130 44 AND
1018 164 116 44 SON

733 240 133 23 INQUIRY
903 241 124 21 AGENCY

656 283 130 20 Chancery
800 283 71 24 Lane,
886 284 188 20 Christchurch.

599 317 73 20 Vext
688 317 24 21 of
728 317 55 24 Kin,
794 317 98 26 Missing
901 317 117 21 Relatives
1029 317 43 24 &c.j
1092 316 42 20 Ad-

602 338 23 26 l\
658 344 113 25 vertising
782 345 24 19 m
816 350 45 19 any
870 345 54 24 part
966 344 41 20 the
1016 343 77 21 world.

627 376 88 21 100,000
724 376 84 19 Names
817 376 100 19 indexed
926 382 39 18 up,
982 381 61 19 upon
1063 375 71 20 which

598 405 149 21 information
758 407 76 25 given,
855 407 121 23 Solicitors,
996 407 88 23 Courts,
1104 407 30 19 in-

600 440 87 25 quirers
693 440 108 21 relatives
810 440 45 24 &c,
864 440 108 20 Searches
979 440 25 20 m
1011 440 73 20 Home
1093 440 41 19 and

599 471 66 20 other
674 472 136 22 Directions,
822 472 77 26 Army,
910 472 73 25 Navy,
990 472 59 23 Law,
1056 472 78 25 Clergy

600 503 106 24 Medical,
712 503 59 21 Civil
778 503 99 24 Service,
885 503 134 26 University
1025 503 45 19 and
1075 503 59 19 other

599 534 69 21 Lists.
685 534 44 21 Old
735 534 98 21 Records
839 534 25 20 m
869 534 155 21 G-overnment
1034 534 100 20 Gazettes

599 568 56 20 N.Z.
668 569 46 20 and
723 568 67 20 other
803 574 93 20 papers;
917 569 101 25 Country
1033 567 101 24 families,

601 602 128 25 Pedigrees,
752 602 90 19 Letters
851 602 99 24 written,
969 602 107 24 Register
1085 602 49 24 kept

601 635 24 19 of
643 635 99 20 Medical
766 634 47 19 and
838 635 65 19 other
918 634 153 25 professional
1099 640 35 13 me

602 666 91 20 wanted
702 667 24 19 m
735 666 33 19 all
776 666 40 19 the
827 666 110 20 Colonies.

628 700 73 26 Forty
709 705 66 21 years
785 700 138 25 experience,
930 698 97 28 enquiry
1035 698 39 21 fee
1090 697 37 28 2/6

787 736 78 26 Stamp
879 736 70 26 reply.

706 929 214 29 Established
945 929 88 27 1862.

651 993 124 29 FLOUR,
787 992 56 26 best
853 992 81 25 brand
945 991 60 32 only
1016 991 68 32 kept.

604 1036 144 28 SHAEPS,
784 1035 81 25 OAT
874 1035 28 24 M
910 1035 80 28 EAL,
1025 1034 109 24 BEAN

693 1077 292 28 CHICKENWHEAT,
1004 1078 42 24 &c.

628 1123 42 19 AT
696 1121 124 21 LOWEST
848 1120 149 26 CURRENT.
1016 1119 105 24 RATES,

692 1229 53 45 F.
778 1228 50 44 B.
851 1225 189 56 LANE.
1062 1277 6 4 _

708 1301 90 40 (Late
813 1301 38 29 E.
872 1300 160 38 Butcher.)

604 1359 250 34 Watchmaker,
884 1357 183 35 Jeweller,
1084 1355 50 30 &c.

602 1409 124 31 Importer
759 1409 27 23 of
826 1407 107 25 Musical
968 1407 166 24 Instruments

702 1446 110 25 Victoria
834 1446 38 24 St.
903 1445 133 30 Eangiora.

604 1533 99 32 Special
714 1533 71 24 value
807 1532 28 24 m
857 1531 81 24 Extra
960 1532 86 30 strong
1058 1529 76 25 Cased

602 1577 87 32 highly
697 1576 109 25 finished
820 1575 109 31 English
947 1575 79 24 Lever
1035 1573 99 26 Watch-

603 1627 34 17 es.
683 1618 191 25 Manufactured
891 1620 26 22 to
939 1625 43 23 my
1011 1617 71 24 order
1103 1616 31 30 by

603 1659 54 24 best
668 1658 105 25 London
792 1656 106 25 makers.
933 1655 158 32 Unequalled
1098 1655 36 24 for

603 1701 122 25 excellent
738 1700 178 30 Timekeeping
931 1698 50 24 and
992 1697 142 32 durability.

634 1744 29 23 F.
682 1744 31 23 B.
725 1742 96 24 LANE
834 1741 139 32 personally
995 1741 72 23 visits
1088 1740 46 24 Ox-

602 1786 54 25 ford
676 1785 124 32 monthly,
824 1784 114 32 carrying
958 1792 15 16 a
995 1783 68 32 large
1086 1783 48 25 and

601 1829 85 24 choice
720 1828 70 25 stock
818 1827 27 25 of
876 1827 127 28 Watches,
1032 1826 102 29 Chains,

601 1872 133 26 Brooches,
744 1871 87 30 Kings,
844 1869 84 28 Studs,
947 1870 128 23 Pendants
1087 1870 47 28 etc,

602 1914 141 29 Spectacles
764 1912 124 31 (Pebbles,
905 1912 169 31 Pantoscopsc
1085 1912 49 24 and

601 1955 107 33 Crystal)
722 1954 96 29 Clocks,
838 1954 107 33 (Marble
965 1954 51 23 and
1033 1954 101 32 Wood,)

698 1997 157 24 Accordeons
867 1997 50 23 and
928 1996 107 25 Violins.

632 2040 81 23 Exact
724 2039 58 24 date
795 2039 27 24 of
832 2039 61 24 each
905 2039 59 24 visit
987 2039 22 23 is
1020 2038 106 24 notified

747 2082 28 24 m
831 2081 129 25 Observer.

598 2125 115 25 Repairs.
715 2140 32 4 —
749 2124 41 26 All
801 2125 95 32 repairs
912 2133 43 17 are
972 2124 119 26 executed
1101 2124 32 32 by

597 2170 92 30 myself
710 2177 28 17 or
754 2169 80 23 under
849 2176 44 23 my
913 2169 221 30 superintendence

597 2218 28 15 so
647 2211 56 22 that
722 2212 103 27 patrons
837 2218 48 14 can
906 2211 53 29 rely
982 2218 33 15 on
1037 2211 97 28 getting

599 2251 155 25 satisfaction
762 2253 27 22 at
801 2251 43 24 the
855 2258 59 24 very
925 2250 86 26 lowest
1020 2251 112 31 charges.

631 2295 105 29 Repairs
748 2302 27 16 or
784 2294 83 23 orders
876 2302 59 23 may
945 2294 31 24 be
984 2294 45 24 left
1041 2295 26 24 at
1067 2309 34 3 —

598 2340 26 24 J.
642 2340 134 30 Weeber's,
811 2341 65 24 East
899 2341 100 25 Oxford,

597 2385 26 23 at
646 2384 40 24 W.
710 2384 36 24 M.
771 2384 37 27 0.,
832 2384 65 24 East
921 2384 101 25 Oxford.

597 2425 24 25 J.
638 2425 100 30 Brown,
751 2425 159 32 Bootmaker,
935 2426 71 25 West
1030 2426 100 26 Oxford.

597 2469 39 24 W.
649 2469 25 24 J.
688 2469 117 25 Crothers
815 2470 19 23 &
846 2469 45 25 Co.
899 2488 6 6 .
928 2469 69 26 Cust.

628 2512 51 23 and
695 2512 51 25 will
753 2512 30 23 be
794 2513 127 31 promptly
932 2514 118 23 attended
1062 2515 34 23 to.

597 2554 54 30 All
663 2554 98 31 Work
773 2556 77 29 done
862 2566 40 19 on
915 2556 54 30 the
981 2556 150 31 Premises

691 2616 10 6 •
718 2606 61 30 and
794 2608 199 37 guaranteed.

771 2746 312 45 STOCKS,

588 2806 344 32 MONUMENTAL
954 2807 173 38 MASON,

711 2859 133 29 Madras
867 2859 127 36 Strket,

628 2911 455 32 CHRISTCHURCH.

588 3002 161 59 WISHES
766 3005 26 21 to
809 3003 89 23 inform
909 3010 100 24 persons
1028 3004 25 23 m
1062 3005 64 22 want

676 3035 27 25 of
717 3035 167 25 Monumental
908 3036 75 24 Work
1011 3036 55 24 that
1093 3036 32 24 he

583 3069 96 24 intends
700 3071 25 22 to
748 3068 89 26 SELL
865 3069 62 26 HIS
961 3069 162 26 PRESENT

583 3102 117 24 LAEGE
721 3101 119 30 STOCK,
858 3102 133 31 consisting
1008 3103 26 23 of
1046 3103 77 24 Gran-

583 3135 33 23 ite
634 3135 102 29 Marble,
762 3135 47 23 and
836 3135 69 23 other
932 3135 75 24 Stone
1035 3135 89 23 Monu-

583 3170 86 24 ments,
699 3169 26 21 at
753 3167 162 30 considerably
950 3167 171 24 REDUCED

582 3198 132 26 PEICES.
749 3198 57 26 Iron
823 3199 101 29 Fences,
944 3199 113 25 Concrete
1074 3200 47 24 and

584 3232 74 25 Stone
675 3231 125 31 Kerbings,
819 3232 100 23 reduced
930 3232 26 23 m
973 3233 71 29 price.
1079 3233 42 23 In-

582 3265 127 31 scriptions
726 3265 49 23 and
792 3264 34 25 all
842 3264 67 24 work
926 3265 25 23 m
980 3265 141 25 connection

582 3298 57 23 with
656 3298 41 23 the
714 3297 69 24 trade
795 3298 61 23 done
867 3297 25 24 m
904 3297 133 25 first-class
1049 3299 70 29 style.

581 3330 77 31 Early
674 3330 134 32 inspection
826 3330 100 24 invited.
964 3330 96 26 Several
1068 3339 52 16 new

582 3363 60 24 lines
658 3364 76 30 lately
762 3363 101 24 arrived.
899 3363 55 30 Any
982 3363 137 24 reasonable

582 3396 58 23 offer
656 3395 38 24 for
710 3396 42 23 the
769 3399 94 26 present
880 3395 70 24 stock
966 3395 50 24 will
1041 3395 79 25 result

580 3428 25 24 m
622 3436 14 15 a
654 3429 59 24 sale.
749 3427 76 24 Want
848 3429 27 22 to
891 3428 92 24 realise.

583 3539 90 36 MR
695 3537 64 40 W.
785 3538 50 40 N.
860 3538 257 44 CATHRO,

622 3607 182 22 BARRISTER
818 3607 68 22 AND
902 3607 174 23 SOLICITOR.

731 3650 232 32 KANGIORA.

577 3701 133 30 Attends
726 3701 122 29 Oxford,
862 3712 40 18 on
914 3702 97 29 Court
1018 3701 96 40 Days.

576 3772 168 26 Instructions
752 3773 34 32 by
796 3775 57 30 post
864 3773 52 25 will
927 3774 93 24 receive
1031 3781 83 23 prom-

741 3812 28 31 pt
798 3810 133 26 attention.

698 3859 108 22 MONEY
834 3859 37 21 TO
899 3859 89 21 LEND.

591 3913 34 21 •fe.
822 3903 3 35 \
1100 3935 3 6 ,

623 3980 46 53 S.
702 3980 50 44 B.
776 3979 306 54 SEYMOUR,

773 4046 139 27 DENTIST,

615 4089 41 20 215
671 4088 105 22 Colombo
791 4088 82 25 Street,
896 4088 169 21 Christchurch.

742 4159 179 21 CHARGES-—

640 4200 94 27 Filling,
749 4200 24 20 5e
780 4208 8 16 ;
822 4199 134 22 Extraction
965 4201 25 19 2s
1004 4200 37 21 6d.

598 4263 95 22 Nitrous
702 4262 60 22 Oxid
771 4263 46 20 Gas
826 4263 169 22 Administered
999 4264 37 21 for
1042 4264 68 21 Pain-

572 4304 44 22 less
626 4304 133 23 Extraction
769 4304 24 22 of
801 4304 81 23 Teeth.
916 4306 46 22 Fee
971 4305 36 22 for
1016 4304 93 23 Admin-

572 4343 107 22 istration
689 4344 32 21 ss.
934 4354 4 2 -

35 1944 61 44 B,
136 1943 78 42 W.
232 1938 335 52 ENGLAND,

33 2009 140 37 Timber
188 2007 69 37 and
280 2006 75 38 Coal
385 2001 182 40 Merchant

32 2089 161 66 LARGE
214 2087 107 26 STOCK
339 2086 44 25 OF
395 2082 172 28 BUILDING

207 2119 209 27 MATERIALS.

100 2166 33 24 Of
155 2173 71 22 every
259 2163 157 30 description,
449 2159 118 26 seasoned

133 2202 74 27 ready
214 2202 37 21 for
259 2209 52 18 use,
321 2200 90 27 always
418 2206 32 15 on
456 2197 78 23 hand.

67 2241 67 27 Also,
166 2239 154 25 Galvanised
350 2239 68 28 Iron,
448 2236 119 24 Portland

34 2280 104 24 Cement
148 2279 49 23 and
208 2278 124 24 Builders'
346 2277 188 30 Ironmongery.

68 2330 111 29 Country
195 2328 91 23 Orders
310 2326 125 30 Carefully
457 2324 110 26 Selected

200 2366 49 24 and
258 2366 143 24 forwarded.

35 2405 96 23 TUAM
141 2404 141 28 STREET,
297 2401 270 26 CHRISTCELURCH

61 2503 219 43 PUBLIC
328 2500 236 45 NOTICE.

64 2575 172 34 Telegraphic
249 2575 129 33 Messages
399 2583 49 16 can
460 2582 61 17 now
532 2574 34 25 be

27 2614 60 21 sent
111 2611 53 25 and
184 2610 119 26 received
324 2613 28 23 at
377 2609 65 25 East
463 2608 101 26 Oxford

26 2644 115 33 Stiition,
159 2645 52 25 and
230 2644 91 26 Postal
341 2645 86 25 Notes
448 2653 59 20 may
531 2644 33 25 be

24 2681 154 32 purchased.

343 2721 12 21 f

79 2804 107 25 CHILD
199 2805 108 24 BIRTH
320 2805 94 31 SAFE,
428 2806 74 25 AND

129 2848 137 26 ALMOST
276 2850 171 25 PAINLESS

29 2892 39 64 8~~
90 2891 22 23 V
159 2891 73 32 using
268 2892 47 24 DR
361 2892 196 27 FAWCETT'S

122 2924 131 25 Medicine.

53 2967 70 23 MRS
147 2967 165 23 BUKEELL
334 2968 60 30 begs
417 2971 27 21 to
465 2970 90 23 inform

20 3003 43 24 the
75 3003 90 24 Ladies
177 3004 57 23 that
243 3004 43 25 she
296 3004 46 25 has
352 3004 61 25 been
423 3007 131 30 appointed

19 3043 57 24 Sole
97 3044 72 29 agent
192 3043 26 24 m
244 3043 176 26 Christchurch
448 3046 36 24 for
512 3046 43 25 the

19 3081 77 24 above
107 3081 124 24 Medicine
243 3084 25 22 to
284 3082 117 25 facilitate
415 3084 139 25 Accouche-

17 3123 88 21 raents.
140 3121 90 24 Ladies
242 3130 46 15 can
311 3122 30 24 be
362 3124 113 30 supplied
494 3124 60 24 with

17 3158 41 22 the
82 3158 75 22 above
179 3157 32 31 by
235 3159 106 31 sending
362 3168 29 16 or
413 3161 92 31 calling
528 3164 26 22 at

17 3196 41 23 Mr
80 3196 120 25 Burrell's
223 3197 182 33 Photographic
427 3200 71 31 place
529 3201 28 25 of

16 3235 123 25 business,
153 3236 104 24 Gould's
280 3237 139 33 Buildings,
442 3240 112 25 Victoria

18 3273 89 30 Street,
120 3274 181 31 Christchurch,
321 3276 82 25 where
423 3277 33 25 all
475 3278 78 26 infor-

14 3314 98 24 mation
140 3322 45 16 can
213 3314 31 24 be
272 3315 116 26 obtained
416 3317 57 29 free,
503 3319 51 24 and

14 3352 118 30 perfectly
174 3352 157 32 satisfactory
362 3355 49 23 and
445 3357 107 29 genuine

15 3389 166 24 testimonials
193 3398 46 15 can
251 3390 30 24 be
293 3399 66 16 seen.

239 3490 8 2 -
353 3491 11 18 -j
429 3493 4 3 .
483 3493 2 3 .

14 3553 79 45 W.
115 3556 349 48 JOHNSON&
478 3561 72 44 Co

124 3622 56 28 (late
190 3622 86 23 Hamill
287 3624 18 21 &
314 3625 111 27 Johnson)

68 3664 82 20 LAND
164 3665 64 21 AND
238 3666 115 22 ESTATE
367 3669 126 27 AGENTS,

157 3705 26 21 71
194 3706 122 22 Cathedral
326 3709 91 24 Square,

56 3740 450 38 CHRISTCHURCH.

40 3806 48 21 The
98 3808 102 22 Farmers
207 3810 23 21 of
237 3811 91 27 Oxford,
341 3812 56 22 Gust
406 3813 45 21 and
461 3820 87 16 surrou-

13 3843 73 27 nding
95 3844 107 23 Districts
209 3848 49 21 who
267 3849 57 21 wish
332 3850 25 20 to
363 3850 88 26 dispose
460 3852 24 20 of
487 3853 61 20 their

14 3880 70 22 farms
98 3883 47 20 will
153 3884 49 21 find
217 3886 20 20 it
254 3887 23 20 to
297 3886 62 21 their
376 3888 129 28 advantage
522 3892 25 20 to

13 3918 64 25 place
86 3920 61 20 them
157 3921 24 20 m
191 3928 41 14 our
244 3923 81 21 hands.
361 3925 43 21 We
423 3927 65 20 make
506 3928 40 21 the

15 3954 50 21 Sale
80 3956 23 19 of
121 3957 64 21 Land
202 3959 40 21 the
260 3960 94 27 leading
369 3962 86 21 branch
468 3964 24 20 of
505 3971 42 15 our

14 3991 108 21 Business
132 3994 45 19 and
187 4002 31 13 we
228 4003 65 19 spare
300 3998 90 21 neither
395 3999 55 21 time
457 4001 88 21 trouble

12 4033 42 15 nor
63 4034 96 21 expence
168 4031 24 21 m
198 4033 107 27 bringing
308 4036 108 26 property
421 4036 77 23 before
505 4038 40 22 the

12 4066 74 20 notice
100 4067 24 21 of
132 4068 39 21 the
184 4071 82 24 public.

106 4102 57 21 FOR
177 4105 75 21 SALE
265 4107 41 20 AT
320 4109 118 21 OXFORD

37 4143 21 19 A
68 4144 67 20 Farm
145 4145 23 20 of
176 4147 28 18 40
214 4153 60 14 acres
279 4149 59 25 good
345 4149 56 21 land
408 4150 52 21 well
464 4150 81 23 fenced

12 4180 46 20 and
67 4180 139 26 subdivided,
216 4183 52 22 Two
278 4185 107 28 dwelling
402 4187 83 21 houses
498 4188 46 21 and

12 4217 41 19 out
60 4217 122 28 buildings,
216 4220 64 22 Price
293 4222 54 28 only
355 4224 61 21 .£SOO
430 4231 45 21 any
484 4231 59 15 reas-

12 4254 79 20 onable
100 4255 69 21 terms
178 4257 76 26 given.

40 4301 47 21 Our
96 4302 51 22 List
160 4304 24 21 of
194 4304 78 23 Farms
281 4306 36 22 for
327 4307 51 22 Sale
393 4311 51 20 sent
452 4309 49 23 free
514 4316 29 16 on

12 4340 143 25 application.
393 4336 79 32 ■'•■.*-.
