2470 3910
40 178 29 24 of
87 178 42 23 the
148 176 100 24 historic
269 174 137 25 Starvation
428 172 61 27 Hill,
512 171 47 24 and

42 217 106 30 pushing
158 223 32 17 on
202 215 13 23 I
226 213 99 25 reached
339 213 41 24 the
402 212 59 30 edge
472 211 26 24 of
518 211 42 24 the

41 254 64 24 bush
116 261 32 16 on
160 261 14 16 a
183 252 123 32 gloaming
317 251 57 29 July
381 249 108 30 evening,
501 248 59 24 hav-

42 292 45 30 ing
108 291 103 25 selected
233 298 14 15 a
271 287 156 26 comfortable
449 286 113 31 camping

44 329 69 31 place
124 329 13 23 I
147 327 110 32 picketed
267 334 41 23 my
322 325 78 28 horse,
413 324 97 31 pitched
521 331 41 22 my

44 369 53 22 tent
108 367 50 23 and
169 365 84 31 grilled
263 372 16 16 a
291 364 60 29 chop
363 371 32 15 on
408 362 41 24 the
471 361 46 24 end
539 360 26 25 of

44 414 17 16 a
73 405 97 32 pointed
181 403 67 25 birch
259 403 96 30 sapling
376 402 49 24 and
446 400 86 32 passed
550 407 15 16 a

44 452 58 22 very
112 442 156 26 comfortable
279 440 71 32 night
371 440 49 24 and
442 439 42 24 the
505 439 59 22 next

46 482 114 30 morning
198 479 154 26 commenced
385 480 25 21 to
435 476 67 25 build
524 483 41 23 my

46 520 86 32 sylvan
143 519 121 24 residence
274 517 27 24 m
311 515 80 25 which
402 515 14 24 I
437 522 50 17 was
507 521 57 24 gen-

46 559 96 29 erously
154 557 102 25 assisted
274 555 31 31 by
327 554 120 25 bushmen
469 553 27 24 m
524 552 41 24 the

48 597 100 29 vicinity
158 595 27 24 of
194 603 40 22 my
245 601 78 22 camp.
358 593 51 23 Tbe
429 590 67 25 walls
518 589 49 24 and

47 636 87 23 rafters
143 642 61 16 were
212 640 57 17 soon
278 640 46 15 run
331 639 32 22 up
371 631 48 23 and
429 630 57 24 ihen
499 635 68 18 came

49 673 69 24 down
132 673 40 23 the
184 679 67 17 snow
261 670 47 24 and
320 669 94 30 cutting
430 668 41 24 the
482 666 85 25 rushes

48 712 39 23 for
98 710 83 24 thatch
195 708 47 25 and
263 707 97 31 placing
381 706 68 24 them
472 712 31 17 on
526 703 41 25 the

47 748 93 23 Tickers
150 747 76 23 under
238 746 68 22 thosfi
329 743 135 24 conditions
486 741 83 23 makes

50 793 44 23 my
104 783 89 31 fingers
216 781 74 32 tingle
309 789 60 16 even
395 788 55 16 now
470 778 51 31 just
543 780 26 21 to

52 823 72 25 think
136 823 73 24 about
230 821 27 24 it.
291 820 24 24 It
337 827 49 17 was
408 818 112 29 amusing
543 818 26 22 to

51 863 62 24 hear
134 863 42 24 the
211 860 74 32 Vogal
318 859 164 30 immigrants,
517 856 54 24 who

54 902 117 24 esconced
202 901 27 23 m
261 907 74 16 warm
369 896 120 28 barracks,
523 894 49 25 and

54 942 143 31 generously
218 940 40 24 fed
278 937 139 32 grumbling
450 938 25 22 at
508 934 64 25 their

55 981 62 24 hard
137 980 49 24 fate
208 979 70 24 when
301 976 127 31 compared
449 974 59 25 with
530 973 42 24 the

56 1020 130 30 hardships
207 1019 27 24 of
253 1018 42 24 the
314 1016 40 25 old
376 1014 122 25 identities
520 1013 54 24 who

57 1058 49 24 lad
125 1057 115 32 prepared
261 1056 42 23 the
324 1062 53 23 way
398 1054 37 23 for
454 1052 63 25 their
539 1059 35 16 re-

55 1096 104 30 ception.
194 1094 117 23 However
323 1091 58 24 time
393 1089 85 32 passed
489 1097 31 15 on
527 1086 49 26 and

57 1134 44 23 the
111 1132 54 25 roof
173 1139 50 16 was
235 1129 116 25 thatched
367 1128 49 24 and
432 1127 41 24 the
502 1124 74 25 kettle

57 1170 118 25 hummed
186 1176 65 24 upon
265 1167 41 24 the
317 1166 97 30 blazing
426 1164 86 24 hearth
528 1162 50 25 and

57 1209 80 32 rough
162 1209 39 24 old
218 1207 120 25 bushmen
367 1204 105 31 dropped
499 1204 26 23 m
553 1205 25 22 to

60 1247 97 32 quaffed
168 1254 14 16 a
193 1246 111 24 welcome
315 1243 122 31 pannican
447 1242 27 24 of
480 1243 39 22 tea
531 1240 48 24 and

58 1288 83 31 joined
153 1294 44 16 our
220 1286 80 29 happy
327 1282 85 31 family
436 1280 78 28 circle,
543 1279 36 24 for

61 1326 80 30 happy
153 1325 19 23 it
183 1323 73 30 really
270 1329 47 16 was
329 1321 49 23 and
393 1327 65 16 none
476 1319 40 23 the
531 1319 48 23 less

63 1371 27 16 so
101 1362 101 25 because
212 1369 16 16 a
245 1360 64 24 little
325 1361 110 27 stranger
462 1354 117 33 appeared

62 1411 22 17 c-
85 1411 6 6 T
92 1410 40 23 ery
143 1409 55 23 year
211 1404 24 21 to
247 1399 47 24 add
304 1401 25 22 to
341 1397 42 24 the
399 1396 83 31 family
494 1401 84 27 group,

61 1440 103 24 another
175 1447 44 15 one
229 1440 24 20 to
264 1436 51 23 feed
325 1435 49 23 aud
380 1434 81 24 clothe
470 1434 40 22 'tis
518 1435 61 24 true,

62 1478 44 24 but
117 1478 60 24 then
188 1483 43 17 our
248 1477 74 21 tastes
340 1480 59 17 were
418 1472 86 30 simple
532 1470 48 24 and

62 1525 45 17 our
118 1519 76 21 wants
205 1522 61 17 were
283 1514 52 27 few,
353 1511 65 25 work
435 1517 49 18 was
510 1508 70 31 fairly

62 1556 100 32 payable
175 1555 48 25 and
233 1557 44 21 not
288 1555 39 23 too
345 1560 71 22 many
435 1553 24 22 to
476 1549 104 33 perform

63 1597 29 25 ii.
127 1596 106 30 Socially
245 1602 34 16 we
293 1601 60 16 were
371 1601 14 15 a
412 1599 56 23 very
496 1588 85 32 simple
620 1582 2 42 j

61 1634 94 31 people,
172 1632 102 26 alcholie
291 1631 138 24 stimulants
454 1635 61 17 were
542 1635 39 16 ex-

64 1674 117 31 ceptions,
202 1674 43 22 not
262 1670 42 25 the
319 1670 60 26 rule,
398 1676 27 17 as
441 1668 42 24 the
499 1667 84 24 article

66 1722 50 16 was
129 1721 26 17 so
172 1710 152 30 villianously
351 1707 150 26 adulterated
528 1707 55 22 that

66 1753 145 24 continuous
227 1750 142 29 indulgence
387 1748 82 22 meant
496 1745 87 30 lunacy

67 1799 28 15 or
106 1789 80 25 death.
220 1787 145 30 Religiously
379 1792 35 17 we
431 1791 61 17 were
487 1787 6 5 1
508 1784 44 23 not
569 1790 14 16 a

69 1838 102 22 success,
184 1828 117 30 although
318 1827 41 24 the
386 1823 199 33 representatives

70 1872 26 23 of
122 1870 90 25 several
238 1866 193 26 denomination?
461 1863 124 31 competed

71 1907 106 31 strongly
190 1907 25 24 m
227 1907 98 29 support
336 1904 26 24 of
376 1903 64 25 their
456 1902 130 30 respective

68 1945 170 28 conventicles,
250 1943 44 24 but
305 1942 36 24 for
358 1949 76 22 many,
447 1947 70 24 years
545 1938 41 25 the

69 1985 153 24 inhabitants
233 1990 60 16 were
310 1983 43 22 not
370 1978 143 30 sufficiently
531 1986 55 16 con-

69 2022 125 26 centrated
205 2026 25 20 to
240 2018 82 26 insure
334 2028 14 15 a
360 2018 61 32 good
447 2018 140 30 congregat-

69 2062 52 23 ion.
155 2060 52 23 The
223 2060 51 23 first
291 2056 141 30 awakening
443 2057 24 22 to
483 2055 41 23 life
541 2053 49 24 and

70 2102 160 31 immortality
246 2100 26 25 of
289 2099 40 24 the
357 2097 132 32 benighted
515 2096 73 25 bush-

71 2151 59 17 man
147 2142 96 30 coming
260 2139 104 31 through
381 2140 42 23 the
447 2137 143 31 inspiration

72 2182 27 24 of
105 2190 15 15 a
131 2180 87 24 retired
231 2178 100 32 pugilist
347 2177 55 24 who
419 2175 129 26 succeeded
564 2175 27 23 m

73 2218 160 30 establishing
244 2225 14 16 a
271 2215 98 31 Sunday
379 2213 89 27 school,
478 2212 49 25 and
538 2220 52 23 pro-

73 2258 104 26 claimed
188 2257 41 24 the
242 2256 60 32 good
314 2255 90 30 tidings
414 2255 27 22 m
459 2253 133 24 stentorian

75 2300 69 23 toues
156 2297 48 24 and
214 2295 111 26 doubtful
341 2301 130 25 grammar,
483 2293 109 23 however

75 2339 42 24 the
131 2337 120 24 bushmen
263 2334 103 25 testified
377 2334 48 23 aad
437 2332 111 25 evidence
569 2331 27 25 of

75 2377 43 24 the
129 2378 68 29 great
209 2374 63 24 work
289 2371 142 25 remaineth.

109 2427 143 30 Politically,
264 2433 35 17 we
311 2432 61 17 were
383 2424 36 24 for
435 2431 74 23 many
525 2429 69 25 years

75 2468 69 27 dead;
158 2465 120 25 universal
291 2463 103 30 suffrage
408 2469 48 16 was
472 2460 82 25 talked
570 2460 27 24 of

61 2525 4 3 .
75 2507 45 24 hut
132 2505 104 32 thought
247 2506 25 22 to
284 2503 29 24 be
320 2504 90 29 utterly
419 2500 174 25 unattainable.

78 2547 127 31 Squatters
221 2544 49 24 and
287 2542 108 24 Bankers
412 2541 105 30 thought
541 2540 54 24 that

78 2594 64 16 none
153 2585 43 24 but
208 2584 56 30 they
287 2582 47 24 had
349 2582 41 23 the
400 2580 66 31 right
482 2582 25 22 to
534 2579 61 28 rule,

78 2625 49 25 and
138 2633 15 15 a
165 2623 107 32 political
284 2621 107 30 meeting
402 2628 48 16 was
462 2620 133 24 character-

78 2663 53 25 ised
142 2662 58 24 with
216 2661 73 24 much
306 2667 66 16 more
400 2659 122 31 quietness
549 2657 48 24 and

80 2704 113 22 deeoruoi
210 2702 59 22 than
281 2709 15 14 a
305 2707 85 23 prayer
407 2699 115 29 meeting,
550 2697 49 22 and

81 2749 50 16 woe
149 2740 77 25 betide
243 2740 41 23 the
301 2745 112 17 common
438 2736 79 24 fellow
544 2735 54 24 who
607 2757 2 6 ;

80 2779 73 24 unreel
165 2779 124 24 volunteer
300 2776 5 5 '
317 2775 21 24 is
346 2775 98 31 opinion
452 2775 26 23 m
490 2772 109 33 opposite

81 2822 26 21 to
120 2820 40 22 ihi!
175 2817 112 24 favoured
309 2815 134 24 candidate.
477 2813 122 25 Commer-

84 2857 71 29 cially
165 2864 33 15 we
212 2862 59 16 were
283 2855 43 23 not
338 2852 73 24 much
423 2854 25 22 to
475 2851 70 24 boast
567 2849 32 25 of.

84 2897 45 24 We
139 2898 42 29 got
193 2897 75 22 stores
280 2896 25 22 at
317 2895 30 21 25
365 2900 42 23 per
429 2893 56 23 cent
507 2890 94 31 beyond

84 2936 63 24 their
156 2935 69 24 value
235 2933 76 25 which
320 2940 34 16 we
362 2932 56 31 paid
424 2931 36 25 for
467 2930 60 25 with
536 2931 66 30 posts

84 2974 47 25 and
144 2973 57 25 rails
212 2974 23 22 at
250 2973 28 23 25
291 2979 41 22 per
341 2972 55 22 cent
407 2970 48 23 less
466 2968 61 24 than
539 2967 64 24 tbeir

85 3012 78 24 value.
197 3011 50 30 Pay
255 3010 46 30 day
312 3010 24 22 at
348 3008 42 24 the
402 3006 65 25 mills
489 3013 49 17 was
560 3006 44 23 not

84 3052 72 26 fixed,
195 3050 101 28 enquiry
318 3047 84 23 elieted
430 3046 42 23 the
498 3046 57 25 fact,
582 3045 20 22 it

86 3091 79 26 niisjht
177 3090 29 23 be
217 3090 25 22 m
255 3095 14 17 a
281 3087 85 24 month
379 3093 26 17 or
425 3086 37 23 six
484 3093 28 16 or
532 3092 73 16 never

86 3130 80 29 pretty
178 3127 64 24 often
256 3128 40 22 the
308 3125 56 24 last-
386 3123 164 25 nevertheless
571 3130 35 16 we

87 3165 108 31 junibied
207 3166 72 26 aloug
297 3163 36 23 till
355 3162 42 24 the
419 3163 68 29 great
508 3160 99 30 railway

89 3212 41 17 era
141 3203 116 30 revelling
268 3203 26 23 m
306 3209 14 16 a
336 3200 45 25 few
409 3206 69 25 years
506 3198 25 27 of
550 3197 57 25 arti-

87 3245 66 23 ficial
165 3242 140 32 prosperity,
318 3240 113 30 cheering
448 3246 44 17 our
513 3237 95 31 legisla-

89 3283 76 24 lators
177 3280 71 24 while
259 3278 106 31 heaping
376 3285 64 23 upon
452 3284 44 16 our
507 3274 103 32 adopted

90 3322 101 27 country
204 3326 14 16 a
228 3318 65 29 huge
313 3317 172 23 incumbrance
508 3313 26 24 of
554 3313 57 23 debt

91 3356 80 24 which
185 3354 46 25 will
249 3354 55 25 take
326 3353 121 24 centuries
468 3353 25 22 to
515 3357 97 16 remove

93 3396 27 24 of
140 3395 79 25 which
243 3401 67 17 more
329 3400 72 16 anou.
436 3391 109 31 Legally,
565 3396 46 17 our

93 3445 28 23 sy
135 3438 49 22 tern
207 3443 49 16 was
277 3433 78 24 better
385 3431 61 25 than
478 3438 63 20 now,
578 3436 36 17 we

91 3475 95 25 trusted
198 3474 49 24 and
265 3480 61 17 were
349 3471 102 27 trusted,
473 3468 141 32 boycotting

99 3521 49 17 was
160 3520 67 17 more
238 3509 86 32 simple
336 3509 60 24 than
408 3509 69 24 court
487 3506 131 31 formality,

95 3553 48 25 and
166 3560 79 23 wages
264 3550 48 25 and
333 3549 64 25 bush
424 3548 101 31 lawyers
555 3554 62 17 were

90 3594 44 22 not
157 3598 26 17 so
196 3588 114 33 plentiful
323 3595 27 16 as
358 3594 63 16 now.

129 3638 80 23 When
223 3636 114 25 sickness,
362 3634 109 23 accident
492 3641 28 16 or
541 3631 74 24 death

96 3684 69 17 came
176 3676 114 28 amongst
301 3680 30 15 us
341 3680 36 15 we
398 3671 41 24 did
460 3672 45 23 not
523 3669 95 25 trouble

96 3716 42 25 the
150 3713 141 26 Charitable
315 3711 56 28 Aid,
395 3711 43 23 but
459 3709 110 25 chucked
590 3709 27 23 m

94 3763 15 16 a
125 3753 58 33 quid
206 3753 90 31 apiece,
318 3749 49 25 and
390 3757 14 17 a
432 3756 118 25 generous
577 3746 41 26 old

95 3796 109 30 squatter
215 3792 54 24 who
292 3789 63 26 shall
377 3789 29 24 be
428 3789 121 24 nameless
569 3794 49 18 was

94 3832 66 25 often
171 3833 26 23 at
209 3829 42 26 the
261 3828 64 26 head
336 3827 26 25 of
371 3827 41 25 the
423 3826 50 24 list.
507 3826 32 24 In
549 3826 67 24 these

649 171 61 31 days
720 171 27 24 of
751 171 102 24 comfort
864 169 48 24 and
931 168 162 31 comparative
1114 169 53 23 lux-

651 218 52 24 ury,
726 209 120 25 sectarian
866 207 141 32 prejudices,
1030 207 48 24 and
1105 208 62 24 class

650 249 161 28 distinctions,
823 249 13 23 I
847 256 39 16 see
908 255 74 23 maay
1004 246 61 25 evils
1086 247 80 27 which

644 287 40 24 did
694 289 44 22 not
750 285 61 25 exist
832 286 27 24 m
877 285 41 25 the
939 284 61 33 good
1022 284 40 25 old
1084 284 80 24 mole-

644 324 55 25 skin
710 322 49 26 and
770 323 56 25 blue
838 323 62 24 shirt
920 322 66 31 days.

647 458 183 58 LOCAL
865 458 2 58 and
903 454 261 61 GENERAL

677 581 214 28 Oddfellowship,
927 579 52 25 The
1001 578 71 25 usual
1105 578 60 24 fort-

643 624 96 30 nightly
750 623 107 31 meeting
867 622 27 24 of
903 622 42 24 the
957 621 76 31 Loyal
1045 621 42 24 Nil
1105 621 61 23 Des-

643 666 133 31 perandum
797 665 89 31 Lodge,
920 665 38 24 No
988 665 73 28 5687,
1096 663 69 28 M.U,

645 709 63 24 East
720 708 97 27 Oxford,
840 715 50 17 was
912 706 58 25 held
991 715 33 16 on
1047 705 120 31 Saturday

648 751 59 24 13th
727 751 58 27 inst,
809 750 70 24 when
901 748 42 26 the
965 748 101 25 officers,
1088 746 80 25 which

647 792 113 25 included
771 792 64 24 V.G.
848 792 78 24 Mann
941 791 49 25 and
1001 789 67 26 GIM.
1080 790 88 31 Lough

648 843 61 17 were
721 834 89 33 mostly
821 837 105 29 present.
960 833 53 25 The
1032 833 48 25 Bro
1102 832 67 26 N.G.

649 879 29 23 A.
691 878 90 23 Baxter
802 877 118 31 presided,
943 877 49 24 and
1013 876 94 31 opened
1127 875 44 24 the

649 920 71 31 lodge
741 920 26 23 m
790 920 43 23 the
855 919 137 31 prescribed
1013 918 70 29 form,
1107 917 64 25 after

649 962 80 25 which
736 983 2 2 .
749 962 43 24 the
814 962 106 23 minutes
943 961 49 24 and
1013 962 114 23 accounts
1147 959 27 25 of
1195 971 5 3 -

651 1006 41 24 the
714 1005 111 31 previous
836 1004 107 31 meeting
962 1012 63 16 were
1035 1028 2 4 ,
1044 1001 57 27 read
1108 1018 3 12 ;
1122 1003 50 25 and

650 1048 140 25 confirmed!
824 1047 209 30 Correspondence
1052 1054 48 14 was
1111 1047 59 21 next

650 1091 57 24 read
728 1090 50 24 and
799 1090 66 24 dealt
886 1089 67 24 with.
987 1089 74 23 Prom
1094 1087 78 32 Loyal

653 1134 111 24 Malvern
774 1133 91 30 Lodge,
877 1131 132 31 informing
1027 1131 68 24 them
1118 1130 55 24 that

652 1185 14 16 a
677 1176 104 26 Concert
792 1175 49 26 and
852 1175 56 25 Ball
919 1174 27 25 m
957 1174 144 25 connection
1113 1173 60 25 with

654 1220 40 24 the
705 1219 71 30 lodge
786 1218 80 25 would
882 1218 56 28 take
959 1218 69 30 place
1050 1218 27 23 at
1099 1215 73 25 Wad-

652 1263 102 30 dington
765 1269 32 16 on
808 1261 41 25 the
863 1261 67 27 19th,
943 1260 49 24 and
1002 1259 115 31 cordially
1136 1258 37 24 in-

653 1305 78 30 viting
742 1305 34 24 all
788 1307 25 21 to
821 1310 69 18 come
901 1303 55 25 who
974 1302 73 25 could
1067 1300 107 33 possibly

654 1347 71 24 make
733 1347 20 24 it
764 1346 145 25 convenient
920 1347 26 24 to
957 1345 31 24 do
1000 1352 35 21 so,
1058 1344 59 24 with
1140 1350 33 18 an

654 1390 140 25 intimation
817 1390 55 24 that
891 1397 48 23 any
969 1388 55 25 who
1056 1395 57 24 may
1146 1387 30 24 be

656 1434 93 31 singers
760 1432 80 25 would
852 1432 28 24 be
903 1431 112 31 specially
1037 1428 139 27 welcomed.

656 1477 74 24 From
747 1475 78 32 Loyal
847 1475 86 25 Oboka
950 1474 90 30 Lodge,
1063 1480 113 17 concern-

656 1520 44 31 ing
711 1528 15 15 a
737 1518 51 25 sick
799 1518 100 25 brother
916 1517 49 25 arid
982 1515 126 32 enclosing
1128 1522 50 18 cer-

657 1563 112 25 tificates.
803 1562 75 25 From
922 1561 92 24 several
1056 1557 122 27 members

658 1606 58 24 with
729 1605 151 27 certificates,
893 1603 177 26 contributions
1082 1604 33 23 &c
1137 1609 41 17 en-

659 1649 89 25 closed.
782 1648 53 25 The
858 1648 57 25 Sick
945 1646 112 26 Visitors'
1089 1646 90 30 report,

660 1693 80 24 which
762 1691 79 25 stated
863 1691 54 24 that
934 1689 42 26 the
995 1688 104 25 number
1126 1695 55 17 now

659 1735 89 24 known
755 1733 30 26 -to
796 1734 29 24 be
836 1741 31 17 on
875 1733 42 24 the
929 1732 50 24 sick
992 1731 41 25 list
1061 1731 21 24 is
1103 1730 69 25 three

661 1778 44 24 but
716 1785 27 18 as
754 1785 15 17 a
776 1776 104 25 number
891 1776 26 25 of
944 1775 41 25 the
1006 1774 112 25 brothers
1138 1778 43 20 are

661 1821 107 32 residing
779 1822 26 23 at
816 1828 14 16 a
841 1820 116 28 distance,
971 1818 48 25 and
1031 1826 56 24 may
1104 1817 30 25 be
1155 1816 28 25 m

663 1863 89 33 receipt
785 1864 26 24 of
838 1863 107 25 sickness
975 1863 128 30 payments
1141 1860 41 25 ad-

663 1908 91 24 vanced
766 1907 31 31 by
807 1907 70 24 other
888 1906 91 30 lodges,
998 1905 20 24 it
1037 1905 90 23 cannot
1156 1903 28 25 be

664 1950 124 31 definitely
831 1948 157 25 ascertained.
1025 1947 56 25 Sick
1133 1953 52 29 ;pay

665 1992 144 31 amounting
819 1994 26 22 to
856 1992 33 24 6
908 1992 44 23 15s
968 1996 49 19 was
1039 1988 87 31 passed
1148 1988 37 24 for

665 2037 125 30 payment,
825 2034 40 24 the
896 2033 103 30 receipts
1031 2032 74 30 being
1142 2032 43 23 1.

666 2079 68 24 After
745 2085 67 17 some
823 2077 70 25 other
903 2076 96 24 routine
1010 2074 112 24 business
1133 2074 50 24 had

667 2122 61 25 been
739 2120 146 28 transacted,
899 2119 43 25 the
953 2119 70 31 lodge
1035 2126 51 17 was
1107 2116 81 27 closed

666 2166 28 24 m
705 2165 41 25 the
764 2164 71 25 usual
855 2163 72 25 form.

700 2226 121 24 Working
848 2224 81 25 Men's
957 2223 105 28 Club,
1066 2222 53 24 The
1141 2221 47 25 Ox-

668 2269 52 24 ford
734 2267 119 31 Working
864 2267 82 27 Men's.
966 2265 61 26 Club
1045 2265 58 25 held
1125 2264 64 25 their

669 2312 93 25 annual
782 2310 107 31 meeting
910 2317 32 17 on
964 2309 89 31 Friday
1077 2308 112 30 evening,

670 2355 35 23 all
736 2354 121 24 members
889 2352 73 31 being
998 2352 105 30 present.
1138 2350 52 24 The

670 2399 80 28 report
772 2396 48 23 and
842 2394 100 24 balance
959 2394 69 23 sheet
1049 2399 62 18 were
1138 2398 52 24 pre-

670 2438 85 26 sented
766 2437 49 26 and
826 2436 135 33 approved,
973 2436 72 31 being
1056 2443 27 17 as
1093 2434 100 26 follows.

672 2483 52 24 The
734 2481 102 31 receipts
842 2479 127 32 including
975 2479 100 25 balance
1086 2477 106 32 brought

672 2524 103 26 forward
797 2531 61 18 were
882 2524 65 24 488
964 2524 29 23 Os
1009 2522 41 28 9d,
1078 2521 49 25 and
1148 2520 44 25 the
1205 2527 8 20 ',

672 2568 157 32 expenditure
853 2568 69 23 882
941 2568 44 23 18s
1002 2566 38 27 Bd,
1058 2564 97 32 leaving
1177 2572 15 16 a

673 2611 75 25 credit
759 2610 101 25 balance
871 2612 26 22 at
908 2609 66 24 bank
990 2608 26 25 of
1039 2608 53 26 50
1108 2608 29 23 2s
1153 2606 39 26 6d.

673 2655 39 24 Mr
724 2654 104 25 Hawker
847 2660 50 18 was
919 2650 118 27 reeleeted
1058 2650 134 29 President,
1214 2662 2 10 ;

674 2698 49 23 and
745 2697 35 24 Dr
809 2695 137 24 Volckman
967 2693 59 25 Vice
1059 2691 134 25 President.

675 2740 53 24 The
738 2738 123 31 following
870 2736 138 32 gentlemen
1024 2742 62 17 were
1105 2734 90 25 elected

677 2791 15 16 a
703 2782 139 25 committee
853 2780 37 24 for
901 2779 42 24 the
960 2778 104 31 ensuing
1073 2786 58 23 year
1141 2786 5 16 :

678 2825 91 25 Messrs
781 2822 108 28 Weeber,
901 2821 76 31 Ryde,
997 2820 89 28 Smith,
1110 2819 86 25 Wake-
1217 2818 2 18 1;

677 2867 74 29 fiield,
765 2867 25 25 S.
810 2865 76 29 Weld,
911 2864 82 25 Garlic
1015 2863 49 25 and
1087 2862 108 25 Watson.

678 2911 21 24 A
710 2912 54 23 vote
776 2909 26 24 of
816 2907 90 26 thanks
927 2914 51 18 was
998 2906 88 32 passed
1107 2908 26 22 to
1155 2905 42 25 the

678 2953 134 26 President,
830 2951 58 24 Vice
912 2949 135 29 President,
1072 2948 126 31 Secretary

678 2996 49 24 and
738 2994 152 28 Committee,
903 2992 48 25 and
963 2992 41 25 the
1026 2990 108 33 meeting
1155 2990 40 25 ad-

676 3038 112 31 journed.
822 3061 4 3 .

714 3092 52 25 Sam
784 3090 132 24 Weller's
934 3087 195 30 KwARRY,^-The
1152 3086 47 25 Ox-

680 3135 55 25 ford
757 3134 38 24 W.
825 3133 34 24 M.
877 3133 29 24 C.
924 3131 135 25 celebrated
1080 3130 43 25 the
1144 3130 56 24 fifth

682 3178 155 29 anniversary
859 3183 33 16 on
913 3174 89 32 Friday
1025 3173 111 32 evening,
1146 3199 6 9 _,
1171 3173 43 32 by.

683 3221 103 31 supping
797 3219 36 24 off
842 3219 42 24 the
892 3217 131 24 inveitable
1045 3218 98 23 mutton
1153 3215 50 25 and

683 3263 148 30 trimmings,
853 3260 81 25 which
955 3267 50 17 was
1026 3259 115 32 provided
1173 3258 31 32 by

684 3307 54 24 Mrs
748 3304 113 26 Mitchell
872 3304 26 24 m
908 3303 45 23 her
965 3302 52 24 best
1039 3302 69 30 style,
1126 3299 80 33 ample

687 3349 113 24 evidence
811 3354 49 16 was
872 3346 71 31 given
962 3344 27 24 of
1009 3344 42 24 the
1072 3342 135 25 excellence

687 3395 25 22 ot
722 3391 43 24 the
780 3389 85 32 spread
876 3387 31 32 by
929 3387 42 25 the
992 3386 71 32 speed
1079 3386 25 24 m
1127 3385 80 25 which

687 3435 43 25 the
757 3433 86 25 viands
865 3430 156 32 disappeared
1042 3430 62 24 from
1138 3430 68 23 view.

689 3478 52 24 The
753 3475 66 27 cloth
832 3474 72 32 being
914 3472 123 30 removed*
1042 3497 4 2 .
1054 3471 154 32 conviviality

689 3520 99 31 reigned
800 3525 110 24 supreme
920 3515 40 27 till
970 3516 34 24 l2
1015 3514 107 30 o'clock,,
1126 3514 81 27 -when

690 3564 42 25 the
743 3561 127 26 President
881 3560 79 31 began
971 3561 26 23 to
1162 3558 48 24 and

691 3615 35 18 we
738 3614 61 22 sang
819 3609 6 10 '
837 3603 47 25 Old
906 3603 71 30 Lang
1005 3601 80 30 Syne,'
1109 3600 49 25 and
1173 3608 36 16 re-

691 3648 94 33 gretted
793 3648 55 25 that
860 3646 60 25 such
941 3654 14 16 a
976 3645 111 30 pleasant
1109 3643 103 31 evening

692 3693 50 25 had
754 3700 26 16 so
804 3697 57 18 soon
884 3696 69 17 come
976 3690 24 23 to
1020 3695 13 16 a
1056 3688 72 23 close.
1162 3685 52 25 Rev

691 3736 41 26 Mr
754 3734 102 26 Garbett
878 3732 70 25 made
970 3739 14 17 a
1006 3729 88 33 capital
1117 3728 96 33 speech,

692 3780 49 25 and
763 3779 113 29 amongst
898 3776 69 25 other
984 3775 83 30 things
1089 3772 126 27 remarked

694 3824 55 25 that
761 3822 41 26 the
814 3821 67 25 main
901 3819 72 31 thing
990 3817 54 27 that
1065 3815 71 27 birids
1148 3825 4 13 ;
1159 3823 57 17 men

1294 132 4 30 !
1387 145 33 27 r1

1379 170 22 25 Is
1414 170 128 32 hrotherly
1553 171 62 28 love,
1632 172 21 24 is
1664 171 114 31 allowing

1258 211 59 33 eaqh
1339 212 70 25 other
1430 213 42 25 the
1498 213 66 32 right
1585 214 28 24 of
1632 214 64 24 their
1722 222 54 16 own

1256 254 119 32 opinions,
1399 255 48 25 and
1468 257 91 31 always
1581 258 25 23 to
1628 256 72 25 think
1733 256 42 25 the

1254 291 122 46 besjLand
1387 298 30 25 do
1427 298 41 25 the
1479 298 53 26 best
1543 306 35 18 we
1590 307 45 17 can
1655 301 37 23 lor
1714 299 60 25 each

1254 334 98 31 othJaL
1357 340 59 29 ;-?The
1444 341 122 30 following
1597 344 77 22 toasts
1712 350 62 17 wero

1253 383 136 38 repjpJEiiEO.
1425 388 6 11 '
1441 385 118 30 Farming
1580 385 135 28 Interests,'
1733 385 40 23 Mr

1254 419 25 30 j.
1300 423 80 31 MeW,
1411 426 134 32 'Freezing
1576 426 131 32 Industry,'
1738 425 36 26 Dr

1254 455 189 43 Weft,-^Local
1464 468 133 33 Industry,'
1621 469 32 24 G.
1682 469 91 30 Smith,

1256 514 6 12 c
1270 510 119 32 Dairying
1421 512 132 31 Industry,'
1593 512 39 24 Mr
1673 512 100 28 Stubbs,

1270 553 46 25 Old
1338 553 142 30 Identities,'
1509 554 27 25 C.
1559 555 82 31 Lugar
1668 555 49 24 and
1749 555 25 25 J.

1253 588 92 39 PagetJ

1315 642 26 33 ;,^
1434 639 69 26 View
1523 639 74 25 Hill.

1289 681 93 29 Social,
1416 682 22 24 A
1449 684 64 23 most
1524 682 129 25 successful
1672 682 103 32 Library

1258 721 85 27 Social;
1348 732 50 16 was
1410 725 57 23 held
1477 732 33 16 on
1522 725 126 30 Thursday
1665 726 110 29 evening,

1258 767 54 31 Aug
1325 766 67 36 lpth.
1426 766 52 26 The
1489 767 83 25 school
1583 775 49 17 was
1644 767 54 25 well
1708 767 68 25 filled

1258 809 59 25 with
1336 818 18 15 a
1376 813 65 22 most
1461 810 160 31 appreciative
1652 810 124 25 audience.

1260 853 80 28 Songs
1357 861 61 16 were
1435 861 62 23 sung
1514 853 31 32 by
1567 854 88 24 Misses
1677 854 100 28 Reeves,

1260 895 133 29 Simmons,
1427 896 132 28 M'Millan,
1599 896 49 24 and
1686 896 92 25 Messrs

1260 939 101 27 Barnfes,
1374 939 87 28 Smith,
1474 939 91 24 Baxter
1576 939 49 24 and
1646 939 132 31 Harbidge.

1259 982 21 24 A
1291 981 59 33 duff
1360 981 31 32 by
1402 982 40 24 Mr
1452 982 48 24 and
1514 982 50 24 Mrs
1587 981 123 32 Harbidge
1729 990 50 17 was

1260 1032 55 23 very
1335 1025 70 32 good,
1428 1033 28 16 as
1477 1033 29 16 w<
1513 1033 26 16 re
1571 1026 139 23 recitations
1748 1025 32 30 by

1260 1066 60 25 Miss
1338 1065 123 26 M'Millan
1483 1067 49 24 and
1554 1068 40 23 Mr
1616 1068 39 23 W.
1678 1068 101 28 Barnes,

1260 1110 48 24 and
1330 1117 15 17 a
1361 1110 77 24 comic
1449 1110 100 31 reading
1567 1109 31 31 by
1626 1110 41 24 Mr
1687 1110 93 24 Mabev.

1261 1152 129 38 Excellent
1401 1153 173 25 refreshments
1592 1161 61 17 were
1673 1154 109 31 supplied

1262 1196 31 32 by
1305 1195 42 25 the
1357 1196 104 31 Library
1483 1196 153 25 Committee.

1296 1239 75 24 Homei
1399 1239 102 24 Mission
1529 1239 78 28 Fund,
1642 1239 53 24 The
1732 1239 52 24 Rev

1264 1282 29 25 T.
1306 1279 89 28 Teakle
1421 1282 119 32 preached
1562 1287 26 20 at
1615 1283 42 25 the
1681 1283 28 24 St
1732 1283 52 24 An-

1265 1325 85 25 drew's
1362 1319 99 40 (^hurch
1472 1333 31 17 on
1518 1325 99 32 Sunday
1627 1327 57 27 last,
1696 1325 27 25 m
1745 1325 39 24 be-

1265 1368 55 25 half
1328 1368 27 25 of
1364 1368 49 25 this
1425 1368 59 25 fund
1501 1369 27 25 of
1547 1369 80 25 which
1644 1369 31 25 he
1698 1369 21 25 is
1742 1369 42 25 the

1267 1411 140 32 organising
1425 1411 132 31 Secretary.
1592 1411 60 25 This
1674 1411 69 28 fund,
1766 1411 19 24 it

1268 1453 87 26 should
1366 1453 30 26 be
1405 1454 58 30 said,
1481 1455 22 24 is
1523 1454 42 25 the
1584 1455 80 31 clergy
1691 1455 96 30 stipend

1268 1497 39 25 aid
1318 1497 68 28 fund,
1399 1497 111 32 enlarged
1529 1500 25 22 to
1576 1497 55 25 take
1653 1497 71 25 other
1745 1496 41 26 ob-

1268 1541 67 32 jects,
1347 1540 92 25 besides
1451 1540 42 25 the
1504 1541 96 31 stipend
1611 1541 26 25 of
1646 1540 43 26 the
1700 1542 88 30 clergy.

1253 1584 52 24 ITo
1317 1583 49 25 this
1377 1583 61 25 fund
1458 1583 20 25 it
1489 1583 22 25 is
1522 1583 42 25 the
1580 1583 54 25 rule
1654 1583 37 25 for
1719 1591 70 24 every

1269 1634 46 17 one
1333 1628 26 23 to
1380 1625 136 26 contribute
1538 1626 42 25 the
1599 1626 59 25 offer
1660 1626 71 25 teries
1752 1626 38 25 for

1270 1669 42 26 the
1323 1669 47 31 day
1380 1677 60 17 once
1451 1669 61 24 each
1533 1671 106 29 quarter.
1673 1669 53 24 The
1747 1669 42 24 cb-

1267 1711 50 31 ject
1328 1711 27 24 of
1364 1712 39 23 Mr
1425 1711 111 24 Teakle's
1557 1711 57 24 visit
1635 1719 50 17 was
1706 1713 26 23 to
1748 1719 42 16 en-

1270 1754 105 24 deavour
1386 1756 25 23 to
1422 1754 62 24 form
1496 1762 14 16 a
1525 1754 63 25 local
1604 1754 144 26 association
1766 1756 26 24 to

1270 1798 87 27 collect
1367 1798 37 25 for
1415 1798 50 24 this
1486 1797 61 25 fund
1568 1798 31 32 by
1616 1798 92 32 private
1733 1806 55 17 con-

1270 1841 118 26 tribution
1399 1849 28 17 as
1437 1842 54 24 well
1502 1849 27 17 as
1550 1841 31 33 by
1604 1842 120 32 offertory.
1758 1841 34 26 At

1273 1893 15 16 a
1296 1886 108 30 meeting
1414 1884 57 25 held
1481 1885 27 23 m
1520 1885 42 24 the
1574 1884 98 25 Cnurch
1695 1884 26 25 of
1741 1884 52 24 En-

1249 1950 2 4 .
1272 1928 75 32 gland
1358 1927 151 25 schoolroom
1520 1935 32 16 on
1561 1927 230 31 Monday'evening,

1273 1971 42 23 the
1332 1970 93 24 church
1446 1969 94 25 officers
1561 1976 62 18 were
1644 1969 149 25 unanimous

1272 2013 27 23 m
1310 2012 42 24 the
1362 2011 100 32 opinion
1473 2011 55 26 that
1540 2011 42 25 the
1592 2010 63 26 local
1676 2011 74 25 needs
1768 2011 27 24 of

1274 2055 41 25 the
1326 2055 95 24 district
1439 2055 80 24 would
1540 2056 44 22 not
1601 2054 78 24 admit
1700 2054 26 25 of
1743 2062 49 23 any

1275 2098 59 26 such
1347 2098 144 25 association
1508 2097 72 31 being
1597 2097 101 25 formed.

1310 2142 133 27 Football,
1478 2140 52 25 The
1546 2142 84 24 return
1641 2140 83 25 match
1757 2140 42 24 be-

1278 2187 78 24 tween
1369 2181 89 29 Oxford
1470 2184 48 25 and
1536 2183 68 26 View
1623 2184 53 25 Hill
1697 2183 50 25 will
1768 2184 31 24 be

1278 2228 86 32 played
1376 2230 26 22 at
1413 2228 107 24 Pearson
1536 2227 65 24 Park
1623 2235 32 16 on
1679 2226 120 32 Saturday

1280 2272 134 25 afternoon.
1447 2270 67 28 Both
1526 2272 77 23 teams
1615 2277 41 17 are
1677 2269 125 25 confident

1280 2315 26 25 of
1316 2323 102 20 success,
1430 2322 28 16 so
1480 2321 14 17 a
1516 2313 62 32 good
1599 2321 70 23 game
1692 2321 57 23 may
1770 2312 31 24 be

1281 2357 129 32 expected.-
1437 2356 53 25 The
1508 2356 125 29 following
1655 2357 66 22 team
1752 2355 49 23 will
1815 2373 4 7 -,

1270 2417 4 6 ,
1280 2399 58 32 play
1348 2398 53 36 focy
1402 2397 70 26 View
1493 2397 92 26 Hill.
1590 2397 101 28 Gorton,
1714 2396 88 29 Luers,

1282 2432 168 40 M'Gratfe^
1463 2441 82 29 Sirett,
1564 2441 83 29 Harle,
1668 2442 23 29 3,
1709 2440 92 30 Duder,

1282 2486 62 32 Day,
1357 2486 22 25 2,
1403 2484 111 30 Roberts,
1527 2484 86 33 Feary,
1629 2484 90 32 Eager,
1738 2483 64 26 Mul-

1282 2530 42 24 len
1333 2529 48 25 and
1394 2528 85 26 (iibbs.

1315 2573 135 27 Cauleton,
1484 2571 52 25 The
1561 2571 72 25 usual
1660 2570 144 32 fortnightly

1284 2615 74 25 social
1369 2623 49 18 was.
1423 2615 59 28 .held
1490 2622 33 17 on
1529 2614 89 32 Friday
1627 2613 96 32 Augnst
1735 2613 68 25 12th.

1284 2659 78 24 There
1379 2666 49 19 waf
1430 2681 2 6 ;
1444 2666 15 15 a
1479 2659 66 28 large
1561 2657 153 27 attendance,
1731 2657 78 22 about,

1284 2700 64 32 forty
1378 2701 97 32 couples
1509 2700 72 30 being
1613 2700 108 30 present.
1751 2698 57 25 The-

1281 2743 150 29 .Committee
1443 2742 86 32 spared
1540 2750 32 16 no
1583 2742 72 31 pains
1665 2744 26 22 to
1707 2741 99 32 provide

1256 2798 6 20 j
1268 2808 3 7 ,
1282 2782 63 29 tuoth
1356 2786 37 24 for
1405 2786 42 24 the
1463 2787 160 27 amusement,
1637 2785 49 24 and
1696 2787 113 22 creature

1259 2839 4 15 :
1286 2830 115 24 comforts
1414 2829 27 25 of
1449 2829 64 24 tbeir
1529 2830 83 30 guests
1628 2827 49 26 and
1699 2836 15 17 a
1741 2829 65 24 most

1286 2872 125 32 enjoyable
1418 2872 103 30 evening
1531 2879 49 17 was
1592 2873 78 28 spent.
1694 2871 114 31 Dancing

1286 2923 50 17 was
1348 2916 57 31 kept
1416 2923 32 23 up
1460 2915 59 25 with
1536 2914 70 32 spirit
1616 2914 65 25 until
1687 2916 15 23 2
1710 2914 98 25 O'clock

1249 2964 2 13 '
1286 2961 27 23 to
1329 2959 42 25 the
1388 2958 120 26 excellent
1526 2958 79 24 music
1639 2957 110 32 supplied
1776 2957 32 32 by

1289 3002 78 25 Mr.F.
1380 3001 121 25 Knowles.
1529 3001 24 24 It
1564 3009 50 15 was
1625 3000 125 30 arranged.
1754 3000 55 23 that

1287 3052 16 16 a
1314 3044 69 25 short
1393 3042 72 32 night
1476 3041 88 27 should
1574 3041 30 26 be
1615 3042 58 25 held
1682 3043 27 23 m
1721 3049 14 17 a
1752 3043 58 23 fort-

1288 3086 72 32 night
1376 3086 49 25 and
1442 3086 54 25 that
1514 3086 41 24 the
1568 3086 77 25 series
1673 3086 27 24 of
1724 3085 87 25 socials

1290 3129 88 25 should
1388 3129 65 24 wind
1465 3137 31 22 up
1508 3128 59 25 with
1579 3136 15 17 a
1604 3128 51 25 ball
1666 3130 25 23 to
1708 3128 30 25 be
1754 3127 58 26 held

1291 3180 32 18 on
1336 3172 142 31 September
1488 3172 53 25 9th.

1322 3215 126 25 Debating
1458 3214 7 9 '
1498 3214 109 29 Society,
1642 3214 53 25 The
1742 3215 71 24 usual

1291 3257 90 32 weekly
1413 3257 109 31 meeting
1554 3257 26 24 of
1615 3257 42 25 the
1689 3257 124 31 Debating

1294 3300 96 30 Society
1402 3309 49 15 was
1462 3300 58 24 held
1534 3307 33 17 on
1583 3300 112 30 Tuesday
1712 3300 106 30 evening

1293 3342 56 26 last.
1383 3342 53 25 The
1451 3342 144 25 attendance
1612 3349 49 17 was
1688 3342 54 24 fair.
1776 3342 40 24 Mr

1294 3386 100 31 Ingram
1411 3385 115 31 occupied
1553 3384 42 26 the
1623 3385 75 24 chair.
1733 3385 40 25 Mr
1784 3386 31 24 R.

1296 3429 92 30 Henry,
1399 3429 48 24 and
1456 3429 40 24 Mr
1504 3429 30 23 R.
1547 3428 98 29 Wright
1655 3436 65 16 were
1726 3428 90 24 elected

1297 3471 128 24 members.
1460 3471 40 24 Mr
1510 3471 108 30 Laming
1639 3471 111 30 resigned
1776 3471 42 25 the

1300 3513 189 32 Secretaryship.
1523 3513 40 24 He
1574 3521 49 17 was
1635 3513 73 25 asked
1720 3515 27 23 to
1762 3521 56 18 con-

1299 3557 63 25 sider
1373 3556 39 24 his
1424 3556 106 24 decision
1547 3556 45 24 but
1609 3556 52 24 said
1689 3555 32 25 he
1748 3556 72 25 could

1298 3601 44 23 not
1354 3599 84 24 attend
1453 3607 70 22 every
1539 3598 72 31 night
1628 3601 84 30 except
1728 3600 93 31 greatly

1299 3642 218 30 inconveniencing
1542 3641 106 25 himself.
1686 3643 22 23 A
1736 3642 84 31 hearty

1301 3687 56 23 vote'
1367 3684 26 25 of
1402 3683 91 25 thanks
1509 3692 50 16 was
1587 3684 117 25 accorded
1729 3686 27 23 to
1784 3685 39 24 Mr

1300 3727 106 33 Laming
1421 3727 38 25 for
1474 3727 40 25 his
1532 3728 110 25 services.
1677 3728 28 25 T.
1721 3728 102 26 Watson

1301 3779 49 17 was
1362 3770 92 25 elected
1465 3770 27 24 m
1503 3770 39 24 his
1558 3770 76 25 stead.
1668 3771 40 24 Mr
1719 3771 104 25 Parlane

1301 3814 87 26 moved
1399 3814 27 24 m
1436 3814 146 24 accordance
1592 3814 61 25 with
1661 3815 81 25 notice
1753 3815 73 32 given

1956 171 63 24 Rule
2032 172 29 23 12
2079 171 29 24 be
2135 170 91 25 altered
2253 171 26 22 to
2307 168 71 25 allow

1859 214 119 24 members
1987 216 26 22 to
2022 214 69 31 bring
2102 222 15 16 a
2128 214 64 24 male
2200 212 79 25 friend
2288 220 32 17 on
2331 219 49 23 any

1859 258 114 30 meeting,
1990 257 44 25 but
2061 265 15 17 a
2108 258 55 29 lady
2195 264 32 17 on
2260 256 120 24 alternate

1989 300 123 25 Seconded
2128 300 30 32 by
2170 300 39 24 Mr
2230 299 28 24 F.
2287 299 93 24 Reston

1860 343 49 23 and
1921 343 99 24 carried.
2048 343 41 24 Mr
2100 342 117 31 Kennedy
2229 350 60 22 gave
2300 343 80 23 notice

1860 385 28 24 of
1896 385 93 24 motion
2001 385 54 24 that
2076 385 62 24 Rule
2157 386 13 22 6
2198 384 30 23 be
2255 383 126 24 rescinded

1862 427 48 24 and
1920 427 76 25 insert
2030 427 65 24 That
2106 427 42 24 the
2156 427 97 25 Annual
2262 426 119 32 subscrip-

1862 470 52 24 tion
1926 470 29 24 be
1972 470 37 33 2/-
2020 470 37 25 for
2073 470 139 32 gentlemen
2230 470 47 25 and
2305 470 77 24 ladies

1959 513 53 24 The
2029 513 135 25 remainder
2180 513 26 25 of
2221 514 41 24 the
2279 513 104 30 evonLjg

1861 564 50 16 was
1922 556 73 24 taken
2006 564 30 23 up
2043 557 58 23 with
2111 556 149 30 impromptu
2269 555 114 31 speeches

1862 598 79 25 which
1952 599 89 24 caused
2049 598 73 25 much
2132 598 121 31 laughter.

1896 661 112 24 Blessed
2023 670 46 15 abe
2085 670 48 15 the
2150 661 73 27 Poor,
2258 661 52 23 The
2332 668 53 24 per-

1864 705 95 31 soaalty
1970 706 26 22 of
2008 706 40 22 the
2059 706 49 23 late
2117 705 71 24 Duke
2199 705 28 24 of
2235 705 151 24 Devonshire

1864 757 50 16 was
1926 757 76 16 sworn
2015 751 25 22 at
2049 749 76 24 under
2136 757 46 16 one
2201 749 96 24 million
2319 748 68 31 eight

1865 793 110 25 hundred
1986 793 130 25 thousand.
2144 793 24 25 It
2179 793 22 25 is
2213 795 24 23 to
2249 793 29 25 be
2290 793 97 25 divided

1864 846 91 23 among
1966 839 41 23 the
2030 839 92 29 family,
2143 839 42 24 the
2206 838 58 25 bulk
2276 839 73 30 going
2360 840 26 21 to

1865 882 44 24 the
1919 884 97 29 present
2034 882 78 24 Duke.

1899 1035 471 56 CORRESPONDENCE.

1872 1126 65 20 While
1947 1132 37 13 our
1992 1126 87 19 columns
2089 1131 35 14 are
2130 1131 50 19 open
2191 1128 19 17 to
2220 1125 30 20 all
2268 1131 29 14 we
2315 1125 25 20 do
2358 1127 35 18 not

1896 1158 88 25 identify
1989 1159 97 19 ourselves
2091 1159 51 18 with
2145 1164 41 19 any
2190 1164 23 19 op
2217 1158 66 19 inions
2288 1156 105 26 expressed

1897 1190 80 18 therein

1969 1235 168 24 FARMERS'
2149 1235 148 24 LEAGUE.

1924 1324 31 23 To
1968 1324 37 24 the
2017 1324 81 23 Editor
2110 1325 28 27 of
2147 1324 35 23 the
2195 1327 5 10 '
2213 1323 127 24 Observer:

1908 1380 50 25 Sm.
1992 1381 14 23 I
2038 1381 80 23 notice
2140 1380 63 23 from
2232 1380 100 30 reading
2354 1379 45 23 the-

1874 1429 87 22 papers
1972 1420 55 24 that
2039 1420 41 24 the
2098 1420 98 31 League
2208 1427 39 16 are
2269 1419 91 31 having
2382 1426 17 16 &

1875 1462 80 29 pretty
1964 1460 61 31 good
2033 1460 99 31 innings
2140 1461 16 22 i.
2166 1468 19 16 c.
2196 1459 132 31 supposing
2335 1457 64 25 their

1877 1500 120 31 meetings
2008 1501 26 23 at
2045 1499 42 25 the
2109 1499 111 25 different
2242 1507 32 23 up
2297 1499 102 30 country

1877 1542 95 22 centres
1994 1547 41 16 are
2068 1540 116 30 correctly
2208 1538 117 32 reported.
2360 1538 40 24 No

1878 1578 76 24 doubt
1961 1577 42 25 the
2010 1581 134 27 promoters
2151 1577 26 24 of
2184 1577 41 23 the
2234 1577 85 30 falsely
2328 1583 69 16 nam-

1878 1615 30 25 ed
1919 1615 112 24 Farmers
2043 1615 97 31 League
2150 1614 49 25 will
2212 1616 37 28 try
2261 1613 64 25 their
2331 1613 68 24 hand

1878 1655 67 28 here,
1956 1655 21 24 if
1986 1663 35 20 so,
2034 1655 13 23 I
2062 1657 64 21 trust
2137 1654 54 24 that
2203 1662 45 23 you
2271 1653 50 25 will
2343 1653 60 23 take-

1879 1700 54 17 care
1943 1692 55 24 that
2009 1692 43 24 the
2067 1693 108 29 reporter
2196 1691 26 24 of
2241 1698 60 23 your
2324 1690 80 24 Cock-

1880 1730 147 24 adoodledoo
2036 1730 22 23 is
2069 1730 96 30 present
2176 1728 56 24 who
2242 1729 22 23 is
2271 1730 44 22 not
2324 1727 82 25 afraid-

1881 1772 27 24 to
1917 1770 49 32 flap
1979 1770 38 24 his
2024 1769 76 32 wings
2111 1769 27 24 m
2149 1769 66 24 front
2225 1768 27 25 of
2259 1768 41 24 the
2309 1768 93 31 biggest

1880 1808 116 32 capitilist
2011 1808 26 24 m
2062 1807 180 25 Christendom*

1914 1848 65 25 Most
1991 1848 27 24 of
2038 1847 44 25 the
2107 1846 104 25 farmers
2231 1845 95 26 around
2346 1845 60 24 bete-

1881 1886 56 25 who
1945 1885 110 25 received
2060 1885 44 24 the
2110 1884 121 32 League's
2239 1883 103 24 circular
2351 1883 56 31 just-

1883 1925 108 25 scanned
2002 1925 41 24 the
2055 1926 111 22 contents
2179 1923 47 24 and
2239 1922 89 25 stuffed
2338 1923 20 23 it
2377 1923 26 22 m

1870 1973 1 19 ;
1883 1964 64 25 their
1966 1963 108 33 pockets,
2106 1961 39 26 for
2165 1961 80 24 future
2272 1960 134 25 incidental

1883 2010 126 24 purposes.

1917 2050 38 32 By
1966 2050 42 24 the
2017 2057 53 23 way
2083 2048 40 26 Sir
2133 2056 55 16 now
2208 2047 54 25 that
2274 2046 44 26 the
2335 2054 76 24 canape

1884 2090 25 26 of
1930 2090 45 25 the
1992 2088 91 26 Oxford
2099 2088 106 25 radicals
2225 2088 46 24 has
2306 2087 100 24 become

1885 2127 168 32 disorganised
2072 2126 33 32 by
2133 2126 43 25 the
2208 2133 53 17 new
2293 2126 113 24 electoral

1886 2168 143 25 bounderies
2038 2167 22 24 it
2068 2166 22 25 is
2102 2166 59 25 time
2182 2174 36 16 we
2240 2165 81 24 awoke
2344 2167 25 22 to
2391 2173 19 16 a.

1888 2216 69 17 sense
1964 2207 27 25 of
1996 2215 47 17 our
2047 2206 50 25 real
2105 2206 113 31 position,
2236 2205 127 24 otherwise
2372 2212 41 19 we.:

1887 2247 50 26 will
1948 2247 29 24 be
1989 2245 111 26 attacked
2111 2245 30 31 by
2152 2245 43 24 the
2205 2245 143 24 Philistines
2359 2243 49 25 and

1889 2286 175 26 exterminated,
2075 2286 25 23 m
2123 2285 94 24 details.
2251 2283 101 31 Kaiapoi
2371 2283 41 24 Sir

1888 2325 101 24 reckons
2001 2332 66 16 some
2079 2323 40 30 big
2133 2322 74 31 buges
2229 2323 113 28 amongst
2365 2321 46 23 the-

1891 2363 111 26 electors,
2012 2361 56 23 who
2078 2360 80 24 would
2169 2360 29 22 be
2209 2358 121 31 delighted
2351 2357 66 25 with*

1891 2399 104 25 another
2004 2396 155 33 opportunity
2170 2395 26 25 of
2212 2395 74 31 using,
2293 2394 46 25 the
2357 2394 57 25 iron:

1891 2438 56 26 heel
1958 2438 49 24 and
2022 2437 14 24 I
2048 2436 88 25 reckon
2147 2436 19 24 it
2178 2435 21 25 is
2216 2434 60 32 high
2287 2434 62 25 time-
2357 2434 58 24 that,

1893 2476 41 25 the
1946 2476 110 26 different
2065 2474 93 25 radical
2174 2481 83 23 camps
2279 2472 133 25 communi-

1892 2514 69 26 cated
1971 2512 60 27 wibh
2041 2513 61 25 each
2122 2513 70 24 other
2213 2511 59 25 with
2292 2519 14 16 a
2318 2511 59 24 view
2389 2509 26 25 of

1893 2555 113 31 agreeing
2016 2561 65 23 upon
2088 2561 19 16 :a
2118 2551 83 25 united
2215 2551 48 25 fine
2275 2551 25 24 of
2320 2550 89 24 action.

1925 2593 20 24 A
1957 2591 149 26 dissolution*
2112 2598 56 23 may
2180 2589 55 25 take
2246 2589 70 30 places
2324 2589 27 23 at
2359 2594 48 23 any

1892 2631 60 25 time
1963 2630 48 25 and
2027 2629 23 25 if
2057 2637 36 17 we
2102 2636 41 17 are
2159 2626 90 31 caught
2260 2626 107 30 napping
2378 2633 35 16 we

1894 2669 64 25 shall
1980 2669 54 24 los&
2053 2667 35 25 all
2109 2666 44 26 the
2181 2664 93 33 ground
2296 2673 37 16 we
2353 2663 66 25 have-

1893 2708 96 27 worked
1999 2716 30 17 so
2038 2707 61 25 hard
2111 2708 24 23 to
2153 2705 67 33 gain.

2090 2750 82 25 Yours
2182 2749 44 29 &c,

2248 2785 131 24 Agricola.

1978 2914 20 25 A
2020 2912 143 26 MODENN
2191 2910 142 26 SERMON.

2013 3012 48 17 Ol*l>
2076 3010 99 17 MOTHER

1931 3059 53 24 The
1994 3057 123 31 folio-wing
2128 3055 104 25 exhibits
2251 3053 44 25 the
2316 3051 100 26 method

1901 3105 65 23 upon
1976 3095 80 26 which
2068 3095 41 24 the
2131 3100 99 24 average
2251 3099 88 24 parson
2362 3097 58 18 con-

1901 3137 89 25 structs
2001 3135 40 25 his
2051 3132 131 27 delectable
2203 3132 137 24 discourses
2348 3138 8 16 :

1936 3174 16 17 '
1962 3175 127 28 Brethren,
2102 3173 43 25 the
2161 3172 76 24 words
2259 3170 29 25 of
2306 3178 40 23 my
2368 3170 52 24 text

1904 3222 41 17 are

1905 3262 7 10 '
1949 3256 50 24 Old
2006 3255 97 24 Mother
2115 3252 129 28 Hubbard,
2255 3252 46 23 she
2312 3252 66 23 went
2400 3252 30 22 to*

1971 3295 43 24 the
2023 3292 129 33 cupboard,

1940 3335 35 25 To
1986 3335 41 31 get
2037 3333 45 25 her
2091 3340 60 24 poor
2162 3331 48 31 dog
2220 3338 14 16 a
2250 3330 62 24 bone
2323 3337 7 21 ;

1907 3373 50 25 But
1968 3372 71 26 when
2051 3372 44 24 she
2103 3373 42 30 got
2156 3370 68 24 there
2242 3368 42 25 the
2306 3365 120 34 cupboard

1972 3420 50 18 was
2042 3412 66 27 bare>

1940 3452 56 25 And
2006 3459 27 17 so
2044 3451 44 24 the
2096 3457 59 24 poor
2166 3448 46 32 dog
2223 3447 48 25 had
2281 3447 80 24 none.'

2077 3492 117 26 beautiful
2242 3490 84 28 words,
2371 3488 59 24 dear

1908 3536 100 28 friends,
2032 3542 68 23 carry
2121 3532 59 25 with
2203 3531 67 25 them
2293 3538 14 16 a
2335 3527 93 26 solemn

1909 3574 90 24 lesson.
2034 3572 14 24 I
2070 3579 101 22 propose
2191 3569 50 25 this
2270 3567 101 29 evening
2403 3566 27 21 to

1912 3613 102 30 analyse
2034 3611 64 25 their
2120 3608 123 31 meaning,
2267 3607 48 24 and
2336 3607 25 23 to
2394 3605 36 23 at-

1912 3654 79 29 tempt
2001 3654 28 22 to
2038 3651 73 30 apply
2119 3650 28 27 it,
2159 3648 60 32 lofty
2230 3655 28 17 as
2274 3647 20 24 it
2315 3652 56 23 may
2391 3643 39 28 be,

1913 3694 27 23 to
1951 3699 46 17 our
2007 3690 117 32 everyday
2135 3688 41 26 life

1953 3735 46 25 Old
2011 3734 97 25 Mother
2118 3731 125 29 Hubbard,
2256 3730 42 24 she
2321 3728 62 24 went
2404 3727 28 23 to

1976 3774 42 25 the
2031 3773 128 32 cupboard,

1945 3814 36 26 To
1992 3815 41 28 get
2044 3814 45 24 her
2098 3821 59 22 poor
2169 3812 47 31 dog
2227 3819 14 16 a
2258 3807 77 28 boce.'

492 58 166 30 OXFORD
700 56 88 31 AND
829 56 104 31 CtJST
975 54 223 33 OBSERVER
1241 57 227 38 SATURDAY,
1510 58 168 31 AUGUST
1721 61 47 41 20,
1814 60 75 29 1892
