2529 4029
45 106 226 137 THE
271 106 231 137 NEW
601 106 183 130 ZEALAND
1594 101 234 137 GA
1856 99 598 132 ZETTE

45 243 2409 101 AND

45 344 992 101 WELLING
1179 344 1275 101 SPECTATOR

575 498 219 38 PUBLISHED
840 497 134 38 EVERY
1017 492 257 41 WEDNESDAY
1318 493 90 37 AND
1453 492 230 38 SATURDAY
1728 491 208 37 MORNING.

87 619 64 33 No.
174 617 87 38 278.1

579 615 113 32 PORT
712 613 260 37 NICHOLSON,
995 608 265 35 WEDNESDAY
1280 610 215 35 MORNING,
1517 609 249 32 SEPTEMBER
1787 613 30 32 6,
1842 610 91 30 1843.

2253 607 95 40 [Vol.
2370 608 53 30 IV.

139 722 3 4 •
169 712 55 20 For
246 711 115 21 London
386 709 95 26 direct,

91 747 55 20 JJKr
200 743 94 23 fTiHE
320 743 45 22 fine
395 743 45 22 fast
462 742 84 28 sailing
569 742 50 28 brig

64 762 109 41 Jjgg^
207 762 30 32 X
343 770 179 25 NELSON,

62 793 131 37 jPjMSft*
214 798 87 26 George
324 797 116 23 Maclaren
466 800 89 24 master,
574 795 46 23 will

42 819 152 39 ■JflMEfff-
213 824 43 23 sail
270 824 68 23 about
345 824 38 22 the
397 824 53 22 20th
466 824 60 26 inst.,
536 823 84 27 having

38 852 159 34 (Bffg'CSPE*
197 862 3 10 1
197 851 6 6 '
253 851 41 23 her
304 858 65 20 cargo
380 850 108 28 engaged.

241 889 44 22 For
294 896 92 20 passage
396 888 60 27 only,
468 887 67 29 apply
545 890 21 19 to

351 922 82 22 Waitt
449 920 45 23 and
507 921 85 21 Tyser.

64 948 146 28 Wellington,
221 949 90 27 August
320 949 19 26 7,
351 949 59 21 1843.

233 994 53 21 For
301 994 124 24 London,

190 1026 93 34 npHE
303 1026 82 28 barque
412 1028 112 19 GLEN
529 1027 92 24 ARM,,

69 1049 96 36 J^L
196 1049 30 25 JL
270 1054 42 21 298
331 1057 56 22 tons,
407 1053 80 26 hourly
505 1053 116 27 expected,

47 1074 140 39 jWjp^
214 1078 47 22 will
270 1079 52 21 take
332 1085 66 20 cargo
408 1079 43 22 and
461 1086 135 20 passengers.

36 1108 152 33 sbmPBK»
244 1115 75 27 Apply
327 1118 23 18 to
361 1115 24 22 C.
402 1115 33 22 M.
452 1115 90 27 Penny,
554 1122 24 15 or

382 1168 122 22 BOULCOTT
518 1169 21 21 &
553 1169 39 21 Co.

61 1195 131 30 September
202 1197 19 25 1,
233 1196 61 21 1842.

171 1240 120 27 Passage
306 1241 29 20 to
357 1240 127 21 London.

191 1273 93 22 fTIHE
294 1275 63 25 Tyne,
367 1273 69 27 being
445 1273 73 22 under
527 1280 94 21 engage-

59 1295 112 32 JbSEzEzK
197 1307 29 15 -*-
266 1304 63 19 ment
347 1305 23 17 to
387 1300 51 22 load
456 1300 55 22 wool
531 1303 23 19 at
569 1300 53 22 Port

203 1326 90 29 Phillip,
311 1327 79 22 should
405 1327 146 22 inducement
561 1327 59 26 offer,

37 1361 150 28 ■rhbhs
202 1353 26 22 s^
231 1360 12 15 e
260 1361 17 14 w
320 1354 43 22 ca^
394 1362 36 14 ere
447 1361 29 15 on
487 1360 40 16 ncr
537 1361 33 15 wa
571 1361 14 20 y
599 1358 23 18 to

63 1419 44 22 For
121 1424 91 23 passage
224 1417 60 27 only,
295 1418 82 26 having
386 1418 100 27 superior
497 1424 125 16 accommo-

38 1446 92 27 dations,
141 1445 68 28 apply
219 1448 23 18 to
253 1445 93 27 Captain
357 1445 132 26 Robertson,
501 1452 25 14 or
535 1448 23 18 to

297 1481 114 22 Bethune
425 1481 44 22 and
485 1481 108 23 Hunter.

64 1515 145 27 Wellington,
219 1515 91 27 August
319 1515 32 26 15,
363 1516 62 25 1843,

236 1560 54 21 For
303 1559 115 26 Nelson,

198 1595 29 20 Te
239 1595 41 20 sail
278 1616 6 5 r
293 1595 23 20 in
327 1600 14 14 a
347 1593 47 26 few
409 1594 57 26 days,

192 1628 93 28 rpHE
304 1628 46 22 fine
367 1628 44 22 fast
433 1628 82 26 sailing
538 1628 84 28 barque

67 1648 102 41 fflNSk
199 1661 29 16 ■*■
353 1656 115 22 TYNE.

43 1676 143 37 Jnjilmm&L
233 1682 45 22 For
288 1682 81 28 freight
378 1689 24 15 or
412 1689 100 21 passage,
522 1682 68 28 apply
600 1684 22 20 to

40 1705 147 41 2§3§GBfa
206 1709 64 28 Cap*-
282 1709 130 28 Robertson,
423 1717 25 14 or
458 1713 22 18 to

40 1738 146 35 $33HsP7
322 1746 112 23 Bethune
449 1746 21 22 &
485 1746 110 22 Hunter.

66 1782 145 26 Wellington,
223 1781 89 26 August
322 1781 32 26 15,
366 1781 60 21 1843.

242 1826 54 21 For
309 1826 110 21 Nelson.

212 1859 93 34 rpHE
333 1859 106 23 schooner
461 1860 161 20 SISTERS

71 1888 105 24 JmMkSl
219 1882 29 27 J-
296 1886 45 22 will
364 1886 40 22 sail
427 1887 36 21 for
485 1886 86 22 Nelson
594 1893 28 15 on

67 1908 135 40 ppjOPaBT
238 1913 149 27 Wednesday,
399 1912 38 23 6th
448 1913 138 27 September.

59 1937 125 40 nPififlT
263 1945 137 27 Fojr.freight
408 1952 137 22 rjr-passage,
555 1945 67 26 apply

238 1972 23 20 *°
318 1971 92 26 Captain
423 1977 27 14 on
459 1971 78 25 board,
546 1977 25 15 or
581 1973 23 19 to

352 2003 83 22 Waitt
450 2004 47 21 and
510 2003 85 22 Tyser.

67 2033 116 27 Sptember
193 2033 19 25 1,
223 2032 62 20 1843.

195 2077 60 22 .For
296 2075 165 26 Wanganui,

243 2110 30 19 To
282 2108 40 21 sail
332 2108 42 20 this
383 2108 48 25 day.

195 2145 92 22 rIiHE
301 2145 46 22 fine
362 2145 42 21 fast
423 2144 79 28 sailing
515 2145 107 22 schooner

73 2165 97 33 Mis&L
202 2165 29 29 -I-
355 2173 143 23 ocean,

46 2193 147 39 >JsHfejpfe^
207 2200 77 22 James
294 2199 111 26 Ferguson
416 2203 90 18 master.

233 2227 45 22 For
287 2221 82 33 freight
379 2233 25 15 or
415 2233 100 21 passage,
526 2226 67 28 apply
602 2229 20 19 to

66 2299 89 28 August
164 2299 33 25 29,
209 2298 62 22 1843.
466 2303 6 29 ;

190 2343 137 21 Situation
349 2342 126 22 Wanted.

44 2370 95 49 TWO
152 2376 77 22 young
242 2376 59 19 men,
314 2369 48 28 just
377 2369 87 22 arrived
474 2369 30 28 by
515 2369 36 22 the
561 2371 61 24 Mary

137 2397 58 22 from
216 2395 104 28 London,
340 2403 36 15 are
396 2397 93 21 anxious
508 2399 23 19 to
550 2397 72 22 obtain

42 2424 120 27 situations,
173 2422 47 22 and
235 2422 45 22 will
297 2423 27 22 be
339 2423 70 22 found
425 2423 85 28 willing
524 2427 24 18 to
560 2424 62 22 make

42 2450 133 23 themselves
192 2449 116 29 generally
326 2450 80 22 useful.
441 2450 43 23 For
502 2450 120 27 reference,

44 2477 64 28 apply
118 2480 23 20 to
150 2476 38 24 the
198 2476 161 28 undersigned.

385 2505 94 21 Samuel
494 2505 104 22 Revans.

266 2550 53 21 For
334 2550 70 24 Sale,

44 2583 91 34 rpHE
150 2583 144 23 COTTAGE
308 2583 94 22 situated
412 2583 24 23 in
453 2583 101 23 Oriental
571 2584 51 27 Bay,

50 2606 28 26 JL
116 2609 46 23 and
175 2609 69 28 lately
253 2610 107 27 occupied
374 2610 30 27 by
414 2611 37 21 the
468 2610 154 27 undersigned.

42 2637 22 21 A
77 2637 54 27 long
148 2637 61 21 lease
226 2635 26 23 of
269 2635 37 23 the
321 2637 84 21 section
420 2644 58 21 upon
498 2637 73 23 which
591 2637 31 22 the

42 2662 69 24 house
119 2662 78 24 stands
205 2662 46 22 will
258 2663 30 22 be
297 2663 101 27 granted.

68 2690 70 22 Town
146 2689 57 23 land
211 2689 45 22 will
264 2690 29 22 be
301 2689 68 23 taken
379 2690 21 21 in
412 2689 122 29 exchange.

69 2717 43 23 For
121 2715 86 24 further
214 2715 136 28 particulars,
362 2717 66 27 apply
438 2720 22 19 to

365 2750 95 23 George
475 2751 90 27 Duppa,
578 2759 26 14 or

47 2797 24 16 _^
365 2777 33 22 W.
416 2778 29 21 V.
459 2778 103 22 Brewer

205 2821 57 23 Oil.'
285 2822 69 22 Oil.'!
379 2822 86 22 Oil!!!

43 2854 93 51 THE
151 2853 75 24 BEST
240 2855 90 22 LAMP
345 2856 52 21 OIL
406 2856 23 22 in
441 2856 144 28 Wellington,
596 2858 26 21 3s.

116 2889 41 21 per
170 2881 70 27 single
255 2882 81 27 gallon,
349 2883 42 22 and
405 2885 32 20 2s.
457 2884 35 21 9d.
512 2884 30 28 by
551 2884 71 28 taking

42 2908 42 23 five
92 2909 96 28 gallons,
196 2912 24 18 at
229 2908 37 23 the
277 2910 74 22 Stores
362 2910 24 22 of

340 2941 34 23 M.
389 2942 89 27 Asher,

405 2969 111 23 Lambton
528 2969 72 28 Quay.

68 2994 56 28 May
132 2996 35 25 23,
179 2995 62 21 1843.

226 3039 37 22 W.
280 3040 33 22 M.
328 3040 107 28 SMITH,

44 3084 54 18 fcATB
108 3082 240 19 SURVSYOR-OENERAL
358 3085 28 14 TO
397 3084 50 16 THE'
458 3087 50 14 NEW
524 3088 98 15 ZEALAND

278 3111 114 20 COMPANY,

57 3156 3 5 .
67 3142 145 27 Surveyor,
226 3141 211 28 Draughtsman,
453 3144 55 20 and
522 3145 77 21 Land

285 3169 102 27 Agent.

41 3204 177 28 Tinakori-road,
229 3204 101 29 January
341 3208 22 25 4,
375 3208 62 21 1843.

107 3257 44 22 Ex
165 3257 18 14 **
304 3259 56 21 and

44 3285 76 54 ON'
143 3283 85 39 S^LE,
251 3291 88 24 bottled
370 3293 71 28 fruits,
465 3293 87 28 raisins,
581 3295 41 23 and

119 3319 108 26 currants,

68 3343 137 28 Carroways,
215 3348 112 25 nutmegs,
338 3347 82 27 cloves,
430 3347 40 22 &c.

68 3369 59 28 Split
134 3376 61 21 peas,
206 3373 104 27 oatmeal,
321 3373 80 23 Scotch
414 3375 85 29 barley,
511 3376 44 22 and
564 3383 58 21 sago,

68 3397 113 23 Hambro'
188 3397 45 22 and
244 3399 60 23 Irish
313 3401 56 28 pork
369 3403 3 8 1
378 3401 24 22 in
411 3401 93 28 barrels,

189 3423 55 23 beef
248 3425 25 23 in
282 3426 86 29 tierces,

69 3449 96 30 English
173 3451 72 23 bacon
255 3452 65 29 (very
328 3453 63 30 fine)',

67 3477 62 23 Loaf
133 3478 46 23 and
188 3477 78 24 Dutch
274 3479 88 30 cheese,

67 3503 74 24 Prints
150 3505 24 23 in
184 3507 63 24 great
256 3507 92 28 variety,

68 3531 82 29 Strong
158 3533 66 22 boots
233 3533 46 22 and
289 3533 79 29 shoes/
371 3535 40 23 &c.

67 3591 89 30 August
164 3596 34 24 29,
211 3594 62 22 1843.
303 3614 3 3 .

209 3646 79 22 Meat
302 3647 148 30 Company.

43 3677 180 51 WANTED,
238 3688 14 15 a
258 3681 73 23 vessel
341 3682 26 23 of
379 3683 68 24 about
454 3687 30 21 30
492 3689 59 20 tons,
562 3690 24 19 to
595 3686 27 23 be

132 3708 54 32 kept
202 3709 129 28 constantly
345 3710 117 28 employed
475 3713 25 22 in
518 3713 104 29 bringing

42 3737 52 22 Pigs,
104 3737 22 19 at
135 3742 14 14 a
158 3734 60 23 fixed
224 3735 63 28 price
297 3743 41 21 per
346 3738 83 28 pound,
435 3739 59 24 from
503 3740 40 23 the
553 3745 69 23 coast,

43 3760 32 20 for
82 3760 43 23 this
134 3761 177 24 establishment.

47 3827 16 2 _
307 3797 38 23 W.
358 3797 105 31 FtvpEß,
476 3801 118 28 Manager.

96 3869 3 7 ,
109 3847 54 22 For
176 3847 69 28 Sale,
259 3850 92 26 Seeds,
367 3857 37 15 eac

44 3874 141 52 J^Si?&
181 3880 33 24 cci
215 3888 13 29 Ie&I
229 3890 11 14 e
242 3882 20 35 &
282 3890 14 16 a
297 3909 3 7 ,
319 3884 52 23 valu
372 3884 49 25 *ble
444 3882 142 29 assorimehV
597 3889 25 22 of

64 3928 2 5 ,
103 3905 323 30 freih'Seedsfrbm'Londorii'
510 3912 19 18 «•

68 3938 14 13 ••
90 3940 92 24 C»Mtt«
188 3933 21 19 ••'
215 3940 76 32 Offic*,
302 3942 90 32 August
401 3947 34 29 11,
447 3947 61 24 1WI.

855 707 76 22 THIS
955 706 82 23 DAY.

813 741 62 21 Sale
891 741 33 21 of
935 740 140 26 Clothing.

653 776 92 56 MR.
757 774 85 23 JOHN
857 774 96 22 WADE
968 772 45 23 will
1032 772 41 23 sell
1089 772 31 28 by
1134 770 101 27 Auction,

744 805 24 19 at
776 802 34 22 his
819 802 82 26 Stores,
913 807 30 15 on
955 800 139 26 Wednesday
1106 803 61 23 next,
1184 797 51 27 (this

653 832 53 25 day)
717 829 37 22 6th
764 828 25 23 of
795 828 139 28 September,
945 830 24 19 at
978 829 11 20 1
1002 826 87 26 o'clock
1097 824 117 30 precisely,
1226 830 9 15 a

653 856 100 28 superior
762 859 134 19 assortment
907 855 27 21 of
945 854 113 28 superfine
1068 852 108 28 clothing,
1187 857 48 17 con-

653 883 79 27 sisting
743 883 51 21 of—

680 917 70 22 Dress
760 916 44 23 and
821 915 64 24 frock
901 918 71 24 coats,
987 915 111 28 superfine
1115 913 27 23 of
1152 912 83 24 various

654 944 94 27 colours,

681 970 116 28 Superfine
808 969 67 28 cloth,
887 976 132 20 cassemere,
1030 967 80 28 tweed,
1120 966 115 26 buckskin,

653 998 45 21 and
709 991 113 28 cashmere
833 1000 112 23 trowsers,

681 1024 115 27 Superfine
807 1023 66 27 cloth,
886 1031 131 18 cassemere,
1026 1022 81 27 velvet,
1116 1020 50 29 silk,
1174 1022 61 23 satm,

652 1051 47 21 and
710 1051 87 21 various
806 1050 64 22 other
879 1050 68 26 fancy
955 1052 66 24 vests,

680 1078 116 26 Superfine
806 1076 62 23 cloth
877 1076 122 22 children's
1010 1076 83 26 cloaks,

682 1103 112 27 Together
803 1103 54 22 with
866 1111 14 14 a
889 1103 88 27 variety
986 1103 27 21 of
1018 1102 64 22 other
1091 1102 84 26 things.

681 1130 49 22 The
739 1130 70 21 above
820 1137 58 16 were
889 1130 32 21 all
931 1130 66 21 made
1007 1129 30 27 by
1047 1136 42 15 one
1099 1129 27 21 of
1131 1129 38 21 the
1169 1155 5 5 >
1182 1129 53 21 most

652 1156 141 23 fashionable
802 1156 77 23 tailors
889 1156 23 22 in
930 1156 141 27 Edinburgh,
1082 1156 45 21 and
1139 1155 68 26 being
1216 1152 19 23 of

652 1183 39 22 the
708 1183 50 22 best
777 1183 108 26 material,
901 1190 40 15 are
959 1183 50 21 well
1023 1183 85 26 worthy
1123 1183 27 21 of
1165 1179 70 30 public

652 1210 118 27 attention,
781 1210 45 22 and
838 1210 45 22 will
893 1210 29 21 be
931 1209 49 22 sold
990 1209 94 23 without
1092 1216 95 15 reserve.

852 1249 76 14 TERMS
944 1249 27 14 AT
988 1249 62 14 SALE.

680 1275 131 28 September
819 1277 22 25 4,
853 1277 60 20 1843.

817 1323 159 23 SHERIFF'S
992 1323 86 23 SALE.

762 1358 35 21 In
818 1358 45 21 the
884 1358 132 26 Supreme
1038 1358 95 21 Court.

654 1392 105 22 Between
769 1392 72 22 John-
848 1392 82 27 Jones,
946 1393 99 24 Plaintiff
1045 1393 11 23 ';
1073 1393 45 22 and
1129 1386 106 28 William

832 1419 94 26 Woods,
941 1420 127 25 Defendant.

655 1451 71 49 BY
741 1452 71 22 virtue
830 1452 26 21 of
870 1459 13 14 a
897 1451 60 22 Writ
972 1451 26 22 of
1010 1452 124 23 Execution
1155 1451 80 28 against

732 1479 39 22 the
792 1478 76 23 Goods
886 1478 47 22 and
953 1478 98 23 Chattels
1071 1478 27 23 of
1113 1480 39 21 the
1171 1480 64 21 above

654 1505 85 22 named
755 1505 138 27 Defendant,
906 1504 39 23 the
961 1505 85 23 Sheriff
1051 1505 45 23 will
1106 1513 66 15 cause
1181 1510 23 17 to
1212 1505 23 22 be

656 1532 54 22 Sold
719 1533 29 27 by
759 1532 76 23 Public
847 1532 105 27 Auction,
963 1539 30 15 on
1002 1532 118 28 Thursday
1130 1537 62 23 next,
1204 1532 31 22 the

655 1559 39 24 7th
713 1560 60 26 inst.,
793 1564 23 17 at
835 1561 11 20 1
866 1555 87 27 o'clock
971 1560 116 27 precisely,
1101 1560 84 27 (unless
1199 1559 36 22 this

655 1586 127 23 Execution
802 1587 27 21 be
849 1586 127 28 previously
986 1587 95 27 stayed,)
1094 1595 30 14 on
1140 1588 36 21 the
1193 1593 42 21 pre-

655 1612 68 23 mises
733 1613 26 22 of
766 1614 45 22 Mr.
821 1614 27 21 T.
859 1614 34 22 M.
905 1611 134 29 Machattie,
1047 1614 112 23 Lambton
1171 1615 64 27 Quay,

655 1647 15 15 a
679 1641 104 27 quantity
792 1640 26 22 of
823 1640 81 23 Whale
916 1640 38 21 Oil
963 1640 45 23 and
1019 1641 68 27 Bone,
1094 1642 39 21 the
1138 1645 97 24 property

656 1666 24 23 of
687 1668 40 21 the
736 1667 50 22 said
795 1667 138 27 Defendant,
945 1668 92 21 without
1046 1675 96 16 reserve.

936 1702 87 23 Henry
1037 1703 37 22 St.
1090 1703 70 28 Hill,

1131 1735 85 23 Sheriff.

684 1761 142 29 Wellingtoa,
839 1762 59 27 Sept.
909 1763 21 26 4,
942 1763 62 22 1843.

854 1807 99 22 Public
977 1807 70 26 Sale,

657 1842 161 48 MESSRS.
844 1841 154 23 BETHUNE
1020 1842 67 22 AND
1113 1842 122 23 HUNTER

748 1868 46 23 will
804 1868 40 23 sell
854 1868 30 27 by
894 1868 79 23 Public
981 1870 107 26 Auction,
1100 1873 22 18 at
1132 1870 103 22 Lambton

656 1895 73 27 Quay,
740 1903 29 14 on
780 1894 83 29 Friday
873 1897 62 25 next,
947 1895 39 23 Bth
1002 1896 132 28 September
1147 1900 88 24 current;

656 1925 23 18 at
689 1922 108 27 half-past
807 1924 33 25 12,
852 1929 29 14 ex
893 1923 87 25 Tyne—

673 1964 5 3 ■
683 1955 89 24 Sundry
781 1955 126 25 provisions
917 1955 46 21 and
972 1955 88 27 surplus
1068 1959 77 23 stores,

684 1981 106 26 Superior
802 1984 51 24 port
863 1981 45 21 and
919 1981 79 28 sherry
1006 1982 74 27 wines,

684 2007 132 26 Glassware,
827 2011 39 19 cut
876 2007 46 22 and
931 2007 69 28 plain,
1011 2008 23 22 in
1044 2011 154 25 assortments,

684 2034 163 28 Ironmongery
859 2033 25 23 of
891 2034 99 23 saleable
1000 2035 143 28 description,

684 2061 88 22 Beaver
777 2061 56 26 hats,
843 2068 14 15 a
864 2061 104 28 quantity
974 2063 108 21 seasoned
1089 2063 43 21 bed
1139 2063 96 22 feathers,

684 2087 91 23 Bottled
785 2087 73 28 fruits,
870 2088 87 27 raisins,

685 2114 95 22 Saddles
790 2115 44 22 and
844 2114 92 29 bridles,

684 2141 111 28 Dressing
804 2150 69 19 cases,
884 2143 62 21 work
956 2143 77 26 boxes,
1040 2143 42 23 Sic.

684 2169 54 21 And
749 2176 14 14 a
773 2169 86 28 variety
868 2169 26 22 of
901 2169 166 23 merchandize.

920 2209 63 19 ALSO,

685 2229 11 20 1
706 2228 100 27 superior
816 2228 49 22 well
875 2228 55 23 bred
943 2229 61 26 Cape
1014 2236 67 21 mare,
1093 2230 112 28 imported
1214 2230 21 28 bj

657 2254 64 28 Capt.
732 2254 132 28 Robertson,
874 2255 24 22 in
906 2255 40 23 the
959 2256 63 26 Tyne.

684 2287 132 27 September
824 2289 21 24 4,
854 2289 61 21 1843.

712 2333 102 22 Messrs.
839 2333 157 22 HOLROYD
1022 2341 46 15 and
1095 2334 97 28 HART,

821 2368 130 22 Notaries
974 2369 110 25 Public,

746 2407 39 14 TE
813 2407 73 20 ARO,
915 2407 244 16 WELLINGTON.

685 2437 133 26 September
826 2439 21 24 4,
858 2438 62 22 1843.

790 2483 42 21 On
846 2484 71 24 Sale,
932 2490 38 15 ex

658 2516 180 50 WINDOW
854 2517 99 23 GLASS
967 2519 84 25 20+16
1060 2522 23 18 to
1094 2520 76 26 10-f-8,

756 2543 124 23 Leather—
881 2545 47 22 sole
938 2545 45 22 and
999 2545 113 28 calf-skin,

687 2570 59 22 Boat
754 2571 97 22 anchors
859 2571 47 22 and
915 2571 87 29 chains,

686 2598 39 21 An
736 2601 132 19 astortment
877 2599 25 21 of
912 2599 88 21 hollow-
1006 2606 64 21 ware,

688 2625 136 22 Glass-ware
825 2636 26 4 —
853 2626 135 27 comprising
997 2626 61 28 plain
1068 2627 44 22 and
1123 2632 37 17 cut
1170 2627 65 22 dinne:

661 2651 103 27 services,
781 2651 75 28 wines,
873 2652 114 28 tumblers,
1006 2653 110 28 druggists
1131 2654 104 23 furniture

661 2677 61 23 show
731 2679 91 26 glasses,
833 2679 44 22 and
887 2679 65 28 vials,
964 2680 48 27 &c.

689 2705 76 22 White
774 2704 53 23 lead
835 2705 47 22 and
891 2705 64 23 sheet
962 2706 60 28 lead,

689 2731 76 23 Prime
776 2732 59 23 Irish
842 2733 63 28 pork,
917 2733 53 28 split
978 2741 60 20 peas,
1049 2735 40 22 &c.

924 2772 115 23 Bethune
1054 2773 43 23 and
1112 2774 109 23 Hunter.

630 2810 2 4 •
689 2803 160 28 September!,
861 2805 61 21 1843.

859 2850 44 21 Ex

742 2910 74 22 JUST
837 2909 144 23 ARRIVED
995 2911 61 23 PER
1074 2912 92 22 MARY.

661 2941 240 51 MOUSSELINE
920 2941 28 23 de
970 2940 115 26 LAINES
1105 2944 45 22 and
1169 2944 66 28 prints

752 2972 85 19 newest
844 2972 107 24 patterns,

686 2996 150 23 Fashionable
845 2996 95 22 bonnets
950 2996 45 23 and
1006 2997 120 29 millinery,

686 3023 84 23 Tartan
781 3023 46 22 and
835 3023 88 28 Paisley
930 3023 83 23 shawls
1022 3025 46 23 and
1077 3025 158 23 handkerchief

686 3050 127 22 Children's
822 3051 64 22 boots
895 3050 46 22 and
950 3051 73 28 shoes,
1034 3051 59 29 baby
1103 3053 68 26 linen,

686 3077 80 28 Toilet,
778 3078 75 27 swing,
865 3077 43 23 and
920 3077 103 29 dressing
1032 3079 90 27 glasses,

686 3103 104 23 Window
799 3104 66 27 glass,
875 3105 90 22 various
974 3105 63 28 sizes,
1046 3113 4 4 -

687 3131 73 26 Paper
767 3131 112 27 hangings
889 3131 24 22 in
922 3135 65 24 great
994 3132 95 29 variety,

687 3158 129 27 Stationery
824 3157 46 23 and
878 3162 99 18 account
985 3159 77 28 hooks,

687 3184 109 28 Quantity
804 3185 28 21 of
834 3185 60 26 jams
904 3185 48 22 and
959 3186 175 29 confectionery,

686 3211 90 23 Double
786 3211 46 22 Glo
840 3214 45 20 ster
894 3211 46 23 and
948 3212 52 28 pine
1010 3213 87 28 cheese,
1113 3215 46 22 fine
1174 3214 61 23 hams

685 3237 82 24 Mixed
775 3237 87 29 pickles
870 3239 25 22 in
905 3238 72 23 dozen
986 3247 70 20 cases,

686 3265 93 23 Garden
788 3265 65 23 seeds
861 3265 25 23 in
895 3266 101 23 assorted
1004 3267 99 28 packets,

685 3291 87 29 Clover,
784 3293 90 28 mangel
884 3293 99 28 wurtzel,
992 3293 47 24 and
1048 3295 75 29 turnip
1131 3295 61 28 seed,

686 3320 60 22 Corn
757 3319 45 23 and
810 3322 90 26 potatoe
911 3320 72 29 sacks,

685 3346 44 23 Tin
738 3346 73 29 plates
819 3347 25 22 in
853 3347 77 28 boxes,

669 3370 5 6 *
685 3371 83 30 Sherry
776 3374 26 22 in
811 3373 134 28 hogsheads.

946 3406 100 24 George
1061 3408 77 29 Hart,

1022 3440 112 23 Lambton
1146 3441 74 27 Quay.

685 3472 91 27 August
785 3473 34 26 11,
832 3473 62 22 1843.
933 3492 3 4 ,
1098 3479 3 8 •

659 3517 103 49 THE'
773 3518 80 21 Nelson
875 3519 120 21 Examiner
1016 3521 45 21 and
1080 3521 54 21 New
1157 3520 78 21 Zealam

732 3545 112 21 Chronicle
858 3543 129 28 (published
994 3545 25 24 ait
1028 3547 103 28 Nelson,')
1147 3547 19 22 is
1172 3545 6 9 '"
1183 3554 52 21 regu

654 3571 59 30 larly
732 3572 144 24 transmitted
888 3576 27 20 to
919 3573 13 28 '
932 3573 143 28 Wellington,
1094 3575 46 22 and
1154 3580 53 22 may
1221 3573 14 23 bi

656 3597 45 25 had
710 3602 24 19 at
742 3598 38 24 the
790 3599 64 24 office
863 3599 28 23 of
901 3599 44 24 this
953 3607 78 23 paper.

683 3630 48 25 The
741 3632 79 23 Nelton
828 3633 118 22 Examiner,
960 3633 85 24 willbe
1053 3633 71 23 found
1133 3640 30 16 an
1174 3632 61 24 excel

654 3658 50 23 lent
710 3658 102 24 medium
821 3659 35 23 for
865 3659 142 24 advertisers.

670 3712 3 9 ,
682 3690 79 23 Terms
771 3691 34 23 for
813 3691 40 23 the
861 3699 82 22 paper,,
946 3695 39 20 ten
993 3691 103 28 shillings
1110 3698 40 22 per
1159 3694 76 26 quarte:

653 3717 97 29 payable
757 3717 25 23 in
792 3717 109 24 advance.

682 3749 89 28 Orders,
787 3750 35 23 for
842 3750 38 23 the
902 3757 69 22 paper
993 3750 47 23 and
1061 3745 174 28 advertisement!

653 3777 106 26 received
767 3780 23 19 at
799 3777 40 22 the
849 3777 71 22 Office
931 3778 26 21 of
968 3777 46 22 this
1022 3784 85 20 paper.'

846 3829 84 21 Fresh
945 3828 108 25 Butter,

654 3862 164 50 ALWAYS
834 3869 30 15 on
877 3862 52 22 Sale
944 3864 25 19 at
985 3860 44 23 the.
1034 3861 65 23 Meat
1110 3861 117 29 Company
1229 3861 5 9 1
1234 3869 2 14 !

733 3888 118 29 premises.
1049 3904 3 5 ■
1114 3907 4 6 ,
1148 3908 2 4 ,
1165 3907 4 5 ,

712 3923 17 14 >■
776 3919 2 3 ■
927 3913 37 24 W.
980 3914 104 30 FlVgbr,
1099 3915 119 29 Manager.

679 3948 163 28 Willis-street,
853 3947 56 24 Dec.
919 3949 22 27 2,
952 3946 63 25 1842.

1270 702 66 22 Just
1345 702 134 26 received,
1491 708 37 15 ex
1664 702 55 20 and

1270 741 171 49 ALARGE
1440 738 4 12 ;
1454 736 162 30 QUANTITY
1628 739 42 23 OF
1684 739 172 27 BLANKETS,
1865 729 2 43 {

1350 767 64 23 West
1428 768 26 21 of
1468 767 105 28 England
1585 766 110 28 superfine
1708 766 70 22 broad
1789 765 66 27 cloth,

1246 791 2 27 I
1268 793 62 29 blue,
1340 795 76 27 black,
1428 794 55 23 dark
1493 801 73 21 green,
1580 793 87 22 Oxford
1682 793 114 26 mixtures,
1808 793 48 26 &c,

1241 839 2 4 ,
1246 819 2 26 !
1268 821 58 28 pilot
1336 821 68 28 cloth,
1414 821 91 27 flannel,

1246 864 3 3 ■
1296 848 23 22 A
1338 848 106 29 quantity
1463 848 26 21 of
1501 854 68 21 grass,
1589 846 97 27 vetches,
1707 846 80 27 clover,
1813 845 44 23 and

1268 874 89 27 garden
1366 875 71 27 seeds,
1449 875 127 26 stationery,
1587 876 95 20 account
1690 873 76 27 books,

1297 901 133 27 Iron-ware,
1442 904 36 20 tea
1486 901 89 27 kettles,
1587 901 48 21 iron
1646 907 129 21 saucepans,

1296 929 24 21 A
1326 928 91 28 Variety
1427 928 26 22 of
1456 927 77 23 -China
1541 927 44 23 and
1594 927 53 22 blue
1656 934 65 19 ware,

1297 954 62 28 Pins,
1371 955 98 27 needles,
1480 955 46 22 and
1535 954 111 27 thimbles,
1658 958 37 18 tea
1703 957 66 24 trays,

1298 981 21 22 A
1327 981 62 29 large
1408 985 135 18 assortment
1562 981 26 22 of
1603 981 45 22 fine
1665 983 39 19 cut
1719 980 60 34 clasp
1794 979 63 27 nails,

1267 1007 64 23 hand
1339 1009 46 22 and
1394 1008 71 22 frame
1472 1016 43 14 saw
1522 1009 55 26 files,
1585 1008 116 21 Britannia
1707 1005 68 24 metal
1782 1006 74 27 goods,

1268 1036 131 26 percussion
1408 1042 59 21 guns
1477 1035 45 22 and
1532 1042 58 21 caps,
1599 1035 44 22 bed
1653 1041 86 20 screws,
1747 1036 34 20 rat
1791 1036 65 25 traps,

1269 1061 108 23 standard
1387 1061 77 27 scales,
1475 1061 67 28 globe
1552 1062 58 27 glass
1619 1061 95 27 reading
1722 1061 78 27 lamps,
1811 1060 48 22 iron

1270 1089 101 27 weights,
1382 1089 54 22 seed
1446 1089 80 26 wheat,
1538 1089 40 21 &c.

1660 1114 76 22 James
1752 1114 80 22 Mayo.

1242 1143 8 20 >'
1298 1147 100 23 Herbert
1406 1149 81 26 Street,
1498 1148 33 21 Te
1541 1148 53 26 Aro,
1606 1147 59 28 Sept.
1677 1149 19 24 1,
1708 1148 63 21 1843.

1505 1193 42 21 On
1561 1193 70 25 Sale,

1271 1226 76 49 EX
1383 1227 121 25 Vanguard,
1545 1227 63 26 Tyne,
1636 1225 45 22 and
1718 1224 65 23 other
1817 1224 43 23 late

1350 1254 94 22 arrivals
1445 1264 29 5 —

1298 1285 63 27 Port,
1371 1285 139 27 Tarragona,
1522 1284 46 22 and
1577 1284 93 27 Malaga
1676 1283 69 23 wines
1752 1284 24 22 in
1786 1283 63 23 wood
1856 1299 6 11 ,

1268 1311 80 28 sherry
1369 1312 58 22 wine
1445 1319 26 15 in
1488 1311 78 26 bottle,
1589 1310 46 23 fine
1658 1318 85 19 cognac
1768 1311 94 27 brandy,

1267 1338 115 27 blankets,
1397 1339 81 26 prints,
1496 1338 88 27 shawls,
1602 1337 117 27 scarfs,,de
1728 1337 80 28 lames,
1818 1337 45 22 and

1270 1372 14 15 a
1293 1365 88 28 variety
1388 1365 26 22 of
1422 1366 66 22 other
1495 1365 65 28 piece
1569 1365 71 27 goods
1648 1363 46 23 and
1702 1365 59 28 slops
1769 1372 6 19 ;
1785 1365 77 27 spices,

1241 1399 2 14 :
1265 1394 50 23 ,viz.
1317 1404 28 4 —
1345 1395 112 25 nutmegs,
1469 1393 83 26 cloves,
1567 1391 88 28 ginger,
1667 1392 77 27 cassia,
1755 1392 107 27 pimento;

1270 1426 116 21 carraway
1400 1420 72 27 seeds,
1490 1426 67 20 sago:
1577 1419 67 22 black
1658 1418 47 22 and
1721 1426 69 20 green
1809 1422 53 23 teas,

1241 1458 2 15 ;
1271 1447 79 28 coffee,
1366 1454 75 20 sugar,
1458 1445 74 24 China
1549 1452 123 22 preserves,
1691 1445 77 23 lemon
1788 1453 75 20 syrup,

1241 1486 2 13 i
1270 1472 72 29 hams,
1363 1474 89 27 raisins,
1476 1473 95 27 cheese;
1596 1473 73 22 men's
1693 1475 76 25 strong
1790 1472 72 27 boots,

1241 1512 2 14 i
1269 1499 97 29 leather,
1377 1501 44 22 and
1435 1500 108 28 grindery
1550 1508 6 19 ;
1572 1507 29 15 an
1616 1500 91 22 invoice
1726 1499 26 22 of
1766 1500 97 22 assorted

1241 1539 2 14 i
1271 1527 104 28 sadlery;
1400 1534 14 16 a
1433 1527 61 28 large
1518 1527 105 28 quantity
1647 1527 27 21 of
1695 1526 102 22 Colonial
1819 1527 45 21 and

1241 1565 2 16 i
1272 1549 124 28 American
1406 1555 88 26 timber,
1505 1554 75 27 slates,
1590 1553 93 23 biscuits
1694 1553 44 23 and
1754 1553 109 28 crackers,

1241 1597 2 5 .
1272 1581 95 23 tobacco
1386 1582 25 22 in
1429 1583 70 22 2001b
1517 1581 63 28 kegs,
1599 1581 106 27 feathers,
1723 1581 140 27 turpentine:

1241 1629 2 10 ,
1272 1609 69 22 white
1359 1608 84 27 clover,
1460 1608 102 28 timothy,
1582 1607 45 23 and
1644 1615 63 21 grass
1722 1607 70 28 seeds,
1812 1604 53 26 seed

1242 1648 1 10 r
1272 1635 93 29 barley;
1387 1635 83 23 bullets
1490 1635 46 23 and
1553 1635 68 26 flints,
1646 1635 47 22 and
1712 1642 14 14 a
1739 1634 87 28 variety
1844 1635 22 21 of

1273 1662 66 23 other
1347 1662 91 23 articles
1446 1662 75 23 suited
1530 1666 24 18 to
1564 1662 38 22 the
1613 1665 71 19 wants
1694 1661 27 23 of
1727 1662 37 22 the
1772 1661 94 28 Colony.

1557 1696 37 21 W.
1610 1696 26 22 B.
1653 1696 96 22 Rhodes
1764 1696 21 22 &
1798 1695 40 22 Co.

1303 1723 92 27 August
1404 1723 33 26 17,
1449 1724 62 21 1843.

1242 1772 12 26 J
1477 1769 44 21 Ex

1276 1802 74 50 ON
1365 1803 80 23 SALE
1459 1802 31 28 by
1503 1802 39 23 the
1557 1802 157 28 undersigned'
1714 1814 26 4 —

1356 1830 85 22 Hunt's
1449 1830 102 28 superior
1561 1830 37 22 old
1608 1833 51 25 port
1668 1830 64 26 wine,
1748 1828 86 23 bottled
1844 1829 22 22 in

1242 1854 2 37 |
1275 1857 96 27 Oporto,

1300 1884 109 28 Hosiery,
1419 1884 58 27 lace,
1488 1884 46 21 and
1543 1884 96 26 netting,

1241 1913 2 10 '
1248 1934 6 8 t
1303 1910 169 27 Earthenware,
1483 1910 51 22 well
1545 1910 106 26 assorted,

1248 1934 38 23 V*
1293 1939 3 9 '
1301 1936 127 27 Champion
1432 1937 31 20 -fit
1468 1938 41 20 Co.
1514 1937 17 21 'a
1536 1937 42 20 -yin
1581 1936 86 26 egetir-in
1677 1936 52 21 half
1735 1936 131 27 hogsheads.

1660 1969 90 23 Willis
1765 1969 21 23 &
1801 1969 38 23 Co.

1304 2002 147 28 Wellington,
1463 2004 91 26 August
1564 2004 34 26 14,
1608 2004 62 21 1843.

1519 2048 54 20 For
1587 2047 70 25 Sale,

1275 2079 160 50 WHEAT
1457 2079 67 22 AND
1546 2079 110 27 FLOUR,
1673 2080 38 21 the
1729 2079 98 27 produce
1846 2079 20 22 of

1374 2106 38 22 the
1423 2106 66 27 Hutt,
1500 2106 24 22 in
1540 2106 55 28 bags
1606 2106 104 28 (2001b5,)
1724 2110 23 18 at
1762 2106 35 25 £2
1811 2108 55 26 10a.,

1276 2133 51 22 half
1343 2134 54 26 bags
1415 2134 33 21 £1
1470 2135 32 20 ss.
1541 2133 60 28 Bags
1620 2137 22 18 to
1662 2134 27 21 be
1708 2133 115 27 returned,
1843 2141 23 15 or

1277 2160 97 27 charged
1388 2162 32 20 2s.
1435 2160 38 22 6d.
1503 2160 55 22 Also
1568 2168 14 14 a
1591 2160 65 22 small
1671 2160 103 28 quantity
1784 2161 27 22 of
1816 2161 50 22 seed

1277 2187 77 28 spring
1362 2187 49 22 and
1418 2188 82 21 winter
1508 2188 75 21 wheat
1592 2187 44 22 and
1646 2187 95 22 skinless
1750 2188 85 27 barley.

1242 2238 4 16 T
1306 2221 76 28 Apply
1392 2224 24 19 to
1432 2221 93 22 Messrs.
1536 2221 98 23 Rhodes
1649 2221 47 23 and
1708 2222 47 26 Co.,
1766 2221 33 23 Te
1815 2222 51 27 Aro,

1278 2256 25 14 or
1312 2252 24 18 to
1345 2249 47 21 Mr.
1407 2249 130 26 Swainson,
1554 2247 150 28 Hawkshead,
1717 2249 69 22 River
1802 2249 64 22 Hutt.

1306 2280 55 27 July
1371 2281 21 26 4,
1405 2281 62 21 1843.

1280 2326 74 50 ON
1369 2326 86 26 SALE,
1465 2329 24 18 at
1496 2326 39 22 the
1545 2326 75 22 Stores
1630 2326 25 22 of
1661 2326 39 22 the
1710 2326 156 27 undersigned,

1359 2360 29 15 ex
1398 2354 74 20 Scotia
1472 2364 28 5 —

1390 2385 76 27 Flour,

1390 2412 64 27 Rice,

1390 2440 78 26 Sugar,

1389 2463 100 31 Brandy,

1390 2493 91 22 Bottled
1491 2492 36 23 ale
1537 2492 44 23 and
1592 2496 82 25 porter,
1686 2493 102 27 Dunbar,

1526 2520 99 22 Thomas
1641 2520 38 23 M.
1691 2520 151 23 Machattie.

1307 2546 66 29 April
1383 2547 20 27 7,
1416 2548 62 21 1843.

1447 2593 92 21 Beach
1556 2593 147 27 Frontage.

1242 2635 7 14 r
1282 2627 66 22 TTIO
1364 2626 40 23 BE
1419 2626 66 27 LET,
1500 2626 74 22 beach
1582 2627 102 26 frontage
1698 2627 45 22 lots
1754 2627 23 21 in
1787 2630 79 19 section

1242 2662 5 20 i,
1287 2649 30 26 X
1354 2655 43 20 490
1407 2661 30 14 on
1453 2653 38 22 the
1501 2653 58 22 Plan
1569 2654 26 21 of
1602 2653 38 22 the
1649 2653 70 22 Town
1733 2654 27 21 of
1765 2653 101 28 Welling-

1280 2683 46 24 ton,
1338 2680 118 28 adjoining
1465 2680 44 23 Mr.
1517 2680 91 23 Taine's
1615 2683 67 24 store;
1698 2680 47 23 and
1754 2680 24 23 in
1787 2680 79 23 section

1279 2708 48 26 616,
1335 2707 102 22 between
1446 2708 76 27 Major
1529 2708 94 22 Baker's
1632 2707 45 22 and
1686 2708 45 21 Mr.
1739 2708 127 22 Swainson'a

1280 2733 89 24 houses.

1307 2761 57 22 Also
1374 2761 39 22 the
1421 2761 116 27 following
1546 2761 97 22 sections
1653 2768 29 15 on
1691 2761 40 23 the
1738 2761 57 23 Plan
1802 2762 27 22 of
1835 2762 31 22 the

1280 2787 79 29 Town,
1369 2788 49 23 viz:
1418 2799 29 6 —

1384 2821 28 21 55
1550 2821 42 21 319
1742 2822 40 20 922

1371 2848 43 21 240
1550 2848 42 22 718
1729 2848 53 23 1079

1307 2874 78 27 Apply
1398 2877 25 19 to

1461 2901 27 21 E.
1503 2901 22 21 J.
1541 2900 151 27 Wakefield,
1707 2908 27 14 or

1241 2952 2 12 ]
1456 2933 37 21 W.
1509 2932 29 22 V.
1554 2933 108 26 Brewer,
1677 2933 189 22 Manners-street.

1445 2978 45 21 Ex

1241 3025 2 5 ■
1333 3012 51 23 0W
1395 3011 159 28 LANDING,
1570 3011 45 23 and
1623 3018 30 16 on
1663 3011 51 23 Sale
1726 3015 24 19 at
1759 3011 38 23 the
1808 3012 58 22 Store

1278 3034 44 29 _L^
1361 3039 27 22 of
1394 3039 39 22 the
1446 3038 153 28 undersigned
1599 3049 28 6 —

1304 3072 111 22 Blankets
1436 3073 34 26 11,
1486 3073 33 25 12,
1534 3070 46 23 and
1596 3073 27 21 13
1641 3074 110 26 quarters,
1770 3070 96 28 superior

1277 3099 94 28 quality,

1303 3126 77 22 Bottle
1390 3125 75 28 fruits,
1476 3128 109 24 currants,
1595 3125 87 27 rais'ns,

1304 3154 90 22 Lemon
1403 3160 70 22 syrup
1481 3153 26 22 in
1521 3152 78 28 bottle,
1609 3153 49 27 gin,
1668 3152 45 23 and
1723 3160 14 15 a
1746 3152 88 29 variety
1848 3153 18 22 of

1277 3180 65 23 other
1351 3180 81 28 goods.

1242 3229 4 12 ,
1304 3214 51 23 fIST
1379 3212 35 22 M.
1425 3212 29 22 A.
1464 3211 47 23 will
1529 3211 54 28 buy,
1601 3211 35 23 for
1655 3211 59 28 cash,
1735 3212 27 22 10
1778 3214 51 19 tons
1848 3211 18 23 of

1277 3239 73 23 Black
1360 3239 39 23 Oil
1408 3246 27 16 or
1442 3246 73 20 more,
1525 3246 30 16 on
1564 3239 118 23 moderate
1689 3241 76 19 terms.

1525 3272 35 23 M.
1575 3272 104 24 Asher's
1694 3272 72 28 Store,

1644 3299 114 23 Lambton
1768 3299 74 27 Quay.

1306 3328 91 28 August
1407 3328 34 27 17,
1453 3328 61 22 1843.

1333 3374 123 22 Wanted
1470 3375 30 20 to
1515 3372 145 28 purchase,
1675 3371 43 22 for
1733 3371 80 26 Cash,

1286 3410 17 34 |
1314 3410 72 34 f\f\
1414 3411 82 23 TUNS
1514 3410 54 23 OIL
1582 3409 69 24 AND
1666 3409 93 28 BONE,
1775 3409 91 23 deliver-

1416 3438 49 23 able
1477 3437 24 24 in
1512 3445 25 15 or
1545 3437 71 23 about
1625 3437 73 23 Cooks
1707 3437 80 23 Straits
1797 3444 7 20 ;
1823 3437 43 23 also

1416 3473 15 15 a
1439 3465 104 29 quantity
1554 3465 29 21 of
1587 3464 51 23 Seal
1650 3464 75 23 Skins.

1307 3497 76 29 Apply
1391 3517 4 4 .
1401 3500 24 19 to
1444 3496 96 28 Captain
1558 3496 135 28 Robertson,
1710 3496 26 22 of
1750 3496 38 23 the
1806 3497 60 27 Tyne,

1242 3528 7 12 *
1280 3531 25 15 or
1314 3528 24 18 to

1541 3550 116 24 Bbthune
1670 3550 47 23 and
1731 3550 111 24 Hunter.

1242 3580 7 16 8
1306 3582 147 29 Wellington,
1465 3583 91 27 August
1566 3583 33 28 15,
1611 3584 61 23 1843.

1354 3648 3 4 ■
1388 3634 43 21 On
1446 3633 71 26 Sale,
1532 3639 37 16 ex

1279 3664 66 24 Off
1377 3665 117 25 CHESTS
1524 3666 206 24 GUNPOWDER
1757 3667 71 28 TEA,

1242 3698 7 14 r
1278 3689 69 25 JUij
1404 3694 19 21 5-
1432 3698 52 18 tons
1493 3693 46 23 fine
1548 3701 77 20 sugar,

1404 3722 15 20 2
1433 3724 52 19 tons
1497 3721 90 27 Bengal
1595 3721 55 27 rice,

1242 3756 6 15 ■
1407 3747 96 28 Ginger,
1513 3754 91 23 pepper,
1615 3747 41 23 &c.

1470 3792 8 9 •'
1544 3785 116 23 Bethune
1674 3785 43 23 aad
1731 3785 112 23 Hunter.

1305 3811 148 28 Wellington,
1465 3811 91 29 August
1567 3812 35 27 15,
1613 3813 62 21 1843.
1727 3830 4 4 .

1242 3862 16 21 s'
1271 3865 3 8 1
1387 3877 1 6 ,
1465 3862 68 22 Just
1545 3862 135 22 received.

1278 3893 129 53 PLANS
1430 3893 28 23 of
1471 3893 45 26 .the
1538 3893 73 24 Town
1628 3893 28 24 of
1673 3893 169 25 Wbllinoton.

1329 3940 4 4 .
1349 3921 60 24 Plan
1430 3921 28 22 of
1463 3920 38 24 the
1509 3921 113 24 Harbour
1631 3921 26 24 of
1670 3921 57 26 Port
1743 3921 123 24 Nicholson

1303 3949 108 28 Message
1420 3947 72 29 cards,
1670 3956 5 3 •
1686 3971 3 7 ,
1701 3949 4 2 '
1712 3963 2 3 ■

1941 702 209 25 IMPORTANT
2176 702 247 32 SUPPLEMENT,

1922 760 25 24 A
1965 759 185 32 supplementary
2161 760 97 23 number
2274 760 25 23 of
2317 760 40 24 the
2378 760 101 29 Gazette,

1888 794 64 31 price
1971 793 50 29 6d.,
2045 793 62 29 cash,
2125 793 20 23 is
2168 800 31 17 on
2220 793 48 23 sale
2290 796 24 20 at
2335 793 47 24 this
2403 793 73 29 office,

1889 827 136 30 containing
2036 835 14 15 a
2061 826 67 24 letter
2139 829 22 20 to
2175 825 64 24 Lord
2250 826 106 31 Stanley,
2367 832 25 19 to
2407 826 75 24 which

1889 860 47 23 will
1955 860 29 23 be
2002 859 119 33 appended
2133 867 13 15 a
2165 859 43 23 full
2227 867 117 23 summary
2357 861 25 22 of
2399 859 31 24 all
2441 859 39 24 the

1888 892 149 24 information
2048 897 24 19 at
2082 897 94 26 present
2185 892 78 23 before
2275 892 39 24 the
2330 892 79 32 public
2419 892 60 24 rela-

1889 927 46 22 tive
1948 930 23 19 to
1989 925 40 25 the
2047 925 46 24 late
2112 933 115 16 massacre
2243 930 25 19 at
2277 925 105 31 Wairau,
2394 925 46 25 and
2451 933 30 16 an

1878 979 3 4 .
1890 964 99 19 account
1999 958 26 25 of
2032 958 63 25 what
2110 958 136 31 has-passed
2256 959 27 23 in
2293 959 46 24 this
2351 959 131 24 settlement

1890 993 55 23 with
1955 993 118 23 reference
2084 996 24 20 to
2128 992 50 24 that
2189 996 66 20 event
2276 993 63 23 since
2350 993 31 23 its
2402 1000 79 17 occur-

1891 1033 77 17 rence.
2009 1026 47 23 We
2073 1024 58 25 have
2149 1025 58 24 been
2225 1025 97 24 induced
2343 1030 23 20 to
2386 1033 96 26 prepare

1891 1059 46 24 this
1950 1059 153 32 Supplement
2113 1066 25 16 in
2149 1059 66 23 order
2227 1063 22 19 to
2261 1059 73 24 afford
2341 1067 42 16 our
2390 1059 93 24 readers

1892 1093 38 23 the
1948 1101 80 15 means
2046 1092 26 24 of
2087 1092 96 31 sending
2201 1092 68 24 home
2286 1092 31 32 by
2328 1093 40 23 the
2385 1091 98 29 Kelson,

1891 1127 62 23 what
1972 1134 34 16 we
2025 1126 89 24 believe
2132 1127 46 23 will
2194 1133 71 24 prove
2283 1130 23 20 to
2317 1126 31 24 be
2359 1134 14 15 a
2383 1125 44 25 full
2438 1125 46 24 and

1893 1164 105 19 accurate
2018 1164 98 19 account
2133 1160 24 23 of
2174 1160 40 23 the
2232 1163 62 20 most
2305 1160 89 23 serious
2406 1158 77 32 public

1893 1198 68 19 event
1971 1193 76 24 which
2057 1193 43 23 has
2112 1192 108 24 occurred
2229 1193 64 23 since
2301 1192 40 24 the
2349 1192 135 24 foundation

1895 1226 25 24 of
1928 1227 40 23 the
1981 1226 98 31 Colony.

1889 1303 4 3 -
1922 1296 66 20 Just
2009 1295 117 26 opened,
2140 1294 55 26 an,d
2209 1294 43 22 for
2274 1294 61 22 Sale
2357 1294 37 26 by
2410 1295 45 21 the

2092 1326 196 27 undersigned,
2307 1330 3 4 '
2439 1335 3 6 •
2465 1328 2 3 '

1898 1365 253 24 /GENTLEMEN'S
2169 1365 145 28 Wellington,
2333 1365 64 28 drab,
2418 1365 66 23 black

1898 1388 54 28 Of
1978 1393 89 28 button,
2078 1392 45 23 and
2132 1391 105 24 Ciarence
2246 1393 71 26 boots,

1923 1424 105 28 Blucher,
2040 1424 113 28 Oxonian,
2163 1424 46 23 and
2222 1424 59 28 light
2295 1425 97 27 walking
2409 1424 74 28 shoes,

1923 1451 111 28 Working
2042 1452 72 21 men's
2123 1451 74 22 nailed
2209 1452 49 21 half
2264 1452 72 27 boots,

1924 1478 69 28 Boys'
2002 1479 67 22 shoes
2077 1478 45 23 and
2131 1482 60 18 stout
2198 1478 51 23 half
2255 1479 70 26 boots.

1924 1506 69 22 Girls'
2009 1506 44 22 and
2067 1504 120 23 children's
2203 1505 66 23 shoes
2278 1505 48 23 and
2335 1505 62 24 cloth
2404 1505 81 23 button

1895 1532 74 28 boots,

1924 1559 91 23 Ladies'
2043 1558 62 23 cloth
2132 1559 72 27 boots,
2231 1558 158 24 double-soled
2411 1558 75 28 shoes,

1897 1587 115 26 Morocco,
2021 1586 91 28 lasting,
2122 1586 44 23 and
2175 1586 87 22 French
2272 1589 77 26 carpet
2357 1586 101 29 slippers,

1924 1614 49 22 The
1992 1614 71 22 above
2081 1613 88 23 articles
2183 1620 39 15 are
2239 1614 27 21 of
2281 1621 14 15 a
2312 1620 57 21 very
2387 1612 100 30 superior

1897 1640 144 29 description.
2345 1661 16 4 .,
2365 1664 4 5 s
2457 1659 4 7 

1926 1668 38 21 An
1973 1670 134 19 assortment
2116 1667 26 22 of
2149 1668 131 28 Stationery,
2292 1667 124 28 consisting
2425 1666 27 23 of
2452 1675 36 14 :—

1926 1694 59 27 Post,
1997 1694 61 23 bank
2067 1694 45 23 and
2121 1694 97 28 foolscap
2227 1702 76 25 paper,

1926 1722 82 27 Demy,
2018 1720 105 29 blotting,
2135 1721 43 22 and
2189 1722 102 28 imperial
2302 1729 47 21 cap,

1926 1748 175 23 Memorandum
2110 1749 76 27 books,
2197 1748 107 28 assorted,

1929 1776 92 26 Oblong
2029 1774 92 30 clasped
2129 1775 74 29 pencil
2211 1776 76 28 books,

1926 1802 93 23 Collins'
2028 1802 117 27 indelible,
2156 1802 107 28 assorted,
2293 1811 2 7 '

1926 1830 106 22 Account
2041 1829 78 28 books,
2129 1830 58 22 from
2198 1837 43 15 one
2251 1830 64 28 quire
2324 1831 112 28 upwardi,

1926 1856 97 28 Wafers,
2034 1856 88 28 sealing
2131 1864 55 20 wax,
2198 1857 46 22 and
2252 1857 41 22 ink
2302 1858 108 28 powders,

1926 1883 92 23 Artist's
2027 1884 93 28 pencils,
2127 1884 59 28 good
2195 1884 94 28 writing,
2296 1884 46 23 and
2352 1885 137 28 carpenter's

1898 1910 71 28 leads,

1927 1936 63 22 Steel
1998 1943 59 22 pens
2063 1936 47 22 and
2119 1944 44 21 pen
2171 1937 98 28 holders,

1927 1964 26 21 11
1965 1963 51 22 doz.
2027 1962 92 23 Smith's
2130 1971 55 21 copy
2194 1964 61 28 slips,

1927 1989 100 23 Gillott's
2036 1990 79 22 school
2124 1998 60 20 pens,
2196 1992 73 27 quills,

1926 2016 136 29 Envelopes,
2073 2018 100 22 national
2182 2018 76 22 school
2267 2018 73 28 slates,

1926 2044 83 28 Coffee,
2020 2047 45 23 tea,
2075 2044 44 22 and
2128 2044 85 23 refined
2222 2052 73 21 sugar,

1926 2070 76 22 Prime
2013 2067 58 25 Cork
2081 2072 75 22 butter
2164 2072 22 22 in
2196 2072 83 27 firkins,
2292 2080 25 14 or
2326 2073 30 28 by
2366 2073 40 23 the
2415 2073 75 23 dozen

1898 2098 96 27 pounds,

1925 2125 29 21 40
1967 2124 84 22 barrels
2060 2124 111 28 superfine
2179 2126 124 22 American
2315 2126 65 29 flour,

1926 2152 123 22 American
2060 2152 111 27 chopping
2180 2160 61 21 axes,
2251 2153 50 23 iron
2312 2157 37 19 tea
2356 2154 90 28 kettlesj

1926 2179 14 21 5
1954 2182 51 18 cwt.
2025 2179 126 22 Rodway's
2170 2183 79 24 patent
2271 2180 65 23 horse
2361 2181 66 23 shoes
2445 2181 45 23 and

1898 2205 65 27 nails,

1928 2232 76 22 Hall's
2014 2233 59 26 glass
2082 2233 144 28 gunpowder,
2234 2234 90 29 powder
2331 2234 78 28 flasks,

1929 2259 67 28 Ivory
2021 2260 97 22 handled
2146 2268 81 20 razors,
2253 2262 133 22 Cowovan's
2405 2263 86 23 Canton

1900 2294 64 15 razor
1973 2287 140 28 sharpeners,

1929 2313 120 29 Crockery,
2065 2314 116 28 including
2200 2315 86 28 dinner,
2307 2316 122 28 breakfast,
2446 2317 46 22 and

1901 2344 39 19 tea
1950 2341 105 27 services,

1930 2368 56 22 Fine
1996 2371 40 19 cut
2042 2367 110 23 tumblers
2162 2369 45 23 and
2215 2370 59 22 wine
2283 2369 92 29 glasses,

1930 2395 97 27 Pickles,
2037 2395 94 28 vinegar
2145 2396 24 22 in
2183 2396 68 29 pints,
2260 2397 75 23 lemon
2348 2397 70 29 juice,
2429 2397 64 24 salad

1902 2422 38 27 oil,
1952 2430 85 20 capers,
2046 2429 85 20 sauces,
2142 2423 106 29 mustard,
2259 2425 64 27 pearl
2333 2425 86 29 barley,
2430 2432 60 21 isgo,

1902 2449 106 28 oatmeal,
2020 2450 46 22 and
2076 2449 93 28 tapioca,

1931 2476 71 22 Fresh
2012 2476 88 23 salmon
2109 2477 46 22 and
2164 2484 65 21 soups
2238 2478 24 22 in
2270 2479 116 28 canisters,

1932 2503 111 23 Hockins'
2054 2507 79 24 patent
2142 2504 86 23 seidlitz
2236 2505 26 22 in
2272 2506 110 28 powders,

1932 2531 59 22 Soda
2000 2531 45 22 and
2053 2531 82 27 ginger
2143 2531 54 22 beer
2206 2532 106 28 powders,

1931 2557 172 29 Raspberryade
2113 2558 45 22 and
2168 2559 147 22 Cheltenham
2325 2559 62 28 salts,

1932 2585 82 22 Steer's
2033 2585 126 28 opodildoc,
2175 2585 95 23 James's
2288 2587 99 27 powder,
2399 2587 95 28 Dalby's

1903 2611 148 27 carminitive,

1931 2639 82 22 Brown
2022 2639 113 27 Windsor,
2147 2639 73 28 fancy,
2230 2640 45 23 and
2284 2640 94 28 shaving
2386 2648 73 22 soaps,

1919 2693 6 5 a
1931 2666 99 22 Essence
2044 2666 28 22 of
2081 2667 87 27 ginger,
2184 2667 86 27 brandy
2282 2668 86 28 bitters,
2384 2668 110 24 aromatic

1903 2693 102 28 vinegar,
2015 2692 167 23 inexhaustible
2191 2694 60 28 salts,

1933 2720 139 23 Permanent
2079 2721 48 26 ink,
2138 2721 105 27 scouring
2252 2721 72 29 drops,
2334 2722 99 28 pastiles,

1933 2747 49 22 Salt
1992 2748 26 21 of
2024 2747 93 28 lemons,
2128 2752 64 18 court
2199 2748 99 28 plaister,

1934 2774 121 22 Lavender
2063 2778 70 19 water
2142 2775 48 22 Eau
2200 2775 28 23 de
2238 2776 105 28 Cologne,

1932 2801 70 22 Bears
2011 2809 85 20 grease,
2108 2801 51 23 cold
2169 2809 82 21 cream,
2261 2809 111 16 macassar
2382 2802 38 28 oil,
2430 2803 65 22 tooth

1903 2828 98 27 powder,
2013 2831 49 24 &c,

1933 2854 90 23 Ladies'
2038 2855 90 22 tortoise
2143 2855 56 22 shell
2215 2856 48 22 side
2278 2856 86 28 combs,
2383 2856 111 28 dressing,

1904 2881 46 22 and
1960 2881 66 22 small
2035 2882 63 22 tooth
2110 2882 84 23 combs.

1931 2908 67 27 Hair,
2029 2908 69 28 tooth,
2129 2909 53 27 nail,
2209 2910 103 28 shaving,
2337 2910 46 23 and
2410 2909 86 24 clothes

1903 2934 102 28 brushes,

1932 2961 80 28 Slates,
2024 2962 57 22 slate
2088 2962 88 28 cistern,
2187 2963 97 28 hearths,
2296 2962 107 30 chimney
2413 2964 81 29 pieces,

1932 2988 81 23 Hones
2023 2989 46 22 and
2077 2989 104 28 chimney
2192 2994 55 24 pots,

1932 3016 55 22 And
2003 3023 122 16 numerous
2138 3017 64 23 other
2216 3017 96 28 articles,
2323 3018 74 23 which
2407 3018 46 23 will
2467 3018 28 23 be

1903 3042 50 23 sold
1962 3050 55 21 very
2027 3043 50 28 low,
2088 3044 35 23 for
2133 3044 54 23 cash
2196 3044 61 28 only,
2267 3045 29 28 by
2305 3053 6 3 -

2130 3084 22 22 J.
2168 3084 161 28 BODDINQTON,

1998 3117 114 24 Lambton
2122 3118 73 29 Quay,
2204 3126 55 16 near
2268 3119 38 23 the
2316 3120 55 22 Post
2380 3120 80 28 Office,
2472 3128 25 15 or

2129 3153 76 22 James
2219 3153 112 29 Jackson,

2263 3186 114 23 Lambton
2391 3187 75 27 Quay.

1929 3211 63 24 June
2001 3214 22 26 2,
2035 3213 61 22 1843.

2074 3258 79 21 Meat
2175 3259 149 27 Company.

1903 3290 93 50 THE
2016 3291 239 29 UNDERSIGNED,
2274 3293 85 28 having
2377 3293 59 23 been
2456 3300 39 21 ap-

1977 3318 92 28 pointed
2084 3319 112 27 Manager
2204 3319 26 23 of
2243 3319 39 23 the
2295 3320 64 23 Meat
2368 3321 125 27 Company,

1902 3345 54 27 begs
1966 3348 23 19 to
1999 3352 120 16 announce
2128 3345 50 23 that
2191 3354 14 15 a
2213 3347 90 28 regular
2311 3347 79 28 supply
2399 3347 27 23 of
2435 3342 58 27 beefl

1902 3375 95 24 mutton,
2018 3372 46 24 and
2081 3373 58 28 pork
2155 3380 53 21 may
2226 3374 83 28 always
2326 3374 28 22 be
2374 3373 121 29 depended

1902 3406 60 21 upon
1974 3402 24 19 at
2008 3399 45 23 this
2062 3400 175 23 establishment.

1929 3431 33 23 As
1987 3431 45 23 this
2055 3433 118 29 Company
2191 3439 106 22 purposes
2314 3431 81 28 selling
2414 3435 25 20 at
2455 3432 38 24 the

1901 3458 79 23 lowest
1987 3459 74 28 prices
2070 3463 25 19 at
2109 3459 74 23 which
2191 3463 18 18 it
2222 3460 20 21 is
2250 3458 72 24 found
2330 3458 38 23 the
2377 3462 62 20 meat
2451 3467 43 16 can

1900 3485 29 23 be
1939 3486 110 29 afforded,
2060 3486 39 23 the
2108 3486 150 28 undersigned
2267 3486 19 22 is
2298 3486 55 27 only
2361 3486 132 26 authorized

1902 3515 22 20 to
1934 3512 53 29 give
1991 3520 57 21 very
2053 3513 89 25 limited
2148 3514 79 26 credit,
2233 3512 47 23 arid
2286 3512 42 23 has
2330 3512 59 24 been
2397 3513 97 24 ordered

1902 3542 22 21 to
1940 3543 50 25 stop
2006 3541 31 22 all
2050 3543 106 20 accounts
2170 3539 73 24 which
2256 3547 39 15 are
2309 3543 42 18 not
2363 3540 56 27 paid
2432 3547 61 22 upon

1902 3566 104 24 demand.

1928 3598 50 24 The
1986 3599 104 24 business
2100 3599 26 22 of
2133 3597 37 25 the
2181 3598 114 28 Company
2302 3597 21 24 is
2331 3598 88 24 carried
2429 3606 29 17 on
2467 3600 25 24 in

1902 3625 59 23 their
1976 3633 50 16 new
2039 3625 111 28 building,
2161 3623 87 25 erected
2266 3625 112 24 between.
2386 3625 107 26 France's

1902 3652 71 24 Hotel
1991 3653 45 23 and
2047 3653 46 23 *the
2111 3651 60 23 head
2187 3651 26 23 of
2226 3651 38 22 the
2279 3651 57 28 Bay,
2354 3652 45 24 and
2414 3653 79 30 nearly

1903 3680 99 28 opposite
2013 3683 24 19 to
2046 3678 141 29 Mr.-«Lyon'»
2196 3679 69 22 Store.

2178 3712 35 23 W.
2227 3712 103 28 Fltsek,
2346 3714 120 29 Manager.

1929 3751 133 23 November
2070 3751 36 26 23,
2117 3751 65 22 1842^

2145 3801 110 22 Cheese.

1920 3836 16 21 A
1965 3834 118 24 SUPPLY
2093 3834 104 23 received
2204 3835 86 29 weekly
2297 3836 26 24 of
2330 3836 57 24 New
2392 3837 103 24 Zealand

1903 3858 51 26 J\.
1983 3862 66 22 made
2060 3862 92 27 Cheese,
2159 3862 57 22 from
2225 3862 39 24 the
2272 3864 144 28 Cowpasture
2422 3865 72 28 dairy,

1901 3890 47 22 and
1956 3889 36 23 for
1999 3888 48 24 sale
2056 3892 24 20 at
2095 3888 40 24 the
2143 3889 107 28 premises
2260 3890 26 23 of
2298 3890 40 24 the
2354 3890 65 24 Meat
2428 3892 67 24 Com-

1902 3923 67 22 pany.

2187 3944 35 23 W.
2233 3944 103 29 Flyokr,
2349 3945 120 30 Manager.
