2540 4039
1223 54 99 31 THE

24 117 1467 132 NEW
1474 117 507 132 ZEALAND
1597 110 857 137 GAZETTE

24 266 2430 39 AND

24 305 1157 176 WELLINGTON
1297 305 1157 176 SPECTATOR.

579 508 218 38 PUBLISHED
844 507 132 38 EVERY
1021 503 258 40 WEDNESDAY
1324 502 88 37 AND
1458 501 227 37 SATURDAY
1731 501 206 42 MORNING.

2256 616 98 39 [Vol.
2377 614 67 33 111.

562 625 131 32 PORT
715 623 287 38 NICHOLSON,
1027 618 260 36 SATURDAY
1308 617 242 38 MORNING,
1572 618 188 32 AUGUST
1783 620 51 36 13,
1860 621 89 28 1842.

61 632 63 31 No.
141 630 83 39 167.]

165 724 53 21 For
246 723 107 20 Nelson
378 721 107 24 Haven,

199 758 29 20 To
238 757 43 19 sail
288 756 24 19 in
321 761 13 14 a
337 755 46 25 few
397 754 59 25 days,

185 790 93 31 rpHE
293 790 45 21 fast
348 788 88 26 sailing-
444 786 106 23 schooner
567 787 54 19 Per-

65 811 83 26 afeEci
193 811 29 28 J_
259 823 115 19 severance,
386 814 94 28 Captain
493 814 25 21 E.
527 813 93 26 Bishop;

211 844 41 22 has
277 843 59 28 good
359 840 192 23 accommodation
587 840 36 21 for

212 877 139 21 passengers.
379 868 46 22 For
439 867 84 28 freight
533 874 25 14 or
572 873 51 21 pas-

343 933 23 22 J.
382 932 39 22 M.
436 932 104 24 Taylor,

484 958 32 22 Te
529 957 52 21 Aro.

61 990 56 28 July
125 990 35 27 25,
172 990 60 21 1842.

275 1032 76 22 Police
362 1030 77 26 Office,
451 1028 143 26 Wellington,

348 1058 90 25 August
447 1057 21 25 4,
480 1056 61 20 1842.

145 1092 130 26 Borough
289 1091 32 21 of
333 1089 180 26 Wellington.

36 1127 89 27 rpHE
141 1125 115 25 following
271 1122 173 25 Proclamation,
456 1120 115 27 declaring
585 1119 38 21 the

42 1145 29 31 J_
108 1154 68 22 Town
196 1151 25 22 of
238 1150 138 26 Wellington
393 1152 23 18 to
433 1148 30 21 be
481 1154 15 15 a
510 1146 111 27 Borough,

36 1180 97 27 defining
150 1179 37 21 the
207 1177 69 22 limits
299 1176 94 26 thereof,
418 1174 52 23 and.
486 1173 38 22 the
548 1173 76 28 period

35 1207 77 22 within
122 1205 71 22 which
204 1204 77 22 claims
291 1207 22 18 to
325 1203 37 22 the
371 1202 62 27 right
439 1202 26 21 of
472 1201 83 26 voting,
568 1199 56 22 shall

35 1235 27 21 be
72 1232 128 28 registered,
209 1232 20 21 is
240 1230 119 28 published
366 1230 38 21 for
417 1228 93 28 general
518 1228 106 21 informa-

37 1261 53 27 tion,
119 1260 29 27 by
177 1258 109 23 direction
315 1257 26 22 of
364 1256 36 22 his
425 1254 139 27 Excellency
586 1253 38 22 the

39 1289 120 21 Governor.

246 1311 113 22 Michael
374 1310 115 26 Mdrpht,

295 1345 68 22 Chief
374 1344 75 22 Police
461 1343 137 26 Magistrate.

221 1400 54 20 Pro
279 1398 157 22 clamation.

41 1435 71 27 (L.S.)
141 1436 34 25 By
191 1434 42 21 His
245 1434 127 24 Excellency
389 1431 114 22 William
521 1429 103 26 Hobson,

175 1461 98 27 Esquire,
301 1461 89 25 Captain
408 1460 24 19 in
449 1459 51 20 Her
516 1457 108 25 Majesty's

176 1489 68 26 Royal
252 1489 70 25 Navy,
333 1488 42 19 and
392 1487 106 20 Governor
510 1485 44 20 and
570 1484 54 20 Com-

176 1517 87 20 mander
285 1517 24 18 in
331 1515 64 25 Chief
413 1515 23 19 in
455 1513 43 20 and
515 1518 48 15 over
581 1512 43 19 Her

176 1544 92 25 Majesty
270 1545 5 10 1
277 1549 10 13 s
299 1543 75 25 Colony
385 1543 23 19 in
417 1542 53 20 New
477 1540 100 23 Zealand,
588 1538 36 21 and

176 1573 29 19 its
212 1571 163 26 Dependencies,
386 1569 44 21 and
440 1569 51 20 Vice
498 1568 98 20 Admiral
605 1566 19 26 of

180 1600 34 20 the
222 1605 63 20 same,
297 1598 45 27 fyc,
355 1597 37 28 Bfc.

40 1632 201 50 WHEREAS,
257 1630 30 30 by
304 1639 30 14 an
348 1630 129 23 Ordinance
494 1627 93 24 enacted
598 1628 26 27 by

135 1660 37 21 the
184 1660 117 21 Governor
311 1658 26 21 of
347 1658 57 22 New
410 1656 107 26 Zealand,
529 1655 52 22 with
592 1655 32 21 the

42 1687 77 21 advice
128 1686 45 22 and
188 1689 93 18 consent
295 1686 24 21 ot
331 1685 37 22 the
384 1682 136 28 Legislative
539 1681 85 23 Council

42 1714 90 26 thereof,
146 1713 87 22 Session
244 1714 19 26 2,
276 1712 44 21 No.
330 1714 20 24 6,
362 1711 94 22 entitled
466 1712 36 19 An
513 1710 111 21 Ordinance

43 1743 20 18 to
69 1741 86 26 provide
164 1740 41 26 for
216 1741 36 19 the
266 1740 157 20 establishment
432 1739 43 20 and
482 1738 116 26 regulation
607 1737 17 25 of

42 1769 116 25 Municipal
170 1768 153 25 Corporations,
337 1767 18 21 it
363 1767 19 21 is
393 1766 103 26 enacted,
506 1765 49 21 that
565 1771 59 21 every

43 1796 125 20 settlement
175 1795 76 21 within
260 1794 38 21 the
310 1793 91 27 Colony,
416 1792 85 27 having
517 1799 14 14 a
538 1791 86 27 popula-

43 1823 46 20 tion
99 1822 25 21 of
136 1825 41 18 two
186 1821 110 21 thousand
306 1820 67 26 souls,
384 1820 58 21 shall
451 1820 29 21 be
491 1826 13 14 a
516 1818 108 27 Borough,

43 1849 45 21 and
96 1849 49 21 that
155 1848 43 22 His
207 1848 140 26 Excellency
357 1848 38 21 the
406 1847 118 21 Governor
533 1844 56 23 shall
600 1846 24 28 by

43 1876 167 26 Proclamation,
223 1875 89 21 declare
322 1875 37 21 the
370 1881 62 15 same
440 1876 24 19 to
471 1873 29 21 be
506 1880 13 13 a
526 1870 98 28 Borough

44 1903 75 21 within
126 1902 36 22 the
174 1902 105 27 meaning
290 1902 25 21 of
327 1901 37 22 the
374 1900 49 22 said
433 1900 136 25 Ordinance,
587 1898 37 22 and

44 1929 54 22 shall
109 1933 22 18 at
140 1929 36 21 the
186 1936 61 14 same
259 1930 60 25 time,
338 1928 54 21 with
407 1927 37 22 the
462 1926 77 22 advice
557 1926 25 21 of
593 1926 31 20 the

43 1957 121 21 Executive
197 1956 99 26 Council,
327 1954 73 22 define
431 1954 38 21 the
498 1952 126 23 boundaries

43 1983 91 22 thereof.

71 2010 58 26 And,
150 2009 103 27 whereas,
275 2009 18 21 it
308 2008 25 22 is-
343 2008 46 22 also
405 2006 102 28 enacted,
524 2006 50 21 that
589 2006 35 21 His

43 2037 134 26 Excellency
188 2036 36 20 th
235 2036 123 24 Governor,
369 2034 58 21 shall
436 2034 30 27 by
477 2031 60 24 such-P
541 2032 83 21 roclam-

45 2063 79 21 ation
135 2069 22 14 as
174 2062 116 26 aforesaid,
307 2061 112 27 prescribe
436 2068 13 13 a
461 2059 79 29 period
554 2058 70 23 within

44 2089 71 21 which
124 2088 30 22 all
171 2088 75 22 claims
264 2092 22 17 to
301 2090 38 19 the
352 2087 61 27 right
428 2087 26 21 of
465 2087 76 25 voting
556 2089 24 18 at
594 2086 30 21 the

44 2116 92 21 election
145 2116 26 21 of
180 2115 37 22 the
228 2116 48 20 first
286 2115 99 25 Council,
397 2114 57 21 shall
465 2114 28 20 be
503 2112 75 27 made,
588 2112 36 21 arid

45 2142 54 22 shall
109 2143 90 27 appoint
207 2149 14 14 a
230 2142 26 21 fit
264 2148 80 20 person
353 2144 23 18 to
386 2140 88 22 receive
486 2139 54 22 such
547 2139 77 25 claims,

45 2170 43 21 and
97 2173 22 17 to
129 2173 36 17 act
174 2177 23 13 as
207 2168 117 26 returning
338 2168 75 21 officer
423 2170 23 18 at
461 2166 54 22 such
531 2166 93 21 election,

45 2196 51 22 And
106 2196 103 26 whereas,
221 2195 38 22 the
269 2195 69 22 Town
346 2195 25 20 of
377 2194 145 26 Wellington,
534 2192 90 22 contains

44 2231 12 13 a
66 2223 126 28 population
202 2222 26 21 of
238 2222 103 27 upwards
350 2221 26 22 of
386 2223 46 18 two
440 2219 112 22 thousand
566 2219 58 22 souls.

72 2250 62 26 Now,
155 2249 117 27 therefore,
293 2248 19 27 I,
334 2248 37 21 the
393 2248 124 24 Governor,
539 2246 23 21 in
581 2253 43 19 pur-

46 2284 79 14 suance
141 2276 25 21 of
183 2276 36 21 the
234 2275 125 27 provisions
378 2274 26 21 of
425 2274 38 21 the
483 2273 49 22 said
550 2272 74 23 recited

47 2304 131 26 Ordinance,
197 2302 27 22 do
242 2302 84 27 hereby
339 2302 109 28 proclaim
459 2300 37 22 the
505 2300 50 21 said
563 2300 61 22 Town

46 2331 24 21 of
94 2330 132 27 Wellington
247 2332 22 18 to
287 2329 30 21 be
334 2336 13 14 a
366 2327 114 27 Borough,
502 2327 76 22 within
595 2327 29 21 the

45 2357 105 27 meaning
169 2357 25 21 of
211 2356 38 21 the
265 2356 48 21 said
329 2355 135 22 Ordinance.
501 2354 55 21 And
576 2354 11 21 I
607 2354 17 21 dc

45 2384 89 27 hereby,
161 2382 51 22 with
237 2382 38 22 the
300 2383 78 21 advice
404 2382 27 21 of
454 2381 39 22 the
512 2381 112 22 Executive

46 2411 99 26 Council,
155 2410 73 21 define
238 2409 47 22 and
301 2410 89 21 declare
407 2409 38 21 the
459 2408 134 22 boundaries
612 2411 12 18 oi

44 2437 38 22 the
90 2437 48 22 said
148 2436 104 28 Borough
263 2436 26 22 of
299 2436 148 26 Wellington,
456 2439 23 18 to
490 2434 106 28 comprise
604 2434 20 21 al

44 2465 62 21 lands
116 2464 77 22 within
203 2464 36 21 the
249 2464 47 20 line
307 2465 34 19 set
348 2463 69 26 forth,
428 2463 24 21 in
463 2462 38 21 the
507 2462 117 26 Surveyor's

45 2491 63 27 Plan,
124 2496 24 16 at
162 2490 37 22 the
214 2490 89 22 outside
315 2490 134 22 boundaries
465 2488 26 22 of
508 2489 38 21 the
560 2488 64 32 public

44 2525 93 20 reserve,
145 2518 24 20 in
179 2517 37 22 the
226 2518 53 26 plan
289 2516 26 22 of
327 2516 37 22 the
375 2520 59 18 town
442 2516 27 21 of
480 2516 54 21 Port
543 2515 81 22 Nichol-

44 2552 47 19 son,
103 2544 110 28 approved
222 2546 31 24 by
263 2544 44 21 His
317 2543 138 27 Excellency
464 2542 38 22 the
510 2542 114 22 Governor

47 2572 44 21 and
109 2579 23 14 so
146 2571 67 21 much
230 2571 27 21 of
267 2570 39 22 the
322 2570 98 22 harbour
438 2577 25 14 as
479 2570 19 21 is
513 2570 111 26 comprisec

47 2598 75 22 within
131 2606 14 14 a
153 2598 75 21 radius
239 2597 26 21 of
275 2604 68 14 seven
352 2597 66 21 miles
428 2597 57 21 from
493 2596 37 22 the
546 2596 78 22 Marke

48 2626 66 21 Place
123 2628 24 18 at
155 2624 149 27 PahPipitea,
315 2624 117 21 described
439 2624 26 21 in
473 2623 37 22 the
517 2623 48 22 said
573 2623 51 22 Plan

75 2651 53 23 And
138 2651 12 23 I
161 2651 27 22 do
195 2651 85 27 hereby
289 2651 46 21 also
345 2650 95 27 declare,
453 2650 49 22 that
516 2650 30 22 all
561 2650 63 21 claimi

49 2682 21 18 to
81 2679 36 21 the
125 2679 61 26 right
196 2678 25 22 of
232 2679 79 26 voting
320 2680 23 19 at
353 2678 37 21 the
401 2678 96 21 election
506 2678 26 20 of
543 2677 37 21 the
590 2677 34 21 firs

49 2706 92 22 Council
158 2705 25 22 of
199 2705 37 21 the
256 2704 107 28 Borough
376 2705 28 21 of
417 2705 145 27 Wellington,
581 2704 43 21 shal

48 2733 28 21 be
90 2733 65 21 made
173 2732 76 22 before
270 2732 38 21 the
331 2731 102 22 thirtieth
456 2732 71 26 (30th)
552 2731 44 26 day
616 2738 8 14 0

50 2760 94 27 August,
155 2760 61 21 1842.
245 2758 53 23 And
309 2758 46 22 Ido
364 2759 94 26 appoint
463 2758 101 22 Michael
574 2758 50 22 Mur

49 2786 51 27 phy,
112 2786 99 27 Esquire,
222 2788 24 18 to
255 2785 88 22 receive
353 2784 55 22 such
418 2785 85 27 claims,
515 2785 45 21 and
569 2787 22 19 to
602 2791 22 15 ac

49 2820 24 14 as
81 2813 115 26 returning
206 2812 76 22 officer
291 2814 23 19 at
324 2812 54 21 such
388 2812 105 21 election.

76 2840 73 21 Given
158 2838 73 22 under
239 2846 39 19 my
287 2838 63 21 hand
362 2838 46 21 and
423 2838 47 22 seal
486 2838 45 21 this
546 2839 78 25 twenty

47 2866 48 22 first
104 2865 42 28 day
156 2865 26 22 of
193 2865 60 27 July,
265 2866 62 20 1842.

467 2891 37 25 W
514 2890 97 22 Hobson

156 2926 36 27 By
200 2925 35 22 his
245 2925 159 27 Excellency's
413 2925 127 26 command,

251 2956 43 23 For
305 2956 37 22 the
352 2956 99 23 Colonial
462 2957 122 27 Secretary,

328 2991 50 21 Jas.
389 2991 93 22 Stuart
490 2990 121 25 Freeman.

197 3025 53 22 God
267 3032 56 15 save
338 3032 46 14 the
399 3024 91 24 Queen.

288 3076 109 22 Notice.

286 3110 139 28 Wellington
434 3110 62 23 June
505 3111 36 26 27,
551 3112 61 21 1842.

52 3146 90 48 THE
157 3144 149 23 BUSINESS
320 3144 98 21 hitherto
434 3144 125 21 conducted
568 3144 56 21 unde

125 3172 38 22 the
179 3172 50 21 firm
239 3171 26 22 of
279 3170 61 23 John
351 3170 44 22 and
406 3170 87 27 George
506 3170 72 22 Wade
588 3171 36 22 will

51 3199 57 21 after
117 3199 38 22 the
171 3200 34 20 Ist
214 3199 44 27 day
275 3198 26 21 of
314 3197 62 27 July,
390 3199 62 25 1842,
467 3198 29 21 be
511 3197 86 22 carried
612 3205 12 14 oi

52 3226 70 22 under
131 3226 38 22 the
176 3233 66 15 name
252 3225 26 21 of
284 3224 62 22 John
353 3220 72 25 Wade
435 3224 46 22 and
492 3224 38 22 Co.
540 3231 5 14 :
557 3224 45 21 and
611 3224 13 22 al

51 3259 88 20 persons
147 3252 107 23 indebted
261 3255 24 18 to
294 3252 39 21 the
340 3251 52 22 firm
399 3251 27 22 of
433 3250 115 23 John-and
553 3252 71 26 Georg

56 3280 72 27 Wade,
139 3287 38 15 are
190 3278 120 29 requested
324 3277 114 23 forthwith
447 3281 24 18 to
481 3285 44 20 pay
533 3292 3 10 :
536 3278 57 22 their
606 3285 18 14 re

52 3307 96 26 spective
158 3310 107 19 accounts
276 3309 22 18 to
310 3305 37 22 the
357 3304 157 28 undersigned,
525 3305 99 21 otherwis

52 3332 51 29 they
113 3333 44 23 will
166 3334 29 22 be
207 3332 92 24 handed
308 3335 25 19 to
343 3339 14 15 a
371 3332 103 22 Solicitor
484 3332 33 21 for
527 3339 97 19 recovers

451 3365 64 22 John
530 3365 83 21 Wade.

237 3412 97 21 House
348 3412 30 19 to
388 3411 59 20 Let.

51 3445 50 48 A
123 3445 85 22 GOOD
228 3444 133 27 substantial
378 3444 80 27 house,
479 3442 54 23 with
550 3442 74 23 kitche]

129 3471 44 22 and
183 3472 137 27 out-houses,
364 3471 33 23 let
404 3471 26 21 in
439 3469 185 24 Manner's-streel

52 3497 44 23 For
102 3498 136 27 particulars,
250 3499 67 27 apply
329 3501 22 19 to
362 3499 45 21 Mr.
419 3497 124 23 Brewer's
563 3496 61 22 Office

199 3549 45 23 To.
252 3549 35 22 be
302 3551 51 19 Let
367 3556 32 15 or
416 3549 75 21 Sold.

52 3582 51 48 A
117 3581 106 24 SMALL
237 3582 93 24 FARM
344 3583 25 22 of
376 3583 27 22 25
413 3590 63 15 acres
487 3589 28 15 on
525 3581 38 22 the
573 3581 51 22 Hutl

130 3608 38 22 the
175 3608 71 22 whole
256 3608 95 29 cleared,
359 3610 112 28 stumped,
477 3608 108 27 inclosed,
590 3615 34 20 _an<

52 3634 25 22 fit
85 3635 35 22 for
129 3634 38 22 the
180 3634 98 30 plough)
291 3638 52 24 part
355 3636 74 23 under
440 3643 62 20 crop.
530 3635 94 28 Togethe

52 3661 51 22 with
122 3669 14 14 a
154 3659 131 24 substantial
303 3662 45 22 and
357 3660 2 6 '
366 3663 147 25 comfortable
532 3662 92 22 weather

51 3687 97 23 boarded
163 3688 44 22 and
222 3687 72 23 slated
300 3692 3 4 '
310 3688 76 28 house,
399 3689 125 23 three-stall
533 3688 91 23 weather

52 3714 97 27 boarded
152 3714 81 28 stable,
242 3714 52 24 and,
295 3714 64 23 other
363 3717 171 22 conveniences.
562 3716 62 23 Term

51 3740 84 30 liberal,
147 3741 65 29 apply
222 3745 24 18 at
253 3741 45 22 this
310 3742 76 22 Office.

79 3775 53 29 May
138 3777 38 27 ,24,
187 3777 62 21 1842.
453 3794 6 11 ,
557 3798 3 4 ,

149 3834 3 5 .
173 3818 4 3 '
204 3821 78 20 Land
296 3826 38 15 on
343 3821 51 20 'the
406 3821 81 21 Hutt.

54 3853 65 48 TO
133 3854 42 23 BE
187 3853 88 27 BOLD,
287 3861 14 14 a
309 3853 59 22 lease
379 3854 26 21 of
410 3854 40 21 the
461 3854 89 23 Section
560 3855 64 22 N0.2-

125 3888 30 14 on
164 3880 37 23 the
207 3880 72 27 Hutt,-
282 3880 56 22 with
345 3887 15 15 a
366 3880 76 28 newly
449 3881 91 22 erected
546 3881 78 23 woodei

52 3909 93 27 cottage,
161 3907 38 23 the
216 3909 90 26 potatoe
323 3914 53 20 crop
393 3907 83 22 on'the
490 3908 94 27 ground,
594 3916 30 14 an<

53 3932 60 24 Other
114 3935 184 28 improvements.
326 3934 47 22 For
376 3936 72 23 .terms
455 3934 83 27 of#ale,
545 3935 66 28 apply
618 3938 6 20 ti

279 3967 77 25 Hort,
371 3967 126 25 Mocatta,
512 3968 47 22 and
573 3968 38 23 Co.

653 714 247 52 PPOPRIETORS,
926 713 45 23 and
983 713 54 23 -the
1047 699 5 6 '
1066 712 125 22 AGENTS
1220 711 25 22 of

726 742 141 27 Proprietors
876 742 25 20 of
902 740 76 23 -/Land
995 740 24 22 in
1028 740 38 21 the
1079 738 132 22 Settlement
1220 738 25 21 of

653 769 90 27 Nelson,
755 776 37 14 are
802 768 119 27 informed,
929 767 48 24 that
984 774 28 15 on
1022 767 37 21 the
1067 765 52 22 20th
1126 766 24 20 of
1155 765 87 26 August

654 797 100 26 ensuing,
775 795 70 22 about
854 795 59 21 .half
928 794 29 22 of.
967 794 39 22 the
1021 793 79 23 whole,
1109 792 94 21 number
1222 791 25 21 of

653 824 98 21 Sections
756 823 26 21 of
790 821 203 23 Accommodation
1002 820 65 22 Land
1077 818 45 22 will
1129 819 26 21 be
1163 818 79 21 offered

652 851 35 21 for
696 850 114 22 selection.
997 863 4 4 -
1079 867 3 4 .

680 877 71 21 These
761 875 98 23 sections
869 882 36 14 are
915 873 120 23 contained
1049 873 25 21 in
1085 872 37 21 the
1133 872 111 26 following

654 903 101 22 districts.
786 902 64 22 Each
871 901 85 22 district
971 901 42 21 has
1025 900 34 25 jts
1077 905 57 15 own.
1142 898 66 22 series
1223 898 25 21 of

653 930 113 21 numerals
774 928 103 22 branded
885 935 28 14 on
922 927 39 21 the
971 926 73 22 stakes
1051 925 74 22 which
1135 924 62 23 mark
1206 924 38 22 the

653 957 69 21 limits
735 956 25 21 of
767 955 57 22 each
834 954 92 26 section.

1159 978 85 17 Sections.

682 1003 58 22 First
755 1001 128 23 District.
888 1000 124 27 Suburban,
1028 999 100 26 N.N.E.,
1144 1006 48 15 sur-

654 1029 72 27 veyed
735 1029 30 27 by
773 1028 45 22 Mr.
830 1027 89 27 Duffey,
931 1027 96 22 extends
1037 1030 22 17 to
1070 1026 73 22 where
1154 1026 37 21 the

654 1055 99 22 Boulder
769 1054 68 23 Bank
853 1054 73 22 unites
943 1054 52 21 with
1007 1053 36 21 the
1054 1053 61 21 main
1131 1053 59 26 land,

653 1082 85 27 having
754 1089 13 14 a
787 1082 102 26 frontage
906 1087 29 15 on
952 1080 38 22 the
1006 1084 62 17 coast
1082 1080 53 27 line,
1147 1080 45 21 and

654 1110 120 26 comprises
783 1108 69 21 about
1219 1107 28 19 49

682 1141 86 22 Second
787 1141 101 21 District.
927 1140 124 27 Suburban,
1074 1143 53 23 east,
1148 1146 46 15 sur-

654 1167 73 28 veyed
742 1168 29 27 by
788 1168 45 21 Mr.
850 1167 84 28 Budge,
948 1167 51 22 .and
1014 1167 91 21 Messrs.
1124 1166 70 21 Watts

654 1195 46 21 and
712 1195 108 21 Davison.
832 1195 120 26 comprises
961 1194 25 22 in
1002 1194 39 21 the
1051 1194 82 21 Maitai
1149 1193 45 21 and

656 1221 75 22 Brook
740 1222 74 21 Street
825 1221 84 28 valleys
1222 1220 26 19 22

684 1254 70 23 Third
773 1255 103 22 District.
910 1255 124 27 Suburban,
1054 1254 73 27 south,
1148 1261 47 14 sur-

655 1282 72 27 veyed
734 1282 29 27 by
770 1282 46 21 Mr.
823 1282 128 27 Musgrave,
959 1288 139 15 commences
1103 1280 93 22 without

658 1308 37 22 the
705 1315 89 15 reserve
809 1309 34 21 for
860 1308 37 22 the
914 1308 67 22 cattle
998 1308 95 26 market,
1110 1308 85 26 having

657 1336 97 21 sections
764 1342 29 15 on
800 1335 40 22 the
851 1338 47 19 east
908 1335 45 22 and
963 1342 27 14 on
1002 1335 37 21 the
1048 1338 56 19 west
1113 1334 47 21 side
1170 1334 25 21 of

658 1362 38 21 the
705 1362 54 22 base
767 1362 56 27 line,
834 1369 24 14 as
875 1362 46 21 also
931 1369 30 14 on
971 1362 38 21 the
1020 1365 68 23 coast,
1100 1361 43 21 and
1154 1364 42 18 ter-

657 1389 95 22 minates
762 1389 25 21 in
801 1388 39 22 the
856 1388 101 22 Waimea
970 1388 73 28 Plain,
1056 1388 138 27 comprising

658 1416 68 21 about
1222 1415 27 20 60

687 1449 84 22 Fourth
790 1449 101 21 District.
923 1449 102 21 Waimea
1043 1449 72 26 Plain,
1141 1451 54 24 east,

659 1476 110 27 surveyed
778 1476 31 27 by
816 1476 92 22 Messrs.
916 1476 120 22 Burnicoat
1045 1475 45 21 and
1100 1475 70 22 Thorn
1174 1482 23 20 p-

630 1517 2 5 .
659 1510 48 20 son,
715 1510 143 14 commences
864 1507 23 17 at
895 1503 38 21 the
944 1503 118 26 extremity
1071 1503 26 21 of
1104 1502 93 22 District

630 1538 2 17 ;
660 1530 45 22 No.
715 1531 20 26 3,
748 1530 46 22 and
806 1529 93 22 extends
909 1529 127 22 southward
1045 1534 22 16 to
1077 1529 38 21 the
1129 1529 68 21 River
1225 1545 4 2 -

631 1566 2 9 '
661 1557 97 27 Wairoa,
770 1556 44 22 and
826 1557 115 21 westward
951 1561 22 17 to
987 1556 38 22 the
1035 1556 70 22 River
1115 1555 68 21 Waiti
1189 1563 6 19 ;

659 1583 119 28 comprises
788 1583 70 22 about
1209 1583 42 20 210

687 1618 60 21 Fifth
755 1618 103 21 District.
888 1618 102 21 Waimea
1000 1618 71 26 Plain,
1080 1620 61 23 west,
1149 1623 48 15 sur-

630 1664 2 5 ,
660 1645 71 26 veyed
742 1645 30 27 by
778 1645 46 22 Mr.
834 1644 112 28 Cotterell,
956 1644 119 28 comprises
1083 1644 37 21 the
1128 1643 69 22 whole

630 1682 2 14 i
661 1671 25 22 of
693 1672 38 21 the
742 1672 64 28 plain
816 1675 54 18 west
881 1672 24 21 of
913 1672 37 21 the
961 1671 69 22 Waiti
1039 1670 46 23 and
1095 1670 102 21 Waimea

630 1696 2 32 J
661 1698 75 28 rivers,
757 1698 47 22 and
818 1705 62 15 some
898 1698 87 28 portion
1006 1698 26 21 of
1041 1698 40 21 hill
1100 1697 64 22 lands
1176 1696 25 21 of

631 1736 4 10 p
662 1725 113 22 moderate
782 1726 111 21 elevation
900 1728 52 19 west
959 1725 24 21 of
989 1725 37 21 the
1032 1725 69 27 plain,
1109 1723 90 22 divided

631 1771 1 5 ,
659 1752 49 21 into
1211 1752 41 20 180

689 1786 65 22 Sixth
765 1786 100 22 District.
894 1787 49 21 The
962 1785 118 28 Motuaka,
1091 1784 109 27 surveyed

661 1813 30 27 by
703 1813 43 22 Mr.
757 1813 110 28 Stephens
874 1813 45 22 and
927 1813 44 22 Mr.
978 1813 111 26 Brunner,
1096 1813 24 20 in
1128 1811 71 22 which

630 1852 2 3 *
662 1840 46 22 will
715 1847 50 15 now
776 1841 28 21 be
815 1840 83 22 offered
906 1839 108 29 probably
1227 1839 26 20 60

631 1898 1 21 [
841 1893 64 23 Total
914 1893 103 22 Number
1028 1893 24 21 of
1061 1892 102 22 Sections
1177 1907 5 5 .
1190 1906 5 5 .
1213 1891 41 22 572

630 1935 2 11 '
690 1927 67 22 Plans
765 1928 25 21 of
798 1928 38 21 the
847 1928 84 22 several
941 1934 92 20 surveys
1045 1926 45 22 will
1100 1926 28 21 be
1141 1925 68 27 ready
1219 1926 34 20 for

631 1959 1 14 i
663 1954 74 28 public
752 1956 129 26 inspection
891 1958 22 18 at
924 1955 35 21 the
976 1954 85 27 Survey
1071 1952 78 28 Office,
1161 1952 92 27 Nelson,

664 1981 60 27 early
734 1982 23 21 in
768 1982 39 21 the
823 1982 49 21 first
887 1981 61 22 week
964 1981 25 21 of
1003 1981 97 26 August,
1115 1980 49 21 that
1180 1979 24 21 of
1218 1979 36 21 the

631 2013 1 13 i
662 2008 112 21 Motuaka
783 2008 115 27 excepted,
907 2008 78 26 which,
994 2007 59 27 prior
1063 2010 23 17 to
1093 2006 38 21 the
1140 2006 111 26 selection,

663 2041 52 19 may
722 2035 25 20 be
758 2041 53 14 seen
822 2039 23 16 at
855 2035 36 20 the
899 2034 89 26 Survey
995 2034 94 25 Station,
1094 2032 121 26 'Motuaka,
1215 2030 3 9 1
1226 2039 37 15 on,

631 2065 1 14 i
663 2060 133 28 application
807 2063 23 19 to
841 2061 45 22 Mr.
898 2060 116 28 Stephens.

631 2102 1 24 [
691 2095 47 21 The
748 2102 82 19 survey
841 2093 25 22 of
872 2094 36 21 the
919 2093 127 22 remainder
1051 2093 27 21 of
1084 2093 97 21 sections
1188 2092 26 21 of
1218 2091 37 22 the

664 2121 202 21 Accommodation
882 2121 75 21 Lands
971 2121 47 21 will
1034 2119 107 28 probably
1151 2119 28 21 be
1195 2126 61 14 com-

630 2154 2 10 <
663 2147 74 28 pleted
747 2147 63 27 early
818 2147 26 21 in
854 2147 37 21 the
900 2147 77 21 month
989 2147 25 21 of
1021 2147 134 21 December.

631 2182 2 22 ;
693 2179 31 21 Of
730 2178 62 22 these
803 2178 46 22 will
865 2179 28 21 be
902 2178 106 22 obtained
1017 2179 22 20 in
1051 2178 38 21 the
1102 2178 99 21 Waimea

631 2204 4 9 *
665 2205 64 22 Plain
748 2205 48 22 and
814 2205 106 27 adjacent
939 2205 86 27 valleys
1040 2205 67 22 south
1123 2205 26 21 of
1166 2204 36 22 the

631 2235 1 5 '
665 2232 101 21 Waimea
775 2233 60 21 river
1217 2232 8 19 1
1230 2231 27 21 50

631 2272 3 22 I
693 2267 59 21 Fern
760 2267 67 21 lands
837 2267 105 27 adjacent
952 2270 21 18 to
982 2266 38 22 the
1029 2267 60 21 river
1099 2266 103 22 Moutere
1216 2267 41 19 200

631 2307 3 14 i
693 2300 28 22 In
730 2300 38 22 the
785 2300 109 22 Motuaka
911 2300 85 22 district
1011 2300 37 22 the
1068 2300 133 26 remainder,

631 2334 2 14 j
665 2327 68 22 about
1215 2327 41 20 200

631 2361 4 14 }
910 2361 136 21 Frederick
1060 2361 116 26 Tuckett,

631 2387 8 39 j.
1038 2394 69 22 Chief
1114 2394 116 27 Surveyor.

631 2416 5 39 [
696 2422 90 27 Aiigust
795 2423 20 26 8,
828 2423 61 21 1842.

631 2469 5 13 s
907 2467 39 21 To
961 2468 59 24 Let,

675 2502 82 21 17OR
772 2501 56 22 such
839 2509 14 14 a
863 2504 55 19 term
928 2501 26 21 of
959 2509 66 19 years
1034 2508 23 15 as
1074 2508 53 20 may
1136 2500 29 22 be
1178 2500 82 28 agreed

670 2523 32 27 JD
741 2535 37 20 on,
790 2529 36 21 six
835 2535 62 14 acres
914 2528 66 27 along
996 2528 38 21 the
1044 2528 47 22 Kai
1106 2527 150 27 Warra-road,

631 2558 4 20 i
669 2562 28 14 on
708 2556 87 21 Section
808 2555 43 21 No.
861 2556 21 25 4,
896 2554 25 22 in
937 2562 42 15 one
996 2562 26 14 or
1038 2562 62 15 more
1114 2554 51 22 lots.
1195 2554 62 27 Also,

631 2598 2 5 .
668 2582 88 21 wanted
776 2589 13 14 a
809 2584 124 19 contractor
950 2582 36 21 for
1004 2581 103 27 building
1125 2589 14 14 a
1152 2581 108 25 we,ather-

668 2609 99 21 boarded
781 2608 79 27 house,
877 2608 53 23 with
948 2608 63 23 brick
1030 2608 117 27 chimnies,
1162 2615 30 14 on
1211 2608 49 21 said

631 2657 7 12 g
669 2636 91 21 section.
790 2636 78 27 Apply
878 2639 22 18 to

631 2680 8 17 t
660 2681 4 2 -
861 2669 49 22 Mr.
924 2669 156 27 Macdonald,
1091 2669 47 22 Kai
1147 2669 85 22 Warra.

631 2704 8 21 1
696 2703 45 22 Kai
752 2703 88 27 Warra,
853 2703 52 27 July
917 2705 19 25 8,
949 2704 60 21 1842.

631 2731 11 21 f

819 2755 41 20 To
875 2753 32 22 be
923 2754 67 21 Sold
1009 2760 30 15 or
1052 2756 59 19 Let.

631 2787 9 18 t
669 2787 10 13 r
681 2787 81 33 TpWO
775 2785 104 23 Wooden
889 2786 96 27 Houses,
997 2793 30 14 on
1034 2786 37 21 the
1077 2786 183 28 Tinakore-road,

679 2808 25 26 A
746 2813 39 21 the
804 2813 84 22 second
905 2820 51 14 acre
974 2813 59 21 from
1052 2813 95 27 Captain
1164 2813 97 27 Smith's,

715 2840 132 26 containing
860 2840 50 21 four
919 2847 75 15 rooms
1003 2839 45 22 and
1063 2847 14 14 a
1090 2847 100 20 passage,
1206 2839 56 23 each

670 2866 54 22 with
741 2867 52 21 zinc
811 2866 70 25 roofs,
905 2867 46 21 and
973 2867 25 21 in
1023 2874 67 19 every
1108 2871 87 23 respect
1212 2867 51 21 well

670 2892 102 22 finished.
780 2897 3 2 '
801 2893 80 21 Terms
909 2893 24 21 If
941 2893 55 29 sold,
1008 2893 60 22 150
1079 2893 35 22 for
1119 2894 56 21 each
1180 2894 68 22 house
1255 2902 6 19 ;

670 2919 20 21 if
701 2919 38 27 let,
750 2919 33 23 1
793 2927 42 20 per
844 2919 63 23 week
915 2920 36 21 for
961 2919 56 22 each
1025 2919 80 23 house.
1131 2920 76 28 Apply
1217 2923 23 19 to

1065 2953 76 22 James
1155 2954 81 22 Watt.

683 2979 146 27 Wellington,
837 2979 59 22 Nov.
907 2979 34 27 27,
950 2980 61 21 1841.

901 3032 54 20 For
969 3032 70 23 Sale,

673 3066 93 48 THE
780 3065 147 24 COTTAGE
943 3065 95 22 situated
1047 3066 25 21 in
1086 3066 104 22 .Oriental
1204 3067 57 27 Bay,

747 3092 48 22 and
808 3092 69 27 lately
887 3092 107 27 occupied
1008 3092 30 27 by
1047 3093 39 21 the
1103 3093 159 28 undersigned.

672 3119 22 21 A
709 3119 53 27 long
780 3119 61 21 lease
860 3119 26 21 of
901 3119 39 21 the
954 3119 85 21 section
1053 3126 60 21 upon
1133 3119 72 23 which
1224 3121 38 22 the

631 3151 11 15 r
671 3146 69 22 house
750 3145 78 22 stands
837 3146 46 21 will
891 3146 28 21 be
928 3146 104 27 granted.

631 3171 9 27 I,
665 3189 3 5 ,
699 3173 68 21 Town
777 3172 57 22 land
842 3172 46 22 will
896 3173 28 21 be
932 3172 69 22 taken
1010 3173 24 21 in
1044 3173 124 28 exchange.

631 3205 11 14 a.
699 3199 43 23 For
750 3199 87 23 further
845 3199 136 28 particulars,
992 3199 68 28 apply
1068 3203 25 19 to

995 3231 98 23 George
1108 3232 88 27 Duppa,
1211 3240 25 14 or
1249 3248 3 5 .

995 3265 37 22 W.
1046 3266 30 22 V.
1091 3266 109 22 Brewer.

651 3288 2 7 '
700 3292 54 26 July
764 3292 21 24 7.
796 3293 62 21 1842.

631 3339 11 14 Tm
846 3343 77 20 Land
935 3342 31 21 in
981 3344 108 20 Karori.

631 3395 10 4 -
742 3375 111 23 ANTED
885 3376 41 22 TO
950 3376 178 28 -PURCHASE,
1156 3377 55 23 land
1238 3378 24 22 in

685 3406 40 20 11
769 3403 84 21 Karori
863 3402 91 22 district.
983 3403 77 28 Apply
1069 3407 23 18 to
1102 3400 3 6 '

631 3449 10 10 n
1016 3451 5 4 ,
1072 3430 65 23 John
1151 3431 83 22 Wade.
1246 3431 8 6 '

702 3455 32 25 Te
743 3457 56 26 Aro,
812 3455 62 23 June
882 3457 22 26 1,
915 3457 61 23 1842.

675 3509 91 21 fTIHE
790 3509 81 21 Nelson
892 3510 118 20 Examiner
1033 3511 42 20 and
1096 3512 54 20 New
1172 3513 91 20 Zealand

681 3531 30 28 X
750 3537 110 20 Chronicle
875 3536 127 27 (published
1011 3540 23 18 at
1041 3537 105 28 Nelson,)
1161 3538 20 23 is
1198 3546 65 21 regu-

671 3564 66 27 larly,
743 3563 147 25 .transmitted
906 3567 21 18 to
943 3563 148 28 Wellington,
1110 3565 45 22 and
1169 3573 53 20 may
1236 3566 27 21 be

631 3597 9 10 >
672 3590 43 22 had
727 3593 23 19 at
758 3589 39 23 the
804 3590 78 27 .office,
882 3591 25 21 of
917 3590 45 22 this
969 3598 77 21 paper.

700 3617 47 23 The
757 3618 80 20 Nelson
846 3614 12 24 '
858 3614 104 24 Examiner
976 3617 83 23 wfllbe
1069 3617 71 26 found
1149 3626 29 14 an
1188 3619 75 22 excel-

631 3641 12 15 *
671 3644 49 22 lent
728 3644 101 22 medium
837 3645 37 21 for
884 3645 139 22 advertisers.
1091 3641 10 6 "'
1129 3645 3 3 '
1179 3643 13 9 "'

631 3673 11 5 ~
699 3671 78 23 Terms
788 3671 35 22 for
832 3671 38 22 the
880 3678 74 21 paper,
964 3674 38 20 ten
1011 3671 102 28 shillings
1126 3679 40 20 per
1175 3674 88 26 quarter

631 3695 11 10 '"
670 3698 96 29 payable
771 3698 28 22 in
809 3697 108 23 advance.

632 3722 10 15 3
679 3746 2 4 .
701 3725 82 22 Orders
806 3725 35 21 for
855 3725 43 22 <the
919 3732 71 21 paper
1011 3725 45 22 and
1079 3724 184 24 advertisements

672 3751 104 23 received
786 3754 24 19 at
818 3751 40 22 the
868 3751 71 23 Office
950 3751 25 23 of
987 3751 45 23 this
1040 3758 77 21 paper.

809 3796 87 21 Town
910 3796 79 21 Land
999 3796 43 21 for
1055 3796 71 21 Sale.

673 3829 92 51 THE
780 3829 74 23 whole
871 3829 26 23 of
909 3832 60 20 town
978 3829 99 22 sections
1091 3828 55 22 Nos.
1155 3829 47 27 285,
1214 3830 47 27 106,

747 3856 47 22 and
810 3856 48 27 878,
869 3855 45 23 and
927 3858 51 22 part
987 3855 27 22 of
1027 3858 61 18 town
1102 3855 97 21 sections
1212 3857 50 26 204,

631 3889 9 14 n
671 3885 48 26 248,
731 3883 45 22 and
790 3884 42 21 528
842 3890 45 16 .are
899 3881 84 23 offered
991 3882 36 22 for
1035 3881 54 22 sale.
1118 3881 60 22 Half
1188 3881 25 22 of
1224 3882 38 22 the

631 3908 11 22 d
796 3916 85 21 money
889 3913 23 17 to
921 3908 87 23 remain
1019 3915 29 14 on
1064 3911 123 24 mortgage,
1198 3911 24 20 at
1235 3911 28 21 10

631 3942 9 15 0
671 3944 47 21 per.
720 3939 59 21 cent.
809 3936 46 22 For
861 3935 140 28 particulars,
1011 3934 67 28 apply
1087 3937 23 19 to

945 3967 99 22 Hanson
1057 3967 48 22 and
1117 3968 118 21 Alzdorf.

1442 709 90 20 Beach
1545 708 144 26 Frontage.

1274 733 68 58 T.
1333 733 58 58 6BE
1406 742 87 25 SOLD,
1500 742 24 21 in
1533 741 44 22 lots
1588 741 25 21 of
1618 744 40 18 not
1665 740 45 23 less
1717 740 54 22 than
1780 741 27 21 20
1812 740 50 22 -feet

1322 781 4 4 -
1361 769 25 21 in
1404 768 101 27 breadth,
1525 769 38 21 the
1583 767 70 22 whole
1672 767 25 21 of
1719 767 37 21 the
1755 764 4 9 1
1759 768 4 3 '
1775 767 86 21 section

1274 796 44 21 No.
1324 797 41 20 485
1376 803 30 14 on
1416 795 39 21 the
1462 795 55 22 Plan
1527 795 26 21 of
1558 795 38 21 the
1604 794 68 22 Town
1682 794 27 22 of
1714 793 146 27 Wellington,

1274 823 83 26 having
1366 822 114 27 frontages
1561 821 229 27 Lambton-quayand
1800 828 61 19 upon

1274 848 242 28 Wellington-terrace.
1545 847 110 23 One-half
1667 850 22 18 ot
1706 847 37 21 the
1752 847 110 28 purchase

1275 882 80 21 money
1364 875 44 22 will
1418 875 28 21 be
1453 875 94 21 allowed
1556 877 22 19 to
1584 874 83 22 remain
1677 881 59 19 upon
1745 877 117 23 mortgage

1274 903 35 23 for
1319 903 43 21 five
1371 909 72 20 years,
1460 905 24 17 at
1499 903 26 19 10
1539 908 41 19 per
1594 904 56 18 cent.
1679 901 78 21 Terms
1766 907 53 20 may
1834 900 28 21 be

1274 929 92 23 learned
1376 936 30 14 on
1416 928 136 27 application
1563 931 22 17 to

1543 961 99 22 Hanson
1656 960 46 21 and
1716 960 116 21 Alzdorf.

1391 1007 123 25 Country
1529 1006 78 21 Land
1621 1005 41 20 for
1677 1004 67 21 Sale.

1277 1041 68 49 TO
1361 1040 38 22 BE
1415 1040 78 22 SOLD
1510 1039 35 22 IN
1561 1039 82 27 LOTS,
1658 1042 23 18 to
1697 1039 44 21 suit
1756 1038 36 22 the
1810 1045 54 15 con-

1352 1067 110 22 venience
1472 1067 25 21 of
1503 1066 138 27 purchasers,
1649 1065 44 22 No.
1700 1067 14 20 3
1724 1066 22 20 in
1757 1065 37 21 the
1804 1068 60 18 town

1276 1094 92 27 district,
1380 1094 43 21 No.
1434 1094 29 21 44
1471 1094 23 21 in
1504 1093 37 22 the
1557 1093 59 22 Hutt
1626 1093 91 25 district,
1728 1092 44 22 and
1782 1092 44 21 No.
1837 1093 27 20 68

1275 1122 30 21 in'
1318 1121 36 21 the
1374 1121 95 21 Porirua
1487 1120 85 22 district
1579 1127 5 14 :
1600 1119 49 21 half
1660 1119 25 21 of
1701 1119 37 21 the
1753 1118 112 27 .purchase

1277 1155 83 20 mqney
1369 1148 47 21 will
1429 1147 28 22 be
1467 1147 94 21 allowed
1575 1150 22 17 to
1607 1146 83 21 remain
1698 1153 33 14 ,on
1740 1149 124 23 mortgage,

1277 1178 24 19 at
1312 1176 26 21 10
1345 1181 40 21 per
1395 1177 60 19 cent.
1484 1173 45 22 For
1536 1173 138 28 particulars,
1684 1173 66 26 apply
1760 1176 22 18 to

1300 1217 7 10 ;<
1552 1207 96 21 Hanson
1662 1206 44 22 and
1721 1207 116 21 Alzdorf.

1279 1267 10 8 .
1298 1254 87 20 Town
1402 1253 54 20 and
1472 1253 123 24 Country
1608 1252 76 20 Land,
1698 1253 29 18 to
1742 1252 33 19 be
1790 1252 58 19 Let.

1281 1286 169 50 SECTIONS
1467 1285 45 22 and
1527 1285 100 27 portions
1643 1284 25 21 of
1681 1284 100 21 Sections
1797 1284 24 21 in
1837 1283 30 21 all

1322 1332 4 3 .
1350 1317 61 23 parts
1429 1312 26 22 of
1470 1312 37 21 the
1526 1312 70 21 Town
1615 1311 25 22 of
1655 1311 144 27 Wellington,
1820 1310 47 21 also

1271 1359 4 3 .
1280 1340 100 27 Country
1390 1340 102 21 Sections
1505 1338 24 22 in
1540 1338 38 22 the
1596 1338 92 21 districts
1706 1338 25 21 of
1745 1337 36 22 the
1799 1337 66 27 Hutt,

1280 1367 38 21 the
1434 1366 37 21 the
1482 1365 76 26 Ohiro,
1571 1364 45 22 and
1628 1364 36 22 the
1675 1364 98 22 Porirua.
1802 1364 66 26 Long

1280 1394 70 22 leases
1362 1393 25 22 of
1393 1393 39 22 the
1449 1395 94 23 country
1553 1391 54 22 land
1623 1391 44 22 will
1683 1392 27 21 be
1725 1390 94 28 granted
1837 1397 30 14 on

1280 1420 131 22 reasonable
1422 1423 74 18 terms.
1526 1418 44 22 For
1579 1418 130 28 particulars
1719 1418 64 27 apply
1794 1421 23 18 to

1308 1453 98 22 Hanson
1418 1453 46 21 and
1477 1453 117 24 Alzdorf,
1604 1451 196 27 Thorndon-quay.
1811 1458 25 14 or
1846 1453 22 19 to

1308 1486 95 21 Robert
1415 1485 92 25 Stokes,
1519 1484 65 21 Land
1599 1484 109 26 Surveyor
1724 1482 44 22 and
1783 1483 84 26 Agent,

1467 1510 215 22 Woolcomb-street.

1336 1566 67 19 Port
1416 1564 153 21 Nicholson
1585 1564 54 20 and
1648 1562 164 27 Wanganui.

1284 1597 166 51 SEVERAL
1465 1597 68 22 Town
1550 1596 44 22 and
1610 1597 97 21 Country
1728 1595 97 21 Sections
1844 1594 25 21 in

1348 1625 62 21 these
1420 1624 96 22 districts
1526 1628 23 17 to
1559 1623 27 21 be
1597 1623 47 21 sold
1653 1630 24 14 or
1691 1622 40 22 let.
1761 1622 43 21 For
1818 1628 51 20 par-

1281 1652 91 22 ticulars
1382 1651 47 22 and
1438 1655 74 22 terms,
1523 1650 66 28 apply
1601 1653 21 18 to

1589 1682 94 22 Robert
1697 1682 28 21 R.
1741 1682 100 21 Strang.

1310 1711 91 26 August
1408 1711 20 25 4,
1441 1711 61 20 1842.

1285 1756 67 48 TO
1372 1755 41 21 BE
1434 1754 78 22 SOLD
1535 1754 111 24 CHEAP,
1670 1752 54 23 with
1742 1752 128 22 immediate

1359 1789 130 20 possession,
1510 1789 13 13 a
1542 1780 116 22 well-built
1678 1780 92 21 wooden
1792 1780 78 26 house,

1282 1809 56 21 with
1347 1808 54 28 shop
1412 1808 100 26 window,
1524 1815 28 14 on
1562 1808 37 21 the
1610 1806 77 23 beach.
1716 1806 73 28 Apply
1799 1809 23 18 to

1455 1842 49 21 Mr.
1520 1841 75 28 Neal,
1611 1841 78 21 Watch
1702 1841 85 25 Maker,

1649 1868 110 21 Lambton
1771 1867 72 27 Quay.

1493 1914 167 20 Manewatu.

1286 1948 89 49 FOR
1390 1947 86 26 SALE,
1494 1954 13 14 a
1517 1945 107 24 .valuable
1641 1945 83 22 section
1741 1945 25 21 of
1778 1945 54 21 land
1849 1947 23 19 at

1359 1974 137 25 Manewatu,
1515 1973 98 21 selected
1622 1972 69 22 under
1704 1972 42 21 No.
1758 1971 24 22 of
1794 1971 78 22 choice

1284 2003 50 19 420.
1371 2001 45 21 Mr.
1437 2000 85 27 Kettle,
1543 2000 117 27 Surveyor,
1681 1999 46 21 will
1750 1997 60 23 shew
1833 1998 38 22 the

1286 2027 22 27 &*
1315 2027 67 23 ound.

1314 2054 44 22 For
1368 2058 75 21 terms,
1456 2053 67 27 apply
1533 2055 24 19 to
1568 2052 37 22 the
1613 2053 129 27 proprietor,

1660 2084 29 21 A.
1707 2084 33 21 W.
1757 2084 86 21 Siiand.

1288 2135 86 20 Town
1397 2134 56 20 and
1477 2134 122 24 Country
1618 2133 75 19 Land
1714 2133 29 19 to
1765 2132 50 20 Let
1836 2137 36 14 on

1478 2161 79 25 Long
1576 2161 106 19 Leases.

1288 2187 98 50 NOS.
1404 2187 26 21 of
1446 2187 38 21 the
1502 2190 60 18 town
1581 2193 60 14 acres
1660 2192 28 14 on
1706 2185 37 21 the
1763 2185 111 26 Surveyor

1489 2212 115 23 General's
1615 2212 61 27 Plan,

1395 2242 43 20 224
1563 2241 41 20 510
1724 2240 40 20 263

1289 2268 45 22 For
1342 2267 139 28 particulars,
1493 2267 66 27 apply
1569 2270 21 18 to

1453 2300 123 27 Wallace,
1587 2300 92 26 White,
1690 2298 47 22 and
1749 2298 125 22 Wallace.

1317 2328 55 28 May
1380 2330 35 25 31,
1427 2329 62 21 1842.

1290 2382 67 48 TO
1376 2381 40 22 BE
1437 2379 85 26 SOLD,
1538 2379 24 22 in
1576 2378 44 23 lots
1634 2381 22 18 to
1676 2378 44 21 suit
1736 2377 138 27 purchasers,

1356 2408 38 21 the
1409 2407 72 22 whole
1498 2407 25 21 of
1533 2410 61 17 town
1610 2412 48 15 acre
1674 2404 45 23 No.
1730 2406 45 24 134,
1792 2411 29 14 on
1837 2403 38 21 the

1289 2435 52 27 plan
1353 2435 25 22 of
1381 2434 37 22 the
1423 2434 68 21 Town
1498 2434 24 21 of
1527 2433 141 26 Wellington,
1674 2432 83 25 having
1763 2431 113 26 frontages

1289 2466 23 17 to
1321 2461 191 23 Taranaki-street
1522 2459 46 22 and
1577 2459 193 27 Ingestrie-street.
1799 2458 77 21 Terms

1288 2488 84 23 liberal.
1402 2488 76 28 Apply
1488 2491 22 18 to

1627 2512 35 22 W.
1674 2512 28 21 V.
1714 2512 106 26 Brewer,

1683 2539 193 22 Manners-street.

1318 2569 58 22 June
1387 2568 32 23 17.
1431 2569 61 21 1842.

1291 2613 117 49 LAND
1423 2617 23 17 to
1455 2613 29 21 be
1495 2612 52 22 Sold
1559 2618 24 15 or
1594 2611 42 22 Let
1649 2618 28 14 on
1692 2610 102 27 building
1806 2609 71 22 leases

1366 2640 24 22 in
1401 2639 29 22 all
1440 2643 60 24 parts
1510 2639 25 21 of
1543 2639 37 21 the
1590 2639 75 21 Town.
1695 2637 75 27 Apply
1780 2641 23 17 to

1401 2673 90 22 Messrs.
1506 2672 79 22 Evans
1599 2671 43 21 and
1656 2671 122 25 Chetiiam,

1597 2697 117 26 Solicitors,

1660 2723 190 28 Lambton-quay.

1295 2753 80 28 'May
1385 2754 33 26 23,
1430 2754 61 21 1842.

1293 2798 172 27 Wellington
1487 2798 53 20 and
1559 2795 155 27 Wanganui
1742 2795 92 20 Lands
1848 2795 29 19 to

1532 2824 34 21 be
1582 2824 57 20 Let.

1294 2858 122 22 mOWN
1441 2856 209 23 ALLOTMENTS
1674 2855 23 22 in
1721 2855 30 22 all
1772 2858 62 25 parts
1858 2854 22 22 of

1301 2878 31 29 JL
1368 2885 137 26 Wellington
1522 2883 46 22 and
1578 2883 130 27 Wanganui,
1721 2881 45 22 and
1780 2882 99 26 Country

1294 2912 98 21 Sections
1406 2912 24 21 in
1446 2911 54 22 both
1516 2910 104 27 districts,
1637 2913 21 19 to
1672 2910 27 21 be
1714 2909 32 21 let
1756 2916 27 14 on
1801 2909 78 21 leases.

1294 2939 44 21 For
1346 2939 64 27 plans
1420 2938 47 22 and.
1475 2938 138 28 particutars,
1625 2936 64 27 apply
1700 2939 22 18 to

1627 2964 87 22 Henry
1729 2963 35 21 St.
1781 2962 72 22 Hill.

1322 2991 54 28 July
1386 2993 19 25 1,
1417 2993 62 20 1842.
1580 2989 9 25 :

1461 3036 91 21 Beach
1568 3036 144 25 Frontage.

1296 3071 66 47 TO
1376 3071 40 21 BE
1431 3070 66 27 LET,
1512 3069 72 22 beach
1592 3068 101 25 frontage
1708 3067 43 22 lots
1761 3067 22 21 in
1790 3069 90 19 .section

1367 3099 42 20 490
1419 3104 30 14 on
1465 3097 37 21 the
1513 3096 56 22 Plan
1580 3095 26 22 of
1613 3092 36 25 the
1659 3095 67 21 Town
1742 3094 24 21 of
1773 3093 107 26 Welling-

1293 3128 46 23 ton,
1350 3124 118 27 adjoining
1477 3124 43 21 Mr.
1529 3122 89 23 Taine's
1625 3125 67 23 store;
1709 3120 44 22 and
1762 3120 23 21 in
1795 3119 84 23 section

1293 3153 47 25 616,
1349 3151 101 22 between
1458 3150 75 28 Major
1541 3146 145 25 Baker's'and
1694 3147 44 21 Mr.
1747 3146 133 24 Swainson's

1292 3177 89 22 houses.
1442 3177 4 3 '
1458 3173 2 7 '

1321 3205 55 21 Also
1386 3203 38 23 the
1433 3203 114 26 following
1557 3201 95 23 sections
1662 3208 28 14 on
1700 3201 38 21 the
1745 3201 57 21 Plan
1810 3201 26 19 of
1837 3201 42 19 -the

1293 3231 77 27 Town,
1380 3231 49 22 viz:

1396 3258 27 20 55
1561 3256 41 21 319
1749 3254 40 20 922

1383 3286 42 20 240
1561 3281 42 23 718
1737 3281 53 26 10/9

1321 3311 76 28 Apply
1410 3313 25 20 to

1471 3337 27 22 E.
1513 3336 22 22 J.
1551 3335 149 26 Wakefield,
1716 3340 25 15 or

1470 3363 37 21 W.
1521 3362 30 25 y.
1565 3361 107 26 Brewer,
1686 3360 193 22 Manners-street.

1288 3410 128 26 Country
1429 3408 127 21 Sections
1575 3407 43 20 for
1637 3405 59 22 Sale
1718 3410 36 16 on
1772 3403 108 22 Liberal

1539 3434 102 20 Terms.

1295 3467 166 49 SEVERAL
1496 3466 101 22 Sections
1624 3465 25 21 of
1680 3464 100 26 Country
1807 3460 72 28 Land,

1359 3494 92 27 already
1461 3493 81 22 chosen
1552 3493 25 21 in
1587 3492 38 21 the
1637 3491 93 22 Porirua
1744 3489 92 27 district,
1846 3488 34 22 for

1294 3521 58 28 Sale,
1363 3528 76 15 terms
1448 3527 106 15 liberal.
1583 3518 75 28 Apply
1667 3521 22 18 to

1389 3554 26 22 F.
1430 3554 30 21 A.
1474 3554 170 23 Molesworth,
1661 3549 185 28 Murphy-street,
1857 3555 23 18 ot

1389 3580 36 22 W.
1440 3580 29 21 V
1484 3575 110 30 Brewer,'
1603 3578 191 22 Manners-street.

1603 3621 160 22 Almanack.

1292 3659 51 49 IT
1350 3658 42 22 has
1401 3658 58 22 been
1470 3656 110 27 arranged
1589 3658 23 19 to
1620 3654 58 22 issue
1687 3661 15 13 a
1716 3653 86 22 Pocket
1814 3653 46 21 and
1869 3659 11 15 a

1351 3685 69 22 Sheet
1429 3683 128 23 Almanack
1564 3683 36 21 for
1609 3681 58 26 1843,
1678 3680 58 22 from
1745 3680 38 22 the
1795 3681 85 20 Gazette

1294 3712 78 23 Office.
1401 3712 95 22 Persons
1511 3709 69 28 being
1592 3706 155 28 inpossession
1757 3707 26 21 of
1793 3707 87 27 any.in-

1293 3738 121 23 formation
1423 3737 74 23 -which
1507 3736 59 32 they'
1571 3735 65 23 think
1644 3734 70 27 likely
1723 3736 22 19 to
1809 3737 25 19 to
1843 3734 37 23 the.

1293 3766 118 22 attraction
1420 3764 28 22 of
1454 3764 38 22 the
1500 3758 63 26 work
1571 3763 25 21 in
1611 3760 108 29 question,
1730 3768 37 14 are
1779 3760 101 23 solicited

1293 3796 24 18 to
1326 3791 87 23 furnish
1422 3791 39 22 the
1471 3797 61 15 same
1541 3793 25 18 to
1575 3788 38 22 the
1622 3789 85 19 Gazette
1712 3787 77 27 Office,
1798 3788 36 21 for
1843 3788 37 21 the

1292 3826 41 15 use
1343 3819 25 22 of
1373 3818 40 22 the
1422 3817 78 23 Editor
1509 3816 26 22 of
1542 3823 14 15 a
1564 3815 62 23 work
1635 3814 78 27 which,
1722 3814 21 22 if
1748 3814 49 22 well
1807 3814 73 22 stored

1291 3845 54 23 with
1354 3845 60 22 local
1428 3846 89 23 matter,
1528 3845 83 20 cannot
1619 3841 39 23 fail
1671 3843 24 21 to
1712 3848 63 15 serve
1785 3841 37 22 the
1832 3841 48 22 best

1291 3873 106 24 interests
1406 3871 28 23 of
1439 3871 40 22 the
1488 3869 135 24 settlement.

1322 3906 86 20 Gazette
1418 3903 78 26 Office,
1508 3901 56 29 July
1572 3903 35 25 30,
1618 3902 60 21 1842.

1291 3949 95 49 JUST
1401 3946 133 26 OPENED,
1541 3945 46 23 and
1597 3953 30 14 on
1637 3945 49 22 Sale
1695 3948 26 18 at
1728 3944 38 22 the
1776 3944 72 22 Office
1858 3944 22 22 of

1357 3975 44 24 this
1410 3975 80 24 Paper,
1499 3974 41 22 ink
1550 3972 77 24 stands
1637 3972 25 23 of
1667 3972 89 23 varioui
1766 3978 63 15 hzm.

1900 705 87 33 JUST
2001 705 159 22 RECEIVED
2170 708 23 19 at
2201 705 37 22 the
2246 705 68 22 Office
2321 706 25 22 of
2352 706 39 22 the

1893 727 26 26 O
1956 732 98 22 Zealand
2194 739 14 14 a
2217 732 41 21 few
2272 733 73 26 copies
2354 733 26 21 of
2387 732 37 22 the
2434 733 43 22 fol-

1892 759 83 27 lowing
1987 759 78 26 works,
2077 759 26 21 of
2110 759 44 21 last
2163 759 73 26 year's
2244 759 140 27 publication,
2394 759 46 22 and
2452 760 26 21 in

1893 785 112 22 excellent
2015 785 111 22 condition
2134 793 31 14 :

1919 817 48 22 The
1983 817 100 22 Poetical
2095 816 80 22 Works
2193 816 25 21 of
2232 816 87 27 Milton,
2331 816 54 22 with
2399 824 14 15 a
2431 824 47 15 me-

1893 844 63 26 moir,
1977 843 44 22 and
2043 851 66 14 seven
2135 843 189 22 embellishments
2345 843 33 28 by
2396 844 82 27 Fuseli,

1895 870 99 26 Westall,
2019 870 45 21 and
2088 870 91 22 Martin.
2227 870 61 26 Also,
2313 877 28 14 an
2370 870 111 22 excellent

1894 897 93 26 portrait
2006 897 26 20 of
2048 896 89 27 Milton,
2160 896 112 27 engraved
2284 897 30 27 by
2328 896 23 22 J.
2371 897 107 27 Cochran,

1893 924 59 21 from
1961 930 15 14 a
1984 922 125 27 miniature,
2121 922 116 28 originally
2246 924 23 21 in
2280 923 37 22 the
2323 924 123 26 possession
2457 924 26 21 of

1895 950 76 21 Oliver
1979 949 123 22 Cromwell.
2131 950 13 21 I
2154 950 43 21 vol.
2205 951 55 25 Bvo.,
2268 950 76 21 bound
2353 950 25 21 in
2384 950 67 21 cloth.

1923 983 50 21 Life
1989 983 26 21 of
2030 983 37 21 the
2085 983 66 22 Duke
2168 983 26 21 of
2206 983 143 27 Wellington,
2370 983 110 24 compiled

1894 1010 59 22 from
1977 1010 34 21 his
2035 1010 92 21 Grace's
2149 1010 143 27 Despatches,
2316 1010 119 27 published
2457 1010 24 22 in

1896 1038 59 25 1840,
1968 1037 31 26 by
2010 1036 87 27 George
2107 1037 78 26 Soane,
2197 1037 57 21 A.B.
2281 1038 14 20 2
2304 1036 54 22 vols.
2369 1037 60 21 cloth
2436 1037 45 21 and

1895 1063 101 22 lettered.

1923 1097 47 22 The
1980 1096 63 28 Holy
2052 1096 72 28 Bible,
2133 1096 127 28 containing
2270 1096 37 23 the
2316 1096 45 23 Old
2371 1097 45 22 and
2425 1097 57 22 New

1896 1124 145 26 Testaments,
2067 1124 53 21 with
2143 1127 70 23 notes,
2234 1124 29 26 by
2286 1124 37 21 the
2342 1124 57 21 Rev.
2420 1124 62 22 John

1898 1151 88 22 Hobart
2000 1151 103 26 Caunter,
2119 1150 61 27 8.C.,
2196 1150 78 22 author
2288 1150 25 21 of
2320 1150 38 22 the

1897 1178 26 21 of
1933 1177 38 22 the
2158 1177 46 22 and
2213 1176 145 23 embellished
2366 1177 54 22 with
2431 1177 52 22 four

1897 1211 62 20 maps
1975 1204 45 21 and
2033 1205 41 20 144
2088 1204 139 26 engravings,
2246 1204 58 21 from
2321 1204 113 27 paintings
2452 1204 31 28 by

1897 1230 93 22 Westall
2001 1230 44 22 and
2055 1230 91 28 Martin,
2158 1233 48 19 Bvo.
2217 1230 66 22 cloth.

1924 1264 48 22 The
1983 1264 131 27 Beginner's
2124 1263 87 23 French
2227 1263 69 27 Book,
2308 1264 44 22 and
2365 1263 38 22 the
2414 1263 69 23 Scho-

1897 1291 52 21 lar's
1968 1291 86 21 French
2070 1290 70 28 Book,
2158 1291 29 26 by
2197 1291 61 21 Rene
2276 1290 75 28 Aliva,
2362 1291 80 21 author
2460 1291 26 22 of

1898 1318 37 21 the
1971 1317 166 28 Anti-Spelling

1925 1350 144 21 Montacute:
2086 1357 24 14 or
2119 1357 14 14 a
2142 1350 57 21 New
2215 1349 64 22 horne
2308 1349 75 22 who'll
2396 1349 88 23 follow?

1898 1377 34 27 By
1943 1377 54 22 Mrs.
2011 1378 63 26 Mary
2086 1377 95 21 Clavers.
2210 1378 14 20 2
2231 1376 51 22 vols.
2294 1378 49 20 Bvo.

1926 1410 110 28 Scripture
2052 1410 133 28 Biography,
2201 1411 34 21 for
2246 1410 36 22 the
2297 1410 90 28 Young,
2399 1410 84 22 embel-

1898 1437 72 21 lished
1980 1437 51 22 with
2041 1437 78 28 plates.

1926 1470 111 28 Voyages,
2048 1471 148 26 Adventures,
2213 1470 45 22 and
2272 1470 96 28 Escapes
2382 1471 26 21 of
2420 1471 63 27 Capt.

1900 1497 99 22 Richard
2009 1498 115 26 Falconer,
2135 1498 85 21 written
2230 1498 30 26 by
2269 1497 96 27 himself,
2377 1499 10 20 1
2398 1498 45 21 vol.

1926 1531 98 22 Fisher's
2033 1531 105 22 Juvenile
2149 1532 68 27 Scrap
2226 1531 69 27 Book,
2305 1531 35 21 for
2349 1533 60 20 1842.

1926 1565 51 21 Life
1996 1564 46 22 and
2061 1565 71 26 Reign
2152 1565 25 21 of
2189 1564 97 22 William
2301 1564 37 22 the
2354 1564 91 28 Fourth,
2455 1566 31 27 by

1899 1591 37 22 the
1947 1592 56 21 Rev.
2017 1592 26 21 G.
2055 1592 29 21 N.
2095 1592 95 26 Wright,
2202 1592 71 26 M.A.,
2284 1593 14 20 2
2308 1592 54 21 vols.

1927 1625 51 22 Life
1986 1625 43 22 and
2039 1625 133 28 Campaigns
2183 1625 27 21 of
2221 1625 36 21 the
2267 1625 66 22 Duke
2344 1626 26 21 of
2377 1625 108 28 Welling-

1900 1656 43 23 ton,
1954 1653 31 26 by
1995 1652 36 22 the
2043 1660 60 14 same
2112 1652 96 22 Author.
2236 1653 14 20 4
2259 1652 54 21 vols.

1928 1686 50 22 Life
1992 1686 44 21 and
2051 1685 94 22 services
2163 1686 25 21 of
2201 1685 93 22 Horatio
2307 1685 108 22 Viscount
2431 1686 55 22 Nel-

1901 1721 47 19 son,
1968 1713 56 21 from
2037 1712 35 22 his
2090 1712 117 27 lordship's
2227 1712 151 28 manuscripts,
2400 1713 30 27 by
2448 1714 38 21 the

1902 1741 55 21 Rev.
1969 1740 21 21 J.
2003 1740 21 21 S.
2036 1738 85 27 Clarke,
2133 1739 87 26 F.R.S.,
2233 1738 45 22 and
2286 1738 60 23 John
2358 1739 127 28 M'Arthur,

1902 1768 59 26 Esq.,
1973 1766 86 21 L.L.D.
2088 1768 12 19 3
2111 1766 54 21 vols.

1928 1794 49 21 The
1994 1792 80 27 Rhine,
2086 1792 65 27 Italy,
2163 1792 45 21 and
2225 1792 84 22 Greece
2318 1792 133 27 illustrated,
2462 1792 24 23 in

1902 1828 14 14 a
1925 1820 67 21 series
2004 1820 23 21 of
2035 1819 110 27 drawings
2161 1819 57 22 from
2234 1823 84 23 nature,
2330 1819 53 22 with
2398 1819 90 22 histori-

1903 1848 33 21 cal
1948 1847 44 21 and
2003 1846 120 27 legendary
2133 1846 150 27 descriptions.

1930 1873 156 27 Shakspeare's
2095 1872 116 22 Dramatic
2221 1872 86 27 Works,
2318 1872 53 22 with
2381 1872 79 28 plates.
2475 1874 11 21 1

1902 1901 44 22 vol.

1930 1926 142 23 Buchanan's
2083 1926 83 26 history
2177 1926 26 21 of
2210 1926 112 21 Scotland.
2351 1928 11 20 1
2373 1926 44 22 vol.

1930 1954 94 26 History
2034 1953 26 22 of
2070 1952 108 27 England,
2191 1956 22 17 to
2229 1952 36 22 the
2281 1952 66 22 death
2363 1953 26 21 of
2401 1953 87 27 George

1903 1980 37 22 the
1953 1980 93 26 Second,
2057 1980 30 26 by
2096 1980 76 21 Oliver
2182 1979 137 27 Goldsmith;
2336 1980 122 21 continued
2466 1984 22 17 to

1903 2008 37 21 the
1951 2007 127 22 coronation
2089 2006 25 21 of
2128 2006 78 24 Queen
2217 2006 104 28 Victoria,
2338 2007 30 27 by
2378 2006 37 22 the
2431 2006 57 23 Rev.

1905 2035 27 21 G.
1944 2034 31 21 N.
1987 2033 97 27 Wright,
2093 2032 64 23 M.A.

1930 2060 108 27 Wesley's
2063 2060 108 26 Sermons,
2191 2058 53 22 with
2261 2065 13 15 a
2291 2059 101 27 memoir,
2415 2060 31 27 by
2465 2060 22 22 S.

1902 2088 75 26 Drew,
1991 2087 65 21 M.A.

1930 2114 97 22 Memoir
2037 2114 26 21 of
2069 2113 56 22 Rev.
2136 2112 108 22 Rowland
2258 2112 54 26 Hill,
2323 2112 31 28 by
2364 2112 35 22 W.
2410 2112 78 28 Jones,

1903 2141 89 22 Author
2017 2140 24 21 of
2088 2140 167 26 Testamentary
2278 2139 114 27 Counsels,
2444 2141 46 20 2nd

1904 2167 90 22 edition.
2023 2169 9 19 1
2046 2166 43 21 vol.

1931 2194 120 27 Magnall's
2062 2192 118 25 Questions
2187 2200 6 19 ;
2209 2192 101 28 pictorial
2319 2192 91 22 edition.

1930 2220 104 23 Barton's
2046 2219 82 28 Gospel
2137 2220 84 26 history
2229 2220 25 21 of
2260 2220 79 21 Christ.
2369 2221 11 20 1
2390 2219 44 22 vol.

1930 2248 48 21 The
1989 2248 78 21 Easter
2077 2247 54 24 Gift,
2142 2246 29 27 by
2181 2246 83 21 L.E.L.
2294 2248 10 19 1
2316 2245 43 22 vol.

1930 2275 49 22 The
1990 2273 100 23 Parents'
2100 2272 88 28 Friend,
2197 2273 29 27 by
2234 2272 59 22 John
2304 2272 107 27 Morison,
2419 2272 69 28 D.D.,

1905 2301 87 22 Author
2003 2302 23 21 of
2174 2304 23 17 to
2207 2307 14 14 a
2233 2300 177 26 newly-wedded

1933 2328 110 27 Scripture
2061 2328 91 26 History
2165 2326 36 22 for
2217 2326 83 22 Youth.
2327 2328 15 20 2
2358 2327 62 27 vols.,
2437 2327 54 22 with

1905 2363 63 19 maps
1978 2354 44 22 and
2031 2354 76 27 plates.

1933 2382 47 21 The
2001 2382 92 21 Women
2114 2380 24 21 of
2156 2380 106 26 England,
2283 2379 57 22 their
2361 2380 73 22 Social
2447 2380 45 22 and

1906 2408 115 23 Domestic
2034 2408 87 26 Duties,
2138 2407 30 27 by
2177 2407 56 22 Mrs.
2249 2406 55 22 Ellis
2311 2414 5 20 ;
2333 2406 52 23 15th
2401 2407 90 22 edition.

1908 2437 9 20 1
1929 2436 44 21 vol.

1933 2464 101 20 Summer
2049 2461 45 22 and
2102 2460 86 22 Winter
2204 2457 24 24 in
2241 2460 37 21 the
2288 2460 117 27 Pyrenees,
2416 2460 31 28 by
2453 2460 39 22 the

1907 2497 60 14 same
1977 2488 93 23 Author.
2101 2489 11 20 1
2123 2487 43 22 vol.

1935 2516 137 21 Goldsmiths
2083 2514 80 26 history
2173 2513 26 22 of
2207 2513 36 22 the
2253 2513 68 22 earth.
2349 2514 15 21 4
2373 2514 56 21 vols.

1934 2542 105 22 Burder's
2049 2542 89 26 Village
2148 2542 109 21 Sermons.
2286 2540 11 21 I
2309 2540 43 23 vol.

1935 2569 89 22 Wood's
2034 2569 131 25 Dictionary
2174 2567 27 22 of
2208 2567 36 22 the
2255 2566 69 23 Bible.
2353 2569 15 20 2
2377 2568 55 21 vols.

1935 2596 92 22 Smith's
2037 2595 110 27 Mecauic,
2159 2596 12 20 2
2180 2594 56 21 vols.

1934 2623 49 22 The
1993 2622 64 23 Book
2066 2622 25 21 of
2104 2622 108 21 Common
2223 2621 88 27 Prayer,
2321 2620 130 23 illustrated.

1935 2649 146 23 Fleetwood's
2090 2648 38 22 life
2138 2649 25 20 of
2170 2648 80 22 Christ.

1937 2677 67 21 Fox's
2015 2676 109 22 Christain
2135 2674 159 28 Martyrology.

2004 2729 91 20 Union
2109 2728 80 21 Bank
2203 2728 31 20 of
2250 2727 148 22 Australia.

1909 2763 95 22 London
2022 2763 93 26 Office,
2130 2761 45 22 No.
2190 2762 36 26 3S,
2244 2761 50 22 Old
2309 2761 186 23 Broad-street.

1963 2794 95 28 Capital,
2067 2794 122 27 800,000;
2210 2793 52 27 paid
2269 2801 38 19 up,
2321 2793 120 27 500,000.

2143 2831 110 13 DIRECTORS
2258 2831 4 13 :

2017 2857 67 20 George
2091 2855 39 17 Fife
2137 2855 67 21 Angas,
2211 2855 49 20 Esq.,

2017 2878 67 15 Robert
2090 2876 74 19 Brooks,
2173 2876 50 20 Esq.,

2016 2898 60 16 James
2084 2895 53 19 John'
2140 2897 99 18 Cummins,
2246 2896 49 20 Esq.,

2016 2919 68 16 Robert
2091 2918 94 19 Gardener,
2197 2917 49 20 Esq.,
2257 2916 122 19 Manchester,

2016 2939 48 17 John
2068 2939 49 16 .Gore
2133 2939 47 19 Esq.,

2016 2960 48 17 John
2070 2959 80 17 William
2156 2958 76 19 Buckle,
2236 2957 48 21 Esq.,

2016 2980 95 20 Benjamin
2117 2980 22 16 E.
2145 2979 64 19 Lindo,
2216 2979 48 19 Esq.,

2017 3001 72 16 Charles
2096 2999 75 18 Edward
2178 2998 87 21 Mangles,
2273 2998 48 21 Esq.,

2017 3021 114 20 Christopher
2137 3020 83 19 Rawson,
2228 3019 48 20 Esq.,
2286 3019 83 20 Halifax,

2016 3043 77 16 Thomas
2100 3041 64 19 Sands,
2171 3041 49 19 Esq.,
2227 3039 99 21 Liverpool,

2016 3063 61 16 James
2084 3062 55 20 Bogle
2146 3060 65 20 Smith,
2216 3060 48 20 Esq.,

2016 3084 60 16 James
2084 3081 79 18 Ituddell
2169 3081 56 19 Xodd,
2234 3081 41 19 Esq.

1910 3106 86 17 Trustees
2001 3109 5 12 :
2022 3104 80 16 George
2113 3103 57 16 Ca.hr
2180 3102 61 19 Gltn,
2253 3102 49 19 Esq.,
2312 3101 53 17 John
2377 3102 61 20 Gorx,
2446 3102 51 22 Esq.,

2057 3124 36 16 and
2098 3123 68 17 James
2172 3123 19 16 J.
2197 3123 100 19 Cummins,
2305 3122 44 21 Esq.

1938 3147 91 16 Bankers:
2040 3145 76 16 Messrs.
2123 3144 60 19 Glyn,
2195 3143 114 20 Hallifax,
2316 3144 73 19 Mills,
2396 3144 36 16 and
2439 3144 32 17 Co.

2029 3166 102 19 Secretary:
2143 3165 83 16 Samuel
2232 3164 94 20 Jackson,
2333 3165 45 20 Esq.

2001 3186 82 18 Colonial
2088 3186 93 20 Inspector
2185 3190 6 11 :
2203 3185 17 16 J.
2227 3185 19 16 C.
2253 3185 103 20 M'Laren,
2363 3186 44 19 Esq.

2032 3234 70 21 New
2119 3233 124 21 Zealand
2260 3233 115 20 Branch.

1909 3269 55 17 Local
1971 3268 91 17 Directors
2067 3272 5 12 :
2088 3267 47 16 Geo.
2146 3266 18 17 S.
2174 3266 74 19 Evans,
2260 3266 49 21 Esq.,
2320 3266 65 17 D.C.L.
2402 3267 37 16 and
2450 3266 48 17 Geo.

2131 3288 92 18 Hunter,
2235 3287 43 20 Esq.

1911 3318 87 20 Manager
2003 3321 5 13 :
2019 3316 48 17 John
2074 3316 73 19 Smith,
2154 3315 50 20 Esq.,
2211 3314 37 17 late
2255 3314 20 17 of
2283 3314 31 17 the
2320 3314 119 18 Commercial
2445 3314 53 18 Bank

2079 3337 20 16 of
2107 3335 90 22 England,
2208 3335 121 17 Manchester.

2021 3363 114 24 Branches
2144 3367 25 19 at
2182 3363 98 28 Sydney,

2183 3390 89 22 Hobart
2280 3390 76 27 Town,

2185 3418 147 25 Launceston,
2343 3416 47 22 and

2184 3445 55 21 Port
2248 3443 78 28 Philip.

1912 3473 54 22 Port
1975 3471 130 28 Nicholon,
2117 3471 80 23 March
2207 3472 34 25 24,
2252 3471 60 21 1840.

1913 3526 92 49 THE
2021 3525 116 22 Directors
2152 3524 26 22 of
2192 3524 40 22 the
2247 3523 56 22 New
2318 3521 101 23 Zealand
2432 3523 66 22 Land

1988 3553 117 27 Company
2118 3551 84 28 hereby
2218 3550 48 27 give
2283 3549 81 26 notice,
2382 3549 49 22 that
2445 3549 53 28 they

1912 3579 58 22 have
1977 3586 113 15 effected
2099 3586 31 14 an
2140 3583 169 17 arrangement
2316 3575 55 23 with
2377 3575 38 23 the
2422 3575 76 24 Union

1912 3607 66 22 Bank
1992 3607 26 21 of
2032 3605 122 27 Australia,
2170 3604 44 22 No.
2230 3604 34 25 38,
2278 3601 44 23 Old
2337 3602 161 25 Broad-street,

1912 3633 104 26 London,
2025 3633 36 22 for
2069 3632 39 22 the
2120 3629 166 25 establishment
2298 3629 26 23 of
2337 3636 14 14 a
2367 3626 131 26 BRANCH

1912 3660 91 22 BANK
2017 3659 34 22 IN
2065 3658 73 23 NEW
2150 3655 157 28 ZEALAND,
2319 3655 97 28 through
2425 3655 73 27 vhich

1913 3687 37 22 the
1959 3687 103 22 business
2072 3685 28 22 of
2112 3685 38 22 the
2166 3683 58 23 New
2238 3681 100 23 Zealand
2350 3681 67 23 Land
2432 3682 66 22 Com-

1912 3721 61 20 pany
1982 3713 82 22 willlje
2072 3709 134 25 transacted.
2234 3708 47 22 The
2295 3708 115 22 Directors
2425 3708 73 23 there-

1912 3741 47 21 fore
1969 3738 145 24 recommend
2122 3741 23 19 to
2162 3735 109 24 Colonists
2285 3735 38 21 the
2340 3735 77 23 Union
2434 3735 64 23 Bank

1914 3768 26 21 of
1957 3766 115 22 Australia
2089 3772 23 16 as
2130 3771 29 15 an
2184 3761 168 24 establishment
2372 3763 126 29 possessing

1913 3793 58 23 their
1986 3793 71 22 entire
2079 3791 136 25 confidence,
2297 3788 50 22 able
2366 3791 23 20 to
2405 3788 93 28 provide

1913 3819 126 28 effectually
2054 3819 36 21 for
2104 3817 38 23 the
2154 3815 106 24 financial
2273 3818 71 20 wants
2361 3815 27 22 of
2398 3815 38 23 the
2451 3815 47 24 first

1913 3847 134 22 settlement.

2079 3871 35 27 By
2125 3869 65 23 order
2198 3869 27 21 of
2234 3869 38 21 the
2281 3869 81 27 Board*

2156 3902 85 23 JOHN
2255 3901 104 28 WARD,
2375 3894 123 46 SeyrWy.

1914 3939 57 22 New
1980 3936 101 24 Zealand
2090 3935 64 23 Land
2163 3934 135 27 Company's
2306 3933 79 28 Office,

1938 3967 21 22 1,
1970 3964 161 25 Adam-street,
2142 3960 104 29 Adelphi,
2257 3960 54 25 27ih
2317 3960 63 28 Aug.
2399 3961 62 23 183&,
