2540 4039
1895 133 77 23 armed
1993 133 180 26 nativesVdrov'e
2195 133 103 24 Messrs'."
2319 134 96 24 Goodall
2428 136 51 24 'and

1895 166 90 28 Brown,
2001 171 79 26 agents
2097 167 24 23 of
2135 167 63 31 large
2214 167 108 23 absentee
2332 168 146 31 proprietors,

1895 198 35 23 off
1937 199 57 23 their
2010 199 107 29 sections,
2130 199 63 32 lying
2211 207 30 16 on
2257 194 43 29 the'
2314 200 66 23 north
2396 201 47 23 side
2456 203 27 22 of

1895 232 38 22 the
1952 233 59 21 river
2013 244 32 3 —
2046 236 39 18 cut
2105 232 64 24 down
2191 237 59 19 trees
2272 232 44 24 and
2336 233 142 30 brushwood,

1895 264 45 23 and
1951 265 102 22 declared
2065 265 58 22 their
2134 266 123 23 resolution
2267 271 21 18 to
2302 266 57 30 keep
2368 266 37 23 the
2413 267 67 24 white

1895 297 89 23 settlers
2008 302 22 18 to
2050 298 39 22 the
2108 298 65 23 south
2193 299 25 23 of
2234 298 38 24 the
2283 299 109 23 Waitera.
2424 300 56 25 .The

1895 331 47 22 real
1961 330 78 23 Chiefs
2058 331 94 22 assured
2174 331 38 24 the
2236 332 137 31 Company's
2386 333 93 33 )Agent,

1895 363 49 24 that
1956 363 37 23 the
2008 364 82 23 rioters
2100 364 46 23 had
2163 372 28 15 no
2204 364 67 24 claim
2282 365 112 23 whatever
2406 370 21 19 to
2440 366 41 24 the

1894 396 62 29 land,
1975 396 44 24 and
2038 397 53 30 only
2107 397 107 24 intended
2232 402 24 19 to
2274 399 78 30 terrify
2368 399 48 22 him
2432 400 49 23 into

1895 430 84 30 paying
2116 430 51 24 The
2179 430 43 31 day
2238 431 57 23 after
2308 432 36 22 the
2360 433 52 27 riot,
2430 432 49 24 Mr.

1895 461 134 25 Wicksteed
2041 463 71 23 called
2131 471 60 23 upon
2203 463 49 24 Mr.
2267 464 84 29 Cooke,
2358 473 21 14 -a
2390 465 91 31 Magis-

1895 500 66 24 trate,
1973 500 23 18 to
2006 503 72 16 swear
2085 497 24 22 in
2118 504 14 15 a
2143 496 58 31 body
2210 497 24 23 of
2244 497 84 30 special
2337 498 125 24 constables
2473 508 7 20 ;

1896 528 44 23 and
1952 528 47 24 that
2011 529 130 30 gentleman
2153 529 159 25 administered
2331 531 37 23 the
2382 531 63 23 oaths
2456 533 25 22 in

1895 561 40 24 the
1946 569 106 23 presence
2065 562 44 23 and
2121 563 53 23 with
2186 562 38 24 the
2236 564 102 23 sanction
2347 564 26 23 of
2384 564 97 31 Captain

1896 594 72 31 King,
1981 594 76 29 R.N.,
2076 595 69 23 Chief
2159 595 78 24 Police
2250 597 144 30 Magistrate.
2431 598 48 24 Mr.

1896 627 133 24 Wicksteed
2044 633 42 26 put
2100 628 79 23 twelve
2190 629 105 24 muskets
2312 630 42 23 and
2372 630 51 31 fifty
2434 630 48 24 ball

1897 661 123 30 cartridges
2032 661 47 23 into
2087 661 37 23 the
2136 661 55 32 long
2200 661 61 30 boat,
2270 663 44 23 and
2323 665 158 29 accompanied

1895 694 32 31 by
1945 694 47 24 Mr.
2009 694 85 29 Cooke,
2116 694 48 24 who
2183 696 147 23 commanded
2349 696 38 23 the
2406 701 74 26 party,

1896 728 123 31 proceeded
2031 731 21 20 to
2065 728 37 23 the
2115 728 107 29 Waitera,
2236 729 44 23 and
2293 728 61 24 there
2365 729 38 23 the
2413 730 68 24 latter

1897 769 69 15 swore
1989 762 24 22 in
2034 761 37 23 the
2090 762 122 30 surveying
2231 769 60 21 men,
2310 761 95 32 making
2422 763 60 24 their

1896 794 62 23 force
1966 796 39 22 -28
2024 802 61 16 men.
2121 795 35 23 As
2172 802 45 16 was
2236 795 57 30 fully
2306 795 115 32 expected,
2434 796 47 24 this

1897 827 177 24 demonstration
2095 828 46 23 had
2165 828 35 23 the
2224 828 91 23 desired
2337 828 73 23 effect.
2457 830 25 23 A

1897 860 55 31 long
1967 860 51 23 talk,
2039 861 54 23 with
2112 861 37 23 the
2172 861 95 23 Natives
2290 861 71 24 ended
2380 862 22 22 in
2422 861 60 25 their

1897 894 71 22 entire
1980 893 145 30 submission,
2138 895 44 23 and
2199 896 100 30 promise
2315 895 24 23 of
2356 895 71 23 better
2439 895 42 23 be-

1897 926 94 23 haviour
2001 927 25 22 in
2036 926 83 24 future.
2157 928 46 23 Mr.
2218 928 79 23 Cooke
2309 928 47 23 told
2368 928 37 23 the
2417 929 65 30 ring-

1896 959 75 24 leader
1994 959 57 29 that,
2074 968 28 15 on
2124 960 39 23 the
2189 965 56 18 next
2267 962 103 22 occasion
2394 961 25 23 of
2444 961 37 24 his

1897 992 111 32 breaking
2020 992 38 24 the
2069 1001 76 22 peace,
2165 994 27 22 he
2210 994 76 22 would
2304 994 93 23 himself
2410 1002 28 23 go
2456 999 23 19 to

1898 1025 37 24 the
1954 1026 51 31 pah,
2019 1031 71 18 arrest
2111 1026 55 29 him,
2179 1027 44 23 and
2244 1027 56 22 send
2317 1027 46 23 him
2382 1027 35 23 for
2429 1028 53 23 trial

1897 1064 22 18 to
1940 1060 57 23 Port
2016 1059 134 24 Nicholson.
2187 1060 47 23 Mr.
2254 1060 133 24 Wicksteed
2410 1061 71 23 after-

1897 1093 70 23 wards
1987 1101 56 23 gave
2055 1101 63 23 away
2129 1101 62 15 some
2204 1093 107 24 blankets
2323 1094 43 23 and
2379 1094 100 23 tobacco.

1897 1126 51 24 The
1959 1126 111 31 principal
2079 1126 96 24 Natives
2187 1131 23 19 at
2222 1126 38 24 the
2272 1127 108 28 Waitera,
2394 1135 24 15 as
2431 1128 52 23 well

1897 1167 24 15 as
1942 1160 61 28 here,
2025 1159 122 31 expressed
2167 1160 58 23 their
2246 1161 141 22 satisfaction
2405 1164 23 19 at
2442 1160 39 24 the

1896 1192 157 31 proceedings.

1930 1226 93 30 Among
2034 1226 39 23 the
2085 1227 89 22 settlers
2185 1226 64 23 there
2261 1227 20 22 is
2289 1227 41 23 but
2338 1234 42 15 one
2391 1227 92 31 opinion

1896 1259 24 22 in
1931 1259 29 23 its
1969 1258 87 29 favour,
2070 1259 42 23 and
2126 1260 47 22 Mr.
2182 1259 133 23 Wicksteed
2327 1260 40 22 has
2379 1260 104 23 received

1897 1291 83 24 thanks
1993 1300 29 15 on
2032 1300 66 22 every
2105 1292 56 24 side.
2196 1293 34 23 At
2241 1298 92 24 present
2341 1293 31 23 all
2383 1293 20 23 is
2412 1294 70 30 quiet,

1897 1325 45 23 and
1952 1326 17 22 it
1980 1326 20 22 is
2013 1324 96 32 thought
2121 1326 45 23 will
2186 1327 105 22 continue
2311 1334 31 15 so.
2380 1326 24 23 It
2419 1328 19 21 is
2458 1331 23 19 to

1897 1359 27 23 be
1933 1359 146 31 particularly
2100 1359 115 29 observed,
2227 1359 49 23 that
2288 1359 37 23 the
2343 1359 139 31 Company's

1897 1392 77 30 Agent
1986 1392 45 23 had
2049 1392 37 23 the
2100 1400 91 23 express
2204 1392 114 31 authority
2331 1392 44 24 and
2387 1397 94 19 counte-

1897 1433 69 15 nance
1979 1425 25 23 of
2013 1425 38 23 the
2061 1425 147 31 Magistrates
2217 1425 146 31 throughout,
2377 1426 43 23 and
2432 1426 49 23 that

1897 1459 28 22 he
1938 1458 53 23 took
2007 1458 60 24 what
2079 1458 37 24 the
2128 1463 65 19 event
2209 1459 84 31 proved
2306 1463 22 20 to
2340 1459 28 24 be
2380 1459 37 24 the
2429 1459 53 24 best

1897 1500 77 15 means
1994 1491 26 24 of
2036 1493 135 30 preventing
2188 1500 29 16 an
2229 1493 118 23 otherwise
2359 1493 122 23 inevitable

1898 1525 102 24 collision
2012 1525 53 23 with
2078 1525 37 24 the
2127 1526 95 23 natives.

1931 1558 47 24 Mr.
1994 1558 85 29 Cooke,
2093 1559 39 23 the
2144 1559 143 30 Magistrate,
2307 1559 49 23 who
2368 1559 41 23 has
2420 1559 59 23 been

1899 1592 25 23 of
1938 1600 24 15 so
1980 1592 70 23 much
2069 1593 85 22 service
2172 1597 22 18 to
2214 1592 39 23 the
2276 1592 136 30 settlement,
2436 1600 45 15 was

1898 1625 67 31 lately
1978 1633 13 15 a
2006 1625 139 24 Lieutenant
2155 1627 23 22 in
2190 1625 38 24 the
2241 1625 87 24 British
2347 1634 70 22 army,
2437 1625 52 24 and'

1898 1659 20 22 is
1931 1658 49 23 well
1992 1658 82 23 known
2086 1659 24 23 in
2119 1658 152 25 Devonshire.
2309 1659 37 24 He
2358 1660 42 22 has
2412 1660 69 22 much

1898 1692 104 31 personal
2022 1692 112 23 influence
2157 1692 54 24 with
2238 1693 38 23 the
2305 1692 103 29 Natives,
2438 1692 43 24 and

1899 1725 100 24 behaved
2012 1726 54 22 with
2085 1725 111 24 excellent
2214 1730 87 27 temper
2312 1726 44 23 and
2377 1726 106 23 firmness

1899 1766 60 23 upon
1971 1758 39 24 the
2016 1758 45 24 late
2070 1759 111 23 occasion.
2217 1759 50 23 The
2280 1759 102 23 Waitera
2388 1759 96 23 Natives

1899 1800 38 15 are
1949 1800 49 15 now
2010 1792 108 31 perfectly
2131 1794 68 30 quiet,
2213 1792 42 24 and
2269 1793 101 22 satisfied
2383 1792 53 23 with
2445 1792 38 24 the

1899 1833 101 16 reserves
2013 1825 65 23 made
2088 1825 37 24 for
2137 1826 59 23 them
2209 1826 30 30 by
2252 1826 37 23 the
2302 1826 125 31 Company.

1933 1859 42 23 We
1997 1858 75 24 would
2088 1859 111 31 earnestly
2218 1860 146 23 recommend
2392 1864 22 19 to
2446 1859 38 23 the

1900 1892 71 24 Local
1982 1892 135 29 Executive,
2130 1893 23 23 in
2166 1892 29 23 all
2206 1897 63 26 parts
2278 1893 24 23 of
2312 1892 56 24 New
2376 1893 109 28 Zealand,

1900 1926 49 23 that
1956 1926 24 22 in
1990 1925 65 24 order
2068 1930 22 18 to
2102 1933 107 23 suppress
2224 1926 43 23 bad
2284 1926 86 30 feeling
2384 1926 102 23 between

1901 1959 37 23 the
1955 1964 43 18 two
2015 1966 71 21 races,
2107 1959 85 23 similar
2210 1964 61 27 steps
2291 1964 21 18 to
2332 1959 64 23 those
2415 1959 71 23 above

1900 1992 113 28 recorded,
2027 1992 81 23 should
2120 1993 27 23 be
2162 1994 98 30 pursued
2279 1993 30 31 by
2326 1992 63 23 them
2406 2001 28 15 on
2455 1993 29 23 all

1901 2026 115 22 occasions
2039 2025 26 23 of
2091 2025 119 24 difference
2235 2026 100 24 between
2359 2026 38 23 the
2417 2026 68 23 white

1900 2058 143 22 settlers'and
2054 2058 38 22 the
2102 2059 104 21 Natives.
2427 2071 11 9 0

1934 2117 35 30 By
1981 2117 38 22 the
2039 2116 82 24 arrival
2137 2117 23 23 of
2178 2116 37 23 the
2227 2116 111 24 schooner
2356 2116 129 29 Elisabeth,

1901 2152 32 21 GO
1945 2154 60 24 tons,
2023 2149 83 29 Smith,
2127 2151 58 22 i'rom
2206 2149 96 29 Nelson,
2323 2157 33 15 we
2375 2150 55 22 have
2448 2151 38 22 the

1900 2182 126 24 Examiner
2043 2191 31 22 up
2087 2188 22 18 to
2128 2183 53 30 July
2193 2185 41 21 30.
2289 2183 100 30 English
2406 2191 81 23 papers

1900 2216 45 23 had
1955 2217 59 23 been
2031 2216 102 23 received
2152 2224 30 23 up
2194 2221 23 18 to
2229 2216 38 25 tbe
2280 2217 57 22 24th
2359 2216 124 31 February.

1902 2250 49 23 The
1982 2250 152 30 interruption
2159 2250 25 22 of
2219 2250 189 23 communication
2434 2250 54 23 with

1900 2283 131 28 Auckland,
2055 2283 44 23 had
2122 2283 77 30 nearly
2222 2283 97 24 reached
2341 2283 38 23 the
2400 2283 86 30 fourth

1900 2316 83 29 month,
2003 2317 43 23 and
2058 2318 131 29 possessing
2202 2316 51 31 only
2271 2325 14 15 a
2300 2316 77 24 Police
2397 2318 89 29 Magis-

1902 2354 63 25 trate,
1986 2350 59 23 their
2062 2350 132 30 complaints
2206 2350 25 23 of
2243 2350 38 23 the
2299 2349 90 31 neglect
2400 2349 88 31 (inten-

1901 2382 81 32 tional)
1995 2384 25 22 of
2028 2384 44 29 (the
2079 2384 77 30 public
2169 2384 166 28 necesessities,
2347 2391 30 15 on
2388 2383 38 23 the
2437 2387 51 27 part

1902 2417 25 22 of
1932 2417 36 23 the
1975 2417 58 23 local
2042 2417 163 28 Government,
2214 2424 37 16 are
2257 2417 61 23 loud.
2349 2417 50 23 The
2407 2417 80 23 details

1902 2450 24 22 of
1936 2459 12 14 a
1960 2458 51 16 case
2019 2450 122 24 connected
2150 2450 53 23 with
2208 2450 38 22 the
2256 2450 115 31 shipping,
2381 2450 23 22 in
2413 2450 73 23 which

1902 2483 38 24 tbe
1962 2488 60 19 most
2046 2484 134 30 distressing
2203 2491 129 23 annoyance
2358 2484 41 23 has
2430 2484 58 23 been

1902 2517 82 23 caused
1996 2522 21 18 to
2031 2517 38 23 the
2081 2518 91 31 parties,
2185 2516 59 24 shall
2256 2525 83 23 appear
2351 2518 24 22 in
2384 2525 42 15 our
2432 2521 56 19 next

1902 2551 103 22 number.
2041 2551 66 30 They
2120 2550 112 31 complain
2245 2551 25 22 of
2285 2551 85 30 having
2385 2550 103 23 received

1901 2591 29 15 no
1942 2592 82 23 papers
2036 2584 24 23 in
2073 2584 38 23 the
2119 2584 89 31 regular
2220 2591 51 24 way
2277 2584 59 23 from
2345 2584 39 22 the
2394 2583 93 23 Gazette

1902 2617 71 29 office,
1987 2618 63 22 since
2062 2617 38 23 the
2114 2618 40 23 4th
2166 2617 26 24 of
2201 2617 68 24 June.
2330 2617 57 24 This
2399 2617 89 31 neglect

1902 2651 23 22 in
1937 2650 38 23 the
1995 2650 136 24 Post-office
2149 2651 143 30 department
2305 2651 19 22 is
2342 2650 144 31 disgraceful.

1902 2683 35 24 To
1955 2692 42 15 our
2016 2683 140 31 knowledge,
2173 2688 41 19 not
2225 2692 14 15 a
2257 2684 73 30 single
2344 2683 144 31 Wellington

1900 2725 70 22 paper
2002 2716 41 23 has
2063 2716 96 24 reached
2178 2716 47 23 this
2246 2717 64 30 place
2330 2716 99 31 through
2450 2717 38 23 the

1904 2750 134 23 Post-office
2050 2751 62 22 since
2124 2749 48 23 that
2181 2750 25 23 of
2215 2749 59 24 June
2357 2749 29 24 In
2394 2749 95 24 another

1902 2783 134 31 paragraph,
2055 2782 54 31 they
2121 2787 64 24 state,
2187 2796 35 4 —
2248 2783 24 23 It
2283 2784 19 22 is
2323 2790 24 15 so
2359 2783 56 31 long
2426 2784 62 22 since

1903 2824 33 16 we
1947 2817 104 23 received
2068 2824 62 16 news
2141 2816 59 24 from
2218 2816 59 24 Port
2288 2816 134 29 Nicholson,
2440 2817 50 23 that

1903 2858 33 16 we
1945 2858 38 16 are
1991 2850 63 31 quite
2065 2850 107 31 ignorant
2179 2850 26 23 of
2214 2850 58 23 their
2423 2850 67 31 They

1904 2888 94 26 suggest
2011 2883 49 24 that
2077 2884 39 23 the
2129 2883 155 24 Government
2295 2883 52 31 brig
2360 2883 82 23 should
2462 2884 28 23 be

1904 2916 117 32 employed
2027 2925 25 15 as
2058 2925 14 15 a
2077 2916 162 32 Mail-packet,
2246 2916 46 24 and
2297 2917 52 23 thus
2356 2917 134 29 contribute,

1904 2955 24 19 at
1935 2951 57 23 least
2000 2950 136 31 something,
2146 2955 23 19 to
2177 2950 77 32 defray
2262 2951 41 22 her
2312 2957 49 17 own
2370 2958 118 24 expenses.

1905 2984 46 24 She
1963 2989 24 18 at
2006 2988 92 27 present
2119 2987 59 20 costs
2200 2983 39 24 the
2259 2984 137 31 Company's
2412 2984 79 24 settle-

1904 3022 73 19 ments
1989 3018 97 28 £1,500
2095 3024 42 24 per
2145 3024 94 17 annum.
2275 3017 50 23 The
2333 3017 84 23 second
2424 3018 66 23 letter

1905 3052 25 22 of
1938 3059 29 15 an
2190 3051 20 23 is
2221 3050 123 24 concluded
2354 3051 25 23 in
2389 3051 38 23 the
2438 3050 53 24 JSx-

1905 3085 92 29 aminer,
2010 3085 26 22 of
2051 3085 55 30 July
2118 3086 40 27 23,
2171 3084 44 23 and
2227 3092 32 15 we
2274 3083 66 29 shall,
2353 3084 24 23 in
2392 3092 13 15 a
2417 3084 75 29 future,

1904 3118 103 29 number,
2031 3118 56 23 offer
2110 3125 13 16 a
2142 3118 63 23 critic
2229 3125 30 16 on
2281 3116 45 25 this
2346 3117 144 24 remarkable

1904 3151 75 23 letter.

1937 3207 52 23 Our
2001 3207 102 23 columns
2113 3214 57 16 were
2182 3207 31 23 all
2224 3206 41 23 but
2274 3205 125 31 completed
2406 3213 37 15 ere
2451 3205 39 24 the

1905 3240 101 23 Colonist
2020 3240 26 24 of
2053 3240 114 31 Tuesday,
2179 3248 47 15 was
2238 3244 41 27 put
2294 3240 46 22 into
2354 3246 40 15 our
2405 3238 84 24 hands.

1904 3273 50 24 The
1964 3273 84 24 Editor
2066 3273 43 24 has
2121 3273 95 24 devoted
2227 3281 14 14 a
2251 3273 61 30 large
2331 3279 66 23 space
2410 3272 26 23 of
2453 3273 37 23 his

1906 3314 74 24 paper,
2005 3311 22 19 to
2051 3307 39 23 the
2113 3306 164 24 consideration
2295 3305 25 23 of
2340 3305 39 23 the
2399 3305 92 32 leading

1904 3341 78 22 article
1987 3341 24 22 in
2018 3340 134 31 Saturday's
2158 3339 95 24 number
2264 3338 24 23 of
2298 3338 37 23 the
2344 3338 102 25 Gazette.
2466 3339 24 24 It
2504 3344 2 19 ',

1904 3374 72 23 would
1985 3381 83 24 appear
2076 3374 50 23 that
2135 3370 199 32 notwithstanding
2343 3372 30 23 its
2381 3372 109 24 admitted

1928 3407 140 23 moderation
2079 3407 26 23 of
2114 3410 58 25 tone,
2185 3404 46 24 and
2241 3406 165 29 improvement
2416 3407 25 22 in
2453 3406 37 23 the

1904 3440 58 31 style
1984 3440 26 24 of
2029 3441 31 22 its
2228 3438 65 23 those
2310 3438 105 24 remarks
2433 3440 57 23 have

1903 3473 86 32 proved
2001 3481 27 16 an
2041 3480 53 16 over
2111 3471 76 24 match
2198 3471 37 23 for
2246 3479 41 16 our
2300 3473 189 31 contemporaries

1905 3506 194 32 comprehension.
2152 3504 60 24 Men
2232 3513 39 15 are
2288 3506 129 31 constantly
2428 3513 61 17 com-

1904 3541 93 29 mitting
2017 3539 38 23 the
2067 3546 63 16 error
2141 3538 25 24 of
2182 3538 121 32 searching
2314 3539 82 31 deeply
2405 3540 37 23 for
2452 3539 37 23 the

1904 3574 99 23 solution
2011 3572 27 24 of
2046 3580 13 15 a
2071 3571 117 31 difficulty,
2201 3571 66 24 when
2271 3573 31 23 'in
2308 3572 47 24 fact
2365 3574 20 22 it
2395 3574 21 22 is
2428 3577 23 19 to
2462 3572 27 24 be

1904 3605 69 25 found
1985 3614 30 15 on
2033 3605 39 23 the
2083 3604 97 24 surface.
2277 3606 145 30 respectfully
2436 3613 53 23 sug-

1904 3643 50 27 gest
1963 3639 49 23 that
2020 3638 45 23 this
2072 3645 54 23 may
2132 3638 28 24 be
2166 3638 39 24 the
2213 3646 53 16 case
2274 3639 54 24 with
2335 3640 82 30 regard
2423 3643 22 19 to
2453 3640 37 22 the

1905 3673 129 23 difficulties
2056 3671 89 24 alluded
2163 3676 24 19 to
2208 3672 31 31 by
2259 3672 37 24 the
2316 3673 75 23 writer
2409 3673 23 23 in
2454 3672 36 23 the

1907 3705 106 29 Colonist,
2025 3706 26 22 in
2061 3705 94 31 reading
2163 3705 38 24 the
2213 3706 79 23 article
2300 3707 25 22 in
2336 3706 39 24 the
2389 3706 99 24 Gazette.

1906 3739 50 24 The
1967 3742 123 20 statement
2107 3746 45 16 was
2170 3739 87 31 merely
2269 3748 14 15 a
2299 3740 70 23 series
2385 3739 25 23 of
2425 3739 65 27 facts,

1906 3772 39 24 but
1957 3779 34 16 we
2010 3772 71 24 admit
2099 3772 50 24 that
2166 3772 59 24 facts
2245 3781 37 15 are
2302 3773 61 23 often
2383 3772 108 24 stnbborn

1906 3805 85 31 things,
2011 3805 45 23 and
2067 3805 39 24 the
2123 3813 62 16 more
2201 3806 121 31 especially
2332 3810 24 19 to
2368 3805 64 24 those
2444 3803 47 25 who

1906 3847 37 16 are
1954 3843 42 20 not
2006 3838 134 32 uniformly,
2152 3840 149 31 particularly
2317 3839 56 24 fond
2388 3839 27 24 of
2431 3836 61 25 deal-

1905 3873 39 29 ing
1957 3873 25 23 in
1994 3880 12 16 a
2017 3872 65 30 plain
2093 3873 157 23 unvarnished
2261 3873 53 24 tale.

826 1570 136 18 DIARY.—
964 1570 128 18 AUGUST.

728 2031 169 24 SHIPPING
917 2032 273 25 INTELLIGENCE.

892 2084 141 17 ARRIVED.

693 2107 84 26 August
794 2108 32 25 11,
840 2108 102 20 schooner
958 2109 52 20 New
1027 2109 121 24 Zealander,
1161 2109 26 21 27
1199 2111 55 22 tons,

668 2135 78 24 Guard,
757 2135 54 20 from
823 2135 82 26 Cloudy
916 2136 50 26 Bay.

694 2163 61 20 Same
765 2163 47 26 day,
822 2167 137 22 government
975 2164 48 25 brig
1035 2165 101 25 Victoria,
1148 2165 39 19 200
1199 2166 55 23 tons,

668 2190 72 26 Nagle,
752 2191 50 19 with
812 2191 39 20 Dr.
864 2191 87 26 Selwyn,
963 2191 79 26 Bishop
1056 2192 25 19 of
1093 2192 52 20 New
1154 2192 100 27 Zealand,

668 2218 40 20 and
718 2218 36 20 the
765 2217 50 21 Rev.
827 2218 87 20 Messrs.
926 2218 51 21 Cole
987 2220 42 18 and
1041 2219 52 20 Rae.

905 2264 115 20 SAJLED.

694 2292 83 25 August
787 2292 33 24 11,
831 2292 79 26 barque
918 2292 114 26 Exporter,
1044 2293 42 19 216
1103 2295 56 23 tons,
1171 2293 83 26 Anwyl,

668 2318 33 20 for
714 2319 90 26 Sydney.

696 2346 59 20 Same
766 2347 46 25 day,
823 2347 104 20 schooner
935 2347 83 25 Henri/,
1032 2349 24 19 17
1068 2350 54 24 tons,
1136 2348 118 27 Daymoiid,

668 2373 33 21 for
712 2375 35 19 the
757 2375 65 20 coast.

696 2401 60 20 Same
778 2402 46 25 day,
846 2402 104 20 schooner
965 2403 62 25 Lady
1043 2403 74 26 Leigh,
1140 2403 38 21 109
1199 2406 55 22 tons,

668 2428 79 26 Munn,
758 2429 35 20 for
802 2429 77 27 Kapiti
888 2430 40 20 and
939 2430 91 25 Sydney.

895 2474 33 20 IN
943 2474 86 21 PORT.

694 2502 84 26 Barque
795 2502 113 25 Ctydeside,
919 2502 40 20 256
975 2505 56 21 tons,
1051 2502 129 26 Mathieson,
1196 2504 58 19 refit-

668 2530 53 25 ting.
750 2529 66 20 Waitt
826 2530 42 19 and
877 2530 72 25 Tyser,
957 2530 87 26 Agents.

694 2557 83 26 Barque
796 2557 80 25 Bright
896 2558 83 26 Planet,
1002 2559 39 20 187
1061 2559 56 24 tons,
1138 2558 116 22 Morrison.

668 2585 76 25 Agent,
756 2584 25 21 C.
790 2584 33 21 M.
835 2584 79 21 Evans.

695 2612 107 20 Schooner
812 2613 155 25 Perseverance,
979 2613 27 20 50
1018 2615 55 23 tons,
1084 2613 87 27 Bishop.
1189 2613 65 26 Rirlg-

668 2646 45 20 way
724 2639 40 20 and
775 2639 47 25 Co.,
832 2640 87 25 Agents,

694 2667 82 26 Barque
785 2667 125 26 Indemnity,
920 2668 41 20 450
979 2671 55 22 tons,
1051 2668 87 21 Adams.
1166 2669 88 26 Agents,

668 2694 67 21 Waitt
745 2695 41 19 and
795 2695 77 26 Tyser.

696 2722 107 20 Schooner
821 2723 57 27 Ann,
898 2723 26 20 22
945 2725 56 23 tons,
1022 2723 83 21 Brown.
1149 2723 105 26 Schultze,

668 2750 79 25 Agent.

696 2777 51 26 Brig
756 2777 95 25 Patriot,
863 2777 39 21 189
912 2779 56 23 tons,
976 2779 92 26 Wright.
1088 2778 76 26 Agent,
1175 2779 79 26 Penny.

698 2805 106 21 Schooner
812 2805 119 25 Elizabeth.,
943 2807 26 19 60
986 2809 57 22 tons,
1062 2806 77 21 Smith.
1166 2807 88 26 Agents,

668 2832 93 20 Wallace
771 2833 42 20 and
827 2833 40 20 Co.

697 2860 123 26 Brigantine
838 2860 92 25 Success,
942 2861 26 20 82
986 2862 55 24 tons,
1053 2861 85 22 Mason.
1166 2862 88 26 Agents,

670 2888 25 20 C.
707 2887 33 20 M.
750 2887 79 21 Evans.

698 2914 106 21 Schooner
813 2916 81 23 Maori,
907 2916 24 20 15
942 2917 59 19 tons.

698 2942 106 21 Schooner
813 2943 54 20 New
877 2943 122 26 Zealander,
1009 2943 26 21 27
1046 2946 57 22 tons,
1114 2944 79 21 Guard.

698 2969 143 22 Government
849 2970 48 26 brig
908 2971 102 25 Victoria,
1021 2972 40 19 200
1072 2974 57 22 tons,
1140 2972 76 26 Nagle.

843 3034 119 15 CUSTOM
978 3034 107 15 HOUSE.

816 3092 138 18 OUTWARDS,
967 3092 142 16 COASTWISE.

698 3113 30 22 In
741 3120 47 14 the
945 3120 45 14 for
1004 3114 103 23 Nelson.
1109 3127 27 4 —
1140 3116 64 21 Wade
1218 3117 38 20 and

672 3142 43 26 Co.,
730 3142 86 25 Agents.
818 3153 28 3 —
848 3142 14 20 6
877 3142 78 20 barrels
971 3142 61 26 pork,
1048 3144 14 19 4
1079 3144 78 20 barrels
1174 3145 55 23 beef,
1245 3146 11 19 4

669 3170 52 25 kegs
731 3170 77 23 butter,
820 3171 13 19 8
842 3176 65 17 cases,
917 3171 12 19 2
939 3170 79 20 barrels
1029 3177 58 19 peas,
1098 3171 12 21 7
1121 3172 62 20 boxes
1199 3179 57 20 soap,

670 3198 12 19 2
698 3203 57 14 cases
765 3198 70 19 starch
850 3198 40 19 and
901 3197 54 24 blue,
973 3198 10 19 1
995 3199 50 19 cask
1059 3198 91 26 vinegar,
1166 3200 12 19 8
1193 3200 63 20 boxes

670 3225 82 26 raisins,
765 3226 11 19 1
788 3226 50 19 cask
846 3225 78 26 barley,
937 3225 39 20 100
990 3225 48 25 bags
1048 3226 61 24 flour,
1121 3227 12 20 1
1144 3228 59 19 chest
1217 3230 39 18 tea.

670 3253 12 20 8
693 3259 32 19 qr.
743 3252 69 21 chests
825 3255 41 21 tea,
882 3254 14 19 3
911 3252 48 26 bags
976 3253 72 23 coffee,
1064 3254 13 19 8
1095 3254 48 26 bags
1158 3261 69 20 sugar,
1248 3256 8 19 1

670 3280 65 21 tierce
752 3280 45 20 loaf
809 3286 70 20 sugar,
894 3280 26 20 56
936 3280 82 26 gallons
1032 3281 61 24 wive,
1110 3282 11 19 1
1138 3288 45 14 case
1200 3283 56 19 Con-

670 3308 85 24 stantia,
765 3309 13 19 4
789 3308 92 26 cheeses,
895 3308 24 20 19
929 3308 51 25 kegs
990 3308 66 26 paint,
1069 3309 11 19 1
1091 3315 47 14 case
1148 3309 35 26 oil,
1197 3311 11 19 1
1220 3311 36 25 bag

670 3335 70 25 coiks,
752 3335 11 20 1
774 3335 51 20 cask
834 3335 61 26 wine,
906 3335 11 20 1
929 3335 51 20 cask
992 3336 62 25 glass,
1067 3337 11 19 1
1089 3337 50 19 cask
1152 3337 104 27 blacking,

671 3362 28 24 1£
715 3365 48 17 tons
778 3363 56 25 iron,
852 3363 27 20 42
895 3363 50 25 bags
962 3364 54 24 coal,
1032 3364 28 20 50
1075 3364 64 20 boxes
1157 3371 58 20 soap,
1230 3366 26 20 30

669 3389 82 27 gallons
762 3390 61 24 wine,
835 3391 28 19 22
877 3390 63 20 boxes
950 3391 82 24 raisins,
1048 3391 59 21 Sort
1116 3392 42 20 and
1173 3393 42 26 Co.,
1217 3403 29 4 —
1246 3394 10 18 2

669 3417 58 21 bales
736 3417 105 24 blankets,
852 3418 13 19 2
874 3418 88 20 bundles
972 3418 87 27 leather,
1072 3420 26 19 31
1110 3426 59 20 camp
1185 3426 71 19 ovens,

670 3445 14 20 3
693 3445 57 20 bales
761 3445 96 26 drapery,
869 3445 11 21 7
891 3452 31 19 qr.
933 3445 71 21 chests
1010 3447 41 26 tea,
1063 3447 12 19 6
1082 3447 47 20 half
1136 3448 70 20 chests
1216 3450 40 23 tea,

671 3473 11 19 1
694 3478 54 19 case,
764 3473 11 19 1
785 3472 56 23 bale,
858 3473 11 19 1
879 3473 66 24 chest,
962 3473 12 19 1
984 3475 64 23 truss,
1063 3474 13 20 5
1089 3476 50 19 tons
1154 3477 102 24 potatoes,

670 3500 14 20 3
698 3499 88 21 bundles
795 3499 58 27 hoop
867 3500 54 24 iron,
931 3501 14 19 3
960 3506 65 19 cases,
1035 3501 28 21 53
1078 3502 81 26 gallons
1168 3502 62 26 wine,
1246 3504 10 19 1

669 3528 70 20 barrel
747 3527 88 26 brandy,
846 3528 12 20 1
868 3527 69 21 barrel
945 3534 57 19 rum,
1012 3529 13 19 2
1040 3528 79 22 barrels
1128 3530 88 26 brandy,
1232 3531 24 20 19

669 3553 52 28 T>ags
730 3555 74 24 wheat,
816 3556 12 19 1
838 3555 41 26 bag
889 3555 65 24 seeds,
962 3555 13 20 1
985 3555 88 27 plough,
1082 3557 12 20 9
1103 3557 65 21 boxes
1174 3558 82 24 raisiris,

670 3583 14 20 2
694 3589 57 14 cases
761 3582 89 27 pickles,
862 3583 12 20 2
884 3582 68 20 chests
963 3582 79 27 clocks,
1053 3584 14 20 2
1080 3584 64 21 boxes
1155 3585 75 26 cigars,
1245 3587 11 19 5

669 3612 50 19 tons
747 3610 36 25 oil,
811 3610 61 25 Capt.
899 3610 120 26 Wakefield.
1062 3611 124 27 Passengers
1187 3624 28 4 —
1215 3613 41 22 Mr.

670 3636 106 26 Plaistow,
787 3636 45 21 Mr.
839 3637 83 24 Baines,
933 3638 45 20 Mr.
985 3638 91 24 Revans,
1087 3639 43 22 Mr.
1139 3640 65 26 Hort,
1214 3640 42 21 Mr.

670 3664 82 21 Virtue.
782 3664 99 26 Steerage
881 3675 27 4 —
908 3664 83 26 Farad,
1004 3666 41 21 and
1056 3666 25 21 C.
1092 3666 95 27 Hartley.

698 3691 29 21 In
737 3698 47 15 the
823 3692 84 21 Royal
915 3692 140 26 William,''
1070 3699 47 16 for
1126 3694 104 22 Nelson.
1232 3706 24 4 —

669 3719 86 25 Agents,
777 3720 93 21 Wallace
886 3720 42 20 and
943 3720 34 22 Co.
979 3731 28 5 —
1008 3721 11 20 1
1037 3721 42 20 box
1093 3722 79 26 cheese,
1192 3723 10 19 1
1218 3723 38 21 box

669 3752 86 21 pepper,
767 3748 11 19 1
788 3747 75 25 boxes,
868 3749 41 23 tea,
921 3748 12 20 1
943 3747 43 21 box
995 3755 114 19 preserves,
1117 3749 11 20 1
1139 3749 41 21 box

671 3774 11 19 1
699 3774 40 20 box
748 3774 47 21 hair
809 3775 38 25 oil,
863 3776 12 19 2
884 3775 64 21 boxes
962 3776 114 26 groceries,
1092 3777 13 20 8
1119 3783 57 15 cases
1185 3778 45 25 gin,
1247 3778 9 20 7

669 3800 52 26 bags
730 3802 70 24 corks,
815 3803 13 19 2
838 3802 64 21 boxes
915 3805 42 22 tea,
970 3804 11 19 1
994 3803 33 25 jar
1035 3803 60 27 soda,
1112 3804 11 20 1
1132 3805 32 25 jar
1178 3806 78 25 ginger,

671 3828 11 19 1
694 3828 40 26 bag
742 3828 60 27 hopg,
816 3831 11 19 1
839 3830 49 20 cask
902 3830 62 25 snuff,
975 3831 13 19 4
1003 3831 62 20 casks
1075 3838 94 19 oranges,
1182 3833 11 19 1
1209 3833 47 20 cask

670 3855 95 25 tobacco,
785 3856 27 20 14
827 3857 61 20 casks
901 3858 61 24 wine,
979 3859 11 19 1
1006 3859 50 20 cask
1071 3859 80 26 cheese,
1168 3860 12 20 1
1194 3861 62 20 tierce

669 3882 95 26 tobacco,
775 3884 27 19 25
813 3884 81 25 gallons
903 3885 82 26 spirits,
996 3885 25 20 60
1031 3886 83 26 gallons
1124 3893 54 19 rum,
1190 3888 11 20 1
1213 3887 43 21 bale

670 3910 68 24 shoes,
755 3911 26 19 22
792 3911 85 25 girdles,
893 3912 12 20 9
922 3912 72 26 frying
1007 3919 60 20 pans,
1079 3915 13 19 6
1106 3914 41 21 fish
1156 3913 67 28 pans,'
1233 3915 23 21 99

670 3940 51 18 stew
729 3944 60 20 pans,
801 3939 12 19 8
824 3939 50 24 kegs
884 3939 62 21 white
956 3939 53 24 lead,
1020 3942 14 18 4
1047 3941 49 26 kegs
1106 3942 66 25 paint,
1183 3943 13 20 4
1208 3943 48 25 kjegs

670 3965 36 20 do.
716 3966 12 20 4
735 3966 74 20 firkins
816 3967 77 25 butter,
905 3967 11 19 6
923 3967 47 20 half
977 3967 74 21 firkins
1058 3968 78 27 butter,
1145 3970 12 19 4
1166 3970 90 26 cheeses,

1318 1028 151 30 Intelligence
1479 1027 59 24 from
1555 1028 55 23 New
1625 1026 126 31 Plymouth
1771 1023 96 28 reached

1282 1060 142 31 Wellington
1452 1069 29 15 on
1507 1060 146 31 Wednesday
1688 1060 52 28 last,
1772 1060 32 31 by
1831 1061 37 23 the

1283 1094 99 23 Messrs.
1395 1094 103 30 Aubrey.
1540 1094 76 23 These
1636 1101 77 23 young
1730 1095 136 29 gentlemen,

1283 1135 53 15 sons
1347 1128 24 22 of
1388 1128 91 22 Colonel
1494 1127 92 31 Aubrey
1598 1126 26 23 of
1634 1126 156 29 .Devonshire,
1804 1135 62 15 came

1283 1161 107 22 overland
1403 1169 28 14 on
1446 1161 55 28 foot,
1518 1161 45 22 and
1575 1161 57 23 have
1650 1159 60 23 been
1727 1168 14 15 a
1757 1160 112 31 fortnight

1283 1201 29 15 on
1323 1194 59 23 their
1392 1201 56 23 way.

1317 1227 50 23 The
1380 1231 92 27 present
1484 1227 112 23 condition
1608 1225 44 24 and
1663 1230 117 27 prospects
1791 1227 24 22 of
1831 1227 38 22 the

1284 1260 138 28 settlement,
1441 1260 74 24 which
1532 1260 41 23 has
1592 1259 83 30 always
1692 1260 118 29 presented
1831 1260 37 22 the

1282 1298 101 26 greatest
1394 1294 136 30 advantages
1550 1298 23 19 to
1592 1292 38 24 the
1650 1293 177 30 agriculturalist
1846 1293 24 23 of

1284 1335 45 22 any
1350 1328 58 22 New
1431 1328 100 22 Zealand
1558 1326 137 28 settlement,
1723 1327 105 22 continue
1846 1330 22 19 to

1282 1361 28 23 be
1323 1366 59 18 most
1394 1361 149 31 satisfactory.
1589 1359 74 31 Many
1676 1359 124 31 capitalists
1811 1359 57 24 have

1284 1394 145 24 commenced
1440 1394 37 24 the
1495 1394 130 24 cultivation
1644 1392 26 24 of
1684 1394 38 22 the
1741 1393 128 23 surburban

1283 1427 45 23 aud
1345 1428 63 23 rural
1425 1429 96 22 sections
1537 1429 25 22 in
1580 1431 98 19 earnest.
1725 1426 57 23 Live
1803 1426 66 23 stock

1283 1460 41 24 has
1335 1461 59 23 been
1405 1462 110 31 imported
1526 1462 25 22 in
1568 1460 114 24 sufficient
1701 1460 121 30 quantities
1844 1464 23 19 to

1284 1494 82 31 supply
1390 1495 37 23 the
1444 1500 93 26 present
1555 1493 103 29 demand,
1679 1493 43 23 and
1740 1494 18 22 it
1777 1494 19 22 is
1815 1500 54 16 san-

1283 1528 93 30 guinely
1389 1528 80 31 hoped,
1484 1528 46 24 that
1549 1536 13 14 a
1579 1535 55 22 very
1651 1526 64 24 short
1730 1526 78 31 period
1825 1526 45 23 will

1284 1561 82 31 elapse,
1377 1562 77 23 before
1466 1562 37 23 the
1513 1561 89 24 settlers
1620 1560 98 31 produce
1737 1559 90 31 enough
1846 1564 23 18 to

1284 1600 95 25 support
1402 1595 142 23 themselves.
1587 1593 59 23 This
1663 1601 34 16 we
1717 1594 111 28 conceive,
1845 1597 23 19 to

1284 1628 28 23 be
1321 1629 38 22 the
1371 1629 51 23 first
1432 1629 42 22 and
1485 1629 49 22 best
1549 1626 66 33 proof
1637 1627 25 23 of
1685 1627 38 23 the
1741 1627 129 31 prosperity

1285 1662 25 22 of
1324 1669 45 23 any
1380 1662 136 23 settlement.

1319 1695 50 23 The
1382 1695 88 23 settlers
1483 1696 22 22 in
1518 1695 45 23 this
1574 1698 51 27 part
1637 1693 25 24 of
1677 1695 38 22 the
1734 1693 57 24 New
1810 1693 59 24 Zea-

1284 1728 53 23 land
1350 1729 138 31 Company's
1507 1730 110 27 territory,
1637 1728 58 22 have
1714 1727 99 30 recently
1825 1727 44 22 had

1285 1770 62 15 some
1360 1762 132 23 differences
1508 1761 53 24 with
1580 1761 37 23 the
1636 1761 104 28 Natives,
1759 1761 40 23 the
1816 1768 54 22 par-

1285 1796 93 23 ticulars
1390 1796 25 22 of
1430 1795 71 23 which
1511 1803 32 15 we
1561 1791 67 27 think
1645 1795 19 22 it
1681 1794 62 30 right
1761 1798 23 19 to
1803 1797 66 25 state,

1284 1836 25 15 as
1321 1829 54 29 they
1387 1836 37 16 are
1433 1829 67 23 liable
1512 1833 23 18 to
1547 1828 205 23 misconstruction.

1317 1862 25 23 A
1365 1862 154 24 considerable
1537 1861 95 24 number
1651 1861 25 23 of
1698 1860 96 24 Natives
1813 1860 58 23 have

1283 1895 70 31 lately
1376 1896 58 23 been
1453 1895 107 24 liberated
1578 1895 31 29 by
1622 1894 38 23 the
1672 1894 136 29 Waikato's,
1821 1894 50 22 who

1284 1937 63 15 some
1358 1937 65 22 years
1434 1937 43 22 ago
1489 1936 91 16 overran
1594 1927 38 23 the
1645 1927 116 24 Taranaki
1774 1928 95 26 district,

1284 1963 44 22 and
1342 1963 86 22 carried
1441 1963 34 22 off
1488 1971 13 14 a
1512 1963 63 29 large
1586 1962 92 30 portion
1690 1961 24 23 of
1731 1960 36 24 the
1780 1961 91 23 inhabi-

1283 2000 61 18 tants
1368 2004 26 15 as
1422 1996 59 23 their
1507 1996 82 23 slaves.
1643 1994 51 23 The
1722 1994 150 23 manumitted

1284 2029 96 23 Natives
1397 2038 37 14 are
1454 2037 47 15 now
1519 2028 120 30 returning
1657 2032 23 19 to
1704 2027 48 23 that
1774 2027 96 29 district,

1284 2062 44 22 and
1340 2067 40 17 not
1392 2062 83 30 having
1484 2063 56 21 been
1554 2060 84 33 parties
1650 2065 22 18 to
1686 2060 37 22 the
1735 2060 45 23 sale
1794 2060 24 23 of
1833 2060 38 23 the

1284 2095 52 23 land
1349 2100 22 18 to
1382 2095 38 23 the
1432 2095 124 31 Company,
1569 2101 50 15 now
1632 2093 112 31 complain
1756 2093 49 23 that
1815 2093 54 30 they

1284 2128 57 23 have
1352 2129 90 23 neither
1453 2133 89 26 potatoe
1553 2126 101 33 grounds
1667 2134 24 15 or
1842 2126 29 23 In

1284 2163 64 29 point
1360 2162 25 23 of
1401 2162 52 28 fact,
1470 2161 108 28 however,
1599 2159 38 24 the
1655 2160 83 22 Native
1757 2159 115 23 Reserves

1285 2203 37 15 are
1345 2195 113 23 sufficient
1480 2195 34 23 for
1534 2203 13 14 a
1573 2193 133 31 population
1730 2192 142 31 twenty-fold

1286 2228 74 31 larger
1374 2229 54 23 than
1448 2229 54 28 that,
1521 2227 71 30 likely
1613 2226 73 24 under
1708 2234 43 23 any
1775 2227 97 23 circum-

1286 2266 90 19 stances
1397 2267 20 18 to
1428 2262 82 30 belong
1523 2267 21 18 to
1557 2260 125 28 Taranaki,
1694 2260 43 23 and
1749 2260 38 23 the
1801 2259 70 24 Com-

1284 2296 81 29 pany's
1387 2295 78 30 Agent
1486 2300 82 18 cannot
1595 2293 102 23 discover
1726 2301 82 23 among
1835 2293 37 23 the

1285 2328 151 24 malcontents
1455 2337 14 15 a
1487 2328 72 31 single
1573 2335 85 23 person
1674 2326 58 30 who,
1752 2327 121 31 according

1285 2366 22 19 to
1320 2362 37 23 the
1371 2366 87 19 custom
1471 2362 24 23 of
1509 2364 38 21 the
1566 2361 104 28 Natives,
1690 2359 48 30 lias,
1758 2368 26 16 or
1803 2360 45 23 had
1860 2368 13 15 a

1285 2395 62 30 right
1370 2399 22 20 to
1416 2395 40 24 sell
1474 2395 36 24 the
1532 2394 60 25 land.
1641 2393 40 24 On
1701 2393 37 24 the
1759 2398 112 26 contrary,

1285 2436 69 23 many
1369 2429 25 23 of
1416 2429 65 23 those
1498 2429 49 23 who
1564 2427 37 23 did
1618 2427 43 23 sell
1679 2427 38 23 the
1735 2427 61 28 land,
1815 2427 57 23 have

1286 2462 117 31 distinctly
1415 2462 87 23 warned
1513 2462 48 23 him
1578 2465 41 18 not
1637 2464 22 19 to
1680 2465 62 18 enter
1760 2460 48 23 into
1829 2468 43 23 any

1285 2500 74 26 treaty
1371 2504 25 15 or
1408 2496 92 30 bargain
1511 2495 54 24 with
1577 2494 38 23 the
1624 2493 107 23 returned
1742 2493 82 24 slaves.

1319 2529 49 23 Not
1382 2530 69 29 being
1471 2526 138 32 encouraged
1632 2527 31 30 by
1684 2526 49 24 him
1751 2532 22 18 to
1792 2532 81 26 expect

1286 2570 45 24 any
1476 2570 62 16 some
1560 2561 24 24 of
1617 2560 64 24 these
1709 2560 96 24 Natives
1829 2561 44 23 had

1285 2604 105 15 recourse
1413 2600 23 19 to
1455 2596 108 28 voilence,
1583 2594 44 23 and
1646 2594 92 23 entered
1756 2602 14 14 a
1787 2595 86 22 section

1286 2638 30 15 on
1338 2629 38 24 the
1400 2629 161 30 Mongouraki,
1584 2627 125 31 belonging
1731 2631 22 19 to
1778 2635 13 15 a
1818 2635 55 23 very

1285 2662 121 32 peaceable
1417 2662 84 29 settler,
1513 2660 80 25 named
1605 2660 97 28 Pearce,
1718 2660 70 23 burnt
1808 2660 65 23 down

1286 2697 37 23 his
1341 2701 97 25 cottage,
1458 2695 45 24 and
1521 2693 119 31 destroyed
1660 2701 62 16 some
1744 2701 71 24 raupo
1837 2693 35 23 for

1286 2730 127 31 thatching.
1450 2729 64 31 They
1525 2728 53 24 then
1590 2726 126 32 proceeded
1728 2731 21 18 to
1762 2727 37 23 the
1818 2732 55 18 next

1286 2764 95 28 section,
1393 2763 76 23 where
1480 2762 37 24 the
1529 2761 98 24 Messrs.
1641 2760 75 31 Bayly
1732 2760 46 24 had
1789 2765 42 26 put
1842 2768 30 23 up

1286 2797 59 23 their
1355 2801 56 25 tent,
1423 2796 46 23 aud
1480 2803 58 16 were
1546 2795 156 29 commencing
1710 2794 57 23 their
1775 2794 99 30 farming

1287 2831 136 31 operations.
1461 2829 65 31 They
1543 2835 58 16 were
1620 2835 55 23 very
1690 2827 95 28 furious,
1804 2827 70 23 bran-

1287 2864 93 30 dishing
1389 2862 138 25 tomahawks
1540 2861 52 29 &c.,
1603 2860 45 24 and
1660 2861 123 31 attempted
1794 2865 23 19 to
1827 2866 48 18 tear

1287 2898 64 23 down
1364 2897 39 23 the
1420 2901 64 24 tent;
1502 2895 91 25 but.the
1609 2893 93 32 Bayly's
1713 2902 55 22 very
1777 2895 97 23 resolute

1286 2930 43 24 and
1340 2935 80 26 strong
1430 2938 60 21 men,
1502 2928 103 28 resisted,
1617 2927 44 24 and
1673 2935 15 16 a
1698 2932 47 19 sort
1756 2927 26 24 of
1796 2928 80 23 scuffle

1288 2972 24 15 or
1324 2963 117 31 wrestling
1448 2963 76 24 match
1535 2961 94 30 ensued,
1639 2961 100 24 between
1749 2969 42 15 one
1803 2961 26 23 of
1837 2961 39 24 the

1286 2997 113 29 brothers,
1411 2997 44 23 and
1469 3005 13 15 a
1492 2997 82 23 Native
1587 2996 49 23 who
1650 2994 64 25 acted
1721 3002 24 16 as
1756 2995 120 32 champion

1288 3031 24 23 of
1327 3031 39 23 the
1383 3031 127 23 assailants.
1554 3029 77 25 Twice
1649 3028 75 31 Bayly
1747 3028 71 24 threw
1838 3028 38 24 the

1286 3066 81 27 maori,
1392 3064 45 24 and
1453 3072 45 16 was
1522 3064 88 23 thrown
1632 3062 95 23 himself
1753 3062 39 23 the
1814 3062 63 24 third

1287 3099 54 22 time
1349 3107 5 20 ;
1369 3097 136 32 whereupon
1516 3097 37 24 the
1565 3096 97 24 Natives
1682 3095 102 23 crowded
1801 3095 76 24 round

1286 3132 56 28 him,
1354 3131 45 23 and
1411 3139 41 15 one
1466 3129 132 33 apparently
1615 3137 46 15 was
1680 3130 70 29 going
1764 3134 23 18 to
1799 3128 77 25 cleave

1287 3165 36 22 his
1335 3165 63 23 skull
1410 3165 55 22 with
1476 3172 12 15 a
1499 3163 137 28 tomahawk,
1650 3162 66 24 when
1727 3170 13 14 a
1751 3161 125 32 bystander

1286 3198 97 24 levelled
1395 3198 35 23 his
1444 3198 93 30 fowling
1547 3197 64 31 piece
1622 3200 24 19 at
1665 3196 37 23 the
1715 3195 91 29 Native,
1825 3195 50 24 who

1287 3231 55 24 then
1365 3239 55 23 gave
1440 3239 55 23 way.
1540 3229 75 25 There
1634 3236 59 16 were
1716 3228 67 24 about
1806 3228 70 31 thirty

1287 3264 96 24 Natives
1396 3264 44 24 and
1450 3265 36 22 six
1497 3264 66 23 white
1575 3270 61 16 men.
1672 3262 25 23 A
1704 3262 77 31 parley
1791 3263 85 23 ensued

1287 3298 44 23 and
1355 3298 53 30 they
1427 3297 82 31 agreed
1532 3301 22 19 to
1578 3296 61 23 refer
1663 3295 38 24 the
1719 3303 52 16 case
1793 3300 23 18 to
1837 3295 39 25 the

1288 3332 139 31 Company's
1439 3332 85 29 Agent.

1319 3365 166 30 Accordingly,
1498 3365 38 23 the
1571 3363 54 23 mob
1664 3362 26 24 of
1705 3362 96 24 Natives
1813 3370 63 16 came

1287 3402 23 20 to
1319 3398 37 24 his
1367 3398 72 23 house
1450 3402 43 19 two
1506 3398 55 30 days
1573 3396 66 29 after,
1649 3396 48 28 ,and
1706 3396 67 31 ,there
1785 3396 29 23 he
1828 3396 49 23 told

1288 3432 62 23 them
1371 3431 37 24 his
1433 3431 174 24 determination,
1629 3434 23 19 to
1676 3435 41 26 put
1745 3429 39 23 the
1807 3429 69 24 white

1288 3465 90 24 settlers
1390 3473 30 15 on
1430 3481 2 5 .
1441 3464 56 24 their
1508 3464 61 28 land,
1591 3463 44 24 and
1657 3468 24 19 to
1702 3462 43 25 call
1764 3471 62 23 upon
1837 3463 40 24 the

1288 3499 79 23 Police
1387 3498 136 30 Magistrate
1541 3502 22 19 to
1568 3496 68 24 -send
1653 3504 45 23 any
1716 3495 94 30 Native,
1826 3495 51 25 who

1286 3532 73 24 broke
1371 3531 38 24 the
1420 3539 76 24 peace,
1508 3536 23 19 to
1543 3530 94 33 prison.;
1657 3534 24 19 at
1693 3529 37 24 the
1747 3537 63 16 same
1821 3530 55 23 time

1287 3566 108 30 assuring
1406 3565 70 28 them,
1488 3564 49 24 that
1548 3571 45 23 any
1604 3563 70 24 Chief
1683 3562 49 24 who
1742 3562 46 24 had
1799 3571 14 15 a
1827 3563 50 23 real

1288 3599 49 23 title
1349 3603 24 19 to
1383 3598 37 24 the
1432 3597 59 30 land,
1505 3596 82 25 should
1597 3596 89 24 receive
1697 3596 64 23 such-
1769 3603 107 24 compen-

1288 3633 74 22 sation
1378 3640 25 15 as
1421 3631 49 24 Mr.
1491 3631 79 31 Spain,
1588 3636 38 17 on.
1635 3629 44 24 his'
1690 3629 89 29 arrival,
1803 3629 74 31 might

1288 3666 82 23 award.
1407 3664 67 31 They
1490 3671 54 24 very
1557 3662 53 24 well
1627 3662 68 24 knew
1706 3662 49 24 that
1767 3662 53 31 they
1831 3662 46 23 had

1288 3707 28 15 no
1333 3699 58 23 such
1404 3698 70 24 Chief
1482 3704 82 23 among
1577 3695 70 24 them.
1684 3695 66 31 They
1761 3696 116 31 promised

1288 3736 22 20 to
1322 3733 52 30 give
1386 3732 37 23 the
1436 3731 94 31 Bayly's
1540 3737 28 17 no
1581 3729 89 23 further
1681 3736 138 23 annoyance,
1833 3729 44 23 and

1288 3766 54 31 they
1364 3773 39 16 are
1423 3772 51 16 now
1495 3772 54 22 very
1570 3762 60 31 good
1651 3762 86 24 friends
1761 3762 55 23 with
1839 3762 38 23 the

1288 3799 99 29 settlers,
1407 3798 105 31 working
1530 3797 35 24 for
1584 3795 71 29 them,
1676 3795 102 31 sleeping
1796 3796 24 23 in
1837 3795 40 23 the<

1288 3840 62 16 same
1362 3836 56 25 tent,
1432 3831 43 24 and
1486 3829 133 34 apparently
1632 3829 61 31 quite
1710 3828 102 24 satisfied
1824 3828 53 24 with

1288 3866 38 22 the
1338 3866 115 22 excellent
1462 3865 54 23 land
1526 3862 106 25 reserved
1641 3862 36 24 for
1686 3861 62 24 them
1756 3863 25 22 in
1791 3869 26 16 or
1823 3869 54 16 near

1288 3899 49 23 that
1349 3904 51 27 part
1411 3898 26 24 of
1446 3899 38 23 the
1496 3901 103 26 country.
1865 3898 12 37 J

1320 3932 107 24 Another
1443 3931 64 24 affair
1526 3930 24 25 of
1569 3929 39 24 the
1620 3936 64 17 same
1702 3928 56 24 kind
1771 3928 106 24 occurred

1288 3973 55 16 soon
1359 3965 131 26 afterwards
1509 3969 24 19 at
1552 3963 38 24 the
1602 3962 111 25 Waitera.
1749 3962 24 25 A
1785 3962 67 32 body/
1856 3962 21 23 of

1820 3995 13 15 /

1938 3929 46 24 We
2005 3937 38 16 are
2064 3930 132 24 authorised
2213 3930 31 28 by
2265 3930 47 24 Mr.
2339 3929 109 31 Murphy,
2470 3922 25 27 ta

1907 3968 57 19 state
1977 3963 50 24 that
2038 3964 87 31 parties
2136 3971 52 23 may
2200 3963 96 32 register
2314 3962 144 29 their/votes,
2469 3960 24 25 in,

568 47 99 45 arijc
690 46 119 43 Wtfu
837 46 211 41 zmmxtt
1071 46 191 46 imnttt
1286 46 92 40 mib
1402 44 301 47 WteUiuQtou
1728 39 250 52 Spectator.

1282 134 12 19 2
1304 133 51 26 bags
1369 139 70 20 sugar,
1449 133 28 20 35
1490 133 63 20 boxes
1570 138 57 19 soap,
1644 132 11 19 1
1672 131 47 20 bale
1733 131 103 24 blankets,
1854 132 11 20 1

1281 160 42 21 box
1336 161 76 25 cigars,
1429 162 12 18 2
1455 161 64 19 boxes
1532 160 94 23 tobacco,
1637 160 13 18 2
1666 159 65 19 boxes
1738 159 99 26 apricots,
1853 159 13 20 3

1282 188 63 19 boxes
1359 192 40 19 tea,
1412 188 13 19 2
1435 188 64 19 boxes
1512 188 68 23 shoes,
1594 186 72 20 Imrie.
1668 196 27 4 —
1695 181 27 25 3l
1733 186 49 25 bags
1791 186 74 23 wheat,

1284 215 120 26 Wakefield.
1406 225 28 5 —
1436 216 39 19 180
1488 214 50 26 bags
1551 214 62 23 flour,
1629 213 26 20 30
1665 213 65 19 boxes
1745 213 91 24 candles,
1854 213 12 20 6

1283 247 67 16 cases,
1358 243 44 25 gin,
1420 243 13 19 2
1452 248 57 14 cases
1528 241 102 24 sundries,
1653 238 128 22 Wallace^—
1781 240 13 20 2
1810 246 57 14 cases

1283 269 102 25 sundries,
1397 270 11 19 1
1421 270 49 19 cask
1480 270 100 24 sundries,
1592 268 98 25 Empson.
1691 278 28 4 —
1720 268 12 19 2
1743 266 51 21 coils
1808 273 58 20 rope,

1284 297 9 18 1
1305 303 47 13 case
1361 298 75 24 lamps,
1451 298 12 19 2
1474 297 50 25 kegs
1538 296 59 23 nails,
1611 295 10 19 1
1637 294 93 27 package
1740 294 38 20 bill
1791 295 75 24 hooks,

1284 324 93 20 Cottrell.
1378 334 28 4 —
1407 324 13 20 3
1430 324 49 26 bags
1489 330 67 20 sugar,
1563 322 55 26 Fife.

1310 352 30 19 In
1349 357 47 14 the
1740 354 46 15 for
1794 348 74 21 Wan-

1283 384 83 15 ganui.
1368 389 29 4 —
1397 379 87 23 Master,
1506 379 103 25 Agent.—
1610 377 12 19 2
1641 377 82 23 tierces,
1738 376 95 24 tobacco,
1856 376 10 19 1

1282 406 50 21 hhd.
1347 406 88 26 brandy,
1451 406 26 20 16
1491 412 57 14 cases
1561 406 42 25 gin,
1620 404 26 20 13
1657 404 50 26 bags
1721 409 68 20 sugar,
1801 404 11 19 1
1827 403 42 25 keg

1282 433 91 25 vinegar,
1389 434 13 19 2
1417 433 59 20 casks
1491 433 99 26 sundries,
1608 432 11 19 1
1634 432 43 19 box
1691 430 85 24 raisins,'
1791 432 13 19 6
1817 430 51 26 bags

1282 461 49 23 rice,
1344 461 10 19 1
1366 461 60 20 chest
1436 466 92 20 oranges.
1540 461 11 19 1
1561 465 44 15 case
1615 459 114 23 hardware,
1739 458 100 20 Churton.
1841 468 28 4 —

1283 488 10 19 1
1305 488 51 20 hhd.
1365 488 87 26 brandy,
1466 489 10 18 1
1490 487 67 21 barrel
1567 493 53 17 rum,
1635 487 13 20 3
1658 485 79 21 barrels
1751 486 39 24 ale,
1803 486 10 19 1
1829 485 40 25 bag

1281 515 62 24 flour,
1355 516 10 20 1
1378 516 39 25 bag
1427 515 71 23 coffee,
1509 515 11 19 2
1531 515 49 25 bags
1590 520 69 19 sugar,
1664 531 5 6 r
1674 514 10 20 l
1696 513 75 26 parcel,
1787 513 80 20 Niblet.

1282 543 12 19 2
1305 549 58 14 cases
1376 543 44 25 gin,
1436 543 10 19 1
1461 542 101 20 medicine
1572 541 70 23 .chest,
1659 541 11 19 1
1686 542 153 25 portmanteau,
1856 540 11 19 1

1281 571 59 19 chest
1350 570 96 24 drawers,
1458 571 12 19 1
1488 569 39 26 bag
1537 575 66 20 sugar,
1618 569 59 19 Rees.
1679 579 27 4 —
1709 567 12 20 6
1731 574 56 14 cases
1800 567 67 27 pipes,

1283 598 10 18 1
1310 598 60 20 chest
1387 598 66 24 seeds,
1470 599 12 18 2
1500 603 56 14 cases
1566 595 65 25 seeds,
1651 597 11 19 1
1681 601 47 15 case
1743 595 34 20 do.
1789 597 11 19 1
1815 595 60 19 hhd.'

1281 625 108 26 crockery,
1403 625 125 22 Alexander.
1530 635 27 4 —
1559 625 11 19 1
1587 630 47 14 case
1651 623 112 24 hardware,
1780 624 11 19 1
1810 623 59 19 chest

1281 651 101 27 clothing,
1403 653 12 19 6
1432 658 57 14 cases
1506 658 78 18 sauces,
1599 651 11 19 1
1627 657 58 19 soap,
1701 651 11 19 1
1730 651 40 25 keg
1784 650 62 24 nails,
1856 651 11 19 1

1280 679 78 20 bundle
1368 680 153 25 ironmongery,
1531 681 11 19 1
1553 679 76 26 parcel,
1643 680 10 23 I
1664 679 59 19 chest
1729 681 40 19 tea,
1778 679 12 19 1
1802 677 67 21 barrel

1281 706 82 21 bottled
1378 707 61 24 wine,
1450 714 3 4 ■
1465 708 10 19 1
1491 707 39 26 bag
1549 712 68 21 sugar,
1639 706 121 27 Wakefield.
1762 716 27 4 —
1791 707 12 19 1
1822 711 47 14 case

1281 734 66 25 paint,
1358 735 13 19 2
1382 740 57 14 cases
1453 734 54 20 wine
1509 748 10 11 H
1525 735 11 19 l
1548 733 59 21 small
1621 733 48 24 box,
1680 734 14 20 4
1708 734 108 26 packages,
1827 734 40 19 109

1281 761 40 20 lbs.
1331 761 96 22 tobacco.
1446 762 71 19 Order.
1519 773 28 3 —
1548 762 11 19 1
1571 766 45 15 case
1631 761 68 26 pipes,
1710 762 13 18 2
1733 762 49 24 bags
1799 767 68 19 sugar,

1282 788 11 20 1
1305 789 33 20 do.
1350 789 72 24 coffee,
1434 790 10 19 1
1456 795 46 14 case
1512 790 61 24 glass,
1589 788 11 20 1
1613 788 49 24 box,
1672 789 96 19 Duncan.
1770 799 28 3 —
1799 788 11 20 1
1819 794 49 19 par-

1281 816 33 20 cel
1322 816 103 24 sundries,
1437 817 11 19 1
1458 816 40 24 bag
1506 817 60 23 flour,
1577 816 89 21 Niblett.

1280 870 92 55 New
1403 870 214 55 Zealand
1648 870 215 55 Gazette

1326 926 68 22 AND
1408 925 210 23 WELLINGTON
1634 926 184 22 SPECTATOR.

1393 982 128 24 Saturday,
1537 982 96 20 August
1648 981 33 25 13,
1698 981 59 20 1842.

850 1603 29 13 MC

880 1603 33 14 lON
923 1603 10 14 S
949 1604 13 14 Q

964 1603 111 15 UARTERS.

969 1622 20 22 d.
1023 1624 99 21 2h.21m.
1144 1632 71 14 morn.

964 1654 24 25 i.,
1021 1651 14 21 4
1061 1652 28 20 58
1145 1652 77 22 aftern.

1024 1679 10 19 1
1062 1678 29 20 50
1146 1679 80 21 aftern.

964 1706 7 19 )
1025 1706 13 20 3
1066 1705 26 20 25
1149 1705 78 22 aftern.

695 1623 25 25 4|
736 1622 54 22 New
799 1622 80 22 Moon.

699 1653 16 21 ])
736 1650 58 21 First
802 1649 77 23 Quarti

695 1679 18 19 ©
739 1676 49 22 Full
800 1676 70 22 Moon

699 1706 14 23 <
736 1703 52 22 Last
799 1703 80 24 Quarte

890 1637 31 6 ...
953 1623 13 22 7

880 1657 41 14 jr..
940 1651 26 20 13

890 1691 31 6 ...
940 1679 25 19 21

880 1711 14 14 ir
907 1719 5 4 .
920 1718 4 5 .
943 1705 23 20 3C

679 1814 13 19 0

680 1840 9 19 1

679 1867 13 19 2

674 1894 17 20 .3

674 1921 18 19 .4

679 1947 12 20 5

674 1975 18 20 .6

699 1747 82 27 prises

700 1784 23 22 h.
750 1790 29 14 m.

701 1814 13 19 6
755 1812 26 20 36

701 1841 13 19 6
754 1839 26 20 35

701 1867 13 19 6
754 1866 27 20 34

701 1894 13 20 6
754 1893 26 20 33

701 1921 14 19 6
754 1920 27 20 32

701 1948 13 19 6
753 1947 28 20 32

701 1975 14 19 6
753 1974 28 20 32

788 1746 83 27 osets.

790 1784 22 21 h.
840 1791 30 14 m.

789 1811 13 20 5
844 1812 29 20 24

789 1839 12 19 5
843 1839 27 20 25

789 1865 12 20 5
844 1866 27 20 26

788 1892 12 20 5
843 1893 28 20 26

788 1919 12 20 5
843 1920 29 20 28

788 1946 12 20 5
842 1947 29 21 28

788 1973 13 21 5
842 1974 29 20 28

887 1749 14 22 D
913 1754 52 23 age.;

920 1812 13 20 3

919 1839 14 21 4

919 1866 12 20 5

919 1893 13 21 6

919 1919 13 21 7

919 1947 13 20 8

919 1975 13 19 9

996 1749 116 28 Sundays',
1128 1750 114 27 Festivals,

1044 1777 84 27 Terms,
1141 1779 39 22 &c.

967 1920 33 20 12
1005 1921 62 20 Sun.
1074 1921 69 21 after
1148 1921 103 26 Trinity

969 1975 56 24 Tory
1034 1978 23 18 at
1062 1974 57 22 New
1129 1975 53 22 Zea.
1194 1977 57 20 1839.

719 135 71 20 Now
803 135 124 25 landing,
942 139 36 14 ex

688 169 16 19 A
722 166 45 22 ND
787 166 62 22 FOR
865 166 77 21 SALE
961 166 31 27 by
1007 166 39 21 the
1059 166 156 27 undersigned,
1232 169 25 19 at,

670 184 51 30 J\.
730 192 36 22 the
773 193 73 21 Stores
853 192 28 22 of
884 193 47 21 Mr.
936 192 199 22 ALEXANDER
1143 193 110 22 PERRY.

696 219 65 22 Jams
771 218 45 22 and
821 219 82 27 jellies,
911 219 84 28 pickles
1009 220 43 20 and
1062 225 83 20 sauces,

696 246 105 27 Superior
809 246 96 26 English
919 246 76 26 bacon,

697 273 124 26 Stationery
831 272 105 26 assorted,

697 299 123 22 Hardware
830 298 105 28 assorted,

696 326 96 21 London
801 333 61 20 soap,

696 352 64 28 Slops
769 353 106 26 assorted,

697 378 56 22 Shot
761 378 25 22 in
800 379 62 27 kegs.

695 406 103 21 Tobacco
806 406 24 21 in
843 406 86 26 tierces,
1216 406 33 24 '%

698 432 143 27 Gunpowder
847 432 26 22 in
886 433 109 26 canisters,
1201 439 2 5 '
1209 440 4 9 '
1222 427 27 31 ;*'

696 458 120 28 Barclay's,
827 458 27 22 E.
858 459 27 27 1.,
896 459 84 21 bottled
988 461 82 26 porter,
1100 475 5 4 -

696 486 106 26 Superior,
809 485 83 27 Sherry
899 485 24 22 in
931 485 76 27 bottle,

696 512 105 27 Superior
811 512 52 21 Port
872 513 24 20 in
907 512 74 26 bottle,

697 538 97 27 Cogniac
802 538 88 28 brandy
902 538 87 28 (cases,)

697 565 46 22 Gin
752 565 24 21 in
787 572 68 20 cases,

695 592 102 22 Tobacco
806 592 71 28 pipes.
1066 604 3 3 •
1093 604 5 3 -

912 618 35 23 W.
961 619 27 22 R.
1004 619 34 22 M.
1053 618 172 24 Walkinshaw.

669 646 89 26 August
769 647 33 26 12,
815 647 60 21 1842.

669 691 52 48 A
736 691 112 21 PUBLIC
869 690 147 22 MEETING
1037 690 44 22 will
1100 691 28 21 be
1147 690 52 22 held
1224 698 29 14 on

738 717 138 22 MONDAY
890 717 145 22 EVENING
1049 717 93 26 NEXT,
1159 721 23 17 at
1199 719 55 21 Bar-

669 743 140 26 rett's-hotel,
821 747 24 18 at
854 745 13 21 7
884 743 91 27 o'clock,
989 744 26 21 of
1025 744 192 22 MECHANIC'S
1233 745 21 21 &

669 770 198 27 LABOURERS;
883 774 22 18 to
916 770 102 22 consider
1032 771 37 21 the
1084 771 49 21 best
1231 771 26 21 of

669 797 123 27 protecting
811 797 57 22 their
887 797 103 22 interests
1008 802 24 16 at
1049 797 37 21 the
1105 797 149 28 forthcoming

669 824 124 23 Municipal
803 823 111 23 Election.

787 881 40 22 TO
843 881 293 22 CORRESPONDENTS.

667 932 28 26 If
700 938 42 20 any
751 938 58 14 error
820 938 74 15 occurs
902 934 23 18 in
938 933 101 24 inserting
1050 933 34 19 the
1099 938 69 14 names
1183 933 27 24 of
1219 933 35 20 the

695 960 81 25 Agents
779 960 41 25 for
829 961 79 24 vessels,
919 966 29 14 we
959 966 38 14 can
1004 960 47 25 only
1058 966 37 19 say
1102 961 47 19 that
1157 961 33 19 the
1196 966 58 15 error

696 988 38 19 lies
743 988 50 20 with
803 988 34 20 the
843 988 83 25 parties
935 988 124 20 themselves.
1092 988 37 20 We
1142 994 37 13 are
1187 990 22 18 at
1220 989 34 19 the

696 1016 79 19 utmost
787 1016 64 25 pains
860 1016 21 19 to
891 1016 59 19 avoid
959 1021 70 14 errors
1041 1016 22 19 in
1074 1016 118 19 connection
1203 1016 51 20 with

696 1049 40 13 our
745 1043 103 25 shipping.

668 1071 81 24 Agents
755 1070 41 20 and
807 1070 84 20 Owners
900 1069 26 26 of
928 1070 73 19 vessels
1010 1076 42 18 are,
1060 1075 31 14 we
1099 1070 80 24 believe,
1187 1076 67 15 aware

696 1098 55 19 that,
761 1098 55 19 since
825 1098 35 19 the
863 1098 54 24 first
922 1098 129 24 publication
1060 1098 23 24 of
1093 1098 35 19 the
1138 1098 5 10 '
1155 1098 99 24 Gazette,'

696 1131 14 13 a
721 1131 49 19 copy
780 1124 27 26 of
812 1124 36 20 the
853 1131 68 19 paper
930 1126 38 19 has
976 1125 48 20 been
1037 1126 70 19 issued
1122 1126 21 19 to
1156 1126 29 19 all
1204 1126 50 25 Cap-

696 1152 56 20 tains
766 1152 27 25 of
804 1152 74 20 vessels
893 1159 88 19 gratis,
999 1152 70 20 whilst
1082 1152 23 20 in
1121 1153 61 20 Port.
1213 1154 41 19 The

696 1180 49 24 only
754 1182 74 17 return
837 1179 99 26 expected
952 1180 18 19 is
978 1186 62 18 news,
1050 1180 69 20 which
1133 1187 48 18 may
1191 1181 22 20 be
1222 1182 32 19 in-

698 1208 98 24 teresting
807 1209 20 18 to
838 1208 36 19 the
882 1208 89 19 settlers.

672 1235 43 20 The
725 1236 61 19 letter
795 1234 26 26 of
827 1235 46 21 Mr.
885 1235 21 21 S.
917 1235 37 20 has
971 1235 49 20 been
1034 1236 98 22 received,
1153 1236 41 19 and
1201 1237 53 19 shall

697 1268 78 20 appear
789 1263 23 19 in
830 1268 40 14 our
888 1264 57 18 next.
978 1263 44 19 Our
1041 1263 156 25 correspondent
1212 1264 42 19 will

696 1290 83 20 observe
797 1290 49 19 that
863 1295 32 15 we
912 1296 36 14 are
964 1290 62 20 much
1041 1291 22 19 in
1076 1296 74 14 arrear
1157 1291 52 20 with
1218 1297 36 13 our

691 1317 89 26 foreign
788 1318 102 20 extracts.

672 1345 44 21 The
724 1345 118 25 suggestion
858 1345 70 24 qfK.,
940 1345 47 20 that
1004 1345 35 20 the
1052 1346 117 25 applicants
1184 1348 24 18 at
1221 1347 33 19 the

695 1373 119 24 Post-office
818 1373 42 24 for
875 1373 71 19 letters
957 1373 124 26 andpaptrs
1089 1374 75 19 should
1173 1374 22 19 be
1203 1380 51 19 pro-

697 1400 68 20 tected
774 1400 62 25 from
853 1400 35 20 the
897 1401 46 19 rain
954 1401 36 25 Sfc.
1008 1401 71 19 whilst
1089 1402 5 9 '
1105 1401 85 26 begging
1201 1403 5 9 '
1214 1401 40 26 for

697 1428 55 20 their
764 1429 103 24 property
881 1434 36 14 are
929 1428 59 25 good,
1000 1429 35 19 but
1045 1434 30 14 we
1084 1430 56 18 must
1156 1429 60 19 insist
1230 1435 24 14 on

696 1456 36 19 the
741 1456 86 19 authors
837 1462 65 14 name
912 1455 69 24 before
990 1462 30 13 we
1030 1461 39 14 can
1080 1456 68 20 insert
1157 1456 31 22 it;
1201 1462 53 14 some

696 1483 28 24 of
729 1483 32 19 his
770 1483 138 19 observations
917 1489 36 13 are
959 1484 92 25 strongly
1057 1484 114 25 expressed,
1179 1484 75 25 though

696 1510 171 26 unquestionably
877 1511 47 19 well
925 1510 103 25 founded.

143 137 245 25 GOVERNMENT
418 136 138 25 NOTICE.

296 176 77 22 Police
383 174 78 28 Office,
472 174 143 26 Wellington,

355 203 90 25 August
457 202 33 26 11,
501 202 60 20 1842.

59 235 87 49 HIS
171 233 134 28 Excellency
324 234 38 22 the
384 233 116 22 Governor
521 232 50 24 has.
584 232 58 22 been

145 261 90 28 pleased
244 265 23 17 to
277 261 92 28 appoint

199 287 110 23 William
324 287 63 26 Hay,
402 286 103 27 Esquire,

58 315 104 21 Harbour
171 314 84 22 Master
265 318 23 18 to
298 314 44 22 this
352 313 59 27 Port,
421 315 24 19 to
459 313 54 21 bear
523 312 50 22 date
583 312 59 21 from

58 341 42 22 this
111 341 50 27 day.

160 368 34 27 By
204 367 33 23 his
247 366 157 27 Excellency's
415 365 125 27 command,

237 395 113 21 Michael
366 393 111 27 Murphy,

307 420 68 22 Chief
385 420 75 21 Police
475 418 139 28 Magistrate.

56 467 66 19 Port
141 465 153 21 Nicholson
312 463 168 22 Mechanics'
500 462 141 25 Institute,

137 492 95 20 Public
248 491 109 24 School,
371 491 54 19 and
440 490 120 25 Library.

201 523 182 24 DISCUSSION
399 522 99 23 CLASS.

58 559 92 48 THE
165 557 192 23 FOLLOWING
375 556 146 22 SUBJECTS
540 556 36 22 for
595 556 46 22 De-

146 586 50 21 bate
215 585 44 21 will
280 584 29 21 he
329 583 98 27 brought
444 583 94 22 forward
562 583 23 21 in
604 582 37 22 the

57 612 94 22 Lecture
166 612 70 22 Room
246 611 26 21 of
285 610 38 22 the
337 610 70 22 above
418 610 129 22 Institution
564 609 30 28 by
604 609 37 21 the

55 639 134 27 gentlemen,
200 637 44 23 and
254 645 29 14 on
294 637 37 21 the
342 637 61 21 dates
413 636 71 23 below
493 635 135 24 mentioned.

106 672 60 21 Was'
174 670 79 23 Alfred
267 670 38 22 the
323 670 77 26 Great,
419 670 84 22 Robert
520 670 79 26 Bruce,
617 676 24 14 or

56 698 146 27 Washington
225 698 37 21 the
287 700 97 24 greatest
407 697 129 22 benefactor
561 700 22 17 to
606 696 35 21 his

207 724 93 28 Opened
315 724 31 26 by
362 724 46 22 Mr.
425 724 104 21 Vincent.
559 722 82 28 Friday

57 752 102 26 evening,
170 751 50 22 19th
230 752 97 26 August.

185 784 36 22 the
239 784 120 22 Character
378 783 26 22 of
425 783 76 22 Oliver
524 781 117 23 Cromwell

56 811 90 22 deserve
163 818 91 15 censure
271 818 24 14 or
442 809 92 28 Opened
548 809 32 27 by
595 808 44 22 Mr.

56 838 21 21 J.
86 838 111 22 Knowles.
226 837 81 28 Friday
318 837 103 27 evening,
433 837 45 21 2nd
490 836 136 27 September.

108 873 27 22 In
145 872 59 23 what
214 880 47 20 way
272 879 42 14 can
327 872 42 21 this
378 872 88 26 Colony
472 871 28 21 be
510 870 131 23 mostbene-

55 899 63 22 fitted
133 900 22 21 in
176 907 14 14 a
206 899 76 26 moral,
301 898 108 28 political,
429 897 147 27 commercial,
596 897 44 22 and

54 926 141 26 agricultural
340 925 96 27 Opened
453 925 31 27 by
501 924 45 22 Mr.
566 926 22 20 J.
608 924 31 22 H.

56 953 106 22 Wallace.
191 952 80 28 Friday
282 952 101 26 evening,
396 952 51 21 16th
458 950 137 28 September.

104 987 34 27 By
148 987 58 21 what
216 993 75 15 means
300 992 54 21 may
364 986 36 22 the
411 985 112 23 character
533 985 47 21 and
590 992 51 15 con-

56 1013 69 22 dition
140 1014 25 21 of
178 1013 37 22 the
230 1013 98 22 Maories
345 1013 27 21 be
387 1015 58 19 most
460 1012 125 27 effectually
599 1012 43 22 and

54 1041 99 26 speedily
162 1041 113 27 improved
338 1039 96 28 Opened
442 1039 29 28 by
479 1039 43 22 Mr.
529 1039 21 21 J.
558 1034 83 27 Wood-

54 1067 68 22 ward.
151 1067 79 27 Friday
241 1066 102 27 evening,
355 1066 52 23 30th
418 1066 137 27 September.

105 1101 33 21 Of
153 1102 71 20 which
240 1101 25 21 of
280 1100 41 22 her
336 1103 63 23 great
414 1107 51 14 men
480 1100 40 21 has
539 1099 102 28 England

53 1131 57 18 most
119 1135 78 14 reason
206 1131 19 18 to
233 1128 28 21 be
271 1128 70 26 proud
348 1127 9 21 ?
387 1126 94 28 Opened
487 1126 30 27 by
526 1126 47 22 Mr.
582 1126 59 22 John

54 1155 114 27 Knowles,
198 1154 81 28 Friday
289 1154 104 27 evening,
406 1153 51 22 14th
465 1153 103 22 October.

79 1189 48 21 The
138 1188 131 22 discussions
280 1194 129 15 commence
421 1190 23 18 at
456 1187 51 21 half
514 1190 48 23 past
573 1194 66 14 seven

54 1215 91 22 o'clock.
184 1215 72 26 Every
278 1215 103 21 Member
400 1214 26 21 of
444 1214 37 21 the
500 1213 104 22 Institute
623 1214 18 21 is

54 1242 92 21 allowed
155 1245 23 18 to
188 1242 113 21 introduce
312 1249 14 14 a
334 1241 81 21 friend.

79 1269 48 21 The
136 1272 105 24 payment
248 1269 25 20 of
281 1270 30 19 Is.
321 1275 40 20 per
370 1271 96 24 quarter,
474 1267 30 27 by
512 1275 45 19 any
567 1267 74 22 Mem-

53 1296 38 21 ber
106 1296 27 21 of
146 1296 38 21 the
200 1296 110 26 Institute,
329 1294 131 22 constitutes
477 1302 14 14 a
506 1295 103 21 Member
620 1295 25 21 of

53 1323 36 20 the
107 1322 69 28 Class,
194 1322 52 21 with
266 1329 13 14 a
297 1322 61 27 right
376 1324 23 18 to
418 1321 80 27 speak;
515 1321 38 22 the
570 1321 70 22 whole

54 1350 108 21 audience
174 1349 65 26 being
249 1349 110 22 admitted
369 1351 22 18 to
402 1352 58 18 vote.

216 1383 27 21 R.
260 1383 108 25 Collins,

279 1410 114 26 Secretary
404 1409 128 22 Discussion
543 1408 69 22 Class.

80 1437 90 26 August
182 1438 31 25 11,
225 1437 61 21 1842.

202 1481 171 26 Wellington
388 1481 103 20 House.

149 1521 137 15 WHOLESALE
301 1521 47 15 AND
366 1521 84 14 RETAIL
467 1521 77 14 STOKE.

55 1549 149 50 SAMUEL
218 1549 45 21 and
279 1548 118 22 JOSEPH
412 1549 44 26 beg
467 1551 21 17 to
505 1547 81 22 inform
603 1547 36 23 the

119 1576 135 21 inhabitants
272 1575 24 21 of
309 1575 53 22 Port
378 1575 128 26 Nicholson,
525 1574 49 22 that
588 1575 51 27 they

52 1603 58 21 have
120 1603 85 21 anrived
214 1603 58 20 from
283 1602 98 27 Sydney,
390 1610 28 13 ex
427 1603 114 25 Exporter,
551 1601 53 22 with
611 1610 28 13 au

53 1630 112 21 extensive
176 1629 65 22 Stock
252 1629 25 22 of
290 1629 84 27 Goods,
388 1629 73 21 which
477 1629 51 26 they
540 1629 54 21 offer
611 1636 27 14 on

52 1657 46 22 sale
117 1659 23 18 at
155 1664 13 13 a
185 1657 112 21 moderate
316 1656 67 27 price,
406 1660 23 17 at
446 1656 64 21 those
524 1655 115 22 extensive

53 1684 106 26 premises
182 1683 67 27 lately
269 1683 107 27 occupied
394 1683 30 27 by
442 1683 129 21 WATERS
595 1683 44 21 and

53 1710 108 27 SMITH,
179 1710 35 22 the
223 1710 116 27 following
348 1710 76 27 goods,
435 1710 42 21 viz.
480 1721 28 3 —

82 1745 155 21 Gentlemen's
247 1745 110 27 superfine
367 1744 60 22 cloth
437 1747 65 24 coats,

81 1771 59 22 Pilot
150 1771 43 22 and
207 1771 86 27 Witney
305 1776 65 23 coats,

80 1798 62 22 Drab
153 1799 44 21 and
206 1798 67 22 black
283 1798 58 22 cloth
352 1803 108 22 trowsers,

80 1825 87 22 Marble
179 1825 42 22 and
232 1825 97 23 Grecian
341 1825 91 22 doeskin
442 1825 45 21 and
496 1825 82 22 Tweed
588 1825 35 21 do.

79 1852 111 22 Moleskin
202 1853 44 21 and
257 1853 50 21 cord
320 1857 108 23 trowsers,

77 1879 72 21 Black
159 1880 55 21 satin
226 1880 130 27 waistcoats,

79 1906 98 27 Figured
186 1907 130 25 woistcoats,
328 1906 110 22 Valencia
447 1907 44 21 and
500 1906 52 22 huff
558 1906 34 22 do.

79 1933 57 22 Blue
146 1933 44 22 and
200 1933 66 22 black
279 1933 60 22 cloth
349 1933 43 28 do.,
410 1933 148 28 gentlemen's
573 1933 64 22 white

53 1961 41 21 and
105 1964 85 23 regatta
200 1961 72 26 shirts,

79 1987 55 22 Blue
145 1987 43 22 and
199 1987 66 22 black
275 1987 60 22 cloth
343 1988 94 27 jackets,

78 2014 112 22 Moleskin
202 2014 44 22 and
253 2015 54 26 jean
315 2015 96 27 jackets,

78 2041 46 22 Pea
133 2041 45 22 and
187 2041 99 27 monkey
291 2041 97 28 jackets,

79 2068 59 21 Pilot
148 2068 45 21 and
203 2068 99 26 flushing
312 2072 108 23 trowsers,

79 2095 153 21 Gentlemen's
242 2095 96 21 worsted
348 2095 47 21 and
402 2095 80 22 lamb's
492 2094 57 22 wool
566 2095 72 22 stock-

51 2122 57 26 ings,
120 2121 35 22 do.
167 2122 68 25 socks,

79 2149 88 22 Ladies'
178 2149 64 21 black
254 2148 96 22 worsted
359 2149 45 21 and
413 2149 67 21 white
490 2148 120 27 stockings,

79 2176 153 22 Gentlemen's
242 2176 64 22 boots
316 2175 45 22 and
371 2175 71 28 shoes,

79 2203 87 21 Ladies'
178 2202 43 22 and
231 2202 121 22 children's
362 2203 72 26 shoes,

79 2229 74 22 Prints
163 2230 41 21 and
214 2229 101 27 calicoes,
327 2229 56 27 lace,
394 2229 88 28 edging,
492 2229 46 22 and
545 2229 94 28 quilling

51 2260 54 23 nett,

80 2283 68 22 Black
159 2283 45 21 and
213 2283 106 22 coloured
329 2283 43 22 silk
381 2283 180 27 handkerchiefs,

79 2312 79 20 Cotton
169 2310 177 27 handkerchiefs,

79 2337 61 22 Drab
151 2337 44 22 and
204 2337 66 22 black
280 2337 132 28 cashmeres,
425 2337 73 22 tailors
507 2337 130 28 trimmings,

78 2364 97 22 Youth's
185 2365 108 26 superfine
305 2364 106 27 clothing,

79 2391 48 22 Bed
138 2391 43 21 tick
192 2391 45 21 and
248 2391 77 26 check,
336 2391 104 21 blankets
449 2391 44 22 and
502 2398 60 21 rugs,

81 2419 72 20 White
164 2421 167 24 counterpanes,
344 2422 93 17 counter
447 2418 81 27 clocks,

78 2445 102 27 Manilla,
191 2445 59 27 palm
261 2445 51 27 leaf,
324 2445 43 21 and
378 2445 55 22 brab
446 2445 55 27 hats,

77 2472 54 27 Tea,
143 2479 70 20 sugar,
225 2472 45 21 and
280 2472 76 27 coffee,

79 2499 58 22 Beef
144 2500 44 21 and
197 2499 62 27 flour,
270 2499 101 22 mustard
381 2498 45 22 and
435 2499 92 27 pickles,

77 2526 54 21 And
139 2526 62 21 other
207 2526 89 21 articles
307 2529 37 18 too
354 2533 121 14 numerous
485 2529 22 18 to
517 2526 106 21 mention.

200 2571 77 21 Land
293 2577 36 14 on
344 2571 46 20 the
410 2571 77 20 Kutt.

51 2605 92 49 THE
157 2604 231 22 UNDERSIGNED
406 2605 20 21 is
444 2604 70 28 ready
534 2607 23 19 to
576 2608 64 24 grant

109 2633 81 20 Leases
199 2635 22 18 to
231 2631 64 22 small
306 2632 100 27 farmers,
416 2631 25 22 of
447 2632 58 27 good
514 2632 123 27 character,

52 2659 35 22 for
105 2660 57 21 from
181 2659 42 22 five
239 2662 22 17 to
277 2658 77 21 fifteen
367 2665 64 14 acres
446 2659 26 21 of
481 2659 38 22 the
538 2659 102 22 Sections

50 2686 80 21 rented
139 2686 30 27 by
179 2685 46 22 him
236 2693 29 14 on
275 2685 37 22 the
321 2685 74 22 banks
404 2685 26 22 of
438 2685 37 22 the
485 2686 65 26 Hutt,
564 2686 76 27 giving

51 2716 22 18 to
93 2713 55 22 each
165 2720 13 14 a
192 2713 45 27 plot
252 2712 26 21 of
293 2713 90 26 ground
395 2715 24 19 at
433 2713 37 21 the
484 2713 57 27 edge
561 2713 26 22 of
602 2713 37 22 the

49 2740 66 26 river,
126 2740 35 21 for
169 2739 35 22 the
216 2739 97 22 erection
324 2740 25 21 of
356 2747 13 14 a
380 2739 192 27 dwelling-house.
602 2740 37 22 He

51 2767 86 21 further
150 2766 61 27 gives
228 2773 91 20 notice,
338 2766 50 21 that
402 2766 128 22 whosoever
539 2767 18 21 is
572 2766 69 23 found

51 2794 135 26 unmooring
196 2793 43 22 and
247 2793 68 27 using
327 2793 37 22 his
380 2793 71 27 boats,
461 2794 46 21 will
520 2794 30 21 be
567 2801 74 20 prose-

51 2820 68 23 cuted
128 2820 52 23 with
190 2820 37 21 the
237 2822 83 19 utmost
329 2820 77 27 rigour
416 2820 25 22 of
446 2820 38 22 the
494 2820 49 23 law.

357 2853 113 23 William
485 2855 128 22 Swainson.

80 2880 149 27 Hawkshead,
240 2880 69 22 River
321 2880 67 22 Hutt.

289 2925 118 21 Timber.

50 2952 130 49 WELL
195 2951 163 23 SEASONED
374 2952 60 22 Hutt
449 2951 80 23 timber
547 2960 54 20 may
613 2953 28 22 be

153 2979 116 28 procured,
289 2986 61 15 sawn
369 2982 23 18 to
411 2979 70 26 order,
501 2979 45 21 and
567 2980 26 21 of
612 2980 30 21 all

51 3006 143 27 dimensions,
218 3006 31 27 by
274 3005 109 28 applying
407 3009 22 18 to
454 3006 44 21 Mr.
519 3007 121 27 Swainson,

52 3033 149 27 Hawkshead,
213 3033 69 22 River
290 3033 67 27 Hutt,
370 3040 25 14 or
404 3036 24 18 at
437 3033 62 27 High
511 3033 58 28 Cliff,
583 3033 58 22 Wel-

51 3060 95 27 lington.

79 3114 78 22 PIGS.
159 3125 27 5 —
188 3114 85 28 Sundry
281 3114 57 28 pigs,
354 3114 84 28 caught
452 3114 116 28 pasturing
583 3122 58 20 upon

52 3149 37 19 my
100 3141 103 28 grounds,
214 3149 54 20 may
277 3142 28 21 be
315 3141 47 22 had
373 3149 61 20 upon
445 3142 126 27 describing
580 3142 61 22 them

52 3168 46 21 and
106 3168 83 27 paying
198 3168 93 27 damage
301 3168 46 22 and
355 3168 66 28 keep.
451 3168 25 22 If
481 3173 40 17 not
536 3170 106 21 removed

53 3203 15 13 11
82 3202 14 14 a
107 3195 68 27 week,
188 3195 43 22 will
241 3196 28 21 be
279 3195 50 22 sold
340 3199 21 18 to
368 3203 45 19 pay
423 3202 115 20 expenses.

486 3229 128 23 Swainson.

79 3282 76 22 FINE
171 3282 77 22 SALT
262 3282 24 22 in
296 3283 85 22 barrels
400 3283 25 21 of
437 3284 14 21 2
461 3286 56 25 cwt,
529 3286 23 19 at
562 3284 79 22 twelve

51 3310 102 27 shillings
173 3316 14 14 a
204 3309 82 21 barrel.
314 3310 76 27 Apply
409 3313 23 19 to
451 3311 45 21 Mr.
517 3310 123 29 Pharazyn,

51 3336 86 28 Pipitea
162 3335 54 22 Pah.
246 3335 64 28 AI3O,
329 3336 45 22 fine
398 3337 60 22 Hutt
481 3337 113 28 Potatoes,
619 3342 23 18 at

51 3364 61 27 eight
122 3362 100 27 shillings
230 3369 41 21 per
280 3366 50 18 cwt.

77 3416 71 23 TWO
163 3415 90 23 TAME
269 3416 84 22 COWS
364 3417 35 21 for
409 3417 58 28 sale;
483 3417 67 29 apply
560 3421 22 19 to
595 3418 45 23 Mr.

51 3444 121 26 Swainson,
184 3450 23 15 as
218 3443 80 21 above.

79 3476 90 26 August
181 3476 33 26 11,
227 3476 61 21 1842.

158 3520 98 22 Notice
271 3521 29 20 to
318 3519 208 27 Ship-builders.

51 3554 206 51 ESTIMATES
267 3553 65 22 ARE
341 3553 164 24 REQUIRED
515 3555 37 22 for
558 3556 84 27 repair-

115 3582 39 27 ing
163 3581 37 22 the
209 3582 127 24 Indemnity.

79 3608 132 23 Particulars
228 3608 45 22 will
283 3608 29 21 be
327 3606 119 23 furnished
460 3614 28 14 on
505 3608 136 27 application

51 3640 23 17 to
84 3636 37 21 the
132 3635 86 27 captain
228 3642 30 15 on
267 3634 78 28 board,
357 3641 26 14 or
392 3638 23 17 to

378 3660 83 22 Waitt
472 3660 45 22 and
526 3661 87 22 Tyser.

51 3689 144 27 Wellington,
206 3690 90 25 August
307 3690 32 25 12,
351 3689 62 20 1842.

51 3734 92 48 THE
154 3733 153 23 MEMBERS
319 3733 25 22 of
350 3732 38 22 the
400 3732 89 22 Church
500 3732 26 22 of
533 3732 109 28 England

113 3768 37 14 are
159 3760 116 28 requested
285 3764 22 18 to
322 3763 61 18 meet
392 3766 93 20 to-day,
496 3762 23 19 at
530 3758 37 23 the
578 3760 69 27 royal'

50 3787 129 27 Exchange,
189 3791 23 18 at
222 3788 27 21 12
259 3786 86 23 o'clock
355 3793 50 15 a.m.

51 3831 95 23 mi-IR
160 3831 86 23 LORD
267 3831 118 22 BISHOP
399 3831 40 21 has
458 3830 119 27 appointed
594 3831 48 21 that

59 3853 30 28 i
127 3857 82 23 Divine
228 3859 91 22 Service
335 3858 31 22 be
385 3857 134 28 performed,
540 3858 102 27 morning

51 3885 43 22 and
114 3885 125 27 afternoon,
261 3892 29 15 on
309 3884 92 28 Sunday
414 3887 61 24 next,
495 3888 24 18 at
539 3886 37 20 the
592 3884 50 22 Me-

51 3911 97 23 chanics'
157 3912 110 22 Institute.
268 3923 29 4 —
297 3911 85 23 Divine
388 3911 89 22 Service
484 3914 22 19 to
513 3918 128 15 commence

50 3939 24 22 in
91 3939 36 21 the
142 3938 103 28 morning
260 3943 22 19 at
298 3939 33 26 11,
346 3938 45 23 and
400 3938 23 22 in
439 3938 36 22 the
491 3938 118 24 afternoon
619 3943 23 17 at

50 3967 15 21 2
75 3965 92 23 o'clock.
