2540 4039
693 1782 66 23 New
776 1782 127 24 Zealand
924 1781 181 24 Temperance
1128 1782 119 24 Society.

658 1828 34 4 —
694 1815 28 23 In
736 1820 69 19 terms
828 1815 24 24 of
872 1824 29 15 an
921 1815 182 29 advertisement,
1122 1815 74 23 which
1208 1824 40 23 ap-

659 1848 83 32 peared
751 1850 21 22 in
785 1850 39 23 the
839 1848 93 24 Gazette
943 1848 26 23 of
979 1848 113 31 Saturday
1103 1848 65 23 week
1185 1848 45 24 last
1240 1858 6 20 ;

661 1883 37 22 the
717 1881 85 25 friends
823 1887 22 19 to
866 1887 141 26 temperance
1027 1882 43 23 and
1089 1881 60 32 good
1175 1881 72 28 order,

659 1915 53 23 held
725 1915 57 24 their
793 1915 85 24 second
888 1915 77 32 public
976 1916 101 30 meeting
1086 1916 26 22 in
1124 1915 37 23 the
1173 1923 76 15 rooms

661 1949 24 23 of
700 1949 38 23 the
750 1949 142 23 Mechanic's
905 1949 116 23 Institute.
1057 1949 51 23 The
1132 1948 62 23 chair
1204 1956 44 16 was

661 1982 106 31 occupied
778 1990 29 15 on
816 1982 45 23 this
870 1982 101 23 occasion
980 1982 29 30 by
1018 1981 48 24 Mr.
1077 1982 31 23 A.
1117 1981 130 29 Warbrick,

659 2015 50 23 who
721 2015 87 30 shortly
820 2015 73 23 stated
905 2015 36 23 the
962 2015 86 30 objects
1069 2015 24 23 of
1108 2014 58 23 such
1185 2022 63 16 asso-

661 2048 103 23 ciations.
819 2048 47 23 Mr.
889 2047 121 24 Warbrick
1032 2047 94 30 pointed
1149 2052 39 17 out
1211 2048 37 23 the

659 2081 53 28 fact,
732 2081 47 23 that
797 2081 38 23 the
858 2080 135 31 advantages
1017 2081 86 30 arising
1121 2081 59 22 from
1192 2080 56 24 such

659 2114 148 23 associations
830 2122 57 15 were
905 2121 50 16 now
971 2113 52 23 well
1040 2113 145 29 understood,
1206 2114 43 23 and

661 2147 142 30 appreciated
814 2148 24 22 in
850 2148 76 29 nearly
948 2154 66 22 ev^ry
1033 2147 103 22 civilized
1155 2153 94 24 country

661 2188 29 15 on
703 2180 36 23 the
752 2181 48 22 face
812 2181 26 22 of
853 2180 37 23 the
907 2179 71 24 earth.
1016 2179 61 23 That
1096 2181 25 21 in
1140 2179 52 29 fact,
1209 2181 36 22 the

661 2221 67 15 cause
757 2214 24 22 of
813 2217 143 27 temperance
981 2212 45 23 had
1047 2213 93 30 already
1164 2214 83 30 passed

661 2247 99 30 through
782 2246 39 23 the
844 2247 66 22 usual
933 2245 82 28 ordeal,
1035 2254 23 15 ro
1074 2246 75 23 which
1171 2247 78 30 nearly

661 2287 68 23 every
746 2287 103 16 measure
868 2278 124 25 calculated
1008 2283 24 19 to
1050 2280 100 23 increase
1164 2280 85 23 human

661 2313 122 31 happiness
795 2313 46 23 had
853 2313 57 23 been
921 2312 125 31 subjected.
1087 2313 51 23 The
1150 2315 101 29 meeting

661 2354 45 15 was
719 2346 54 24 then
785 2347 121 23 addressed
919 2347 29 29 by
966 2353 42 16 one
1024 2353 25 16 or
1067 2350 43 19 two
1130 2346 117 31 speakers,

661 2380 44 23 and
717 2380 38 23 the
766 2380 104 23 business
882 2381 26 22 of
922 2379 38 23 the
973 2379 96 31 evening
1087 2379 123 24 concluded
1225 2381 24 22 in

661 2421 14 15 a
685 2421 55 22 very
748 2413 144 31 satisfactory
909 2420 101 20 manner,
1030 2413 68 23 about
1117 2414 15 22 9
1152 2413 95 23 o'clock.

660 2447 25 22 A
706 2447 96 23 number
823 2452 93 26 present
934 2445 80 31 joined
1040 2446 38 23 the
1097 2446 100 30 Society,
1220 2447 30 31 by

661 2480 91 31 writing
763 2480 58 23 their
833 2488 77 15 names
925 2480 25 23 in
963 2479 37 23 the
1012 2480 72 23 books
1097 2480 56 31 kept
1163 2480 36 23 for
1211 2481 38 22 the

659 2521 108 23 purpose.
811 2513 50 24 The
881 2513 85 31 objects
986 2512 25 24 of
1035 2513 56 23 such
1114 2514 136 23 association

661 2555 44 21 are,
724 2555 30 15 no
772 2555 42 15 one
833 2547 46 23 will
896 2547 66 30 deny,
974 2546 80 31 purely
1065 2546 167 32 philanthropic
1240 2556 7 20 ;

661 2580 54 30 they
726 2580 190 32 unquestionably
929 2579 54 24 tend
1001 2584 24 18 to
1046 2579 36 24 the
1102 2581 147 30 suppression

661 2613 25 23 of
701 2614 69 23 crime
779 2623 6 19 ;
806 2621 33 16 we
852 2613 119 29 therefore,
984 2618 82 18 cannot
1075 2613 34 23 for
1121 2614 38 22 the
1172 2614 39 22 life
1228 2614 24 22 of

659 2654 28 16 us
704 2647 147 29 understand,
872 2647 49 24 how
943 2654 45 23 any
1007 2654 42 16 one
1066 2647 82 23 should
1167 2647 36 23 for
1221 2655 28 15 an

658 2680 95 30 instant,
773 2681 114 30 interrupt
910 2679 37 24 the
970 2680 149 31 proceedings
1143 2680 23 23 of
1193 2680 57 24 such

659 2714 120 31 meetings,
799 2714 55 23 with
870 2713 97 24 conduct
984 2713 61 24 alike
1065 2713 139 31 disgraceful
1226 2718 23 19 to

659 2747 146 29 themselves,
816 2747 44 23 and
872 2748 38 23 the
922 2747 140 30 community
1075 2747 24 23 of
1109 2747 74 23 which
1195 2747 54 31 they

660 2780 59 23 form
743 2789 14 15 a
777 2785 61 27 part.
885 2781 50 24 The
959 2780 104 31 opinions
1084 2781 26 22 of
1134 2788 54 15 men
1207 2781 44 22 and

661 2814 132 23 assemblies
822 2814 25 23 of
877 2821 59 21 men,
966 2821 38 16 are
1032 2814 88 23 seldom
1148 2814 20 23 if
1198 2822 50 15 ever

661 2847 98 30 entirely
775 2851 88 19 correct
872 2856 5 20 ;
896 2848 40 23 but
954 2846 66 24 when
1039 2847 18 23 it
1068 2848 19 23 is
1100 2847 91 23 evident
1202 2847 49 23 that

660 2879 39 23 the
722 2880 75 31 object
818 2880 21 23 is
868 2880 65 31 good,
962 2879 45 24 and
1032 2880 38 24 the
1095 2880 85 24 results
1207 2889 43 15 un-

661 2913 158 30 questionably
841 2913 79 31 highly
939 2913 127 30 beneficial,
1089 2914 39 23 the
1148 2918 61 19 want
1228 2914 25 23 of

658 2944 121 32 judgment
789 2946 106 24 becomes
903 2953 54 23 very
969 2946 100 31 striking
1077 2948 24 22 in
1113 2947 74 28 those,
1200 2947 49 24 who

661 2986 85 23 oppose
755 2979 38 23 the
805 2979 78 23 efforts
903 2979 24 24 of
949 2979 57 23 such
1025 2981 148 23 associations
1192 2980 59 24 from

661 3011 38 24 the
712 3011 66 24 sheer
797 3012 66 31 spirit
884 3013 25 23 of
923 3012 137 30 opposition.
1102 3013 45 24 We
1168 3017 83 20 cannot

661 3044 53 31 help
739 3045 141 32 contrasting
898 3045 38 24 the
959 3045 107 31 probable
1091 3046 79 24 effects
1189 3047 25 23 of
1237 3055 14 15 a

661 3078 94 31 Society
770 3079 25 23 of
817 3078 161 32 intemperates
986 3078 5 24 !
1037 3079 63 24 Such
1119 3087 52 23 may
1191 3080 58 24 have

661 3110 63 24 often
736 3111 89 24 existed
840 3119 33 16 we
892 3111 69 24 doubt
978 3115 48 25 not,
1044 3112 43 24 but
1104 3112 59 24 their
1182 3113 68 24 deeds

661 3151 38 16 are
712 3144 64 24 those
788 3145 27 23 of
830 3144 118 25 darkness.
985 3144 51 24 The
1050 3150 48 19 acts
1111 3146 25 23 of
1151 3146 97 32 dissipa-

661 3178 55 28 tion,
727 3178 110 31 although
849 3178 103 24 confined
960 3183 23 19 to
998 3178 39 23 the
1052 3187 65 24 puny
1133 3179 77 24 effects
1227 3179 24 24 of

661 3219 14 14 a
692 3211 73 31 single
776 3212 124 23 individual
919 3219 38 16 are
978 3211 138 33 sufficiently
1134 3214 114 30 appaling,

661 3244 44 23 and
727 3245 37 23 the
793 3245 71 24 Press
881 3252 69 17 never
979 3252 77 17 ceases
1079 3247 99 30 arguing
1206 3246 44 24 and

660 3277 135 33 advocating
820 3278 39 24 the
887 3285 68 18 cause
982 3278 26 24 of
1039 3285 151 25 temperance,
1220 3280 31 30 by

661 3310 85 32 simply
768 3311 120 32 recording
905 3311 38 24 the
962 3312 89 29 crimes,
1070 3317 139 27 consequent
1221 3320 28 16 on

660 3343 39 24 the
717 3344 69 24 abuse
806 3345 25 23 of
846 3345 78 24 ardent
940 3345 87 31 spirits.
1080 3346 53 23 The
1153 3346 56 24 laws
1227 3346 26 23 of

661 3377 38 23 the
712 3381 95 28 country
819 3386 39 15 are
877 3386 29 16 no
923 3378 88 23 friends
1030 3382 23 20 to
1072 3379 177 32 intemperance,

661 3410 45 23 and
718 3409 38 25 the
766 3411 117 31 hangman
893 3412 20 23 is
924 3411 73 24 called
1009 3419 29 16 on
1048 3417 23 18 to
1082 3412 29 23 do
1129 3413 37 23 his
1186 3412 62 31 duty,

660 3443 36 23 for
707 3444 69 24 crime
788 3445 130 23 committed
929 3444 84 31 during
1025 3452 14 16 a
1050 3450 58 19 state
1120 3446 27 23 of
1160 3446 86 23 intoxi-

661 3477 77 23 cation
746 3486 6 20 ;
764 3485 12 16 a
784 3477 47 24 fate
842 3478 73 23 which
920 3485 68 23 every
999 3477 109 33 thinking
1115 3479 64 24 mind
1188 3483 62 20 must

661 3510 103 24 consider
776 3510 24 24 of
811 3510 31 24 all
853 3511 75 24 others
936 3510 39 24 the
986 3515 61 20 most
1058 3512 111 24 dreadful.
1206 3512 43 23 We

660 3543 46 31 beg
728 3543 64 24 leave
814 3549 23 18 to
863 3548 57 20 state
944 3552 41 15 our
1013 3545 53 23 firm
1091 3545 78 29 belief,
1199 3545 50 23 that

661 3576 98 32 nothing
776 3585 43 15 can
836 3578 76 23 retard
929 3585 26 15 so
973 3578 60 31 good
1051 3586 14 15 a
1085 3586 76 16 cause.
1205 3578 44 23 We

660 3609 69 24 know
757 3609 49 24 that
826 3618 88 24 .among
935 3610 40 23 the
1004 3616 134 27 supporters
1160 3611 26 24 of
1211 3611 38 23 the

660 3643 142 30 Wellington
825 3644 155 32 Temperance
1009 3644 148 24 Association
1187 3644 62 24 there

661 3684 38 16 are
710 3684 54 16 men
775 3677 26 23 of
815 3677 82 24 wealth
908 3677 44 24 and
964 3678 132 30 enterprise.
1140 3677 43 24 We
1196 3685 54 15 can-

659 3714 42 19 not
710 3710 108 23 conclude
830 3710 63 24 these
910 3710 104 24 remarks
1031 3711 96 23 without
1147 3711 104 31 pointing

661 3748 39 18 out
717 3747 22 20 to
758 3743 37 24 the
816 3751 68 23 many
896 3749 121 19 strenuous
1027 3748 132 28 supporters
1172 3744 27 23 of
1213 3743 37 23 the

660 3781 144 26 temperance
823 3785 73 21 cause,
917 3776 50 26 that
978 3776 54 31 they
1044 3777 82 23 should
1139 3776 109 30 carefully

661 3810 140 31 distinguish
819 3817 67 16 cause
903 3811 59 22 from
978 3809 68 31 effect
1063 3811 25 22 in
1099 3810 98 30 viewing
1213 3809 38 23 the

661 3842 97 32 subject.
794 3843 105 32 Nothing
908 3851 42 15 can
966 3843 29 23 be
1008 3844 29 22 in
1046 3850 71 16 worse
1127 3847 60 19 taste
1197 3842 54 23 than

661 3881 23 19 to
690 3887 2 8 >
703 3877 76 23 attack
786 3879 2 5 '
800 3876 190 32 promiscuously,
1007 3875 49 27 that
1077 3876 61 23 class
1158 3875 25 24 of
1210 3883 41 16 our

660 3909 76 24 fellow
752 3910 116 28 colonists,
889 3910 49 23 who
957 3909 80 22 devote
1056 3908 60 24 their
1134 3909 55 23 time
1207 3908 46 23 and

661 3943 111 23 attention
783 3946 24 20 to
819 3943 99 30 keeping
929 3941 85 24 houses
1027 3941 25 24 of
1066 3941 183 25 entertainment.

1278 128 23 24 A
1311 135 62 15 more
1384 128 73 22 useful
1468 128 59 23 class
1538 128 26 24 of
1578 129 85 30 society
1677 129 53 23 does
1742 133 39 19 not
1792 130 68 22 exist.

1278 161 74 29 Many
1362 160 25 23 of
1401 160 62 23 them
1480 161 25 23 in
1518 161 60 24 their
1595 169 49 15 own
1667 170 83 23 proper
1771 169 92 23 persons

1278 192 85 31 setting
1381 193 115 30 examples
1511 194 75 24 which
1597 194 38 23 the
1648 194 130 24 tee-totaler
1789 194 74 31 might

1278 226 28 23 be
1315 225 73 31 proud
1406 230 24 19 to
1447 225 83 25 follow.
1576 227 44 23 We
1644 227 89 23 confess
1754 227 48 23 that
1825 227 38 23 the

1278 265 138 25 appearance
1437 259 23 22 in
1484 259 57 24 Port
1562 259 131 24 Nicholson
1711 259 26 24 of
1751 259 39 23 the
1802 258 61 25 half-

1278 291 53 23 shut
1351 290 62 30 door,
1430 290 44 24 and
1493 292 64 23 other
1572 292 135 23 indications
1727 292 25 23 of
1766 291 38 24 the
1816 296 47 20 .out

1278 323 42 24 and
1331 328 42 19 out
1382 324 41 30 gin
1434 324 64 31 shop,
1521 324 74 24 would
1610 325 90 31 greatly
1718 324 94 24 distress
1824 332 38 21 us,

1278 357 39 23 but
1334 362 58 18 even
1412 356 25 23 in
1455 356 49 24 that
1526 364 59 22 case,
1597 364 33 17 we
1653 357 82 23 should
1757 361 40 19 not
1818 357 45 24 feel

1278 389 97 24 inclined
1386 393 23 19 to
1421 389 77 24 attack
1512 390 71 23 either
1594 390 24 23 in
1630 390 77 31 public
1727 397 25 16 or
1767 390 95 30 private,

1278 415 143 37 thejpeeepers
1437 422 24 23 of
1467 423 66 22 -such
1552 423 89 30 places;
1661 423 54 30 they
1736 430 37 16 are
1792 424 26 22 in
1833 430 29 16 no

1278 455 67 29 shape
1356 455 38 23 the
1406 462 66 16 cause
1483 455 74 24 which
1574 455 50 29 has,
1646 456 45 23 and
1710 455 54 23 does
1781 455 51 24 lead
1840 460 22 19 to

1278 488 171 29 intemperance,
1461 488 46 23 and
1517 488 38 23 the
1564 489 93 30 putting
1668 488 63 23 them
1748 488 65 24 down
1832 488 31 31 by

1278 521 36 23 the
1324 524 80 27 strong
1415 528 48 16 arm
1472 521 26 23 of
1512 521 39 23 the
1568 521 52 28 law,'
1641 521 74 23 would
1733 526 40 18 not
1791 521 25 23 in
1825 521 38 24 the

1278 552 103 31 slightest
1392 553 81 31 degree
1484 554 99 23 advance
1595 554 39 23 the
1641 554 127 31 legitimate
1787 554 76 31 object

1278 586 23 24 of
1314 590 142 27 temperance
1468 586 45 24 and
1523 586 59 31 good
1594 586 74 24 order.

1501 646 139 25 BIRTHS,

1308 680 55 29 July
1376 680 11 22 I—Mrs.1
1390 691 35 4 —
1425 680 59 23 Mrs.
1500 680 132 31 Carpenter,
1645 680 25 23 of
1685 688 14 15 a
1710 680 119 31 daughter.

1376 714 14 21 2
1392 724 35 4 —
1427 712 59 24 Mrs.
1500 712 31 25 E.
1545 712 81 30 W.oo'd,
1640 714 27 23 of
1681 721 14 16 a
1710 721 51 16 son.

1375 747 14 21 3
1391 758 34 3 —
1427 745 59 23 Mrs.
1499 745 134 30 Johnstone,
1647 747 26 23 of
1687 755 14 15 a
1712 754 50 16 son.

1360 779 30 22 12
1391 790 34 5 —
1427 778 59 23 Mrs.
1500 778 65 30 Witt,
1580 779 24 24 of
1619 788 14 15 a
1644 779 120 32 daughter.

1361 811 133 24 lS—Mrs.-
1501 812 103 23 Swallow
1617 812 25 24 of
1657 822 15 14 a
1682 820 51 16 son.

1392 856 35 4 —
1428 844 61 24 Mrs.
1505 845 94 31 Phelps,
1613 846 24 23 of
1653 854 14 15 a
1679 853 49 16 son.

1361 878 29 22 18
1392 889 34 4 —
1427 877 59 23 Mrs.
1501 878 75 23 Smith
1588 878 23 23 of
1628 886 13 15 a
1654 886 49 16 son.
1735 885 3 2 '

1391 922 36 4 —
1427 910 50 23 The
1498 911 50 23 wife
1560 911 25 23 of
1601 911 48 23 Mr.
1672 911 90 31 George
1780 912 82 29 Blake,

1280 943 23 23 of
1326 942 214 31 Mulgrave-street,
1564 944 127 24 Thorndon
1714 944 60 29 Flat,
1799 945 25 23 of
1851 954 14 14 a

1280 975 115 30 daughter.

1362 1010 64 22 19—
1427 1010 61 23 Mrs.
1501 1010 105 28 Jenkins,
1620 1010 26 23 of
1660 1019 15 14 a
1686 1018 50 15 son.

1359 1044 29 21 21
1392 1055 34 4 —
1427 1043 59 23 Mrs.
1501 1043 72 29 Scott,
1587 1043 25 23 of
1627 1052 12 14 a
1652 1043 119 31 daughter.

1359 1078 31 21 23
1393 1088 34 4 —
1428 1076 59 23 Mrs.
1501 1076 87 32 Fagau,
1602 1076 25 24 of
1642 1085 14 15 a
1667 1076 118 32 daughter.

1359 1111 31 21 25
1393 1121 33 4 —
1428 1109 59 23 Mrs.
1501 1109 122 30 Williams,
1637 1111 26 22 of
1678 1119 13 14 a
1703 1111 119 29 daughter.

1359 1142 31 26 27
1392 1154 34 4 —
1427 1142 60 23 Mrs.
1500 1142 138 30 Richmond,
1653 1144 25 22 of
1693 1152 13 14 a
1719 1151 49 15 son.

1359 1177 31 22 28
1393 1187 32 4 —
1427 1175 61 23 Mrs.
1501 1176 84 29 Tattle,
1599 1177 26 22 of
1639 1184 14 15 a
1664 1184 50 15 son.

1359 1210 31 22 30
1392 1220 33 4 —
1427 1208 60 24 Mrs.
1501 1209 91 29 Meach,
1606 1210 24 22 of
1646 1217 12 15 a
1671 1218 50 15 son.

1390 1253 35 4 —
1426 1241 60 24 Mrs.
1500 1243 81 27 Tame,
1595 1243 25 23 of
1635 1251 14 14 a
1661 1251 49 15 sou.

1309 1274 94 31 August
1418 1277 10 21 I—Mrs.1
1432 1288 33 3 —
1465 1276 61 23 Mrs.
1540 1276 99 30 Burling
1651 1277 26 22 of
1692 1285 12 14 a
1717 1284 49 15 son.

1411 1309 50 24 7—
1461 1308 51 24 The
1519 1309 54 31 lady
1580 1309 25 23 of
1613 1309 33 23 D.
1657 1309 128 29 Riddiford,
1796 1309 67 31 Esq.,

1280 1341 21 21 of
1316 1349 13 13 a
1343 1349 48 13 son.

1443 1407 125 21 POLICE
1583 1406 122 22 COURT.

1378 1475 137 17 THURSDAY
1528 1475 99 16 AUGUST
1642 1469 38 28 11,
1696 1470 72 22 1842.

1305 1526 86 26 George
1410 1526 81 27 White,
1511 1527 61 26 Esq.,
1589 1526 22 21 J.
1628 1526 34 26 P.,
1675 1527 93 26 Captain
1786 1527 78 26 Smith,

1278 1553 27 21 R.
1317 1553 36 27 A.,
1366 1553 21 22 J.
1404 1553 33 27 P.,
1455 1553 33 21 H.
1501 1554 29 21 St.
1550 1553 56 27 Hill,
1619 1553 61 27 Esq.,
1699 1554 22 21 J.
1742 1554 31 26 P.,
1790 1561 28 14 on
1830 1554 36 21 the

1278 1579 82 22 Bench.

1303 1611 48 22 The
1362 1612 106 21 attention
1481 1612 24 21 of
1517 1612 37 21 the
1566 1612 67 21 Court
1642 1619 44 14 was
1698 1612 106 28 occupied
1815 1613 52 21 with

1278 1646 13 14 a
1301 1645 49 14 case
1362 1640 25 20 of
1396 1643 64 23 great
1468 1639 99 26 interest,
1580 1638 44 22 and
1635 1642 47 18 vast
1698 1640 136 26 importance
1843 1643 23 17 to

1278 1665 35 22 the
1331 1666 136 21 inhabitants
1479 1666 26 21 of
1517 1665 145 27 Wellington.
1691 1666 49 21 The
1756 1667 111 25 prisoners

1278 1692 77 28 placed
1366 1695 21 19 at
1397 1693 38 21 the
1446 1693 43 21 Bar
1500 1693 24 21 of
1534 1692 39 22 the
1585 1692 68 21 Court
1668 1700 63 20 were,
1742 1692 30 22 D.
1785 1694 80 25 Munn,

1278 1719 84 22 Master
1372 1720 25 21 of
1405 1719 37 22 the
1453 1719 108 22 schooner
1568 1720 61 26 Lady
1637 1720 73 26 Leigh,
1724 1727 47 14 now
1781 1720 23 21 in
1815 1720 53 21 Poit

1278 1746 128 28 Nicholson,
1419 1746 42 22 and
1470 1746 73 22 Frank
1664 1763 6 9 ,
1682 1746 155 28 Store-keeper
1844 1751 22 17 to

1278 1772 38 22 Dr.
1339 1773 142 27 Fitzherbert,
1508 1773 118 22 merchant
1651 1774 144 26 Wellington,
1822 1774 45 21 and

1278 1807 74 14 owner
1370 1800 25 22 of
1411 1800 37 21 the
1467 1800 115 22 schooner.
1621 1800 34 22 M.
1681 1800 104 27 Murphy,
1804 1801 61 26 Esq.,

1278 1826 83 22 Sheriff
1368 1827 25 21 of
1401 1827 36 21 the
1448 1827 108 22 Southern
1564 1827 94 22 District
1667 1827 23 22 in
1698 1827 54 21 New
1761 1827 104 28 Zealand,

1278 1861 42 13 w.is
1341 1853 105 27 Plaintiff,
1464 1854 23 21 in
1503 1854 37 22 the
1553 1861 56 15 case.
1648 1854 48 22 The
1714 1854 48 21 first
1778 1854 89 22 witness

1278 1880 70 22 called
1353 1881 29 27 by
1389 1881 38 22 the
1432 1881 97 27 plaintiff
1535 1888 44 15 was
1588 1881 99 27 Burgess,
1695 1881 170 27 Sheriff-olficer,

1279 1907 46 21 who
1345 1908 66 27 being
1433 1908 119 22 examined
1570 1909 92 25 deposed,
1684 1908 48 21 that
1748 1909 117 26 yesterday

1279 1934 168 27 (Wednesday,)
1465 1935 116 22 afternoon
1599 1936 68 21 about
1676 1937 13 19 1
1700 1943 19 13 p.
1731 1943 32 18 m.,
1781 1935 28 21 he
1822 1942 45 14 was

1279 1961 108 22 intrusted
1393 1962 53 21 with
1453 1962 37 21 the
1498 1963 117 21 execution
1621 1962 25 21 of
1653 1970 15 13 a
1675 1966 95 17 warrant
1780 1962 87 27 against

1278 1988 28 21 D.
1317 1988 81 27 Munn,
1409 1989 36 21 for
1454 1996 14 14 a
1477 1996 49 15 sum
1538 1989 25 21 of
1576 1989 68 26 £127,
1661 1989 47 21 said
1720 1993 20 17 to
1752 1989 26 21 be
1789 1988 42 22 due
1842 1992 22 18 to

1278 2022 13 14 a
1301 2022 79 19 person
1390 2015 27 22 of
1429 2016 36 21 the
1483 2023 65 14 name
1559 2016 25 21 of
1601 2015 97 27 Wright.
1728 2015 47 22 The
1790 2015 76 22 officer

1278 2042 143 27 accordingly
1437 2050 64 14 came
1519 2046 22 17 to
1555 2043 38 21 the
1606 2043 58 26 jetty
1674 2042 73 22 where
1757 2042 37 21 the
1806 2043 62 26 Lady

1278 2069 64 25 Leigh
1354 2076 43 14 was
1403 2071 47 24 just
1458 2069 78 26 taking
1548 2069 25 21 in
1583 2069 40 21 her
1634 2076 72 20 cargo,
1726 2069 43 21 and
1779 2069 88 28 finding

1278 2095 79 27 Munn,
1369 2095 99 22 arrested
1477 2095 46 22 him
1533 2097 22 20 in
1566 2096 37 21 the
1611 2096 99 23 Queen's
1719 2103 64 14 name
1791 2096 24 21 in
1826 2097 39 21 the

1278 2122 64 22 usual
1353 2130 55 19 way.
1421 2123 72 21 Munn
1501 2122 118 32 expressed
1626 2130 62 14 some
1696 2123 94 26 suiprise
1797 2127 25 17 at
1830 2123 37 21 the

1278 2149 88 27 charge,
1383 2150 44 20 and
1443 2155 128 21 requesting
1586 2149 133 28 permission
1735 2153 22 17 to
1768 2150 67 25 speak
1844 2153 23 18 to

1279 2176 32 22 his
1321 2177 120 26 employer,
1453 2177 44 21 Mr.
1508 2177 147 26 Fitzherbert,
1667 2177 53 21 then
1728 2176 104 27 standing
1838 2185 27 13 on

1279 2203 36 21 the
1323 2203 65 27 jetty,
1404 2211 42 13 was
1456 2203 120 26 permitted
1585 2204 29 26 by
1623 2203 38 22 the
1672 2203 82 25 officer,
1763 2207 21 17 to
1795 2203 27 22 do
1832 2211 32 14 so.

1280 2229 71 22 Munn
1363 2231 44 20 and
1417 2231 43 21 Mr.
1468 2230 140 22 Fitzherbert
1618 2230 152 27 immediately
1780 2230 41 22 left
1830 2231 37 21 the

1278 2257 62 26 jetty,
1357 2257 91 27 moving
1464 2257 95 21 towards
1574 2257 37 21 the
1628 2261 70 18 stores
1708 2257 26 21 of
1747 2257 43 21 Mr.
1808 2258 60 21 Fitz-

1279 2284 94 27 herbert,
1388 2284 47 22 and
1448 2284 102 22 followed
1570 2285 29 26 by
1609 2285 97 26 Burgess
1722 2283 37 22 the
1777 2284 90 22 Sheriff-

1279 2311 82 22 officer.
1381 2311 35 21 On
1429 2311 102 27 entering
1537 2311 37 21 the
1585 2315 66 22 store,
1660 2311 75 22 Munn
1746 2311 123 27 proceeded

1280 2341 21 17 to
1312 2338 80 21 ascend
1403 2345 13 15 a
1432 2339 53 21 stair
1502 2346 24 14 or
1542 2342 48 23 trap
1604 2346 30 19 up
1644 2341 23 18 to
1683 2338 38 21 the
1736 2338 47 26 loft,
1804 2339 63 21 when

1280 2364 43 21 Mr.
1343 2365 129 21 Fizherbert
1487 2373 44 14 was
1550 2365 68 21 about
1632 2367 23 20 to
1673 2365 79 26 follow,
1769 2365 40 21 but
1825 2373 44 14 was

1278 2392 91 27 stopped
1383 2393 37 26 by,
1428 2392 33 21 his
1478 2392 157 27 store-keeper,
1655 2392 64 21 when
1736 2392 34 26 he,
1791 2396 24 18 at
1830 2392 37 22 the

1279 2426 61 14 same
1357 2419 60 25 time,
1437 2419 31 21 for
1479 2426 90 15 reasons
1580 2418 72 22 which
1670 2426 56 14 were
1742 2419 127 21 afterwards

1279 2445 70 22 stated
1360 2447 23 21 in
1392 2446 115 27 evidence,
1519 2445 118 28 requested
1646 2447 96 26 Burgess
1751 2446 36 21 the
1794 2446 76 22 officer

1280 2476 20 17 to
1311 2473 61 21 leave
1383 2473 38 21 the
1429 2476 64 18 store.
1522 2473 49 23 The
1581 2473 77 21 officer
1672 2472 89 22 refused
1771 2477 22 17 to
1802 2473 64 22 leave

1279 2499 92 22 without
1380 2500 35 22 his
1428 2500 106 28 prisoner,
1552 2501 41 21 but
1603 2500 44 22 Mr.
1665 2499 139 22 Fitzherbert
1820 2508 49 19 per-

1279 2526 68 22 sisted
1373 2527 22 21 in
1420 2527 34 21 his
1477 2527 68 28 doing
1565 2534 30 19 so,
1622 2527 46 21 and
1690 2526 125 28 ultimately
1835 2527 35 21 in-

1278 2553 123 23 instructed
1416 2554 33 21 his
1465 2557 149 25 store-porter,
1625 2556 24 18 to
1660 2558 40 23 put
1709 2553 46 21 him
1766 2558 45 23 out,
1824 2554 44 21 and

1279 2579 73 23 which
1366 2588 45 15 was
1426 2581 152 26 immediately
1594 2581 64 26 done,
1681 2580 47 27 (the
1747 2585 14 17 s!
1766 2588 99 14 Ore-man

1280 2607 66 26 being
1357 2608 113 27 evidently
1480 2615 13 13 a
1501 2616 79 20 person
1593 2611 39 18 not
1643 2611 22 18 to
1679 2608 27 21 be
1719 2607 78 22 triffled
1809 2608 58 22 with.

1280 2633 44 22 Mr.
1336 2634 138 22 Fitzherbert
1483 2635 84 26 shortly
1578 2635 56 21 after
1645 2635 46 21 also
1700 2634 43 22 left
1754 2634 35 22 the
1802 2639 66 22 store,

1279 2661 88 28 leaving
1373 2662 64 21 strict
1447 2662 133 27 injunctions
1589 2665 22 18 to
1619 2663 57 26 keep
1685 2661 37 21 the
1728 2661 53 21 door
1787 2661 81 28 closed,

1279 2687 44 22 and
1338 2689 64 21 allow
1417 2696 29 14 no
1467 2696 42 15 one
1530 2693 22 17 to
1573 2692 63 18 enter
1655 2688 57 22 until
1733 2688 33 22 his
1783 2692 84 18 return.

1279 2715 65 27 Upon
1354 2715 38 22 the
1402 2716 94 27 ejection
1507 2716 25 21 of
1544 2715 37 22 the
1592 2715 77 21 officer
1677 2715 29 21 he
1716 2715 151 27 immediately

1280 2741 70 22 called
1362 2743 33 21 for
1405 2743 35 21 his
1449 2743 109 26 assistant,
1570 2742 53 21 then
1635 2741 105 27 standing
1753 2749 60 20 near,
1825 2742 45 21 and

1280 2772 49 18 sent
1340 2769 45 22 him
1392 2770 35 21 off
1432 2773 21 18 to
1463 2769 38 22 the
1513 2769 84 22 Sheriff
1602 2769 34 21 for
1645 2769 152 21 instructions.
1822 2769 48 22 The

1280 2795 84 23 Sheriff
1369 2804 44 14 was
1425 2800 45 17 met
1481 2797 28 26 by
1520 2797 36 20 the
1568 2802 132 21 messenger,
1719 2795 68 27 being
1795 2803 28 14 on
1835 2796 35 21 his

1280 2830 47 19 way
1340 2826 21 19 to
1371 2824 38 21 the
1420 2828 49 22 spot
1479 2823 72 22 where
1563 2823 37 21 the
1610 2826 71 18 arrest
1696 2822 44 22 had
1750 2823 55 20 been
1818 2830 52 14 exe-

1280 2849 72 28 cuted,
1367 2850 46 22 and
1423 2849 162 28 consequently
1596 2849 159 28 accompanied
1770 2848 37 23 the
1818 2857 50 14 man

1280 2884 27 13 on
1321 2876 34 22 his
1369 2880 84 19 return.
1482 2877 48 22 The
1549 2877 55 20 door
1621 2877 27 20 of
1661 2877 36 20 the
1714 2880 58 17 store
1789 2884 43 13 was
1848 2877 22 21 of

1279 2910 77 15 course
1365 2904 109 27 instantly
1484 2903 89 28 opened
1583 2906 21 18 to
1620 2903 38 22 the
1670 2910 115 15 summons
1795 2904 26 21 of
1832 2904 37 21 the

1280 2930 84 27 Sheriff,
1390 2932 46 21 and
1453 2932 75 21 Munn
1549 2930 102 27 together
1672 2930 53 21 with
1743 2930 37 21 the
1800 2935 69 17 store-

1279 2957 82 27 keeper
1376 2958 101 21 secured.
1505 2958 48 21 The
1569 2957 86 22 Sheriff
1668 2957 84 27 having
1766 2958 103 26 previous

1281 2987 20 17 to
1311 2984 35 21 his
1362 2985 80 22 arrival
1460 2985 59 22 been
1534 2984 112 22 informed
1656 2984 26 21 of
1696 2984 36 21 the
1743 2984 82 21 assault
1840 2992 28 14 on

1279 3010 33 22 his
1323 3011 88 27 official,
1423 3012 43 21 and
1477 3012 37 21 the
1525 3018 79 20 escape
1615 3011 26 21 of
1654 3011 37 21 the
1705 3011 98 21 arrested
1820 3018 49 21 per-

1279 3045 47 14 son.
1357 3039 40 21 We
1407 3039 56 22 have
1475 3039 49 22 thus
1536 3038 157 21 endeavoured
1701 3040 23 19 to
1733 3038 50 26 give
1790 3045 12 14 a
1813 3038 57 22 brief

1279 3064 82 23 outline
1370 3066 26 21 of
1404 3066 37 21 the
1450 3066 84 26 history
1546 3064 25 23 of
1583 3064 44 22 this
1637 3064 132 27 interesting
1778 3071 56 20 case,
1847 3072 23 14 as

1280 3092 124 22 elucidated
1422 3093 22 21 in
1462 3092 38 22 the
1521 3091 107 22 evidence
1648 3091 25 22 of
1688 3092 102 26 Burgess.
1825 3092 43 21 Mr.

1279 3118 141 23 Fitzherbert
1428 3127 45 14 was
1486 3119 24 22 in
1522 3118 141 27 attendance,
1682 3118 46 21 and
1737 3118 92 21 assisted
1839 3118 30 27 by

1279 3146 40 21 Dr.
1338 3146 75 22 Evans
1423 3153 23 14 as
1465 3146 58 27 legal
1533 3146 94 21 adviser.
1663 3144 87 27 During
1762 3144 37 21 the
1817 3152 52 14 exa-

1279 3172 108 23 mination
1398 3174 26 21 of
1435 3173 103 26 Burgess,
1554 3172 37 21 the
1608 3171 107 22 evidence
1725 3171 107 22 involved
1846 3179 23 14 as

1278 3198 40 22 has
1327 3199 58 22 been
1401 3200 81 26 shewn,
1501 3199 46 22 Mr.
1565 3198 140 23 Fitzherbert
1720 3198 24 21 in
1761 3197 36 22 the
1815 3198 54 27 high

1279 3226 163 23 misdemeanor
1456 3226 26 21 of
1489 3233 29 14 an
1528 3225 83 23 assault
1625 3232 30 14 on
1670 3232 13 14 a
1698 3224 84 22 Sheriff
1792 3225 75 22 officer

1279 3253 22 21 in
1311 3252 38 23 the
1364 3253 61 27 legal
1443 3252 116 28 discharge
1571 3252 26 22 of
1608 3252 35 20 his
1653 3252 63 26 duty,
1733 3251 46 21 and
1789 3254 24 19 at
1827 3252 42 21 this

1278 3280 76 27 period
1364 3280 25 22 of
1407 3280 36 22 the
1460 3287 50 14 case
1527 3280 39 21 the
1585 3278 82 27 charge
1687 3278 87 27 against
1792 3277 77 23 Frank

1361 3314 44 15 was
1421 3306 137 27 withdrawn,
1575 3305 46 22 and
1630 3312 14 13 a
1660 3312 49 15 new
1726 3305 141 22 information

1278 3333 46 21 laid
1340 3334 88 26 against
1444 3334 45 21 Mr.
1510 3332 146 23 Fitzherbert.
1685 3332 49 21 The
1750 3339 51 15 case
1818 3332 51 22 thus

1278 3359 109 29 suddenly
1402 3360 104 23 assumed
1515 3367 14 14 a
1545 3366 61 15 more
1623 3359 86 21 serious
1720 3362 82 24 aspect,
1823 3360 46 21 and

1279 3393 121 16 mimerons
1410 3388 50 22 nice
1471 3387 45 22 and
1523 3386 95 22 delicate
1627 3386 73 27 points
1710 3386 25 21 of
1743 3387 53 21 Law
1800 3386 69 22 'came

1278 3416 22 18 to
1310 3413 29 21 be
1350 3414 122 20 discussed.

1304 3440 29 22 R.
1343 3441 30 22 D.
1384 3441 104 26 Hanson,
1500 3439 84 28 having
1594 3439 88 22 arrived
1696 3438 126 23 condncted
1831 3439 37 22 the

1279 3468 152 22 examination
1449 3468 27 21 of
1496 3468 37 21 the
1558 3467 89 22 witness
1666 3466 35 22 for
1717 3466 44 27 ,the
1780 3466 87 22 Sheriff.

1279 3494 74 23 Frank
1366 3510 84 10 .......
1466 3494 95 28 Captain
1571 3494 91 26 Anwyl,
1674 3492 46 22 and
1870 3502 4 3 -

1280 3520 104 27 (another
1394 3521 152 27 store-keeper
1555 3521 26 21 of
1592 3520 45 22 Mr.
1649 3519 168 28 Fitzhe.rbcrts,)
1829 3520 40 22 be-

1277 3548 40 26 ing
1326 3548 115 28 subjected
1450 3551 24 19 to
1484 3555 13 14 a
1505 3552 54 23 long
1569 3547 46 22 and
1624 3553 76 16 severe
1708 3546 159 28 examination,

1279 3574 45 22 and
1343 3574 240 27 cross-examinations,
1601 3572 154 23 considerable
1772 3572 97 29 discrep-

1279 3608 67 15 ances
1363 3609 59 15 were
1442 3600 89 23 elicited
1550 3600 80 26 during
1647 3600 39 21 the
1708 3599 159 29 examination,

1279 3628 45 21 and
1334 3628 39 22 the
1385 3636 50 14 case
1442 3626 111 29 appeared
1564 3627 28 22 all
1599 3627 46 28 but,
1649 3626 81 22 settled
1737 3626 88 27 against
1831 3627 37 22 the

1280 3654 123 23 defenders.
1439 3655 48 22 The
1504 3654 108 22 evidence
1629 3654 26 21 of
1669 3653 38 22 the
1722 3653 44 21 last
1780 3654 94 26 witness,

1280 3682 155 23 corroborated
1449 3681 77 33 nearly
1541 3680 24 22 in
1576 3679 197 27 everyparticular
1788 3681 49 22 that
1847 3682 26 21 of

1280 3708 95 26 Burgess
1387 3709 38 21 the
1637 3706 49 23 The
1700 3707 80 22 Crown
1789 3706 81 25 Prose-

1280 3739 63 18 cutor
1351 3736 54 22 here
1415 3734 95 23 claimed
1522 3739 18 17 ts.
1653 3733 35 22 for
1700 3734 40 21 the
1754 3734 115 23 detention

1280 3762 25 21 of
1318 3762 39 22 Mr
1366 3762 139 23 Fitzherbert
1521 3760 45 22 and
1573 3760 84 26 Munn,
1674 3760 65 22 when
1752 3760 45 23 Mr.
1810 3762 60 23 Fitz-

1280 3788 94 28 herbert,
1385 3788 119 28 requested
1514 3790 23 19 to
1546 3788 27 21 be
1585 3786 95 23 allowed
1693 3790 24 18 to
1726 3787 92 24 address
1832 3790 37 21 the

1281 3814 84 24 Bench.
1395 3814 112 27 Ithaving
1522 3814 59 22 been
1597 3813 120 33 explained
1731 3818 23 17 to
1765 3814 46 24 him
1822 3816 48 22 that

1279 3841 76 24 before
1366 3842 29 23 he
1406 3841 66 23 could
1482 3848 50 15 now
1541 3840 28 23 do
1580 3847 30 20 so,
1626 3843 18 19 it
1653 3848 46 15 was
1709 3842 105 22 essential
1822 3843 48 22 that

1280 3868 34 22 his
1323 3863 95 28 fcouncil
1437 3868 80 22 should
1533 3874 64 15 cease
1612 3874 24 15 as
1647 3868 75 28 acting
1738 3868 93 23 Council
1847 3870 23 22 in

1280 3894 34 22 his
1322 3902 75 22 pause,
1408 3895 44 22 and
1463 3894 48 23 that
1519 3901 45 21 any
1572 3894 65 26 thing
1645 3894 28 23 he
1679 3894 73 28 might
1764 3896 54 23 then
1830 3905 40 19 say

1281 3922 73 23 would
1364 3922 66 23 stand
1439 3922 35 21 for
1488 3929 25 15 or
1522 3921 89 27 against
1623 3920 58 28 him,
1697 3922 24 21 in
1741 3922 36 22 the
1795 3924 77 21 subse-

1281 3944 69 40 quent
1359 3948 144 30 proceedings
1512 3948 73 23 which
1601 3947 73 29 might
1690 3948 98 29 possibly
1797 3950 75 24 follow

1925 3814 116 23 Theodore
2051 3814 70 26 Hook
2131 3821 45 15 was
2185 3812 157 23 matriculated
2352 3816 23 18 at
2392 3813 95 28 Oxford,

1898 3842 41 22 but
1962 3842 28 22 he
2009 3842 110 26 narrowly
2138 3839 95 29 escaped
2241 3839 127 28 -rejection'
2378 3839 59 25 from
2446 3840 45 23 -his

1899 3868 197 26 over-willingness
2107 3872 21 17 to
2137 3866 112 23 subscribe
2260 3871 21 17 to
2291 3866 39 23 the
2331 3872 4 10 ;
2347 3866 144 29 Thirty-nine

1900 3896 97 22 Articles
1997 3906 28 4 —
2109 3901 48 20 aye,
2176 3897 23 18 to
2212 3893 61 29 forty
2280 3893 29 28 ,if
2325 3900 45 22 you

1898 3922 30 23 he
1950 3922 48 22 said
1999 3932 27 6 —
2027 3928 13 15 a
2067 3920 209 23 latitudinarianism
2299 3920 50 23 that
2368 3922 125 22 somewhat

1899 3948 100 23 shocked
2008 3948 37 23 the
2055 3954 69 20 grave
2132 3950 83 20 master
2223 3947 25 22 of
2261 3948 32 23 St
2305 3948 87 26 Mary'a
2404 3948 66 23 Hall.

562 37 98 47 €3$
682 37 120 48 Wto
826 38 211 42 SJeafcHtfc
1060 39 191 47 t&awm
1276 40 91 41 mt&
1390 40 302 46 Wellington
1714 36 254 50 &pc*tatw.

661 128 41 30 ing
713 135 29 15 on
756 128 36 23 the
805 128 35 23 Te
850 128 48 23 Aro
910 127 61 25 Flat.
990 149 2 5 ,
1007 126 51 25 The
1070 135 77 17 owner
1157 128 54 30 will,
1220 136 29 16 no

662 160 77 29 doubt,
752 161 135 31 investigate
908 161 37 24 the
964 159 97 31 subject,
1073 161 46 22 and
1137 168 32 16 we
1180 161 69 24 make

662 193 46 24 this
720 194 61 30 early
793 195 82 23 notice,
889 202 24 15 so
933 192 49 24 that
998 192 39 23 the
1053 193 134 31 depredator
1197 202 52 23 may

662 227 57 23 have
732 227 37 23 the
779 227 47 23 less
840 227 83 23 chance
935 225 26 24 of
970 232 88 23 escape.

683 298 3 5 •
694 284 25 23 A
730 284 89 30 general
830 285 99 30 meeting
941 283 27 23 of
978 283 38 22 the
1026 282 136 25 Committee
1174 284 26 23 of
1209 284 38 23 the

661 317 143 23 Mechanic's
818 317 116 28 Institute,
947 314 55 24 took
1013 315 64 31 place
1087 316 25 23 in
1124 316 38 23 the
1174 323 74 17 rooms

662 350 25 23 of
692 350 38 23 the
738 350 117 28 Institute,
864 357 31 15 on
907 348 102 30 Monday
1018 349 97 30 evening
1120 348 53 29 last,
1182 350 66 23 when

661 383 106 23 business
779 383 27 27 of,
819 382 68 24 much
898 383 139 30 importance
1053 385 24 19 to
1097 382 38 22 the
1148 382 100 31 stability

661 415 25 24 of
703 415 38 24 the
753 416 136 24 Institution
904 422 45 17 was
970 413 125 25 discussed.
1132 414 51 24 The
1195 423 52 15 suc-

661 456 50 15 cess
724 448 25 23 of
758 448 37 24 the
808 448 78 23 school
893 447 73 24 which
973 446 38 24 the
1020 447 114 24 members
1143 448 104 23 attached

661 486 24 18 to
702 481 60 24 their
778 481 172 24 establishment
967 479 49 29 has,
1035 486 33 18 we
1080 488 38 16 are
1130 480 77 32 happy
1222 488 24 16 to

661 522 49 23 say,
722 514 88 31 greatly
821 514 116 29 exceeded,
952 512 39 24 the
1007 516 61 20 most
1085 514 110 30 sanguine
1207 521 40 16 ex-

661 548 125 30 pectations
796 547 26 23 of
830 547 39 23 the
881 545 112 29 founders,
1006 545 76 24 whilst
1091 545 38 24 the
1139 546 108 31 Library,

661 580 45 23 and
716 588 62 15 more
789 579 122 32 especially
924 579 36 24 the
973 578 114 30 Museum,
1100 579 58 23 have
1169 584 42 26 got
1221 587 25 16 as

660 613 19 23 it
696 620 59 16 were
778 613 88 23 thrown
886 613 47 23 into
939 615 4 3 '
953 611 39 24 the
1010 611 77 25 shade.
1124 611 43 25 We
1187 612 58 24 shall

661 645 106 24 continue
778 653 26 16 as
859 645 57 24 have
927 644 99 25 hitherto
1039 644 65 30 done,
1122 648 25 20 to
1157 644 40 31 lay
1206 646 40 23 be-

660 679 48 23 fore
720 686 41 16 our
772 679 91 23 readers
874 678 38 24 the
924 685 106 25 progress
1043 678 25 23 of
1080 678 39 23 the
1128 678 118 29 Institute,

660 712 144 31 considering
813 712 26 28 it,
851 719 26 16 as
889 719 32 16 we
931 711 36 28 do,
981 718 13 15 a
1006 714 48 19 sort
1065 711 25 23 of
1107 712 140 30 experiment

660 752 30 16 on
701 745 37 23 the
750 752 106 24 progress
865 745 28 23 of.
899 745 38 23 the
948 744 137 28 settlement,
1098 744 99 23 towards
1209 744 37 24 the

660 778 173 23 establishment
840 778 25 23 of
873 778 49 23 that
930 780 58 20 state
995 777 26 23 of
1030 777 99 30 Society,
1143 782 23 17 to
1173 777 73 23 which

660 811 31 23 all
702 811 50 24 who
760 811 58 23 have
827 810 143 33 enjoyedthe
983 810 143 23 inestimable
1133 810 114 31 blessings

661 844 25 23 of
701 845 18 22 it
730 845 24 22 in
766 845 97 28 Britain,
882 847 61 21 must
953 842 55 24 look
1028 842 96 23 forward
1143 842 56 23 with
1210 843 37 22 the

660 881 99 24 greatest
777 878 101 30 anxiety.
913 876 162 31 Experiments
1093 875 58 23 have
1162 876 85 30 proved

660 910 49 23 that
727 910 57 23 such
795 918 16 15 a
828 914 58 19 state
898 910 25 23 of
937 909 77 30 things
1030 912 83 20 cannot
1124 907 29 24 be
1171 912 74 20 trans-

658 943 80 30 ported
745 952 7 20 ;
764 944 18 22 it
792 943 121 30 positively
926 945 60 21 must
996 942 29 22 be
1038 940 98 25 created.

1890 127 24 22 in
1922 135 14 13 a
1949 127 80 26 higher
2042 128 73 22 Court.
2145 129 45 22 Mr.
2207 129 138 23 Fitzherbert
2362 130 112 25 preferred

1890 153 71 22 under
1969 154 61 21 these
2039 154 170 23 circumstances
2219 158 22 18 to
2248 156 91 22 address
2349 157 36 21 the
2396 157 76 26 Court,

1891 179 28 22 he
1929 180 143 28 accordingly
2082 180 36 23 did
2129 189 32 19 so,
2176 181 23 22 in
2211 189 13 14 a
2234 182 97 27 forcible,
2349 183 64 27 clear,
2430 183 45 22 and

1891 205 76 28 manly
1976 214 100 15 manner.
2105 207 38 22 He
2153 207 96 22 detailed
2258 208 37 22 the
2305 217 50 13 case
2367 217 23 14 as
2400 210 19 21 it
2427 210 48 22 had

1891 233 104 21 occurred
2006 236 21 18 to
2037 233 94 27 himself,
2142 234 102 27 pointing
2254 237 39 19 out
2307 235 39 22 the
2355 236 52 26 fact,
2415 239 3 4 '
2424 236 52 22 that

1891 258 28 21 he
1938 265 45 16 was
1996 260 111 26 naturally
2121 260 68 22 much
2204 260 108 28 engaged-
2316 262 26 21 in
2358 263 117 27 arranging

1891 284 37 22 the
1942 286 80 26 sailing
2030 286 25 21 of
2067 286 35 21 his
2116 286 79 27 vessel,
2212 287 44 21 and
2271 288 143 27 particularly
2430 289 45 21 dis-

1892 312 82 21 tressed
1983 316 23 17 at
2015 319 44 19 any
2065 319 67 16 occur
2133 320 74 19 ranee,
2218 312 54 23 such
2281 321 24 14 as
2316 313 38 22 the
2360 314 114 23 detention

1891 338 26 21 of
1923 338 39 21 the
1972 338 93 27 Captain
2078 342 24 18 at
2112 339 38 22 the
2159 343 99 18 moment
2273 340 65 21 when
2356 340 37 22 the
2403 342 72 21 vessel

1890 371 45 14 was
1945 364 67 22 about
2019 368 21 18 to
2049 368 39 24 put
2096 368 22 19 to
2124 373 44 14 sea.
2193 366 36 21 He
2239 366 71 22 stated
2321 366 49 21 that
2378 366 98 28 Burgess

1892 397 44 15 was
1946 391 94 27 entirely
2046 391 111 22 xinknown
2169 396 22 17 to
2200 392 54 26 him,
2265 392 45 21 and
2316 394 160 26 consequently

1890 421 39 17 not
1938 417 84 27 having
2031 418 69 21 heard
2109 418 57 21 from
2177 418 71 21 Miinn
2262 418 36 22 the
2309 422 49 18 true
2367 422 79 19 nature
2452 420 27 21 of

1891 443 38 21 the
1949 451 57 20 case,
2024 444 36 21 the
2077 444 94 27 ejection
2186 445 26 21 of
2227 444 36 22 the
2274 444 76 23 officer
2363 445 58 22 from
2436 446 40 21 the

1891 472 59 19 store
1969 477 44 15 was
2022 471 56 21 done
2087 472 24 20 in
2124 471 86 31 perfect
2218 472 51 19 iona
2277 472 47 26 fide
2343 478 23 15 as
2375 479 29 14 an
2415 472 62 27 Eng-

1890 496 97 22 lishman
2004 497 49 22 who
2071 497 112 22 considers
2200 498 35 21 his
2251 498 73 22 house
2342 498 34 21 his
2399 499 77 22 castle.

1892 522 23 22 It
1938 530 44 14 was
2001 523 55 22 after
2071 523 38 22 the
2134 524 117 27 ejectment
2270 524 49 22 that
2337 524 30 22 he
2383 524 94 23 learned

1891 549 59 22 from
1972 549 74 22 Munn
2064 550 49 22 that
2135 551 28 22 be
2184 551 45 22 had
2247 551 58 22 been
2326 551 76 22 served
2422 552 56 21 with

1891 582 29 15 an
1939 578 70 20 arrest
2023 576 33 22 for
2082 577 59 27 debt,
2166 577 45 22 and
2236 577 65 23 when
2324 577 30 22 he
2374 578 42 21 left
2437 578 39 23 the

1891 604 66 20 store,
1967 610 24 14 as
1999 603 83 27 proved
2089 603 25 22 in
2125 604 112 27 evidence,
2247 604 19 21 it
2275 611 44 15 was
2328 604 35 21 for
2371 604 38 21 the
2424 611 53 21 pur-

1891 636 54 19 pose
1961 629 26 22 of
1997 629 119 28 procuring
2131 631 46 20 bail
2188 631 34 21 for
2236 631 81 22 Munn.
2347 631 82 22 Before
2441 631 36 22 his

1891 658 83 24 return,
1994 654 38 23 the
2051 655 86 28 Sheriff,
2155 664 24 14 as
2197 657 90 27 already
2306 657 104 27 detailed,
2430 657 47 22 had

1892 679 95 30 arrived,
1997 682 44 22 and
2048 682 73 22 Munn
2133 683 45 22 and
2302 684 24 21 in
2335 683 36 22 the
2382 684 96 27 custody

1892 709 25 21 of
1932 709 38 21 the
1990 709 91 21 officers.
2110 716 3 10 >
2123 709 64 28 They
2204 717 57 14 were
2279 710 106 21 marched
2404 711 35 22 off
2452 714 25 19 to

1891 735 82 28 prison,
1993 735 44 23 and
2055 736 37 21 the
2111 737 116 21 afternoon
2246 737 46 21 and
2316 737 95 27 evening
2432 745 45 14 was

1892 766 65 23 spent
1975 763 29 26 by
2020 763 43 21 Mr.
2076 762 140 22 Fitzherbert
2229 762 23 22 in
2272 763 167 28 endeavouring
2453 767 23 18 to

1891 796 93 19 procure
1999 789 45 22 bail
2059 789 35 21 for
2112 789 83 27 Mnnn,
2215 789 79 27 which;
2315 789 110 27 however,
2440 791 39 21 the

1893 815 83 23 Sheriff
1981 815 89 23 refused
2084 819 22 18 to
2123 819 79 24 accept
2216 815 30 22 of.
2274 816 45 22 Mr.
2331 815 146 28 Fitzherbert,

1891 842 24 21 in
1922 842 36 22 his
1969 842 94 27 address,
2072 843 97 22 touched
2180 842 36 22 the
2225 842 126 27 dangerous
2361 843 85 26 ground
2455 843 27 22 of

1893 869 109 27 asserting
2012 869 48 21 that
2071 869 118 22 harshness
2198 869 44 21 had
2255 869 57 21 been
2323 869 121 22 exercised-
2450 870 31 27 by

1892 895 37 22 the
1940 895 85 22 officers
2034 896 24 20 in
2068 895 37 21 the
2114 896 116 27 discharge
2245 895 25 22 of
2277 895 59 22 their
2345 895 61 26 duty.
2436 895 43 23 We

1891 925 77 23 repeat
1976 923 120 25 dangerous,
2107 923 76 26 seeing
2193 923 48 21 that
2250 923 38 21 the
2298 921 77 23 officer
2382 922 98 27 Burges3

1891 947 46 23 had
1945 949 125 27 previously
2080 949 97 26 actually
2188 949 91 21 allowed
2293 949 36 21 his
2343 949 101 27 prisoner
2455 951 46 20 to^'

1891 979 40 20 get
1941 979 38 17 out
1989 976 25 20 of
2020 976 34 20 his
2063 975 66 28 sight.
2158 975 48 23 The
2216 975 85 27 Bench,
2312 979 24 18 at
2345 975 37 22 the
2391 975 60 23 close
2457 975 27 23 of

1893 1001 44 22 Mr.
1950 1002 139 22 Fitzherbert
2104 1001 98 28 address,
2218 1001 92 28 politely
2327 1001 81 23 retired
2418 1005 23 19 to
2451 1009 30 15 an

1893 1028 116 28 adjoining
2019 1032 131 24 apartment,
2162 1029 51 26 and,
2224 1028 57 22 after
2291 1036 13 14 a
2314 1028 60 22 short
2383 1028 96 22 deliber-

1893 1055 68 26 ation,
1985 1055 106 22 returned
2112 1059 24 18 to
2159 1055 38 22 the
2225 1055 75 27 Court,
2326 1055 65 22 when
2427 1055 54 28 they

1892 1082 157 27 unanimously
2058 1082 113 24 acquitted
2189 1082 43 22 Mr.
2250 1081 140 23 Fitzherbert
2404 1082 26 22 of
2441 1082 39 22 the

1893 1109 90 27 assault,
1997 1109 57 27 who,
2072 1109 26 21 of
2114 1116 85 19 course,
2216 1108 151 27 immediately
2382 1108 41 22 left
2442 1109 39 21 the

1893 1137 74 20 Court.
1995 1137 47 21 The
2056 1143 51 15 case
2123 1136 54 21 then
2186 1135 62 22 stood
2258 1143 25 14 as
2298 1135 119 27 originally
2425 1135 54 28 laid,

1893 1163 52 26 and,
1955 1170 34 14 we
2005 1163 93 26 believe,
2109 1162 111 23 sufficient
2233 1162 46 22 bail
2295 1165 42 24 put
2352 1162 23 22 in
2382 1182 3 5 v
2390 1162 36 22 for
2441 1162 38 22 the

1893 1189 122 21 defendant
2027 1189 78 21 Munn.

1896 1256 143 20 ARRIVAL
2062 1256 40 19 OF
2125 1256 65 20 THE
2213 1256 117 20 BISHOP
2349 1256 38 20 OF
2406 1256 73 20 NEW

2094 1287 159 19 ZEALAND.

2038 1326 89 17 FRIDAY,
2140 1326 87 15 AUGUST
2239 1322 32 21 12,
2283 1322 60 19 1842.

694 1001 164 24 Mechanic's
884 1001 148 24 Institute.
1034 1012 34 5 —
1068 999 51 25 The
1148 999 99 25 Discus-

661 1034 49 23 sion
723 1034 65 23 Class
798 1039 48 18 met
858 1042 28 15 on
898 1033 85 31 Friday
994 1034 99 30 evening
1110 1032 54 30 last,
1183 1034 65 23 when

659 1067 38 23 the
718 1068 103 30 question
870 1066 99 24 whether
993 1067 134 30 emigration
1152 1074 24 16 or
1198 1067 48 23 free

661 1099 61 24 trade
736 1100 78 23 would
825 1100 29 23 be
866 1104 60 19 most
935 1099 119 24 beneficial
1067 1106 21 17 to
1098 1099 127 31 England?

658 1140 47 16 was
717 1133 126 23 discussed.
879 1133 47 24 Mr.
937 1132 110 24 Knowles
1058 1132 54 24 took
1125 1133 37 23 the
1176 1132 70 30 chair,

658 1166 45 23 and
714 1165 39 24 the
766 1166 127 23 discussion
901 1173 44 17 was
955 1165 87 31 opened
1054 1166 29 30 by
1091 1165 39 24 the
1139 1173 109 24 proposer

659 1199 25 23 of
687 1199 38 23 the
733 1200 105 31 question
846 1198 59 33 (Mr.
915 1198 149 32 M'Kenzie,)
1070 1199 49 23 who
1126 1199 122 30 supported

660 1234 133 29 emigration
812 1241 25 15 as
858 1233 111 29 affording
988 1233 131 22 immediate
1136 1232 68 23 relief
1226 1236 21 19 to

659 1266 39 22 the
720 1266 185 31 superabundant
925 1265 140 33 population,
1084 1265 45 23 and
1148 1266 101 30 creating

659 1306 47 16 new
728 1299 103 23 markets
853 1299 35 23 for
910 1299 37 24 the
971 1299 115 22 excessive
1115 1298 133 32 production

659 1332 25 23 of
699 1332 41 23 her
752 1332 186 28 manufacturers,
957 1332 129 31 employing
1098 1336 24 18 at
1133 1332 38 22 the
1186 1339 61 15 same

659 1366 54 22 lime
727 1365 40 23 her
778 1366 82 23 almost
880 1365 184 31 superabundant
1080 1365 74 23 fleets.
1197 1365 51 24 The

658 1406 78 15 mover
753 1406 46 16 was
820 1399 99 30 opposed
935 1398 32 30 by
980 1398 98 23 Messrs.
1091 1398 102 24 Vincent
1204 1398 43 23 and

661 1431 116 29 Knowles,
790 1432 50 23 who
853 1431 83 31 argued
948 1432 25 21 in
989 1436 94 26 support
1093 1431 26 23 of
1127 1431 47 23 free
1186 1431 62 23 trade

660 1473 25 14 as
698 1465 69 31 being
781 1465 32 23 all
833 1465 48 23 that
898 1464 108 31 England
1028 1472 49 15 now
1095 1473 27 14 or
1138 1472 52 15 ever
1211 1464 37 24 did

659 1502 60 18 want
742 1504 23 17 to
791 1498 84 23 relieve
898 1499 39 22 her
959 1497 88 31 people.
1103 1497 146 31 Emigration

660 1531 74 23 would
746 1535 39 19 not
798 1532 112 30 naturally
919 1539 64 16 cease
992 1540 5 20 ;
1009 1532 19 21 it
1035 1539 45 15 was
1089 1531 51 30 just
1148 1531 100 30 possible

659 1564 49 23 that
719 1565 19 22 it
747 1565 74 23 would
833 1565 100 23 increase
939 1573 6 20 ;
960 1564 42 23 but
1012 1564 54 23 with
1074 1564 38 23 the
1120 1564 127 29 difference,

660 1598 49 22 that
720 1598 25 23 in
756 1598 37 23 the
804 1603 92 26 present
908 1605 51 17 case
971 1598 18 22 it
997 1598 21 22 is
1039 1598 111 28 artificial,
1174 1598 25 22 in
1211 1598 38 23 the

661 1631 63 23 other
735 1632 18 23 it
764 1631 75 24 would
851 1632 27 22 be
894 1640 14 15 a
926 1630 90 24 natural
1033 1631 45 23 and
1094 1635 153 27 spontaneous

660 1669 134 19 movement.
832 1665 39 23 On
882 1665 38 23 the
932 1664 61 23 show
1007 1663 25 24 of
1047 1664 81 28 hands,
1146 1664 37 23 the
1194 1671 53 24 pro-

659 1705 67 23 poser
738 1699 26 22 of
777 1698 39 23 the
835 1700 110 29 question,
969 1698 19 22 it
999 1704 45 16 was
1063 1697 79 30 found,
1160 1705 47 16 was
1225 1699 24 22 in

661 1739 12 15 a
685 1731 115 30 minority.

59 133 131 29 conformity
202 130 53 24 with
266 129 38 23 the
322 128 125 31 provisions
465 128 24 22 of
504 128 37 23 the
555 128 78 24 Muni-

57 166 57 31 cipal
133 163 146 32 Corporation
295 161 55 29 Act,
372 165 23 18 at
414 161 38 23 the
470 161 163 29 Police-office,

56 201 99 22 between
174 197 37 22 the
230 195 66 23 hours
318 194 25 23 of
358 194 77 23 eleven
456 194 43 24 and
518 194 51 24 four
580 195 53 23 each

57 232 49 30 day.
142 230 43 22 We
196 229 70 22 insert
279 227 38 23 the
333 227 60 23 form
411 227 26 23 of
451 228 73 29 claim,
538 227 44 23 and
597 229 36 22 the

57 263 148 32 qualification
212 267 119 24 necessary
341 263 23 20 to
374 261 120 23 constitute
504 269 29 14 an
543 261 89 24 elector.

89 302 129 22 Summary
242 306 29 16 of
295 305 52 16 the
371 306 135 17 provision
531 307 30 16 op
583 299 60 24 the'

56 334 146 25 Municipal
219 331 186 24 Corporation
423 331 71 30 Bill,
507 340 126 17 relative

57 375 30 16 to
104 373 49 16 the
174 371 73 17 first
265 372 128 17 election
412 372 30 16 of
463 366 97 23 mayor
581 373 52 17 and

55 401 157 23 Alderman.
214 410 34 4 —
254 397 77 32 Every
353 398 58 23 male
428 399 128 23 inhabitant
576 399 26 24 of
623 408 11 15 a

55 432 113 30 Borough,
189 431 25 22 of
236 430 42 24 full
296 439 50 23 age,
365 431 69 31 being
453 432 54 31 duly
527 432 105 29 enrolled,

56 465 55 24 shall
122 464 146 31 be.qualified
290 469 21 18 to
332 469 52 18 vote
403 469 22 19 at
444 465 36 23 the
501 465 96 23 election
613 465 23 24 of

55 499 36 23 the
103 497 104 24 Council.
231 497 78 31 Every
321 497 67 24 claim
398 497 58 24 shall
466 498 28 23 be
503 498 25 23 in
537 499 95 31 writing,

55 533 22 23 in
91 530 34 24 the
137 530 115 31 following
262 530 58 23 form
331 538 5 16 :—:
338 543 36 4 —

238 570 70 17 FORM
320 571 31 16 OF
364 571 85 17 CLAIM.
457 561 4 6 '

55 597 34 24 To
101 596 47 24 Mr.
160 596 66 24 A.B.

86 629 13 24 I
111 629 84 31 hereby
207 630 51 30 give
277 638 45 22 you
338 630 82 29 notice,
433 629 48 25 that
501 631 14 23 I
534 631 66 22 claim
611 634 21 20 to
640 644 2 5 •

55 663 53 23 have
120 670 39 23 my
170 671 67 15 name
247 667 40 27 put
298 671 60 23 upon
372 663 44 26 the.
421 664 99 31 Burgess
533 663 57 23 Roll
599 664 34 23 for

55 696 34 23 the
96 695 114 28 'Borough
222 696 25 23 of
261 695 148 28 Wellington,
421 696 66 23 dated
498 696 39 23 the

52 732 43 27 day
106 732 25 20 of
157 739 4 5 •
307 738 3 4 •
374 732 23 20 in
409 732 38 20 the
459 737 53 23 year
525 732 74 22 1842.

119 778 19 20 p
150 766 25 32 -jiv'
307 765 4 3 '
328 762 12 23 f
347 761 69 24 Place
428 762 24 23 of
466 762 79 29 abode,
557 763 46 23 and

141 796 5 7 '
176 797 6 6 '
329 794 10 21 I
346 794 104 24 business
462 796 25 22 of
501 796 115 24 claimant.

85 827 78 33 Every
174 836 81 24 person
268 828 107 31 claiming
387 828 37 23 the
436 829 60 30 right
507 829 26 23 of
547 830 84 30 voting,

52 861 65 29 shall,
131 867 29 18 at-
169 862 39 23 the
229 862 53 23 time
301 862 24 23 of
339 861 127 32 preferring
483 862 56 23 such
558 862 72 30 claim,

52 902 44 23 pay
103 895 37 23 the
149 895 37 24 the
195 895 118 31 returning
322 895 83 28 officer,
411 894 38 24 the
458 903 50 15 sum
518 895 26 23 of
550 899 82 27 twenty

52 927 112 31 shillings,
176 928 75 24 which
262 935 51 16 sum
324 928 46 23 will
386 928 28 23 be
426 928 162 31 subsequently
599 929 32 23 al-

52 960 70 23 lowed
149 966 40 19 out
216 962 26 23 of
266 969 45 23 any
332 966 61 18 rates
418 965 21 19 to
461 961 29 24 be
512 961 120 24 thereafter

52 994 104 23 assessed
167 1003 63 22 upon
240 994 56 24 such
308 994 112 24 claimant.

85 1026 64 24 First
170 1028 95 23 election
277 1031 22 20 to
321 1027 53 23 take
394 1027 63 30 place
473 1034 28 16 on
520 1026 110 32 Monday,

52 1059 35 24 the
99 1059 60 24 third
171 1060 44 31 day
226 1060 26 23 of
267 1059 100 24 October
385 1064 60 24 next,
459 1064 23 19 to
503 1067 127 16 commence

52 1097 22 19 at
91 1093 53 22 nine
162 1093 26 23 of
214 1093 37 23 the
271 1092 63 24 clock
351 1093 25 22 in
397 1092 54 23 the''
456 1093 111 30 morning,
588 1093 43 23 and

52 1125 75 31 finally
139 1126 60 23 close
212 1130 23 19 at
245 1126 51 23 four
308 1125 24 23 of
348 1125 38 23 the
404 1125 64 23 clock
480 1125 25 23 of
520 1125 38 23 the
570 1133 60 16 same

52 1159 49 30 day.

84 1191 113 31 Eighteen
212 1199 103 24 persons,
334 1191 70 31 being
422 1191 133 31 Burgesses,
569 1196 23 19 to
603 1192 27 23 be

52 1225 51 23 then
114 1225 93 23 elected.

84 1257 49 24 The
150 1259 81 22 twelve
250 1258 128 31 Burgesses
395 1262 39 19 out
454 1259 24 22 of
501 1258 38 23 the
560 1258 68 25 above

52 1290 109 32 eighteen,
174 1292 76 22 whose
261 1299 78 15 names
352 1292 58 22 shall
424 1292 65 23 stand
499 1292 93 30 highest
604 1300 27 16 on

52 1325 37 22 the
100 1324 46 29 list,
159 1328 24 19 to
194 1325 29 22 be
235 1325 38 22 the
284 1325 132 23 Aldermen.

84 1357 50 23 The
146 1357 126 23 Alderman
283 1358 85 31 having
379 1358 37 22 the
427 1358 91 31 highest
536 1359 94 23 number

52 1391 25 22 of
90 1394 63 19 votes
165 1395 23 18 to
200 1391 52 22 hold
264 1390 39 23 the
315 1391 64 23 office
392 1391 24 23 of
431 1391 89 31 Mayor.

82 1423 76 31 Every
174 1424 102 30 Burgess
294 1432 54 23 may
358 1429 51 18 vote
429 1424 33 24 for
479 1432 46 23 any
535 1425 95 23 number

52 1457 23 23 of
89 1464 93 23 persons
194 1462 41 18 not
252 1457 124 31 exceeding
386 1457 38 23 the
436 1458 95 23 number
543 1458 52 23 then
609 1463 20 18 to

52 1491 26 22 be
97 1490 90 29 chosen,
213 1490 31 31 by
268 1490 124 32 delivering
412 1495 21 19 to
458 1491 36 23 the
513 1493 118 30 returning

52 1524 75 23 officer
139 1532 13 14 a
167 1524 80 30 voting
264 1532 78 22 paper,
356 1525 128 30 containing
503 1525 37 22 the
558 1525 72 23 Chris-

54 1558 46 21 tian
111 1556 44 24 and
167 1565 118 15 surnames
298 1558 24 22 of
337 1558 39 22 the
393 1565 93 23 persons
504 1558 35 23 for
558 1558 72 23 whom

52 1590 28 22 he
104 1594 71 24 votes,
198 1590 55 23 with
275 1590 58 24 their
357 1591 121 31 respective
506 1591 76 31 places
611 1592 23 23 of

52 1623 77 28 abode,
157 1623 46 24 and
230 1623 142 32 description,
396 1624 56 23 such
473 1632 71 23 paper
565 1625 66 31 being

54 1656 78 31 signed
143 1657 54 23 with
210 1656 37 24 the
259 1664 65 16 name
332 1657 27 23 of
368 1657 36 23 the
413 1657 99 32 Burgess
522 1666 25 15 so
555 1659 76 30 voting

52 1689 43 23 and
115 1690 85 31 setting
218 1690 62 23 forth
306 1690 36 23 his
367 1690 63 32 place
451 1692 24 22 of
498 1691 70 23 abode
589 1692 41 23 and

52 1722 143 31 description.

84 1755 58 24 Last
153 1756 43 30 day
208 1756 35 23 for
260 1758 137 31 registering
412 1757 34 24 for
463 1758 50 24 first
530 1758 99 29 election,

52 1789 100 23 thirtieth
164 1789 26 23 of
204 1790 100 31 August.

84 1822 67 24 Place
164 1823 25 23 of
204 1824 151 30 registration,
369 1824 163 25 Police-office.

84 1879 182 26 Earthquake
303 1881 92 24 Panic.
407 1894 35 5 —
454 1882 50 24 The
533 1883 98 31 English

50 1913 84 30 people,
158 1913 45 23 and
225 1921 62 16 more
311 1915 120 31 especially
454 1916 37 23 the
510 1916 119 32 cockneys,

50 1954 56 15 were
117 1946 95 24 amused
223 1948 54 22 with
289 1947 38 23 the
339 1948 82 23 almost
433 1949 59 30 daily
503 1955 89 25 reports
611 1951 23 23 of

50 1987 30 14 an
97 1979 146 31 earthquake,
255 1980 73 24 which
339 1982 19 22 it
368 1981 41 24 has
427 1981 57 24 been
503 1982 129 25 discovered

52 2013 19 22 is
83 2013 134 30 prophesied
230 2018 21 18 to
268 2022 65 15 occur
345 2015 24 22 in
388 2015 88 28 March,
491 2018 73 22 1843.
602 2017 28 23 So

52 2046 107 29 perfectly
172 2047 19 21 is
203 2046 43 23 this
258 2047 112 31 prophesy
379 2047 98 24 believed
487 2049 25 22 in
518 2048 30 31 by
557 2057 73 23 many,

55 2078 47 23 that
120 2086 14 15 a
314 2081 24 21 in
351 2081 38 22 the
407 2080 73 24 Times
492 2089 137 24 newspaper,

54 2111 101 23 remarks
178 2120 60 22 upon
268 2112 38 23 the
331 2114 114 28 omission,
470 2119 22 18 to
514 2115 116 31 phophesy

52 2144 98 23 whether
169 2144 37 24 the
226 2153 60 15 same
299 2146 19 22 is
331 2152 22 17 to
373 2146 88 31 happen
473 2148 121 31 according
611 2153 20 19 to

54 2177 37 23 the
103 2177 36 23 old
151 2178 48 30 syle
212 2186 24 15 cr
254 2179 37 23 the
303 2180 62 23 new!
402 2179 83 24 Others
505 2181 128 31 apprehend

53 2218 60 15 some
125 2212 102 29 political
245 2212 130 23 convulsion
386 2213 19 23 is
421 2212 131 26 threatened
552 2228 34 3 —
588 2215 44 23 that

51 2252 13 14 a
89 2244 102 23 Chartist
212 2245 151 23 insurrection
385 2254 50 22 may
454 2247 26 22 be
504 2248 38 23 the
565 2248 67 32 shape

52 2276 72 24 which
144 2278 37 23 the
200 2278 139 30 earthquake
357 2279 45 23 will
420 2287 96 17 assume.
553 2282 24 22 It
593 2282 39 24 has

52 2310 56 23 been
131 2311 131 23 discovered
284 2312 48 23 that
352 2320 58 15 none
431 2313 39 24 but
492 2313 66 24 Irish
577 2315 55 24 have

53 2344 101 23 received
183 2344 38 23 the
251 2346 116 30 warning;
398 2346 56 29 that,
475 2348 25 22 in
522 2348 52 28 fact,
596 2349 36 23 the

53 2376 90 24 authors
157 2377 24 23 of
198 2377 38 24 the
247 2386 93 16 rumour
351 2387 38 15 are
400 2380 84 31 merely
496 2381 136 24 endeavour-

52 2410 40 30 ing
104 2416 21 17 to
138 2410 115 24 withdraw
265 2412 37 23 the
317 2412 64 23 Irish
393 2412 79 31 Papist
482 2414 60 23 from
553 2423 13 15 a
576 2415 57 25 blow

52 2443 105 24 intended
176 2444 54 31 only
247 2445 36 23 for
301 2445 38 24 the
360 2445 99 31 English
480 2447 150 26 Protestants.

53 2476 57 23 This
127 2478 20 22 is
165 2483 40 18 not
218 2478 36 23 the
272 2478 50 24 first
341 2480 103 23 occasion
457 2488 29 15 on
505 2481 73 23 which
597 2483 35 23 the

53 2509 52 30 City
115 2509 24 24 of
153 2510 98 24 London
263 2512 41 23 has
315 2512 57 24 been
383 2513 66 30 panic
460 2514 81 23 struck
552 2516 54 23 with
621 2525 12 14 a

51 2543 131 24 threatened
211 2544 139 32 earthquake
364 2555 5 19 ;
405 2551 103 26 amongst
544 2550 88 23 various

52 2584 91 16 sources
165 2577 59 23 from
247 2578 73 24 which
343 2579 38 23 the
402 2579 120 32 prophesy,
544 2583 24 22 in
588 2583 44 23 this

49 2609 111 30 instance,
172 2610 43 24 has
232 2611 58 24 been
309 2612 82 29 drawn,
404 2612 38 24 the
459 2613 44 23 last
515 2615 42 23 and
574 2622 59 18 most

36 2638 10 27 ■i
51 2642 111 33 alarming
173 2652 50 21 one,
236 2645 18 23 it
265 2645 73 24 would
357 2654 89 23 appear,
458 2647 19 23 is
496 2648 39 23 the
546 2649 85 24 follow-

50 2675 41 32 ing
100 2684 42 15 :—

104 2713 28 21 In
143 2714 87 27 eigteen
238 2714 100 23 hundred
348 2716 44 21 and
402 2717 121 27 forty-two,

104 2740 60 22 Four
173 2741 72 27 things
255 2743 37 21 the
302 2750 42 14 sun
354 2743 56 22 shall
419 2744 55 22 view
482 2753 5 19 ;

101 2767 125 27 England's
235 2769 47 21 rich
291 2770 45 21 and
346 2770 84 22 famous
439 2775 67 24 town,

103 2793 99 29 Hungry
212 2795 61 22 earth
289 2796 57 21 shall
356 2797 94 22 swallow
459 2798 79 28 down;

104 2821 73 21 Storm
187 2821 43 21 and
239 2822 47 22 rain
295 2823 23 21 in
327 2823 85 22 France
423 2823 55 23 shall
488 2826 35 26 be,

104 2847 122 28 Till-every
235 2849 59 21 river
303 2856 54 15 runs
366 2857 13 13 a
390 2857 49 20 sea;

105 2874 66 27 Spain
183 2874 57 22 shall
249 2875 58 21 then*
312 2875 27 22 be
349 2879 49 18 rent
407 2877 24 20 in
441 2878 74 27 twain,

105 2901 56 21 And
169 2901 83 22 famine
264 2904 65 19 waste
338 2902 38 22 the
386 2903 52 22 land
449 2905 76 27 again;

106 2928 29 21 So
144 2935 40 20 say
195 2927 19 27 I,
226 2928 37 22 the
272 2928 73 22 Monk
357 2929 25 21 of
390 2930 54 27 Dee,

106 2954 28 22 In
145 2954 38 22 the
193 2955 85 21 twelfth
285 2955 105 22 hundred
398 2964 53 19 year
458 2958 43 21 and
510 2958 69 23 three.

50 2997 28 4 —
80 2986 108 22 Harleian
200 2986 122 23 Collection
333 2987 93 27 (British
438 2990 122 26 Museum,)
572 2993 59 23 8006,

51 3013 52 19 folio
112 3015 49 17 313.
544 3004 16 14 >J
624 3008 7 11 >

84 3059 87 24 Niger
196 3059 173 25 Expedition.
382 3073 34 5 —
426 3061 207 35 Notwithstanding

55 3092 36 23 the
110 3092 125 24 disastrous
257 3094 84 23 results
360 3094 72 24 which
454 3096 58 24 have
531 3098 102 24 followed

55 3125 42 23 this
107 3131 65 26 great
183 3126 160 32 undertaking,
360 3128 19 23 it
394 3129 20 22 is
426 3134 39 18 not
475 3129 38 24 the
523 3131 109 24 intention

55 3158 22 23 of
97 3159 37 24 the
153 3159 89 24 British
263 3159 155 25 Government
435 3167 23 18 to
480 3163 105 24 abandon
606 3165 24 23 it.

55 3191 47 25 The
125 3193 96 23 African
242 3193 144 25 Civilization
405 3195 91 32 Society
512 3197 21 22 is
553 3197 80 32 taking

55 3232 112 18 measures
183 3226 36 24 for
371 3227 19 24 a'
395 3229 113 23 sufficient
518 3230 83 31 supply
612 3231 24 23 of

55 3265 65 24 negro
138 3268 95 23 agency,
249 3260 42 24 but
306 3261 18 23 it
335 3262 21 22 is
367 3266 40 18 not
418 3263 107 30 expected
538 3263 48 23 that
597 3264 35 23 the

55 3296 90 28 attempt
164 3298 22 19 to
207 3294 67 30 again
292 3294 84 24 ascend
397 3294 38 24 the
456 3296 59 23 river
538 3297 46 23 will
607 3298 25 23 be

55 3327 100 23 resumed
165 3327 78 24 before
254 3327 57 31 May
323 3336 25 16 or
358 3328 67 24 June.

83 3383 49 24 The
142 3385 136 32 Aboriginal
289 3386 139 24 inhabitants
438 3387 25 24 of
472 3387 58 24 Port
538 3387 94 25 Nichol-

50 3424 41 16 son
101 3425 62 17 seem,
174 3423 23 19 to
215 3420 28 23 be
260 3420 97 31 making
367 3419 64 32 rapid
447 3421 82 23 strides
539 3421 94 24 towards

51 3450 135 25 civilization
198 3453 44 23 and
252 3454 59 30 good
322 3454 85 31 feeling
419 3454 53 23 with
484 3454 39 23 the
534 3454 97 26 settlers.

51 3482 67 32 They
128 3484 65 29 have,
204 3492 33 17 we
254 3486 57 25 have
329 3487 93 32 already
435 3487 139 30 announced,
593 3489 39 23 be-

46 3524 67 15 -come
131 3517 52 31 ship
198 3518 100 25 builders
320 3520 45 24 and
389 3528 98 22 owners;
512 3520 53 32 they
583 3522 50 31 give

51 3549 104 30 splendid
175 3553 192 30 entertainments,
381 3553 57 31 'and,
456 3559 22 19 to
491 3559 40 20 not
549 3563 15 15 a
582 3555 50 30 few,

52 3583 147 31 magnificent
214 3590 110 24 presents.
426 3587 56 25 have
493 3588 52 31 just
555 3596 54 16 seen
619 3597 14 15 a

50 3620 91 26 present
159 3618 120 29 presented
289 3623 23 19 to
325 3619 97 32 Captain
432 3621 104 30 Rhodes,
548 3622 18 23 it
579 3630 53 16 con-

53 3649 53 23 sists
131 3649 24 23 of
177 3650 104 30 upwards
303 3652 23 23 of
350 3658 43 19 two
411 3658 51 20 tons
481 3655 26 24 of
522 3659 109 27 potatoes,

52 3682 98 24 selected
169 3683 45 23 and
231 3687 40 26 put
287 3692 31 23 up
335 3683 56 26 with
407 3686 37 25 the
461 3692 100 27 greatest
572 3696 58 17 care.

51 3714 50 24 The
112 3723 67 16 scene
191 3716 26 23 of
231 3719 154 28 presentation
400 3727 45 16 was
463 3721 71 24 worth
546 3723 85 29 seeing,

52 3748 42 23 and
106 3753 42 26 put
165 3757 29 16 us
211 3749 95 31 forcibly
322 3752 26 22 in
358 3752 63 23 mind
437 3754 24 23 of
477 3755 64 23 those
553 3755 79 31 graffic

51 3779 148 34 descriptions
223 3782 24 24 of
267 3783 86 24 similar
377 3787 113 24 occasions
512 3790 68 29 given
604 3788 30 31 by

52 3813 63 25 Cook
127 3815 45 24 and
183 3816 64 23 other
258 3818 129 25 navigators
397 3819 24 23 in
433 3819 63 24 these
507 3829 58 14 seas.

84 3873 43 24 We
148 3875 140 25 understand
309 3876 49 25 that
376 3886 13 15 a
408 3879 50 29 calf,
472 3882 31 22 10
522 3881 55 31 days
589 3882 43 28 old,

52 3904 40 25 had
109 3907 148 33 disappeared
271 3910 60 24 from
351 3910 37 24 the
398 3911 56 24 herd
470 3913 24 23 of
507 3915 68 23 cattle
593 3915 39 23 be-

52 3936 90 37 longing
153 3946 23 20 to
186 3942 96 32 Captain
293 3943 102 30 Rhodes,
405 3946 42 23 and
457 3954 49 17 now
515 3947 117 32 depastur-

1923 1376 32 20 At
1977 1383 58 14 noon
2056 1383 14 13 a
2088 1376 71 21 salute
2177 1375 57 21 from
2253 1375 38 22 the
2313 1375 95 21 Victoria
2426 1376 57 27 brig,

1895 1403 131 21 announced
2036 1403 46 21 that
2092 1402 38 22 the
2147 1402 83 27 Bishop
2247 1403 44 21 and
2309 1403 57 21 suite
2382 1402 45 23 had
2441 1403 42 22 left

1895 1432 38 19 the
1953 1429 77 27 vessel,
2050 1429 45 21 and
2110 1437 14 14 a
2138 1429 42 22 few
2194 1430 97 21 minutes
2302 1429 132 28 thereafter,-
2444 1430 40 22 the

1895 1457 54 20 boat
1971 1456 83 27 having
2076 1455 34 23 his
2131 1456 99 27 lordship
2246 1463 30 15 on
2298 1456 78 27 board,
2396 1457 89 21 arrived

1895 1483 151 27 immediately
2056 1483 22 21 in
2088 1483 61 21 front
2160 1483 26 21 of
2196 1483 36 21 the
2243 1483 130 27 Exchange,
2383 1483 33 22 Te
2424 1484 55 27 Aro,

1895 1510 73 22 where
1978 1510 17 21 it
2006 1510 42 21 had
2063 1510 58 21 been
2136 1509 106 27 arranged
2256 1510 38 21 the
2309 1510 137 22 inhabitants
2462 1511 25 21 of

1895 1536 137 28 Wellington
2039 1536 78 22 should
2127 1540 60 18 meet
2192 1536 35 22 his
2234 1536 118 28 Lordship,
2364 1540 21 18 to
2393 1540 91 24 present

1896 1572 13 12 a
1915 1564 176 27 congratulatory
2098 1563 90 22 address
2194 1570 28 14 on
2227 1563 35 22 his
2270 1563 81 22 arrival
2358 1563 24 22 in
2390 1564 38 22 the
2436 1563 49 23 first

1896 1590 44 22 and
1947 1590 106 28 principal
2064 1590 126 22 settlement
2199 1590 23 21 in
2232 1589 56 23 New
2298 1590 107 22 Zealand.
2434 1591 50 21 The

1897 1617 43 27 day
1950 1625 42 14 was
2002 1617 127 28 propitious,
2140 1617 45 21 and
2199 1617 37 21 the
2246 1617 95 21 number
2356 1617 25 21 of
2393 1617 92 22 citizens

1896 1644 108 22 collected
2014 1651 127 15 numerous.
2170 1643 47 22 The
2227 1643 94 28 landing
2330 1644 27 22 of
2366 1643 35 22 his
2411 1644 70 22 Lord-

1896 1671 49 27 ship
1961 1671 45 21 and
2023 1670 62 27 suite,
2098 1678 44 14 was
2158 1670 126 22 unmarked
2297 1671 32 27 by
2340 1671 144 22 ostentatious

1897 1697 92 28 display,
2009 1698 40 21 but
2060 1697 37 21 the
2112 1697 99 28 peculiar
2227 1697 94 28 dignity,
2338 1697 45 22 and
2399 1698 84 26 benign

1896 1730 76 21 aspect
1982 1725 24 21 of
2019 1724 36 22 the
2071 1724 91 27 Bishop,
2176 1724 110 22 rendered
2300 1725 63 21 these
2382 1724 103 22 artificial

1896 1755 210 24 accompanyments
2113 1758 156 20 unnecessary.
2297 1751 48 22 The
2353 1751 131 26 impression

1896 1778 65 22 made
1982 1785 27 20 oy
2029 1778 33 21 his
2081 1777 117 28 Lordship,
2219 1785 29 14 on
2265 1778 31 22 all
2315 1778 49 22 who
2382 1778 47 22 had
2444 1778 39 22 the

1896 1805 101 26 pleasure
2016 1805 25 21 of
2061 1805 67 27 being
2145 1809 96 22 present,
2262 1812 45 15 was
2329 1812 42 14 one
2397 1805 26 21 of
2446 1805 39 22 the

1894 1832 90 27 highest
1993 1835 90 24 respect.
2120 1832 67 21 After
2202 1838 14 14 a
2229 1831 57 22 little
2296 1832 55 21 time
2361 1832 120 27 agreeably

1896 1862 65 25 spent
1970 1860 30 26 by
2009 1859 34 21 his
2053 1858 118 28 Lordship,
2187 1859 24 21 in
2225 1859 116 26 receiving
2356 1858 37 22 the
2408 1859 78 27 manly

1895 1885 80 28 pledge
1987 1885 25 22 of
2023 1889 91 24 respect,
2127 1886 25 21 of
2160 1893 13 14 a
2182 1885 78 28 hearty
2268 1885 70 23 shake
2348 1885 25 21 of
2380 1885 37 22 the
2425 1885 61 23 hand

1895 1913 59 22 from
1964 1915 40 19 not
2022 1920 12 14 a
2043 1913 41 21 few
2095 1913 25 21 of
2131 1912 38 22 the
2178 1912 115 22 Colonists.
2331 1912 47 22 The
2394 1913 92 21 address

1898 1948 43 13 was
1950 1940 54 21 read
2015 1939 41 22 and
2065 1939 119 28 presented
2194 1942 22 19 to
2231 1939 36 22 his
2280 1939 110 28 Lordshp,
2404 1939 33 28 by
2451 1940 34 21 M.

1898 1967 104 26 Murphy,
2015 1967 50 26 Esq.

1925 2000 43 22 His
1987 2000 109 27 Lordship
2123 2000 48 21 said
2196 1998 48 23 that
2265 2000 28 21 he
2320 2000 103 22 received
2447 2000 39 22 the

1897 2027 92 22 address
2011 2027 53 21 with
2087 2026 86 22 sincere
2192 2026 45 22 and
2259 2026 106 22 heartfelt
2383 2027 103 27 pleasure

1896 2055 38 20 the
1966 2061 60 14 more
2056 2054 126 27 especially,
2216 2061 24 14 as
2269 2054 19 21 it
2311 2054 116 26 conveyed
2450 2054 36 21 the

1896 2081 127 27 expression
2050 2080 27 22 of
2096 2087 13 14 a
2138 2080 138 28 community
2298 2080 136 28 comprising
2457 2080 29 22 all

1897 2108 86 25 classes,
2009 2107 42 21 and
2074 2108 88 20 various
2181 2107 105 27 religious
2304 2111 65 17 sects.
2407 2108 24 22 It
2449 2115 39 14 ex-

1895 2135 91 27 pressed
1994 2134 38 21 the
2042 2134 46 21 free
2098 2134 45 21 and
2154 2134 81 21 candid
2250 2134 102 27 opinions
2368 2134 25 21 of
2404 2142 14 14 a
2432 2135 53 25 free,

1897 2169 13 13 a
1914 2161 60 27 loyal
1980 2161 43 21 and
2028 2160 103 27 religious
2136 2160 78 28 people
2218 2168 6 20 ;
2233 2161 44 21 and
2284 2160 106 28 although
2397 2160 28 22 he
2430 2162 56 21 from

1896 2188 114 27 principle,
2027 2188 67 21 could
2110 2191 39 18 not
2169 2188 58 20 have
2243 2188 77 27 signed
2336 2188 35 21 the
2387 2188 99 27 address,

1899 2216 26 20 lie
1933 2215 110 24 valued-it
2061 2214 37 21 the
2113 2222 61 14 more
2185 2214 34 22 for
2233 2214 37 22 the
2286 2215 50 21 firm
2356 2215 129 27 expression

1897 2243 26 20 of
1939 2242 136 21 attachment
2089 2245 23 17 to
2128 2242 105 26 religious
2251 2242 107 26 freedom,
2375 2242 75 22 which
2458 2242 30 21 he

1897 2276 24 14 as
1933 2269 36 21 the
1982 2269 80 26 Bishop
2077 2268 25 21 of
2114 2268 55 22 New
2189 2268 106 27 Zealand,
2312 2268 74 22 would
2401 2269 29 21 do
2448 2269 35 21 his

1896 2299 82 19 utmost
1988 2300 21 17 to
2020 2295 83 22 sustain
2109 2295 24 21 in
2147 2295 63 21 these
2224 2295 97 27 regions.
2357 2295 42 22 His
2415 2295 73 23 Lord-

1898 2323 49 26 ship
1967 2327 55 18 next
2041 2322 106 22 adverted
2171 2325 22 18 to
2219 2322 37 22 the
2281 2322 163 27 magnificence
2466 2322 25 22 of

1898 2349 38 22 the
1952 2354 91 22 country
2061 2356 50 14 now
2126 2348 139 28 undergoing
2274 2349 38 21 the
2326 2353 63 23 great
2401 2349 87 28 change

1898 2377 26 21 of
1944 2376 154 24 colonization,
2124 2376 45 21 and
2192 2376 119 22 remarked
2335 2376 55 27 that,
2416 2377 72 21 under

1898 2404 83 22 Divine
2000 2403 36 21 aid
2054 2402 46 22 and
2119 2403 37 21 the
2176 2402 110 22 exertions
2305 2403 28 21 of
2347 2403 37 21 the
2404 2403 85 23 British

1898 2432 85 26 people,
2004 2431 52 21 New
2076 2429 102 22 Zealand
2196 2429 74 23 would
2288 2437 43 14 one
2347 2429 45 28 day
2407 2431 29 21 be
2451 2431 38 21 the

1898 2458 108 26 brightest
2023 2464 51 20 gem
2092 2456 24 22 in
2133 2457 104 21 Britain's
2251 2464 80 19 crown,
2353 2457 41 21 her
2401 2457 90 23 noblest

1899 2485 64 21 effort
1982 2489 22 17 at
2023 2484 153 22 colonization.
2216 2483 45 22 His
2277 2483 112 28 Lordship
2406 2485 80 21 antici-

1900 2512 66 26 pated
1976 2511 43 22 this
2035 2510 171 28 independenly,
2224 2510 25 22 of
2263 2518 46 19 any
2324 2510 133 29 superiority
2467 2512 26 21 of

1898 2538 89 22 climate
1998 2546 24 14 or
2028 2538 47 25 soil,
2088 2539 38 21 but
2132 2537 57 22 from
2196 2537 35 21 the
2241 2540 104 24 prospect
2355 2537 44 22 and
2409 2539 81 26 practi-

1900 2565 89 28 cability
1997 2565 25 21 of
2026 2564 112 28 civilizing
2143 2564 44 22 and
2194 2565 129 27 preserving
2330 2572 29 14 an
2364 2565 126 28 aboriginal

1898 2600 52 14 race
1971 2593 25 21 of
2013 2592 99 22 Natives.
2148 2592 35 27 By
2199 2591 37 21 the
2254 2591 95 22 wisdom
2366 2591 47 23 and
2431 2592 59 22 fore-

1898 2619 96 27 thought
2013 2619 24 21 of
2053 2619 38 21 the
2110 2619 56 21 New
2185 2618 102 22 Zealand
2307 2619 122 28 Company,
2451 2619 39 22 the

1898 2649 85 29 system
1992 2646 25 22 of
2025 2645 81 22 Native
2116 2646 110 22 Reserves
2235 2649 41 18 not
2285 2645 55 28 only
2347 2649 21 17 at
2377 2653 56 15 once
2441 2654 52 19 pro-

1900 2673 66 22 vided
1976 2673 34 22 for
2018 2673 38 21 the
2066 2672 71 28 safety
2152 2672 26 22 of
2185 2672 37 22 the
2236 2680 59 19 race,
2310 2673 42 21 but
2359 2672 54 22 held
2423 2676 39 19 out
2477 2681 13 14 a

1897 2703 105 24 prospect
2011 2701 80 20 almost
2101 2699 130 27 amounting
2244 2703 21 17 to
2275 2699 111 27 certainty
2396 2701 26 21 of
2428 2700 62 22 lead-

1898 2728 40 25 ing
1947 2727 38 21 the
1993 2727 57 21 New
2062 2726 123 22 Zealander
2202 2729 23 19 to
2243 2726 74 27 prefer
2334 2726 37 22 the
2380 2726 111 29 blessings

1899 2753 125 23 connected
2034 2753 51 22 with
2103 2761 13 14 a
2131 2751 104 24 civilized
2250 2753 45 27 life,
2308 2753 46 22 and
2362 2753 30 21 he
2401 2753 46 23 had
2462 2762 29 14 no

1899 2780 72 22 doubt
1978 2781 41 21 hut
2028 2780 37 22 the
2074 2779 96 23 Natives
2175 2807 5 5 >
2185 2779 70 23 would
2267 2788 43 14 one
2324 2780 44 27 day
2377 2780 60 23 bless
2451 2781 39 22 the

1900 2807 73 28 happy
1982 2807 78 28 period
2067 2807 65 21 when
2143 2807 90 22 Britons
2242 2807 48 22 first
2296 2807 81 22 settled
2387 2811 104 24 amongst

1900 2834 68 23 them.
1997 2835 37 21 He
2050 2834 91 22 alluded
2153 2837 22 19 to
2189 2834 38 22 the
2241 2834 88 32 painful
2343 2834 61 22 truth
2415 2835 26 21 of
2451 2836 39 20 the

1900 2861 171 28 disappearance
2082 2861 25 22 of
2114 2861 38 22 the
2163 2861 124 27 aboriginal
2296 2868 63 15 races
2370 2861 58 23 from
2438 2861 52 23 Van

1898 2888 118 22 Diemen's
2027 2887 71 27 Land,
2105 2888 45 22 and
2160 2887 95 28 pledged
2265 2887 92 23 himself
2364 2891 24 19 to
2396 2891 92 25 support

1898 2915 39 21 the
1947 2915 118 32 principles
2079 2915 47 22 laid
2143 2915 65 21 down
2222 2915 31 25 by
2267 2915 38 21 the
2319 2915 56 21 New
2390 2915 102 22 Zealand

1900 2942 115 27 Company
2024 2943 23 21 in
2057 2942 79 26 regard
2145 2944 23 19 to
2177 2941 38 22 the
2225 2941 103 26 Natives,
2345 2948 25 14 so
2379 2941 50 22 that
2438 2942 55 27 they

1899 2969 72 26 might
1988 2969 126 27 ultimately
2124 2969 28 21 be
2171 2967 80 28 placed
2267 2975 29 14 on
2312 2969 40 20 the
2366 2968 87 27 footing
2466 2969 27 22 of

1896 2995 115 22 free-born
2022 2996 95 21 Britons.
2147 2995 42 21 His
2200 2995 109 26 Lordship
2321 2995 126 22 concluded
2457 2995 34 22 his

1898 3023 91 21 address
2008 3023 29 27 by
2055 3021 117 27 returning
2190 3021 91 22 thanks'
2290 3022 36 21 for
2343 3021 36 21 the
2394 3029 97 15 manner

1897 3049 23 21 in
1942 3049 71 22 which
2033 3049 27 21 he
2079 3049 45 21 had
2147 3049 58 21 been
2225 3049 91 21 recived
2335 3055 28 15 on
2383 3048 36 22 his
2441 3049 50 22 first

1898 3077 82 21 arrival
1986 3077 24 21 in
2019 3075 138 28 Wellington.
2179 3075 37 21 He
2224 3075 136 22 announced
2367 3075 36 21 his
2413 3075 78 23 inten-

1898 3103 47 21 tion
1954 3103 26 21 of
1986 3102 130 27 continuing
2131 3102 35 21 his
2180 3102 61 21 visits
2262 3105 22 18 to
2295 3103 38 21 the
2343 3102 90 22 various
2448 3106 44 19 set-

1898 3129 111 26 tlements,
2020 3129 45 21 and
2074 3129 38 22 the
2119 3136 54 19 very
2183 3129 117 26 agreeable
2309 3129 149 22 information
2469 3134 22 18 to

1899 3156 37 22 the
1955 3156 159 27 Episcopalian
2133 3155 94 28 settlers,
2247 3156 50 21 that
2312 3156 58 22 their
2388 3157 100 27 spiritual

1897 3184 104 21 interests
2014 3190 56 14 were
2086 3190 30 14 no
2125 3181 115 29 longerfto
2249 3183 30 21 be
2295 3183 127 27 neglected.
2453 3184 37 22 He

1898 3217 45 14 was
1950 3209 160 28 accompanied
2116 3209 53 22 with
2176 3216 14 14 a
2196 3209 144 28 Gentleman,
2348 3210 48 21 who
2402 3211 29 21 he
2437 3211 54 22 then

1897 3237 142 26 introduced,
2055 3235 46 23 and
2111 3244 29 14 on
2152 3236 73 22 whose
2235 3237 96 22 abilities
2345 3237 44 21 and
2398 3245 92 20 energy,

1898 3263 23 22 in
1947 3263 37 22 the
2014 3263 115 28 discharge
2157 3263 26 22 of
2206 3263 35 22 his
2263 3264 124 27 important
2411 3265 79 26 duties,

1898 3290 28 21 he
1936 3298 45 14 was
1990 3290 74 28 happy
2072 3294 23 17 to
2103 3292 64 24 state,
2179 3290 28 21 he
2215 3291 67 21 could
2291 3291 64 27 place
2363 3291 38 22 the
2408 3294 84 19 utmost

1897 3317 107 22 reliance.
2033 3317 46 24 His,
2088 3317 111 28 Lordship
2209 3317 126 22 concluded
2351 3318 28 27 by
2390 3325 14 14 a
2413 3325 76 20 warm,

1898 3344 46 21 and
1953 3345 84 20 sincere
2046 3351 131 15 assurrance
2187 3344 49 22 that
2244 3345 30 21 he
2284 3345 80 21 should
2375 3352 52 15 ever
2436 3352 54 14 con-

1898 3371 61 22 tinue
1974 3374 23 19 to
2006 3371 72 21 watch
2096 3378 53 15 over
2157 3371 45 22 and
2220 3376 94 23 support
2323 3375 22 18 to
2355 3371 37 22 the
2406 3374 85 19 utmost

1897 3398 26 21 of
1931 3397 33 22 his
1975 3405 71 20 power
2055 3397 38 22 the
2102 3397 103 28 spiritual
2213 3398 112 27 interests,
2343 3398 44 21 and
2395 3398 98 27 general,

1896 3424 90 22 welfare
1996 3425 26 21 of
2029 3424 30 22 all
2068 3424 90 22 classes.

1926 3457 54 29 [We
1991 3458 46 22 fear
2049 3458 35 22 his
2100 3459 130 27 Lordship's
2237 3468 4 4 •
2246 3462 50 24 stay
2305 3459 25 21 in
2343 3458 146 28 Wellington,

1896 3492 53 20 may
1971 3488 41 19 not
2029 3485 29 22 be
2068 3492 14 14 a
2099 3485 124 28 prolonged
2245 3493 50 19 one,
2316 3485 45 22 and
2380 3492 33 14 we
2436 3489 55 18 trust

1897 3512 50 22 that
1961 3512 37 22 the
2016 3515 87 24 greater
2123 3513 44 22 will
2183 3515 26 19 be
2225 3512 38 22 the
2282 3512 75 22 efforts
2376 3512 67 22 made
2463 3516 23 18 to

1896 3539 65 27 place
1980 3546 40 15 our
2038 3539 103 28 Literary
2160 3539 44 23 and
2218 3538 114 23 Scientific
2349 3538 141 23 Institutions

1898 3573 29 14 on
1944 3565 125 28 something
2083 3566 46 22 like
2146 3574 15 14 a
2174 3566 70 22 sound
2261 3565 66 22 basis.
2353 3565 51 23 The
2417 3565 73 28 rising

1896 3593 133 26 generation
2038 3593 18 22 is
2065 3600 129 20 numerous,
2206 3593 67 26 being
2281 3591 68 23 much
2363 3592 125 27 abov.e'the

1898 3619 104 28 ordinary
2010 3621 127 27 proportion
2147 3623 23 19 to
2181 3619 36 23 the
2227 3619 64 21 adult
2298 3618 137 28 population,
2444 3619 46 22 and

1898 3646 30 22 all
1939 3654 37 15 are
1982 3647 122 28 impressed
2110 3647 54 23 with
2169 3647 37 21 the
2213 3646 139 27 importance
2357 3646 27 20 of
2390 3646 87 22 schools
2483 3654 7 19 ;

1899 3673 73 23 which
1981 3674 74 22 unless
2064 3673 100 23 founded
2178 3673 30 27 by
2218 3680 14 14 a
2247 3672 65 22 mind
2321 3672 87 22 trained
2418 3675 23 19 to
2446 3673 43 23 .the

1898 3703 35 19 art
1949 3701 27 21 of
1992 3700 132 28 developing
2143 3700 38 22 the
2199 3699 50 22 best
2266 3699 96 27 feelings
2380 3699 108 24 of.iman.

1898 3734 65 20 years
1974 3727 44 22 will
2031 3734 51 21 pass
2093 3734 29 15 on
2132 3727 46 21 and
2184 3726 72 31 ample
2263 3733 80 15 means
2350 3726 140 27 squandered

1898 3761 70 20 away,
1978 3755 24 21 in
2011 3754 98 22 fruitless
2119 3753 44 22 and
2171 3752 139 27 ill-digested
2319 3752 102 28 efforts.^
