2540 4039
553 38 99 48 Wbt
675 40 120 41 vim
817 39 212 42 Ztmavto
1053 40 191 46 t£*a}ttu
1266 40 93 40 mb
1381 37 302 48 mmingtm
1704 33 258 50 &t*ctetor»

56 130 91 48 FOR
161 129 85 27 SALE,
262 136 29 15 ex
298 129 121 26 Indemnity,
431 127 58 22 from
500 126 99 28 London,
609 128 33 26 by

131 156 36 21 the
178 155 151 27 undersigned
336 165 6 13 :
343 166 29 4 —

83 182 100 28 Salmon,
244 182 15 28 1

84 209 108 27 Turkeys,

84 237 81 28 Fowls,

84 264 84 27 Ducks,

83 290 63 27 Beef,
270 289 38 22 All
325 295 27 15 on
367 287 124 27 Goldney's
505 285 78 28 highly
598 293 44 14 im-

83 318 101 26 Mutton,
252 318 13 25 }•
294 314 82 27 proved
395 312 115 29 principle,
531 310 52 24 with
602 312 39 22 the

84 344 70 21 Mock
167 344 71 26 turtle,
294 339 59 24 Bone
363 341 30 21 in.

84 370 38 22 Ox
130 374 101 23 tongues,

84 396 80 23 Calves
174 397 65 27 head,

84 423 79 22 Calves
171 424 52 26 feet,

84 450 113 21 Lobsters.
241 445 16 30 J

83 476 56 22 Also
149 483 15 14 a
172 477 103 26 quantity
284 476 26 21 of
317 475 66 22 wines
393 474 45 23 and
453 474 72 27 spirits
542 474 24 22 in
578 474 63 21 three

55 502 72 22 dozen
138 509 67 21 cases,
217 502 27 22 of
249 502 101 28 superior
358 501 84 29 quality
442 512 30 4 —

81 528 76 28 Hock,

80 556 152 27 Champagne,

53 581 6 27 I
81 582 46 22 Old
136 586 57 23 port,

82 609 88 27 Sherry,

80 635 121 26 Hollands,

80 662 99 27 Brandy,
264 679 31 4 ...
318 680 4 3 .

80 689 51 22 Eau
142 688 27 22 de
180 688 104 28 Cologne,

81 716 54 21 Iron
150 715 25 22 of
192 715 55 22 sizes
263 715 123 22 calculated
404 715 35 22 for
453 715 99 27 shoeing,
569 713 72 22 round

47 742 52 21 •and
109 749 86 20 square.

315 770 99 21 Simonds
430 768 45 21 and
489 767 124 22 Hoggard.

54 800 186 28 Lambton-quay,
254 800 142 27 Wellington,

121 834 89 27 August
223 836 20 25 8,
256 835 59 20 1842.
625 850 10 6 .

237 878 43 21 Ex

54 909 89 50 FOR
157 909 78 22 SALE
249 909 31 26 by
289 909 38 22 the
336 909 157 27 undersigned,
505 908 37 22 the
557 908 84 22 follow-

125 936 41 27 ing
174 936 98 27 goods-

79 967 73 22 Black
160 971 37 18 tea
205 968 24 21 in
239 970 89 26 quarter
338 967 78 29 chests,

79 994 83 28 Coffee,

80 1022 78 27 Sugar,

77 1048 83 22 'Porter
169 1049 23 21 in
200 1049 133 27 hogsheads,

79 1075 24 21 A
122 1075 99 28 quantity
237 1076 26 21 of
279 1078 66 19 cattle
364 1075 90 27 fittings,
477 1075 119 27 consisting
616 1075 27 21 of

46 1101 92 28 -planks,
150 1102 116 27 scantling,
279 1109 68 20 spars,
355 1103 40 21 &c.

437 1129 24 21 C.
477 1129 33 22 M.
526 1129 84 22 Evans.

81 1155 90 27 August
182 1157 20 25 8,
212 1156 62 21 1842.

230 1201 43 20 Ex
320 1200 141 22 Eleanor/

52 1233 91 49 FOR
157 1233 86 27 SALE,
254 1233 31 27 by
294 1233 38 21 the
342 1233 154 26 undersigned,
556 1233 84 22 follow-

125 1260 40 27 ing
174 1260 73 27 cattle,
258 1259 97 23 selected
364 1260 57 22 from
430 1260 38 21 the
479 1260 55 22 herd
545 1260 26 22 of
576 1260 62 27 Capt.

52 1286 99 27 Rhodes,
172 1290 23 18 at
212 1287 103 26 Broulee,
333 1287 55 21 New
407 1287 70 22 South
493 1287 81 26 Wales,
593 1287 46 22 and

50 1313 84 23 landed
145 1315 53 21 here
207 1314 23 21 in
240 1315 72 26 prime
320 1313 121 28 condition,

78 1343 28 20 28
116 1348 57 14 cows
181 1341 25 21 in
217 1341 50 28 calf,

78 1370 14 20 9
102 1367 108 28 bullocks,

80 1396 26 20 13
117 1399 68 18 steers
195 1395 45 21 and
255 1395 89 26 heifers,
356 1395 102 27 eighteen
469 1395 90 22 months
568 1395 43 22 old.

317 1430 62 19 ALSO,

78 1449 28 21 70
119 1447 59 23 head
188 1449 26 21 of
224 1449 45 21 fine
285 1449 67 21 cattle
367 1449 108 28 expected
489 1451 23 19 to
527 1449 70 22 arrive
615 1449 24 21 in

51 1475 38 21 the
99 1476 100 20 Eleanor.

78 1502 105 28 Wanted,
202 1510 12 14 a
226 1510 81 20 person
322 1506 127 24 competent
460 1506 22 19 to
498 1503 52 22 take
559 1503 80 27 charge

52 1529 25 22 of
84 1537 14 14 a
108 1529 71 22 Cattle
190 1529 92 22 Station.

315 1557 36 22 W.
366 1557 26 22 B.
407 1557 96 22 Rhodes
517 1557 45 22 and
574 1557 36 22 Co.

77 1583 57 27 July
143 1584 33 26 14,
191 1584 60 21 1842.

53 1628 89 36 T^OR
157 1628 85 28 SALE,
254 1628 30 27 by
293 1628 38 22 the
342 1628 175 28 undersigned—
519 1644 4 2 -

80 1682 104 27 Superior
193 1685 51 24 port
254 1682 44 22 and
309 1682 76 28 sherry
394 1683 24 21 in
429 1691 68 19 cases,

79 1709 146 27 Champagne
235 1709 23 22 in
270 1708 63 28 ditto,

78 1736 94 27 Brandy
181 1737 24 20 in
215 1739 91 24 quarter
315 1736 70 28 casks,

79 1762 47 22 Gin
136 1762 24 22 in
170 1762 65 22 hhds.

376 1790 26 22 T.
416 1791 33 21 M.
466 1791 142 22 Partridge.

52 1816 82 22 March
143 1817 35 26 25,
189 1818 62 20 1842.

51 1862 74 49 ON
140 1863 116 22 SALE.—
256 1863 54 21 Best
319 1863 111 22 Hollands
439 1863 23 21 in
472 1863 49 21 half
529 1871 67 14 cases.

374 1891 25 20 T.
414 1890 33 22 M.
467 1891 142 22 Partridge.

77 1916 165 23 Farish-street.

50 1961 89 49 FOR
154 1962 84 27 SALE,
255 1969 29 15 ex
296 1963 63 25 Lady
372 1963 67 26 Leigh
454 1962 46 22 and
517 1962 63 23 other
594 1963 44 22 late

124 1989 92 22 arrivals
223 1997 5 14 :
230 2000 29 5 —

76 2016 100 21 Seconds
185 2016 64 28 flour,

75 2042 75 22 Patna
159 2043 52 27 rice,

77 2069 60 22 Java
146 2070 76 27 coffee,

76 2096 98 22 Manilla
183 2104 73 20 sugar,

76 2124 65 21 Pitch
152 2123 45 22 and
207 2127 41 24 tar,

77 2151 52 21 Coir
138 2157 59 21 ropp,

76 2178 93 26 Brandy
179 2178 23 21 in
212 2178 65 21 wood
285 2178 42 22 and
338 2185 67 20 cases,
418 2185 54 20 very
481 2178 64 27 good,

77 2204 55 22 Best
141 2204 104 22 hollands
254 2205 23 21 in
287 2205 40 21 red
339 2212 66 20 cases,

76 2232 61 21 Rum
147 2232 43 20 and
199 2232 78 21 arrack
287 2232 23 21 in
320 2232 65 22 hhds.

77 2259 45 21 Gin
132 2259 23 20 in
165 2258 64 22 hhds.
241 2259 46 21 and
296 2259 68 27 pipes,

76 2286 56 21 Port
138 2286 45 21 and
192 2286 78 27 sherry
279 2286 23 21 in
313 2286 63 21 hhds.
387 2286 43 21 and
440 2288 90 25 quarter
540 2286 68 26 casks,

76 2313 59 26 Port,
154 2313 82 26 sherry,
255 2313 44 21 and
315 2313 108 26 Madiera,
439 2312 138 23 Rutherford
594 2312 45 22 and

49 2339 95 28 Drury's
153 2339 75 28 brand,

77 2367 144 27 Champagne
230 2366 24 22 in
266 2374 68 19 cases,

76 2393 93 22 Powder
178 2394 22 21 in
212 2395 26 20 25
246 2394 29 22 lb.
288 2395 71 25 casks,

77 2421 92 21 Several
179 2420 202 22 double-barrelled
391 2428 63 20 guns,

75 2448 93 22 Timber
178 2447 94 23 suitable
282 2448 35 21 for
327 2447 29 23 all
366 2448 100 27 building
475 2455 112 21 purposes.

371 2482 83 22 Waitt
469 2482 44 22 and
525 2482 84 23 Tyser.

76 2517 144 26 Wellington,
231 2517 56 26 July
297 2518 33 25 12,
342 2517 59 21 1842.

280 2562 42 19 On
342 2562 69 25 Sale,

51 2595 93 34 rpHE
159 2595 76 22 BEST
249 2595 77 22 CASE
342 2595 64 27 GIN,
421 2595 25 21 in
456 2602 61 16 cases
530 2595 46 23 and
592 2596 50 22 half

58 2618 29 26 A.
127 2629 67 15 cases.

368 2649 83 23 Waitt
466 2649 47 23 and
526 2650 83 23 Tyser.

79 2676 60 22 June
148 2678 35 25 24,
195 2677 61 21 1842.

233 2722 69 21 Seed
311 2722 140 21 Potatoes.

52 2755 94 49 ONE
156 2755 63 22 TON
227 2755 26 22 of
259 2755 39 22 the
306 2756 51 22 best
363 2755 105 23 Derwent
476 2759 107 25 potatoes,
592 2757 48 27 just

129 2782 104 22 received
244 2783 30 27 by
284 2782 38 22 the
336 2783 115 28 Exporter,
467 2784 59 22 from
541 2784 96 28 Sydney,

76 2809 46 22 For
132 2809 46 22 sale
188 2810 31 26 by

378 2837 82 23 Waitt
471 2837 46 23 and
526 2838 84 22 Tv'ser.

77 2869 146 28 Wellington,
235 2870 56 28 July
299 2872 35 26 22,
346 2872 60 21 1842.

208 2915 92 27 Maps,
310 2916 106 25 Charts,
426 2917 55 25 &c,

52 2948 93 34 rjIHE
161 2948 152 28 undersigned
327 2948 41 23 has
380 2950 48 27 just
444 2950 103 22 received
564 2958 13 14 a
587 2958 52 15 con-

59 2971 28 26 JL
127 2976 113 27 signment
259 2976 27 21 of
301 2983 63 21 maps
383 2976 45 22 and
447 2977 74 22 charts
539 2978 58 21 from
616 2978 23 21 J.

51 3001 94 30 Wyld's,
170 3003 97 27 Charing
291 3003 71 27 Cross,
388 3004 144 28 Geographer
556 3008 23 18 to
602 3004 38 23 the

52 3029 87 27 Queen,
150 3030 47 22 viz:
199 3041 29 4 —

79 3056 73 28 Large
163 3060 43 19 two
216 3057 63 22 sheet
289 3064 52 21 map
352 3057 26 22 of
383 3057 56 22 New
448 3057 109 29 Zealand,

79 3083 50 22 One
141 3083 63 23 sheet
213 3091 52 21 map
275 3084 26 21 of
307 3084 57 22 New
374 3084 106 28 Zealand,

80 3110 106 23 Chaffers'
204 3111 64 22 chart
283 3111 26 22 of
325 3111 79 22 Cook's
424 3112 86 27 Straits,
527 3112 56 22 with
601 3112 38 23 the

51 3136 69 22 latest
128 3136 118 28 additions,

80 3163 108 22 Chaffers'
197 3164 65 22 chart
271 3164 25 22 of
302 3164 55 24 Eort
366 3165 130 28 Nicholson,

80 3190 134 23 Mercator's
224 3191 63 22 chart
296 3192 26 21 of
333 3191 38 23 the
381 3192 76 28 world,
468 3194 42 21 &c.
522 3194 39 21 &c.
573 3194 38 22 &c.

411 3226 113 23 William
538 3227 72 22 Lyon.

52 3258 86 21 Corner
148 3257 25 22 of
180 3257 152 24 Willis-street
341 3259 44 22 and
395 3260 191 29 Lambton-quay.

225 3291 58 23 June
293 3294 33 25 21,
338 3295 61 21 1842.

52 3336 70 49 ON
141 3336 85 27 SALE,
240 3336 32 29 by
280 3336 39 22 the
328 3338 179 28 undersigned-

130 3363 62 22 Mess
201 3363 57 27 pork
266 3362 26 23 in
303 3364 92 23 barrels.

406 3400 22 22 J.
439 3401 34 22 M.
484 3401 103 22 Taylor.

79 3425 55 27 July
145 3425 33 26 19,
190 3425 61 21 1842.

104 3470 56 21 For
178 3470 60 21 Sale
259 3471 30 20 at
310 3470 46 21 the
380 3471 105 22 Nelson
504 3474 83 22 Dairy

335 3498 29 21 at

233 3523 106 22 Kelson
354 3524 102 22 Haven.

54 3562 67 27 QA
136 3557 42 25 £°
179 3557 45 23 ws
238 3557 37 25 IN
291 3557 80 23 CALF
371 3573 5 12 >

50 3582 71 30 OU
151 3587 28 19 30
188 3585 84 24 heifers
280 3584 24 22 in
313 3585 52 27 calf,

111 3630 6 5 .
151 3613 28 21 50
188 3619 77 20 young
274 3611 90 28 heifers,

79 3640 13 20 4
104 3634 118 26 half-bred
230 3638 104 24 Durham
346 3638 65 28 bulls,

78 3667 24 20 11
113 3669 77 24 steers,

105 3694 14 20 6
129 3693 101 26 working
238 3692 111 28 bullocks,

103 3721 16 20 4
128 3719 64 23 stock
199 3719 85 28 horses,

105 3748 41 20 100
155 3753 65 20 ewes,

103 3774 29 22 50
141 3773 104 27 wethers,

77 3800 48 23 The
140 3800 72 22 above
225 3807 39 15 are
277 3800 59 23 from
351 3800 41 23 Dr.
403 3800 94 28 Imlay's
513 3801 126 24 celebrated

50 3827 62 22 stock
122 3829 24 19 at
155 3827 101 23 Twofold
268 3827 57 27 Bay.
353 3827 49 23 The
411 3829 68 23 cattle
494 3836 39 15 are
540 3829 40 22 the
591 3830 49 23 best

50 3853 62 28 bred,
122 3853 59 23 have
191 3855 60 21 been
259 3853 86 24 landed
353 3854 24 22 in
389 3855 38 22 the
437 3855 68 22 finest
515 3855 70 28 order,
596 3857 43 22 and

51 3880 59 22 form
119 3880 39 22 the
171 3881 51 22 best
230 3881 107 23 selection
345 3882 26 21 of
376 3889 43 21 any
425 3881 33 22 lot
465 3885 40 25 yet
513 3882 96 29 brought
617 3888 22 19 to

52 3905 56 25 New
118 3907 108 23 Zealand.
256 3908 45 22 For
306 3908 137 29 particulars,
454 3909 66 28 apply
530 3913 22 20 to

242 3942 23 21 S.
281 3941 101 28 Revans,
399 3942 141 29 Wellington,
553 3951 25 15 or

239 3968 34 22 D.
282 3968 145 28 Drvumond,
439 3970 87 22 Nelson
536 3971 87 25 Haven.

1282 124 195 49 JSUTTON
1498 124 20 22 is
1536 131 52 15 now
1611 123 106 28 prepared
1736 127 23 18 to
1778 123 86 27 supply,

1321 162 11 12 •
1361 151 122 27 wholesale,
1493 151 37 22 the
1543 151 122 27 profession
1677 150 25 22 of
1709 150 54 22 Port
1772 149 93 23 Nichol-

1282 185 47 19 son,
1338 177 92 28 Nelson,
1448 177 127 27 Auckland,
1590 177 46 22 and
1654 177 39 22 the
1711 177 64 21 other
1790 176 76 22 settle-

1282 208 72 18 ments
1364 205 26 21 of
1403 205 55 22 New
1470 203 106 28 Zealand,
1587 204 53 22 with
1653 203 73 28 drugs,
1739 203 125 26 chemicals,

1282 231 73 27 stop'd
1369 231 86 27 bottles,
1470 233 54 26 pots,
1542 231 41 21 &c.
1598 230 47 27 &c,
1662 229 45 23 and
1724 236 61 21 upon
1803 236 62 15 more

1283 257 161 27 advantageous
1452 260 67 19 terms
1529 257 55 21 than
1594 257 38 21 the
1642 257 91 27 Sydney
1742 256 105 22 markets.

1309 290 21 19 A
1338 291 123 25 respectable
1467 290 65 25 youth
1541 290 83 20 wanted
1632 295 24 14 as
1665 295 28 14 an
1701 289 137 26 Apprentice.

1283 323 98 22 Medical
1390 323 60 27 Hall,
1462 323 141 27 Wellington,
1612 323 59 21 June
1681 324 34 25 10,
1726 323 62 21 1842.
1816 323 3 11 '

1284 367 91 32 rpHE
1395 367 151 22 PREMISES
1565 367 71 27 lately
1649 365 108 27 occupied
1776 366 30 27 by
1825 365 40 22 Dr.

1290 389 31 26 JL
1359 393 91 27 Gilbert,
1462 397 22 18 at
1493 394 38 21 the
1542 401 78 14 corner
1629 394 26 21 of
1662 393 151 22 Willis-street
1822 393 44 21 and

1284 420 37 21 the
1330 420 78 27 beach,
1419 420 43 22 will
1476 421 28 20 be
1519 420 88 28 shortly,
1615 419 86 29 opened
1716 419 54 22 with
1779 426 13 14 a
1804 419 63 21 stock

1286 447 23 21 if
1321 447 93 26 genuine
1429 447 65 27 drugs
1509 447 47 22 and
1570 447 108 22 chemical
1693 447 59 21 from
1766 445 101 28 Apothe-

1283 474 69 21 caries
1362 473 63 27 Hall,'
1435 474 101 21 London.
1563 498 3 6 t
1569 476 4 5 '
1583 473 25 23 ",'

1310 500 37 21 An
1368 500 145 27 experienced
1528 500 112 22 Assistant
1654 500 96 27 wanted,
1768 499 68 28 apply
1844 502 23 18 to

1284 526 22 22 J.
1317 527 87 26 Sutton,
1416 527 96 22 Medical
1521 527 73 22 Hall.'
1605 540 3 3 •

1312 559 59 22 June
1380 561 33 26 10,
1424 561 60 21 1842.

1371 605 171 21 Dissolution
1558 605 31 21 of
1601 605 184 26 Partnership.

1284 638 153 49 NOTICE.
1439 650 26 4 —
1465 638 48 22 The
1522 639 102 22 business
1632 638 98 23 hitherto
1742 638 88 22 carried
1839 645 28 15 on

1364 665 73 22 under
1446 666 36 21 the
1497 665 50 22 firm
1563 666 26 21 of
1606 666 52 27 Hay
1674 666 45 21 and
1733 664 133 28 Machattie,

1284 692 128 21 Merchants
1422 692 42 23 and
1474 692 146 22 Commission
1629 692 94 28 Agents,
1741 692 74 22 is~*this
1825 692 42 26 day

1285 718 111 23 dissolved
1404 718 31 28 by
1449 718 86 23 mutual
1551 723 99 23 consent,
1671 719 45 22 and
1730 718 31 23 all
1776 725 92 21 persons

1283 745 107 22 indebted
1399 748 23 19 to
1431 746 53 26 Hay
1493 745 47 22 and
1549 746 132 26 Machattie,
1697 753 37 14 are
1749 746 120 26 requested

1284 775 22 18 to
1315 779 43 19 pay
1368 772 36 22 the
1414 780 60 14 same
1483 775 24 19 to
1517 772 45 23 Mr.
1573 773 27 22 T.
1618 772 32 22 M.
1670 772 131 27 Machattie,
1818 772 49 22 who

1284 798 45 23 will
1339 799 114 28 discharge
1463 799 30 22 all
1503 799 78 22 claims
1591 799 88 27 against
1689 800 37 21 the
1737 798 50 23 said
1796 799 59 21 firm.

1607 832 36 22 W.
1655 832 62 22 Hay.

1608 859 27 23 T'
1645 859 34 23 M.
1690 859 151 23 Machattie.

1311 886 96 22 Witness
1408 897 26 5 —
1434 887 75 22 James
1518 886 80 23 Smith.

1310 913 74 22 Dated
1394 917 23 18 at
1426 914 143 27 Wellington,
1581 914 89 26 August
1679 915 19 24 9,
1710 914 56 21 1842

1283 958 177 50 BROTHER
1474 958 176 27 COLONISTS,
1667 958 38 22 the
1721 958 54 22 time
1786 958 84 27 having

1359 986 86 21 arrived
1458 986 64 21 when
1538 993 46 19 you
1594 992 37 15 are
1644 985 85 27 shortly
1738 989 23 18 to
1771 985 29 22 be
1810 991 60 16 sum-

1283 1012 83 22 moned
1380 1015 23 18 to
1419 1012 50 21 take
1482 1012 39 21 the
1537 1013 49 21 first
1602 1015 47 24 step
1663 1012 94 22 towards
1773 1012 97 27 framing

1283 1045 41 15 our
1333 1038 56 23 local
1396 1038 146 28 jurisdiction,
1555 1039 12 22 I
1577 1038 52 23 take
1639 1039 44 22 this
1693 1039 145 27 opportunity
1848 1039 25 21 of

1282 1066 143 26 respectfully
1429 1066 144 27 announcing
1582 1073 38 20 my
1627 1066 108 22 intention
1744 1066 26 22 of
1778 1065 92 28 offering

1397 1092 81 27 myself
1484 1099 24 15 as
1517 1101 14 14 a
1542 1093 123 22 Candidate
1675 1094 34 21 for
1718 1093 38 22 the

1326 1125 136 23 OFFICE
1486 1126 44 22 OF
1554 1125 113 23 TOWN
1691 1126 137 26 CLERK,

1284 1152 46 22 and
1339 1156 22 18 to
1376 1160 39 19 say
1426 1153 11 21 I
1453 1152 56 22 shall
1521 1153 59 21 avail
1595 1153 83 26 myself
1691 1153 25 21 of
1729 1153 39 21 the
1784 1153 86 21 earliest

1284 1179 141 28 opportunity
1442 1179 25 22 of
1486 1180 127 27 personally
1636 1179 91 27 waiting
1747 1187 61 20 upon
1833 1179 37 22 the

1284 1206 67 22 Town
1362 1207 98 26 Council,
1470 1210 21 18 to
1501 1207 72 21 solicit
1582 1206 59 22 their
1646 1210 62 18 votes
1719 1206 43 22 and
1771 1207 98 21 interest.

1481 1241 28 22 In
1521 1240 36 23 the
1568 1247 66 16 mean
1646 1241 60 26 time,

1526 1267 12 22 I
1548 1268 95 26 remain,

1378 1294 61 22 Your
1444 1301 52 21 very
1503 1294 91 22 faithful
1603 1295 45 21 and
1654 1294 106 22 obedient
1769 1294 100 26 Servant,

1636 1327 97 21 George
1749 1326 94 22 White.

1311 1360 85 27 Petoni,
1409 1360 107 28 Monday,
1527 1361 91 27 August
1627 1362 19 25 8,
1659 1361 60 21 1840.

1287 1405 178 48 WANTED,
1482 1413 13 14 a
1510 1405 79 28 steady
1603 1405 153 26 middle-aged
1775 1404 95 22 Woman

1380 1439 23 14 as
1413 1436 86 18 servant
1509 1433 26 21 of
1542 1432 102 22 all-work
1653 1433 23 21 in
1686 1439 12 14 a
1709 1431 64 22 small
1783 1431 86 27 family.

1284 1458 73 28 Apply
1368 1462 22 18 to
1401 1459 63 27 A.8.,
1476 1462 22 19 at
1508 1460 37 21 the
1558 1461 87 19 Gazette
1655 1459 78 22 Office.

1312 1492 87 26 August
1407 1493 20 25 4,
1438 1493 59 20 1842.

1468 1543 114 20 Gazette
1597 1542 89 20 Office.

1284 1576 198 22 STATIONERY
1496 1575 197 23 WHOLESALE
1708 1576 20 21 &
1744 1574 126 23 RETAIL.

1282 1611 89 49 WE
1395 1611 42 27 beg
1458 1614 23 18 to
1504 1617 117 16 announce
1639 1610 38 21 the
1699 1610 89 26 arrival,
1811 1609 60 21 from

1379 1637 109 28 England,
1500 1638 24 21 of
1533 1638 37 21 the
1586 1638 48 21 first
1644 1640 49 24 part
1702 1637 24 20 of
1736 1644 42 13 our
1794 1640 78 17 exten-

1283 1664 46 22 sive
1340 1664 73 23 orders
1422 1665 24 21 in
1456 1664 42 22 this
1508 1664 143 27 department
1661 1663 25 22 of
1694 1663 107 22 business.
1825 1663 47 21 Our

1284 1691 63 22 stock
1356 1692 90 26 already
1456 1692 91 21 consists
1564 1692 25 21 of
1601 1698 66 19 every
1677 1691 76 20 article
1768 1689 104 28 required

1282 1718 36 22 for
1333 1718 96 27 Schools,
1446 1718 80 27 Banks,
1543 1718 87 26 Courts,
1648 1718 54 21 Law
1718 1717 89 24 Offices,
1827 1716 45 22 and

1284 1745 89 27 Artists,
1384 1746 39 21 &c.
1433 1753 5 19 ;
1454 1745 72 22 whilst
1535 1745 38 22 the
1590 1744 139 23 ornamental
1740 1744 45 21 and
1801 1744 71 21 draw-

1284 1772 38 26 ing
1334 1779 61 15 room
1413 1772 119 28 stationery
1549 1772 39 21 has
1603 1776 41 17 not
1655 1772 59 21 been
1730 1770 141 22 overlooked.

1284 1799 47 22 The
1343 1799 124 22 difficulties
1477 1799 116 27 attending
1602 1798 38 21 the
1649 1798 49 22 first
1705 1797 168 22 establishment

1284 1826 81 28 having
1376 1827 56 20 been
1448 1833 121 20 overcome,
1582 1825 46 22 and
1637 1832 67 20 every
1720 1824 81 22 arrival
1816 1825 56 21 from

1284 1854 105 26 England
1408 1853 81 27 adding
1505 1853 60 22 fresh
1581 1852 111 22 additions
1707 1855 23 18 to
1746 1858 40 15 our
1801 1851 69 27 stock,

1285 1880 44 21 will
1347 1880 76 21 enable
1438 1887 25 15 us
1473 1884 22 17 to
1512 1880 81 21 reduce
1612 1886 39 15 our
1666 1879 93 27 charges
1769 1885 30 15 on
1814 1882 58 18 most

1284 1907 87 22 articles
1382 1911 23 18 at
1413 1907 56 22 least
1477 1908 27 21 50
1512 1914 40 20 per
1562 1910 59 18 cent.

1297 1947 3 4 ■
1312 1942 153 27 Storekeepers
1483 1941 43 22 and
1545 1941 118 21 wholesale
1683 1940 85 22 dealers
1788 1948 42 14 can
1844 1941 28 21 be

1284 1969 101 27 supplied
1401 1972 22 18 to
1438 1976 43 19 any
1491 1971 84 24 extent,
1594 1968 43 22 and
1653 1975 30 14 on
1700 1972 67 17 terms
1784 1968 88 27 equally

1285 1996 163 26 advantageous
1458 1999 21 17 to
1490 2002 43 20 any
1542 1995 106 21 obtained
1656 1995 24 21 in
1692 1995 97 26 Sydney,

1312 2028 94 26 Writing
1415 2035 72 20 papei,

1312 2054 111 28 Imperial,

1312 2081 78 27 Royal,

1312 2108 113 27 Foolscap,
1437 2108 87 22 various
1533 2108 110 27 qualities,

1313 2135 70 27 Large
1392 2135 60 22 thick
1461 2139 55 23 post,
1528 2142 62 15 wove
1602 2135 46 22 and
1656 2134 53 27 laid,

1312 2162 57 21 Thin
1378 2165 56 25 post,
1445 2162 62 27 ditto,

1313 2189 55 29 Fii\e
1378 2190 53 20 bath
1441 2192 55 24 post,
1507 2188 47 28 gilt.

1312 2215 89 23 Double
1417 2216 108 28 elephant,
1543 2216 149 28 antiquarian,
1708 2216 108 28 imperial,
1828 2215 45 22 and

1284 2243 65 27 royal
1358 2243 97 27 drawing
1462 2251 74 19 paper,

1315 2270 89 27 Oblong
1415 2270 88 26 clasped
1512 2270 170 22 memorandum
1691 2270 78 27 books,

1312 2297 86 22 French
1408 2296 83 28 tracing
1501 2304 74 20 paper,

1313 2324 88 22 Ladies'
1411 2324 43 22 and
1463 2324 148 27 gentlemen's
1622 2324 53 22 card
1684 2331 68 20 cases,

1313 2350 63 23 Ditto
1445 2351 34 21 do.
1536 2351 73 22 tinted
1620 2351 45 22 and
1676 2351 118 22 embossed
1800 2350 71 28 cards,

1313 2378 93 28 Sponge,
1418 2377 76 23 wafers
1503 2378 23 21 in
1535 2379 14 20 2
1559 2385 34 14 oz.
1604 2378 75 26 boxes,

1312 2405 69 21 Black
1397 2405 54 27 edge
1470 2405 45 21 and
1533 2405 118 27 bordered,
1670 2406 65 20 letter
1755 2404 46 22 and
1819 2408 53 18 note

1284 2439 75 20 paper.

1310 2458 93 22 Invoice
1413 2458 74 28 books,
1498 2458 52 23 with
1561 2459 100 27 indexes,
1672 2459 90 21 various
1771 2459 65 27 sizes,

1312 2486 57 21 Cash
1375 2486 78 27 books,
1463 2486 64 22 ruled
1536 2486 90 27 double,
1637 2486 88 22 various
1735 2487 64 26 sizes,

1312 2512 130 28 Envelopes,

1312 2540 86 21 Pewter
1403 2540 121 27 inkstands,

1312 2566 80 27 Ebony
1400 2566 122 27 inkstands,
1533 2566 54 22 with
1597 2566 101 27 drawers,

1312 2593 73 22 Broad
1397 2593 42 22 and
1449 2600 84 15 narrow
1543 2600 69 20 green
1622 2593 41 22 silk
1674 2593 87 28 ribbon,

1313 2620 63 22 Brief
1383 2620 45 22 and
1438 2620 56 22 deed
1502 2628 75 20 paper,

1312 2647 74 22 Ruled
1395 2654 67 21 paper
1471 2647 33 21 for
1514 2647 40 22 bill
1562 2647 77 26 heads,

1312 2674 73 27 Royal
1395 2668 72 33 liand,
1481 2673 79 23 double
1579 2674 62 22 hand
1655 2674 84 27 brown,
1757 2674 46 22 and
1810 2674 62 27 royal

1284 2702 76 22 brown
1370 2701 113 28 wrapping
1491 2708 74 21 paper,

1315 2728 99 27 Ledgers
1423 2727 44 23 and
1476 2731 96 19 account
1580 2727 78 28 books,
1668 2727 89 23 various
1767 2728 63 27 sizes,

1314 2755 83 22 Pocket
1405 2755 86 28 ledgers
1500 2755 45 22 and
1553 2755 172 21 memorandum
1734 2755 77 26 books,

1313 2781 120 28 Engraved
1442 2789 54 20 copy
1504 2783 53 27 slips
1566 2781 47 23 and
1623 2781 77 26 books,

1313 2809 53 22 Best
1375 2809 78 21 Welch
1463 2811 72 25 slates,
1545 2809 63 28 large
1616 2809 43 21 and
1668 2808 72 28 small,

1314 2836 73 21 Blank
1397 2836 68 22 music
1475 2836 76 27 books,

1313 2863 103 27 Message
1426 2863 70 27 cards,

1314 2889 109 23 Coloured
1434 2897 84 21 papers,

1314 2917 70 27 Sugar
1393 2924 84 21 papers,

1315 2943 20 22 Is
1340 2947 33 18 ote
1383 2951 86 20 papers.

1314 2970 93 28 Playing
1417 2970 67 29 cards,
1496 2971 105 23 coloured
1611 2971 44 22 and
1662 2971 53 28 gold
1723 2971 75 28 backs,

1313 2998 61 27 Copy
1383 2998 77 27 books,

1313 3024 70 22 Black
1393 3025 50 22 lead
1451 3025 89 28 pencils,

1314 3051 64 23 India
1387 3052 87 27 rubber,
1486 3052 70 22 bottle
1566 3053 45 21 and
1624 3055 85 25 patent,

1314 3079 68 28 Ivory
1391 3079 81 22 folders
1481 3079 46 22 and
1535 3079 88 28 knives,

1314 3105 48 23 Pen
1372 3106 84 27 knives,

1314 3132 87 27 Rulers,
1411 3133 167 27 pocketbooks,

1314 3159 75 22 Blank
1397 3160 51 21 bills
1458 3160 24 21 of
1489 3160 124 27 exchange,

1314 3186 77 23 Letter
1400 3187 44 21 and
1454 3186 39 22 bill
1503 3187 56 26 files,

1315 3213 44 22 Ink
1368 3213 43 22 and
1420 3213 39 22 ink
1467 3213 106 28 powders,

1314 3240 76 22 Bibles
1399 3241 44 21 and
1452 3243 135 24 testaments,

1314 3267 99 27 Spelling
1422 3267 73 27 books,
1506 3267 95 28 various,

1314 3294 102 27 Primers,

1315 3321 125 22 Children's
1448 3321 70 22 books
1527 3321 24 22 in
1561 3323 65 25 great
1634 3321 93 28 variety,

1314 3348 75 22 Blank
1399 3348 169 22 Custom-house
1582 3349 78 26 forms,
1676 3348 37 22 for
1728 3348 146 27 auctioneers,

1288 3375 47 22 and
1343 3375 28 22 all
1381 3375 39 22 the
1437 3375 62 22 other
1509 3375 173 22 Custom-house
1691 3375 68 22 forms
1770 3375 34 23 for

1288 3403 84 22 chants.

1317 3429 113 22 Seamen's
1439 3428 98 23 advance
1547 3432 74 19 notes.

1317 3455 123 23 Seamen's.
1442 3456 86 22 articles
1537 3456 26 21 of
1571 3459 138 25 agreement.

1314 3482 139 28 Log-books.

1316 3510 74 22 Blank
1399 3510 66 26 writs,

1315 3536 147 23 Parchments
1463 3543 4 9 1
1470 3535 35 24 for
1531 3535 77 24 deeds.

1310 3564 87 24 .Quills.
1419 3580 2 5 ,

1312 3590 63 25 ,Ever
1384 3589 90 29 pointed
1483 3589 73 29 pencil
1566 3597 63 16 cases
1637 3590 24 23 in
1669 3591 99 27 superior
1778 3591 99 25 German

1291 3614 77 27 Silver^
1548 3616 4 4 '
1881 3618 1 9 '

1317 3644 91 23 Lucifer
1416 3644 74 22 boxes.

1317 3672 78 21 Wafer
1403 3674 88 25 stamps.

1409 3716 63 22 This
1486 3716 59 27 Day
1559 3716 25 21 is
1602 3717 158 28 Published,

1508 3750 63 28 (Post
1586 3750 74 28 folio,)

1461 3785 65 21 Price
1541 3786 44 20 Ten
1599 3785 110 27 Shillings,

1293 3812 90 50 THE
1398 3811 140 24 MINUTES
1555 3812 27 22 of
1592 3813 39 21 the
1646 3813 144 28 proceedings
1806 3812 26 22 of
1843 3811 38 23 the

1385 3839 134 28 Legislative
1540 3839 96 23 Council
1653 3840 26 22 of
1700 3839 57 24 New
1781 3839 102 23 Zealand

1282 3872 2 12 i
1292 3867 83 28 during
1389 3867 39 21 the
1442 3866 43 23 last
1499 3867 96 27 Session,
1606 3867 132 27 containing
1749 3866 39 24 the
1799 3867 83 27 Corpo-

1291 3893 73 23 ration
1374 3893 45 23 Bill
1428 3893 35 23 for
1472 3893 148 28 Wellington.

1313 3921 39 26 .As
1369 3921 53 28 only
1432 3928 13 15 a
1460 3920 86 23 limited
1564 3921 96 22 number
1674 3921 21 22 is
1710 3921 98 28 printed,
1821 3921 62 28 early

1292 3947 136 28 application'
1435 3949 19 22 is
1462 3955 117 21 necessary
1591 3951 24 19 to
1625 3948 39 22 the

1611 3982 110 22 Gazbtte
1759 3982 96 22 Office.

661 120 2 27 !
844 123 108 21 Heifers
965 123 30 21 in
1009 123 68 22 Calf.

668 157 91 23 TTT'OR
773 156 85 27 SALE,
868 156 70 22 about
952 157 27 22 50
988 156 101 28 superior
1096 156 58 22 bred
1164 155 88 27 heifers,

670 178 31 27 J.
729 186 58 19 most
803 184 26 21 of
840 186 61 19 them
915 183 74 27 heavy
1002 182 24 23 in
1043 182 52 28 calf,
1112 182 45 22 and
1171 182 84 26 having

670 210 57 22 been
747 217 59 15 some
823 210 52 21 time
890 210 24 21 in
927 209 39 22 the
985 210 92 26 Colony,
1095 212 40 18 not
1147 209 67 22 liable
1230 212 24 17 to

669 236 67 23 suffer
745 237 56 22 from
810 236 39 22 the
859 236 74 22 effects
943 235 26 22 of
980 236 38 21 the
1034 236 63 21 Toot.
1124 236 49 21 The
1184 235 70 22 above

670 263 66 22 cattle
752 270 43 15 can
808 262 30 22 be
854 262 100 27 strongly
965 262 181 27 recommended,
1164 269 23 14 as
1200 261 55 27 they

670 289 57 22 have
742 290 57 22 been
815 288 97 23 selected
926 289 59 22 from
1001 288 37 22 the
1054 295 120 15 numerous
1188 287 67 23 cattle

670 316 59 27 ships
737 315 72 24 which
818 315 58 22 have
893 315 87 22 arrived
993 315 60 22 here.
1083 314 76 28 Apply
1173 318 21 18 to
1208 314 45 22 Mr.

670 342 96 28 Revans,
779 344 87 19 Gazette
875 342 70 26 office,
957 349 24 14 or
990 345 23 18 to
1024 342 44 21 Mr.
1080 337 85 31 Hutke,
1173 341 81 22 Evans'

670 370 56 27 Bay-
1067 386 3 6 •
1181 367 54 35 '&?,

698 402 61 27 Also,
768 401 63 23 three
841 401 116 23 well-bred
964 408 74 16 mares
1042 401 26 22 in
1077 401 53 28 foal,
1141 405 23 18 to
1173 401 81 28 impor-

671 429 37 22 ted
718 429 81 22 horses.
1201 441 5 4 -

670 473 64 26 Ship
750 473 84 21 Hotel
848 474 22 20 &
884 473 115 25 Tavern,
1014 473 131 21 Manners
1159 473 96 24 Street,

818 506 43 22 BY
875 506 86 22 JOHN
974 505 132 27 FULLER,

661 530 2 28 |
670 541 79 19 WINES,
761 541 95 19 SPIRITS,
868 540 47 14 AND
924 540 63 14 MALT
997 540 98 16 LIQUORS
1105 539 28 15 OF
1143 539 113 15 SUPERIOR

908 566 108 16 QUALITY.

742 586 156 22 Commodious
907 593 75 15 rooms
992 586 52 21 with
1053 584 58 28 good
1119 585 63 23 beds.

698 614 92 21 Dinners
807 615 38 25 got
865 614 63 26 ready
948 619 26 14 on
994 613 36 20 the
1041 614 93 19 shortest
1152 614 75 20 notice.

661 641 2 30 j
751 648 30 14 AN
792 647 120 15 ORDINARY
922 647 70 15 DAILY
1002 647 29 14 AT
1041 641 13 20 2
1072 640 103 22 O'CLOCK.

684 686 155 20 Brown's
868 685 227 21 Commercial
1128 685 113 25 Hotel,

755 719 108 15 LAMBTON
879 719 67 19 QUAY,
962 718 59 15 PORT
1035 718 137 15 NICHOLSON.

672 739 90 49 THE
786 737 134 28 Proprietor,
939 739 24 20 in
983 738 118 27 returning
1119 737 33 22 his
1171 738 85 22 sincere

717 765 9 7 '
744 765 83 22 thanks
837 768 22 18 to
870 764 33 22 his
913 764 83 22 friends
1010 764 34 22 for
1056 765 39 21 the
1105 764 78 22 liberal
1190 765 65 21 share

671 793 26 21 of
701 795 119 25 patronage
831 791 112 23 bestowed
954 798 28 14 on
990 791 53 28 him,
1049 791 57 26 begs
1112 794 22 18 to
1141 798 114 15 announce

670 819 49 21 that
729 819 32 21 his
766 817 158 24 .commodious
933 818 107 27 premises
1049 825 38 15 are
1095 824 49 16 now
1153 818 100 27 finished,

670 845 53 23 with
732 845 58 28 good
806 845 189 22 accommodation
1008 845 34 21 for
1051 845 140 22 commercial
1202 852 54 20 gen-

838 872 83 22 tlemen
931 872 44 21 and
985 871 103 23 families.

682 918 3 3 .
710 901 73 26 Wines,
794 900 59 25 Ales,
863 900 43 20 and
915 900 80 26 Spirits
1004 899 28 24 of
1037 899 35 20 the
1082 899 43 20 best
1135 899 86 26 quality.

805 934 46 14 N.B.
852 937 27 5 —
881 934 92 14 CHARGE
987 933 133 15 MODERATE.

698 954 88 27 August
795 955 19 25 1,
827 955 60 21 1842.

862 998 26 21 J.
903 999 38 20 M.
957 998 110 26 Taylor,

684 1031 151 23 LICENSED
860 1031 243 23 CUSTOM-HOUSE
1126 1031 114 27 AGENT,

917 1071 27 14 TE
960 1071 51 14 ARO.

858 1109 94 20 James
966 1108 100 26 Spiers,

669 1142 193 23 PROSPECT
884 1142 213 21 BOARDING
1121 1142 133 27 HOUSE,

743 1184 131 14 GUILDFORD
889 1184 110 19 TERRACE,
1016 1184 56 14 HILL
1087 1184 92 19 STREET,

722 1210 26 20 In
769 1210 35 20 the
822 1216 50 14 rear
892 1209 27 25 of
927 1210 41 20 Dr.
983 1209 90 21 Evans's
1089 1210 109 25 residence,

851 1249 73 14 TERMS
940 1249 131 14 MODERATE.

668 1286 82 49 DR.
781 1285 176 27 TURNBULL,
987 1285 155 28 SURGEON,
1166 1285 90 22 intends

736 1313 121 28 practising
865 1313 38 21 the
913 1313 88 22 various
1010 1312 109 22 branches
1129 1313 25 21 of
1165 1313 32 21 his
1205 1320 51 20 pro-

667 1340 89 27 fession,
767 1340 46 22 and
827 1347 53 20 may
889 1340 35 22 for
939 1339 37 22 the
992 1344 90 23 present
1096 1339 29 22 be
1143 1339 113 23 consulted

668 1370 24 19 at
701 1367 72 21 Baron
787 1367 95 21 Alzdorf
885 1367 23 21 's.

696 1401 68 22 River
773 1401 66 26 Hutt,
851 1400 60 22 June
922 1400 33 27 17,
967 1402 60 21 1842.

811 1445 143 22 CHARLES
970 1445 141 27 HARVEY,

877 1473 101 24 Tailor,
993 1474 54 23 &c,

794 1499 115 26 Adjoining
923 1501 72 19 Kumu
1011 1501 50 19 Toto
1076 1500 55 27 Pah,

884 1534 159 19 WELLINGTON,

668 1553 107 49 BEGS
790 1556 23 18 to
828 1557 79 17 return
922 1553 82 23 thanks
1022 1557 22 19 to
1061 1554 39 22 the
1116 1557 79 24 gentry
1209 1553 46 22 and

744 1579 74 28 public
830 1581 23 21 of
861 1580 59 22 New
929 1580 101 23 Zealand
1039 1581 35 21 for
1082 1581 37 21 the
1128 1584 89 23 support
1226 1581 29 21 he

667 1607 41 22 has
724 1607 102 22 received
841 1607 59 22 from
915 1607 62 22 them
992 1609 61 21 since
1067 1608 30 22 he
1112 1607 144 23 commenced

667 1634 108 27 business,
793 1634 46 21 and
858 1633 28 23 he
903 1642 87 14 assures
1007 1634 61 22 them
1085 1635 50 21 that
1150 1635 17 21 it
1185 1635 17 21 is
1220 1635 35 21 his

667 1661 111 22 intention
788 1664 23 18 to
821 1661 106 22 continue
936 1661 35 21 his
987 1664 59 19 most
1061 1664 119 19 strenuous
1194 1668 62 15 exer-

668 1688 59 22 tions
738 1691 21 18 to
770 1688 66 21 merit
844 1696 14 13 a
868 1689 149 21 continuance
1027 1689 26 21 of
1060 1689 58 21 their
1127 1692 128 23 patronage.

696 1716 24 21 C.
732 1715 27 22 H.
770 1715 62 22 takes
849 1715 44 22 this
914 1716 143 27 opportunity
1073 1716 27 21 of
1110 1715 83 27 stating
1208 1715 48 21 that

667 1741 35 22 his
712 1743 62 21 stock
785 1743 93 21 consists
888 1743 26 21 of
925 1750 13 14 a
948 1743 59 26 good
1017 1743 86 26 variety
1113 1742 26 22 of
1145 1742 110 27 superfine

668 1769 77 27 cloths,
757 1769 110 26 doeskins,
884 1769 89 22 tweeds,
990 1769 129 27 moleskins,
1131 1769 123 26 velveteen,

668 1796 56 27 pilot
739 1796 65 27 cloth,
816 1797 40 21 &c.
867 1796 48 27 &c,
931 1796 45 22 and
992 1796 34 22 his
1038 1797 93 26 charges
1143 1796 46 26 (for
1207 1797 49 20 cas7i

667 1824 59 25 only)
738 1823 121 22 moderate.

668 1870 47 19 An
730 1868 140 21 excellent
890 1869 181 25 opportunity
1086 1868 42 21 for
1143 1869 44 20 the
1208 1870 48 19 In-

743 1897 138 19 vestment
894 1895 31 21 of
938 1901 16 14 a
969 1896 80 19 small
1065 1896 116 25 Capital.

668 1929 92 33 npHE
780 1929 150 26 undersigned
952 1929 42 21 has
1011 1929 37 21 for
1069 1929 53 26 sale,
1148 1936 28 14 on
1198 1932 59 19 most

675 1951 30 27 JL
743 1956 164 27 advantageous
926 1958 73 25 terms,
1020 1963 14 14 a
1051 1956 83 22 Patent
1152 1956 104 22 Portable

668 1983 140 27 Progressive
827 1983 59 21 Burr
910 1983 66 21 Stone
1001 1983 66 22 Flour
1091 1983 59 27 Mill,
1176 1983 43 21 and
1243 1990 14 14 a

668 2010 98 22 Circular
781 2010 89 26 Sawing
884 2009 115 24 Machine,
1010 2010 53 22 with
1077 2018 14 14 a
1103 2010 65 22 horse
1178 2010 77 27 wheel,

668 2044 61 20 gear,
741 2037 46 27 &c,
799 2036 116 27 complete.
945 2036 63 25 Also,
1020 2044 13 13 a
1042 2043 51 15 new
1102 2035 86 23 Wince.

986 2063 84 21 Waitt
1084 2063 47 21 and
1145 2063 83 22 Tvser.

695 2091 88 26 August
794 2092 19 25 8,
825 2091 61 21 1842.

803 2136 88 19 Town
910 2135 30 20 of
952 2136 169 19 Manewatu.

668 2168 93 50 THE
783 2167 217 24 PROPRIETORS
1025 2169 26 21 of
1075 2168 39 22 the
1133 2169 62 21 three
1208 2169 49 22 first

757 2195 89 22 choices
862 2198 23 18 at
893 2196 38 22 the
949 2195 44 22 last
1008 2195 107 22 selection
1126 2196 24 21 of
1164 2200 92 23 country

668 2223 70 26 lands,
752 2223 83 26 having
856 2221 138 23 determined
1008 2230 60 19 upon
1086 2223 38 21 the
1141 2223 40 21 site
1195 2223 35 21 for
1243 2230 14 14 a

681 2256 93 23 TOWN
790 2256 44 21 ON
849 2256 65 22 THE
929 2256 190 23 MANEWATU
1134 2256 106 26 RIVER,

668 2284 57 21 after
730 2285 77 19 several
816 2285 59 19 visits
886 2287 21 18 to
917 2284 36 21 the
963 2283 189 31 neighbourhood,
1163 2283 45 22 and
1218 2284 38 21 the

667 2313 58 19 most
744 2310 83 22 careful
846 2310 45 22 and
909 2310 84 22 minute
1014 2311 150 21 examination
1181 2311 24 21 of
1219 2311 37 21 the

668 2343 72 16 entire
754 2338 93 26 district,
863 2336 66 23 aided
945 2338 30 26 by
985 2338 37 21 the
1039 2337 145 28 professional
1198 2338 57 26 skill,

668 2364 136 28 knowledge,
825 2364 44 22 and
885 2365 131 27 experience
1032 2365 24 20 of
1068 2364 39 22 the
1123 2368 60 18 most
1197 2372 59 14 com-

668 2395 77 24 petent
750 2392 88 27 judges,
856 2399 92 20 propose
965 2395 22 18 to
1004 2391 54 22 offer
1069 2392 35 21 for
1120 2392 102 27 disposal,
1234 2395 22 18 at

818 2418 38 22 the
869 2421 90 25 present
968 2418 60 26 time,
1041 2418 69 22 about

668 2451 219 24 TWENTY-FIVE
922 2452 106 25 ACRES,
1068 2451 37 22 IN
1142 2452 115 23 ALLOT-

668 2479 112 27 MENTS,
796 2478 88 23 EACH
905 2479 39 21 OF
970 2479 63 21 ONE
1054 2479 149 24 QUARTER
1217 2479 39 22 OF

886 2505 44 22 AN
945 2505 92 22 ACRE.

694 2533 48 22 The
751 2536 48 25 spot
809 2533 51 21 thus
869 2532 97 22 selected
978 2540 111 20 possesses
1098 2532 38 22 the
1145 2536 58 19 most
1218 2541 39 14 ex-

667 2560 85 22 tensive
766 2560 102 27 frontage
882 2562 23 19 to
922 2560 56 27 deep
990 2563 68 18 water
1074 2560 26 21 of
1112 2567 44 20 any
1170 2567 30 15 on
1219 2560 37 22 the

667 2588 66 21 river.
761 2588 22 21 It
800 2587 20 21 is
839 2587 97 21 situated
950 2587 48 25 just
1011 2589 23 18 at
1050 2587 48 21 that
1118 2588 63 26 point
1199 2588 57 21 from

731 2613 71 23 which
813 2621 13 14 a
835 2613 54 22 road
901 2613 73 22 would
982 2614 85 21 branch
1079 2613 35 22 off
1119 2618 22 17 to
1152 2614 37 21 the

668 2649 94 14 WOODED
786 2649 46 14 AND
854 2648 99 14 FERTILE
973 2647 118 15 DISTRICTS
1113 2649 75 14 ALONG
1211 2649 45 14 THE

838 2675 56 14 BASE
910 2675 26 14 OF
952 2675 45 14 THE
1013 2675 74 19 HILLS,

668 2696 45 21 and
725 2695 70 22 above
804 2694 75 22 which
889 2694 37 22 the
940 2694 129 27 navigation
1083 2694 36 23 for
1128 2696 80 21 vessels
1217 2696 40 21 be-

671 2729 74 16 comes
755 2723 85 25 tedious,
851 2722 23 26 if
879 2724 38 18 not
925 2722 95 26 difficult.
1050 2722 22 21 It
1078 2722 20 21 is
1105 2722 106 23 therefore
1218 2723 38 22 the

868 2750 62 26 point
939 2749 73 22 where
1023 2748 37 23 the

670 2783 88 23 LAND
772 2783 69 22 AND
856 2783 115 22 WATER
985 2783 164 22 CARRIAGE
1164 2783 92 23 MEET,

669 2811 45 21 and
724 2811 72 21 where
806 2818 14 14 a
828 2811 71 21 Town
916 2818 60 14 must
991 2818 29 14 be
1035 2818 91 14 formed
1143 2810 65 23 when
1218 2811 40 21 the

669 2837 86 22 district
768 2837 20 22 is
797 2837 89 22 settled.
914 2837 22 22 It
945 2844 45 15 was
1001 2837 97 22 selected
1114 2837 31 27 by
1155 2837 37 22 the
1205 2839 53 21 Sur-

668 2864 82 28 veying
759 2865 59 21 Staff
830 2872 24 14 as
864 2864 38 22 the
910 2864 139 22 rendezvous
1057 2864 37 22 for
1109 2863 58 23 their
1180 2865 60 27 body
1249 2873 6 19 ;

670 2891 42 22 and
722 2891 40 22 has
771 2891 57 22 been
839 2898 51 15 now
902 2891 78 27 found,
991 2891 58 22 after
1059 2891 88 22 several
1162 2893 95 21 months'

668 2917 103 28 location,
783 2922 21 18 to
820 2918 27 22 be
856 2917 38 22 the
905 2921 57 19 most
977 2918 166 27 advantageous
1154 2919 101 27 position,

669 2945 58 22 from
742 2945 27 21 its
783 2945 100 27 peculiar
903 2945 87 27 facility
1004 2944 26 23 of
1042 2945 113 28 approach
1164 2945 54 23 both
1226 2947 31 26 by

669 2971 53 23 land
732 2972 44 21 and
785 2975 75 19 water.

697 2996 29 25 In
737 2999 153 21 confirmation
900 2998 26 22 of
931 2997 39 23 the
980 2998 132 27 superiority
1122 2999 26 21 of
1156 2999 43 22 this
1209 3002 49 25 spot

670 3033 52 15 over
732 3033 44 20 any
785 3025 64 23 other
856 3028 40 26 yet
903 3025 91 27 known,
1006 3025 38 22 the
1054 3026 92 22 Messrs.
1154 3026 102 27 Kebbell,

670 3053 57 22 after
745 3053 36 22 the
800 3052 152 22 examination
969 3053 26 21 of
1011 3052 38 22 the
1067 3053 61 21 river
1143 3053 58 22 from
1219 3053 37 22 the

671 3079 88 23 Paneiri
769 3079 47 23 Pah
827 3084 22 17 to
858 3080 30 21 its
896 3079 87 27 mouth,
994 3079 141 22 determined
1148 3087 30 14 on
1188 3084 70 18 erect-

909 3107 39 26 ing
961 3106 59 22 their

671 3141 67 22 SAW
752 3141 80 22 MILL
854 3140 232 22 IMMEDIATELY
1100 3140 157 28 OPPOSITE.

670 3168 49 22 The
737 3168 70 22 works
825 3167 26 22 of
867 3167 48 21 that
934 3167 169 22 establishment
1122 3175 37 15 are
1178 3172 23 18 at
1216 3169 43 21 this

671 3199 100 18 moment
787 3195 24 22 in
827 3194 64 28 rapid
905 3201 109 21 progress,
1032 3194 43 22 and
1094 3194 39 22 the
1150 3195 108 28 proposed

670 3222 70 22 Town
749 3222 44 22 will
802 3222 134 27 necessarily
941 3222 93 26 partake
1041 3222 25 20 of
1072 3221 45 21 this
1126 3221 131 29 advantage.

696 3249 51 23 The
764 3249 93 22 nucleus
874 3248 24 21 of
914 3256 13 14 a
945 3250 70 20 Town
1030 3248 26 27 is,
1065 3248 25 22 in
1105 3249 52 27 fact,
1169 3249 90 28 already

671 3276 95 26 created,
776 3277 30 26 by
815 3275 39 23 the
865 3275 165 22 concentration
1048 3275 24 21 of
1086 3274 39 22 the
1136 3276 124 28 Surveying

671 3303 58 23 Staff
735 3310 28 14 on
774 3303 49 22 that
832 3305 56 25 spot,
899 3310 24 14 as
932 3302 39 22 the
981 3305 75 19 centre
1072 3302 26 21 of
1109 3304 150 22 communica-

670 3331 47 21 tion
727 3333 23 19 to
760 3330 37 22 the
807 3329 150 27 surrounding
966 3329 99 27 district;
1081 3328 39 22 the
1131 3330 96 22 erection
1237 3331 26 21 of

670 3357 91 23 Messrs.
772 3355 118 24 Kebbell's
904 3357 50 21 Saw
970 3355 64 23 Mills
1051 3356 112 29 opposite.;
1178 3357 30 28 by
1221 3357 38 23 the

671 3387 164 24 arrangements
848 3383 36 22 for
899 3390 30 14 an
945 3383 115 22 extensive
1070 3383 101 23 General
1182 3385 62 21 Store
1251 3392 6 19 ;

672 3411 45 22 and
726 3411 31 27 by
763 3411 37 22 the
809 3411 46 21 late
865 3410 134 32 application
1004 3410 35 22 for
1048 3417 13 15 a
1067 3410 110 22 Licensed
1183 3411 76 23 House

669 3445 27 15 on
707 3437 38 23 the
754 3441 50 24 part
813 3437 26 22 of
851 3443 32 15 an'
890 3436 124 22 individual
1027 3437 50 22 who
1091 3437 49 28 has,
1152 3437 59 23 since
1222 3439 37 21 the

669 3465 119 22 formation
806 3464 26 22 of
845 3463 39 23 the
901 3464 92 27 Colony,
1008 3463 99 28 pursued
1116 3470 5 6 l
1123 3471 14 15 a
1154 3465 106 23 lucrative

668 3492 66 22 trade
744 3492 52 22 with
805 3491 38 22 the
854 3490 93 27 natives,
959 3490 46 22 and
1015 3490 78 23 whose'
1100 3491 130 28 knowledge
1237 3492 26 22 of

669 3519 38 23 the
717 3518 136 27 advantages
864 3517 25 22 of
896 3517 37 23 the
943 3518 103 27 position,
1053 3519 119 26 promptetl
1180 3519 47 22 him
1237 3522 24 19 at

670 3553 56 15 once
737 3544 163 32 topreferthat
912 3545 143 27 application.

696 3573 49 22 The
755 3572 92 23 Natives
862 3572 31 27 by
902 3574 75 20 whom
990 3571 45 23 this
1045 3571 55 23 land
1111 3579 46 15 was
1167 3572 95 24 claimed

669 3607 38 15 are
718 3600 60 27 quite
787 3598 111 29 prepared
905 3602 24 18 to
937 3598 51 28 give
995 3606 31 21 up
1033 3599 133 28 possession,
1173 3601 44 21 and
1223 3608 38 15 are

670 3627 146 27 exceedingly
825 3625 95 23 anxious
933 3629 22 18 to
971 3625 58 23 have
1039 3633 15 15 a
1063 3625 120 29 European
1192 3635 70 21 popu-

668 3652 75 23 lation-
748 3660 82 20 among
839 3653 68 26 them-,
919 3652 85 28 having
1021 3652 57 22 been
1086 3660 62 21 upon
1157 3653 39 23 the
1203 3657 60 20 most

668 3679 98 29 friendly
771 3681 89 26 footing
869 3679 54 23 with
931 3679 38 22 the
982 3680 126 27 Surveying
1118 3681 58 22 Staff
1181 3681 82 28 during

667 3706 40 22 the
714 3706 51 23 four
774 3714 25 15 or
806 3707 45 22 five
861 3705 90 24 months
958 3706 56 28 they
1033 3706 58 23 have
1108 3707 57 23 been
1171 3707 93 24 located

667 3733 71 22 there.
1194 3736 5 21 \
1262 3738 3 12 '

698 3760 33 22 A3
741 3759 37 23 the
785 3760 140 27 Proprietors
931 3767 97 21 purpose
1036 3763 24 19 to
1070 3759 89 29 dispose
1169 3756 72 38 of|but
1250 3770 14 15 a

668 3786 88 23 limited
769 3787 89 26 portion
875 3787 27 21 of
912 3787 38 22 the
964 3788 71 22 Town
1051 3791 23 19 at
1091 3782 108 33 present,'
1210 3789 53 27 they

667 3813 81 28 pledge
757 3814 134 22 themselves
898 3814 56 27 that,
965 3817 23 19 at
997 3821 30 15 no
1046 3814 76 23 future
1131 3815 66 28 sales,'
1206 3816 58 24 shall

669 3841 39 21 the
720 3840 126 22 allotments
854 3841 30 21 be
893 3843 40 25 put
939 3848 30 20 up
980 3843 23 20 at
1013 3848 14 15 a
1036 3838 46 25 less
1091 3849 51 15 sum
1150 3842 56 22 than
1214 3851 51 15 now

671 3867 91 22 offered.
1190 3866 10 34 {

697 3897 23 20 A
739 3894 133 27 Prospectus
890 3893 46 23 and
954 3894 57 23 Plan
1032 3895 27 22 of
1072 3895 38 22 the
1130 3896 73 23 Town)
1218 3897 46 22 will

670 3921 87 28 shortly
765 3921 27 22 be
800 3920 71 28 ready
879 3920 35 22 for
922 3921 126 28 inspection
1063 3924 23 19 at
1099 3922 38 22 the
1148 3920 82 25 Offices
1241 3924 26 22 of

671 3949 92 22 Messrs.
773 3947 69 22 Waitt
851 3947 47 22 and
906 3947 77 28 Tyser,
993 3948 32 22 Te
1035 3949 55 21 Aro.
1188 3945 14 25 A

701 3974 145 29 Wellington,
858 3974 65 29 April
931 3976 35 25 22,
977 3976 60 21 1842.
1194 3978 5 35 j
