3280 4240
210 111 415 100 Hot
763 111 693 100 Lakes
1594 111 1385 100 Chronicle.

709 373 506 40 TOURISTS'

2092 378 482 43 CTOTTTtI<TJ^IL,.

462 486 449 87 Circulating
932 484 454 88 throughout
1409 483 127 70 the
1560 483 290 71 Tourist
1894 486 305 73 Resorts
2247 493 82 68 of
2363 495 126 69 the
2533 496 268 71 World.

87 640 52 20 VOL.
154 641 18 16 4.
202 639 39 19 No.
258 639 44 18 192.

1277 637 140 22 ROTORUA,
1434 637 58 21 K.Z.,
1511 636 186 23 WEDNESDAY,
1714 636 114 20 AUGUST
1841 639 18 20 5,
1878 636 55 23 1896.

2855 653 256 25 PKICE—THEEErEN
3115 659 32 19 CE.

87 723 21 25 BY
119 720 85 26 SPECIAL
228 721 75 42 ggg
315 721 151 26 APPOINTMENT

113 769 56 28 ASK
193 769 146 27 fIROCERS
363 769 58 28 FOR

165 805 312 127 ELSDN

162 934 158 64 MOSTE
332 934 145 64 SCO's

113 1036 159 27 CEYLON
318 1054 77 18 ._.,_,
411 1055 17 8 -
446 1056 25 7 -

114 1072 131 24 INDIAN
277 1061 199 46 &TP&S

112 1107 182 25 BLENDED
331 1097 14 21 ■
365 1097 112 21 ■■«'*

189 1146 152 20 AWARDED

89 1173 66 25 GOLD
166 1173 56 24 AND
232 1173 97 24 SILVER
340 1174 110 25 MEDALS

101 1214 59 26 Why
173 1214 46 26 bay
234 1214 97 21 Inferior
343 1214 57 22 Teas
414 1216 65 21 when

66 1249 32 19 ycu
112 1246 41 15 can
167 1242 37 25 get
218 1240 24 21 N.
258 1241 28 20 M.
302 1241 17 20 &
334 1241 55 21 Co.'s
402 1242 26 21 at
442 1242 38 21 the

65 1273 48 16 same
127 1267 67 27 price.
226 1266 37 21 All
277 1267 77 21 others
372 1273 40 16 are
426 1268 53 26 only

65 1294 60 26 copies
143 1294 24 20 in
186 1299 73 18 name,
272 1294 46 20 and
339 1299 39 15 are
393 1295 85 25 pushed

65 1322 26 20 for
102 1321 63 20 extra
178 1320 74 26 profit.

103 1355 12 13 A
123 1353 45 18 proof
178 1354 17 13 of
205 1354 28 13 the
244 1354 94 17 superiority
350 1355 16 12 of
374 1354 19 14 N.
406 1355 21 13 M.
436 1355 12 12 A

89 1371 36 14 Cb.'s
134 1371 38 13 Teas
179 1371 13 13 is
202 1371 26 13 the
238 1371 31 13 fact
279 1371 33 13 that
321 1371 74 15 although
403 1371 44 14 there

88 1392 24 9 are
119 1387 78 13 hundreds
208 1387 17 13 of
235 1387 54 16 packet
299 1388 33 12 teas
343 1391 19 9 on
374 1387 26 13 tho
411 1392 27 8 mar-

88 1404 29 15 ket,
134 1404 19 13 N.
165 1403 23 14 M.
200 1403 12 13 &
226 1402 40 15 Co.'s
282 1404 38 12 Teas
334 1407 26 9 are
376 1404 16 12 in
411 1404 37 13 Buch

89 1420 61 13 demand
158 1419 36 14 that
205 1419 37 17 they
254 1419 29 14 sell
294 1419 53 17 nearly
359 1421 88 12 one.fourth

89 1437 14 14 of
118 1437 26 12 the
161 1436 49 13 whole
226 1436 17 13 of
260 1437 27 12 tho
304 1437 26 12 tea
346 1437 88 14 consumed.

63 1456 94 26 SOLD
194 1455 279 25 EVERYWHERE

141 1571 49 25 Do
202 1571 56 24 not
271 1570 118 32 Forget

141 1618 249 45 CRAIG'S

106 1682 164 19 CURIOSITY
289 1682 80 19 SHOP
387 1682 47 18 and

197 1710 140 22 MUSEUM,

127 1750 113 23 Opposite
247 1750 79 18 Grand
332 1749 77 23 Hotel,

97 1790 119 26 PRINCES
226 1790 45 28 ST,
282 1789 170 26 AUCKLAND.

140 1913 140 17 INSURS
306 1913 93 16 SflilTH

62 1947 128 17 THESOUTH
199 1947 96 16 HRITISH
305 1947 74 16 FIRE&
389 1947 98 16 MARINE

127 1969 42 16 Cow
181 1969 29 16 OF
221 1968 56 16 NEW
285 1968 122 17 ZEALAND.

61 1990 66 17 Capital
382 1990 28 18 £l,
414 1991 72 17 '.100,000

99 2011 93 17 Unlimited
206 2011 74 20 lability
289 2011 19 16 of
313 2011 129 16 ShaieholderK.

61 2033 48 21 Being
117 2039 8 9 u
136 2030 75 19 Culuuial
226 2032 101 16 Institution
341 2032 63 15 Profits
418 2037 29 11 are
459 2032 18 16 in-

201 2054 58 15 vested
266 2053 67 21 lmally.

61 2075 42 16 Head
118 2075 58 19 Office,
395 2073 90 18 Auckland

61 2096 5 16 1
72 2097 31 15 (I,'iil
113 2098 52 17 ajjent
343 2095 11 16 J
372 2096 27 16 W.
407 2096 79 19 Wikley

63 2158 204 45 Rotorua
290 2155 196 47 Sawmill

136 2214 253 55 Company.

193 2301 54 17 AND
265 2301 52 17 RED
336 2301 64 16 PINE
419 2301 21 16 of
456 2301 32 16 the

70 2319 9 10 *
89 2329 9 14 T
139 2326 56 16 finest
203 2324 74 23 quality
286 2324 38 17 ;md
339 2324 93 22 carefully
449 2326 38 15 cut.

238 2347 64 17 ALSO

59 2375 83 27 Matai,
174 2375 127 27 Pukatea,
330 2374 52 23 and
409 2374 79 23 Tawa

94 2406 128 29 Shingles,
233 2405 116 29 Talings,
364 2404 97 23 Blocks

197 2436 51 22 and
256 2435 83 23 Posts-

80 2468 17 18 A
110 2467 52 26 good
175 2467 40 19 and
226 2467 89 18 assorted
327 2467 74 24 supply
412 2467 76 24 always

58 2499 21 13 on
89 2494 53 18 hand
152 2496 22 16 at
184 2497 34 14 trie
228 2493 83 18 Timber
320 2493 64 23 Yard,

178 2525 182 16 ROTORUK.

59 2554 155 26 N.Js.—Special
225 2561 44 12 care
280 2554 63 19 taken
353 2554 21 19 in
392 2554 36 19 the
446 2560 32 13 sea-

228 2580 80 25 soning.

58 2618 101 19 PRICES
172 2618 40 18 AT
225 2617 144 19 CURRENT
383 2617 105 18 RATES.

94 2650 37 18 W.
146 2649 167 22 HENSHAW,
324 2649 120 22 Manager.

148 2699 29 40 F.
221 2698 173 47 GOODSON,

197 2750 151 33 ROTQRfJA

61 2795 77 32 COAL
155 2796 27 31 &
202 2794 169 32 FIREWOOD
391 2793 98 37 YARD,

140 2840 144 19 PUKT'ATUA
297 2840 102 20 STREET,

80 2922 61 17 Goods
150 2921 93 19 delivered
253 2922 48 16 after
315 2920 68 18 arrival
399 2921 20 17 of
432 2920 59 18 trains

61 2946 16 17 to
85 2945 23 18 all
117 2947 53 21 parts
179 2946 20 16 of
206 2945 33 17 the
248 2946 52 16 town
309 2943 46 18 with
364 2945 126 21 promptness.

61 2980 56 24 Large
126 2981 57 18 Stock
195 2981 21 18 of
232 2981 46 18 Coal
294 2979 38 18 and
349 2979 99 18 Firewood
463 2979 18 18 al-

126 3011 50 11 ways
185 3009 24 13 on
218 3003 50 18 hand
279 3004 38 16 and
326 3002 95 19 delivered

61 3066 151 24 GIiEATLY
216 3066 153 23 REDUCED
375 3066 23 22 E
403 3066 15 22 A
425 3065 58 23 TES

60 3194 430 36 CAEPEKTER,

162 3236 104 19 FENTON
283 3236 102 21 STREET,

150 3270 100 18 Opposite
298 3269 80 18 Grand.

82 3298 65 18 Sashes
156 3298 54 18 made
219 3300 19 16 to
248 3298 61 18 order.

60 3417 111 20 BARBER
193 3417 59 19 AND
283 3416 209 24 HAIRDRESSER,

59 3448 89 44 })EGS
158 3452 21 16 to
190 3455 105 13 announce
306 3448 45 19 that
357 3448 26 19 ho
396 3448 86 19 liascom-

83 3471 13 21 )
125 3475 82 20 itifiiced
219 3475 93 20 business
322 3474 20 19 in
354 3474 35 19 the
406 3474 52 26 shop
472 3474 21 18 in

60 3504 31 19 the
107 3502 32 19 old
155 3506 60 17 town,
236 3500 96 25 formerly
352 3500 97 25 occupied
466 3500 28 24 hy

60 3528 31 21 Mr
99 3528 124 24 McFadyeu,
233 3527 86 22 saddler,
338 3526 40 19 and
395 3527 63 24 hopes
473 3528 21 16 to

60 3556 56 18 merit
126 3561 12 13 a
148 3556 59 17 share
219 3554 21 18 of
250 3553 34 19 the
295 3553 69 25 public
374 3554 91 23 support.

140 3587 159 20 RAZORS
328 3586 78 19 SET.

81 3656 21 18 A
112 3654 82 20 Choice
205 3653 153 18 Assortment
371 3652 28 17 of
409 3652 71 18 Tobac-

60 3684 42 17 cos,
114 3679 86 22 Cigars,
211 3677 131 22 Cigarettes
348 3675 21 19 &
376 3674 118 20 Smoker's

60 3701 136 24 Requisites.

61 3746 200 44 AUCKLAND
275 3743 219 18 ADVERTISING

215 3768 112 20 AGENCY,

82 3803 97 17 Victoria
193 3800 89 21 Arcade,
296 3799 73 19 Queex
386 3798 84 17 Street.

113 3832 122 22 Advertising
242 3831 19 17 in
270 3830 26 18 all
308 3830 24 17 its
341 3829 98 17 brunches.

62 3857 50 21 New,
125 3856 76 22 Unique
218 3854 38 17 and
269 3852 86 19 Tasteful
371 3852 125 21 Advertising

230 3876 92 19 Medium.

83 3902 67 19 Orders
160 3902 49 17 from
218 3901 24 17 all
252 3902 53 20 parts
313 3897 92 19 attended
414 3899 20 16 to
449 3897 47 18 with

62 3932 11 9 r
83 3932 16 11 re
110 3926 36 16 and
156 3921 114 26 expedition.

86 3988 6 5 „
117 3970 1 23 ■
145 3989 11 2 ..
421 3970 51 21 ET,

62 4046 120 23 Plumber
199 4044 21 22 &
231 4040 114 26 General
357 4038 140 24 Mechanic

150 4103 37 19 Tir
199 4105 83 16 A.NEKAI
303 4100 94 20 IMBEEI,

797 898 281 50 ROTORU7I,
1124 898 127 47 .NEW
1286 896 276 49 ZEJILMD.

506 986 153 43 ROTORUA.
661 987 68 17 —This
738 988 106 17 wonderful
851 988 74 18 district
933 988 15 18 is
957 988 129 22 unparalleled
1094 988 20 17 in
1122 988 33 17 the
1164 988 70 17 known
1242 988 59 17 world
1310 988 30 17 for
1349 988 32 17 the
1390 988 81 17 number
1479 988 37 17 and
1525 988 72 22 variety
1606 988 21 17 of
1634 988 25 17 its
1667 987 89 19 Thermal
1764 988 86 22 Springs.

574 1011 26 16 As
608 1017 11 10 a
628 1010 64 17 health
701 1012 61 15 resort
770 1011 25 17 its
804 1011 108 23 popularity
921 1011 15 17 is
944 1011 75 23 rapidly
1027 1011 113 23 increasing,
1150 1011 38 17 and
1200 1011 44 17 that
1257 1011 81 22 entirely
1354 1017 26 11 on
1393 1011 25 17 its
1435 1017 44 11 own
1494 1011 70 21 merits,
1583 1017 20 11 as
1618 1011 85 17 hitherto
1719 1011 83 23 nothing
1818 1011 33 17 has

505 1033 48 17 been
562 1034 47 17 done
618 1034 18 16 in
646 1034 32 16 the
686 1039 43 17 way
738 1034 20 17 of
766 1034 123 23 advertising.

529 1056 84 18 Patients
622 1056 91 23 suffering
721 1057 50 17 from
780 1057 86 20 Chronic,
877 1058 99 19 Articular,
986 1057 39 17 and
1032 1057 99 18 Muscular
1138 1056 129 21 rheumatism,
1277 1057 57 20 Gout,
1345 1057 102 17 Rhuniatic
1454 1057 56 21 Gout,
1524 1057 46 18 Skin
1579 1057 91 20 Diseases,
1688 1058 87 19 Sciatica,
1792 1057 45 17 Lum-

505 1079 56 22 bago,
581 1080 108 22 Neuralgia,
708 1080 87 18 Nervous
811 1080 125 21 Exhaustion,
954 1080 78 18 Uterine
1049 1080 99 21 Ailments,
1166 1080 38 17 and
1220 1080 55 22 tardy
1292 1080 142 18 convalescenso
1451 1081 49 17 from
1516 1082 55 16 acute
1587 1080 81 18 diseases
1684 1086 44 17 may
1744 1080 41 23 rely
1801 1086 50 16 upon

505 1103 100 23 obtaining
613 1103 90 17 immense
712 1103 59 21 relief,
781 1104 39 16 and
828 1105 20 15 in
854 1104 33 17 the
896 1103 89 23 majority
993 1103 21 17 of
1021 1109 52 11 cases
1081 1110 12 10 a
1101 1103 94 23 complete
1203 1108 50 12 cure.

1150 1133 26 17 !—:
1178 1133 18 17 o:

529 1163 52 18 THE
595 1163 111 18 PRIEST'S
715 1164 147 17 BATH.-—This
871 1165 15 16 is
894 1164 87 23 strongly
989 1164 48 17 acid,
1052 1164 113 20 aluminous,
1181 1164 79 22 sulphur
1277 1166 64 19 water,
1359 1165 66 22 acting
1441 1170 21 11 as
1479 1171 11 10 a
1505 1164 93 23 powerful
1615 1164 42 17 skin
1672 1164 106 17 stimulant.
1811 1164 42 17 Hot

506 1187 38 16 and
553 1187 42 17 cold
603 1187 87 19 showers,
700 1187 38 16 and
747 1187 83 17 douches
839 1194 31 10 are
878 1187 88 22 provided
976 1187 38 17 and
1022 1187 128 22 comfortably
1157 1187 87 17 enclosed
1253 1187 86 22 dressing
1347 1194 62 11 rooms

530 1209 113 18 MADAME
663 1210 127 18 RACHEL'S
811 1211 144 17 BATH.—This
964 1210 106 18 celebrated
1079 1211 71 22 Spring
1157 1210 16 17 is
1181 1216 13 11 a
1207 1210 63 17 Saline
1285 1212 58 15 water
1356 1211 48 17 with
1420 1211 91 21 Silicates,
1526 1211 38 17 and
1576 1211 35 17 has
1627 1216 24 11 an
1665 1211 82 17 alkaline
1762 1210 90 18 reaction.

506 1232 39 17 The
555 1234 57 16 water
619 1233 16 16 is
645 1232 39 17 also
692 1239 23 10 us
722 1232 17 19 id
747 1234 103 22 internally
859 1234 30 17 for
896 1234 25 17 its
929 1234 97 17 beneficial
1034 1234 64 17 action
1106 1239 25 12 on
1140 1234 33 16 the
1180 1233 85 22 kidneys.

529 1256 53 17 THE
602 1256 69 17 BLUE
691 1256 148 18 BATH.—This
854 1257 16 17 is
886 1257 33 17 the
934 1257 72 22 largest
1021 1257 77 17 natural
1115 1256 108 23 swimming
1238 1256 47 18 bath
1299 1257 20 17 in
1334 1257 33 17 the
1383 1256 96 19 Southern
1486 1257 131 22 Hemisphere.
1642 1257 21 17 It
1670 1257 70 18 affords
1748 1256 105 18 rheumatic

506 1279 80 17 invalids
595 1285 11 11 a
614 1284 64 12 means
687 1279 20 17 of
715 1279 70 22 taking
792 1280 82 21 painless
882 1280 86 20 exercise,
978 1280 62 17 which
1049 1280 47 22 they
1103 1279 69 23 highly
1180 1279 113 22 appreciate.

530 1302 52 17 THE
592 1302 122 17 SULPHUR
722 1303 108 18 VAPOUR
839 1303 144 17 BATH.—This
989 1303 16 17 is
1011 1309 11 11 a
1028 1303 77 17 natural
1110 1303 35 17 hot
1149 1308 79 17 vapour,
1234 1303 68 22 highly
1308 1303 83 21 charged
1397 1303 47 18 with
1449 1303 80 23 sulphur
1538 1309 59 17 gases,
1609 1303 106 18 conducted
1728 1303 41 18 into
1783 1309 12 11 a
1808 1308 34 17 pro-

506 1328 54 20 perly
569 1325 118 18 constructed
696 1326 59 19 chest,
766 1326 20 17 in
794 1326 62 18 which
861 1326 32 18 the
901 1326 32 17 the
938 1326 74 22 patient-
1020 1326 40 20 sits,
1070 1326 56 16 while
1134 1332 12 10 a
1152 1327 69 16 stream
1227 1326 20 17 of
1252 1326 88 22 palpable
1348 1326 81 22 sulphur
1434 1326 16 17 is
1455 1326 58 23 being
1518 1326 107 22 constantly
1631 1326 98 22 deposited
1734 1332 25 11 on
1765 1326 33 17 the
1804 1326 49 17 skin.

530 1348 53 18 THE
603 1348 59 18 NEW
683 1348 124 18 SULPHUR
828 1349 145 17 BATH.—This
985 1350 15 16 is
1013 1355 12 11 a
1036 1355 46 16 very
1095 1350 65 21 strong
1173 1348 59 18 acidic
1244 1350 58 16 water
1314 1350 20 16 of
1347 1350 47 20 high
1407 1352 132 20 temperature,
1553 1350 38 16 and
1607 1350 87 22 strongly
1711 1349 142 18 reeomruGrided

507 1371 20 17 in
543 1378 50 11 cases
610 1371 20 17 of
645 1371 125 18 rheumatism
778 1373 38 17 and
825 1372 56 18 allied
889 1373 86 17 diseases.
1000 1373 40 17 The
1048 1373 47 17 bath
1110 1373 59 17 house
1185 1373 15 16 is
1217 1372 75 17 divided
1308 1373 40 17 into
1366 1373 68 17 Ladies
1450 1373 38 17 and
1504 1373 121 17 Gentlemens
1641 1373 130 22 departments
1785 1372 38 18 and
1838 1373 16 16 is

508 1395 77 22 capable
593 1395 20 16 of
621 1395 164 21 accommodating
793 1397 35 15 400
837 1395 75 18 bathers
921 1395 57 23 daily.

531 1418 53 17 THE
593 1418 163 17 ELECTRICAL
765 1419 253 18 DEPARTMENT.—This
1026 1419 121 23 department
1162 1419 16 17 is
1195 1419 70 22 replete
1282 1419 46 17 with
1342 1420 33 17 the
1392 1420 49 17 most
1455 1419 78 18 modern
1549 1420 107 22 appliances
1672 1420 30 17 for
1719 1420 89 22 carrying
1822 1420 32 17 out

508 1442 75 16 various
592 1442 57 16 forms
658 1441 20 17 of
687 1441 80 17 medical
775 1442 94 17 electrical
877 1443 102 16 treatment
986 1442 20 17 in
1016 1442 49 18 their
1075 1443 89 22 entirety.

532 1464 53 17 THE
592 1464 189 18 HYDROPATHIC
789 1465 116 17 PACKING
911 1465 53 17 AND
971 1465 120 17 MASSAGE
1097 1465 224 18 DEPARTMENT.—A
1328 1467 55 16 series
1389 1467 20 16 of
1416 1472 61 12 rooms
1484 1472 31 12 are
1524 1466 97 18 furnished
1630 1467 38 16 and
1677 1468 28 16 set
1712 1467 56 22 apart
1773 1467 30 16 for
1809 1466 45 17 each

509 1493 39 15 sex,
555 1488 19 16 in
579 1487 54 18 order
639 1489 19 15 to
668 1493 54 16 carry
728 1490 34 15 out
771 1488 37 17 tins
814 1488 103 22 important
923 1488 80 22 adjunct
1007 1490 21 16 to
1034 1490 109 16 treatment.
1150 1489 39 18 The
1194 1489 78 17 services
1278 1489 20 18 of
1303 1495 12 11 a
1319 1489 89 23 qualified
1416 1490 95 17 Masseuse
1517 1489 37 18 and
1559 1490 85 17 Masseur
1653 1496 31 11 are
1693 1489 114 18 obtainable.

510 1543 89 18 Resident
607 1543 108 21 Engineer:

579 1567 115 17 CAMILLE
708 1568 133 20 MALFROY,
851 1568 46 19 Esq.

1401 1545 92 18 Resident
1501 1546 82 17 Medical
1591 1545 170 23 Superintendent:

1479 1569 103 18 ALFRED
1595 1569 121 19 GINDERS,
1730 1569 54 18 M.D.

727 1712 910 72 WHAKAREWAREWA.

717 1855 58 24 Two
788 1855 70 24 miles
872 1856 75 30 from
966 1856 122 28 Rotorua,
1110 1855 134 31 adjoining
1258 1855 151 32 interesting
1419 1857 82 22 native
1512 1857 144 23 settlement.

687 1911 369 55 GEYSER

1410 1911 248 55 OTEL

1032 2013 69 23 PA
1125 2012 25 23 T
1164 2013 25 22 R
1209 2012 21 23 O
1248 2012 33 23 N
1297 2012 22 24 S
1329 2021 10 17 ;

651 2052 54 19 Earl
730 2052 27 18 of
779 2052 106 22 Kintore,
912 2052 54 18 Earl
991 2052 27 18 of
1040 2052 100 22 Onslow,
1162 2052 105 24 Marquis
1287 2052 28 19 of
1333 2052 130 24 Drogheda,
1486 2052 61 19 Lord
1568 2052 147 24 Carrington.

613 2083 93 19 HOTEL
717 2084 37 18 has
764 2083 90 26 recently
865 2084 50 18 been
926 2083 141 25 considerably
1077 2084 103 23 enlarged,
1192 2085 115 22 renovated,
1319 2085 41 18 and
1370 2084 131 19 refurnished
1510 2084 114 25 regardless
1633 2085 22 17 of
1670 2090 94 19 expanse,
1783 2084 40 18 and
1839 2084 17 19 is

518 2104 24 26 X
579 2109 71 25 widely
660 2110 76 18 known
746 2111 32 17 for
789 2110 25 18 its
825 2109 98 19 excellent
933 2110 178 20 accommodation,
1124 2109 87 23 Cuisiue,
1224 2111 33 18 &c.

886 2144 75 24 Here
973 2153 45 15 are
1030 2145 41 23 the
1086 2145 80 31 Chief
1174 2145 87 30 Sights
1273 2146 32 30 of
1313 2146 40 22 the
1366 2146 118 23 District.

640 2186 47 19 The
696 2186 141 19 Wonderful
846 2186 81 19 Steam
936 2186 46 19 and
991 2186 49 19 Hot
1048 2186 85 19 Water
1141 2186 129 24 Petrifying
1279 2187 100 23 Geysers
1394 2187 80 22 playing
1486 2187 65 21 nearly
1569 2187 33 16 100
1618 2187 39 16 feet
1672 2186 54 22 high.

512 2209 131 24 Petrifying
651 2210 108 22 Geysers,
769 2209 130 19 Cauldrons
908 2209 26 18 of
940 2209 92 24 Boiling
1039 2210 58 18 Mud
1106 2210 47 17 and
1161 2209 42 19 Oil.
1229 2210 76 22 Spout
1314 2209 66 23 Bath,
1392 2210 36 19 Oil
1437 2210 65 22 Bath,
1512 2210 71 18 Alum
1592 2209 60 18 Bath
1661 2209 21 18 &
1696 2209 79 18 Jack's
1789 2209 66 19 Bath.

513 2233 79 19 Known
602 2234 33 18 for
642 2233 33 19 the
682 2233 155 24 extraordinary
847 2240 57 12 cures
911 2234 21 18 of
942 2232 149 25 Kheuiuatism,
1102 2233 119 25 Reuralgia,
1232 2233 112 26 Lumbago,
1354 2234 92 23 Sciatica,
1455 2234 87 24 Kidney,
1555 2233 61 19 Liver
1624 2233 40 19 and
1670 2234 59 18 other
1736 2234 120 22 complaints

628 2267 42 47 C.
696 2269 42 44 E.
761 2266 236 51 .NELSO.N,

922 2324 103 27 Guide

932 2482 39 23 On
994 2483 41 22 the
1059 2483 91 22 Direct
1173 2483 80 23 Route
1273 2486 22 20 to
1315 2484 120 23 Rotorua-

747 2523 45 17 For
809 2523 107 22 Scenery,
931 2523 110 18 Curative
1053 2523 132 22 Properties
1194 2523 26 18 of
1226 2523 39 18 the
1275 2523 73 19 Baths
1357 2524 47 18 and
1413 2523 206 22 accommodation,

655 2554 123 24 EXCEL
809 2553 70 25 ALL
912 2554 140 26 PLACES
1084 2554 47 26 OF
1160 2554 74 26 THE
1268 2555 87 25 KIND
1388 2556 33 24 IN
1453 2555 74 25 THE
1559 2555 161 26 COLONY.

539 2618 66 20 These
630 2618 78 26 prings,
719 2618 66 20 which
795 2618 33 20 for
837 2617 54 20 their
910 2617 95 21 Curative
1014 2618 119 26 Properties
1141 2618 42 19 and
1191 2618 138 20 Comfortable
1339 2618 98 26 Fittings,
1448 2619 52 20 have
1510 2618 50 21 been
1578 2620 130 24 pronounced
1722 2620 28 24 by
1766 2620 28 20 nil
1811 2621 44 18 who

513 2645 51 19 have
584 2645 74 19 visited
677 2644 56 20 them
750 2650 76 14 second
843 2650 24 13 to
884 2650 54 13 none
955 2650 21 14 in
993 2644 53 19 New
1062 2644 106 19 Zealand.
1195 2644 43 19 The
1253 2651 109 13 numerous
1372 2645 135 19 testimonials
1516 2646 92 18 received
1618 2652 22 12 as
1651 2648 22 17 to
1682 2646 54 19 their
1746 2653 58 12 cures
1814 2647 41 18 and

513 2671 84 19 comfort
609 2671 74 18 should
703 2671 26 18 be
746 2671 99 18 suilicient
863 2672 20 16 to
899 2670 72 18 induce
986 2670 92 19 Tourists
1094 2670 41 19 and
1148 2673 67 16 others
1232 2673 20 16 to
1262 2671 48 18 visit
1321 2671 62 19 them.
1412 2671 33 19 No
1455 2674 57 16 extra
1522 2671 75 26 charge
1607 2672 17 18 is
1634 2672 59 19 made
1703 2672 32 19 for
1744 2673 36 18 the
1790 2679 35 12 use
1835 2674 20 18 of

513 2698 34 18 the
558 2697 60 19 baths
628 2700 20 16 to
659 2703 84 18 persons
753 2697 81 24 staving
844 2699 21 15 at
874 2697 34 17 the
919 2696 61 19 hotel.

832 2743 81 26 THE
940 2731 531 40 OKOKOIRE~SANATORIUM

539 2785 22 20 Is
571 2784 108 20 connected
689 2784 50 19 with
750 2784 35 19 the
795 2783 134 27 Telegraphic
939 2787 74 22 system
1023 2785 22 18 of
1054 2784 35 20 the
1100 2784 82 25 Colony,
1192 2785 34 18 the
1234 2784 116 26 Telegraph
1361 2785 61 19 Office
1433 2785 107 26 adjoining
1550 2785 35 20 the
1596 2785 69 20 Hotel.
1695 2786 160 26 AllTelrgranis

513 2811 102 26 promptly
625 2810 78 25 replied
713 2813 26 16 to.

541 2837 94 21 Coaches,
646 2836 100 26 Buggies,
758 2836 39 19 and
809 2836 141 24 Conveyances
959 2836 21 19 of
990 2836 26 18 nil
1027 2836 60 19 hinds
1107 2836 56 19 leave
1181 2836 40 19 this
1239 2836 62 19 Hotel
1318 2844 24 11 on
1362 2837 111 25 Tuesdays,
1495 2837 122 26 Thursdays,
1637 2838 40 19 and
1696 2838 119 26 Saturdays,
1834 2846 21 12 or

513 2863 55 24 daily
578 2864 16 17 if
606 2862 102 25 required.
750 2862 88 19 Persons
857 2868 24 12 en
900 2865 57 15 route
976 2862 31 19 for
1026 2862 91 19 Rotorua
1132 2868 34 13 are
1185 2862 101 19 therefore
1306 2862 86 20 enabled
1414 2867 19 15 lo
1453 2864 44 18 visit
1510 2867 34 15 the
1561 2864 90 19 wonders
1661 2864 21 19 of
1696 2864 103 24 Okoroire,
1816 2865 39 19 and

513 2889 62 25 enjoy
585 2889 34 18 the
630 2888 90 19 Natural
729 2888 45 19 Hot
783 2888 65 19 Baths
858 2888 39 18 and
905 2894 12 13 a
927 2888 56 24 day's
993 2892 42 15 rest
1044 2888 94 25 previous
1148 2892 21 14 to
1180 2888 138 26 undertaking
1328 2896 12 11 a
1349 2889 88 25 journey
1448 2893 20 15 to
1478 2890 34 18 the
1524 2890 72 18 Lakes.

685 2965 46 18 Has
739 2964 90 25 recently
839 2964 5 16 1
853 2970 35 12 eon
900 2963 84 24 erected,
994 2965 39 17 and
1048 2965 17 17 is
1075 2964 77 25 replete
1163 2964 48 20 with
1227 2972 60 16 every
1297 2966 86 18 comfort
1393 2966 31 18 for
1435 2965 72 20 Touris

543 2991 186 19 Note.—Tourists
738 2993 21 16 to
769 2990 102 19 Sotorua!
900 2989 29 19 Be
940 2996 45 12 Mire
998 2993 21 15 to
1036 2989 47 20 take
1102 2997 51 17 your
1172 2991 29 18 rai
1211 2997 43 18 way
1273 2991 73 19 tickets
1364 2991 32 19 for
1413 2991 93 20 Okokoiu

514 3017 104 24 Okoroire,
630 3017 95 24 carrying
735 3022 121 20 passengers
866 3019 20 15 to
896 3015 63 19 Hotel
969 3017 42 17 free
1027 3017 21 17 of
1057 3017 82 23 charge.

1536 2966 39 18 and
1587 2966 97 19 Invalids.

1564 2992 143 25 Conveyances
1721 2996 54 16 meet
1793 2994 61 18 train?

1485 3052 252 55 Manager.

997 3229 7 23 I
1010 3233 71 19 mji^W-
1084 3236 6 19 1
1094 3229 162 35 ifflgHjL^BS

777 3389 242 40 EXPRESS
1054 3389 136 39 LINE
1225 3389 69 41 OF
1332 3391 265 39 COACHES.

518 3442 229 56 Carrying
767 3441 96 45 JUer
888 3441 253 56 Majesty's
1177 3441 135 46 <Mails
1345 3454 51 35 as
1435 3454 82 44 per
1547 3443 311 60 Time-tables,

680 3511 274 19 TAURANGA-ROTORUA
967 3511 64 18 LINE

672 3544 69 23 depart
787 3543 86 23 Tuesday
882 3543 38 17 and
928 3543 94 22 .Saturday

670 3568 62 18 arrive
820 3579 11 7 ~
974 3579 11 7 „

670 3591 69 23 depart
819 3603 12 7 ~
974 3602 11 7 ~

672 3614 38 17 aiTi
711 3619 23 11 vti
819 3626 11 5 ~

669 3637 68 22 depart
784 3635 85 22 Monday
885 3635 37 17 and
939 3635 70 22 Friday

1078 3544 10 15 S
1097 3548 44 12 a.m.

1037 3566 51 17 10.30
1097 3572 44 11 a.m.

1037 3590 50 16 10.43
1097 3595 44 10 a.m.

1077 3614 11 14 I!
1095 3617 45 16 p.m.

1077 3635 10 17 7
1096 3640 44 12 a.m.

1034 3658 52 16 12.:J0
1096 3663 44 16 p.m.

1034 3681 51 16 12.45
1094 3686 45 16 p.m.

1044 3704 41 16 3.15
1094 3709 45 16 p.m.

1190 3543 83 17 Rotorua

1189 3566 96 18 Ateamuri

1188 3589 94 18 Wairakei

1188 3612 70 22 Tanpo,

1188 3635 70 22 Taupo,

1188 3657 92 18 Wairakei

1188 3682 96 16 Ateamuri

1188 3704 89 20 Rotorua,

1366 3513 217 18 ROTORUA-TAUPO
1600 3514 71 18 LINE,

1357 3545 39 21 part
1444 3544 118 23 Wednesday
1578 3545 38 17 and
1637 3546 96 22 Saturday

1357 3568 40 21 part
1493 3581 10 6 ~
1672 3582 10 7 ~

1357 3591 40 21 part
1491 3603 12 7 ~
1670 3605 11 7 „

1359 3612 33 18 ive
1491 3626 11 7 „
1670 3628 10 7 „

1357 3637 42 19 part
1445 3636 98 20 Thursday
1558 3637 37 16 and
1612 3637 85 19 Monday

685 3760 127 33 Special
825 3760 229 31 Conveyances
1067 3759 158 31 arranged
1237 3758 49 26 ior
1299 3760 33 24 at
1345 3759 54 25 the
1412 3760 147 26 Shortest
1571 3760 120 26 Notice.

844 3797 198 26 STABLES:
1061 3796 169 25 Tutanekai
1259 3796 111 30 Street,
1394 3797 141 25 Rotorua.

681 3839 114 33 Buggies,
814 3837 117 33 Ceacf?e§
948 3837 51 32 ar?d
1018 3837 95 27 Saddle

1002 3878 131 16 TEFS7VtS
1161 3878 192 16 KODERHTf

869 3909 144 30 Telegrams
1025 3907 53 24 and
1087 3907 99 23 Letters
1195 3908 149 29 punctually
1358 3907 117 24 attended
1484 3911 29 21 to.

631 3978 115 26 Please
760 3976 74 25 note
848 3974 131 26 address

1776 3662 30 15 8..>
1815 3667 43 11 a.m.

1756 3684 52 17 11.30
1814 3689 44 12 a.m.

1763 3708 42 15 4.30
1813 3713 45 16 p.m.

639 4019 61 65 €.
751 4013 460 70 ROBeRTSON
1258 4013 48 64 &
1341 4013 127 66 eO..
1506 4021 234 48 Rotorua.

535 4093 292 50 wrWT'Sole
850 4094 306 44 contractors
1179 4085 76 47 for
1269 4087 183 47 .Messrs
1473 4087 45 45 T.
1540 4087 127 47 Cook
1687 4088 48 47 &
1755 4088 104 48 Son.

2075 743 60 27 Hot
2161 744 97 26 Lakes
2277 746 33 25 of
2326 746 71 26 New
2416 747 143 27 Zealand.

2014 886 28 18 IS
2054 886 23 18 A
2089 886 193 21 FIRST-CLASS
2295 889 207 19 TEMPERANCE
2514 890 106 20 HOTEL.

1963 916 238 25 HINeTUTOH
2217 918 199 26 STREET,
2437 919 237 25 ROTORUH.

1875 979 83 31 npHIS
1971 981 60 17 NEW
2044 981 54 17 AND
2110 981 191 18 COMFORTABLE
2313 983 217 17 ESTABLISHMENT
2538 984 16 17 is
2563 984 82 18 situated
2653 984 19 18 in
2681 984 32 18 the
2721 988 42 14 new

1881 1000 22 23 JL
1936 1004 96 22 township
2041 1004 20 17 of
2070 1005 90 19 Rotorua,
2169 1005 49 17 close
2227 1007 21 15 to
2256 1005 32 18 the
2297 1005 127 18 Government
2439 1006 120 18 Sanatorium
2571 1007 38 17 and
2622 1008 65 20 Baths,
2702 1006 60 18 which

2195 1029 91 22 comprise
2295 1029 32 16 the
2336 1029 105 17 cclehrated

1874 1054 92 19 Priest's
1976 1055 66 23 Bath,
2054 1055 108 19 Madame
2171 1056 86 19 Rachel
2265 1057 79 22 Baths,
2355 1057 140 19 Chameleon
2504 1057 95 20 Douche
2608 1058 66 22 Bath,
2690 1058 73 24 Large

1944 1078 58 19 Blue
2011 1078 139 25 Swimming
2157 1079 66 23 Bath,
2241 1080 102 23 Sulphur
2355 1080 95 23 Vapour
2458 1081 61 18 Bath
2528 1081 46 18 and
2582 1082 112 18 Galvanic

2230 1103 99 23 Battery
2337 1103 66 23 Bath,

1875 1124 68 18 OVER
1955 1125 93 18 WHICH
2064 1125 86 18 LARGE
2166 1126 119 18 BATHING
2302 1127 140 17 PAVILIONS
2462 1128 73 16 HAVE
2555 1128 70 17 BEEN
2645 1129 118 17 ERECTED

1981 1149 44 16 with
2035 1155 101 10 numerous
2145 1149 90 22 Dressing
2252 1150 75 19 Rooms,
2336 1152 36 15 etc.
2397 1150 77 17 Besides
2482 1151 52 17 these
2542 1151 53 18 (here
2603 1151 15 18 is
2627 1151 32 18 the

1875 1170 134 20 Pain-killer
2020 1171 67 23 Bath,
2103 1171 132 24 Coffee-pot,
2251 1172 132 19 Cameron's
2396 1173 46 18 and
2457 1173 128 19 Hinemaru
2598 1174 74 19 Baths
2685 1174 25 18 in
2724 1174 40 19 the

2179 1195 150 19 Sanatorium
2345 1196 115 20 Grounds.

1875 1238 113 20 Bathgatk
2008 1239 74 19 House
2099 1239 37 19 has
2152 1240 52 19 been
2223 1240 80 25 greatly
2319 1241 98 23 enlarged
2432 1242 32 18 for
2479 1241 92 20 Tourists
2588 1249 22 12 as
2629 1242 47 19 -well
2692 1249 22 12 as
2734 1242 31 19 fir

2113 1265 70 26 people
2197 1266 73 25 taking
2279 1273 12 12 a
2301 1273 70 12 course
2381 1268 21 18 of
2411 1268 35 18 the
2457 1267 71 19 Baths.

2131 1300 132 20 TERMS
2283 1301 231 22 MODERATE.

2052 1346 54 35 3.
2154 1346 52 35 T.
2231 1334 71 47 ~B
2329 1348 111 35 HM3
2465 1350 45 33 N
2534 1349 53 38 T,

2198 1391 243 20 PROPRIETOR.

1876 1416 126 19 N.B.—Most
2010 1419 21 17 of
2039 1419 54 17 those
2101 1420 44 17 who
2153 1420 43 18 visit
2204 1421 76 19 Brent's
2289 1423 24 17 do
2322 1430 20 10 so
2351 1425 84 22 through
2444 1426 32 17 the
2491 1426 46 18 kind
2550 1428 181 19 recommendations
2747 1430 21 17 of

2215 1446 88 21 previous
2312 1449 108 17 customers.

1921 1553 432 58 WAVERLEY
2437 1559 282 67 HOTEL,

1978 1630 168 36 QUEEN
2171 1631 205 37 STREET,
2394 1633 274 35 AUCKLAND.

2107 1680 107 19 UNDER
2227 1681 75 18 NEW
2314 1682 226 19 MANAGEMENT.

2095 1724 211 48 cIOSERH
2339 1726 212 51 JAeRJE,

2005 1789 62 25 (Late
2076 1790 22 19 of
2107 1790 35 19 the
2152 1790 56 19 Lake
2218 1791 71 19 House
2304 1792 41 19 and
2360 1792 73 19 Palace
2445 1792 77 22 Hotels,
2536 1793 107 25 Kotorua.)

2126 1821 49 19 Has
2180 1822 52 23 just
2241 1823 71 18 taken
2324 1828 56 14 over
2388 1823 48 19 this
2445 1823 76 20 Hotel.

1879 1844 128 19 Travellers
2016 1844 47 19 will
2071 1845 48 18 find
2129 1850 69 18 every
2206 1846 98 18 Modern
2314 1846 161 19 Convenience
2484 1847 122 19 combined
2611 1848 58 18 with
2675 1848 94 24 Civility

2183 1869 46 18 and
2236 1869 96 24 Prompt
2339 1870 124 19 attention.

1905 1912 43 19 The
1959 1912 98 19 situation
2067 1913 22 18 of
2104 1913 35 18 the
2154 1913 124 20 Waveki.ey
2297 1915 83 18 renders
2399 1915 16 18 it
2434 1915 97 25 specially
2549 1916 120 19 convenient
2686 1917 33 18 for
2734 1916 34 20 the

1879 1938 118 26 Travelling
2007 1938 74 20 Public
2091 1939 40 18 and
2149 1939 88 20 Visitors
2253 1943 20 16 to
2290 1940 34 20 tfce
2342 1940 45 26 City
2403 1941 53 19 from
2472 1940 34 20 the
2522 1941 90 26 Country
2630 1942 26 24 by
2677 1943 54 18 train
2746 1949 23 13 or

1879 1967 92 16 steamer.

1880 1990 102 30 Special
1992 1990 207 30 Arrangements
2209 1992 75 23 made
2295 1992 40 23 for
2346 1992 45 24 the
2407 1993 176 23 convenience
2596 1993 29 23 of
2637 1993 130 25 Families.

2072 2030 201 17 NIGHT
2318 2032 262 17 PORTER.

1881 2070 177 26 First-class
2073 2071 116 26 Billiard
2206 2072 120 26 Rooms.
2476 2074 60 26 and
2552 2074 110 28 Spirits
2675 2075 32 25 of
2714 2075 54 25 the

1959 2103 69 26 best
2044 2104 125 26 Brands.
2214 2105 171 27 Hancock's
2407 2107 82 25 Prize
2503 2107 103 26 XXXX
2622 2107 69 26 Ales

2152 2137 113 34 always
2284 2145 38 19 on
2349 2140 140 31 draught.

1879 2261 80 19 Under
1966 2262 40 18 the
2012 2262 172 23 distinguished
2189 2264 129 23 patronage
2325 2264 28 18 of
2355 2264 43 19 His
2405 2265 138 23 Excellency
2552 2265 61 19 Lord
2622 2266 144 24 Carrington,

1902 2294 120 18 Governor
2031 2294 26 18 of
2063 2294 100 22 N.S.W.,
2173 2295 47 18 and
2229 2295 61 19 Lord
2307 2295 96 20 Onslow
2412 2296 118 19 Governor
2539 2297 26 18 of
2570 2297 59 19 New
2638 2298 104 18 Zealand.

1878 2429 323 96 STftR
2328 2429 437 104 fioret,

1879 2650 9 14 r
1893 2650 71 23 PHE
2124 2657 16 12 's
2151 2650 129 25 pronounced
2291 2651 26 25 by
2333 2652 26 18 its
2371 2651 86 20 Patrons
2475 2654 20 17 to
2509 2652 25 19 be
2550 2652 34 19 the
2602 2652 45 19 best,
2660 2652 53 20 built
2728 2652 39 20 and

1884 2672 21 22 J.
1945 2677 44 19 best,
1999 2676 108 19 furnished
2119 2676 61 19 Hotel
2191 2676 21 20 in
2222 2677 35 19 the
2267 2676 66 21 North
2345 2678 20 18 Is
2374 2678 46 19 and.

1911 2708 137 26 Private
2061 2708 107 26 Suites
2177 2709 21 18 of
2207 2708 133 26 Apartment
2351 2709 31 19 for
2394 2709 100 20 Families.

2194 2741 103 31 Sample
2312 2744 93 22 Rooms
2427 2744 32 19 for
2474 2743 131 20 Commercial
2615 2744 125 19 Gentlemen.

1879 2774 87 21 Coaches
1975 2776 58 18 leave
2043 2776 35 18 the
2088 2776 62 18 Hotel
2158 2776 33 19 for
2206 2777 35 18 the
2255 2777 66 19 Lakes
2340 2784 26 12 on
2381 2778 76 18 arrival
2472 2779 21 17 of
2510 2778 25 18 all
2553 2781 104 17 steamers.
2687 2778 80 27 Special

1985 2802 94 24 Buggies
2095 2802 40 18 and
2145 2802 76 19 Saddle
2231 2803 78 19 Horses
2319 2810 36 12 can
2372 2803 25 20 be
2414 2804 96 19 obtained
2527 2805 31 18 for
2568 2804 27 19 all
2608 2809 56 20 parts

2235 2829 21 18 of
2266 2829 35 18 the
2317 2829 96 25 Country.

1879 2861 186 27 First-class
2079 2862 125 32 Sailing
2217 2863 62 26 and
2292 2863 137 33 Rowing-
2443 2864 98 26 Boats
2553 2864 48 26 for
2614 2865 153 26 Pleasure

2142 2896 63 24 and
2224 2896 135 33 Fishing
2370 2897 135 26 Parties.

1879 2936 63 26 The
1975 2936 164 26 Saltwater
2169 2936 128 33 Bathing
2332 2938 127 25 Pavilion
2495 2939 23 24 is
2553 2939 100 25 within
2680 2939 87 26 three

2083 2970 139 25 minutes'
2244 2970 75 25 walk
2340 2971 33 25 of
2388 2971 54 25 the

2099 3010 119 25 Telegrams
2238 3011 78 20 receive
2344 3014 80 22 prompt
2443 3013 105 18 attention.

2188 3113 281 26 PROPRIETOR

2784 717 216 46 IMPERIAL
3056 724 142 49 HOTEL,

2824 773 124 24 PORT
2972 777 194 27 STREET.

2917 813 160 22 AUCKLAND.

2810 875 95 24 Splendid
2920 878 168 21 accommodation
3100 881 30 19 for
3142 882 50 19 Tour-

2784 900 36 19 ists
2829 901 38 18 and
2878 901 116 22 Travellers.

2800 938 182 33 High-class
3001 943 109 26 Wines
3130 945 61 27 and

2893 972 116 33 Spirits
3021 975 83 33 kept.

2830 1051 39 26 W.
2904 1053 30 25 H.
2965 1054 85 26 PEA
3065 1056 20 25 R
3100 1056 21 26 C
3138 1057 27 31 E,

2910 1091 176 33 Proprietor.

2889 1188 110 17 SYMONDS
3014 1191 95 20 STREET,

2838 1218 43 20 lerly
2889 1218 27 16 Sir
2927 1218 49 17 Fred.
2991 1219 104 17 Whitaker's
3105 1221 105 20 Residence,)

2928 1248 96 21 Telephone
3036 1251 38 15 64i.

2808 1276 16 15 A
2832 1276 40 16 Few
2881 1276 61 17 LudieH
2949 1278 34 16 and
2992 1279 100 16 Gentlemen
3104 1284 31 12 can
3148 1280 21 16 be
3182 1286 18 10 ac-

2787 1298 115 16 commodated
2907 1299 41 15 with
2952 1300 75 20 superior
3031 1300 55 16 Board
3093 1301 13 16 &
3112 1301 98 17 Residence.

2809 1326 35 16 The
2853 1327 51 16 hmise
2912 1328 14 15 is
2933 1329 75 16 situated
3016 1330 16 15 in
3038 1330 47 20 large
3091 1331 79 19 grounds,
3177 1331 34 15 and

2838 1349 46 15 lands
2891 1350 110 19 magnificent
3010 1351 50 16 views
3067 1352 19 15 of
3095 1352 28 15 the
3131 1352 79 16 harbour.

2812 1377 60 17 •.odnia
2881 1377 59 18 Lawn.

2810 1407 34 15 Ten
2854 1407 79 16 minutes'
2943 1409 44 16 walk
2997 1409 42 16 from
3048 1410 28 16 the
3085 1410 40 16 Post
3132 1411 57 16 Office.

2810 1436 41 16 Can
2860 1438 32 15 and
2902 1437 61 17 Busses
2971 1444 39 15 puss
3018 1439 29 16 the
3053 1442 79 14 entrance
3141 1442 44 18 gate.

2790 1480 47 26 W.
2850 1481 36 25 H.
2906 1481 29 27 &
2953 1483 38 25 H.
3018 1484 32 26 C.
3079 1486 134 33 Wright,

2862 1530 130 21 fc-UEGEON
3005 1533 136 22 DENTISTS.

2835 1599 121 24 (Successors
2966 1604 19 15 to
2997 1602 24 19 A.
3032 1602 23 19 L.
3071 1603 100 26 Wright.)

2818 1633 71 23 'Notify
2897 1633 44 21 that
2952 1635 46 25 they
3008 1643 33 12 are
3051 1638 118 25 continuing
3178 1640 35 19 tho

2791 1658 95 20 Business
2897 1663 20 16 at
2924 1661 35 18 the
2970 1661 97 21 Premises
3078 1666 33 22 top
3118 1665 20 18 of
3145 1666 57 18 Short-

2791 1684 125 21 land-street.
2944 1687 41 19 The
2996 1688 111 25 high-class
3123 1691 54 19 work
3194 1692 21 18 of

2792 1711 33 18 the
2835 1710 41 21 late
2887 1712 31 19 Mr
2927 1713 23 18 A.
2961 1713 22 19 L.
2995 1714 83 26 Wright
3088 1715 40 19 will
3138 1716 24 19 be
3178 1717 24 19 ad-

2792 1737 59 19 hered
2863 1740 24 21 to,
2899 1739 39 18 and
2949 1746 39 18 any
3003 1740 37 19 left
3057 1741 113 20 unfinished
3188 1743 27 25 by

2792 1764 44 18 that
2846 1764 115 24 gentleman
2972 1765 39 20 will
3022 1766 24 19 be
3061 1768 110 24 completed
3188 1769 26 24 by

2884 1790 34 19 the
2924 1797 43 13 new
2977 1796 146 21 management.

2791 1823 113 25 Telephone
2914 1826 44 18 657.

2825 1877 23 26 J.
2870 1877 30 26 H.
2921 1879 261 35 BUCHANAN,

2864 1927 95 27 Stone
2971 1929 172 28 Merchant.

2882 1974 176 20 ESTABLISHED
3075 1978 49 17 1892.

2814 2023 117 23 Statuary,
2958 2025 160 19 Monumental
3148 2028 46 18 and

2907 2047 97 19 General
3013 2048 88 20 Mason.

2791 2081 106 18 MARBLE
2906 2083 15 17 &
2927 2083 148 18 FREESTONE
3083 2085 122 18 CHIMNEY
3206 2087 10 14 J

2814 2105 95 21 PIECES,
2927 2107 124 20 MANTELS,
3066 2108 83 21 VASES,
3159 2110 32 17 &c.

2818 2139 137 27 VICTORIA
2973 2141 117 27 STREET
3105 2142 81 31 EAST,

2794 2178 419 39 HUCKLKND.

2817 2240 87 25 Designs
2922 2241 40 19 and
2979 2242 67 19 Prices
3063 2242 112 21 forwarded
3193 2246 20 17 to

2791 2272 40 19 any
2840 2270 44 21 part
2894 2267 21 19 of
2924 2268 34 18 the
2968 2268 97 20 Province
3074 2275 22 13 or
3103 2268 75 27 Colony
3188 2277 26 12 on

2791 2292 127 25 application.

1973 3232 231 46 ROBERT
2236 3232 254 48 FDRJIESS
2523 3233 46 47 &
2601 3234 83 50 Co.,

1917 3333 380 27 MANUFACTURERS
2335 3334 113 26 AND
2488 3335 251 28 IMPORTERS,

2076 3425 181 35 FORT
2292 3426 290 35 STRSeT.

2841 2351 160 45 Steele
3022 2351 136 47 Bros.

2804 2449 185 41 MARAEROA
3034 2449 167 43 SAWMILL,

2791 2552 41 25 XJ
2858 2558 53 22 past
2925 2557 76 18 favors
3015 2557 46 18 and
3076 2557 43 23 beg
3137 2559 24 17 to
3176 2564 26 12 an-

2791 2585 88 13 nounce
2888 2580 52 18 that
2949 2580 85 23 having
3041 2585 14 13 a
3069 2580 61 23 large
3145 2582 68 17 stock

2791 2603 26 19 of
2826 2603 170 19 well-seasoned
3005 2603 118 19 first-class
3132 2604 82 18 timber

2791 2632 29 13 on
2829 2627 61 18 hand
2898 2627 56 20 they
2962 2632 37 12 are
3008 2627 110 20 prepared
3125 2628 24 17 to
3156 2627 57 18 fulfil

2794 2718 48 43 T.
2881 2717 64 44 M.
2983 2717 47 43 II

3032 2718 115 20 ARRISOX,
3161 2718 21 17 13.
3185 2718 21 16 A.

2825 2780 141 18 BARRISTER
2979 2780 52 18 AND
3040 2780 139 20 SOLICITOR,

2804 2821 37 20 lib,
2863 2820 95 18 Victoria
2978 2820 87 21 Arcade,
3086 2820 110 17 Auckland

2873 2906 8 10 )•
2894 2899 36 18 and
2945 2899 84 17 Solicitor
3043 2899 20 16 of
3079 2898 30 18 the
3126 2899 73 21 Supren:

2883 2923 62 19 Court,
2952 2922 83 19 Ontario,
3042 2921 80 18 Canada.

2794 3154 71 17 Losses
2874 3154 35 16 Pat
2914 3157 11 13 d

2794 3185 50 17 FntE
2857 3184 97 18 PaEinvjt
2970 3184 55 17 Exce

2794 3217 148 16 Accn.\iri.ATKi>
2947 3215 67 18 Funds
3020 3215 8 16 I

3088 3152 128 20 .£'20,000,000

3091 3183 2 18 .
3102 3183 115 18 .fI.riOO.OOG

2863 3255 36 18 W.
2922 3254 93 18 WARD
3034 3253 108 22 BAKER,

2827 3294 95 19 District
2930 3294 115 22 Manager,
3055 3292 127 19 Auckland.

2879 3334 37 18 W.
2930 3334 27 17 A.

2853 3373 68 18 Local
2942 3373 82 20 Agent,
3052 3372 107 18 Rotorua.

2019 3548 159 23 ROTORUA.

2045 3779 4 19 ,
2060 3779 47 17 >w.lk
2117 3780 47 16 from
2171 3780 33 17 the
2210 3781 74 17 Govern
2286 3791 9 2 -

2047 3803 40 17 lent
2095 3803 75 22 Baths.)

2003 3904 189 23 TBRMS:

1909 3947 45 22 35s
1961 3954 47 22 per
2027 3948 89 26 week;
2135 3948 29 22 6s
2178 3955 47 22 per
2232 3948 59 30 day.

1910 3985 62 23 Two
1984 3985 90 23 weeks
2083 3992 28 16 or
2121 3985 99 29 longer,
2237 3986 54 24 30s.

2011 4119 186 22 PBOPEIETOB.

2848 3451 106 40 DAVID
2985 3450 179 46 SHERRIPF,

2881 3524 108 20 KAIIII.T
3008 3522 133 26 BTJICBKR,

2848 3576 14 17 A
2869 3581 57 12 li.uvi
2950 3576 89 19 Street,
3063 3573 109 18 J?otoi«ua.'

2820 3624 22 18 Is
2860 3630 44 12 now
2923 3622 94 24 carrying'
3035 3628 25 12 oti
3078 3621 34 19 the
3128 3621 88 19 business

2796 3657 60 23 lately
2877 3656 109 19 conducted
3005 3656 27 24 by
3049 3655 73 19 Messrs
3139 3654 77 20 Jecklin

2796 3692 38 18 and
2845 3691 74 22 Cotter,
2931 3690 39 19 and
2980 3690 17 18 is
3006 3689 98 26 prepared
3114 3691 18 17 to
3145 3687 71 26 supply

2796 3726 33 18 the
2839 3725 68 25 public
2918 3725 46 19 with
2977 3724 61 25 prime
3046 3722 77 26 quality
3133 3722 19 19 of
3164 3723 51 17 meat

2796 3760 37 18 and
2844 3760 56 18 small
2911 3758 63 26 goods

2868 3803 13 18 .A
2893 3803 9 17 r
2917 3800 115 21 L<»WK?T
3048 3799 98 20 PRICE?.

2822 3882 172 23 WYNYASD
3007 3882 20 21 &
3035 3877 152 27 PUitCHAS,

2856 3932 127 20 Baiuustebs
2991 3937 40 13 and
3041 3930 116 20 Solicitous,

2796 3987 79 20 B.N.Z.
2883 3986 116 22 Chambers,
3008 3983 97 23 QueenSt,
3114 3981 103 20 Auckland

2796 4080 81 28 ~\TTE
2890 4081 51 18 have
2950 4085 70 18 money
3029 4080 19 16 to
3058 4076 45 19 lend
3115 4082 24 12 on
3155 4075 62 20 Mort-

2809 4097 35 26 VV
2885 4112 53 19 gage
2947 4106 21 18 of
2982 4103 96 20 Freehold
3091 4102 40 18 and
3146 4101 60 20 Lease-

2796 4132 48 19 hold
2853 4136 94 21 property
2957 4133 20 16 at
2987 4132 78 17 current
3072 4131 59 15 rates.

2370 3548 111 23 Visitors
2492 3549 26 21 to
2531 3548 45 22 the
2592 3548 53 23 Hot
2653 3549 90 23 Lakes.

2371 3650 174 45 Palace
2580 3652 160 54 Hotel,

2342 3716 66 17 Mtunt
2422 3715 12 18 (1
2459 3716 20 17 in
2504 3715 34 20 the
2561 3716 50 18 New
2634 3716 41 18 (I<>\
2681 3721 87 14 eminent

2342 3740 106 24 TnWHShi|)
2466 3747 17 12 111
2501 3749 52 12 (NOSH
2572 3742 90 25 [iri>.\iltlil
2667 3749 11 11 V
2698 3747 20 14 tO
2738 3743 33 17 tile

2342 3767 36 18 Ij.ii
2430 3768 63 18 Sunat
2501 3768 63 22 -lijiu,

2342 3793 70 20 Kai.wi
2419 3800 14 17 y
2441 3794 72 19 Stattut
2523 3807 5 4 .

2368 3845 41 18 Tim
2421 3844 60 20 ITi.tel
2493 3845 16 19 is
2525 3845 123 25 liuuiioiislj
2667 3846 103 18 fiirni-hod

2341 3871 38 19 and
2393 3878 27 12 roi
2429 3871 40 18 leie
2481 3872 45 17 with
2533 3877 57 14 every
2600 3873 102 17 c-nveni<v
2713 3878 20 12 cp
2742 3872 30 18 for

2342 3897 85 19 tuuiirtn
2438 3897 39 19 and
2591 3897 19 18 Jr
2631 3905 10 11 c
2657 3904 30 12 tnn
2695 3898 51 18 and«
2761 3904 9 12 a

2342 3922 92 25 splendid
2446 3930 44 11 vieu
2503 3924 21 17 of
2534 3922 22 19 tl>
2564 3931 5 4 •
2577 3921 55 20 Lake
2643 3924 37 18 and
2691 3925 15 17 is
2717 3932 8 8 u
2733 3924 11 18 i-
2751 3924 10 18 h-

2342 3949 20 19 in
2373 3956 45 17 easy
2430 3956 66 11 access
2509 3948 21 19 of
2546 3948 33 19 the
2596 3950 78 24 Heyt-er
2688 3952 82 23 Springs

2343 3974 20 18 of
2376 3974 184 20 Whaknrewarewa
2570 3981 17 12 a>
2597 3975 13 18 d
2620 3975 26 19 nil
2659 3975 32 20 the

2343 4000 20 19 of
2375 4001 33 18 the
2419 4000 85 19 district.

2356 4027 34 18 All
2399 4027 105 24 telegrams
2516 4026 103 25 promptly
2628 4027 95 19 attended
2732 4031 27 16 to.

2409 4094 85 31 JOHN
2522 4094 182 38 JOHNSTON,

2476 4140 169 18 PEOPEIETOE.
