3235 4293
1096 93 44 16 The
1152 92 105 18 Langham.

985 123 106 18 Mesdiunes
1099 123 79 20 Joshua,
1185 123 75 23 Taupo;
1275 124 78 19 Corlett,
1360 123 37 17 and

962 146 57 21 child,
1029 147 90 17 Tokuunu
1127 146 4 24 ;
1145 147 76 19 Parata,
1231 147 107 23 Tauranga.
1351 147 46 17 Miss

962 170 76 22 Battey,
1045 170 82 17 Pokeno.
1137 170 64 22 Judge
1206 170 78 20 Wilson,
1291 169 104 20 Auckland;

962 192 70 18 Messrs
1048 192 76 19 Parata,
1150 193 110 23 Tauranga;
1288 192 108 19 Tarawhiti.

962 215 89 22 Hiuitly;
1065 215 88 18 Jackson.
1175 217 91 16 Mamaku
1273 215 3 22 :
1299 215 91 18 Lichfield

962 238 90 20 Lismore;
1066 238 70 20 Proud,
1146 239 82 21 Pokcno;
1243 240 77 22 Turpin.
1332 239 52 17 Weth-

962 263 69 18 erston,
1049 261 118 18 Btratiunore
1176 261 4 23 ;
1199 262 81 19 Simcox,
1305 262 81 22 Welling-

962 286 40 16 ton.
1027 284 41 18 Mrs
1076 284 77 20 Wilson,
1163 285 109 21 Auckland;
1285 286 32 16 Mr
1322 286 68 16 Dunne

962 308 82 16 Hawera
1051 307 3 21 :
1068 308 31 16 Mr
1107 307 101 21 Milluiore,
1215 307 105 21 Taranaki:
1329 308 68 18 Messrs

962 331 50 17 Boot
1020 330 38 17 and
1066 331 53 19 Ross,
1129 331 97 18 Mamaku.

963 389 56 19 THE
1038 389 56 19 HOT
1113 389 94 19 LAKES
1226 389 169 19 CHRONICLE

963 424 432 13 AND

963 450 216 21 Tourists'
1203 450 192 21 Journal.

993 507 170 22 WEDNESDAY,
1174 510 102 17 AUGUST
1286 512 15 17 5,
1314 511 50 17 1896.

1075 564 221 22 PROSPECTING.

962 617 21 18 It
993 617 17 19 is
1020 617 56 25 quite
1086 617 81 19 evident
1176 618 52 19 from
1240 619 34 18 the
1283 622 83 16 amount
1376 619 20 20 of

963 643 124 19 enthusiasm
1106 643 65 19 which
1196 644 36 18 has
1256 644 51 20 been
1326 646 69 18 shown

962 675 49 13 over
1029 669 35 19 the
1082 669 109 19 formation
1209 671 22 17 of
1252 671 35 19 the
1305 671 91 19 Kotorita

964 695 132 25 Prospecting
1105 695 127 20 As-ociation
1242 697 45 19 that
1298 697 98 20 residents

963 727 34 13 are
1010 721 124 19 determined
1145 724 19 16 to
1173 725 31 15 sot
1220 725 22 16 at
1258 726 46 19 rest,
1322 725 31 17 for
1369 724 26 18 all

953 744 1 27 I
963 747 53 18 time,
1029 747 35 18 the
1073 747 63 18 vexed
1148 748 93 23 question
1251 749 22 18 of
1289 750 35 19 the
1333 751 31 19 exi
1378 754 9 15 t-

963 779 48 12 ence
1021 779 22 12 or
1058 773 152 19 non-existence
1219 775 21 17 of
1251 775 145 25 gold-bearing

964 802 64 15 strata
1046 798 21 19 in
1084 798 42 19 this
1144 799 161 25 neighborhood.
1343 803 53 19 Ever

962 824 55 19 since
1041 824 34 19 the
1095 821 43 22 first
1155 825 89 27 meeting
1262 828 134 25 applications

962 851 33 18 for
1004 850 68 19 shares
1080 850 51 19 have
1139 850 71 20 flowed
1220 852 20 19 in
1252 854 40 18 and
1303 856 34 17 the
1344 855 52 20 limit

963 883 48 12 over
1020 876 64 19 which
1100 876 34 19 the
1152 877 33 19 list
1202 879 21 18 of
1237 880 100 19 members
1355 888 41 13 was

962 905 36 15 not
1008 902 99 24 supposed
1119 905 19 16 to
1148 910 26 18 go
1185 904 36 19 has
1233 905 50 20 been
1295 908 55 18 twic9
1360 915 24 11 ex-

963 928 79 19 tended.
1070 928 49 19 Tliis
1130 930 114 25 unanimity
1263 938 26 14 on
1305 933 35 19 the
1350 937 45 23 part

963 955 21 17 of
994 956 34 16 the
1038 956 136 24 townspeople
1191 957 16 18 is
1227 958 82 25 unique,
1330 961 39 18 and
1380 961 15 18 it

963 980 16 18 is
990 984 20 14 to
1020 979 25 19 be
1056 981 100 24 regretted
1169 982 44 19 that
1223 984 16 18 it
1246 984 17 19 is
1270 989 36 15 not
1313 987 81 18 evinced

963 1012 53 12 more
1026 1006 116 25 frequently
1153 1008 19 18 in
1183 1009 59 19 other
1258 1015 88 16 matters.
1376 1013 19 18 It

962 1031 17 20 is
988 1034 37 17 not
1033 1035 22 16 at
1063 1031 29 20 all
1107 1033 126 25 improbable
1250 1038 45 20 that
1311 1040 73 18 aurifer-

962 1064 37 12 ous
1009 1062 63 15 strata
1082 1064 24 13 ui:
1114 1066 13 17 y
1144 1060 23 18 be
1178 1065 40 15 met
1239 1065 46 18 with
1295 1065 20 20 in
1326 1074 38 12 one
1373 1073 22 13 or

962 1085 58 17 other
1030 1086 22 16 of
1061 1085 34 18 the
1105 1092 74 19 i.inges
1198 1088 63 21 about
1281 1092 54 19 here.
1355 1101 32 11 nm
1387 1094 7 18 ]

962 1113 21 15 at
1002 1114 34 16 the
1056 1112 99 24 meetings
1172 1114 21 19 of
1213 1116 35 19 the
1267 1118 126 21 Assort,;,,,,

962 1137 153 19 Horohorohus
1130 1140 22 16 be
1155 1147 24 12 en
1199 1142 76 19 alw.ivs
1282 1144 82 24 alluded
1374 1153 21 15 to

962 1169 21 11 as
994 1163 78 24 ground
1083 1164 62 25 likely
1155 1171 21 15 to
1186 1163 110 32 repay*the
1315 1174 79 20 trouble

961 1190 21 17 of
992 1191 134 25 prospecting.
1150 1194 113 26 According
1272 1199 19 15 to
1301 1199 15 18 t}
1319 1207 16 12 ie
1346 1203 37 17 Sur-

962 1222 36 18 vey
1011 1223 46 18 map
1066 1217 35 19 the
1112 1223 80 16 eastern
1202 1221 43 20 side
1255 1223 21 18 of
1286 1223 20 18 th
1310 1233 10 11 0
1331 1233 64 17 rftn(ro

961 1248 17 12 is
990 1243 26 19 all
1026 1245 68 18 native
1105 1245 54 24 land,
1171 1246 37 20 but
1216 1254 25 12 on
1258 1248 35 19 the
1309 1257 84 17 western

961 1269 43 18 side
1014 1271 56 18 thtro
1080 1271 17 18 is
1109 1278 25 12 an
1145 1273 67 25 ample
1221 1280 47 13 area
1286 1275 20 18 of
1323 1279 69 20 Crown

960 1297 7 17 1
980 1297 44 19 nds.
1052 1297 20 19 It
1082 1297 17 19 is
1109 1298 123 21 understood
1249 1301 44 19 that
1309 1305 16 18 it
1335 1307 17 18 i
1359 1307 36 18 the

960 1323 99 20 intention
1070 1323 21 19 of
1100 1324 34 19 the
1154 1325 126 21 Association
1300 1333 20 16 to
1337 1339 45 17 pros-

960 1354 45 20 pect
1014 1351 49 19 both
1073 1350 54 19 sides
1137 1351 21 18 of
1167 1352 35 18 the
1221 1360 65 18 range
1303 1364 12 11 n
1317 1364 9 11 s
1341 1366 48 12 soon

960 1382 21 12 as
993 1378 33 18 the
1034 1383 105 17 necessary
1149 1377 74 19 licence
1238 1379 16 19 is
1264 1379 102 25 obtained.

986 1404 25 19 In
1021 1403 71 25 regard
1104 1405 21 17 to
1139 1404 94 25 carrying
1249 1412 26 12 on
1292 1413 90 23 prospect-

960 1430 35 26 ing
1006 1429 113 26 operations
1129 1430 80 18 outside
1218 1431 78 28 mining
1305 1437 88 19 districts

959 1457 57 18 there
1026 1462 64 12 seems
1099 1459 21 15 to
1127 1455 26 19 be
1169 1463 13 12 a
1195 1457 52 23 good
1267 1458 43 24 deal
1329 1464 53 19 ofun

959 1482 99 25 certainty
1068 1481 51 20 here
1127 1487 23 14 as
1157 1485 21 16 to
1194 1482 45 20 how
1247 1482 35 24 the
1301 1489 39 18 law
1359 1497 21 14 ap-

959 1509 55 24 plies,
1027 1509 39 19 and
1080 1507 54 20 what
1151 1509 109 24 privileges
1279 1520 12 12 a
1309 1516 82 19 miner's

959 1535 55 24 right
1025 1534 78 20 carries.
1133 1535 113 24 According
1256 1539 20 17 to
1292 1542 34 18 the
1336 1542 42 19 Min-

959 1561 36 23 ing
1006 1563 37 18 Act
1051 1562 20 18 of
1080 1561 4 28 1
1091 1562 35 18 891
1136 1567 10 12 a
1157 1561 80 19 miner's-
1246 1563 55 26 right
1309 1568 72 19 author-

959 1587 52 25 ising
1021 1587 78 23 mining
1110 1593 24 12 on
1152 1587 71 19 Crown
1240 1588 58 24 lands
1310 1601 45 17 may
1366 1594 25 19 bo

959 1614 95 19 obtained
1065 1620 24 11 on
1097 1615 95 23 payment
1199 1614 22 18 of
1231 1616 23 18 10
1256 1624 9 12 s
1273 1626 13 17 p
1287 1627 21 11 pr
1317 1627 74 12 ammm

959 1640 39 19 and
1009 1647 24 12 on
1045 1643 67 16 native
1122 1639 64 22 lands,
1199 1641 35 17 !2()s
1252 1650 13 12 ri
1268 1652 21 12 er
1307 1653 81 12 annum.

958 1666 43 19 The
1011 1666 59 19 latter
1080 1665 17 18 is
1113 1665 47 25 only
1178 1666 19 18 in
1214 1666 60 26 force,
1292 1672 98 22 however,

959 1692 69 19 within
1040 1692 33 19 the
1085 1693 67 17 native
1172 1692 78 23 district
1260 1697 20 19 in
1301 1698 63 20 which
1376 1699 15 18 it

958 1718 17 19 is
985 1719 61 18 taken
1058 1720 39 20 out,
1110 1718 38 18 and
1160 1718 16 18 it
1187 1718 16 18 is
1213 1726 38 21 exp
1253 1730 41 12 rpss
1296 1724 5 18 ]
1305 1731 12 12 v
1327 1732 8 10 s
1338 1728 5 15 f
1346 1732 9 11 n
1359 1725 32 19 ted

958 1744 45 19 that
1034 1746 67 17 native
1122 1744 77 19 district
1239 1756 69 12 means
1324 1751 57 19 exclu-

958 1770 63 25 sively
1031 1771 45 18 that
1091 1774 45 21 part
1146 1771 21 18 of
1185 1778 12 11 a
1214 1775 80 26 mining
1314 1776 77 20 district

958 1797 88 19 wherein
1057 1798 34 18 the
1108 1796 47 19 laud
1175 1797 17 18 is
1212 1797 20 18 th
1235 1808 11 11 e
1265 1806 95 20 property
1371 1804 22 18 of

957 1824 85 17 natives.
1072 1823 19 19 It
1108 1822 17 19 is
1131 1822 100 26 perfectly
1247 1828 59 23 olear,
1324 1829 57 19 there-

957 1849 50 23 fore,
1018 1850 45 18 that
1073 1850 34 18 the
1118 1848 70 20 holder
1199 1850 20 18 of
1231 1861 8 10 K
1255 1861 10 11 c
1266 1854 13 19 h
1290 1844 102 30 n'miner's

959 1874 54 26 right
1021 1876 17 18 is
1048 1878 35 17 not
1093 1874 82 20 entitled
1188 1878 19 16 to
1216 1882 92 20 prospect
1319 1888 24 12 on
1353 1881 37 19 the

959 1902 66 18 native
1033 1901 47 19 land
1089 1906 20 15 at
1118 1901 107 20 Borohoro
1233 1907 64 18 which
1307 1908 16 17 is
1333 1908 47 18 with-

957 1928 19 18 in
988 1934 25 12 no
1032 1928 68 18 nativo
1124 1928 83 19 district.
1247 1932 11 19 J
1260 1939 10 12 n
1294 1934 59 18 order
1371 1935 22 18 to

957 1957 92 21 prospect
1059 1961 24 12 on
1094 1954 68 20 nativo
1174 1953 45 23 land
1230 1959 78 18 outside
1319 1967 11 11 a
1338 1960 39 19 min-

957 1979 36 24 ing
1003 1980 76 19 district
1090 1979 122 27 application
1223 1988 54 15 must
1287 1985 25 18 be
1331 1986 61 19 made

956 2008 20 16 to
988 2006 34 19 the
1038 2006 104 20 Governor
1160 2007 46 20 who
1225 2017 47 18 may
1290 2012 48 18 with
1357 2012 34 19 the

956 2035 83 15 consent
1048 2033 21 18 of
1079 2033 34 19 the
1122 2039 77 15 owners
1208 2031 54 24 issue'
1269 2044 12 11 a
1288 2040 91 22 prospect-

957 2057 36 25 ing
1003 2058 73 19 licence
1086 2059 33 19 for
1128 2059 34 19 the
1170 2058 47 22 land
1228 2063 99 24 specified.
1343 2064 48 23 Any

956 2090 38 12 one
1004 2086 129 23 prospecting
1144 2091 25 13 on
1186 2088 68 20 native
1273 2089 47 19 land
1331 2090 48 19 with-

956 2113 36 15 out
1002 2110 48 18 such
1060 2111 74 19 licence
1145 2111 15 18 is
1171 2113 62 19 liable
1242 2118 21 15 to
1281 2122 11 12 a
1308 2116 82 24 penalty

955 2136 89 24 ranging
1053 2137 51 19 from
1115 2137 30 19 5
1164 2142 21 16 to
1204 2141 49 18 oo.
1282 2142 18 18 A
1309 2137 81 23 'licence

956 2163 20 17 to
987 2166 91 22 prospect
1088 2170 25 12 on
1123 2165 70 19 Crown
1209 2166 58 19 lands
1287 2168 79 18 outside
1379 2175 11 11 a

955 2188 80 25 mining
1046 2189 76 19 district
1133 2197 46 19 may
1188 2191 26 19 bo
1230 2194 96 18 obtained
1338 2195 51 17 from

955 2214 34 19 the
1009 2212 162 23 Commi-sioner*
1183 2218 22 18 of
1221 2218 70 20 Crown
1312 2219 78 20 Lands.

954 2240 29 19 To
995 2247 24 14 20
1030 2241 83 20 further.
1143 2242 24 19 In
1179 2243 34 19 the
1233 2249 60 15 event
1312 2247 21 17 of
1342 2246 47 24 gold

955 2266 63 25 being
1027 2267 114 20 discovered
1152 2275 24 13 on
1186 2271 69 19 native
1273 2272 49 19 land
1343 2274 35 17 out-

954 2293 43 18 side
1007 2300 12 11 a
1044 2294 78 24 mining
1139 2294 78 21 district
1236 2297 65 19 under
1319 2299 48 18 such
1378 2305 12 11 a

955 2319 78 23 mining
1042 2319 73 20 licence
1125 2327 22 12 ns
1157 2322 64 19 above
1239 2323 99 20 indicated
1355 2325 35 17 the

954 2345 71 19 bolder
1035 2346 21 18 of
1065 2346 34 19 the
1110 2346 73 21 licence
1193 2355 47 17 may
1250 2350 63 25 apply
1322 2353 20 16 to
1353 2351 37 18 the

954 2370 104 20 Governor
1067 2372 32 19 for
1108 2379 11 12 a
1132 2374 53 18 lease
1196 2375 63 19 which
1268 2376 34 19 the
1310 2377 65 18 Govor-

953 2403 37 13 nor
1002 2404 45 17 may
1058 2402 59 19 grant
1127 2406 24 12 on
1161 2400 34 19 the
1211 2402 77 19 cession
1306 2409 23 12 or
1346 2402 42 20 siTe

953 2424 21 18 of
984 2424 48 18 such
1044 2424 56 19 lands
1114 2427 21 16 to
1151 2426 34 19 the
1202 2426 78 21 Crown.
1316 2429 73 18 Before

953 2449 35 19 the
999 2450 78 19 natives
1087 2451 47 18 cede
1146 2458 39 18 any
1193 2452 47 20 land
1249 2456 19 17 to
1276 2454 34 19 the
1318 2455 69 19 Crown

953 2482 25 12 on
997 2476 64 19 which
1079 2476 47 25 gold
1145 2478 37 18 has
1203 2479 50 19 been
1274 2480 115 19 discovered

953 2502 48 23 they
1012 2503 40 17 will
1071 2503 51 19 have
1141 2504 66 25 ample
1226 2507 131 24 opportunity
1367 2508 22 17 of

953 2528 91 21 defining
1054 2529 52 18 their
1124 2530 93 19 interests
1236 2532 20 18 in
1271 2532 34 19 the
1322 2527 60 29 si'me,

953 2555 39 18 and
1002 2554 77 25 hnving
1089 2555 25 18 its
1120 2556 61 20 value
1191 2558 105 25 equitably
1306 2559 80 19 settled.

1000 2612 32 16 Dr
1046 2612 171 19 MacGREGOR'S
1233 2616 100 17 REPORT.

976 2658 39 17 The
1025 2658 98 22 following
1132 2660 14 16 is
1156 2661 43 17 that
1208 2661 76 22 portion
1293 2663 20 16 of
1321 2663 56 17 there-

953 2683 44 20 port
1006 2681 59 18 which
1075 2683 67 17 relates
1151 2684 20 17 to
1180 2684 32 17 the
1230 2685 120 21 Sanatorium
1360 2691 28 12 :

953 2704 16 17 A
979 2706 53 18 great
1040 2704 41 18 deal
1099 2706 20 16 of
1133 2708 99 16 confusion
1246 2708 59 17 exists
1320 2709 19 16 in
1356 2709 32 17 the

953 2728 64 22 public
1030 2728 52 17 mind
1099 2730 103 22 regarding
1218 2731 38 17 this
1272 2732 116 21 institution,,

953 2751 64 21 owing
1033 2753 19 14 to
1061 2751 33 18 the
1111 2753 39 16 fact
1166 2753 43 17 that
1226 2755 32 16 the
1268 2754 119 19 Sanatorium

952 2779 74 17 proper,
1042 2775 30 16 for
1080 2775 60 18 which
1150 2777 55 16 alone
1213 2777 38 17 this
1268 2778 120 22 department

952 2797 15 17 is
983 2798 120 21 responsible,
1114 2799 15 16 is
1143 2800 93 23 equipped
1246 2802 45 17 onlv
1300 2802 29 16 for
1345 2808 32 16 per-

953 2826 43 11 sons
1006 2821 42 17 who
1058 2827 30 11 are
1097 2823 69 16 unable
1175 2824 20 15 to
1210 2824 60 17 afford
1279 2824 32 17 the
1326 2824 50 18 abun-

953 2843 48 18 dant
1021 2844 37 17 and
1081 2845 124 19 comfortable
1227 2848 160 17 accommodation

952 2867 91 21 provider!
1059 2868 24 21 by
1104 2869 74 20 private
1194 2871 102 21 enterprise
1310 2871 29 18 for
1356 2871 32 18 the

953 2890 89 22 ordinary
1066 2892 74 16 tourist.
1167 2892 39 18 The
1223 2894 83 21 existing
1330 2894 57 18 baths

953 2913 47 17 hare
1016 2915 35 15 not
1059 2913 92 19 sufficient
1168 2921 38 12 ncc<
1214 2917 122 22 inmodation,
1353 2924 35 11 nor

952 2942 33 11 are
1000 2937 46 21 they
1054 2937 54 17 fitted
1124 2944 24 16 np
1166 2941 20 14 to
1196 2942 50 15 meet
1254 2940 32 17 the
1303 2941 74 22 require-

953 2960 61 16 ments
1023 2960 21 17 of
1056 2961 83 17 tourists.
1166 2962 50 22 Only
1225 2963 32 18 the
1272 2964 44 16 hare
1324 2970 53 11 neces-

953 2983 56 17 saries
1026 2989 32 11 are
1074 2984 90 21 provided
1181 2986 30 16 for
1228 2986 32 17 the
1274 2993 33 11 use
1315 2987 20 17 of
1352 2988 33 17 the

952 3005 84 23 hospital
1052 3007 82 21 patients
1148 3009 21 16 in
1185 3009 33 17 the
1233 3009 42 17 first
1294 3010 93 18 instance,

952 3029 38 16 and
999 3030 102 17 thereafter
1110 3031 29 17 for
1152 3032 45 17 such
1208 3033 81 17 resident
1306 3033 81 17 invalids

953 3058 19 11 as
995 3058 34 11 can
1050 3053 22 17 be
1088 3054 91 21 provided
1197 3056 35 17 for.
1258 3056 45 17 This
1324 3062 64 12 causes

952 3077 51 19 great
1015 3075 106 19 discontent
1130 3078 37 17 and
1176 3078 88 23 frequent
1276 3080 111 21 complaints

952 3099 20 16 of
981 3098 31 17 the
1026 3100 52 17 want
1091 3100 20 17 of
1122 3102 124 17 convenience
1261 3103 29 16 for
1303 3103 84 17 tourists.

952 3122 31 16 No
993 3122 49 17 fault
1049 3129 34 10 can
1092 3123 23 17 be
1124 3124 60 17 found
1193 3125 45 17 with
1248 3125 32 17 the
1294 3132 78 15 manage-

952 3146 53 16 ment
1023 3146 21 16 of
1057 3146 32 16 the
1103 3146 125 22 Sanatorium,
1239 3148 62 17 which
1316 3149 15 17 is
1345 3150 43 16 well

952 3167 68 17 looked
1031 3169 49 17 after
1087 3169 19 17 in
1115 3176 56 16 every
1187 3172 79 21 respect,
1282 3172 35 17 but
1324 3172 17 17 it
1353 3172 35 18 has

953 3191 75 17 become
1044 3192 48 17 clear
1101 3193 42 17 that
1160 3194 80 22 entirely
1248 3200 41 11 new
1298 3202 78 16 arrange-

953 3216 61 15 ments
1022 3217 48 14 must
1080 3216 24 16 be
1112 3216 55 17 made
1173 3218 19 15 to
1201 3219 49 16 meet
1256 3218 18 17 in
1282 3225 11 10 a
1303 3224 72 16 compre-

953 3237 77 17 hensiTe
1043 3238 37 17 and
1086 3240 108 20 systematic
1201 3246 41 17 way
1251 3241 33 17 the
1296 3242 57 16 needs
1367 3242 21 17 of

953 3260 32 17 the
1004 3260 81 24 rapidily
1098 3262 106 23 increasing
1219 3264 71 17 invalid
1307 3265 80 17 visitors.

953 3284 26 17 To
988 3284 38 16 this
1040 3284 41 20 end,
1092 3285 91 18 however,
1199 3287 33 16 the
1249 3287 39 17 first
1303 3288 57 18 thine:
1372 3289 16 16 is

953 3308 19 16 to
996 3307 78 23 develop
1095 3308 32 17 the
1143 3308 82 24 bathing
1238 3312 148 20 arrangements,

953 3329 37 17 and
999 3331 102 16 thereafter
1109 3333 20 15 to
1138 3333 78 21 appoint
1225 3338 23 12 nil
1266 3334 122 21 experienced

953 3353 37 16 and
1004 3354 88 22 specially
1107 3355 66 17 skilled
1191 3356 79 17 medical
1286 3358 66 21 expert
1367 3358 20 16 in

953 3375 120 25 balneology.
1107 3378 22 16 In
1138 3384 38 16 any
1192 3385 47 12 case,
1255 3379 32 17 the
1303 3380 51 17 roofs
1368 3381 20 16 of

954 3399 32 17 the
999 3399 76 18 Priest's
1089 3400 37 18 and
1141 3402 70 17 Rachel
1225 3402 59 18 Baths
1301 3404 51 15 must
1364 3404 24 16 be

954 3422 90 23 repaired.
1070 3423 57 17 Fresh
1136 3426 60 15 water
1210 3426 62 21 ought
1284 3426 21 16 to
1315 3432 21 11 re
1349 3426 39 18 laid

953 3451 24 10 on
986 3447 21 14 at
1015 3445 32 18 the
1063 3446 133 19 Postmaster's
1210 3449 56 17 Bath,
1283 3449 37 17 and
1335 3456 11 10 a
1360 3450 18 16 fe-

953 3468 48 16 male
1011 3469 99 17 attendant
1126 3471 97 21 provided.
1249 3472 38 16 The
1303 3474 85 15 concrete

953 3491 67 17 should
1032 3492 22 16 be
1066 3492 83 22 repaired
1165 3494 19 16 in
1199 3494 32 18 the
1243 3494 64 18 ladies'
1324 3495 63 20 baths,

953 3514 38 17 and
999 3515 33 16 the
1040 3515 84 23 lighting
1133 3517 19 16 at
1160 3517 66 21 nights
1242 3518 68 17 should
1317 3519 23 15 be
1350 3519 25 17 im-

953 3538 77 21 proved.
1038 3538 2 25 '
1062 3539 15 16 A
1109 3540 152 21 comprehensive
1293 3541 95 22 drainage

953 3560 73 18 scheme
1036 3561 15 17 is
1067 3562 86 22 required
1168 3564 20 16 to
1205 3565 79 20 prevent
1301 3564 87 19 Rotorua

953 3583 99 24 becoming
1061 3590 11 11 a
1078 3585 52 17 focus
1137 3586 20 16 of
1166 3586 79 22 typhoid
1252 3587 56 17 fever.

953 3635 102 23 LOCAL
1069 3637 96 23 NEWS
1188 3638 70 23 AND
1272 3639 103 22 NOTES.

976 3688 31 16 Mr
1015 3688 37 17 Job
1068 3689 80 20 Corban,
1166 3690 20 17 of
1198 3690 33 17 the
1248 3691 66 16 Comet
1330 3692 56 15 store'

953 3710 68 18 directs
1030 3712 93 16 attention
1132 3713 19 16 to
1165 3713 33 17 the
1215 3713 96 18 favorable
1327 3715 59 15 terms

953 3739 24 11 on
986 3734 60 17 which
1056 3734 22 18 ho
1087 3735 54 17 offers
1148 3736 57 18 men's
1215 3742 75 17 appare,
1298 3736 61 18 linadc
1367 3739 20 15 to

953 3756 59 21 order,
1022 3756 86 23 drapery,
1118 3758 101 23 jewellery,
1229 3760 32 17 &c.

976 3786 31 16 Mr
1015 3786 20 16 T.
1045 3786 18 16 J.
1073 3786 96 17 Robinson
1183 3793 93 12 annouees
1285 3788 101 17 elsewhere

953 3808 42 18 thnt
1003 3808 24 17 he
1036 3808 33 18 bns
1078 3808 70 23 opened
1158 3816 23 11 an
1192 3811 53 16 office
1253 3811 20 16 in
1290 3811 97 18 Arawa-st

953 3831 85 23 opposite
1045 3831 33 18 the
1087 3832 122 22 Courthouse,
1224 3834 38 16 and
1278 3834 39 17 will
1333 3840 53 16 carry

953 3860 23 11 on
986 3855 32 16 (ho
1025 3855 85 17 business
1119 3856 20 17 of
1147 3857 119 17 commission
1282 3859 59 20 agent
1348 3857 37 17 and

952 3879 119 16 accountant.

975 3909 39 17 The
1028 3909 45 17 Post
1089 3911 38 16 and
1139 3910 105 24 Talegroph
1261 3911 125 22 Department

951 3932 35 17 has
1003 3932 61 17 issued
1073 3939 11 10 a
1096 3939 45 16 very
1158 3935 86 21 compact
1259 3934 51 17 little
1324 3934 49 17 hand-

951 3955 50 17 bonk
1015 3955 66 22 giving
1090 3956 18 16 in
1118 3957 72 17 concise
1199 3958 48 16 form
1255 3963 11 11 a
1279 3958 72 21 variety
1366 3957 20 17 of

952 3978 120 17 information
1089 3979 82 22 relating
1179 3981 21 15 to
1208 3981 32 16 the
1255 3981 128 16 transmission

951 4001 20 17 of
991 4001 64 17 letters
1071 4002 37 17 and
1122 4003 107 21 Telegrams,
1247 4009 68 16 money
1332 4003 54 17 order

951 4024 37 17 and
997 4024 137 22 savings-bank
1147 4026 91 19 business,
1249 4026 31 17 &c.
1306 4026 19 17 It
1333 4026 17 17 is
1365 4026 21 17 of

951 4048 110 16 convenient
1070 4048 36 16 size
1114 4049 30 16 for
1153 4049 32 17 the
1201 4049 68 21 pocket
1277 4049 37 17 and
1323 4049 15 17 is
1352 4050 34 16 not

950 4070 59 22 likely
1017 4071 20 16 to
1045 4071 98 22 supersede
1156 4072 32 16 the
1196 4072 63 22 larger
1292 4071 42 18 Post
1347 4071 35 18 and

951 4093 106 22 Telegraph
1074 4094 60 17 Guide
1164 4095 32 16 the
1204 4095 50 22 price
1263 4095 20 17 of
1291 4095 61 17 which
1369 4094 16 18 is

950 4116 93 22 sixpence.

1443 91 24 17 In
1476 92 80 16 another
1564 92 76 16 column
1655 91 38 17 will
1708 91 23 16 be
1747 91 59 17 found
1822 91 33 17 the

1408 110 2 27 I
1420 114 84 17 business
1512 115 153 16 announcement
1679 115 21 16 of
1712 114 47 17 Miss
1775 114 79 19 French,

1420 137 160 23 Anglo-Parisian
1592 137 122 19 dressmaker,
1729 137 42 17 who
1786 137 69 17 solicits

1420 161 32 16 the
1460 163 106 20 patronage
1580 161 21 17 of
1614 161 33 17 the
1655 161 59 16 ladies
1728 160 20 16 of
1764 160 90 16 Rotorua.

1420 183 46 18 Miss
1475 183 74 18 French
1557 183 34 18 has
1604 183 66 18 rented
1684 183 32 18 the
1731 183 88 22 premises
1835 185 20 15 at

1420 207 32 16 the
1469 212 66 11 corner
1557 208 20 15 of
1599 207 73 17 Fenton
1694 205 37 18 and
1754 206 101 18 Pukuatua

1420 230 76 19 Str.-ets,
1512 230 91 22 formerly
1624 229 90 23 occupied
1733 229 26 22 by
1780 229 32 17 Mr
1828 229 26 17 H.

1420 253 86 17 Stewart.

1443 284 38 17 The
1493 284 70 17 Native:
1569 284 54 17 Land
1633 284 59 17 Court
1700 284 16 16 is
1721 284 39 17 still
1768 284 87 22 engaged

1420 307 20 17 in
1452 308 32 16 tho
1497 307 139 17 consideration
1650 307 20 17 of
1683 307 34 17 the
1731 307 109 22 Whakapou-

1422 331 76 22 ngal-au
1511 330 57 17 block
1579 331 31 16 No
1622 331 27 16 10.
1671 330 29 17 On
1715 330 33 17 the
1758 330 43 17 19th
1816 330 39 17 inst

1419 354 64 22 Judge
1490 354 71 17 Wilson
1571 353 40 17 will
1624 353 81 22 adjourn
1717 353 33 16 the
1758 353 59 17 Court
1825 354 30 16 for

1419 383 11 11 a
1441 377 50 17 week
1500 383 22 11 or
1527 383 20 11 so
1556 383 20 10 as
1585 376 30 17 his
1620 376 112 17 attendance
1738 376 15 17 is
1768 376 86 22 required

1419 402 20 15 at
1448 401 73 15 Mercer
1535 402 20 14 to
1570 399 109 22 adjudicate
1687 399 20 17 in
1721 399 70 17 certain
1803 405 52 11 cases

1420 425 27 15 set
1457 423 55 17 down
1522 423 30 16 for
1565 423 106 21 rehearing.

1444 455 47 17 Miss
1507 454 101 19 Thomson,
1623 456 75 15 matron
1712 455 21 15 at
1745 454 33 16 the
1794 454 48 17 Sana-

1419 478 76 18 torium,
1506 477 34 17 left
1549 477 26 22 by
1584 477 38 17 this
1637 477 103 21 morning's
1754 477 49 16 train
1810 482 24 12 on
1843 484 10 10 a

1420 501 52 16 short
1495 500 84 22 holiday.
1604 500 75 17 Amidst
1692 500 32 16 the
1740 500 113 17 discussions

1420 524 61 16 which
1489 524 33 16 the
1538 523 122 17 Sanatorium
1669 522 37 18 and
1720 522 25 17 its
1750 523 92 17 surround-

1419 547 43 22 ings
1470 547 48 16 have
1528 547 48 16 from
1591 546 45 17 time
1646 548 19 14 to
1674 546 45 16 time
1728 546 70 16 evoked
1807 546 46 17 Miss

1419 569 111 18 Thomson's
1538 571 135 20 managemnet
1681 569 34 16 has
1723 571 45 15 been
1779 569 74 20 beyond

1418 592 101 18 criticisim.
1545 592 19 17 It
1572 592 16 17 is
1596 589 62 26 boped
1667 592 42 18 that
1716 592 33 16 her
1755 592 48 17 brief
1814 599 30 10 ces-

1419 616 61 16 sation
1496 616 49 17 from
1559 615 52 18 work
1623 615 39 17 will
1667 615 23 17 be
1700 615 104 22 enjoyable.

1442 647 100 17 Attention
1550 647 16 16 is
1575 646 66 17 drawn
1652 648 20 15 to
1681 646 32 17 the
1721 646 84 17 business
1819 653 23 10 an-

1418 672 126 15 nouncement
1552 670 20 17 of
1580 670 70 16 Messrs
1656 669 51 17 John
1713 669 17 17 I.
1737 670 72 21 Philips
1816 670 38 17 and

1419 693 271 22 Co.,authorisedininingand
1697 692 44 17 land
1749 699 103 15 surveyors,

1418 716 104 22 appearing
1530 717 19 16 in
1559 716 80 17 another
1647 716 81 17 column.
1742 716 31 17 Mr
1781 716 72 22 Philips

1418 740 33 16 has
1460 739 47 17 been
1515 739 108 22 intimately
1639 738 103 18 associated
1759 739 45 18 with
1821 740 32 16 the

1418 769 67 15 survey
1495 762 52 18 work
1557 762 18 17 in
1582 762 38 17 this
1625 762 78 21 locality
1712 762 29 16 for
1750 768 49 11 some
1808 762 36 17 time-

1418 788 42 20 past
1469 785 37 17 and
1515 786 29 16 his
1553 785 98 23 thorough
1663 785 111 21 knowledge
1787 786 20 16 of
1821 786 32 16 tho

1418 809 74 17 district
1500 808 69 18 should
1577 808 43 18 load
1629 811 19 14 to
1665 809 32 16 the
1711 814 41 11 new
1767 808 41 17 firm
1824 815 19 10 re-

1419 832 74 23 ceiving
1502 839 11 10 a
1521 832 53 23 large
1582 837 85 12 measuro
1675 832 20 16 of
1703 831 47 17 local
1767 834 85 20 support.

1443 863 40 18 Our
1500 864 66 21 Taupo
1595 862 145 22 correspondent
1756 863 61 17 writes
1825 869 29 11 :

1418 887 61 16 Arbor
1488 886 42 23 Day
1537 887 39 16 will
1583 886 25 17 bo
1615 886 89 22 specially
1711 886 90 17 observed
1810 886 43 17 hero

1418 910 37 16 this
1464 915 50 18 year,
1540 910 17 16 A
1566 909 77 22 holiday
1660 910 15 16 is
1684 912 19 14 to
1712 909 24 17 bo
1744 909 61 23 given,
1816 910 37 16 and

1418 933 32 17 the
1459 939 41 11 new
1507 933 64 17 school
1589 933 34 16 site
1641 932 75 22 planted
1736 933 44 16 with
1797 935 54 15 trees.

1417 957 39 16 The
1466 956 81 17 Domain
1557 956 62 17 Board
1628 956 16 16 is
1653 956 38 17 also
1700 956 78 22 moving
1792 956 19 17 in
1821 956 32 17 the

1418 981 68 15 matter
1495 980 20 16 of
1523 981 40 15 tree
1572 979 94 22 planting,
1684 979 34 17 but
1734 979 53 17 when
1804 979 49 17 their

1437 1003 62 17 Arbor
1507 1003 43 21 Day
1576 1003 16 16 is
1601 1004 19 15 to
1630 1002 24 18 to
1662 1002 34 16 has
1703 1003 33 15 not

1422 1025 2 18 .
1432 1025 4 18 .
1444 1025 4 18 .
1456 1026 39 17 .Mr
1504 1026 76 17 Salmon
1590 1026 33 17 has
1633 1025 88 17 returned
1730 1026 18 17 to
1757 1025 28 16 his
1791 1025 61 17 duties

1417 1049 50 19 here,
1477 1048 37 18 and
1523 1049 77 22 general
1609 1048 117 17 satisfaction
1733 1048 15 17 is
1753 1049 99 21 expressed

1418 1072 42 17 that
1469 1072 28 17 his
1506 1072 134 23 appointment
1646 1072 33 16 has
1689 1071 46 17 been
1745 1072 52 16 made
1807 1077 33 17 per-

1418 1098 82 14 manent.

1441 1127 33 16 We
1492 1126 62 17 would
1571 1126 36 17 call
1624 1126 34 17 the
1674 1126 93 17 attention
1784 1126 20 17 of
1820 1126 33 17 the

1417 1150 58 17 Town
1484 1150 63 16 Board
1556 1152 20 14 to
1585 1150 32 16 the
1627 1149 96 17 condition
1731 1150 20 16 of
1761 1149 42 17 that
1808 1156 33 15 por-

1418 1173 38 17 tion
1467 1174 19 16 of
1495 1173 33 17 the
1536 1173 66 23 Taupo
1611 1173 46 17 road
1666 1173 82 16 between
1759 1172 31 18 the
1797 1174 44 16 turn-

1416 1196 28 18 off
1449 1197 21 17 to
1478 1196 34 18 the
1520 1196 72 22 Geyser
1599 1196 60 18 Hotel
1667 1195 36 18 and
1717 1195 32 18 the
1766 1196 85 21 junction

1418 1220 44 16 with
1472 1220 31 16 the
1513 1220 31 16 old
1554 1219 51 17 road.
1631 1220 38 16 The
1678 1219 73 17 surface
1764 1219 15 17 is
1796 1219 55 17 much

1416 1246 32 14 cut
1457 1249 26 16 up
1491 1243 38 17 and
1538 1244 19 15 at
1568 1245 37 15 two
1614 1243 63 21 points
1683 1242 99 22 especially
1790 1243 61 16 would

1416 1265 23 18 be
1448 1266 25 17 all
1481 1266 33 17 the
1523 1266 62 17 better
1598 1266 15 17 if
1627 1265 88 18 fusoinod.
1747 1265 58 18 There
1819 1272 31 10 are

1416 1289 39 17 also
1463 1295 35 11 one
1507 1295 21 11 or
1541 1291 38 15 two
1595 1289 106 21 dangerous
1717 1288 73 22 boiling
1807 1288 44 18 mud

1416 1312 51 18 holes
1477 1312 66 18 within
1553 1319 10 10 a
1575 1312 47 23 yard
1636 1318 21 10 or
1669 1314 38 14 two
1722 1312 19 18 of
1757 1312 32 17 the
1806 1312 45 17 road

1416 1335 60 17 which
1486 1336 61 21 ought
1556 1335 92 22 certainly
1657 1337 19 15 to
1686 1335 22 16 be
1726 1335 84 22 guarded
1826 1335 25 22 by

1415 1364 11 11 a
1435 1359 66 22 couple
1510 1359 20 17 of
1538 1361 53 20 posts
1600 1359 37 16 and
1646 1364 11 11 a
1669 1357 41 18 rail.

1438 1390 39 17 Tho
1503 1391 101 21 Tauranga
1627 1389 88 17 Football
1738 1389 47 18 Club
1802 1391 20 15 at
1841 1396 11 10 a

1415 1418 64 13 recent
1495 1413 84 22 meeting
1597 1413 84 17 resolved
1691 1415 19 14 to
1727 1413 33 16 ask
1768 1413 19 17 J.
1797 1413 40 18 War-

1415 1436 57 21 brick,
1483 1437 21 16 F.
1516 1437 48 16 Burt
1573 1436 38 17 and
1629 1436 24 17 H.
1672 1436 47 16 Burt
1729 1436 20 17 of
1761 1436 75 17 Matata
1846 1436 4 21 ;

1414 1459 18 18 J.
1451 1460 65 17 Home
1533 1461 19 15 of
1569 1460 79 16 Maketu
1658 1458 3 20 ;
1677 1460 21 16 A.
1712 1458 106 18 Johnstone
1832 1458 2 20 <
1844 1460 9 17 f

1415 1483 98 22 Katikati;
1528 1483 21 17 C.
1567 1483 73 18 Clarke,
1656 1483 60 19 Wera,
1734 1483 57 22 Foley
1814 1488 36 12 ami

1415 1506 98 22 Ngaroata
1530 1507 20 16 of
1559 1506 84 18 Rotorua
1653 1507 19 16 to
1681 1505 44 23 play
1738 1506 19 16 in
1767 1506 32 17 the
1815 1509 36 14 test

1415 1530 62 17 match
1493 1535 24 12 on
1528 1530 33 16 the
1570 1529 33 18 6th
1612 1531 76 20 August
1697 1529 45 16 with
1752 1535 11 10 a
1771 1529 46 17 view
1831 1531 20 15 to

1415 1552 57 23 being
1481 1553 68 22 picked
1558 1554 20 16 to
1595 1552 45 23 play
1657 1552 46 17 with
1719 1552 32 17 the
1765 1553 50 17 team
1830 1552 19 17 in

1414 1576 69 17 battles
1500 1577 76 21 against
1597 1575 100 17 Auckland
1713 1575 37 17 and
1775 1576 74 16 Wairoa

1415 1599 78 17 Unions.
1519 1599 39 17 The
1575 1599 43 17 date
1629 1599 29 16 for
1666 1599 32 17 the
1707 1600 64 15 return
1787 1599 64 17 match

1415 1622 45 17 with
1472 1623 84 16 Rotorua
1565 1623 34 16 has
1608 1624 34 15 not
1651 1624 32 20 yet
1691 1622 47 17 been
1747 1622 56 17 fixed.

1438 1653 99 19 Tarawera
1546 1654 71 18 House,
1629 1651 145 23 Tutanekai-st.,
1784 1653 38 17 will
1831 1653 19 18 in

1415 1678 64 17 future
1493 1678 24 15 be
1531 1677 106 17 conducted
1648 1676 57 17 under
1711 1676 32 17 the
1759 1683 78 15 manage-

1415 1702 51 16 ment
1481 1701 20 17 of
1510 1701 32 17 Mr
1553 1700 37 18 and
1605 1700 40 17 Mrs
1659 1700 20 17 C.
1697 1700 92 17 Willmott
1808 1700 42 17 who

1415 1724 47 17 have
1470 1723 73 17 arrived
1557 1725 47 15 from
1615 1724 99 20 Tauranga
1723 1723 36 16 and
1769 1728 30 12 are
1808 1729 42 11 now

1414 1747 88 17 installed
1527 1747 20 17 in
1567 1747 51 18 their
1639 1752 41 11 new
1694 1746 91 17 domicile.
1811 1747 39 16 The

1414 1770 58 17 house
1488 1770 16 17 is
1513 1772 50 15 most
1580 1768 131 24 conveniently
1721 1770 81 16 situated
1817 1770 22 16 be-

1414 1796 61 15 tween
1489 1793 33 17 the
1542 1793 31 17 old
1590 1793 39 17 and
1645 1798 41 12 new
1703 1793 94 22 township
1813 1794 36 16 and

1415 1817 64 17 within
1489 1823 44 15 easy
1540 1822 61 12 access
1611 1817 20 16 of
1639 1816 32 16 the
1680 1818 43 20 post
1729 1816 57 18 office,
1794 1816 56 17 baths

1413 1840 38 17 and
1474 1839 127 19 Sanatorium.
1635 1839 81 17 Further
1739 1839 111 23 particulars

1415 1863 102 23 regarding
1542 1863 33 17 the
1600 1862 116 21 advantages
1733 1862 59 17 which
1818 1862 32 18 the

1414 1886 58 18 house
1481 1886 55 18 oilers
1545 1888 20 15 to
1574 1886 78 17 tourists
1661 1885 37 17 and
1714 1885 80 17 invalids
1811 1886 39 17 will

1413 1909 23 17 be
1446 1910 59 17 found
1514 1910 19 16 in
1543 1916 34 10 our
1586 1909 116 22 advertising
1711 1909 90 17 columns.

1437 1942 39 16 The
1500 1941 111 22 happening
1636 1940 21 18 of
1673 1940 62 17 Arbor
1751 1940 42 22 Day
1811 1940 38 18 will

1414 1965 96 16 doubtless
1519 1965 42 21 give
1571 1970 23 10 an
1604 1965 81 21 impetus
1694 1966 19 14 to
1727 1963 32 17 the
1774 1963 76 23 already

1414 1988 95 17 extensive
1526 1990 39 15 tree
1578 1987 89 23 planting
1684 1987 59 16 which
1761 1987 15 16 is
1792 1987 58 22 being

1414 2011 71 17 carried
1500 2013 34 15 out
1550 2011 25 21 by
1590 2010 96 18 residents.
1714 2010 41 17 The-
1770 2010 46 17 offer
1830 2011 20 17 of

1413 2034 32 17 the
1454 2034 58 18 Town
1531 2034 63 17 Board
1603 2035 19 15 to
1637 2032 68 23 supply
1714 2032 71 18 certain
1801 2035 48 15 trees

1414 2059 19 15 to
1449 2057 54 17 those
1521 2057 42 17 who
1585 2063 42 11 care
1644 2058 19 15 to
1678 2056 57 22 apply
1752 2057 31 16 for
1797 2057 51 17 them

1413 2081 33 16 has
1465 2081 47 16 been
1529 2080 74 23 largely
1619 2079 57 18 taken
1699 2079 106 23 advantage
1822 2081 25 16 of.

1413 2104 39 17 The
1469 2104 69 19 choice,
1556 2104 92 19 however,
1670 2103 16 16 is
1703 2102 73 17 limited
1797 2104 20 15 to
1838 2109 11 10 a

1413 2132 44 17 very
1467 2128 35 16 few
1512 2126 55 18 kinds
1576 2126 37 17 and
1623 2128 20 14 to
1652 2126 53 16 those
1716 2126 40 16 who
1763 2126 59 17 desire
1829 2127 19 15 to

1413 2150 68 17 extend
1496 2150 49 17 their
1562 2149 143 17 arborieultural
1723 2149 106 22 operations
1838 2156 10 10 a

1412 2172 74 24 persual
1495 2173 21 17 of
1532 2173 32 17 the
1570 2174 150 16 announcement
1729 2173 19 16 of
1757 2172 30 17 Mr
1796 2172 21 17 C.
1827 2173 20 16 T.

1413 2197 56 16 Wren
1482 2196 20 17 of
1518 2196 32 17 the
1571 2196 71 17 Mount
1660 2195 78 17 Hobson
1756 2195 90 23 Nursery,

1413 2220 97 18 Remuera,
1521 2219 39 17 will
1569 2219 23 17 be
1605 2220 20 16 of
1636 2219 83 17 interest.
1752 2219 32 17 My
1792 2219 56 17 Wren

1412 2243 34 16 has
1465 2243 87 22 supplied
1571 2249 11 11 u
1599 2243 44 16 vast
1658 2243 78 16 amount
1754 2242 19 17 of
1790 2243 55 19 trees,

1413 2266 73 20 shrubs,
1505 2266 40 20 &c',
1555 2267 20 16 to
1584 2266 38 16 this
1632 2267 51 14 town
1700 2265 37 16 and
1754 2271 22 10 as,
1790 2271 57 16 every

1412 2289 93 18 attention
1521 2290 15 16 is
1546 2288 46 24 paid
1599 2291 22 14 to
1640 2288 30 18 the
1681 2288 87 23 packing,
1786 2288 49 17 hand-

1412 2312 41 22 ling
1467 2313 38 20 &c.,
1516 2313 33 16 the
1558 2312 59 17 result
1629 2311 33 17 has
1671 2311 46 17 Leon
1727 2313 49 15 most
1792 2312 47 17 satis-

1413 2337 78 21 factory.

1434 2367 39 17 The
1498 2367 124 17 well-known
1638 2367 43 17 firm
1697 2367 20 16 of
1733 2367 69 17 Messrs
1825 2367 24 16 T
1854 2367 1 17 i

1412 2391 51 17 Cook
1480 2391 37 16 and
1526 2391 38 17 Son
1573 2390 34 17 has
1616 2389 87 18 removed
1712 2389 24 17 its
1750 2390 40 17 A-ic
1803 2389 43 18 land
1854 2385 1 27 j

1412 2414 62 17 offices
1488 2414 48 17 from
1546 2413 84 17 Victoria
1640 2413 71 16 Arcade
1721 2415 19 14 to
1749 2414 22 15 SO
1783 2412 63 19 Queen
1854 2412 1 19 i

1411 2437 22 17 St
1444 2437 61 16 where
1512 2437 26 17 all
1546 2436 125 18 information
1682 2441 41 17 may
1741 2436 22 17 be
1772 2436 64 17 obtain-

1411 2460 23 17 ed
1443 2460 102 23 regarding
1554 2463 64 13 routes
1627 2459 36 17 and
1672 2462 55 17 rates,
1736 2459 36 17 and
1781 2465 55 16 every-

1411 2483 56 23 thing
1476 2484 37 16 else
1521 2485 19 15 of
1549 2483 79 17 interest
1637 2485 20 14 to
1665 2483 54 16 those
1735 2482 113 24 meditating

1411 2507 60 16 either
1479 2513 11 10 a
1505 2509 44 14 tour
1567 2507 20 16 of
1604 2506 32 17 the
1653 2506 72 22 Colony
1742 2511 21 11 or
1779 2506 20 17 of
1815 2506 33 17 the

1411 2530 65 17 world.
1501 2530 39 17 The
1549 2530 43 17 firm
1608 2529 35 17 has
1659 2529 83 22 recently
1758 2528 61 18 issued
1836 2535 11 11 a

1411 2553 67 17 second
1488 2553 72 17 edition
1569 2553 20 17 of
1598 2553 32 16 the
1639 2553 43 15 well
1698 2552 68 16 known
1783 2551 49 18 hand-

1410 2576 50 18 book
1484 2576 80 17 entitled
1613 2576 47 17 New
1684 2575 82 17 Zealand
1790 2581 21 12 us
1836 2581 11 11 a

1410 2600 75 17 Tourist
1494 2600 37 16 and
1540 2599 71 17 Health
1731 2599 18 16 It
1758 2598 32 17 has
1800 2598 46 17 been

1410 2623 83 22 brought
1510 2622 117 23 thoroughly
1650 2622 111 22 up-to-date
1778 2622 19 16 in
1814 2621 34 19 the

1411 2646 112 22 descriptive
1536 2646 81 22 portion,
1628 2646 35 16 and
1676 2645 31 17 tho
1722 2645 124 17 illustrations

1410 2675 31 11 are
1459 2669 56 18 much
1531 2675 51 11 more
1607 2674 100 11 numerous
1724 2668 37 17 and
1778 2668 19 17 in
1813 2668 33 17 the

1410 2693 76 22 highest
1503 2692 47 22 styk;
1568 2692 20 17 of
1604 2692 32 17 the
1645 2691 198 23 photo-lithographic

1410 2718 35 15 art.
1471 2716 67 21 Copies
1547 2716 20 16 of
1583 2715 70 17 Messrs
1671 2715 49 17 Coos
1737 2715 38 17 and
1792 2715 54 17 Son's

1411 2738 101 19 handbook
1528 2739 37 17 and
1582 2739 55 16 other
1653 2738 96 16 literature
1766 2743 43 17 may
1822 2737 24 17 be

1410 2762 88 17 obtained
1512 2763 20 16 at
1540 2762 33 17 the
1582 2761 118 19 CHHCKICLE
1709 2761 63 17 Office.

1434 2794 38 16 The
1481 2794 64 16 native
1554 2793 64 17 school
1627 2794 20 16 at
1655 2793 26 17 Te
1690 2793 53 21 Ngae
1752 2798 38 11 was
1799 2792 45 23 duly

1410 2817 72 22 opened
1491 2823 23 11 on
1525 2817 85 21 Monday
1619 2816 38 17 last
1666 2816 46 16 with
1727 2815 55 18 much
1789 2815 54 22 eclat,

1410 2840 33 17 the
1451 2840 72 17 Maoris
1531 2841 49 16 from
1590 2840 32 16 the
1636 2838 126 24 neighboring
1779 2840 56 16 settle-

1410 2865 60 16 ments
1479 2863 107 22 mustering
1600 2863 21 16 in
1639 2865 66 19 strong
1721 2862 52 17 force-
1784 2864 20 15 to
1820 2862 25 17 do

1409 2887 61 16 honor
1478 2888 20 16 to
1507 2887 34 17 the
1549 2887 93 16 occasion.
1660 2885 39 17 The
1714 2885 80 20 teacher,
1812 2885 32 17 the

1410 2910 39 17 Rev
1458 2909 21 18 C.
1489 2909 21 18 C.
1520 2910 76 19 Brown,
1603 2909 15 17 is
1627 2909 56 17 much
1689 2908 117 22 encouraged
1815 2909 26 21 by

1410 2933 32 16 the
1457 2933 118 17 enthusiasm
1590 2932 74 20 shown,
1681 2931 37 17 and
1735 2937 35 12 can
1785 2933 58 16 count

1409 2962 46 16 very
1464 2956 60 22 safely
1533 2961 23 12 on
1566 2961 24 11 an
1605 2955 112 17 attendance
1734 2956 20 16 of
1770 2960 43 12 over
1822 2956 22 16 00

1409 2979 70 23 pupils.
1503 2980 51 16 Over
1563 2979 22 17 70
1594 2978 83 17 children
1686 2984 48 11 were
1740 2979 75 21 present
1824 2979 20 16 at

1410 3003 31 16 the
1455 3003 89 21 opening,
1562 3002 38 17 and
1616 3002 16 16 it
1643 3002 18 17 is,
1672 3001 31 17 the
1720 3002 93 16 intention
1825 3002 20 16 of

1410 3031 57 16 many
1476 3026 20 16 of
1505 3026 33 17 the
1555 3025 73 17 natives
1648 3025 58 22 along
1722 3024 32 18 the
1772 3024 72 18 Rotoiti

1410 3049 54 17 shore
1473 3050 20 15 to
1502 3049 47 17 shift
1557 3048 50 18 then:
1617 3048 71 16 wharcs
1697 3052 64 13 nearer
1775 3049 23 15 to.
1812 3047 32 17 the

1410 3072 122 17 schoolhouse
1541 3072 19 16 in
1570 3071 54 17 order
1632 3073 20 15 to
1662 3076 65 12 ensure
1734 3076 11 11 a
1754 3070 49 23 good
1813 3072 20 16 at-

1409 3095 98 17 tendance.
1533 3095 38 17 Tlie
1580 3096 107 19 customary
1697 3094 47 16 feast
1753 3094 37 16 had
1797 3094 47 17 been

1409 3118 93 23 prepared
1510 3118 38 17 and
1557 3123 39 12 was
1611 3116 87 24 disposed
1707 3117 19 17 of
1735 3116 45 18 with
1789 3122 55 17 every

1409 3142 43 22 sign
1465 3142 19 17 of
1501 3141 124 17 satisfaction.
1657 3140 60 22 Many
1734 3140 110 22 Europeans

1409 3170 48 11 were
1464 3165 76 22 present
1549 3164 37 17 and
1595 3164 32 17 the
1637 3163 97 17 festivities
1742 3169 50 11 were
1798 3168 34 13 con-

1410 3187 66 18 tinued
1488 3188 31 17 till
1536 3188 38 16 late
1589 3188 19 15 in
1625 3187 32 16 the
1679 3186 85 22 evening.
1804 3186 41 17 Mrs

1410 3211 58 22 Foley
1477 3210 54 18 acted
1540 3217 20 11 as
1568 3211 113 20 interpreter
1688 3209 38 17 and
1735 3210 78 16 informs
1822 3215 22 11 us

1410 3235 43 16 that
1464 3234 32 17 the
1516 3234 123 16 sehoolhousc
1660 3234 33 15 has
1714 3233 45 16 been
1776 3233 68 16 named

1410 3257 76 18 Renanu
1495 3257 26 22 by
1531 3257 31 16 the
1570 3257 72 16 natives
1650 3257 49 16 after
1702 3255 31 18 the
1743 3256 30 16 old
1781 3256 53 16 build-

1409 3281 34 21 ing
1451 3281 19 16 in
1481 3280 30 17 Mr
1521 3279 115 23 Chapman's
1640 3279 55 17 time.

1432 3312 17 17 A
1468 3317 69 17 propos
1554 3312 20 17 of
1582 3311 33 17 the
1631 3310 114 22 application
1754 3309 61 17 which
1829 3309 19 18 is-
1854 3309 1 25 1

1409 3335 57 21 likely
1476 3336 20 16 to
1510 3335 23 16 be
1542 3334 57 17 made-
1610 3334 25 21 by
1644 3334 33 17 the
1691 3334 83 16 Rotorua
1787 3333 46 16 Pros-

1409 3358 77 22 pecting
1503 3358 118 17 Association
1639 3358 29 16 for
1681 3356 100 17 assistance
1796 3357 48 15 from

1409 3381 32 17 the
1458 3381 134 18 Government,
1603 3386 27 10 we
1647 3379 43 17 take
1697 3381 32 15 the
1746 3379 98 22 following

1409 3404 49 17 from
1483 3404 34 17 the.
1539 3403 84 22 recently
1650 3402 99 23 published
1774 3403 70 16 annual

1409 3429 103 15 statement
1524 3428 20 15 of
1561 3427 32 16 the
1610 3426 87 17 Minister
1712 3426 21 16 of
1748 3425 71 17 Mines:

1411 3454 11 5 '
1439 3450 68 22 Seeing
1524 3450 32 18 the
1573 3450 57 21 large-
1643 3455 43 11 area
1703 3449 20 16 of
1739 3448 104 18 auriferous

1409 3475 79 20 country
1496 3474 19 16 in
1526 3473 31 17 the
1567 3473 67 21 colony
1643 3472 60 17 where
1713 3473 81 19 scarcely
1807 3476 37 18 any

1409 3497 117 21 prosjiectisg
1535 3496 33 17 has
1577 3499 33 19 yet
1618 3492 46 20 been
1674 3495 52 19 done,
1744 3495 101 16 assistance

1409 3522 34 14 has
1459 3520 47 16 been
1523 3520 57 21 given
1596 3520 20 16 to
1633 3518 121 22 prospecting
1773 3518 71 21 parties

1410 3542 126 18 whereeverit
1546 3548 37 10 was
1597 3542 65 16 shown
1672 3542 42 15 that
1721 3541 53 16 there
1783 3546 37 11 was
1834 3547 11 10 a

1409 3565 117 23 probability
1542 3565 20 17 of
1577 3570 78 14 success,
1669 3564 37 17 and
1726 3563 61 17 where
1814 3563 32 18 the

1409 3588 77 17 Miners'
1512 3588 129 18 Associations
1665 3593 21 10 or
1710 3586 47 17 local
1780 3586 64 17 bodies

1409 3611 104 17 undertook
1528 3615 20 13 to
1566 3610 93 23 supervise
1682 3609 112 22 operations.
1819 3610 26 16 As

1410 3635 52 16 there
1478 3640 60 11 seems
1546 3637 20 14 to
1580 3634 23 16 be
1611 3640 12 10 a
1637 3633 58 17 desire
1707 3635 19 14 to
1735 3632 73 22 dispose
1825 3633 21 16 of

1409 3657 103 23 properties
1528 3661 19 13 to
1557 3656 103 23 capitalists
1670 3656 18 16 in
1697 3656 46 16 view
1757 3656 20 16 of
1784 3656 50 17 subsi-

1409 3680 39 17 dies
1459 3680 58 23 being
1528 3680 82 23 granted
1626 3680 25 21 by
1660 3680 32 16 the
1702 3678 113 18 Govennent
1829 3679 15 16 it

1409 3703 16 17 is
1575 3703 90 20 carefully
1673 3701 84 17 consider
1766 3702 38 16 this
1813 3708 20 10 as-

1409 3728 44 21 pect
1469 3727 20 17 of
1496 3727 34 17 the
1538 3726 87 22 question
1639 3725 63 17 before
1709 3730 36 16 any
1754 3724 91 17 subsidies

1409 3756 31 10 are
1470 3750 115 17 authorised.
1610 3749 128 20 Twenty-two
1762 3748 77 17 licenses

1409 3773 30 17 for
1451 3772 123 23 prospecting
1589 3771 72 17 outside
1671 3770 72 23 mining
1757 3770 83 17 districts

1409 3796 47 16 have
1478 3796 48 16 been
1542 3795 62 17 issued
1622 3795 49 15 since
1691 3795 26 15 Ist
1733 3793 54 23 April
1800 3793 43 17 last.

1409 3819 75 21 During
1492 3819 38 16 last
1543 3824 46 16 year
1597 3817 61 18 '1720
1675 3819 20 14 -Is
1712 3816 23 17 8d
1757 3822 37 11 was
1810 3822 34 11 cx;-

1409 3842 72 21 pended
1489 3841 20 18 in
1516 3842 33 16 the
1557 3841 87 18 different
1658 3840 84 17 counties
1754 3845 20 11 as
1783 3840 50 16 subsi-

1409 3865 39 17 dies
1464 3864 83 18 towards
1568 3864 121 22 prospecting
1690 3863 153 19 Coromantlel,

1409 3888 60 18 200;
1483 3887 87 21 Thames,
1576 3886 49 22 9B;
1639 3886 117 20 Manawatu,
1765 3884 25 19 1
1803 3887 39 19 10s;

1409 3911 70 20 Buller,
1497 3911 63 20 2-17;
1583 3910 56 22 Grey,
1724 3908 119 23 Inangabua,

1409 3933 37 17 25
1456 3931 4 23 ;
1474 3933 104 18 Westland,
1596 3932 50 18 625
1653 3931 4 23 ;
1677 3931 94 22 Tuapeka,
1788 3931 37 17 l4
1836 3931 3 23 ;

1409 3957 112 19 Southland,
1538 3957 37 17 77
1583 3955 4 21 ;
1607 3956 86 19 Vincent,
1711 3955 38 17 7.3
1757 3960 5 15 ;
1775 3955 67 20 Taieri,

1409 3981 49 16 262
1465 3985 5 15 ;
1481 3979 37 17 and
1526 3979 67 20 Bruce,

1490 4018 62 28 o,
1570 4018 60 27 lO,
1645 4018 58 26 lO,
1719 4016 44 26 5.

1409 4058 65 18 Given
1484 4063 56 18 away
1551 4058 32 17 for
1594 4063 12 12 a
1616 4056 65 24 single
1689 4061 65 18 gue.-s.
1789 4054 54 21 Send

1409 4086 65 22 stamp
1484 4083 32 18 for
1526 4083 120 24 particulars
1656 4082 40 17 und
1710 4080 94 19 circulars
1821 4084 21 15 to

1409 4109 42 18 Box
1466 4110 41 21 176,
1519 4108 22 23 P.
1541 4108 34 23 0.,
1589 4108 131 23 Wellington.

1902 91 26 16 At
1938 91 33 16 the
1984 91 62 17 Police
2055 91 59 17 Court
2123 97 23 11 on
2153 91 70 22 Friday
2229 91 36 17 last
2282 91 22 17 be-

1879 114 40 16 fore
1929 114 114 17 Lieut.-Col.
2053 114 86 19 Roberts,
2150 114 84 17 Wiremu
2240 114 75 17 Walker

1879 142 10 10 a
1898 137 65 17 native
1971 137 21 17 of
1999 136 79 18 Mourra
2088 141 37 13 was
2137 137 81 21 charged
2230 138 25 21 by
2264 137 50 17 John

1877 160 97 17 Johnston
1984 160 45 16 with
2038 159 34 17 the
2082 160 49 16 theft
2149 161 21 15 of
2178 160 54 17 three
2240 160 75 18 billiard

1877 181 49 18 balls
1935 183 49 16 from
1993 183 32 16 the
2034 182 67 18 Palaoa
2116 182 59 17 Hotel
2192 188 25 12 on
2230 183 46 22 July
2288 181 27 24 11.

1877 206 86 16 Accused
1978 206 80 21 pleaded
2067 203 35 20 not
2117 206 69 21 guilty.
2220 206 39 17 The
2276 207 29 16 evi-

1877 228 58 18 dence
1944 228 92 18 disclosed
2053 228 32 17 the
2097 228 39 17 fact
2152 228 43 17 that
2209 229 53 17 three
2278 229 27 17 bil-

1877 251 48 17 liard
1934 251 48 17 balls
1992 251 38 17 had
2042 251 47 17 been
2098 251 57 17 taken
2169 252 49 16 from
2232 252 33 16 the
2278 252 27 17 bil-

1877 274 48 17 liard
1942 281 52 10 room
2001 277 19 14 at
2029 274 33 17 the
2079 274 51 18 hotel
2139 279 25 12 on
2178 275 33 16 the
2220 275 33 16 4th
2269 275 45 22 July

1877 297 38 17 and
1935 298 43 17 that
1993 298 45 21 they
2055 297 38 17 had
2109 297 48 18 been
2179 298 135 22 subsequently

1877 326 42 11 seen
1935 323 21 15 at
1964 321 79 17 2\lourea
2052 320 61 17 where
2128 321 33 16 the
2177 321 73 17 natives
2266 321 48 17 Lave

1877 343 120 18 constructed
2013 343 71 17 atible
2097 343 20 17 of
2130 343 49 17 their
2193 350 49 13 own,
2251 344 63 22 partly

1876 366 68 17 owned
1964 367 26 21 by
2005 366 84 17 accused.
2123 368 26 15 As
2165 367 53 17 there
2236 373 38 11 was
2290 373 24 12 no

1876 388 60 18 direct
1945 389 88 17 evidence
2045 391 20 15 to
2079 391 80 15 connect
2172 390 80 17 accused
2269 390 45 18 with

1876 412 33 17 the
1917 413 65 16 actual
1997 412 68 22 taking
2081 413 20 16 of
2116 413 32 17 the
2161 413 48 17 balls
2227 413 31 18 the
2274 419 40 11 case

1876 441 38 11 was
1921 435 105 17 dismissed.

1945 466 117 18 VIOLENT
2067 467 14 17 C
2083 467 162 19 ARTHARTICS

2087 500 12 9 *

1876 519 88 23 Derange
1979 519 32 17 the
2025 520 91 20 stomach,
2138 520 78 17 weaken
2236 521 33 17 the
2284 521 19 16 in

1877 543 76 18 testinal
1967 543 59 18 canal,
2042 542 38 18 and
2090 549 31 11 are
2131 543 108 23 altogether
2249 543 53 22 objec-

1876 566 91 17 tionable.
1991 566 61 17 Avoid
2065 566 59 20 them,
2133 566 38 18 and
2184 573 33 11 use
2234 566 78 17 Wolfe's

1876 589 106 22 Schnapps.

1935 632 76 17 TOWN
2023 632 88 17 BOARD
2126 633 121 17 MEETING.

1900 679 17 17 A
1926 679 84 21 meeting
2018 679 20 17 of
2046 679 33 17 the
2086 679 58 17 Town
2154 679 63 17 Board
2224 686 38 10 was
2269 679 43 17 held

1876 702 19 16 in
1912 702 32 17 Mr
1960 702 99 22 Malfroy's
2076 702 52 17 office
2144 709 24 10 on
2186 703 70 22 Friday
2269 703 42 16 last.

1877 724 172 18 PresentMessrs
2058 725 89 22 Malfroy,
2158 725 74 24 (chair),
2246 726 65 19 Brent,

1876 748 83 21 Dansey,
1969 747 37 18 and
2015 748 28 17 Dr
2051 749 87 17 Ginders.

1905 780 148 16 ArroixTMEirr
2062 784 24 13 of
2094 780 61 17 Town
2165 781 76 20 Ci.ehk,
2251 781 32 17 &c.

1900 811 40 18 The
1947 811 92 18 members
2049 813 49 16 went
2114 812 42 17 into
2168 813 109 17 committee
2292 813 20 17 to

1876 834 86 17 consider
1970 834 32 17 the
2011 834 124 23 applications
2145 836 29 16 for
2182 836 33 17 the
2224 836 53 17 office
2293 836 20 17 of

1876 858 57 16 Town
1943 857 56 19 clerk,
2010 858 94 21 inspector
2112 858 20 18 of
2140 859 104 19 nuisances,
2262 858 50 18 clerk

1876 881 20 16 of
1905 880 67 21 works,
1983 881 32 16 &c.
2046 881 30 17 On
2090 881 97 22 resuming
2199 882 33 16 the
2246 882 55 17 Chair-

1876 909 43 12 man
1929 903 110 18 announced
2048 904 42 17 that
2099 905 32 16 Mr
2138 905 23 16 B.
2171 905 18 17 S.
2197 905 115 18 Corletthad

1865 923 1 29 j
1876 926 47 17 been
1944 927 132 22 unanimously
2100 928 68 17 chosen
2189 930 21 15 to
2230 928 28 17 fill
2280 928 32 17 the

1876 950 88 22 position.

1935 979 97 17 Aerated
2045 978 99 18 Mixeral
2159 980 93 17 Watehs.

1899 1010 32 17 Mr
1939 1010 77 17 Charles
2025 1010 67 17 Clarko
2101 1011 75 23 applied
2185 1012 31 17 for
2227 1012 33 17 tho
2274 1012 38 17 sole

1876 1033 52 21 right
1937 1035 20 15 to
1966 1032 32 18 the
2007 1033 86 17 overflow
2102 1036 59 15 water
2169 1034 20 18 of
2198 1036 33 15 the
2240 1036 72 16 Kuirau

1876 1056 37 16 and
1923 1056 54 17 other
1986 1056 75 22 springs
2078 1057 29 17 for
2124 1063 11 11 a
2152 1059 47 16 term
2215 1058 20 17 of
2251 1064 60 16 years,

1876 1079 60 17 under
1945 1079 46 17 such
2000 1076 105 21 conditions
2114 1087 19 10 as
2142 1081 34 16 the
2182 1081 63 17 Board
2251 1081 60 23 might

1875 1102 23 17 be
1908 1102 75 22 pleased
1992 1103 19 16 to
2024 1103 77 22 impose.
2131 1104 27 17 As
2171 1104 23 17 he
2208 1104 63 17 would
2287 1110 25 16 go

1876 1128 19 14 to
1916 1126 128 17 considerable
2062 1132 81 16 expense
2159 1127 20 16 in
2196 1128 116 22 advertising

1875 1149 37 17 and
1923 1149 98 17 otherwise
2029 1149 91 23 bringing
2129 1150 32 17 the
2171 1152 67 16 waters
2253 1150 59 18 under

1875 1172 32 17 the
1917 1172 94 17 attention
2020 1173 21 16 of
2050 1173 31 16 the
2090 1173 64 22 public
2168 1173 24 17 he
2209 1174 102 17 submitted

1875 1196 43 16 that
1927 1196 14 16 it'
1950 1196 32 16 the
1991 1195 62 17 Board
2062 1196 67 17 looked
2138 1197 99 21 favorably
2246 1203 25 11 on
2283 1197 28 17 his

1875 1218 115 23 application
2001 1218 31 18 the
2042 1219 38 17 sole
2095 1220 53 22 right
2161 1222 20 15 to
2198 1220 60 17 bottle
2274 1220 37 17 and

1875 1242 33 16 sell
1919 1242 32 16 the
1960 1248 50 10 same
2019 1242 67 16 should
2095 1243 23 17 bo
2126 1243 57 22 given
2192 1244 30 16 for
2231 1250 10 10 a
2250 1243 61 18 stated

1875 1265 70 21 period.
1971 1265 104 17 Otherwise
2084 1265 23 17 he
2116 1266 62 17 would
2187 1269 35 14 not
2227 1267 23 16 be
2254 1267 48 21 justi-

1874 1288 37 17 fied
1920 1288 18 17 in
1949 1288 59 22 going
2017 1290 19 15 to
2046 1288 32 17 the
2092 1295 81 16 expense
2187 1290 23 17 he
2227 1292 72 15 contem-

1874 1311 71 22 plated.

1898 1335 28 16 Di-
1942 1334 80 17 Ginders
2039 1335 61 17 stated
2118 1335 42 17 that
2178 1336 133 17 half-a-dozen

1874 1357 70 18 bottles
1954 1359 19 15 of
1987 1357 32 17 the
2033 1357 73 18 Kuirau
2121 1361 58 15 water
2193 1359 76 17 aerated
2286 1359 24 23 by

1875 1381 31 16 Mr
1915 1381 68 17 Clarke
1992 1380 37 17 had
2044 1381 46 17 been
2108 1382 103 17 submitted
2228 1384 20 15 to
2265 1382 44 17 him.

1875 1404 30 16 He
1914 1404 59 17 found
1983 1404 32 17 tho
2024 1407 58 14 water
2097 1407 49 15 most
2162 1406 95 21 palatable
2274 1406 37 16 and

1874 1433 45 15 very
1936 1427 72 17 similar
2023 1429 20 15 to
2060 1428 113 22 Apollinaris
2188 1431 63 18 water,
2266 1434 33 12 con-

1875 1450 75 22 taining
1957 1450 25 17 all
1992 1450 25 17 its
2025 1451 115 21 ingredients
2149 1451 38 17 and
2202 1458 11 11 a
2222 1452 36 17 fair
2267 1457 33 18 pro-

1874 1473 75 23 portion
1959 1474 20 16 of
1987 1474 47 16 iron.
2059 1474 67 17 Before
2133 1475 32 16 the
2173 1475 73 17 Kuirau
2253 1478 58 13 water

1876 1502 36 11 was
1923 1496 68 18 offered
2001 1499 19 15 to
2029 1496 33 19 the
2070 1497 69 22 public,
2147 1498 92 20 however,
2246 1504 11 12 a
2265 1504 44 17 vary

1875 1521 72 16 minute
1964 1519 37 18 and
2018 1521 70 16 careful
2105 1521 82 22 analysis
2204 1521 68 17 should
2289 1521 22 17 be

1874 1543 61 17 made.
1960 1544 31 16 He
1999 1549 38 11 was
2046 1544 52 22 quite
2113 1544 83 17 satisfied
2210 1551 21 10 as
2244 1547 20 15 to
2279 1545 32 17 the

1874 1566 155 18 wholesomeness
2050 1567 20 16 of
2090 1567 32 17 the
2144 1570 59 15 water
2226 1568 36 17 but
2288 1568 23 17 he

1874 1589 84 22 thought
1966 1590 14 16 it
1991 1590 61 16 would
2062 1591 22 15 be
2099 1591 41 17 best
2153 1592 20 16 to
2187 1591 24 17 do
2225 1598 27 10 so.
2286 1591 25 17 Of

1874 1618 64 12 course
1959 1613 32 16 the
2008 1612 62 19 Board
2091 1613 56 18 could
2163 1616 35 15 not
2218 1615 44 22 give
2278 1615 32 16 Mr

1874 1635 67 18 Clarke
1956 1636 33 17 the
2006 1637 105 16 concession
2128 1637 57 17 asked
2203 1638 41 20 for;
2264 1638 46 22 they

1874 1659 54 17 could
1938 1660 45 21 only
1992 1660 117 16 recommend
2119 1660 33 17 the
2162 1662 69 16 matter
2245 1662 20 16 to
2278 1661 33 17 the

1874 1682 133 18 Government.
2034 1683 22 16 In
2065 1684 69 20 regard
2143 1685 20 15 to
2172 1685 55 16 other
2236 1684 74 23 springs

1873 1705 47 18 than
1928 1705 34 18 the
1970 1705 74 18 Kuirau
2051 1712 52 12 some,
2112 1707 20 18 of
2147 1707 52 17 these
2213 1713 48 12 were
2277 1708 34 17 not

1865 1728 1 24 ;
1874 1728 82 23 adapted
1971 1730 21 15 to
2006 1729 31 17 Mr
2051 1729 85 18 Clarke's
2151 1736 88 16 purpose.
2272 1730 40 17 The

1865 1752 1 21 r
1874 1752 70 18 Rachel
1954 1753 63 19 water,
2032 1752 28 18 for
2076 1753 90 20 instance,
2184 1754 100 17 contained
2300 1759 11 12 a

1865 1770 1 29 I
1874 1775 49 23 good
1930 1775 42 17 deal
1978 1776 20 16 of
2004 1775 131 23 sulphuretted
2142 1777 99 22 hydrogen
2247 1777 62 17 which

1865 1796 1 29 j
1873 1798 32 18 did
1914 1800 33 15 not
1957 1799 83 21 improve
2050 1799 13 17 it
2074 1799 24 22 by
2108 1799 88 23 keeping.

1897 1822 38 17 The
1945 1822 100 17 Chairman
2055 1822 61 17 stated
2125 1823 43 16 that
2177 1824 54 16 other
2239 1824 69 21 parties

1865 1841 1 29 [
1873 1845 36 17 had
1919 1845 47 17 been
1975 1845 19 17 in
2003 1847 54 21 quest
2066 1847 20 16 of
2095 1853 10 9 a
2117 1846 71 18 similar
2203 1847 106 17 concession

1872 1868 37 17 and
1919 1868 37 17 had
1966 1869 91 22 proposed
2073 1872 18 13 to
2106 1875 24 17 go
2145 1872 19 14 to
2179 1870 51 16 work
2245 1876 24 10 on
2286 1876 23 10 an

1874 1892 96 16 extensive
1979 1891 53 18 scale.
2067 1892 51 23 Ti.ey
2136 1893 73 17 seemed
2226 1895 19 15 to
2263 1893 46 17 have

1874 1914 112 18 abandoned
1995 1915 32 17 the
2036 1915 47 18 idea,
2093 1916 92 19 however,
2195 1923 20 10 as
2232 1916 23 17 he
2272 1916 37 17 had

1873 1937 57 19 heard
1939 1938 81 22 nothing
2030 1940 19 14 of
2058 1939 31 16 tin-
2097 1939 115 25 proposition
2220 1940 50 16 from
2277 1939 34 17 the

1872 1961 46 17 time
1927 1961 15 17 it
1952 1967 37 11 was
1999 1961 52 18 made
2061 1962 18 16 in
2088 1962 86 22 January
2187 1965 43 15 last.
2262 1963 18 16 It
2294 1963 14 16 it

1872 1990 39 11 was
1920 1984 32 17 the
1961 1984 76 23 opinion
2055 1986 19 15 of
2089 1986 32 16 the
2138 1986 62 17 Board
2217 1986 43 17 that
2277 1986 32 17 Mr

1873 2007 84 17 Clarke's
1971 2008 114 22 application
2103 2009 68 17 should
2189 2009 22 17 be
2229 2009 80 22 granted

1872 2031 45 21 they
1926 2031 63 17 would
1999 2032 47 16 have
2055 2033 19 15 to
2083 2038 25 15 go
2123 2038 45 16 very
2184 2032 91 22 carefully
2288 2034 22 16 to

1872 2053 58 21 work,
1951 2060 19 11 as
1987 2060 73 16 anyone
2078 2055 71 23 having
2166 2055 45 17 such
2229 2062 10 10 a
2256 2055 54 23 right

1872 2077 61 22 might
1943 2077 60 16 bottle
2011 2083 37 16 any
2064 2080 58 15 water
2137 2079 24 16 he
2177 2078 75 22 pleased
2269 2078 38 18 and

1872 2100 33 17 sell
1914 2100 15 17 it
1938 2106 20 12 as
1968 2100 73 17 Kuirau,
2055 2104 63 14 water.
2148 2102 30 17 On
2192 2102 33 17 the
2242 2102 55 17 Conti-

1871 2126 46 14 nent
1926 2124 32 16 the
1967 2123 69 18 bottles
2050 2125 111 21 containing
2175 2125 45 17 such
2239 2126 69 16 waters

1871 2152 48 11 were
1928 2146 61 17 sealed
1999 2147 36 16 and
2045 2148 116 20 guaranteed
2178 2148 27 22 by
2219 2148 33 17 tho
2269 2148 26 17 Go-

1865 2170 1 23 .
1870 2173 100 14 vornmeut
1978 2170 98 17 otherwise
2088 2170 31 18 the
2129 2173 58 15 water
2197 2171 62 17 would
2276 2173 33 20 get

1871 2193 40 17 into
1920 2193 37 17 bad
1966 2196 71 19 repute.
2051 2193 32 18 All
2093 2194 41 17 that
2144 2194 34 18 the
2184 2194 62 18 Board
2253 2194 55 17 could

1870 2216 25 17 do
1905 2222 37 11 was
1950 2218 19 15 to
1979 2216 117 19 recommend
2105 2220 20 14 to
2135 2217 31 17 the
2180 2217 131 18 Government,

1871 2239 43 17 that
1923 2240 31 16 Mr
1962 2240 69 17 Clarke
2038 2240 22 17 be
2069 2240 81 23 granted
2159 2247 11 10 a
2180 2241 101 22 monopoly
2288 2241 22 16 of

1871 2262 33 17 the
1913 2265 67 15 waters
1990 2263 29 17 for
2027 2269 11 10 a
2046 2264 70 16 certain
2126 2264 65 22 period
2200 2270 24 11 on
2242 2264 54 17 condi-

1870 2286 39 16 tion
1917 2286 43 16 that
1966 2286 31 16 the
2003 2286 86 22 industry
2097 2292 38 12 was
2142 2287 56 22 fairly
2205 2286 104 23 developed

1871 2309 67 17 within
1947 2316 11 9 a
1967 2309 70 17 certain
2046 2310 51 16 time.

1895 2333 54 16 After
1958 2338 50 11 some
2018 2333 73 16 further
2097 2333 102 18 discussion
2205 2334 16 17 it
2229 2339 38 11 was
2274 2333 22 17 de-

1870 2355 53 17 cided
1945 2356 42 16 that
2004 2356 32 16 the
2053 2356 128 17 Government
2194 2357 23 17 be
2235 2362 61 12 recom-

1870 2379 79 16 mended
1959 2380 19 15 to
1988 2380 56 21 grant
2057 2379 32 17 the
2103 2382 81 20 request,
2203 2386 21 11 so
2242 2380 29 17 far
2288 2386 19 10 as

1870 2402 32 17 the
1923 2402 75 17 Kuirau
2013 2408 38 11 was
2068 2403 109 20 concerned,
2201 2404 30 16 for
2255 2403 53 17 three

1870 2431 53 16 years
1933 2431 24 11 on
1970 2425 33 17 the
2016 2425 98 23 following
2130 2426 106 17 conditions
2243 2426 64 23 :(1.)

1870 2448 49 17 That
1928 2449 32 17 the
1969 2448 84 18 business
2069 2448 23 18 be
2109 2449 114 18 established
2240 2449 65 18 within

1871 2473 20 15 12
1909 2471 82 17 months.
2025 2471 33 24 (2.)
2071 2472 50 18 That
2145 2478 25 12 no
2191 2473 76 22 royalty
2284 2473 23 16 be

1870 2495 82 22 charged
1961 2495 30 17 for
1999 2495 32 17 the
2040 2495 41 17 first
2099 2497 20 15 12
2137 2496 76 17 months
2221 2495 4 22 ;
2247 2496 49 17 after-

1870 2518 60 16 wards
1939 2520 20 15 at
1968 2518 32 17 tho
2009 2520 40 15 late
2058 2519 20 16 of
2088 2520 19 15 Is
2115 2525 34 16 per
2158 2525 54 16 gross
2229 2519 77 17 bottles.

1870 2539 34 29 (8;)
1917 2541 49 17 That
1975 2541 32 17 the
2016 2544 58 14 water
2088 2542 23 16 be
2126 2542 72 17 hottled
2213 2542 66 17 within
2296 2549 11 10 a

1869 2561 45 20 nuie
1922 2565 20 16 of
1951 2565 31 16 the
1992 2565 65 22 spring
2064 2565 38 17 and
2111 2566 43 16 that
2169 2566 32 16 the
2218 2565 89 22 premises

1869 2587 22 17 be
1901 2593 48 17 open
1959 2590 19 14 to
1987 2587 34 17 the
2027 2588 104 22 inspection
2141 2589 20 16 of
2170 2589 32 16 the
2211 2589 63 16 Board
2286 2589 20 16 in

1869 2610 55 17 order
1932 2613 20 14 to
1961 2617 30 10 see
1999 2611 43 16 that
2057 2612 80 21 genuine
2153 2612 78 17 mineral
2248 2613 59 16 water

1869 2634 21 16 of
1897 2634 32 17 the
1939 2634 74 17 Kuirau
2020 2634 16 17 is
2045 2634 76 18 bottled
2128 2635 37 17 and
2175 2635 49 17 sold.
2240 2635 20 17 It
2268 2641 38 11 was

1869 2657 39 17 also
1917 2657 69 22 agreed
1996 2658 42 16 that
2046 2658 16 16 if
2070 2659 44 16 such
2124 2664 49 11 were
2182 2658 81 22 granted
2275 2659 32 15 Mi

1869 2680 67 17 Clarke
1945 2681 66 16 showld
2022 2681 47 16 have
2078 2683 34 16 the
2118 2681 109 23 preference
2239 2681 20 17 in
2274 2681 32 17 the

1868 2706 55 14 event
1933 2705 20 16 of
1968 2704 54 16 other
2036 2704 125 23 applications
2178 2704 58 23 being
2252 2704 54 17 made

1868 2728 30 16 for
1907 2727 31 17 the
1949 2729 57 15 water
2015 2728 19 16 of
2043 2730 54 14 other
2112 2728 81 22 springs,
2209 2728 37 16 and
2264 2728 42 17 that

1868 2756 25 11 no
1904 2750 45 17 such
1955 2750 124 22 applications
2085 2751 67 17 should
2158 2751 24 17 be
2188 2751 118 17 entertained

1868 2774 30 15 for
1905 2775 21 14 at
1935 2774 47 16 least
1993 2774 19 16 12
2022 2774 76 17 months
2115 2775 48 16 from
2179 2775 33 16 the
2226 2774 44 17 date
2286 2775 20 16 of

1868 2796 32 18 the
1909 2798 109 20 agreement
2027 2797 44 17 with
2081 2797 31 17 Mr
2121 2798 77 16 Clarke.

1997 2828 176 17 Miscellaneous.

1891 2859 38 17 The
1938 2859 49 17 lease
1996 2859 19 17 of
2024 2859 32 17 the
2065 2859 58 17 Town
2138 2860 63 17 Board
2219 2859 86 23 paddock

1867 2884 20 15 to
1896 2883 32 16 the
1937 2882 113 22 proprietors
2060 2883 19 16 of
2089 2883 32 17 the
2128 2883 64 17 Grand
2203 2883 59 17 Hotel
2269 2889 37 11 was

1867 2905 103 18 submitted
1984 2906 28 16 for
2026 2906 105 22 signature.
2156 2906 26 17 As
2201 2906 32 17 the
2249 2906 57 17 lessee

1867 2935 38 11 was
1914 2930 36 21 put
1958 2930 20 15 to
1987 2934 25 11 no
2020 2928 145 19 inconvenience
2174 2929 27 22 by
2210 2930 31 16 the
2251 2929 55 22 delay

1867 2952 15 16 it
1891 2958 37 10 was
1938 2951 84 17 resolved
2031 2953 20 15 to
2060 2952 53 17 defer
2121 2953 32 16 the
2163 2954 69 16 matter
2238 2953 29 16 till
2274 2953 31 16 the

1867 2977 45 15 nest
1922 2975 76 22 regular
2006 2975 92 23 meeting.

1891 2998 20 17 It
1919 3004 38 11 was
1966 2998 77 17 decided
2053 2998 41 17 that
2104 2999 32 16 the
2145 2999 54 17 usual
2215 2998 90 17 donation

1867 3022 20 16 of
1896 3021 25 17 o
1931 3022 20 16 to
1960 3021 33 17 the
2002 3021 80 22 Library
2091 3022 39 16 and
2144 3022 88 23 Reading
2246 3022 59 17 Room

1867 3044 68 17 should
1944 3044 23 17 be
1976 3045 86 21 granted.

1891 3067 75 18 Several
1975 3068 123 22 applications
2108 3069 30 16 for
2147 3069 54 20 trees,
2211 3068 20 17 in
2248 3069 57 16 terms

1867 3092 19 16 of
1895 3090 146 18 advertisement
2046 3091 20 17 in
2072 3092 124 17 Cukoxicle,
2205 3091 30 18 for
2239 3091 55 23 plant-

1865 3113 35 24 ing
1909 3120 23 10 on
1942 3113 61 17 Arbor
2011 3114 42 23 Day
2062 3120 49 11 were
2120 3115 90 17 received.
2231 3115 74 17 Several

1866 3137 79 18 matters
1954 3137 19 16 of
1982 3136 61 19 minor
2050 3137 118 23 importance
2177 3137 71 23 having
2258 3137 47 18 been

1867 3160 109 17 considered
1986 3160 32 17 the
2027 3162 84 21 meeting
2121 3161 68 17 closed.

1944 3212 178 19 MAGISTRATES
2137 3213 84 18 COURT.

1890 3259 38 17 The
1949 3259 54 17 usual
2024 3259 87 22 monthly
2128 3260 79 22 sittings
2230 3260 20 17 of
2272 3260 32 16 the

1866 3281 123 24 Magistrates
1998 3282 58 17 Court
2065 3284 47 15 took
2122 3283 55 21 place
2192 3289 25 11 on
2234 3283 70 21 Friday

1866 3306 37 16 last
1923 3306 64 16 before
2006 3305 114 18 Lieut.-Col.
2146 3306 87 20 Koberts,
2256 3306 48 17 S.M.

1866 3328 39 17 The
1914 3328 98 23 following
2021 3335 50 10 cases
2080 3334 48 12 wore
2142 3329 90 22 disposed
2248 3330 21 16 of
2276 3334 28 12 :

1890 3351 22 17 G.
1923 3351 92 22 McAuley
2025 3357 17 11 v.
2053 3351 30 17 W.
2092 3352 105 20 Henshaw,
2208 3353 54 16 claim
2278 3352 26 16 3

1868 3375 30 16 19s
1909 3374 34 17 lOd
1952 3376 47 18 rent,
2010 3374 59 22 goods
2078 3375 92 22 supplied,
2187 3377 33 16 &c.
2250 3375 54 17 After

1867 3397 127 17 considerable
2003 3398 87 16 evidence
2099 3400 19 15 of
2127 3404 11 11 a
2147 3398 111 22 conflicting
2269 3404 22 10 na-

1867 3422 42 15 ture
1918 3420 37 17 had
1963 3420 47 17 been
2018 3420 58 17 heard
2085 3427 11 11 a
2107 3421 73 17 verdict
2195 3427 38 11 was
2248 3421 56 22 given

1867 3445 29 15 for
1905 3443 83 23 plaintiff
1994 3443 19 17 in
2024 3444 23 16 1
2060 3445 30 15 lis
2099 3444 29 20 2d,
2139 3445 59 16 Court
2212 3446 48 15 costs
2276 3446 26 14 6s.

1890 3467 52 16 John
1947 3466 96 17 Mckenzie
2050 3473 17 10 v.
2075 3467 83 17 William
2162 3467 80 19 Seddou,
2248 3467 55 17 claim

1867 3490 29 17 for
1905 3490 26 16 3
1942 3490 29 17 17s
1980 3490 24 16 4d
2013 3490 29 16 for
2051 3490 46 17 milk
2106 3491 95 21 supplied.
2224 3490 39 17 The
2271 3490 21 17 de-

1867 3513 79 17 fendant
1954 3512 31 17 did
1995 3514 32 15 not
2045 3513 74 21 dispute
2133 3516 32 14 the
2178 3514 90 21 quantity
2284 3514 20 16 of

1866 3536 46 17 jjilk
1921 3535 82 22 dunged
2013 3536 29 16 for
2050 3536 35 17 but
2093 3537 70 21 merely
2172 3537 46 17 took
2234 3542 57 16 excep-

1866 3559 41 16 tion
1916 3560 19 15 to
1945 3559 32 16 the
1985 3559 50 21 price
2044 3559 62 17 which
2114 3560 23 16 he
2146 3560 78 16 averred
2236 3559 66 17 should

1866 3582 24 17 be
1898 3582 23 16 3d
1931 3587 33 16 per
1972 3582 56 22 quart
2036 3582 74 17 instead
2123 3583 20 16 of
2155 3582 33 18 4d.
2218 3581 86 19 Plaintiff

1866 3605 62 17 stated
1937 3605 43 16 that
1989 3605 47 16 from
2048 3606 27 16 Ist
2084 3605 107 17 November
2199 3606 28 16 his
2234 3606 69 21 charge

1866 3630 20 15 to
1895 3628 77 22 regular
1980 3631 103 14 customers
2098 3634 39 11 was
2154 3628 35 22 3d;
2212 3631 20 15 to
2250 3629 53 16 those

1866 3652 43 15 who
1923 3651 45 21 only
1982 3650 45 17 took
2044 3651 41 16 half
2100 3652 50 16 their
2166 3652 69 22 supply
2254 3652 48 16 from

1866 3674 40 16 him
1914 3674 33 16 the
1956 3673 68 22 charge
2033 3680 38 10 was
2080 3674 41 22 3Jd;
2136 3675 51 17 these
2194 3678 58 14 terms
2257 3680 33 11 con-

1867 3698 52 16 tinue
1933 3699 19 14 to
1971 3697 28 17 Ist
2015 3697 67 17 March
2100 3698 54 16 when
2171 3698 32 16 the
2220 3697 51 23 price
2286 3697 16 17 is

1866 3720 62 17 raised
1937 3721 19 15 to
1964 3719 25 17 4d
1998 3725 33 17 per
2046 3722 62 20 quart.
2142 3721 39 16 The
2198 3720 103 17 defendant

1867 3743 44 22 only
1920 3742 46 18 took
1975 3742 40 18 half
2023 3743 28 17 his
2063 3744 45 16 milk
2116 3744 38 16 and
2163 3749 38 11 was
2208 3744 94 16 therefore

1867 3766 83 21 charged
1963 3765 36 17 3Ad
2005 3765 2 22 -
2008 3765 3 22 f
2027 3766 24 16 he
2065 3767 38 16 had
2119 3766 79 18 notified
2214 3767 30 16 his
2259 3772 31 11 cus-

1866 3791 70 15 tomers
1945 3789 19 16 of
1973 3789 37 16 this
2018 3789 82 21 practice
2112 3789 37 18 anil
2163 3791 89 21 amongst
2269 3789 32 17 the

1866 3813 38 16 rest
1921 3812 33 16 the
1973 3811 114 23 defendant;
2109 3813 87 21 previous
2212 3815 88 14 accounts

1865 3835 39 17 had
1912 3834 45 18 been
1968 3834 43 22 paid
2020 3836 19 16 at
2057 3835 36 17 this
2107 3837 46 18 rate,
2169 3834 93 24 although
2278 3835 22 17 he

1865 3858 39 16 had
1912 3857 118 22 complained
2038 3859 20 15 of
2066 3859 32 16 the
2107 3859 75 22 charge.
2208 3859 23 16 In
2240 3864 50 10 cross-

1866 3881 128 16 exauiination
2003 3881 75 17 witness
2091 3881 62 18 stated
2168 3882 42 17 that
2224 3881 22 16 he
2263 3881 37 16 had

1865 3906 34 15 not
1908 3904 94 22 promised
2010 3905 20 15 to
2041 3904 68 22 supply
2118 3905 46 16 milk
2173 3908 21 13 at
2204 3904 32 17 the
2250 3909 50 11 same

1865 3929 41 15 rate
1915 3933 20 10 as
1944 3927 81 16 Daibefh
2039 3927 16 16 if
2067 3928 23 16 he
2103 3928 63 16 would
2183 3928 41 16 deal
2241 3927 58 22 solely

1865 3951 46 16 with
1928 3950 43 16 him.
2006 3949 92 18 Murdoch
2114 3951 110 19 McKenzie,
2239 3950 48 17 book-

1864 3972 69 22 keeper
1940 3975 21 14 to
1969 3972 83 22 plaintiff
2063 3974 62 16 stated
2138 3974 42 16 that
2196 3979 24 12 on
2232 3973 67 18 March

1867 3997 27 15 Ist
1903 3996 32 16 the
1944 4001 49 16 price
2002 3996 20 16 of
2031 3996 45 17 milk
2085 4002 38 11 was
2131 3997 61 17 raised
2205 3998 19 16 to
2238 3996 26 17 4d
2279 3998 20 15 to

1864 4019 26 16 all
1899 4020 101 16 customers
2006 4019 4 22 ;
2024 4019 32 16 the
2064 4021 81 15 account
2153 4019 96 22 produced
2262 4024 37 12 was

1864 4041 54 17 made
1928 4045 33 13 out
1970 4043 20 15 at
1998 4041 42 17 that
2048 4042 61 22 price;
2123 4042 84 22 plaintiff
2213 4042 39 17 had
2257 4042 40 17 told

1864 4064 40 17 him
1912 4066 21 15 to
1942 4065 68 21 charge
2019 4065 36 17 3d
2069 4071 33 16 per
2118 4067 55 20 quart
2192 4068 20 14 to
2228 4065 71 16 certain

1864 4089 103 15 customers
1976 4088 42 16 who
2027 4087 32 17 did
2067 4090 35 14 not
2110 4088 44 17 take
2163 4088 25 17 all
2198 4088 49 17 their
2253 4094 34 15 sup-

1864 4111 33 20 ply
1907 4111 48 16 from
1967 4109 45 18 him.
2038 4111 20 16 T.
2073 4110 19 17 J.
2107 4111 97 17 Robinson
2217 4111 40 16 said
2271 4111 28 16 his

2332 95 1 24 I
2337 96 132 20 arrangement
2482 96 46 16 with
2542 96 85 22 plaintiff
2638 101 38 11 was
2693 96 41 18 that
2752 97 18 16 in

2337 117 32 16 the
2378 122 82 12 summer
2468 119 76 17 months
2554 119 23 17 he
2586 118 67 18 should
2659 118 23 18 he
2690 120 82 22 charged

2337 139 74 23 3dfor
2420 141 44 16 snilk
2474 141 38 17 and
2520 142 19 16 in
2548 143 32 16 the
2594 143 68 15 winter
2678 141 30 19 4d.
2740 143 30 17 W.

2337 163 22 16 A.
2369 162 91 18 Williams
2468 165 63 16 stated
2539 165 43 17 that
2591 165 24 18 he
2623 165 44 23 paid
2676 165 24 18 3d
2709 165 18 17 in
2740 166 32 17 the

2337 191 80 12 summer
2426 186 51 23 only.
2503 188 107 17 Defendant
2618 188 62 17 stated
2685 189 19 16 in
2710 188 48 17 Janu-

2337 214 32 16 ary
2378 209 36 16 last
2422 209 85 22 plaintiff
2513 211 41 17 told
2562 211 39 17 him
2614 212 42 16 that
2670 212 23 16 he
2708 212 63 17 would

2337 232 67 22 supply
2413 232 38 17 him
2462 233 45 17 with
2517 235 46 16 milk
2572 235 25 16 all
2606 235 34 16 the
2652 240 45 17 year
2710 235 60 17 round

2337 256 19 15 at
2365 255 23 16 3d
2397 261 34 16 per
2439 258 56 20 quart
2504 257 34 16 hut
2547 258 24 16 he
2584 259 50 16 must
2668 258 62 17 knock
2746 259 26 16 off

2336 277 83 17 Dalbeth
2457 279 24 17 he
2488 280 41 16 told
2539 280 84 23 plaintiff
2630 281 23 16 he
2667 281 55 17 could
2737 284 33 14 not

2336 300 23 17 do
2371 301 37 17 this
2417 301 34 17 hut
2460 302 42 17 that
2511 304 24 16 he
2544 303 63 17 would
2621 304 43 22 give
2678 305 38 16 him
2730 305 41 17 hall'

2336 324 32 17 the
2384 324 80 26 supply;
2478 325 38 18 this
2534 332 38 11 was
2589 327 32 16 the
2637 330 133 20 arrangement

2336 346 34 17 hut
2379 353 22 11 on
2412 348 94 23 receiving
2515 349 29 17 his
2551 351 90 16 accounts
2650 350 23 16 he
2683 351 57 16 found
2747 351 23 17 he

2336 369 36 17 had
2387 370 45 17 heen
2447 371 83 23 charged
2546 372 31 18 4d.
2609 372 107 21 Judgment
2733 379 37 12 wan

2336 393 55 21 given
2408 395 29 16 for
2453 395 32 17 the
2502 397 79 15 amount
2598 395 43 21 paid
2658 397 39 16 into
2711 397 56 17 Court

2336 415 25 18 3
2370 417 22 16 Is.

2359 439 49 17 Kate
2416 440 72 24 Young
2496 447 18 11 v.
2529 441 52 18 John
2595 442 102 19 Jlowhmd,
2714 443 54 17 claim

2336 461 29 17 for
2373 464 103 20 possession
2486 465 20 16 of
2518 465 59 17 house
2590 465 90 21 occupied
2693 465 26 22 by
2736 466 22 17 de-

2335 485 78 18 fendant
2422 487 36 16 and
2467 489 42 16 rent
2519 488 16 17 i'
2535 488 16 17 9.
2585 487 108 19 Defendant
2707 489 61 18 stated

2335 508 42 17 that
2384 508 23 18 he
2417 509 36 17 had
2462 510 47 17 heen
2526 512 53 15 three
2594 511 77 17 months
2685 512 83 18 confined

2335 532 20 15 to
2363 531 47 22 bed;
2424 533 33 17 the
2471 534 57 17 house
2542 534 38 17 had
2596 536 34 15 not
2648 534 47 17 been
2713 535 55 18 taken

2335 553 47 18 from
2389 555 85 21 plaintiff
2479 557 35 17 but
2519 557 49 17 from
2577 557 32 17 Mr
2614 557 62 17 Steele
2681 559 20 15 to
2707 558 61 17 whom

2335 576 23 17 he
2366 578 44 21 paid
2422 582 47 14 rent.
2500 581 39 16 The
2553 580 84 22 plaintiff
2649 581 61 16 stated
2726 582 43 17 that

2335 600 31 17 the
2375 600 57 18 house
2441 603 89 22 occupied
2539 604 26 21 by
2573 603 104 17 defendant
2686 609 37 12 was
2736 605 33 16 her

2335 626 94 20 property.
2439 625 32 17 Mr
2483 626 61 18 Steele
2558 632 38 11 was
2609 626 34 17 her
2657 629 58 20 agent
2731 628 37 17 and

2335 646 37 17 had
2380 647 82 18 received
2472 655 11 10 a
2492 650 74 21 portion
2576 649 21 17 of
2605 649 32 17 the
2646 651 42 15 rent
2694 650 34 17 but
2735 651 22 16 de-

2335 669 78 18 fendant
2421 676 38 12 was
2467 677 43 12 now
2519 673 65 20 owing
2597 673 29 16 for
2640 672 36 17 five
2693 675 75 16 months

2334 694 20 15 at
2365 693 29 17 10s
2410 699 35 16 per
2459 696 64 20 week;
2544 695 104 18 defendant
2668 696 38 17 had
2722 696 46 18 been

2335 716 63 16 served
2406 717 47 17 with
2461 719 62 17 notice
2531 720 21 16 to
2568 719 42 22 quit
2619 725 5 14 ;
2646 719 32 17 she
2694 719 38 17 had
2748 722 20 15 to

2334 744 37 16 pay
2380 745 11 10 a
2399 739 60 23 heavy
2468 742 74 21 ground
2551 744 48 16 rent,
2615 744 59 18 taxes,
2687 743 39 20 &c.,
2744 750 24 10 on

2334 762 32 16 the
2375 766 89 19 property
2472 764 38 17 and
2519 765 54 17 could
2584 766 33 16 not
2626 764 24 17 do
2667 771 21 11 so
2703 766 16 17 if
2735 766 22 17 de-

2334 785 168 23 fendantjretained
2509 789 113 21 possession;
2636 788 33 17 she
2674 788 37 17 had
2718 790 40 16 noti-

2333 808 37 17 ucd
2379 808 102 18 defendant
2494 811 43 17 that
2551 811 24 17 he
2591 811 55 17 could
2662 811 54 17 leave
2731 813 37 17 and

2333 832 45 16 take
2386 832 28 17 his
2423 832 93 18 furniture
2525 835 46 16 with
2584 835 45 16 him.
2655 835 38 16 The
2702 834 55 19 defen-

2333 854 47 17 dant
2389 854 83 19 declined
2482 858 20 15 to
2511 858 147 17 cross-examine
2667 858 37 17 and
2712 858 20 17 in
2739 865 19 10 re-

2333 878 33 22 ply
2375 879 20 16 to
2403 878 33 17 the
2445 879 60 18 bench
2514 880 61 17 stated
2589 881 42 17 that
2640 880 81 18 sickness
2730 887 38 12 was

2334 901 29 17 his
2371 901 44 22 only
2424 907 66 12 reason
2499 903 29 17 for
2537 904 85 22 refusing
2636 905 20 15 to
2671 904 54 17 leave
2737 905 31 17 the

2333 924 69 21 house;
2415 924 24 17 he
2448 926 39 17 also
2496 926 114 18 understood
2626 927 33 17 the
2673 929 41 15 rent
2730 934 38 11 was

2333 949 20 15 to
2362 948 23 16 bo
2395 949 30 15 10s
2434 948 73 18 instead
2517 950 20 17 of
2545 951 36 16 12s.
2606 950 24 17 D.
2641 950 60 17 Steele
2707 952 61 16 stated

2334 971 42 16 that
2384 971 34 17 the
2431 974 42 14 rent
2487 973 20 16 of
2521 973 33 17 the
2570 973 58 17 house
2645 974 18 16 in
2681 974 86 22 question

2334 999 38 12 was
2380 995 19 16 to
2410 993 24 18 bo
2443 995 31 17 10s
2482 1001 33 17 per
2525 996 50 17 week
2585 997 28 16 till
2620 997 103 17 Christmas
2731 999 37 15 and

2333 1017 51 16 after
2391 1017 41 17 that
2450 1019 29 16 12s
2493 1025 33 15 per
2542 1020 64 19 week;
2627 1020 25 17 he
2667 1020 38 17 had
2721 1020 46 17 been

2333 1040 44 21 paid
2390 1041 127 23 accordingly.
2543 1043 40 17 Mrs
2598 1043 71 22 Young
2682 1049 38 11 was
2736 1044 32 17 the

2333 1069 63 11 owner
2410 1064 21 16 of
2446 1065 32 17 the
2493 1068 82 20 cottage.
2609 1067 16 16 A
2642 1066 71 18 verdict
2731 1073 37 11 was

2333 1086 56 22 given
2398 1087 30 16 for
2436 1087 34 18 the
2477 1091 79 15 amount
2565 1090 20 16 of
2593 1091 41 15 rent
2644 1089 37 17 due
2689 1090 36 17 and
2735 1090 22 17 de-

2333 1107 79 19 fendant
2421 1116 38 11 was
2467 1112 77 17 ordered
2554 1114 19 15 to
2582 1113 42 20 give
2631 1118 26 16 up
2664 1113 103 21 possession

2333 1133 20 17 of
2362 1133 32 17 the
2402 1133 58 17 house
2470 1134 64 19 within
2546 1137 20 15 10
2573 1136 53 21 days.

2357 1156 28 17 W.
2396 1157 96 17 Henshaw
2500 1164 18 11 v.
2528 1159 23 17 G.
2561 1159 99 21 McAuley,
2671 1159 54 17 claim
2739 1160 29 16 for

2333 1178 26 19 2
2370 1180 29 17 17s
2411 1180 34 17 I'd
2454 1182 48 15 wur'i
2513 1182 36 17 and
2567 1182 54 17 labor
2636 1182 54 17 done.
2720 1182 36 18 Ver-

2333 1202 37 17 dict
2380 1203 30 17 for
2417 1204 83 21 plaintiff
2512 1205 18 16 in
2546 1205 32 17 the
2593 1205 79 17 reduced
2690 1208 77 15 amount

2333 1227 19 15 of
2361 1225 25 17 2
2396 1227 20 17 5s
2427 1227 45 17 10.U1
2481 1228 37 17 and
2523 1230 56 16 costs.

2356 1249 95 18 Paharuhi
2462 1256 17 11 v.
2490 1251 85 20 Ramera,
2586 1251 55 17 claim
2658 1252 30 16 for
2704 1252 26 18 4
2747 1254 20 15 4s

2333 1272 30 17 for
2371 1273 34 16 600
2413 1273 82 23 palings.
2526 1275 56 17 From
2599 1275 33 17 the
2648 1275 89 18 evidence
2752 1277 15 16 it

2333 1296 93 21 appeared
2445 1296 42 18 that
2504 1297 32 18 the
2553 1298 75 22 palings
2645 1298 19 17 in
2681 1299 85 22 question

2333 1324 47 11 were
2389 1321 32 15 cut
2430 1320 30 16 for
2468 1321 34 17 the
2509 1326 80 18 purpose
2599 1322 20 16 of
2626 1322 102 22 providing
2735 1328 22 11 ac-

2333 1342 139 18 commodation
2481 1344 29 17 for
2518 1345 33 16 the
2561 1345 84 22 meeting
2653 1345 20 17 of
2686 1345 33 17 the
2733 1351 22 11 na-

2333 1365 37 16 tive
2391 1365 122 19 Parliament.
2546 1368 20 17 It
2584 1367 74 18 further
2674 1368 93 23 appeared

2333 1388 42 17 that
2383 1389 74 17 various
2466 1390 92 18 members
2571 1392 21 16 of
2607 1391 33 17 the
2657 1391 48 17 tribe
2722 1397 32 11 con-

2332 1411 83 17 tributed
2425 1414 20 15 to
2460 1413 32 17 the
2506 1414 52 16 work
2571 1414 37 17 and
2624 1420 24 11 no
2662 1414 105 18 individual

2332 1435 77 17 interest
2418 1435 54 18 could
2486 1436 23 18 be
2526 1437 122 17 determined.
2683 1438 86 17 Plaintiff

2333 1463 37 12 was
2379 1459 121 22 .accordingly
2513 1461 111 16 non-suited
2638 1460 38 17 and
2689 1461 77 17 ordered

2333 1483 19 15 to
2361 1487 36 16 pay
2406 1482 32 17 the
2447 1481 127 23 interpreter's
2584 1484 29 17 fee
2623 1484 37 17 21s.

2479 1535 134 18 FOOTBALL.

2425 1581 96 19 ROTORUA
2535 1587 18 12 V.
2566 1583 28 16 TK
2607 1583 64 17 VVKE.

2355 1612 38 16 Tho
2402 1612 79 18 football
2491 1614 62 16 match
2569 1616 28 15 sot,
2614 1614 54 18 down
2686 1615 30 17 for
2733 1614 22 18 de-

2332 1635 56 17 cision
2398 1640 23 12 on
2432 1635 93 24 Saturday
2534 1637 37 17 lust,
2581 1644 37 10 was
2635 1638 84 17 between
2733 1644 34 11 our

2331 1658 48 17 local
2399 1660 50 16 toain
2470 1660 37 17 and
2526 1661 32 16 the
2575 1661 156 22 representatives
2747 1663 20 16 of

2331 1681 80 21 Matata,
2421 1681 33 19 but
2465 1683 63 23 owing
2537 1685 20 16 to
2566 1684 31 17 the
2607 1685 38 16 fact
2654 1685 44 17 that
2714 1685 52 17 three

2331 1705 20 16 of
2360 1705 73 17 Matata
2435 1705 4 20 1
2442 1712 7 10 s
2458 1705 41 19 best
2509 1713 42 11 men
2560 1707 56 17 could
2630 1709 35 16 not
2678 1713 52 12 come
2746 1709 20 16 to

2331 1727 84 19 Rotorua
2423 1729 40 22 just
2472 1736 41 10 now
2524 1729 64 24 owing
2597 1731 19 17 to
2627 1731 48 18 their
2679 1736 87 17 presence

2331 1750 57 24 being
2397 1752 84 22 required
2496 1753 17 17 in
2532 1753 99 24 Tauranga
2648 1756 20 16 to
2685 1753 81 24 practice

2331 1774 36 17 and
2377 1775 72 22 qualify
2459 1776 110 18 themselves
2582 1783 20 10 as
2619 1783 42 16 reps
2678 1778 29 17 for
2724 1777 41 18 that

2331 1797 84 24 borough
2425 1798 19 18 in
2454 1799 23 17 its
2486 1800 69 16 annual
2567 1800 60 17 battle
2641 1800 45 18 with
2702 1800 51 18 Auck-

2331 1821 49 20 land,
2395 1821 33 18 tho
2443 1822 69 18 fixture
2531 1823 34 17 has
2583 1823 35 17 had
2637 1825 19 15 to
2674 1824 22 17 be
2712 1825 43 22 post-

2331 1844 66 22 poned.
2422 1845 39 17 The
2470 1846 49 20 good
2529 1852 42 11 men
2583 1847 20 16 of
2619 1847 98 22 Rangiuru
2733 1847 33 23 (Te

2331 1866 59 25 Puke)
2399 1867 80 23 hftaring
2488 1870 41 16 that
2538 1870 32 17 the
2580 1870 73 17 Matata
2661 1870 61 18 would
2733 1872 30 17 not

2331 1890 22 17 be
2362 1891 41 17 able
2413 1892 19 16 to
2444 1892 47 17 fulfil
2501 1892 49 18 their
2564 1895 127 20 engagement
2707 1897 58 15 wrote

2330 1913 79 23 offering
2418 1917 19 14 to
2447 1920 51 13 ciiine
2511 1921 25 17 up
2545 1917 35 16 and
2592 1917 25 17 fill
2628 1917 31 17 11.e
2668 1923 44 16 gap.
2727 1918 38 16 The

2330 1938 45 16 oiler
2385 1943 36 11 was
2430 1938 88 23 accepted
2527 1939 37 17 and
2574 1939 32 18 the
2621 1941 55 17 team,
2691 1946 61 13 accom-

2329 1960 67 23 panied
2406 1960 24 23 by
2440 1962 32 16 the
2482 1963 53 16 usual
2545 1962 109 24 contingent
2665 1964 20 16 of
2693 1964 59 17 admir-

2330 1990 29 10 ers
2367 1984 35 16 and
2411 1984 108 18 ban-ackers
2528 1986 72 16 arrived
2611 1992 23 12 on
2646 1986 68 23 Friday
2722 1988 41 17 last.

2331 2006 91 24 Saturday
2433 2014 37 11 was
2480 2014 11 11 a
2500 2008 60 23 grand
2573 2009 80 18 football
2670 2010 43 22 day,
2731 2016 31 12 not

2329 2032 32 15 too
2371 2030 40 17 cold
2421 2031 37 16 und
2466 2032 41 21 just
2515 2039 11 10 a
2535 2032 50 21 light
2600 2032 64 19 breeze
2680 2033 84 22 blowing

2329 2060 61 10 across
2399 2053 33 19 tho
2440 2054 80 21 ground.
2552 2056 39 16 The
2608 2056 85 17 Rotorua
2709 2058 55 17 Brass

2329 2077 52 17 Band
2392 2077 68 18 turned
2472 2080 33 15 out
2515 2079 37 16 and
2566 2079 97 18 enlivened
2676 2080 32 17 the
2722 2086 31 12 cus-

2329 2101 73 21 tomary
2413 2106 60 17 weary
2486 2101 43 18 wait
2538 2101 64 19 before
2612 2102 32 17 the
2653 2105 48 15 start
2718 2103 44 18 with

2328 2129 11 11 a
2348 2124 35 16 few
2392 2124 61 22 nicely
2462 2124 68 24 played
2540 2127 60 15 tunes.
2616 2126 38 17 The
2663 2132 55 15 game
2726 2133 8 10 v
2743 2133 21 12 as

2329 2151 23 12 an
2361 2146 92 18 excellent
2463 2153 35 11 one
2510 2148 37 16 and
2561 2148 80 17 without
2655 2149 59 17 doubt
2731 2151 32 17 the

2329 2169 40 17 best
2378 2172 49 15 team
2437 2176 47 12 won,
2496 2170 92 24 although
2607 2171 32 18 the
2656 2171 106 23 Rangiurus

2329 2192 68 22 played
2407 2199 11 10 v%
2424 2192 24 19 ell
2454 2193 37 18 and
2500 2195 111 21 stubbornly
2617 2193 91 20 defended
2715 2195 48 18 their

2329 2215 68 24 charge
2410 2217 56 22 again
2482 2217 37 17 and
2537 2218 62 22 ug.tin.
2633 2218 39 17 The
2688 2221 75 19 greater

2329 2240 41 20 part
2380 2239 19 17 of
2406 2239 33 18 the
2447 2240 44 22 play
2501 2241 44 17 took
2555 2240 52 23 place
2616 2240 19 18 in
2642 2242 31 16 the
2682 2242 79 17 visitors'

2329 2263 21 16 U
2359 2262 33 17 but
2402 2263 14 16 it
2426 2269 38 11 was
2473 2264 48 22 fully
2531 2264 40 18 half
2580 2270 24 11 an
2613 2265 48 16 hour
2670 2265 47 17 from
2731 2266 31 16 the

2329 2287 47 15 start
2395 2286 65 17 before
2477 2287 32 17 the
2525 2288 41 16 first
2583 2293 85 12 scorea
2685 2289 30 21 try
2734 2289 28 17 for

2328 2308 147 18 Rotoruawas
2487 2310 94 19 obtained,
2597 2311 80 22 Kanapn
2687 2312 75 22 getting

2328 2331 18 18 in
2353 2331 4 26 ;
2371 2332 32 18 the
2412 2333 58 21 angle
2477 2339 38 11 was
2524 2340 10 10 a
2543 2340 45 17 very
2597 2334 78 17 difficult
2684 2340 35 12 one
2725 2335 36 17 and

2328 2355 92 21 although
2431 2355 116 19 Hikitarewa
2564 2357 54 17 made
2633 2362 22 12 an
2671 2358 88 17 excellent

2328 2378 42 17 shot
2380 2378 31 18 the
2421 2379 37 17 ball
2473 2380 32 17 fell
2523 2381 58 16 short.
2606 2380 59 17 There
2682 2387 38 12 was
2736 2387 25 12 no

2328 2402 53 16 other
2390 2408 50 11 score
2450 2402 70 23 during
2529 2404 31 16 the
2569 2403 40 18 first
2618 2403 52 23 spell.

2352 2425 54 22 Upon
2417 2427 96 22 resuming
2521 2427 32 16 the
2562 2427 74 17 visitors
2646 2433 47 11 were
2702 2428 48 18 most-

2328 2447 19 23 ly
2357 2448 64 23 acting
2430 2454 24 12 on
2462 2448 39 24 (the
2519 2449 99 21 defensive,
2637 2450 31 17 the
2678 2451 82 17 Rotorua

2328 2477 42 11 men
2379 2471 81 24 keeping
2470 2473 50 17 them
2534 2473 73 22 penned
2621 2473 19 17 in
2655 2473 49 18 their
2719 2480 41 11 own

2327 2496 76 21 quarter
2411 2495 37 17 and
2458 2496 49 17 after
2515 2501 58 18 many
2576 2497 92 22 attempts
2673 2496 77 19 succeed-

2327 2517 22 18 ed
2360 2518 18 16 in
2388 2518 72 22 adding
2476 2520 37 17 two
2527 2526 51 10 more
2592 2520 50 17 tries,
2652 2521 74 16 neither
2741 2522 21 16 of

2327 2541 60 17 which
2398 2547 37 11 was
2444 2542 106 22 converted,
2561 2543 24 16 alf
2589 2543 64 21 hough
2663 2549 34 10 one
2707 2550 37 10 was
2750 2550 11 11 a

2327 2564 55 22 fairly
2392 2570 43 17 easy
2444 2566 49 17 shot.
2507 2566 38 17 The
2563 2566 44 17 tries
2616 2571 47 12 wove
2673 2566 86 19 obtained

2327 2587 25 22 by
2362 2587 76 18 Pelbam
2448 2589 36 17 and
2495 2589 19 18 C.
2525 2588 96 23 Monkley.
2639 2589 38 17 The
2687 2590 73 16 visitors

2327 2610 91 23 appeared
2428 2613 20 15 to
2457 2612 47 17 have
2513 2619 11 10 a
2533 2613 51 16 little
2592 2614 26 14 set
2632 2613 19 17 of
2668 2613 57 18 hicks
2741 2613 18 18 in

2327 2634 48 16 their
2384 2634 81 17 line-out
2474 2636 44 21 play
2529 2635 60 18 which
2599 2641 47 11 were
2660 2641 44 17 very
2718 2642 31 12 suc-

2327 2658 66 16 cessful
2404 2657 29 18 for
2442 2665 10 9 a
2465 2660 49 20 good
2531 2658 54 18 while
2602 2659 49 16 nntil
2668 2658 32 18 the
2712 2660 47 17 local

2327 2681 90 16 forwards
2446 2681 84 24 dropped
2539 2681 56 18 down
2658 2682 57 18 them,
2723 2682 36 18 and

2327 2704 49 16 after
2383 2704 41 17 that
2435 2704 80 17 line-out
2526 2705 44 23 play
2580 2710 36 11 was
2625 2706 64 21 pretty
2694 2705 65 23 evenly

2327 2727 80 17 divided.
2432 2728 39 17 The
2480 2728 55 18 Rotoi
2541 2735 23 10 ua
2574 2728 56 17 backs
2637 2731 34 17 got
2678 2729 27 16 off
2710 2735 50 11 some

2327 2750 91 18 excellent
2426 2751 78 24 passing
2512 2757 45 11 runs
2566 2752 34 16 but
2609 2751 38 17 still
2663 2752 71 23 require
2750 2759 9 10 a

2326 2773 29 18 lot
2362 2773 21 17 of
2390 2774 82 21 practice
2480 2774 20 18 in
2510 2775 66 22 taking
2588 2774 33 18 the
2639 2774 43 18 ball.
2716 2776 44 16 Two

2326 2802 22 12 or
2356 2797 51 16 three
2416 2797 37 17 fine
2468 2798 91 22 openings
2574 2802 47 12 were
2635 2797 35 18 lost
2686 2798 26 22 by
2728 2799 32 16 the

2327 2819 66 18 failuro
2402 2820 19 17 of
2430 2827 35 10 one
2473 2827 21 10 or
2503 2822 54 15 other
2566 2821 18 17 in
2592 2821 36 16 this
2637 2823 77 19 respect,
2723 2822 37 17 and

2327 2848 23 12 on
2360 2844 69 16 several
2439 2844 94 17 occasions
2542 2844 45 21 they
2600 2843 64 19 rather
2682 2850 77 12 overran

2326 2866 32 16 the
2367 2872 44 10 mau
2421 2867 45 17 with
2475 2867 32 17 the
2515 2867 38 17 ball
2563 2867 38 17 and
2615 2872 48 12 were
2676 2867 18 17 in
2709 2868 48 17 front

2327 2889 19 17 of
2355 2889 39 18 bin*
2403 2890 53 17 when
2465 2890 23 17 he
2498 2889 74 19 wanted
2581 2891 19 16 to
2610 2896 43 16 pass
2661 2890 72 17 instead
2741 2891 20 17 of

2326 2912 57 21 being
2391 2913 40 21 just
2440 2913 68 16 behind
2518 2913 46 18 him.
2594 2913 44 16 This
2651 2913 16 17 is
2682 2920 11 10 a
2707 2914 50 21 poinl

2326 2935 43 17 that
2377 2942 82 15 reqrm-es
2467 2936 72 18 careful
2546 2935 98 24 watching
2651 2936 38 18 and
2702 2937 15 17 if
2730 2939 20 15 at-

2326 2959 73 16 tention
2407 2959 16 16 is
2430 2960 43 21 paid
2484 2960 19 17 to
2512 2960 14 16 it
2536 2959 38 17 will
2583 2959 23 17 be
2621 2965 42 11 sure
2676 2962 19 14 to
2713 2960 48 16 have

2326 2982 96 17 beneficial
2432 2983 66 16 results
2508 2983 52 16 when
2572 2982 79 23 playing
2657 2988 12 12 a
2674 2983 87 23 stronger

2326 3004 77 22 visiting
2414 3007 48 15 team
2472 3006 45 16 than
2528 3006 41 17 that
2580 3006 19 16 of
2608 3005 99 23 Saturday.

2350 3028 30 17 Mr
2390 3028 24 16 Pa
2419 3030 39 15 rata
2468 3029 54 17 acted
2536 3035 19 11 as
2573 3029 71 17 referee
2658 3029 37 17 and
2713 3035 47 14 gave

2326 3053 47 16 most
2391 3052 91 22 complete
2503 3052 123 18 satisfaction,
2642 3051 30 18 his
2687 3053 72 20 rulings

2326 3074 56 22 being
2391 3075 68 21 mostly
2477 3075 163 23 unquestionable,
2660 3075 59 17 whilst
2736 3076 23 17 lie

2326 3097 90 23 carefully
2426 3098 86 18 watched
2520 3098 37 17 and
2571 3097 120 24 adjudicated
2708 3104 50 17 upon

2326 3126 54 16 every
2388 3121 67 17 breach
2465 3122 21 16 of
2494 3122 32 16 the
2534 3121 58 17 iuJs.
2623 3121 25 17 At
2666 3121 31 17 the
2714 3127 34 13 con-

2326 3143 69 18 clusion
2416 3145 21 16 of
2452 3145 32 16 the
2501 3150 56 17 game-
2573 3144 32 17 tho
2621 3144 73 17 visitors
2712 3150 47 11 were

2326 3168 71 21 royally
2406 3168 117 17 entertained
2532 3168 25 21 by
2567 3168 31 16 the
2614 3167 49 17 local
2680 3168 42 17 club
2740 3168 18 17 in

2326 3190 31 17 the
2366 3190 52 22 large
2427 3191 83 21 meeting
2518 3192 58 16 bouse
2585 3190 18 17 in
2613 3190 31 17 the
2653 3196 30 16 pa.

2327 3235 119 17 ROTORUA
2462 3235 171 17 PROSPECTING
2649 3235 94 17 ASSOCI-

2502 3257 87 17 ATION.

2350 3305 16 16 A
2375 3304 83 22 meeting
2468 3305 21 17 of
2495 3304 32 18 the
2536 3304 124 22 Prospecting
2674 3304 75 17 Associa-

2326 3328 38 16 tion
2374 3328 44 16 took
2427 3328 55 21 place
2494 3328 19 16 in
2528 3328 34 17 the
2579 3326 63 19 Grand
2660 3326 57 17 Hotel
2734 3333 23 12 on

2326 3350 68 22 Friday
2411 3351 55 20 night
2488 3352 31 16 Mr
2540 3351 58 16 Brent
2618 3350 19 16 in
2655 3350 31 16 tlio
2701 3350 57 18 chair.

2326 3373 61 18 There
2393 3379 38 12 was
2439 3380 12 11 a
2458 3373 54 24 large
2529 3373 118 21 attendance,
2662 3372 97 24 including

2326 3397 69 17 several
2404 3396 106 19 influential
2519 3396 125 18 natrresfroni
2652 3395 105 20 Horohoro.

2326 3420 19 17 It
2357 3425 40 12 was'
2409 3420 111 17 annonnced
2536 3420 44 16 that
2595 3419 33 17 the
2644 3419 80 17 number
2740 3421 19 16 of

2326 3444 62 16 shares
2397 3445 20 15 at,
2425 3443 61 18 which
2496 3443 14 17 it
2520 3442 37 18 had
2571 3442 46 17 been
2632 3442 92 21 proposed
2739 3444 20 16 to

2326 3467 47 16 close
2382 3467 32 16 the
2423 3466 32 18 Est
2463 3467 37 16 had
2510 3467 45 15 been
2565 3464 74 24 applied
2653 3465 34 17 for.

2348 3489 119 18 The-natives
2477 3489 80 23 present,
2568 3488 82 22 through
2660 3488 30 17 Mr
2705 3488 39 17 Dan-

2325 3519 37 15 sey,
2373 3512 61 17 stated
2442 3513 42 16 that
2494 3518 51 11 some
2551 3512 20 16 of
2580 3511 50 17 them
2637 3510 37 18 had
2682 3510 76 24 already

2324 3536 64 22 joined
2406 3536 31 16 the
2456 3535 117 18 Association
2593 3533 37 17 and
2651 3534 63 17 would
2734 3535 24 17 do

2325 3558 112 24 everything
2445 3559 18 16 in
2473 3558 49 18 their
2530 3563 63 17 power
2601 3559 20 15 to
2630 3557 54 17 assist
2692 3557 21 17 it.
2732 3558 26 17 As

2325 3583 29 16 far
2362 3587 20 12 as
2399 3582 100 17 Horohoro
2517 3587 38 10 was
2572 3580 101 17 concerned
2688 3580 15 16 it
2721 3580 36 17 had

2324 3605 46 17 been
2379 3605 70 22 proved
2458 3605 42 17 that
2509 3603 45 24 gold
2564 3602 71 18 existed
2644 3602 52 18 there
2710 3604 47 17 both

2324 3628 19 16 in
2352 3628 32 16 the
2392 3628 40 17 reef
2439 3627 38 17 and
2484 3628 19 16 in
2518 3626 83 18 alluvial.
2627 3625 15 18 A
2657 3625 100 23 European

2324 3651 37 17 had
2369 3651 47 16 been
2426 3652 34 15 out
2467 3652 22 15 at'
2496 3649 49 18 their
2554 3649 69 23 village
2632 3654 10 12 a
2656 3650 66 16 month
2736 3655 22 12 or

2324 3675 38 16 two
2371 3679 42 17 ago.
2439 3674 31 16 He
2478 3679 38 11 was
2522 3672 120 22 experienced
2650 3671 19 17 in
2675 3672 82 24 geology

2324 3696 37 18 and
2378 3702 51 12 came
2446 3697 47 16 from
2508 3696 37 16 the-
2557 3695 79 17 Thames
2653 3695 68 17 School
2737 3696 20 17 of

2323 3720 67 16 Mines.
2421 3719 31 17 He
2465 3719 37 17 had
2517 3719 56 17 taken
2590 3717 101 23 specimens
2708 3719 48 17 from

2323 3743 32 17 the
2363 3742 40 18 reef
2409 3742 40 18 and
2456 3741 95 21 promised
2558 3742 22 17 to
2592 3740 26 19 lot
2635 3742 51 16 them
2700 3742 56 17 know

2323 3766 31 17 the
2363 3766 64 16 result.
2453 3765 51 22 They
2516 3764 39 18 had
2568 3764 48 17 been
2632 3765 86 21 annoyed
2731 3765 25 22 by

2323 3789 54 17 other
2383 3788 85 23 pakehas
2597 3787 50 17 their
2661 3787 43 17 land
2719 3788 35 18 and

2322 3811 89 23 ignoring
2429 3811 59 18 them.
2517 3811 60 17 Holes
2592 3816 47 11 were
2654 3810 48 17 sunk
2719 3812 36 16 and

2322 3834 34 17 left
2366 3840 47 16 open
2422 3835 29 16 for
2460 3834 50 17 their
2518 3834 58 18 cattle
2580 3834 21 17 to
2608 3833 32 17 fall
2648 3833 46 17 into.
2703 3834 53 23 They

2322 3857 66 17 looked
2397 3859 20 15 to
2426 3863 11 11 a
2441 3857 90 24 properly
2540 3856 100 23 organised
2644 3856 110 19 association

2322 3881 90 22 stopping
2420 3881 38 16 this
2467 3882 38 15 sort
2514 3880 21 18 of
2540 3880 56 22 thing
2611 3879 37 17 and
2663 3880 59 22 going
2735 3882 20 16 to

2321 3903 51 18 work
2381 3905 20 15 to
2410 3903 148 23 systematically
2567 3902 77 22 develop
2653 3902 32 17 the
2695 3903 59 21 place.

2321 3927 38 16 The
2368 3929 57 15 terms
2434 3933 24 10 on
2467 3927 61 16 which
2538 3926 44 21 they
2591 3925 62 17 would
2667 3931 55 17 agree
2735 3928 20 15 to

2321 3950 32 17 the
2362 3950 116 17 Association
2487 3949 121 23 prospecting
2616 3954 23 10 on
2649 3948 49 18 their
2710 3949 44 18 land

2321 3973 55 17 could
2384 3973 23 16 be
2416 3973 58 21 easily
2483 3973 99 21 arranged.
2607 3971 20 18 If
2633 3971 34 18 the
2680 3973 64 17 Associ-

2321 3997 51 16 ation
2381 3996 80 17 selected
2469 3996 118 22 prospectors
2596 3994 37 17 and
2648 3996 41 15 sent
2702 3996 52 17 them

2321 4021 33 16 out
2364 4020 43 21 they
2416 4019 63 17 would
2492 4019 70 17 receive-
2578 4023 54 16 every
2646 4018 95 18 assistance
2750 4018 3 23 .

2344 4043 53 16 After
2406 4048 51 11 some
2465 4043 74 16 further
2547 4041 101 17 discussion
2658 4040 31 18 Mr
2703 4042 38 16 Dan-

2321 4070 31 18 sey
2362 4071 37 11 was
2408 4065 72 18 elected
2483 4066 96 16 treasurer
2583 4063 37 18 and
2627 4064 31 16 Mr
2663 4064 91 18 Williams

2321 4090 97 19 secretary,
2429 4088 37 16 and
2479 4088 15 17 it
2508 4093 39 11 was
2562 4086 76 17 decided
2655 4087 20 18 to
2683 4088 45 17 hold
2743 4094 11 12 a

2321 4111 81 22 meeting
2411 4111 20 17 of
2440 4111 91 17 members
2541 4110 44 22 only
2594 4116 25 11 on
2632 4110 33 17 the
2679 4111 64 17 follow-

2859 84 7 2 -
2893 84 102 3 -----

2794 97 34 21 iitg
2848 97 62 22 night,
2934 98 52 17 when
3008 107 11 9 a
3040 106 60 18 report

2783 115 2 29 I
2794 119 84 22 brought
2888 126 25 16 up
2923 127 19 11 as
2949 124 20 14 to
2977 122 32 17 the
3018 120 56 21 term's
3083 131 31 13 am
3123 115 3 29 i

2783 141 1 27 j
2794 143 32 16 the
2836 143 78 17 natives.

2817 184 28 16 On
2857 183 95 24 Saturday
2958 186 57 23 night
3022 188 52 18 there
3082 195 36 14 was
3148 195 26 18 Fix!]

2783 207 1 28 [
2793 207 92 17 tendance
2906 209 20 15 of
2940 209 96 18 members.
3067 212 26 17 Mi
3113 214 53 21 Brent
3179 226 13 9 w

2793 230 71 18 elected
2873 234 110 19 permanent
2998 232 91 20 chairman
3104 242 10 12 o

2793 254 97 21 sociationj
2899 254 40 17 and
2942 254 34 17 the
2983 256 134 22 appointment*

2793 277 76 21 Dansey
2886 277 37 17 and
2941 278 94 19 Williams,
3046 287 19 9 as
3080 284 21 15 trc

2793 301 98 28 secretary,
2902 301 127 23 respectively,
3039 309 46 11 were
3094 307 42 17 confi

2816 322 40 18 The
2862 324 96 17 treasurer
2965 324 61 18 stated
3040 327 38 16 th;.!
3095 336 10 7 ~
3118 338 14 4 ~
3155 336 14 11 -,,
3186 322 2 25 '

2791 346 100 23 plications
2907 346 28 18 for
2948 346 63 19 shares
3026 348 35 17 had
3078 350 21 18 be
3139 342 66 34 receivS

2791 369 38 17 and
2838 370 33 16 the
2880 376 67 16 money
2956 371 43 18 paid
3008 371 18 17 in
3036 372 61 25 antici]
3118 376 34 18 tion
3161 381 31 14 (,',;

2792 392 50 18 limit
2847 392 59 22 being
2913 393 99 18 extended.
3039 395 19 17 It
3064 401 38 13 was
3111 392 3 22 i

2791 414 83 19 increase
2878 416 35 17 the
2916 414 80 20 number
3000 418 21 17 of
3024 419 90 19 contrfbat
3143 428 25 10 ,*

2791 440 57 16 tof>o.
3132 429 75 20 '*"-"

2815 462 73 17 Several
2900 462 110 18 resolutions
3021 465 95 24 regarding
3132 470 28 15 the
3170 477 8 11 r
3179 480 14 9 ,

2792 485 136 18 ccdnreoftho
2941 485 115 20 Association
3076 494 43 12 n-pre
3132 492 20 18 ad
3165 500 15 10 iii
3195 485 3 25 i

2793 508 19 17 It
2819 513 39 12 was
2866 508 77 17 decided
2951 510 21 16 to
2979 509 59 23 apply
3044 511 25 17 fo.
3092 512 14 17 |
3125 503 3 35 i
3132 503 40 31 ,,^
3173 524 23 13 S!lr
3196 513 8 25 ;

2791 532 123 21 prospecting
2921 532 68 17 license
2998 532 24 18 foi
3036 538 12 12 n
3074 532 1 29 i
3091 536 41 17 itive
3139 538 40 21 land
3189 547 14 14 at

2792 553 45 18 Hon
2846 550 3 33 1
2860 559 38 13 oro.
2907 555 33 17 the
2949 557 75 15 consent
3032 557 19 17 of
3061 557 17 17 th
3100 550 103 33 aativesha!.

2791 583 26 15 in;.
2833 578 4 20 1
2857 583 21 10 .'ii
2888 583 32 11 on!
2928 578 54 17 lined.

2814 600 17 18 A
2838 600 58 18 latter
2903 605 28 13 wa
2953 601 42 18 read
3003 601 47 19 from
3061 603 30 18 Mr
3097 604 12 18 J
3132 607 16 15 H
3166 611 26 13 T

2791 623 165 23 loraskingtobe
2970 625 51 17 allot!
3037 625 9 18 d
3067 617 2 32 i
3089 632 10 12 -:
3114 635 23 11 .r,
3151 637 16 12 m

2791 646 122 20 Association,
2940 647 103 19 MrTavloi
3056 649 73 20 advised
3137 654 28 18 the
3181 658 7 16 K

2791 669 89 18 sodation
2895 671 18 16 to
2931 670 57 23 apply
3003 671 29 18 for
3048 672 31 18 the
3096 674 107 26 Government

2791 692 77 23 subsidy
2875 694 24 16 to
2904 695 122 22 prospecting
3041 696 47 21 parti
3102 703 7 12 a
3123 699 52 20 which
3192 692 3 29 ,

2792 715 88 18 mounted
2890 717 20 15 to
2927 717 29 17 !5s
2968 722 33 17 per
3018 717 49 19 week
3085 725 28 17 p
3125 727 38 14 Wan
3182 727 7 17 f

2791 739 37 16 two
2838 745 20 10 or
2866 739 52 17 throe
2928 746 47 13 men,
2985 741 37 16 and
3032 743 58 17 stated
3098 743 27 18 his
3133 745 70 24 drsireto

2791 762 54 16 assist,
2854 761 33 18 the
2895 762 115 19 Association
3021 771 19 10 as
3047 766 52 17 much
3108 773 18 12 as
3134 771 55 19 possibl

2813 785 56 17 After
2876 790 52 13 some
2935 785 76 19 further
3017 786 100 21 discussion
3132 797 19 12 as
3157 794 18 17 to
3180 796 24 18 the

2791 807 54 19 mode
2862 815 16 10 o,
2904 809 101 22 procodilro
3025 807 31 21 the
3076 813 85 20 treasurer
3178 824 18 13 an

2790 830 84 19 nouneed
2883 831 38 18 that
2934 832 31 17 the
2974 832 49 19 limit
3028 834 22 18 of
3055 835 147 25 meiHlx-rshlphad

2790 853 46 19 been
2845 854 59 19 again
2911 855 91 20 pxceedeS
3011 856 37 19 and
3065 858 14 17 ii
3094 864 36 13 was
3142 861 61 23 decided

2790 879 20 15 to
2817 882 83 13 increase
2908 879 33 16 the
2948 879 54 18 share
3017 879 28 18 list
3061 882 19 16 to
3094 882 21 17 60
3131 887 71 20 provided

2783 900 1 29 |
2790 900 44 22 they
2845 906 49 13 were
2902 901 91 28 takap>up
3007 904 38 16 and
3058 905 42 21 paid
3114 906 27 18 fur
3155 908 10 18 b
3166 915 8 11 c
3175 911 6 16 f
3181 918 22 11 ori!

2793 926 14 14 >\
2814 924 94 21 ednesday
2918 925 60 20 night.

2783 942 1 34 j
2814 946 19 17 It
2843 952 38 12 was
2898 947 82 19 resolved
2996 948 41 19 that
3051 950 27 16 th,
3096 959 9 7 ,
3119 953 83 23 Qtsbutiou

2791 972 17 14 ot
2821 970 34 17 10a<
2859 975 35 17 per
2902 971 65 17 month
2981 972 66 18 should
3063 973 22 19 be
3102 977 72 20 payable
3186 971 16 28 oi,

2783 993 1 28 ;
2791 993 31 16 the
2833 993 40 16 fir,-!,
2882 993 19 17 oi
2913 994 43 17 each
2972 995 64 19 month
3051 997 36 17 and
3106 998 36 19 that
3158 1001 12 17 if
3179 1008 23 13 not

2783 1013 49 32 [paid
2845 1013 24 26 Uy
2877 1016 34 17 the
2918 1017 33 18 4th
2965 1018 31 18 the
3003 1018 56 19 share
3066 1020 65 19 should
3145 1023 22 18 bo
3175 1013 28 29 iL

2867 1039 79 19 :ltwas
2960 1040 75 19 decided
3053 1042 38 19 thai
3111 1044 30 19 the
3156 1046 46 21 Unit*

2791 1061 54 18 Bank
2855 1063 19 17 of
2884 1063 95 18 Australia
2987 1062 67 21 should
3064 1066 22 18 be
3095 1067 30 18 the
3138 1068 41 21 bank
3189 1061 2 28 .

2791 1082 32 21 the
2830 1082 125 25 Afsbciation,
2965 1087 86 18 andth.it
3062 1084 84 25 rbeneit
3160 1098 34 15 meet-

2791 1107 34 24 ing
2840 1109 67 17 should
2922 1108 43 19 take
2972 1111 54 22 place
3039 1118 23 11 on
3078 1113 31 18 the
3126 1115 77 22 following

2791 1131 102 23 Saturday.

2813 1154 131 19 Thdfcneeting
2954 1157 43 16 then
3007 1157 67 16 closed.

2937 1202 136 18 HOROHORO.

2816 1244 84 20 *iredby
2912 1250 21 10 an
2949 1248 72 20 anxiety
3036 1249 19 14 to
3068 1253 28 12 see
3110 1250 28 17 the
3152 1252 50 19 locality

2791 1266 59 14 which
2861 1266 32 15 has
2908 1267 68 15 excited
2992 1269 115 18 considerable
3121 1271 61 19 interest
3192 1276 10 16 in

2789 1286 34 16 the
2832 1287 57 15 minds
2897 1287 19 16 of
2924 1287 47 16 those
2979 1289 39 15 who
3026 1290 43 16 have
3078 1292 60 17 within
3145 1294 24 17 the
3181 1296 21 17 last

2789 1308 39 16 few
2838 1308 43 18 days
2890 1308 68 17 become
2966 1310 73 17 infected
3049 1312 40 17 with
3098 1319 8 10 s
3113 1315 46 16 touch
3166 1317 14 15 of
3184 1318 18 16 the

2790 1329 103 21 prevailing
2901 1330 99 19 gold-fever
3007 1337 11 10 a
3029 1332 99 19 Chbonjcle
3135 1341 67 16 represm.

2791 1351 57 15 tative
2856 1351 42 20 paid
2907 1357 8 10 a
2925 1351 40 16 visit
2976 1353 18 16 to
3006 1353 29 17 the
3050 1357 66 17 gronnd
3131 1362 19 12 on
3163 1358 40 20 which

2791 1372 92 21 desultory
2897 1373 109 20 prospecting
3018 1377 97 19 operations
3125 1380 39 15 have
3173 1381 30 17 from

2790 1395 44 14 time
2846 1394 18 15 to
2874 1393 41 16 time
2924 1394 41 16 been
2973 1396 64 16 carried
3047 1402 27 11 on.
3098 1398 70 19 Thereia
3173 1402 30 17 little

2789 1414 46 16 need
2844 1417 19 13 to
2872 1414 75 17 describe
2955 1421 10 10 a
2972 1418 49 15 route
3029 1423 19 10 so
3061 1419 75 18 familiar
3149 1427 16 11 as
3178 1423 25 17 that

2792 1436 70 20 portion
2872 1436 18 15 of
2899 1436 29 16 the
2935 1437 61 21 Taupo
3004 1439 42 16 road
3051 1440 54 17 which
3112 1442 29 16 lies
3146 1443 56 18 between

2790 1457 42 16 here
2842 1458 34 15 and
2886 1457 29 16 the
2924 1458 62 21 abrupt
2997 1465 105 16 escarpment
3114 1465 90 19 tciminatinjr

2792 1480 17 14 at
2819 1480 22 14 its
2851 1478 82 17 southern
2941 1481 92 21 extremity
3041 1482 17 16 in
3067 1483 29 16 the
3159 1489 43 15 natur.

2790 1499 16 15 nl
2823 1500 69 16 column
2907 1500 62 17 known
2987 1507 18 10 as
3021 1503 117 19 "Hinemoa's

2791 1520 59 17 When
2860 1521 35 16 this
2903 1521 99 18 land-mark
3011 1529 55 12 comes
3074 1526 36 17 into
3125 1528 39 17 view
3173 1531 14 15 at
3198 1537 6 10 a

2791 1542 52 20 point
2851 1543 54 15 about
2913 1543 39 16 nine
2960 1545 48 15 miles
3016 1545 44 17 from
3067 1546 81 23 Rotorua,
3156 1541 47 28 a'track

2791 1564 14 14 is
2814 1568 40 11 seen
2864 1569 22 10 on
2894 1564 29 16 the
2931 1565 48 20 right
2987 1567 78 21 crossing
3073 1568 28 17 the
3116 1569 66 19 Pokaitu
3192 1579 12 11 or

2790 1584 127 17 Taahunaiara
2924 1588 62 14 stream
2994 1588 34 16 und
3036 1588 69 22 leading
3117 1593 17 14 to
3147 1593 25 16 the
3182 1600 20 11 m.

2790 1607 36 14 tive
2834 1607 99 16 settlement
2941 1607 53 17 about,
3002 1611 33 14 two
3044 1611 47 16 miles
3099 1612 60 18 distant
3178 1614 26 19 The

2790 1626 67 22 village
2866 1628 64 16 nest)es
2938 1630 113 21 comfortably
3060 1633 54 16 under
3121 1634 27 17 the
3159 1636 44 18 almost

2790 1649 136 21 perpendicular
2934 1650 49 23 cliffs,
2992 1653 33 15 and
3035 1652 75 18 between
3122 1656 27 16 the
3155 1658 49 17 wharc*

2790 1670 36 15 and
2835 1671 30 15 the
2874 1670 40 17 base
2924 1672 19 15 of
2950 1671 29 16 the
2987 1678 53 16 range
3045 1674 22 16 lie
3074 1676 28 15 the
3107 1677 92 19 cultivations

2790 1691 51 21 Open
2862 1692 105 21 undulating
2983 1697 72 17 country
3072 1699 70 15 extends
3155 1702 15 13 to
3185 1702 19 16 the

2792 1713 87 16 eastward
2893 1719 19 10 as
2924 1714 28 15 far
2964 1720 17 10 as
2997 1715 29 17 the
3041 1713 64 21 Paeroa
3119 1724 49 17 range
3185 1723 19 16 th

2790 1734 55 16 bluffs
2854 1735 19 15 of
2884 1734 63 20 which,
2961 1736 95 22 glistening
3071 1739 17 16 in
3098 1740 28 17 the

2789 1760 31 11 are
2829 1757 66 14 similar
2903 1757 16 15 in
2929 1762 106 16 appearance
3042 1761 18 14 to
3074 1761 48 17 those
3133 1763 17 15 of
3162 1757 40 24 Horo'

2790 1777 49 20 horo,
2849 1778 35 15 and
2894 1780 72 19 Bupgest
2973 1779 29 16 the
3011 1779 37 18 idea
3056 1781 38 17 that
3102 1788 44 12 some
3152 1786 52 18 mighty

2792 1799 101 15 convulsion
2909 1799 18 15 of
2943 1799 66 17 Nature
3025 1802 31 16 has
3072 1803 26 16 led
3114 1806 17 14 to
3143 1806 38 17 their

2791 1822 105 14 vorccment.
2921 1820 36 17 The
2971 1822 67 17 natives
3053 1825 84 22 willingly
3149 1828 36 16 offer
3193 1833 11 13 to

2789 1840 55 22 guide
2853 1841 29 17 the
2891 1844 50 19 party
2950 1844 17 14 to
2978 1843 30 16 tho
3023 1847 67 15 various
3105 1847 44 18 holes
3164 1850 38 16 which

2790 1868 45 11 were
2844 1863 44 16 sunk
2896 1863 27 16 six
2933 1868 19 11 or
2959 1868 49 12 seven
3021 1870 49 16 years
3084 1873 33 15 ago
3134 1870 20 15 bv
3168 1871 31 16 Karl

2789 1884 56 15 Blane
2854 1884 34 16 and
2897 1884 64 17 others.
2984 1887 16 14 A
3009 1887 58 16 rather
3082 1889 68 17 devious
3161 1898 43 11 coarse

2789 1905 48 16 leads
2853 1906 113 21 successively
2984 1910 17 12 to
3017 1908 29 16 the
3061 1910 34 20 pits
3108 1912 17 15 in
3137 1914 62 19 question

2788 1927 56 16 These
2853 1926 45 17 have
2905 1927 87 22 evidently
3000 1929 41 16 been
3050 1932 44 15 sunk
3103 1933 22 20 by
3136 1939 34 11 men
3178 1936 25 16 whu

2789 1948 50 16 knew
2852 1950 57 18 pretty
2924 1949 38 16 well
2977 1949 46 17 what
3039 1952 41 21 they
3096 1959 43 12 were
3156 1957 39 16 about

2788 1970 45 18 who,
2843 1970 86 20 studying
2945 1971 29 15 the
2990 1974 60 14 natnre
3065 1974 19 16 of
3099 1975 28 16 the
3142 1980 57 17 country

2787 1991 50 16 chose
2854 1990 30 16 the
2900 1991 41 16 beds
2956 1992 18 15 of
2987 1992 63 18 former
3065 1997 57 15 creeks
3136 1999 24 15 for
3173 2000 29 16 their

2788 2013 103 20 operations.
2917 2013 16 16 It
2941 2014 15 16 is
2964 2014 16 15 in
2989 2016 40 14 such
3042 2016 33 16 low
3091 2018 39 15 flnN
3145 2020 57 20 throujrh

2787 2033 57 16 which
2854 2034 30 15 the
2892 2033 56 18 debris
2956 2035 18 16 of
2981 2035 82 23 landslips
3070 2038 32 17 has
3108 2040 39 17 been
3154 2043 47 15 carried

2790 2055 38 16 that
2837 2055 99 17 auriferous
2944 2056 58 21 gravel
3018 2058 40 16 beds
3072 2065 40 17 may
3128 2062 19 16 be
3159 2063 43 17 looked

2790 2077 33 15 for.
2832 2076 59 17 There
2898 2082 14 10 is
2920 2077 44 16 little
2973 2080 17 14 to
2998 2078 20 16 be
3188 2086 14 15 It

2787 2103 10 10 a
2807 2103 46 10 mere
2863 2098 109 17 observation
2981 2100 18 15 of
3007 2100 47 17 these
3061 2102 47 17 holes
3116 2105 51 16 which
3173 2103 29 19 hav'j

2787 2119 43 15 been
2842 2119 82 22 partially
2934 2120 46 17 filled
2988 2121 17 15 in
3014 2122 22 20 by
3053 2123 28 17 the
3089 2126 54 16 action
3157 2127 16 16 of
3183 2127 19 18 the

2788 2140 78 16 weather
2876 2141 32 16 but
2916 2141 19 20 if,
2952 2147 18 11 as
2984 2142 13 15 is
3011 2143 71 23 alleged,
3096 2148 69 19 pnvable
3175 2155 26 12 pro-

2787 2164 59 13 BTjects
2854 2167 45 11 were
2907 2163 80 17 obtained
2994 2164 43 16 from
3044 2166 47 16 these
3098 2169 47 15 when
3152 2170 49 16 worked

2787 2183 17 15 in
2815 2187 10 10 a
2833 2183 44 16 rude
2886 2188 72 12 manner
2966 2185 28 16 the
3003 2188 67 18 ground
3079 2188 54 21 might
3140 2191 17 15 be
3162 2192 39 15 worth

2787 2204 89 16 attention
2885 2204 18 16 in
2912 2206 43 15 view
2964 2207 17 15 of
2996 2212 10 11 a
3021 2210 63 15 system
3100 2211 17 15 of
3131 2211 70 20 hydraulic

2785 2225 78 20 sluicing
2871 2225 28 16 for
2907 2227 55 15 whieh
2976 2228 47 17 there
3065 2233 53 14 water
3130 2233 68 16 available

2785 2246 50 16 Near
2842 2246 30 17 the
2881 2247 33 16 last
2923 2249 18 14 of
2949 2249 28 16 the
2985 2249 47 17 three
3041 2251 47 16 holes
3105 2258 18 10 or
3194 2256 7 14 i<

2786 2273 21 10 an
2818 2269 73 20 outcrop
2900 2269 19 15 of
2926 2273 67 17 quartz,
3002 2267 114 27 disclosed'by
3128 2276 27 15 the
3161 2277 40 15 action

2785 2289 19 16 of
2812 2289 29 16 the
2850 2289 50 17 ereek
2917 2291 54 16 which
2988 2293 73 17 tumbles
3076 2295 73 22 cheerily
3162 2303 39 10 aero-.

2785 2310 20 16 it.
2819 2310 77 17 Further
2904 2317 22 10 ou
2934 2314 72 15 aoothor
3014 2317 70 19 outcrop
3093 2317 14 16 is
3115 2319 55 15 visible
3180 2319 22 15 and

2785 2336 52 16 again
2856 2338 10 10 a
2881 2333 54 17 third.
2959 2334 37 16 The
3011 2336 82 17 direction
3112 2340 18 15 of
3145 2340 38 15 thw
3194 2340 8 16 is

2785 2353 73 20 parallel
2866 2354 44 16 with
2919 2355 29 16 the
2957 2360 52 16 range
3017 2358 34 15 and
3068 2359 82 17 therefore
3164 2362 37 15 about

2785 2374 33 16 due
2827 2374 51 16 north
2889 2376 33 16 and
2931 2378 57 16 south.
3012 2379 24 15 At
3044 2380 30 15 tho
3082 2381 46 16 third
3136 2383 41 19 point
3183 2383 19 15 the

2784 2395 37 16 reef
2829 2396 32 15 has
2870 2397 43 16 been
2922 2399 82 20 partially
3013 2401 63 20 opened
3085 2404 37 14 out.
3144 2404 41 16 Some
3191 2405 10 14 of

2784 2418 29 14 the
2823 2418 49 15 stone
2880 2423 43 11 near
2931 2419 28 16 the
2968 2421 66 16 surface
3042 2422 14 15 is
3064 2423 54 21 freely
3152 2425 41 20 honey-

2785 2439 70 15 combed
2885 2440 34 15 and
2928 2444 76 17 presents
3013 2442 36 16 that
3058 2444 75 18 oxidised
3142 2451 17 11 or-

2783 2460 30 15 ten
2821 2460 4 27 '
2841 2465 107 16 appearance
2957 2463 55 16 which
3021 2464 14 15 is
3043 2465 58 17 looked
3116 2473 43 14 upon
3173 2468 27 15 with

2784 2481 50 15 favor
2845 2481 24 20 by
2877 2482 28 16 old
2921 2483 69 17 miners.
3018 2486 82 21 Through
3115 2489 28 15 the
3157 2493 44 16 quart?

2785 2507 41 10 runs
2835 2508 10 10 a
2856 2503 66 16 blueieh
2931 2505 66 21 opaline
3003 2506 34 16 tint
3043 2508 55 16 which
3104 2514 74 16 suggests
3183 2510 17 16 tie

2785 2524 56 15 action
2853 2526 18 14 of
2879 2524 67 17 intense
2953 2526 41 16 heat
3001 2528 34 15 and
3043 2530 89 21 overlying
3140 2531 26 16 the
3173 2532 25 15 vein

2784 2545 14 16 is
2817 2550 10 11 a
2850 2545 67 22 deposit
2933 2548 18 15 of
2965 2548 130 20 ocher-colored
3117 2551 84 22 granulated

2783 2567 79 20 pumice.
2885 2568 37 15 Tho
2931 2569 35 16 reef
2977 2570 31 15 has
3015 2573 31 14 not
3061 2572 41 16 been
3117 2574 84 16 sufficiently

2784 2588 68 20 opened
2861 2590 18 14 to
2888 2589 71 17 disclose
2968 2591 22 16 its
2999 2592 58 17 width.
3074 2595 26 15 Au
3123 2601 46 15 assay
3179 2591 21 20 will

2784 2609 49 16 alone
2844 2609 97 18 determine
2949 2613 76 15 whether
3033 2614 28 16 tho
3070 2617 48 15 stone
3126 2617 14 15 is
3179 2621 15 11 am-

2783 2630 58 18 value.
2875 2632 19 16 It
2911 2633 15 15 is
2941 2634 82 21 certainly
3040 2636 28 16 the
3194 2630 2 28 1
3197 2630 2 28 '

2783 2652 73 21 looking
2864 2654 80 16 material
2954 2655 54 16 which
3017 2656 31 16 has
3054 2662 40 12 ever
3103 2664 45 11 come
3163 2658 37 17 under

2784 2674 29 15 tho
2823 2675 105 19 cognizance
2935 2676 19 15 of
2961 2677 28 16 the
2997 2680 69 15 present
3074 2680 64 17 writer.
3160 2681 18 15 In
3183 2681 17 15 the

2783 2696 51 15 event
2844 2696 18 15 of
2871 2701 10 10 a
2890 2697 72 20 payable
2976 2699 35 15 reef
3023 2699 52 20 being
3088 2701 52 16 found
3154 2702 15 15 in
3183 2700 17 18 the

2783 2716 153 22 neighbourhood,
2952 2719 47 16 there
3015 2721 14 15 is
3048 2721 59 22 plenty
3128 2724 17 15 of
3164 2726 35 12 water

2783 2742 61 15 power
2863 2740 85 15 available
2967 2742 18 14 to
3002 2741 47 16 drive
3065 2748 9 10 a
3090 2743 36 16 mill
3141 2745 29 15 and
3183 2743 17 17 the

2783 2760 94 15 mountain
2886 2761 36 15 side
2930 2761 14 15 is
2954 2762 131 18 well-timbered
3101 2765 41 16 with
3157 2764 42 20 matsi,

2783 2780 52 19 rimu,
2856 2783 44 18 rata,
2917 2782 30 16 4c.
2978 2783 36 16 The
3028 2785 67 16 natives
3110 2787 75 15 extended
3194 2791 5 9 s

2783 2801 63 21 hearty
2856 2802 81 18 welcome
2945 2806 17 14 to
2969 2804 30 17 the
3004 2806 73 16 visitors.
3100 2807 48 22 They
3155 2807 44 21 highly

2784 2828 77 14 approvo
2869 2824 19 15 of
2896 2825 44 15 their
2955 2825 40 16 land
3011 2827 51 19 being
3077 2830 94 19 prospected
3183 2823 16 21 fo't

2785 2844 29 15 the
2830 2845 79 20 precious
2924 2847 52 15 metal
2991 2848 33 16 and
3039 2848 123 18 demonstrated
3170 2849 29 18 thai

2784 2865 91 21 cordiality
2885 2867 23 21 by
2916 2868 92 21 preparing
3016 2875 10 10 a
3035 2875 83 15 generous
3127 2874 49 18 repast
3183 2871 16 15 for

2783 2888 30 14 the
2821 2886 70 22 hungry
2899 2889 121 19 gold-seekers.

2871 2931 81 24 What
2966 2933 94 30 People
3078 2936 51 29 Say.

2794 2982 55 17 MRS
2857 2983 22 16 A.
2890 2982 104 22 PREATT.
3005 2985 185 23 ROWNTREE-ST.,

2895 3006 124 24 RALMAIN,
3030 3009 75 19 N.S.W.

2891 3029 77 24 Having
2985 3031 69 18 been-a
3073 3034 63 17 victim
3144 3036 19 15 to
3176 3032 13 19 ad-

2775 3051 76 18 'vanced
2871 3051 46 19 liver
2926 3053 70 19 disease
3006 3055 28 17 for
3044 3061 58 16 years,
3113 3063 22 12 an
3144 3051 3 26 !
3165 3055 30 20 tried

2782 3074 26 17 all
2816 3074 33 17 the
2857 3075 76 18 medical
2945 3077 101 19 treatment
3055 3079 33 18 the
3102 3081 84 22 seiglibom-

2783 3097 49 17 hood
2849 3098 75 21 affords,
2946 3100 7 16 r
2968 3106 29 12 am
3013 3102 43 18 onlv
3072 3105 30 16 too
3116 3103 58 23 happy
3186 3105 9 14 to

2782 3120 45 16 boar
2835 3121 76 17 witness
2922 3124 18 16 to
2949 3123 31 18 the
2990 3124 106 19 wonderful
3107 3126 61 18 results
3176 3124 13 19 At-

2782 3143 63 18 tained
2863 3143 25 23 By
2900 3144 31 19 fTie
2941 3152 30 12 use
2982 3147 19 17 of
3011 3147 92 20 Clements
3118 3150 57 17 Tonic.
3192 3143 3 24 I

2781 3166 48 17 have
2846 3167 46 17 been
2910 3175 23 10 an
2951 3169 69 19 inmate
3045 3173 20 15 of
3081 3173 32 16 the
3131 3171 64 19 Balmaiu

2782 3189 83 24 Cottage
2874 3190 96 24 Hospital,
2989 3194 36 17 and
3034 3194 47 18 hare
3097 3196 88 17 hadthces-

2783 3212 84 22 perionce
2876 3215 37 16 and
2923 3216 93 18 attention
3025 3217 20 17 of
3054 3223 54 18 every
3118 3219 55 18 doctoi
3187 3212 2 29 :

2784 3235 91 21 Balmin,
2886 3236 57 26 being
2953 3239 58 17 under
3021 3240 49 18 their
3080 3243 95 17 treatment
3180 3241 15 17 f*

2782 3259 82 20 month*
2875 3260 25 17 all
2910 3261 79 18 without
3001 3263 30 18 the
3039 3263 87 24 slightest
3140 3263 55 20 benefit

2782 3282 9 16 I
2801 3283 80 16 suffered
2888 3284 44 16 with
2943 3284 75 19 chronic
3027 3288 129 22 constipation,
3163 3295 7 10 c
3182 3293 8 11 im-

2782 3305 80 22 plicated
2882 3307 44 16 with
2940 3313 21 11 an
2972 3310 43 16 anal
3024 3309 69 21 fistula,
3104 3311 58 18 which
3169 3315 19 13 ren-

2782 3328 55 17 dered
2847 3328 32 18 the
2887 3330 61 17 action
2958 3331 20 18 of
2986 3331 32 19 the
3027 3333 68 17 bowels
3109 3332 85 25 impossil*

2782 3350 80 19 without
2875 3352 33 17 the
2918 3359 31 11 use
2957 3356 19 15 of
2992 3355 127 20 instruments,
3131 3357 33 18 and
3176 3357 12 16 i.

2782 3374 96 23 torturing
2887 3381 37 11 was
2933 3376 120 20 unbearable-,
3078 3380 9 17 I
3097 3387 37 10 was
3145 3387 8 10 a
3163 3384 23 13 mar-

2781 3399 32 19 tyr
2820 3400 20 15 to
2855 3398 109 22 headaches,
2981 3401 70 23 always
3058 3402 78 23 languid
3159 3401 34 20 tiiW,

2775 3420 42 19 .and
2835 3422 113 22 exeessiwly
2962 3424 61 22 -weak,
3033 3430 25 13 no
3071 3425 82 19 inclin.iti
3190 3420 3 26 '

2780 3442 67 23 ability
2856 3446 19 15 to
2885 3450 55 12 move
2947 3446 64 19 about,
3020 3448 40 17 and
3070 3450 68 19 totally
3147 3447 47 20 unU<

2780 3468 20 15 to
2818 3467 24 16 do
2856 3472 38 17 any
2905 3468 108 20 housejvm-k
3027 3476 29 12 tor
3073 3473 32 16 tin-
3123 3474 33 16 hist
3171 3477 14 11 ;

2780 3495 60 15 years.
2866 3490 9 17 I
2885 3493 118 17 commenced
3014 3494 30 16 the
3052 3501 32 11 use
3093 3498 19 14 of
3121 3495 71 19 ClemwH

2779 3512 58 18 Tonic
2851 3513 37 17 and
2906 3514 62 17 before
2987 3516 8 17 1
3021 3523 36 11 was
3082 3519 80 17 throm-h
3176 3516 16 19 tin

2780 3535 66 17 second
2870 3536 66 20 bottle,
2961 3538 33 18 the
3019 3540 51 18 effect
3099 3534 87 25 w.-l-Av:..:

2779 3557 119 20 marvellous.
2922 3560 10 17 I
2956 3563 55 16 could
3036 3566 36 16 eat.
3098 3566 56 16 work,
3171 3568 19 13 aw

2779 3581 55 22 sleep,
2847 3587 32 17 my
2888 3584 54 20 pains
2950 3585 37 17 and
2996 3586 55 18 aches
3060 3588 64 18 ceased
3135 3581 3 25 :
3152 3589 8 15 I
3172 3585 18 19 fell

2779 3603 106 21 a.different
3095 3611 35 21 My
3143 3608 48 21 bowdi

2778 3627 54 17 acted
2842 3628 65 22 freely,
2917 3630 37 17 and
2963 3631 81 19 without
3051 3629 43 22 'any
3103 3636 21 15 of
3138 3635 28 16 the
3176 3633 10 17 in-

2779 3651 104 21 tense-pain
2893 3652 11 18 I
2912 3653 47 18 used
2967 3655 20 17 to
3005 3655 62 18 suffer.
3082 3653 16 21 'I
3116 3658 74 17 haven:

2780 3674 31 16 (he
2829 3673 87 24 slightest
2935 3676 99 20 hesitation
3051 3679 19 17 in
3084 3681 71 22 stating
3168 3679 8 18 rJ

2778 3696 96 19 Clements
2880 3698 58 19 Tonic
2948 3700 12 14 i--
2970 3705 11 12 a
2995 3702 48 17 most
3055 3702 102 19 wonderful
3171 3699 19 19 ''

2778 3719 85 19 effective
2871 3722 77 22 remedy
2957 3719 4 27 ;
2978 3723 14 17 it
3008 3724 34 18 has
3055 3726 57 18 cured
3121 3732 34 14 me,
3170 3723 19 19 n:'-

2778 3742 54 19 made
2842 3750 28 10 me
2881 3745 67 23 strong
2955 3746 62 23 again,
3029 3748 53 18 when
3093 3749 31 18 the
3138 3749 34 17 docl

2778 3766 37 16 and
2825 3766 91 23 hospitals
2926 3768 117 23 have-failed,
3070 3773 46 16 lam
3127 3773 54 22 only*

2777 3789 76 22 pleased
2867 3791 21 16 to
2897 3792 43 21 give
2957 3798 30 16 my
2997 3794 101 20 testimony
3112 3796 17 16 in
3147 3796 24 17 far

2778 3812 20 17 of
2816 3812 95 19 Clements
2926 3814 62 22 Tonic,
3006 3822 21 11 as
3042 3817 16 17 it
3078 3824 44 15 may
3138 3819 21 16 be
3173 3812 3 27 1
3179 3817 10 15 ''

2777 3841 64 11 means
2850 3836 20 17 of
2879 3838 67 20 saving
2954 3838 54 18 other
3016 3846 46 16 poor
3070 3841 84 18 sufferers
3161 3836 22 26 fn'

2776 3858 33 17 the
2828 3858 68 24 misery
2903 3860 39 18 and
2958 3863 72 16 torture
3039 3863 10 16 I
3058 3864 47 17 have
3122 3860 66 23 endured

2777 3881 10 17 I
2803 3883 120 17 recommend
2949 3884 85 19 Clement
3055 3887 57 18 Tonic
3135 3890 17 15 to
3173 3889 12 14 n*

2776 3904 77 21 friends,
2871 3906 38 17 and
2917 3907 20 16 in
2951 3913 55 17 every
3018 3915 42 11 case
3076 3911 61 17 where
3146 3912 10 15 i:
3173 3904 3 26 I

2776 3927 46 17 been
2832 3928 45 17 used
2884 3929 14 16 it
2905 3930 33 16 has
2946 3930 46 17 been
3002 3933 74 22 equally
3086 3933 84 19 effective.

2778 3951 48 17 shall
2834 3951 24 17 be
2867 3952 43 22 only
2920 3954 32 15 too
2961 3953 62 24 happy
3034 3956 19 19 to
3065 3952 47 26 'give
3125 3956 49 18 suffer

2778 3979 26 17 P*<
2813 3974 28 17 ofs
2851 3974 20 18 of
2878 3974 24 18 its
2910 3975 71 18 virtues
2989 3977 15 17 if
3014 3983 104 19 necessary.

2801 3997 44 18 This
2853 3997 17 18 is
2878 3998 79 18 anothef
2969 4005 40 13 case
3027 4001 60 19 which
3100 3999 80 26 provost!

2776 4020 52 16 truth
2835 4020 42 17 that
2886 4022 94 17 Clements
2989 4024 57 17 Tonic
3069 4025 16 17 is
3102 4032 9 10 a
3129 4024 56 25 genui

2776 4043 66 17 article
2851 4043 37 17 and
2897 4044 43 18 that
2947 4045 56 23 thepi
3017 4047 82 22 iprietors
3110 4050 20 17 of
3135 4049 17 17 it
3160 4048 23 17 ba'

2775 4072 24 11 no
2816 4066 47 17 need
2879 4068 21 16 to
2909 4067 52 18 boast
2978 4069 21 17 of
3006 4070 33 18 the
3046 4071 71 19 virtues
3124 4072 21 18 of
3159 4070 28 18 the*

2775 4088 77 24 remedy
2859 4095 21 12 as
2893 4090 129 19 disinterested
3039 4095 65 21 people
3114 4099 52 16 prove
3181 4098 6 8 '

2775 4113 69 15 merits.

1263 28 59 20 THE
1350 28 58 20 HOT
1435 27 92 19 LAKES
1556 28 174 23 CHRONICLE,
1757 27 192 24 WEDNESDAY,
1977 28 114 20 AUGUST
2119 30 18 21 5,
2156 30 49 17 1890

79 193 72 23 [OTOK
165 195 139 16 STEAMSHIP
320 193 116 18 COMPANY
454 192 29 17 OF

80 210 2 22 I
134 216 57 16 NEW
203 216 116 16 ZEALAND
329 216 80 16 Limited.

113 251 122 16 I'KOi'OMU)
248 251 168 17 DEPaRIUKISS.

49 315 108 18 Waiiiora,
169 313 92 23 Tuesday,
271 313 77 23 August
355 313 17 16 4,
386 317 10 10 o
407 316 45 16 p.m.

162 349 177 23 gBHBBHgg

50 390 98 17 TaxaptojlA
155 397 51 14 every
216 390 75 21 Monday

48 411 131 19 alahinai'Ua
188 418 54 12 overv
249 410 103 22 Thursday.

235 583 112 19 PARKER,
369 581 56 20 AND
444 581 31 20 CO

59 606 38 21 IX
211 606 109 23 (limited).

71 652 96 22 Splendid,
177 652 164 23 Well-appointed
346 651 93 19 Steamers
445 651 38 17 will

48 676 23 17 be
79 675 114 22 despatched
202 676 49 18 from
259 677 120 17 Auckland,
390 681 19 11 as
425 674 58 17 under

47 698 91 24 (weather
153 698 38 17 and
209 699 55 18 other
280 699 145 17 circumstances
440 703 32 16 per-

48 721 86 23 mitting-)
140 726 29 12 :

47 745 42 17 Fob
95 745 136 19 GISBORNE,
237 745 106 19 NAPIER,
350 743 116 19 WELLING-

70 768 56 20 TON,
138 768 158 19 LYTTELTON,
306 769 15 16 &
331 767 128 20 DUNEDIN,

49 792 108 16 Tasmania
195 792 102 19 Tuesday,
304 792 50 21 Aug.
364 792 26 17 11,
400 792 20 15 12
427 795 54 12 noon.

52 815 99 19 Anglian,
162 815 101 19 Tuesday,
270 815 50 21 Aug.
331 815 29 17 2i.
372 815 19 15 12
402 819 57 11 noon.

175 860 51 18 FOR
240 860 113 20 SYDNEY,

94 883 114 23 (Returning
220 886 20 15 to
249 883 99 18 Auckland
357 882 80 23 Direct.)

48 907 93 22 Carrying
161 907 114 22 Passengers
296 907 29 17 for
347 906 135 21 MELBOURNE,

60 930 53 17 other
118 931 131 16 Australian
257 931 72 18 Ports,
336 929 37 17 and
379 930 90 20 Hohakt,

52 959 100 19 Anglian,
159 957 26 23 ...
194 958 105 20 .Monday,
310 957 50 23 Aug.
379 958 26 19 10,
418 959 10 16 4
436 962 46 18 p.m.

50 981 115 17 Tasmania.
172 981 3 22 .
184 981 3 22 .
196 982 106 19 .Monday*,
311 982 51 21 Aug.
376 982 28 18 24,
414 982 11 16 4
435 986 47 16 p.m.

72 1008 32 17 All
112 1008 74 17 Tickets
193 1015 31 10 are
233 1008 92 18 available
334 1008 40 17 also
388 1008 30 17 for
426 1008 45 22 Stop-

49 1037 45 11 over
102 1037 20 11 or
131 1031 71 17 Return
216 1032 26 17 by
253 1032 55 17 ANY
325 1031 86 18 UNION
424 1031 59 17 CO.'S

57 1054 133 21 STEAMERS,
200 1056 37 16 and
244 1055 76 17 holders
329 1053 19 19 of
357 1053 66 20 U.S.S.
440 1055 43 17 Go's

91 1079 33 15 :els
144 1083 44 17 may
204 1078 60 17 travel
280 1079 26 21 by
327 1077 118 18 ANGLIAN
462 1084 21 11 or

47 1100 140 18 TASMANIA.

144 1129 23 18 L.
181 1130 23 17 D.
214 1130 110 17 NATHAN
338 1131 14 16 &
366 1130 45 20 CO.,

378 1154 80 22 Agents.

184 1201 96 21 THOS.
303 1201 69 18 COOK
393 1201 16 18 &
433 1201 47 17 SON

240 1276 39 13 oer
287 1272 87 19 Agents,
381 1275 41 13 etc.

81 1303 50 17 Book
141 1303 91 22 Passages
241 1303 37 17 and
287 1309 63 11 secure
358 1302 56 17 berth
424 1302 26 22 by

51 1334 38 18 All
95 1334 75 18 Lines.
184 1334 39 18 All
228 1335 96 17 Scutes.
338 1333 39 19 All
382 1333 98 19 Classes.

117 1366 40 18 AT
170 1366 123 18 LOWEST
304 1365 105 18 BATES.

48 1412 90 22 Through
146 1412 75 17 Tickets
229 1412 62 17 issued
304 1413 20 16 to
338 1412 67 18 South
419 1412 49 17 Afri-

71 1439 38 14 can
116 1436 134 20 Goldeields,
261 1435 153 22 Johannesburg,
421 1437 35 15 etc.

70 1482 38 17 For
115 1481 26 17 all
150 1481 121 19 information
281 1482 57 23 apply
346 1483 21 15 to

93 1510 89 17 COOK'S
194 1510 126 18 SHIPPING
332 1509 99 21 OFFICE,

91 1539 27 19 89,
133 1539 164 20 Queen-street,
312 1539 119 17 Auckland.

45 1567 86 16 Rotorua
139 1567 77 22 Agency
224 1567 3 22 :

47 1615 294 46 Ehrenfried
355 1615 122 46 Bros

125 1704 108 19 ALBERT
249 1704 149 24 BREWERY,

68 1735 103 26 QUEEN
174 1736 111 25 STKEET,
300 1737 157 19 AUCKLAND

67 1788 67 16 WINE
147 1788 50 16 AND
209 1788 81 17 tPIRIT
298 1788 156 21 MERCHANTS,

85 1816 122 16 BOTTLERS
220 1817 51 15 AND
288 1816 143 21 IMPORTERS,

129 1839 26 18 43,
170 1842 133 13 ttTJBEN-HEKM
320 1843 69 11 WHARF.

135 1890 51 11 TEJZH
197 1890 22 12 311
223 1891 33 11 DAI.
268 1891 35 11 AND
315 1890 71 12 AWARDS

42 1912 25 14 At
76 1911 28 16 the
119 1911 89 17 following
226 1912 112 15 Exhibition*
353 1911 26 16 for
388 1917 31 11 our
428 1912 37 16 well-

137 1933 61 15 known
214 1933 44 16 Bulk
268 1933 32 16 iind
311 1933 67 16 Bottled

154 1954 47 16 ALE
214 1955 50 15 AND
276 1954 88 16 STOUT:

42 1981 69 21 Sydney
120 1980 124 18 International
254 1982 108 18 Exhibition,
374 1983 47 16 1879.

153 2002 125 18 International
286 2003 109 18 Exhibition.
404 2004 69 15 1880-S1

42 2024 43 15 New
94 2024 72 15 Zealnnd
176 2024 287 22 IndnetrialExhibition,Welling-

85 2048 35 16 ton,
132 2046 47 16 ISSo.

42 2066 43 17 New-
104 2067 75 16 Zealnnd
193 2067 33 16 and
241 2068 54 16 South
309 2068 9 6 '~
325 2073 24 10 ;as
365 2067 108 16 Exhibition.

85 2088 86 16 Dnurdin.
184 2090 78 15 ISSH-90.

41 2109 22 16 In
73 2109 75 16 addition
158 2112 17 13 to
185 2110 53 15 above
247 2111 42 15 have
308 2111 41 15 been
365 2110 79 15 awarded
457 2114 17 11 at

84 2130 104 17 Tafmanian
221 2131 109 20 Exhibition,
358 2130 114 21 Launeeston,

85 2152 78 16 1891-92.

127 2182 57 17 FIVE
195 2184 71 16 FIRST
284 2184 105 16 AWARDS

52 2225 44 17 BUI
101 2225 18 17 K
130 2225 13 17 I
146 2226 41 17 Oil
192 2227 48 16 LID
253 2227 60 16 ALES
331 2227 51 16 AND
398 2227 77 17 STOUT

127 2270 251 32 CHAMPIONSHIP

70 2310 64 23 Gold
148 2311 85 24 Medal
244 2313 28 22 of
282 2312 166 23 Australasia

144 2352 72 11 AGAINST
227 2353 99 11 ALLCOMERS
337 2352 32 14 FOE

43 2382 89 23 BULK
146 2383 70 23 AND
235 2383 146 24 BOTTLED
395 2384 64 24 ALE

132 2434 72 21 Having
212 2441 10 11 a
233 2435 57 21 Large
299 2436 52 15 Stock
360 2436 18 16 of

151 2466 48 16 ALE
211 2467 52 16 AND
275 2467 83 19 STOUT,

44 2499 68 16 Hottled
122 2500 15 15 in
147 2502 50 16 ciunrt
206 2502 33 14 and
255 2502 39 20 pint
308 2501 66 18 fcotiliw,
391 2502 81 21 KjieeJally

42 2520 66 17 brewed
117 2520 27 17 for
152 2521 29 17 the
189 2526 74 13 BUHnraer
272 2524 53 15 nude.
337 2523 54 16 hieb
399 2529 28 10 are
434 2529 38 10 now

41 2541 105 22 thoroughly
155 2544 83 17 matured,
251 2549 31 11 can
298 2544 41 15 with
354 2550 50 15 every
418 2545 45 16 eonfi-

40 2563 52 16 dfnee
104 2564 105 16 recommend
226 2570 46 10 same,
288 2568 18 12 to
320 2571 118 11 connoisseur*
453 2572 19 10 U8

40 2585 61 15 6econd
110 2588 17 12 to
135 2590 45 11 none
189 2587 16 14 in
216 2586 28 16 the
252 2587 73 20 Colony.

193 2833 55 19 ASK
265 2834 53 20 FOR

38 2884 431 47 HANCOCKS'

163 2958 183 19 CELEBRATED

217 3010 87 33 xxxx

147 3068 215 52 ALES,

165 3139 59 14 HADE
232 3140 55 14 FROM
298 3141 41 12 THE

43 3175 115 33 FINEST
184 3177 88 36 Mil
293 3179 64 31 AND
374 3179 94 34 HOPS,

77 3264 52 14 FREE
142 3265 54 14 FEOil
209 3267 39 13 ALL
262 3267 128 13 ANTISEPTICS
404 3268 24 12 Oil

143 3291 140 16 DELETEMOTJB
301 3293 64 13 ACIDS.

42 3355 137 32 CAPTAIN
202 3356 83 33 COOK
304 3358 166 38 BREWERY,

44 3450 228 48 Blcoker's
322 3452 148 55 Dutch?

174 3508 160 47 Coeca.

37 3602 138 31 Highest
183 3606 127 25 awards
324 3607 33 24 at
370 3612 100 27 every

157 3645 196 27 Exhibiticn.

73 3683 63 26 The
150 3686 95 26 latest
258 3687 28 26 is
299 3688 54 25 the
374 3689 95 26 Cress

42 3716 33 25 of
81 3716 108 27 Honor
203 3721 32 23 at
251 3721 55 25 the
326 3721 123 27 Amster-

41 3748 69 26 dam
122 3749 186 30 Exhibition
316 3753 91 31 1895,
414 3754 54 27 the

37 3781 128 31 highest
172 3786 138 29 possible
320 3788 115 24 award.

144 3836 134 21 MASS.

40 3882 92 43 MISS
151 3882 115 22 FEASEE.
278 3886 96 25 qualified
390 3888 65 20 Ameri-

118 3915 36 12 can
172 3909 112 26 Masseuse,
306 3912 16 18 is
329 3915 139 24 permanently

39 3934 77 19 located
132 3934 21 19 in
170 3934 98 21 Eoluiua.
305 3938 40 18 f-ho
369 3939 37 19 has
428 3940 40 19 Lad

39 3960 138 20 considerable
191 3962 117 25 experience
318 3963 20 19 in
355 3965 34 19 lhe
407 3969 52 16 treat-

39 3990 55 15 merit
113 3988 22 17 of
150 3987 64 18 Indies
224 3989 39 17 ;iLd
275 3989 112 24 gentlemen
399 3991 60 20 suffer-

39 4013 36 25 ing
84 4013 50 18 from
154 4013 91 23 Sciatica,
263 4014 109 21 ltheumati
384 4019 26 21 m',
423 4017 46 19 Stiff

39 4038 74 23 Joints,
132 4038 115 26 Dyspepsia
266 4040 40 18 and
324 4040 29 19 all
369 4042 62 19 forms
449 4045 19 17 oi

39 4064 93 19 Nervous
146 4064 114 20 Disorders.

86 4098 108 20 A'ddhess:
211 4099 98 20 GEAND

527 96 52 44 G,
620 93 298 47 BURTON'S

583 223 103 24 Opposite
702 223 73 19 Pa'aco
791 222 69 20 Hotel.

504 274 140 24 GROCERY,

545 305 139 21 OILMEN'S
700 304 110 23 STORTS,

587 335 219 23 IRONMONGERY,

639 366 155 21 CROCKERY
800 365 90 23 WARE,

691 401 143 22 RRAPKRY,
851 401 43 20 &c.
903 401 35 20 Ac-

532 436 16 14 A
566 438 22 12 wi
593 431 122 21 I'assorted
733 435 15 14 M
765 430 23 21 ck
808 433 19 17 in
844 431 26 18 nil
888 430 51 20 lines

504 458 22 19 of
536 459 34 18 the
578 459 63 18 iibove
652 462 20 15 at
682 458 68 19 luetl
766 464 71 16 pnoei<.

505 493 49 19 New
566 493 87 19 Zealand
663 494 62 23 Dairy
736 491 146 21 Anpociation'*
891 492 36 19 Fac-

540 522 46 21 tory
597 519 75 20 Butter
682 519 55 19 i'rtsli
748 519 58 18 triors
816 518 83 20 wt-ekh.

580 562 51 20 New
641 562 50 20 Laid
703 562 59 22 El'ls,
774 562 42 22 Ac,
828 562 35 19 Ac.

547 628 116 33 HISS
694 627 211 38 FHENCH,

521 688 267 26 ANGLO-PARISIAN
820 689 90 26 DRESS-

667 723 113 27 MAKER.

607 772 66 22 (Late
682 772 26 18 of
715 772 123 22 Dunedin.)

507 811 92 43 BEGS
610 815 21 15 to
642 812 91 20 intimate
745 816 21 15 to
785 813 34 18 the
836 812 64 20 ladies
919 814 20 17 of

574 837 92 21 Rotorua
690 839 45 18 that
753 838 36 19 she
808 839 37 19 has
863 839 76 19 started

505 863 94 19 business
621 865 21 18 in
666 864 157 24 Fenton*street,
848 865 91 25 opposite

505 889 34 19 the
549 890 70 20 Grand
634 890 68 20 Hotel.

532 955 44 39 %
593 955 37 39 3.

505 1026 195 20 COMMISSION
705 1028 104 18 AGENT
815 1028 66 18 AND
889 1028 33 18 AC-

634 1059 172 19 COUNTANT.

534 1107 68 21 Office:
616 1108 77 16 Aiiawa
706 1108 83 20 Street,
804 1108 102 18 Rotokua.

554 1152 104 42 MEN'S
688 1154 200 42 TAILORING.

503 1255 22 17 tf
562 1256 57 23 large
629 1257 79 24 portion
719 1256 22 19 of
750 1256 33 19 the
794 1257 55 19 stock
865 1258 21 18 of
903 1258 35 19 tlie

502 1281 41 19 late
554 1281 28 19 11.
595 1281 33 21 W.
638 1282 121 25 Neighbour
770 1283 24 18 lie
805 1283 16 19 is
839 1284 97 25 prepared

503 1311 19 15 to
533 1307 47 25 give
590 1307 32 19 his
632 1312 109 15 customers
751 1308 36 19 the
801 1309 38 19 full
861 1309 75 19 benefit

501 1333 21 18 of
532 1333 35 19 the
577 1334 38 18 low
624 1335 54 24 price
689 1338 20 14 at
720 1335 63 18 which
792 1335 24 19 he
825 1336 111 25 purchased

501 1359 35 19 the
547 1366 60 14 same.

574 1386 71 19 CALL
660 1386 59 19 AND
738 1386 124 20 INSPECT.

527 1411 119 19 First-class
661 1413 150 25 workmunship
830 1414 40 18 and
890 1420 35 19 per-

501 1439 40 18 fect
550 1438 23 19 fit
583 1439 132 24 guaranteed.

693 1465 54 18 Ar.so

501 1489 133 24 Selling-off
644 1490 52 19 Sale
706 1491 27 18 of
737 1491 104 24 Drapery
850 1492 84 19 Goods.

527 1522 18 18 A
555 1522 68 19 choice
634 1525 119 17 assortment
764 1524 21 17 of
803 1523 79 19 Ladies'
895 1524 40 19 and

501 1547 56 24 girls'
567 1548 85 25 jackets,
664 1549 25 18 all
701 1549 56 23 sizes,
771 1552 22 16 'ls
804 1550 24 18 (id
839 1553 21 15 to
870 1552 22 16 6s
903 1550 31 18 fid.

501 1573 94 20 Woollen
606 1574 38 20 and
658 1575 38 18 silk
709 1575 74 19 shawls
794 1576 21 18 7s
826 1576 25 18 (id
861 1580 20 15 to
894 1578 40 17 10s.

526 1600 52 18 Gold
586 1601 40 19 nnd
634 1601 60 19 silver
701 1601 103 25 jewellery
813 1603 21 17 of
840 1603 27 17 all
875 1603 60 18 kinds

501 1629 19 15 at
531 1625 64 19 below
606 1630 41 16 cost
663 1627 59 24 pric;\

567 1652 78 27 JOB
684 1653 181 32 CORBAN,

617 1686 206 17 OHINEMUTU.

612 1733 211 27 ROTORUA.

500 1792 242 47 Tarawera
766 1793 167 52 House,

554 1858 184 19 TUTANEKAI
753 1859 120 20 STREET.

631 1896 45 13 easv
702 1897 66 13 access
794 1892 22 18 of
832 1892 34 18 the
886 1893 47 18 Post

499 1915 67 25 Office,
574 1916 72 23 Baths,
656 1917 38 18 and
702 1916 128 21 Sanatorium
839 1917 94 21 Grounds

498 1942 40 18 and
548 1942 143 26 commanding
705 1950 12 11 a
734 1943 131 25 magnificent
882 1945 51 19 view

498 1968 20 18 of
528 1968 35 18 the
573 1968 62 19 Lake.

525 1997 88 20 Visitors
635 1999 40 19 will
695 1999 42 19 find
757 2006 59 19 every
832 2002 100 18 attention

499 2025 48 24 paid
557 2027 20 16 to
587 2025 53 19 their
651 2026 83 19 comfort
745 2026 39 18 and
799 2028 33 17 the
842 2028 80 23 require-

498 2054 66 15 ments
573 2051 22 18 of
604 2051 77 19 invalid
691 2055 69 21 guests
771 2051 40 21 will
823 2052 24 19 bo
865 2053 56 19 assid-

498 2077 73 24 uously
581 2077 96 19 attended
687 2081 27 16 to.

613 2111 71 20 Terms
695 2111 116 20 Moderate

595 2201 242 17 proprigtor,

522 2228 81 19 Letters
622 2230 40 18 and
686 2230 117 26 Telegrams
826 2230 103 27 promptly

496 2255 112 24 responded
613 2258 26 16 to.

494 2444 82 45 THE
602 2445 206 20 UNDEKSIGNED
839 2446 50 26 hegs
908 2450 23 16 to.

562 2472 51 19 offer
624 2472 101 19 Njtkskky
736 2471 64 21 Stock
810 2473 21 18 of
841 2473 27 19 all
883 2473 36 19 des-

494 2497 103 25 criptions,
618 2498 57 18 seeds
695 2498 40 19 and
755 2498 163 26 applincesin-

494 2522 82 27 cluding
587 2522 50 21 New
649 2523 89 21 Zealand
754 2524 66 23 Trees,
842 2525 86 23 shrubs,

494 2548 77 24 Plants,
591 2550 130 23 Tree-Ferns,
738 2550 70 24 Ferns,
829 2552 40 23 &c,
886 2555 41 19 Ac,

495 2575 76 24 [jacked
581 2576 21 18 in
614 2576 56 19 wood
684 2577 39 18 ;.nd
737 2583 74 12 canvas
826 2584 55 12 cases
898 2578 31 19 for

494 2601 33 19 tho
536 2601 98 24 Colonies,
647 2602 40 19 and
698 2603 20 18 in

494 2627 31 18 for
548 2627 77 19 distant
647 2629 107 19 countries.
795 2629 68 19 Medal
887 2630 40 19 and

496 2653 94 24 Diploma
600 2655 90 18 received
701 2655 32 18 for
743 2655 73 24 plants,
829 2656 40 23 &c,
881 2658 48 16 thus

494 2682 44 16 sent
547 2682 20 16 to
579 2680 35 18 the
740 2681 125 24 Exhibition,
875 2682 41 18 Lon-

494 2705 44 24 don,
794 2707 20 19 in
821 2708 107 18 Auckland

494 2733 23 16 35
529 2738 65 12 vears.

572 2767 37 32 C.
627 2766 43 33 T,
687 2766 162 38 WHEN,

494 2815 39 18 Mt.
541 2815 106 19 hobson
654 2816 129 21 kuenery,
791 2816 135 23 eemueea,

618 2849 122 21 Auckland,
752 2848 51 19 N.Z.

600 2898 84 24 FOR
707 2899 107 23 SALE

496 2950 115 42 I)LANT
625 2951 21 19 in
656 2951 94 24 -working
757 2951 57 19 order
822 2952 20 18 in
851 2952 77 26 Taupo,

561 2977 124 26 comprising
694 2977 3 26 :

494 3011 9 17 '2
515 3010 112 24 Launches,
640 3018 37 12 one
686 3012 63 24 large,
760 3018 37 12 one
806 3012 64 23 small,
881 3013 47 19 with

519 3037 48 23 fuel,
583 3039 23 17 30
618 3037 46 19 cord
674 3038 20 18 of
705 3038 62 21 wood,
781 3044 25 13 on
814 3038 65 20 hand.

494 3063 10 16 3
513 3062 80 26 Sailing
604 3063 68 24 Boats,
685 3066 39 17 two
734 3067 35 15 ton
779 3064 55 19 each.

493 3090 8 15 1
515 3088 85 26 Pulling
611 3088 63 21 Boats
684 3090 39 19 and
733 3097 55 17 gear.

494 3114 70 19 House
588 3115 40 18 and
653 3116 83 24 garden,
765 3116 42 18 also
826 3117 103 23 goodwill.

520 3140 93 26 Leaving
623 3148 24 11 on
657 3145 81 16 aecount
750 3142 21 19 a$
783 3142 75 19 health.

620 3166 85 19 TEEMS
719 3167 88 19 CASH.

494 3215 77 26 Apply,

520 3241 89 19 I-Jukitt
620 3244 15 18 *
644 3242 81 21 Adaiis.
734 3242 83 27 Agents,
825 3244 78 26 Taupo.

534 3274 27 16 or,
574 3267 84 21 Geobge
670 3269 94 24 Harekh,
776 3270 114 19 Auckland.

497 3317 90 42 JOHN
612 3319 15 17 I.
658 3320 106 18 PHILIPS
797 3322 54 17 AND
884 3322 45 21 CO.,

566 3345 130 15 AUTHORISED
705 3347 76 15 MINING
790 3349 42 13 AM)
840 3349 56 14 LAND

615 3369 105 14 TKANSFEB
732 3370 122 16 BTJEYEYOBS.

496 3409 56 18 Head
562 3409 68 28 Office:
653 3411 107 24 Halyday's
777 3414 107 23 Buildings,
902 3416 27 20 2G,

567 3433 138 19 Shortland-sti
710 3438 34 18 eet,
755 3436 105 19 Auckland.

496 3456 75 18 Branch
590 3457 78 18 Offices:
686 3458 140 23 Wharf-street,
847 3460 82 22 Paeroa;

508 3478 113 22 Brown-st.,
627 3481 88 22 Thames;
774 3478 4 25 ,
788 3483 130 19 Coromasdel.

496 3502 47 17 P.O.
553 3503 42 17 Box
604 3504 41 17 332.
774 3506 107 23 Telephone
890 3508 40 16 986.

508 3549 147 27 t/ST^ANTED.
657 3553 41 16 A
713 3553 64 17 Smart
789 3559 65 18 young
868 3556 63 16 fellow

532 3581 6 11 t
585 3576 20 15 to
615 3575 53 22 paiiit
678 3575 36 17 and
723 3576 44 22 help
776 3576 19 18 iu
805 3578 125 23 Wood-shop.

494 3596 64 22 Apply
567 3598 21 16 to
598 3597 23 17 G.
631 3597 28 18 W.
668 3599 61 19 A'J'TY,
741 3599 142 19 Coachbuikler.

496 3636 88 41 LOST
625 3637 69 23 Lady's
721 3638 104 22 Umbrella,
846 3641 85 17 between

562 3659 127 19 Schoolhouse
698 3662 36 16 and
752 3663 34 21 top
804 3663 21 16 of
839 3663 91 19 Pukeroa.

493 3681 85 19 Howard
588 3689 23 11 on
621 3685 64 15 lelum
694 3685 20 15 1o
722 3684 21 18 C.
752 3685 23 17 A.
786 3685 89 18 Ci.aiike.

613 3742 123 19 VISITOBS'
750 3743 62 18 LIST.

625 3789 82 17 Geysek
724 3790 76 17 Hotel.

518 3818 107 19 Mesdames
639 3820 105 20 Casement,
763 3820 74 19 Ireland
847 3818 4 22 :
861 3823 59 16 Ather-

492 3841 37 21 ton,
538 3842 62 22 Kelly,
610 3842 111 19 Melbourne
728 3841 3 28 ;
740 3844 82 18 Ilewett.
830 3844 80 25 Welling-

492 3865 30 16 ton
531 3862 3 25 :
548 3865 101 21 Arbuckle,
663 3867 58 19 Buck,
731 3867 99 17 Auckland
838 3862 4 25 :
855 3869 61 18 Messr
922 3862 9 12 8

494 3887 82 20 Salmon,
595 3888 99 18 Auckland
706 3887 4 23 :
730 3890 100 20 Atheilcn,
847 3891 82 19 Walker,

495 3910 124 19 Melbourne:
633 3912 112 23 McGregor.
755 3910 119 27 Wangcnui:
888 3916 41 17 Mc-

495 3933 81 19 Donald,
604 3935 106 17 Turakina:
735 3936 96 21 Andrews,
853 3938 76 21 Bollou,

496 3956 64 21 Collie,
571 3957 105 18 Wocdville
683 3956 4 27 :
701 3958 46 23 Simp
747 3958 46 23 Eon,
804 3960 96 23 England.

559 4008 89 18 Beent's
661 4009 111 18 Bathgate
785 4010 77 19 House.

520 4038 32 18 Mr
560 4039 38 17 and
606 4039 41 18 Mrs
665 4040 111 23 McGregor,
793 4038 135 25 Coromandel:

496 4060 29 17 I-r
533 4062 22 17 B.
562 4062 21 16 T.
590 4062 80 22 Bussell,
678 4060 86 24 Ireland:
777 4064 68 18 Messrs
853 4065 76 18 Beanev

496 4083 116 24 Wellington
621 4083 3 26 ;
634 4086 91 23 Pinkney,
736 4087 82 22 Bobscn,
826 4083 4 26 '.

616 4114 59 16 ;iucii,
685 4109 82 23 Sydney.

1006 4204 87 39 Isk
1122 4206 71 37 for
1219 4203 266 40 Hancock's
1515 4199 278 41 Celebrated
1827 4198 188 37 aEIX
2040 4198 114 39 Ales
2181 4200 95 37 and
2302 4199 145 39 Stout.
