3238 4249
67 89 182 25 PROSPECTING
269 89 56 19 FOR
341 89 89 20 LODES.

66 155 35 21 Xhe
110 150 103 24 following
223 149 93 19 remarks
328 156 25 12 on
362 152 92 23 prospect-

48 187 25 16 •nT
81 181 27 17 for
117 176 54 20 lodes
186 181 34 12 are
237 176 104 18 extracted
356 177 53 18 from

47 204 68 24 Miner's
222 201 28 23 by
262 202 33 18 Mr
304 201 28 18 H.
341 202 25 18 A.
376 202 87 21 Gordon,

46 229 79 27 formerly
150 228 119 24 Inspecting
293 227 110 25 Engineer,
423 227 28 18 De-

46 247 85 35 partment
140 253 21 18 of
170 252 68 19 Mines
248 247 4 35 :

46 285 5 3 '
64 285 21 18 la
104 279 128 25 prospecting
257 279 33 18 for
315 278 147 19 metalliferous

46 310 43 22 lodes
97 306 32 19 the
142 304 64 19 miner
224 304 74 19 should
314 304 98 24 carefully
428 304 24 18 oh-

45 340 44 16 serve
97 332 32 18 the
139 330 102 19 character
253 330 22 19 of
283 331 35 18 the
336 330 54 18 loose
407 330 57 18 rocks

45 365 14 18 in
66 360 29 19 the
104 356 47 20 beds
161 356 21 18 of
193 356 64 18 rivers
266 356 42 18 and
321 359 90 18 streams,
425 355 39 18 and

45 388 36 21 jfke
87 383 49 19 finds
142 388 39 17 any
188 383 57 17 stone
251 388 23 12 or
282 388 33 12 ore
325 381 118 24 containing
452 388 12 12 a

45 409 129 25 metalliferous
203 407 110 19 substance
335 407 26 18 he
389 406 73 20 should

45 445 22 14 tra
68 443 18 13 ee
94 435 14 18 it
118 440 26 17 up
155 433 33 18 tho
199 433 39 19 bed
249 433 22 18 of
281 433 35 18 the
326 435 74 15 stream
412 433 52 17 until

45 471 16 14 sU
62 463 19 19 eh
91 461 45 18 time
146 465 22 12 as
178 464 52 13 none
244 459 22 18 of
282 459 57 18 these
357 461 67 15 atones
442 465 22 12 or

45 491 51 18 nieces
105 485 21 19 of
135 491 33 12 ore
180 490 34 13 are
224 484 70 19 found.
323 483 59 19 After
395 483 41 19 this
447 484 16 18 i->

45 517 39 19 done
93 512 23 18 he
130 510 73 19 should
219 510 94 19 examine
330 509 35 19 the
384 510 80 24 ground

44 548 18 13 on
71 537 43 21 each
125 536 41 19 side
175 536 22 19 of
212 536 35 18 the
266 540 74 14 stream
356 537 21 17 to
396 541 33 12 see
448 536 16 18 if

45 568 45 19 there
96 564 16 17 is
122 569 39 17 any
170 562 112 18 indication
291 561 22 18 of
321 567 12 13 a
340 561 39 25 slip
387 561 77 25 having

45 593 49 19 taken
104 588 56 25 place
169 588 52 18 from
229 588 35 17 the
271 587 44 18 side
322 587 21 18 of
352 587 35 19 the
393 593 70 19 range.

44 619 15 19 If
73 616 31 19 the
121 612 83 26 stream.
212 613 18 18 is
249 613 64 24 going
336 612 89 25 through
449 620 12 12 a

45 640 128 24 mountainous
191 645 24 12 or
236 638 52 25 hilly
311 642 84 21 country
414 639 20 18 of
453 647 11 11 a

45 666 130 24 metalliferous
185 668 78 19 nature,
275 664 57 19 there
340 664 41 20 will
389 671 60 17 gener-

45 696 30 20 ally
83 693 22 18 be
115 691 54 19 loose
178 691 70 19 blocks
268 691 21 17 of
305 690 43 26 the'
358 690 106 20 lode-stuff

45 720 46 24 lying
99 717 62 19 about
170 723 26 12 on
210 717 35 18 the
262 717 79 18 surface
358 722 23 13 or
396 717 68 18 mixed

45 746 37 19 ,TJtli
104 743 33 19 the
160 742 134 19 surface-soil.
336 742 31 25 By
386 743 78 24 tracing

45 773 45 19 these
99 769 53 19 loose
162 769 66 24 pieces
238 774 33 18 up,
283 768 35 19 the
332 768 56 22 place
399 769 65 18 where

44 799 37 22 they
91 794 106 25 originally
207 801 56 11 came
271 795 52 17 from
334 794 39 18 will
385 795 25 18 be
423 794 31 18 dis-

43 821 78 23 covered.

63 847 71 19 Where
144 845 34 19 tho
188 846 58 18 rocks
256 852 34 12 are
299 846 89 25 exposed
395 852 24 12 on
429 846 34 18 the

45 875 66 19 ,uiface
118 872 130 25 prospecting
258 873 17 18 is
285 878 26 12 an
321 878 48 18 easy
384 875 79 17 matter,

45 903 26 17 hut
82 899 62 18 where
155 898 34 18 the
198 903 85 19 country
293 898 18 18 is
322 898 84 19 covered
416 898 47 18 with

44 928 50 18 dense
104 924 58 22 bush,
174 930 22 12 as
214 924 16 18 is
247 924 35 19 the
299 931 45 11 case
363 924 20 18 in
404 930 60 18 many

45 956 44 22 parts
98 950 20 18 of
129 949 49 19 New
193 950 97 22 Zealand,
309 950 49 18 with
376 956 12 12 a
406 953 58 20 great

44 977 51 25 depth
106 976 21 18 of
137 976 133 22 surface—oil,
282 976 129 24 prospecting
426 976 17 17 is
452 982 12 12 a

44 1002 91 22 laborious
148 1002 144 24 undertaking,
309 1001 39 18 and
364 1000 72 19 entails
452 1007 12 13 a

43 1027 126 22 considerable
179 1031 83 15 amount
273 1028 20 17 of
299 1027 78 23 labour,
387 1033 22 12 as
418 1027 44 18 well

44 1063 15 13 as
68 1055 50 21 time,
128 1057 20 15 to
158 1053 24 19 be
189 1053 46 19 able
244 1056 20 16 to
271 1056 54 16 trace
334 1053 52 19 loose
395 1052 69 20 blocks

44 1084 14 17 of
66 1079 102 20 lode-stuff
179 1082 20 16 to
209 1079 34 19 the
254 1085 69 13 source
333 1080 51 18 from
399 1078 64 19 which

43 1108 37 23 tbey
90 1105 106 26 originally
207 1112 61 12 came.
297 1105 21 19 It
327 1105 18 19 is
354 1106 48 23 only
412 1105 52 19 after

43 1133 54 20 either
115 1131 80 25 cutting
210 1131 98 21 trenches,
327 1131 137 24 constructing

43 1159 47 21 silk*,
102 1164 21 12 or
134 1157 82 24 sinking
226 1157 66 19 shafts
306 1157 45 19 that
369 1158 34 18 the
419 1163 34 19 pro-

42 1188 67 23 spector
118 1183 18 19 is
146 1183 88 19 satisfied
245 1183 48 18 with
304 1189 40 16 any
354 1183 110 24 particular

42 1210 75 23 locality.
142 1209 20 18 If
172 1209 54 19 loose
236 1209 70 19 blocks
317 1209 22 18 of
348 1208 114 19 metallifer'

42 1244 27 13 ous
78 1242 42 12 ores
131 1235 25 19 be
165 1235 64 19 found
238 1237 21 16 at
269 1235 35 18 the
321 1235 77 18 bottom
414 1235 21 18 of
452 1241 12 12 a

42 1263 27 20 hill
75 1263 15 17 it
98 1262 16 18 is
120 1264 67 22 pretty
196 1261 75 18 certain
278 1261 45 18 that
333 1260 53 19 their
395 1266 68 13 source

41 1289 32 18 will
83 1287 24 19 be
116 1287 116 19 discovered
242 1287 121 19 somewhere
376 1293 26 12 on
420 1287 44 18 that

39 1315 34 21 kll.

61 1339 116 20 Auriferous
191 1338 37 20 and
240 1339 149 25 argentiferous
409 1338 54 19 lodes

42 1374 26 12 are
77 1365 103 25 geueially
190 1365 63 18 found
270 1364 99 26 cropping
386 1367 37 16 out
436 1371 27 12 on

41 1394 27 19 the
77 1392 84 19 surface,
173 1391 37 18 but
220 1391 41 18 this
271 1391 17 18 is
297 1394 36 15 not
346 1391 75 24 always
429 1390 34 19 the

40 1416 47 25 case;
102 1417 98 22 however,
212 1423 21 12 as
243 1423 13 12 a
265 1416 44 19 rule
320 1418 71 23 quartz
408 1416 45 19 lead-

41 1452 24 13 ers
73 1450 22 13 or
109 1443 56 19 veins
180 1449 35 12 are
230 1442 117 19 discovered
366 1449 48 12 near
429 1442 34 19 the

40 1471 75 22 surface,
126 1469 100 25 although
234 1469 35 18 the
277 1468 55 19 main
339 1468 42 19 reef
389 1475 22 12 or
419 1468 44 19 lode

40 1503 37 18 uiay
91 1496 25 19 bo
131 1495 65 18 found
214 1501 54 12 some
283 1494 91 19 distance
392 1494 70 19 below.

40 1524 17 19 In
68 1529 10 12 a
89 1524 56 22 great
154 1527 59 18 many
221 1521 101 18 instances
330 1520 33 19 tha
370 1523 93 22 outcrops

38 1550 17 19 of
63 1548 111 19 auriferous
186 1549 71 23 quartz
273 1546 56 19 lodes
344 1546 52 19 have
412 1546 49 19 been

38 1575 27 20 the
75 1574 73 19 richest
157 1573 96 24 portions,
266 1573 108 24 especially
386 1573 21 18 in
417 1572 35 20 Vic-

38 1601 44 19 toria
92 1600 40 18 and
142 1599 50 19 New
203 1599 97 19 Zealand.
320 1599 49 18 This
379 1599 20 19 in
409 1605 54 12 some

38 1632 82 14 measure
139 1632 37 12 can
195 1625 26 19 be
239 1624 107 25 explained
370 1625 40 19 and
429 1632 22 12 ac-

38 1652 77 20 counted
125 1652 38 18 for.
184 1651 44 18 The
238 1658 35 12 ore
283 1658 49 12 near
341 1651 35 18 the
385 1651 78 18 surface

38 1680 83 18 k'comes
130 1677 98 23 oxidized,
240 1677 40 19 and
290 1677 35 18 the
336 1677 48 24 gold
400 1677 17 18 is
433 1677 20 19 al-

38 1709 44 15 most
92 1703 113 24 invariably
216 1703 20 19 in
254 1710 12 11 a
283 1703 42 19 free
345 1706 58 20 state,
424 1703 39 19 and

38 1731 92 19 therefore
149 1729 63 24 easily
231 1729 104 19 extracted
353 1729 53 19 from
430 1729 33 19 the

38 1762 55 14 stone.
122 1755 112 19 Wherever
245 1755 40 19 this
296 1755 60 19 metal
367 1755 16 18 is
400 1755 62 19 found

38 1784 16 19 in
64 1789 10 13 a
83 1783 42 18 free
136 1785 57 19 state,
205 1788 12 11 a
227 1781 57 25 largo
302 1783 122 23 percentage
442 1782 22 17 of

37 1811 12 18 it
59 1816 34 12 con
104 1808 24 19 be
139 1808 60 18 saved
209 1807 27 25 by
252 1808 35 18 the
303 1807 95 25 ordinary
417 1813 35 19 pro-

36 1842 37 14 cess
81 1835 21 19 of
122 1834 97 24 crushing
235 1834 41 18 and
294 1834 109 18 extraction
419 1840 44 11 now

37 1860 78 26 adopted
125 1859 4 27 ;
141 1860 36 19 but
191 1866 23 12 as
229 1860 35 18 the
285 1859 56 19 lodes
359 1866 27 18 go
405 1859 58 19 down

37 1894 47 13 some
94 1887 21 18 of
124 1887 55 18 them
189 1886 80 18 contnin
281 1893 10 12 a
300 1886 56 24 largo
372 1890 80 20 percent-

36 1921 33 18 age
78 1913 21 19 of
109 1912 86 24 sulphur
204 1912 40 18 and
256 1912 76 19 arsenic
353 1911 110 19 associated

37 1940 41 20 with
89 1939 27 19 th-
132 1938 54 24 gold,
198 1938 34 18 the
242 1939 66 18 action
319 1938 21 18 of
355 1938 64 18 which
437 1944 26 11 on

36 1965 116 27 quicksilver
162 1964 17 18 is
190 1964 49 18 niich
250 1964 45 19 that
304 1964 17 18 it
336 1964 78 18 sickens
429 1963 34 18 the

36 1997 90 19 meicury,
139 1990 39 19 and
188 1996 69 13 causes
268 1991 15 17 it
293 1993 20 16 to
324 1990 72 18 loseit*
406 1990 48 18 affin-

35 2020 24 23 ity
69 2018 31 19 for
110 2016 54 25 gold.
192 2016 43 19 The
245 2016 87 26 sulphur
341 2015 48 24 also,
401 2016 63 24 being

36 2053 9 11 a
55 2050 44 18 very
110 2042 52 26 light
172 2042 113 23 substance,
297 2042 73 19 carries
381 2048 54 18 away
451 2048 12 12 a

36 2070 68 21 certain
116 2072 120 22 percentage
246 2068 21 19 of
277 2068 34 19 tho
322 2068 48 25 gold
382 2067 48 21 with
440 2069 22 17 it.

37 2098 20 18 In
68 2096 48 19 New
126 2094 91 20 Zealand
232 2095 57 18 there
306 2100 35 13 are
359 2093 104 25 generally

37 2122 113 20 indications
160 2124 21 16 at
191 2128 21 11 or
222 2128 49 11 near
284 2121 34 18 the
334 2120 85 22 surface,
438 2120 4 24 I
449 2126 14 18 y

37 2150 50 18 veins
109 2154 22 12 or
155 2147 83 22 leaders,
262 2147 68 18 whore
349 2146 114 18 auriferous

36 2175 49 19 lodes
95 2180 34 12 are
139 2176 21 15 to
170 2173 25 19 bo
209 2173 64 18 found
282 2171 3 24 ;
301 2172 38 18 but
355 2172 40 18 this
414 2171 47 19 does

36 2206 29 14 not
74 2199 60 26 apply
145 2202 20 16 to
175 2199 58 19 other
243 2198 72 19 metals
325 2202 20 14 to
355 2197 34 19 the
409 2204 54 12 same

36 2231 68 15 extent.

59 2255 16 16 it
92 2260 16 10 is
127 2250 103 27 generally
247 2250 64 19 found
326 2250 20 18 in
363 2249 100 19 Cornwall

36 2279 35 19 tbm
86 2286 25 12 no
120 2284 73 18 copper
203 2284 33 11 ore
247 2277 21 18 of
278 2283 40 18 any
329 2279 58 22 great
403 2276 59 18 value

36 2306 14 18 is
58 2303 62 21 found
129 2303 52 20 until
191 2310 12 12 a
213 2303 62 25 depth
285 2303 21 18 of
316 2302 53 19 from
381 2302 32 18 120
413 2302 22 18 ft
443 2304 21 16 to

38 2331 51 19 )60ft
97 2330 18 19 is
122 2329 92 23 reached,
225 2329 35 19 the
278 2328 46 19 lode
341 2328 64 19 above
423 2328 41 18 this

35 2358 57 24 being
101 2356 55 19 filled
166 2355 48 19 with
224 2355 44 25 clay
283 2361 23 12 or
321 2360 79 19 gossan.
438 2354 24 18 In

36 2390 54 18 many
101 2383 100 18 instances
211 2382 27 18 nil
248 2387 48 13 over
306 2381 35 18 the
350 2380 61 18 world
420 2380 43 18 iron

36 2417 28 12 ore
75 2409 57 19 takes
142 2408 34 19 tho
186 2408 56 25 place
258 2408 21 18 of
295 2413 74 19 copper
384 2413 26 11 on
429 2406 35 18 the

35 2435 78 24 surface,
125 2434 40 19 and
175 2434 27 24 by
212 2434 85 24 sinking
306 2433 59 18 down
376 2432 34 19 the
420 2432 44 18 iron

35 2469 29 12 ore
74 2460 105 26 gradually
190 2466 79 18 merges
280 2460 43 17 into
333 2465 74 18 copper
416 2464 33 12 ore
459 2460 4 26 ;

35 2488 32 19 but
76 2488 65 19 where
151 2486 100 19 instances
262 2485 21 18 of
293 2484 41 19 this
344 2484 49 19 kind
404 2490 59 12 occur

35 2514 52 19 there
106 2512 41 20 will
163 2513 76 23 always
258 2511 25 18 be
302 2517 56 12 some
373 2513 54 16 trace
443 2510 21 18 of

36 2547 75 19 copper,
122 2538 39 20 and
172 2537 104 25 generally
287 2537 21 19 in
323 2536 35 20 the
374 2536 52 19 form
443 2536 22 18 of

36 2573 55 18 green
102 2565 109 19 carbonate
221 2569 22 14 or
254 2563 77 19 silicate
346 2562 20 19 of
383 2568 78 19 copper,

36 2592 63 19 mixed
109 2591 49 19 with
170 2590 35 19 tho
216 2590 43 18 iron
269 2595 40 13 fie.

59 2619 63 18 There
132 2623 35 13 are
177 2616 19 18 in
208 2622 54 12 some
272 2615 102 19 instances
388 2613 66 21 indica-

36 2644 49 19 tions
94 2650 26 12 on
130 2643 35 19 the
175 2642 85 22 surface,
271 2641 100 25 although
383 2647 52 12 nono
444 2641 22 17 of

36 2670 30 19 the
76 2677 33 12 •■re
120 2676 35 12 can
173 2669 25 18 be
215 2674 53 15 seen,
287 2667 45 19 that
350 2674 12 12 a
381 2667 83 18 mineral

36 2696 41 19 lode
87 2696 62 19 exists
159 2695 123 19 somewhere
292 2693 21 19 in
323 2693 35 19 the
377 2692 87 25 locality.

36 2723 45 18 This
90 2728 45 18 may
147 2721 25 19 be
182 2720 58 20 indie,
249 2719 34 19 ttd
294 2720 26 24 by
329 2719 34 19 the
370 2724 96 19 presence

36 2750 18 18 of
64 2748 83 20 mineral
158 2751 77 17 waters,
247 2752 22 12 or
278 2745 28 24 by
314 2745 35 19 the
357 2745 80 24 finding
444 2744 21 19 of

35 2775 83 19 metallic
141 2773 66 23 sands,
227 2772 35 19 the
285 2771 143 19 decoloration
445 2770 21 19 of

36 2804 48 16 trees
94 2807 22 11 or
125 2806 80 19 glasses
214 2799 21 18 in
242 2805 12 11 a
261 2797 109 26 particular
377 2796 87 25 locality,

35 2834 26 16 or,
71 2827 57 18 when
138 2826 53 18 adits
206 2831 34 12 are
257 2824 63 24 being
339 2822 126 20 constructed

35 2853 17 19 in
64 2853 33 19 the
106 2854 85 23 country
200 2850 55 24 rock,
266 2850 28 24 by
308 2850 90 23 meeting
417 2847 48 21 with

36 2886 9 12 a
56 2879 55 26 large
121 2877 64 19 influx
197 2877 21 19 of
227 2880 69 15 water.
325 2876 24 18 In
361 2876 35 18 the
405 2875 61 18 latter

35 2912 47 16 case,
101 2904 66 20 where
184 2910 25 12 an
226 2902 104 19 increased
346 2901 81 18 volume
445 2901 21 18 of

35 2934 57 16 water
103 2931 17 22 i.a
129 2933 40 16 met
180 2928 55 24 with,
247 2928 57 19 there
314 2928 17 18 is
341 2934 55 12 some
412 2926 44 19 indi-

35 2958 62 18 cation
106 2956 43 20 that
160 2962 12 13 a
181 2955 85 20 mineral
273 2954 52 22 lode,
336 2954 75 22 fissure,
420 2952 45 19 vein

36 2990 19 12 or
65 2988 133 14 cross-course
208 2982 17 18 is,
235 2985 35 14 not
280 2980 32 19 far
322 2980 82 18 distant.

59 3010 24 18 In
94 3008 128 27 prospecting
232 3006 32 20 for
280 3013 26 18 go
315 3006 13 18 d
347 3005 41 18 and
406 3004 60 19 silver

36 3041 46 18 oies,
92 3034 60 20 when
162 3039 49 14 once
220 3039 9 13 a
249 3032 46 19 lode
316 3032 18 18 is
349 3031 63 19 found
431 3030 35 19 the

35 3062 43 18 safer
86 3067 6 12 t
104 3067 44 18 way
158 3060 17 18 is
186 3063 19 15 to
213 3058 45 19 sink
269 3058 58 19 down
341 3064 12 12 a
368 3058 63 18 winze
450 3057 16 18 if

35 3087 24 20 thi
76 3086 62 21 influx
151 3088 19 17 of
181 3088 64 17 water
252 3084 40 19 will
299 3084 72 26 peimit
384 3083 40 19 this
431 3082 24 20 be-

35 3113 33 26 ing
78 3113 56 20 done,
148 3112 38 19 and
200 3117 48 14 even
260 3111 16 19 if
295 3111 58 19 there
369 3110 17 18 is
405 3115 17 14 w
436 3110 30 18 ter

35 3139 19 20 in
63 3140 34 19 the
107 3138 39 20 lod<
163 3138 33 19 the
208 3138 62 18 winze
281 3136 74 19 should
370 3136 26 18 be
413 3135 52 19 sunk

35 3171 20 13 as
65 3165 51 26 deep
122 3171 20 13 as
151 3163 89 26 possible
248 3163 70 19 before
328 3161 139 24 commencing

35 3196 18 14 to
62 3192 65 18 cither
135 3190 46 20 sink
193 3197 10 11 a
214 3190 55 18 shaft
283 3196 23 11 or
322 3190 101 17 construct
441 3193 25 12 an

35 3218 39 18 adit
84 3220 21 17 to
114 3220 34 16 cut
157 3216 36 20 the
207 3215 45 19 lode
263 3219 19 15 at
302 3220 13 13 a
327 3214 62 18 lower
407 3212 58 20 level.

35 3243 19 19 It
63 3246 54 17 must
126 3243 25 18 be
160 3241 138 20 remembered
310 3240 50 21 that,
372 3239 83 25 especial-

36 3269 18 24 ly
64 3271 19 17 in
94 3269 50 19 New
155 3267 97 23 Zenland,
264 3269 68 16 where
343 3265 34 18 ihe
384 3269 83 20 country

35 3295 15 19 is
59 3302 48 18 very
118 3295 84 21 broken,
214 3293 39 19 and
264 3291 92 27 portions
362 3291 21 20 of
394 3291 15 18 it
417 3291 51 18 have

36 3321 48 19 been
95 3320 105 26 subjected
211 3323 20 15 to
240 3319 77 19 violent
332 3317 136 25 earthcpinkes

36 3348 37 18 and
83 3347 89 19 volcanic
183 3347 71 22 action,
266 3352 25 12 nu
299 3351 28 17 ny
341 3344 56 18 lodes

36 3377 33 15 out
99 3372 92 26 entirely,
203 3372 35 19 the
248 3377 55 13 some
311 3377 22 12 as
343 3369 125 24 gash-veine.

36 3399 19 19 It
73 3400 16 18 is
108 3399 101 19 thereforo
228 3398 75 23 always
323 3395 105 20 advisable
447 3397 20 17 to

36 3429 89 22 prospect
135 3432 12 12 a
163 3425 46 18 lode
225 3424 27 24 by
269 3422 84 25 sinking
369 3428 24 12 on
413 3422 16 17 it
448 3421 20 18 in

37 3453 112 23 preference
160 3453 22 17 to
192 3450 84 24 looking
287 3449 31 18 for
327 3448 17 19 it
355 3448 26 24 by
390 3453 25 12 an
427 3446 42 19 adit

37 3481 19 15 at
65 3478 61 19 lower
135 3476 68 19 levels.
231 3476 58 18 Even
305 3475 17 18 if
339 3474 34 19 the
391 3473 45 18 lode
452 3473 17 18 is

109 3507 20 14 at
144 3503 34 18 the
193 3502 63 19 levels
275 3500 133 22 constructed,
428 3498 40 20 and

37 3530 73 24 proved
134 3532 19 15 to
172 3529 26 18 be
216 3527 95 26 payable,
330 3527 17 18 it
367 3526 47 18 docs
435 3528 35 15 not

37 3561 59 19 prove
107 3555 28 18 thi
143 3558 8 15 t
165 3554 34 19 the
215 3553 65 20 whole
296 3553 22 19 of
337 3552 34 18 the
391 3551 44 19 lode
452 3551 18 18 is

38 3582 85 24 payable
146 3581 92 18 between
263 3579 35 20 the
322 3583 83 19 outcrop
429 3577 41 19 and

37 3607 66 20 where
111 3607 18 19 it
137 3606 19 20 is
163 3609 35 16 cut
207 3608 20 17 st
242 3612 12 12 a
271 3605 61 19 lower
348 3603 57 20 level.
444 3602 24 20 In

38 3634 111 18 nurilcrous
160 3639 43 12 ores
214 3631 33 20 the
256 3631 46 25 gold
312 3637 37 15 sen
351 3636 33 12 era
386 3629 29 24 lly
420 3635 49 13 runs

38 3659 19 19 in
69 3660 68 25 ledges
146 3658 49 20 with
205 3658 63 18 blank
279 3656 92 26 portions
377 3655 91 19 between

38 3691 26 19 or,
76 3685 16 20 if
102 3687 35 17 not
147 3684 84 25 entirely
242 3683 71 22 blank,
323 3682 36 19 the
376 3681 93 25 quantity

38 3712 17 18 oi
68 3711 47 25 gold
125 3711 19 19 in
156 3711 35 18 the
201 3709 45 20 lode
256 3711 17 17 is
282 3715 22 12 so
316 3707 58 20 small
394 3707 44 19 that
454 3707 16 19 it

38 3744 44 18 may
92 3737 25 18 be
127 3736 100 21 valueless
236 3739 21 15 to
268 3735 62 18 work.

64 3762 169 20 Diamond-drills
243 3761 40 19 and
294 3759 132 25 boring-rods
436 3765 34 12 are

39 3789 65 19 ufeful
114 3789 20 19 in
144 3791 141 22 prospecting;
300 3786 38 20 but
350 3786 20 18 in
381 3785 89 18 Silurian

38 3816 56 18 rocks
117 3815 34 18 the
171 3812 163 21 diamond-drills
353 3814 73 17 canrot
446 3810 25 18 be

38 3841 47 19 used
96 3839 180 26 advantageously.
304 3839 58 23 Tbey
376 3843 34 12 me
426 3836 34 19 bet-

40 3871 28 15 ter
80 3866 87 25 adapted
177 3868 21 17 to
207 3865 130 26 prospecting
348 3865 31 17 for
389 3862 44 20 coal
449 3868 22 12 or

39 3893 30 19 for
79 3893 73 24 boring
158 3891 89 23 through
256 3891 85 19 basaltic
348 3888 45 21 rock
402 3892 20 15 to
429 3888 41 18 find

39 3919 80 19 alluvial
131 3918 61 19 leads.
224 3918 115 18 Whenever
349 3916 34 18 the
399 3914 46 19 nek
454 3914 17 18 is

40 3947 17 16 oi
69 3953 9 10 a
92 3944 87 20 unifoim
196 3943 100 20 hardness
314 3942 35 19 the
365 3939 92 21 diamond-

40 3970 43 20 drill
94 3972 17 17 is
121 3970 45 19 best
176 3970 65 18 suited
252 3969 32 18 for
292 3967 136 27 prospecting,
449 3972 22 12 as

40 3997 14 18 it
71 3997 70 25 brings
157 4002 27 19 up
202 3996 34 17 the
255 4001 51 16 core,
326 3993 93 24 showing
436 3991 34 19 the

40 4023 100 19 chuaettr
149 4022 21 19 of
180 4022 34 18 the
224 4021 48 19 rock
289 4020 64 19 bored
365 4018 90 24 through
466 4018 4 24 ;

38 4048 37 20 but
92 4050 19 17 in
130 4048 88 19 Silurian
235 4046 59 20 rocks
312 4046 36 19 the
367 4043 91 20 diamond-

39 4075 55 18 drills
104 4080 37 13 lun
158 4074 21 18 in
196 4073 35 19 the
246 4074 41 18 soft
304 4077 72 15 seams,
395 4069 39 19 and
450 4069 20 18 in

40 4107 58 14 n.unv
108 4100 99 20 instances
216 4099 34 19 the
260 4099 47 19 hole
317 4100 45 22 gets
372 4102 21 12 >o
402 4095 33 18 far
449 4100 11 13 a-

487 97 45 18 way
541 90 53 18 from
603 90 35 18 the
653 89 66 18 initial
734 89 97 19 direction
846 90 22 18 of
885 90 35 19 the

488 116 48 18 bore
546 116 45 18 that
600 116 35 18 the
645 114 47 18 rods
701 114 52 19 stick
762 115 40 18 fast
809 115 40 19 and
857 115 64 19 break

487 142 21 18 in
517 142 71 23 trying
597 143 20 16 to
626 140 33 18 lift
680 139 56 19 them
754 146 34 19 up.
824 141 49 18 This
891 141 19 19 in-

486 173 78 13 creases
574 167 34 18 the
617 167 43 17 cost
671 171 21 12 so
703 166 59 18 much
770 166 44 18 that
825 167 16 18 it
854 167 18 18 is
886 169 35 16 not

487 193 63 19 i'ound
560 191 122 19 economical
692 193 21 16 to
724 197 34 13 use
773 191 55 19 them
845 195 21 15 to
882 198 40 18 any

487 223 56 20 great
554 220 70 16 extent
633 217 21 18 in
664 216 73 26 boring
747 217 90 25 through
859 218 63 18 schist

487 251 22 12 or
518 243 117 20 slate-rock.

512 270 26 18 In
547 268 131 26 prospecting
691 268 114 19 auriferous
815 269 60 18 drifts
885 269 35 18 the

486 296 104 18 character
598 294 23 18 of
635 293 56 18 wash
710 294 73 18 should
802 294 26 19 bo
847 294 74 25 closely

486 320 98 19 observed
602 320 57 18 when
678 325 49 12 once
744 326 13 12 a
777 320 145 25 gold-bearing

486 346 50 19 drift
545 352 25 12 on
581 351 12 12 a
603 348 77 16 terrace
688 346 18 17 is
720 341 70 22 found.
818 345 49 19 This
884 352 37 12 can

486 372 105 23 generally
602 371 25 19 be
637 370 67 20 traced
714 370 32 19 for
756 377 54 12 some
823 371 96 20 distance.

485 398 22 18 If
516 397 49 24 gold
575 397 64 19 found
650 397 25 18 be
685 399 135 18 water-worn,
828 397 92 19 rounded

486 430 25 12 on
522 424 35 18 the
565 423 68 25 edges,
645 429 23 12 or
677 422 19 18 in
704 421 36 19 flat
746 421 71 23 flakes,
823 422 15 18 it
845 423 76 24 clearly

486 449 66 19 shows
563 449 44 19 that
617 449 16 18 it
642 448 37 18 has
689 448 52 18 been
750 447 78 19 carried
843 451 21 15 at
883 454 38 13 one

485 475 50 19 time
546 475 26 24 by
581 482 11 12 a
599 478 74 16 stream
680 473 21 19 of
708 476 66 19 water,
784 473 40 18 and
833 474 87 23 ground,

485 500 104 24 flattened,
600 500 41 20 and
651 499 91 19 rounded
752 499 27 25 by
797 501 67 16 stone*
880 500 41 18 and

486 527 96 19 boulders
591 526 76 24 rolling
677 525 58 19 down
744 524 28 25 by
781 524 35 19 the
826 525 66 19 action
900 526 22 18 of

486 559 12 12 a
508 556 86 16 curreut.
608 552 66 19 These
681 551 79 19 ancient
767 553 153 16 water-courses

486 584 76 20 appe.ir
580 579 21 18 in
619 584 61 18 many
706 577 99 18 instances
824 579 21 15 to
870 577 50 18 have

487 611 52 18 gone
549 607 21 16 at
589 604 72 19 almost
682 602 56 25 right
757 602 70 25 angles
845 604 21 17 to
885 602 35 19 the

485 633 82 21 present
576 633 90 19 streams,
677 629 37 18 and
723 628 47 24 they
777 635 37 12 can
820 628 25 19 be
852 629 68 18 traced

487 657 48 18 here
544 656 40 19 and
594 656 58 19 there
661 656 31 17 for
698 661 12 12 a
717 654 49 24 long
772 654 96 23 distance,
878 654 40 19 and

486 682 115 19 sometimes
608 684 21 17 at
638 680 55 23 3,000
693 680 22 23 ft
722 680 21 19 of
746 680 101 19 elevation
855 680 64 19 above

486 708 34 18 the
530 711 82 21 present
622 706 51 19 level
683 707 22 18 of
715 706 23 26 th
749 706 12 26 6
772 706 146 26 watercourses.

485 733 50 19 This
545 734 17 18 is
572 734 35 18 the
616 739 46 13 case
673 732 48 19 with
737 732 75 24 regard
828 734 21 16 to
865 738 55 13 some

486 760 21 18 of
516 760 35 18 the
562 760 113 18 auriferous
685 758 56 19 leads
759 758 21 19 in
795 758 35 18 the
845 758 75 18 Totara

486 784 89 23 District,
588 786 20 18 in
619 785 51 19 New
687 784 99 19 Zealand.
820 783 65 19 There
903 784 17 19 is

486 817 26 13 an
530 812 80 18 ancient
630 810 102 19 river-bed
749 817 23 12 or
788 813 132 16 watercourse

487 844 47 12 seen
544 844 25 12 on
579 838 35 18 the
625 840 34 21 top
667 837 22 18 of
706 837 72 18 MoUnt
797 835 121 24 Greeuland,

487 863 39 19 and
537 863 34 19 the
581 870 56 12 spme
646 863 103 19 character
770 862 21 18 of
804 862 116 19 wash-drift

486 896 36 12 can
532 889 26 19 be
568 889 69 19 traced
649 889 50 18 from
710 889 39 18 this
758 889 58 24 point
826 888 19 18 in
854 889 66 24 places

486 915 48 19 here
544 915 40 19 and
594 915 57 18 there
661 922 26 10 on
697 915 35 17 the
740 920 58 18 spurs
804 915 40 17 and
851 914 69 25 ridges

486 943 20 15 to
516 941 35 18 the
562 941 116 18 Greenland
688 940 40 19 and
739 940 58 18 Mont
804 940 49 19 d'Or
860 940 45 18 Com-

486 967 77 24 panies'
582 967 71 18 claims
671 969 21 16 at
711 966 59 19 Ross.
798 966 42 19 The
864 972 55 13 same

485 993 104 18 character
599 993 22 18 of
631 993 54 18 wash
696 992 45 19 that
750 992 17 18 is
777 992 62 19 found
849 998 26 13 on
885 992 35 19 the

486 1022 34 22 top
530 1019 22 18 of
562 1019 73 18 Mount
647 1018 115 19 Greenland
771 1018 17 18 is
798 1018 41 19 also
856 1019 62 18 found

486 1051 25 12 on
522 1045 34 18 the
567 1044 167 19 terrace-bottom
745 1044 20 18 in
776 1044 51 19 Ross
835 1044 52 21 Flat,
897 1051 23 12 so

487 1070 43 19 that
539 1071 20 18 in
567 1070 130 25 prospecting
704 1070 32 18 for
743 1070 113 19 auriferous
864 1070 56 19 lends

486 1096 21 18 in
518 1096 116 19 drift-wash
645 1096 35 18 tho
689 1099 81 21 present
780 1103 69 12 course
856 1097 21 18 of
885 1096 34 19 the

486 1124 84 17 streams
581 1122 17 19 is
607 1125 36 16 not
653 1122 75 22 always
742 1125 20 14 to
777 1122 25 18 be
819 1123 60 18 taken
897 1129 22 12 as

486 1154 25 12 an
521 1148 110 19 indication
642 1148 45 18 that
702 1148 35 18 the
753 1147 56 19 leads
825 1149 21 18 of
863 1148 45 25 gold-

486 1173 86 26 bearing
581 1174 60 19 drifts
651 1174 67 18 follow
729 1174 20 18 in
765 1174 35 18 the
816 1181 54 12 same
888 1174 21 19 di-

485 1200 82 18 rection.
597 1200 49 19 This
656 1207 41 12 was
706 1200 21 18 in
737 1199 35 19 the
780 1200 55 25 early
842 1201 50 24 days
899 1201 21 18 of

487 1226 136 25 gold-mining
632 1226 22 19 in
665 1226 34 18 the
709 1225 88 19 colonies
804 1233 11 12 a
823 1233 69 12 source
898 1227 22 18 of

487 1254 58 22 great
555 1252 80 19 trouble
645 1255 21 16 to
675 1252 35 18 the
720 1251 80 21 miners.
834 1253 20 18 If
871 1252 48 25 gold

487 1284 40 13 was
537 1278 64 19 found
611 1279 20 17 in
641 1278 36 18 Hat
687 1277 77 23 valleys
779 1279 33 18 the
823 1279 45 19 lead
879 1286 40 12 was

487 1303 75 25 always
569 1304 100 25 supposed
679 1306 20 16 to
708 1304 66 18 follow
783 1305 52 18 their
842 1312 76 17 course;

487 1330 90 18 whereas
593 1331 20 17 in
633 1336 61 18 many
712 1330 100 19 instance<
832 1331 15 18 it
866 1334 52 16 went

485 1356 57 24 right
552 1362 66 12 across
628 1356 54 18 their
696 1362 69 13 course
774 1356 4 24 ;
800 1357 40 18 and
859 1357 60 19 while

485 1381 35 19 the
530 1382 133 24 experienced
673 1382 82 25 diggers
766 1389 51 12 were
826 1384 92 24 ongnged

486 1408 20 18 in
513 1408 84 24 sinking
603 1409 129 24 prospecting
744 1408 56 19 holes
805 1409 39 19 and
854 1410 65 18 shafts

485 1440 28 18 up
523 1434 40 19 and
574 1434 58 19 down
644 1434 34 19 tho
687 1434 71 24 valley,
771 1442 10 11 a
791 1442 44 12 new
851 1435 66 23 chum,

486 1460 44 19 who
541 1460 40 19 had
591 1466 62 13 never
663 1466 47 13 seen
717 1466 12 13 a
737 1461 96 24 goldfield
842 1461 75 23 before,

486 1486 65 19 would
562 1486 55 19 often
624 1493 56 12 come
690 1486 40 19 and
741 1489 36 22 put
787 1487 57 19 down
865 1487 55 19 what

487 1519 39 12 was
537 1512 77 19 termed
631 1519 26 12 an
880 1513 39 20 and

486 1538 63 19 strike
559 1538 34 19 the
604 1538 45 19 lead
664 1545 22 12 as
702 1539 42 18 rich
758 1545 23 12 as
791 1546 53 12 ever.
878 1540 42 19 But

485 1564 130 25 prospecting
624 1564 84 19 alluvia!
725 1564 59 19 drifts
801 1564 16 25 i..
837 1573 11 11 n.
867 1573 39 12 com-

485 1590 112 25 paratively
608 1597 48 18 easy
667 1597 79 19 process
756 1595 20 14 t<.
787 1592 44 19 that
842 1592 21 18 <>f
873 1599 35 17 pro-

485 1617 92 24 specting
587 1617 32 18 for
629 1617 146 18 metalliferous
792 1618 61 18 lodes.
891 1618 28 19 To

487 1644 22 17 ho
520 1649 11 12 a
542 1645 53 23 good
606 1647 115 21 prospector
730 1649 12 12 a
753 1650 45 12 nr>n
806 1647 53 16 must
868 1644 51 19 have

485 1669 70 25 plenty
563 1669 21 18 of
594 1675 82 19 energy,
685 1670 149 19 concentration
842 1671 21 17 of
869 1677 36 17 pur-

485 1701 54 19 pose,
551 1694 39 19 and
602 1702 9 11 a
629 1695 84 25 hopeful
733 1695 131 26 disposition;
887 1696 33 19 for

486 1727 48 13 even
546 1722 35 18 the
591 1724 52 16 most
661 1721 130 25 experienced
812 1729 44 12 men
878 1722 42 19 will

486 1751 51 15 meet
546 1747 48 20 with
612 1747 173 26 disappointment
803 1748 47 18 time
867 1749 53 18 after

486 1774 53 18 time.
570 1773 82 22 Indeed,
669 1776 20 16 to
703 1773 24 19 be
736 1780 12 12 a
758 1774 52 23 good
826 1781 93 18 prospect

486 1802 30 16 tor
526 1800 20 18 in
557 1799 50 19 New
626 1799 98 21 Zealand,
746 1800 66 19 wheie
831 1807 11 11 a
862 1803 58 22 great

487 1826 76 25 portion
576 1827 21 17 of
606 1826 34 18 the
650 1828 82 19 eountty
744 1826 16 18 is
770 1827 82 18 covered
871 1827 47 18 with

485 1852 62 18 dense
557 1852 52 18 bush
620 1852 40 18 and
671 1852 131 19 undersmi'\
813 1852 39 18 and
864 1853 16 18 is
898 1853 21 19 of

486 1884 11 12 a
506 1884 47 17 very
564 1877 77 21 broken
653 1878 39 18 and
704 1877 123 26 precipitous
837 1878 70 20 charac-

486 1906 35 20 ter,
533 1911 11 11 a
555 1910 46 12 man
613 1907 54 16 must
678 1904 51 18 have
739 1911 12 11 a
760 1907 71 21 strong
845 1905 64 18 consti-

486 1931 71 19 tution,
567 1931 40 19 and
619 1931 24 18 be
653 1929 98 26 prepared
763 1933 20 15 to
798 1929 92 26 undergo
907 1938 11 12 a

485 1959 58 20 great
556 1963 61 18 many
638 1956 109 24 hardships
764 1956 38 18 and
823 1957 94 24 fatigues,

485 1982 94 24 carrying
590 1983 31 19 his
639 1988 56 18 swag
711 1982 39 19 and
764 1983 112 24 provisions
887 1985 31 17 for

486 2008 58 19 miles
554 2009 89 25 through
654 2008 35 19 the
698 2007 59 23 bush,
764 2009 91 23 crossing
863 2009 55 21 lariro

485 2034 64 19 rivers
556 2035 38 18 and
602 2035 210 21 mountain-torrents,
821 2035 98 21 climbinir

486 2063 55 22 steep
552 2068 79 16 ranges,
643 2060 40 19 and
696 2060 92 25 sleeping
808 2065 20 14 at
849 2061 70 25 nights

485 2086 20 19 in
516 2093 12 12 a
538 2087 59 18 small
617 2089 43 17 tent
677 2093 22 12 or
718 2086 97 22 mia-mix,
838 2094 60 18 many
908 2094 9 11 n

486 2112 46 19 time
543 2113 47 18 with
598 2117 39 15 wot
646 2112 122 19 bedclothes.
785 2113 64 18 These
858 2113 48 19 hard-

485 2138 56 24 ships
551 2145 37 12 cau
605 2139 48 24 only
671 2138 23 19 be
715 2138 62 19 borne
795 2139 26 24 by
840 2143 77 19 strong,

485 2164 87 19 resolute
583 2171 52 16 men,
654 2164 116 25 possessing
785 2168 71 21 strong
871 2172 36 11 con-

485 2190 104 19 stitutions
597 2190 4 25 ;
616 2191 40 18 and
673 2197 49 12 even
733 2197 12 12 a
764 2191 38 18 few
821 2197 58 18 years
898 2192 21 17 of

486 2216 39 18 this
536 2216 36 18 life
582 2223 35 12 are
626 2216 101 19 sufficient
744 2220 20 14 to
785 2216 59 19 make
863 2217 56 19 them

486 2242 43 19 look
539 2242 41 19 like
590 2243 33 18 old
635 2249 51 15 men,
698 2242 40 19 and
749 2249 60 18 many
824 2243 21 18 of
863 2243 56 18 them

485 2268 32 18 die
525 2271 21 15 at
557 2275 11 12 a
578 2272 116 21 premature
709 2275 43 16 atje,
764 2270 21 17 of
795 2268 88 19 diseases
899 2269 21 19 of

487 2294 63 19 which
562 2295 35 18 the
608 2295 57 19 reeds
677 2301 50 11 wore
738 2301 53 12 sown
803 2295 25 24 by
845 2295 61 19 under-

487 2321 62 24 going
569 2321 34 19 the
623 2321 109 26 hardships
753 2322 20 17 of
797 2328 11 11 a
830 2321 90 25 digger's

486 2346 41 18 life.

486 2415 77 20 THEY
574 2416 166 19 WONDERED
751 2416 33 19 TO
795 2416 50 19 SEE
856 2416 55 19 HIM.

556 2488 65 13 COULD
640 2488 39 12 NOT
689 2488 56 13 MOVE
760 2489 11 11 A
783 2488 55 14 YAK)
855 2488 53 13 WITH-

487 2513 38 13 OUT
543 2514 60 12 HELP.
632 2508 11 19 I
664 2514 39 13 CAN
726 2514 46 13 NOW
795 2514 61 13 WALK
882 2514 39 14 FOP.

513 2560 65 18 There
589 2560 16 18 is
616 2560 97 25 certainly
724 2566 10 12 n
741 2567 49 18 very
800 2561 23 18 sh
837 2568 24 17 rp
875 2567 33 12 con-

487 2588 50 16 trast
556 2586 91 19 between
667 2586 57 19 thef-e
737 2589 39 17 two
795 2589 124 17 statements.

488 2611 67 19 When
566 2618 29 12 we
606 2618 32 13 see
649 2618 12 12 a
677 2618 73 18 person
769 2613 51 21 who,
834 2613 86 18 because

487 2637 21 19 of
517 2637 76 23 illness,
603 2638 17 18 is
639 2638 76 19 unable
734 2640 21 16 to
763 2645 58 12 move
840 2645 11 11 a
870 2639 50 24 yard

490 2664 85 18 without
594 2664 54 25 help,
671 2670 29 13 we
721 2663 25 20 do
766 2667 35 16 not
816 2667 70 17 exnect
901 2667 20 16 to

489 2692 51 16 meet
556 2690 42 19 him
618 2697 25 12 on
660 2689 34 20 the
710 2690 48 19 rond
773 2691 40 18 ami
833 2697 24 12 on
878 2691 43 18 foot

489 2715 56 19 miles
555 2716 52 19 from
617 2716 65 23 home,
703 2723 48 12 soon
767 2717 110 18 thereafter
885 2715 4 25 ;
905 2717 16 18 if

488 2741 78 24 indeed,
593 2749 31 12 we
645 2745 54 16 meet
718 2742 42 19 him
788 2745 20 16 at
831 2742 33 19 all.
893 2743 28 18 At

488 2768 50 18 least
546 2775 30 12 we
586 2768 73 19 should
670 2768 72 23 regard
751 2768 56 19 these
814 2771 104 18 extremes,

487 2794 117 19 considered
615 2801 22 12 as
647 2794 71 19 within
727 2794 34 19 the
771 2795 119 24 experience
898 2795 20 18 of

488 2820 34 18 the
541 2826 52 13 same
603 2826 51 17 man,
666 2820 40 19 and
723 2820 92 19 enclosed
826 2821 70 18 within
908 2827 10 12 a

487 2846 157 25 comparatively
668 2846 54 19 brief
740 2846 70 24 period
828 2847 21 18 of
864 2846 54 23 time,

489 2879 21 11 as
520 2872 117 24 something
645 2874 21 16 to
677 2872 81 19 wonder
767 2875 21 16 at
798 2872 39 19 and
848 2875 20 16 to
881 2872 37 19 ask

488 2898 105 25 questions
618 2898 70 19 about.
717 2898 46 19 And
790 2898 71 25 people
885 2898 34 19 did

489 2924 81 19 wonder
597 2926 22 16 at
647 2924 40 18 and
711 2924 80 24 inquire
811 2924 62 19 about
897 2924 21 19 it.

489 2950 62 25 Many
563 2949 43 20 said
614 2950 35 19 the
662 2950 154 19 circumstances
834 2950 85 19 recalled

489 2977 33 18 the
532 2983 39 18 ago
581 2976 21 18 of
612 2976 98 23 miracles,
722 2976 100 25 supposed
832 2980 20 15 to
869 2977 51 17 have

488 3003 72 24 passed
587 3002 81 19 forever
701 3008 62 17 away.
791 3002 42 19 The
869 3002 52 19 facts

491 3028 82 25 (briefly
583 3030 31 16 set
623 3027 56 19 forth
689 3028 21 18 in
719 3034 11 12 a
741 3027 59 20 letter
818 3029 51 18 from
886 3029 35 17 the

489 3061 46 13 man
553 3053 92 26 himself)
663 3060 35 12 are
723 3060 21 12 as
766 3054 85 18 follows.
880 3054 40 19 We

489 3088 45 17 may
551 3080 40 19 add
600 3080 45 18 that
656 3079 33 19 Mr
707 3079 72 23 Henry
797 3080 88 19 Jackson
904 3081 17 18 is

489 3116 12 11 a
508 3109 81 19 farmer,
601 3105 44 19 well
656 3105 74 19 known
741 3106 38 18 and
788 3105 102 26 respected
901 3107 20 17 in

489 3135 32 19 bis
530 3133 84 21 district,
626 3131 39 19 and
677 3131 32 19 his
718 3138 45 12 case
772 3132 18 18 is
800 3131 88 19 familiar
901 3135 20 15 to

489 3159 125 25 neighbours
647 3157 40 19 and
724 3157 14 18 f)
745 3157 56 20 iends
835 3157 21 19 of
889 3157 33 20 his

489 3184 126 26 throughout
625 3184 34 19 the
676 3183 88 25 vicinity.

536 3210 25 19 In
571 3210 36 19 the
626 3209 55 25 eaTly
697 3212 46 22 part
753 3210 20 17 of
875 3216 45 18 Bays

490 3238 33 19 Mr
532 3236 96 23 Jackson,
668 3235 12 19 I
694 3235 68 25 began
770 3237 21 17 to
809 3236 40 18 feel
865 3236 57 18 weak

490 3264 38 19 and
537 3262 72 24 ailing.
637 3262 12 19 I
659 3268 42 12 was
717 3261 37 18 low
764 3262 19 17 in
795 3261 74 25 spirits,
882 3261 39 19 and

489 3297 33 17 my
529 3288 71 24 bodily
604 3288 94 23 strength
703 3287 79 19 seemed
786 3290 20 15 to
814 3287 109 24 beleaving

490 3323 39 12 me.
556 3314 67 19 There
633 3319 41 14 was
687 3320 12 12 a
708 3313 41 19 bad
764 3313 40 18 and
821 3319 101 13 nauseous

490 3345 53 16 taste
566 3340 20 19 in
605 3347 35 17 my
665 3339 84 23 mouth;
773 3346 34 18 my
825 3339 95 25 appetite,

491 3368 65 19 which
572 3366 40 19 had
628 3366 76 24 always
720 3365 52 19 been
786 3365 59 24 good,
859 3364 63 20 failed

490 3394 53 19 until
561 3392 12 19 I
592 3392 41 19 bad
653 3398 26 12 no
698 3391 43 19 real
750 3391 64 19 desire
830 3392 31 18 for
875 3391 47 19 food

491 3420 109 20 whatever,
623 3417 40 20 and
685 3417 52 19 after
761 3415 69 26 eating
848 3417 11 18 I
882 3417 41 18 had

491 3446 59 19 much
562 3445 45 24 pain
619 3448 21 15 nt
650 3443 35 19 the
702 3443 56 19 chest
768 3443 39 19 and
817 3449 13 13 a
844 3443 78 18 fulness

492 3471 76 20 around
588 3470 35 19 the
641 3469 60 20 sides.
738 3468 35 25 My
786 3469 87 18 stomach
893 3469 20 18 nl-

492 3504 54 19 ways
558 3497 36 19 felt
614 3500 90 16 burning
714 3500 46 17 hot,
777 3494 40 19 and
833 3495 11 18 I
861 3494 40 19 had
911 3502 12 11 a

492 3524 97 25 gnawing
598 3523 46 24 pain
657 3523 21 17 at
687 3521 35 18 the
729 3520 30 25 pit
769 3521 21 18 of
799 3520 22 18 it.

569 3547 103 20 remained
687 3547 21 18 in
725 3546 41 19 this
776 3546 81 24 general
876 3552 35 13 con-

492 3576 63 19 dition
566 3575 53 19 until
628 3574 82 23 August
721 3573 22 18 of
758 3573 35 18 the
811 3578 54 13 same
875 3578 49 18 year

492 3603 57 18 when
565 3601 11 19 I
592 3607 43 12 was
651 3599 62 19 taken
729 3605 69 12 worse.
826 3598 36 24 My
880 3598 43 25 legs

492 3629 65 23 began
569 3630 20 16 to
605 3626 61 22 swell,
687 3625 40 18 and
743 3625 131 18 rheumatism
894 3627 29 16 Bet

492 3655 20 18 in
522 3653 27 20 all
569 3658 93 15 overnie,
683 3657 54 13 more
753 3649 131 26 particularly
902 3650 20 18 in

492 3681 34 18 the
541 3680 47 24 hips
607 3678 40 19 and
658 3677 58 19 back.
750 3676 33 19 No
793 3676 50 19 load
861 3678 53 16 treat-

492 3709 55 16 ment
557 3705 41 19 had
608 3711 40 17 any
655 3703 60 19 effect
720 3709 54 18 upon
785 3702 22 18 it.
832 3702 21 19 It
868 3707 55 20 grew

492 3738 63 13 worse
578 3730 40 19 and
734 3728 52 19 until
804 3727 12 19 I
838 3735 41 11 was
897 3734 27 12 no

493 3758 70 23 longer
589 3756 47 19 able
647 3758 21 16 to
694 3755 40 18 rise
747 3754 52 19 from
816 3760 33 18 my
868 3754 56 18 chair

492 3784 87 18 without
594 3782 117 18 assistance.
738 3780 26 19 In
780 3780 63 23 truth,
861 3779 12 19 I
883 3779 40 19 had

493 3816 25 12 r,o
528 3815 69 19 power
608 3814 48 12 over
662 3806 79 25 myself,
753 3806 40 18 and
803 3812 63 12 could
885 3811 39 13 not

493 3841 57 13 move
558 3841 14 12 a
583 3839 56 14 vaud
649 3838 95 13 without
753 3837 60 14 help.

549 3860 12 19 I
574 3859 89 20 suffered
682 3864 22 12 so
722 3857 59 19 much
800 3857 48 19 with
867 3863 57 12 mere

492 3893 50 13 pain
551 3886 46 19 that
606 3885 10 19 1
627 3883 59 20 could
702 3886 35 16 not
747 3883 27 19 lie
791 3883 21 19 in
823 3883 44 22 bed,
884 3883 39 18 and

493 3919 38 13 FOB
550 3918 55 13 OVER
623 3915 85 14 TWELVE
725 3915 83 13 MONTHS
826 3908 11 19 I
855 3914 69 13 NEVER

493 3944 43 14 HAD
544 3944 32 13 MY
585 3942 88 14 CLOTHES
686 3941 42 13 OFF.

541 3964 83 22 During
633 3963 15 17 tl
657 3962 18 18 is
684 3961 48 18 time
742 3960 11 19 I
772 3966 41 13 was
829 3960 94 19 attended

493 3991 39 24 day
543 3990 39 19 and
593 3988 66 24 night,
670 3987 62 24 being
743 3986 88 25 literally
849 3986 75 19 unable

492 4020 21 15 to
558 4015 103 24 anything
670 4012 21 20 of
701 4013 123 21 importance
833 4012 32 19 for
881 4019 29 17 my-

493 4042 44 19 self.
565 4041 35 19 All
614 4040 35 18 the
664 4038 56 25 sleep
729 4038 11 18 I
755 4040 36 23 got
806 4045 41 12 was
863 4038 60 19 taken

493 4069 20 17 in
534 4073 52 19 naps
602 4066 40 18 and
660 4064 93 19 snatches
775 4064 60 19 while
856 4064 12 19 I
883 4071 41 12 was

493 4092 103 20 bolstered
608 4098 27 18 up
649 4092 21 18 in
680 4097 35 18 my
730 4090 60 19 usual
805 4090 56 26 place
870 4090 22 19 in
898 4097 25 12 an

944 96 48 18 easy
1003 89 61 19 chair.
1092 90 72 19 Under
1173 90 35 18 the
1218 89 83 19 terrible
1312 90 62 18 strain

944 116 21 18 of
974 116 35 18 the
1019 115 48 26 pain
1077 115 40 19 and
1124 115 40 19 loss
1173 115 21 19 of
1204 122 73 18 proper
1287 117 42 17 rest
1343 122 33 17 my

943 147 72 13 nerves
1030 141 62 19 broke
1104 141 58 19 down
1179 147 21 12 so
1219 141 45 18 that
1280 147 40 17 any
1339 146 26 13 un-

943 173 92 13 common
1054 169 59 16 event
1122 167 21 19 in
1160 167 35 17 the
1205 167 64 17 house
1279 173 23 11 or
1321 166 55 18 noise

944 198 41 12 was
997 199 55 13 more
1072 194 50 17 than
1141 193 10 18 I
1172 192 60 19 could
1251 192 55 18 bear.
1341 192 34 24 My

943 217 59 19 heart
1012 224 40 12 was
1061 224 49 19 very
1120 218 47 20 bad,
1179 218 41 18 and
1231 217 98 25 thumped
1339 224 25 12 un-

943 243 24 18 til
977 243 12 20 I
998 244 58 19 could
1068 244 86 24 scarcely
1174 247 47 21 atay
1232 243 20 18 in
1269 243 34 18 the
1320 243 57 19 chair

943 269 41 18 and
995 270 75 19 endure
1079 270 22 18 it.

994 295 43 19 The
1047 296 68 18 doctor
1124 295 43 19 who
1178 295 40 19 had
1228 294 75 24 charge
1311 294 21 19 of
1343 301 33 18 my

943 326 46 13 case
1009 320 45 19 said
1063 328 33 17 my
1114 321 102 18 condition
1234 326 41 12 was
1294 320 82 19 critical.

943 345 34 19 He
987 346 44 19 said
1041 346 44 19 that
1096 353 32 18 my
1139 347 61 24 lungs
1211 347 39 18 and
1259 346 52 17 liver
1325 353 52 11 wore

944 371 61 25 badly
1014 372 92 22 affected,
1116 372 39 19 and
1165 373 44 18 that
1216 372 10 18 I
1237 371 41 19 had
1285 371 92 25 Bright,s

943 397 79 19 disease
1047 398 21 18 of
1092 398 35 18 the
1148 398 93 25 kidneys.
1270 397 47 19 Mill
1345 397 31 19 his

943 423 109 18 medicines
1060 423 36 19 did
1114 430 32 12 me
1156 430 26 12 no
1195 423 59 25 good,
1266 423 40 18 and
1325 423 52 18 after

943 448 108 25 attending
1067 456 31 12 me
1111 452 34 16 ten
1155 450 81 18 months
1252 449 26 19 he
1289 448 44 20 said
1351 448 25 19 he

943 473 60 19 could
1010 473 25 19 do
1046 480 27 12 no
1082 480 55 13 more
1146 475 32 19 for
1191 482 39 12 me.

993 499 11 19 I
1017 499 49 19 then
1080 503 36 21 got
1125 507 12 13 a
1155 500 70 20 doctor
1237 501 52 19 from
1303 499 73 19 Bolton

943 527 21 16 to
974 531 33 12 see
1017 531 37 17 me,
1064 525 40 19 and
1111 525 26 19 he
1146 526 49 19 held
1204 530 36 16 out
1252 527 35 19 but
1297 525 80 19 slender

943 551 64 24 hopes
1016 551 21 18 of
1045 557 33 18 my
1084 557 47 13 ever
1148 552 81 25 getting
1244 558 41 18 any
1303 551 72 19 better.

943 576 11 18 I
968 576 88 24 thought
1075 576 35 19 the
1125 584 61 18 same,
1195 578 40 19 and
1260 584 22 13 so
1297 577 35 19 did
1350 577 26 18 all

942 602 46 19 who
998 608 40 12 saw
1049 608 37 13 me.

1028 627 90 25 October,
1140 630 56 22 1893,
1216 637 35 17 my
1266 629 108 25 daughter,

943 652 43 19 Mrs
1002 653 117 22 Dickinson,
1141 655 21 18 of
1179 656 80 22 Bolton,
1285 655 43 19 told
1345 661 31 13 me

943 678 45 19 how
996 679 36 18 she
1043 678 40 19 had
1091 679 50 20 been
1152 680 102 20 benefited
1263 681 28 24 by
1303 680 73 25 taking

943 704 82 20 Mothor
1038 704 86 25 Seiglo's
1135 706 96 20 Curative
1248 707 73 25 Syrup,
1336 706 40 19 and

943 731 89 24 thought
1040 731 17 18 it
1064 731 66 25 might
1139 732 92 25 possibly
1241 732 48 25 help
1299 739 38 12 me.
1365 732 11 19 I

943 757 40 18 had
999 756 58 19 small
1066 757 59 23 faith,
1148 757 37 20 but
1200 758 58 20 there
1274 758 59 20 could
1351 758 26 19 be

943 788 26 12 no
984 782 58 18 harm
1061 783 21 18 in
1098 784 75 24 trying.
1203 784 27 19 So
1247 791 29 12 we
1297 787 44 16 sent
1355 786 22 18 at

942 814 49 12 once
1000 811 20 15 to
1032 809 33 18 Mr
1075 807 59 24 Pare',
1143 809 34 19 the
1188 809 92 22 chemUt.
1291 811 21 18 in
1322 810 54 18 Ford

942 833 65 23 Road,
1025 834 81 24 Bolton,
1126 835 32 19 for
1177 836 82 25 enough
1270 839 21 15 to
1306 836 70 18 decide

943 859 91 19 whether
1044 860 15 18 it
1071 860 67 19 would
1147 861 26 19 do
1182 867 32 13 me
1224 861 53 26 good
1292 868 23 12 or
1333 866 42 14 not.

942 885 60 19 After
1011 885 73 26 taking
1092 886 16 19 it
1117 892 12 13 a
1141 887 56 19 short
1206 887 49 19 time
1265 887 11 19 I
1286 888 38 18 felt
1331 887 34 19 bet-

942 915 37 15 ter.
1007 911 11 19 I
1035 911 59 20 could
1110 912 55 26 sleep
1183 912 73 24 better,
1277 913 40 19 and
1335 913 41 19 had

942 944 55 12 some
1014 938 91 24 appetite
1120 938 31 19 for
1165 939 54 23 food,
1237 939 40 19 and
1297 939 53 19 what
1365 939 11 19 I

942 969 33 12 ate
986 965 75 23 agreed
1078 964 47 19 with
1137 971 38 12 me.
1203 965 49 19 This
1262 972 41 12 was
1313 965 51 25 hope-

942 989 30 18 ful
983 989 40 18 and
1031 990 96 25 cheering
1137 990 80 19 indeed.

991 1015 12 18 I
1013 1015 49 25 kept
1071 1022 26 12 on
1108 1016 49 19 with
1167 1017 34 18 the
1209 1017 35 18 the
1259 1017 67 25 Syrup
1337 1017 39 18 and

941 1041 16 18 it
972 1041 58 18 acted
1049 1042 134 25 wonderfully
1198 1043 49 18 with
1267 1049 38 13 me.
1333 1043 43 18 The

943 1070 61 15 worst
1012 1070 112 22 Bymptoms
1132 1068 82 24 abated,
1229 1069 41 19 and
1275 1068 12 19 I
1302 1068 74 24 gained

941 1090 100 27 strength.
1069 1094 53 19 Soon
1135 1094 28 19 all
1174 1095 35 18 the
1226 1098 63 15 water
1303 1095 22 18 in
1343 1101 34 18 my

941 1118 43 25 legs
992 1118 72 26 passed
1080 1120 33 23 off,
1134 1120 41 19 and
1193 1120 35 19 the
1244 1120 133 19 rheumatism

941 1145 95 19 troubled
1054 1152 32 12 me
1106 1146 37 19 but
1161 1146 59 19 little.
1254 1146 47 19 Still
1316 1146 61 25 using

941 1171 36 18 tho
986 1171 73 25 Syrup,
1070 1178 34 19 my
1113 1172 103 19 condition
1229 1172 109 19 continued
1356 1174 21 17 to

941 1197 92 24 improve
1042 1198 19 18 in
1072 1204 60 19 every
1142 1200 84 23 respect,
1238 1199 53 18 until
1302 1199 11 18 I
1328 1205 49 12 once

941 1229 55 12 more
1006 1223 57 19 stood
1073 1230 26 12 on
1117 1230 34 19 my
1170 1225 48 22 feet,
1230 1224 41 19 and
1281 1224 38 19 felt
1335 1224 42 19 like

941 1255 12 12 a
973 1255 47 13 man
1038 1250 22 18 of
1076 1249 41 20 this
1144 1249 68 19 world.
1240 1250 12 19 I
1269 1256 39 13 can
1332 1256 45 13 now

941 1280 60 14 walk
1019 1281 39 13 Foil
1075 1282 61 12 miles
1156 1276 40 18 and
1213 1276 52 18 have
1280 1283 26 12 no
1321 1277 55 24 pain.

941 1301 34 18 All
994 1308 34 18 my
1040 1301 77 19 friends
1131 1302 60 18 think
1207 1308 23 12 as
1249 1302 10 18 I
1278 1301 99 21 do—that

942 1327 65 19 under
1023 1328 34 18 the
1071 1328 154 20 circumstances
1235 1334 33 19 my
1283 1334 94 19 recovery

941 1360 40 12 was
991 1354 86 24 nothing
1087 1354 56 18 short
1152 1354 21 18 of
1180 1354 120 19 marvelous.
1329 1353 47 21 You

941 1386 34 13 are
993 1383 21 16 at
1024 1379 74 25 liberty
1118 1383 19 16 to
1156 1380 82 24 publish
1256 1380 40 19 this
1315 1383 52 16 state-

941 1409 61 19 ment,
1014 1406 40 19 and
1064 1407 53 18 refer
1126 1413 39 17 any
1174 1406 111 19 interested
1294 1413 83 18 persons

941 1435 21 16 to
990 1439 37 12 me.
1057 1432 94 24 (Signed)
1178 1432 70 24 Henry
1277 1432 97 22 .Jackson,

942 1458 77 19 Pewett
1039 1458 45 19 Hill
1102 1458 67 23 Farm,
1196 1457 105 25 Culcheth,
1328 1465 49 12 near

943 1484 139 25 Warrington,
1091 1484 85 19 Octobor
1185 1484 41 21 9th,

968 1510 33 19 No
1012 1510 63 19 words
1094 1511 21 18 of
1129 1517 46 12 ours
1192 1517 36 12 can
1248 1510 41 19 add
1305 1513 21 16 to
1342 1510 35 19 the

941 1536 121 24 convincing
1087 1536 52 19 force
1158 1538 21 16 of
1206 1535 32 20 Mr
1265 1536 109 19 Jackson's

941 1562 57 26 plain
1029 1565 113 16 statement.
1171 1562 40 19 His
1233 1562 79 19 disease
1336 1569 41 12 was

941 1588 111 25 originally
1086 1588 39 19 and
1157 1588 97 25 radically
1287 1588 21 19 of
1343 1588 34 19 the

941 1615 109 24 digestion.
1086 1614 43 19 The
1153 1614 67 19 attack
1246 1621 40 12 wis
1310 1614 66 25 sharp

942 1641 39 19 and
990 1640 107 25 profound,
1108 1640 39 19 and
1158 1640 110 25 developed
1281 1640 41 19 into
1342 1640 34 19 the

942 1667 100 24 resulting
1058 1667 111 18 conditions
1185 1667 25 18 he
1226 1673 21 11 so
1265 1667 44 18 well
1327 1666 36 18 des-

941 1693 72 19 cribes.
1031 1693 33 18 He
1072 1700 45 17 may
1129 1696 33 14 not
1171 1693 52 18 have
1234 1693 39 18 had
1286 1692 91 25 liright's

941 1719 85 22 disease,
1038 1720 35 17 but
1083 1719 44 18 that
1137 1718 25 19 he
1174 1725 41 12 was
1228 1719 84 24 directly
1330 1724 35 19 pro-

942 1745 93 24 gressing
1053 1745 86 19 towards
1149 1745 44 19 that
1218 1745 51 18 fatal
1297 1752 18 11 in
1330 1744 46 25 lidy

942 1771 57 19 there
1023 1771 17 19 is
1059 1778 26 11 no
1113 1770 70 19 doubt.
1211 1770 43 19 The
1277 1771 59 18 effect
1355 1771 21 17 of

942 1797 82 19 Mother
1043 1797 85 24 Seigel's
1156 1797 67 24 Syrup
1238 1797 21 18 in
1275 1797 31 18 hi«
1330 1802 46 13 case

941 1823 48 24 only
1002 1830 66 12 serves
1086 1826 20 15 to
1126 1822 55 19 show
1200 1823 69 18 afresh
1288 1823 25 18 its
1331 1828 45 13 rare

941 1850 39 18 and
1002 1849 127 19 remarkable
1148 1855 73 19 power.
1251 1848 92 25 Scarcely
1360 1848 16 19 is

942 1882 21 12 so
974 1879 57 21 great
1052 1882 12 12 a
1081 1875 76 24 victory
1175 1877 21 16 to
1216 1875 24 19 be
1256 1874 71 19 looked
1345 1874 31 19 for

941 1903 52 18 from
1004 1908 39 17 any
1051 1902 103 18 medicine.
1180 1900 41 20 Yet
1232 1901 34 19 the
1277 1901 50 18 facts
1342 1907 34 12 are

943 1927 129 19 undeniable.
1101 1927 38 18 Wo
1172 1929 141 23 congratulate
1344 1926 33 19 Mr

941 1954 89 19 Jackson
1040 1960 26 12 on
1072 1953 33 19 his
1115 1959 70 19 escape
1201 1954 51 18 from
1270 1959 12 12 a
1299 1953 77 24 danger

942 1980 66 19 which
1019 1986 40 12 was
1076 1980 60 17 much
1154 1985 54 13 more
1228 1980 77 18 serious
1323 1979 49 18 than

942 2013 49 12 even
1002 2007 25 17 he
1049 2006 98 23 probably
1158 2006 110 23 imagined.

1214 27 59 19 THE
1300 26 59 20 HOT
1385 26 92 20 LAKES
1505 27 172 24 CHRONICLE,
1704 27 190 23 WEDNESDAY,
1922 29 113 20 AUGUST
2063 32 18 20 5,
2099 32 49 17 1896

965 2068 68 19 Music,
1045 2068 66 19 Music,
1118 2068 61 17 Music
1187 2068 46 19 :—A
1242 2068 64 17 choico
1319 2068 48 17 selec-

942 2092 40 20 tion
991 2092 21 17 of
1026 2092 32 16 the
1073 2091 56 17 latest
1143 2097 62 16 songs,
1220 2092 26 21 by
1262 2091 46 18 such
1325 2097 39 11 com-

942 2121 63 17 posers
1028 2120 21 11 as
1068 2114 79 19 Piusuti,
1167 2114 92 18 Berthold
1273 2115 65 19 Tours,
1355 2114 21 17 C.

942 2138 89 22 Godfrey,
1043 2137 89 21 Sherwin,
1143 2138 64 17 Bunks
1216 2138 78 17 Winter.
1310 2138 66 20 Henry

943 2162 64 19 Klein,
1017 2160 89 18 Juncker,
1115 2160 107 22 Caraccioli,
1233 2161 89 19 Bruham,
1330 2160 46 18 Ivan

942 2184 70 22 Caryll,
1022 2183 73 22 Angela
1108 2183 115 21 Rawlinson,
1233 2184 66 21 Gatty,
1313 2183 63 21 Birch,

942 2208 86 18 Barnett,
1046 2207 114 18 Desommes,
1180 2207 111 19 Offenbach,
1309 2207 26 16 &c
1345 2207 31 16 &c.

942 2231 46 16 Also
996 2229 87 22 Waltzes,
1094 2230 91 18 Marches,
1196 2230 97 19 Gavottes,
1310 2230 55 17 Seren-

943 2254 49 19 ades,
1012 2252 105 21 Rondeaus,
1129 2252 36 17 and
1184 2253 101 17 Overtures
1299 2253 30 17 for
1345 2252 31 18 the

942 2277 110 17 Pianoforte
1059 2276 26 22 by
1094 2275 77 24 Gung'l,
1183 2275 97 22 D'Albert,
1296 2275 80 22 Rossini,

943 2300 84 22 Stephen
1055 2299 74 20 Glover,
1155 2299 77 21 Ketten,
1262 2299 114 19 Beethoven,

943 2322 89 21 Lardelli,
1051 2322 120 18 Heunerbein
1198 2322 92 17 Harrison
1308 2322 62 17 White

944 2346 111 19 Pechotseh,
1066 2345 76 19 Bonsor.
1153 2346 26 16 &c
1188 2346 31 21 &c,
1246 2346 77 16 Francis
1340 2345 36 17 and

943 2370 52 22 Days
1016 2369 42 17 11th
1077 2368 63 18 Comic
1155 2369 80 19 Annual,
1254 2368 62 18 words
1340 2368 36 17 and

943 2393 60 16 music
1018 2393 19 16 at
1047 2392 117 17 Chronicle
1173 2391 74 18 Office.*

944 2466 43 43 IF
1001 2465 60 19 YOU
1082 2465 56 19 ABE
1160 2465 64 18 .SIOIC
1242 2465 20 19 in
1275 2472 40 18 any
1332 2472 44 18 way

997 2491 102 20 whatever
1114 2491 48 18 semi
1180 2497 10 13 n
1207 2491 92 26 stamped
1316 2498 48 13 enve-

944 2518 44 25 lope
998 2521 21 16 to
1028 2524 38 12 our
1076 2517 88 25 Agency,
1176 2516 137 26 Wellington;
1324 2521 52 15 state

944 2545 34 18 the
988 2550 44 13 easo
1043 2550 21 12 as
1080 2543 99 25 minutely
1186 2549 23 13 as
1228 2542 88 27 possible
1336 2544 40 18 and

944 2577 39 18 you
999 2570 77 18 receive
1095 2568 68 20 advice
1183 2568 26 26 by
1235 2573 68 15 return
1324 2575 51 19 po.-t.

944 2598 41 17 Our
995 2600 73 20 agents
1082 2601 33 12 are
1127 2594 26 19 all
1164 2601 26 18 qu
1206 2594 60 20 lifted.
1303 2596 19 17 If
1336 2602 40 18 you

944 2622 78 19 enclose
1032 2623 22 16 2s
1071 2621 25 18 6d
1113 2627 28 12 we
1160 2621 38 18 will
1216 2622 49 17 send
1282 2628 38 16 you
1340 2628 37 12 our

944 2648 44 19 best
997 2647 82 24 remedy
1089 2647 32 18 for
1130 2647 35 18 the
1179 2653 45 12 case
1244 2647 77 26 lasting
1336 2654 40 17 you

944 2678 39 15 two
1005 2673 73 19 weeks.
1116 2673 44 18 You
1179 2679 48 13 save
1246 2680 72 18 money
1337 2674 40 18 mid

944 2699 84 20 doctors'
1040 2699 52 19 bills.
1120 2699 47 19 You
1177 2700 77 18 receive
1271 2699 70 19 advice
1351 2706 25 12 on

944 2726 26 18 all
981 2726 73 24 points,
1066 2725 39 19 and
1116 2725 34 19 the
1160 2729 70 20 purest
1241 2725 21 18 of
1278 2725 99 19 remedies

944 2758 50 15 sent,
1003 2755 21 15 at
1033 2758 24 12 no
1064 2755 58 15 extra
1129 2754 41 16 cost
1181 2751 49 19 than
1238 2751 16 19 if
1263 2751 113 25 personally

944 2777 84 26 bought,
1038 2777 25 24 by
1074 2777 62 25 doing
1141 2782 52 20 your
1197 2777 92 19 business
1297 2777 47 19 with
1355 2784 23 12 us

944 2803 25 25 by
980 2806 51 22 post.
1061 2803 83 19 Consult
1159 2806 18 16 »t
1188 2810 54 12 once.
1277 2803 100 19 Ailments

944 2829 65 19 which
1019 2834 41 18 are,
1071 2832 21 16 at
1099 2829 35 19 the
1143 2829 48 19 time
1209 2828 88 27 thought
1313 2832 21 16 to
1353 2829 25 19 be

944 2856 58 24 light,
1014 2862 33 12 are
1057 2857 54 17 often
1123 2855 34 19 the
1169 2855 111 25 beginning
1291 2855 21 19 of
1328 2855 50 19 seri*

944 2888 35 12 ous
990 2887 153 19 consequences,
1155 2881 65 19 which
1241 2881 16 18 if
1275 2880 61 20 taken
1357 2881 20 18 in

944 2907 47 19 time
1002 2914 33 12 are
1045 2906 87 20 checked
1143 2906 39 20 and
1192 2907 67 19 cured.

944 2945 167 20 GKEATFORD
1127 2945 160 20 BOTANICAL
1307 2945 69 24 COY.,

1049 2971 148 22 Wellington,
1209 2972 39 18 and
1259 2975 21 16 at

967 2998 82 22 Sydney,
1059 2998 117 17 Melbourne,
1186 2997 51 23 Cape
1242 2998 65 17 Town,
1318 2997 37 17 and

1066 3020 85 20 Lincoln,
1164 3020 96 22 England.

948 3076 216 45 Rotorua
1206 3075 170 45 Tours.

946 3156 187 45 IJASSENGERS
1143 3158 19 16 to
1172 3157 84 18 Rotorua
1265 3163 31 11 are
1303 3156 77 19 advised

1009 3181 43 17 that
1061 3186 11 10 a
1085 3181 76 21 regular
1172 3181 51 21 daily
1237 3180 57 18 coach
1311 3181 69 17 servico

946 3205 84 17 between
1039 3202 90 19 Okoroire
1138 3203 38 17 and
1185 3203 86 18 liotoruu
1286 3203 38 18 and
1339 3203 42 18 vice

946 3233 51 12 versa
1006 3228 16 16 is
1030 3233 43 10 now
1082 3226 89 23 running.

968 3250 39 18 The
1016 3249 116 23 advantages
1138 3255 11 12 o
1164 3249 38 17 this
1207 3251 54 15 route
1267 3256 31 10 are
1303 3255 65 11 numer-

946 3280 39 14 ous,
995 3280 11 10 a
1015 3272 104 18 somewhat
1131 3272 73 17 tedious
1213 3273 78 22 railway
1299 3271 82 25 journey

946 3297 14 17 is
969 3296 77 18 broken,
1056 3296 37 16 and
1104 3295 30 18 the
1150 3298 55 15 route
1221 3296 92 17 traverses
1329 3301 51 12 some

946 3320 19 17 of
983 3319 33 17 the
1033 3318 85 18 loveliest
1133 3318 52 18 Bush
1203 3318 80 23 Scenery
1299 3318 21 18 in
1333 3319 47 17 New

946 3342 88 18 Zealand.

985 3372 105 23 PARES,
1106 3373 41 18 10s
1156 3372 83 19 EACH
1252 3372 83 19 WAT.

946 3401 91 23 Special
1054 3400 166 23 Conveyances
1237 3405 44 14 ceti
1300 3400 29 19 be
1346 3405 24 14 ar-

1092 3424 88 23 ranged
1188 3423 42 19 for.

946 3471 77 19 Leave
1047 3469 111 19 Okoroire
1167 3470 36 18 for
1216 3469 105 19 Rotorua
1334 3469 46 19 and

1016 3493 219 18 Whakarewarewa
1265 3492 63 24 daily
1355 3494 26 17 at

1019 3516 28 19 10
1056 3521 52 14 a.in.

947 3541 96 18 Leave—
1048 3539 104 18 Rotorua
1159 3539 47 17 and

1016 3567 63 14 rewa
1094 3563 36 17 tor
1143 3562 117 22 Okoroire,
1277 3562 62 24 daily
1356 3563 25 18 at

1018 3586 29 18 10
1056 3590 51 13 a.m.

969 3610 32 16 All
1021 3614 110 17 passengers
1152 3614 31 11 are
1199 3609 77 17 advised
1297 3610 20 16 to
1331 3609 50 17 avail

948 3633 110 17 themselves
1067 3632 20 17 of
1096 3632 36 17 this
1149 3632 62 17 Route
1225 3638 21 11 as
1261 3631 91 18 Okoroire
1366 3632 15 17 is

946 3662 35 11 one
997 3656 20 17 of
1028 3655 32 16 the
1069 3655 51 16 show
1129 3654 62 23 places
1209 3655 19 17 of
1244 3655 33 17 the
1293 3654 88 17 Thermal

946 3678 86 19 District,
1054 3677 37 17 and
1106 3683 24 11 no
1146 3677 44 17 visit
1204 3683 21 12 to
1241 3678 32 17 the
1288 3677 61 17 Lakes
1366 3678 15 16 is

947 3702 92 21 complete
1048 3701 81 16 without
1134 3701 25 17 its
1163 3701 100 17 inclusion.

970 3723 74 24 Special
1052 3723 94 17 attention
1157 3723 16 17 is
1186 3723 60 18 called
1259 3725 20 15 to
1293 3723 33 17 the
1343 3723 38 18 fact

946 3748 44 17 that
998 3753 11 11 a
1017 3747 58 17 coach
1084 3746 60 17 leaves
1157 3746 85 18 liotorua
1251 3747 38 17 and
1299 3746 68 17 Whaka-

946 3775 100 14 rewarewa
1056 3775 23 12 on
1089 3769 76 22 Sunday
1174 3770 20 16 at
1204 3770 21 16 10
1233 3776 45 10 a.m.

946 3837 73 19 THOS.
1033 3836 68 18 COOK
1119 3837 15 16 &
1153 3837 54 19 SON,
1225 3836 101 18 Auckland
1343 3836 38 17 and

1117 3859 91 18 Rotorua.

981 3918 162 18 Government
1161 3917 50 17 Life
1232 3917 143 17 Insurance.

994 3953 48 14 LOW
1263 3950 99 15 BONUSES.

982 3981 34 14 The
1023 3979 110 14 Watchwords
1139 3980 17 13 of
1161 3980 29 13 the
1196 3980 50 13 Office
1252 3983 45 10 are—

1089 4015 67 13 MOmy
1165 4012 20 13 In
1196 4012 140 16 Management.

1098 4028 76 14 STATE
1192 4028 127 14 SECURITY.

983 4049 115 15 Accumulated
1108 4049 54 13 Fuuda
1173 4048 59 13 exceed
1242 4049 16 12 2V
1267 4048 70 13 Millions
1347 4048 29 15 atg.

1122 4078 15 12 J.
1146 4069 164 23 IiTItICHAIIDSON.

1400 505 206 40 SOMETHING
1638 504 45 40 TO
1717 504 115 40 READ!

1402 668 242 56 Supplied
1666 667 130 56 Regu-

1476 813 130 55 larly
1627 813 129 44 from

1477 1135 278 36 OFFICe.

1450 1236 195 32 Canterbury
1676 1235 108 30 Times,

1445 1283 221 26 Christenurch
1696 1282 94 31 Press,

1459 1335 72 26 New
1543 1334 137 26 Zealand
1703 1333 75 30 Mail,

1492 1390 112 32 Family
1619 1389 126 30 Reader,

1418 1437 105 32 Young
1546 1436 117 26 Ladies'
1684 1436 134 30 Journal,

1469 1484 90 26 Black
1584 1483 62 26 and
1662 1483 106 29 White,

1402 1534 171 25 Illustrated
1597 1533 125 24 London
1740 1532 95 30 News,

1400 1583 63 25 The
1482 1583 118 30 Album,
1634 1582 64 25 The
1712 1582 122 29 Sketch,

1479 1634 121 31 Sydney
1621 1631 134 30 Bulletin,

1651 1677 74 31 Mail,

1455 1726 90 26 Town
1558 1726 62 26 and
1636 1725 142 32 Country,

1508 1771 219 30 Australasian,

1555 1819 134 29 Referee,

1401 1869 230 33 Cosmopolitan
1668 1867 166 32 Magazine,

1500 1918 113 26 Strand
1721 1937 13 10 „

1479 1965 141 26 Windsor
1722 1984 12 10 „

1480 2011 139 32 Ludgate

1454 2058 118 25 Review
1593 2057 33 26 of
1645 2057 138 29 Reviews,

1466 2109 127 26 Woman
1613 2111 33 23 at
1663 2108 104 30 Home,

1400 2159 149 25 Weldon's
1562 2158 129 26 Fashion
1708 2158 124 26 Journal

1433 2208 128 25 Schild's
1578 2207 128 25 Fashion

1446 2257 181 31 Something
1648 2258 34 23 to
1698 2256 91 31 Read,

1400 2307 183 33 Snapshots,
1606 2306 147 31 Answers,
1774 2305 44 27 Tit-

1480 2358 66 29 bits,
1560 2357 125 31 Scraps,
1706 2356 51 25 &c.

1400 2407 64 25 And
1480 2406 35 26 all
1534 2406 98 26 Home
1649 2406 60 25 and
1725 2405 90 26 Colon-

1418 2456 34 26 ial
1470 2457 112 31 Papers
1596 2456 24 25 &
1633 2455 182 32 Magazines.

1564 2626 103 23 TH9

1402 2706 246 42 MASTERPIECE
1667 2706 163 41 LIBRARY,

1401 2810 142 32 Popular
1555 2809 130 31 Novels,

1435 2895 63 26 The
1512 2895 116 32 Penny
1641 2894 106 31 Poets,

1468 2985 108 25 Books
1588 2984 51 26 for
1644 2984 54 26 the
1709 2984 125 26 Bairns,

1403 3154 204 47 jNewnes'
1639 3155 195 46 Famous

1543 3240 162 47 Books.

1442 3434 164 41 BROADER
1644 3434 153 41 BRITAIN.

1404 3533 30 26 A
1463 3533 176 26 Collection
1663 3532 36 26 of
1721 3532 96 26 Photo-

1470 3602 132 31 graphic
1618 3600 110 27 Views
1740 3600 35 26 of

1519 3669 54 25 the
1595 3668 122 27 World.

1952 2459 82 26 THE
2053 2457 138 26 MAILS.

1888 2526 147 21 ROTORUA
2048 2525 74 19 POST
2141 2523 117 20 OFFICE.

1926 2577 69 19 Mails
2004 2576 61 18 close
2075 2580 26 13 as
2110 2573 74 19 under
2193 2579 28 13 :

2028 2605 98 17 Monday.

1857 2639 46 18 For
1912 2638 122 21 Tauranga
2043 2636 25 18 at
2077 2634 54 19 6.30
2139 2639 52 13 a.rn.

1880 2676 11 8 „
1917 2659 125 20 Auckland
2065 2658 46 19 and
2128 2656 163 20 intermediate

1916 2684 83 21 offices,
2010 2682 55 20 7.30
2074 2686 51 14 a.m.

2024 2714 101 17 Tuesday.

1857 2748 45 18 For
1919 2745 125 21 Auckland
2062 2744 45 19 and
2128 2742 163 20 intermediate

1919 2770 84 21 offices,
2012 2768 54 19 7.30
2074 2772 52 14 a.m.

1880 2809 11 8 „
1918 2791 169 21 Rotomaßoad
2093 2791 78 22 Camp,
2178 2789 55 19 9.30
2238 2793 52 14 a.m.

1880 2832 11 9 „
1919 2817 96 18 Galatea
2024 2815 47 18 and
2084 2813 135 23 Waiotapu,
2238 2811 55 20 7.30

1919 2845 54 18 p.m.

1918 2864 86 22 Taupo,
2022 2859 122 22 Atiamuri,
2164 2858 127 21 Wairakei,

1919 2886 47 19 and
1976 2885 91 23 Napier,
2078 2883 54 19 7.30
2143 2888 54 17 p.m.

2003 2918 140 16 Wednesday.

1857 2951 46 19 For
1913 2948 126 21 Auckland
2060 2947 47 19 and
2129 2944 163 21 intermediate

1921 2973 84 21 offices,
2016 2971 55 19 7.30
2079 2975 52 14 a.m.

2013 3001 120 16 Thursday.

1857 3035 46 18 For
1919 3031 125 21 Auckland
2061 3030 46 19 and
2130 3028 163 20 intermediate

1920 3057 84 21 offices,
2015 3055 54 19 7.30
2078 3059 52 13 a.m.

1918 3079 97 22 Matata,
2031 3076 154 24 Pongakawa,
2205 3075 86 21 Obiwa,

1920 3103 157 19 Whakatane,
2085 3099 101 24 Opotiki,
2194 3097 99 21 Maketu

1919 3126 47 19 and
1975 3125 111 21 Te.Puke,
2097 3123 54 19 7.30
2159 3127 54 19 p.m.

2032 3156 87 18 Fbtday.

1858 3191 46 17 For
1913 3190 128 21 Tauranga,
2051 3186 55 19 6.30
2114 3191 52 13 a.m.

1919 3211 124 20 Auckland
2065 3210 46 18 and
2131 3207 163 20 intermediate

1921 3236 83 21 offices,
2015 3234 54 19 7.30
2078 3238 51 13 a.m.

1882 3274 11 9 ~
1920 3260 85 21 Taupo,
2025 3255 124 22 Atiamuri,
2167 3255 46 18 and
2231 3253 48 18 Wai-

1921 3281 71 23 rakei,
2003 3281 54 19 7.30
2065 3285 54 17 p.m.

2004 3312 2 20 ,
2017 3312 117 18 Saturday.

1859 3347 46 18 For
1919 3345 97 21 Matata,
2031 3342 155 23 Pongakawa,
2206 3339 87 22 Ohiwa,

1921 3368 157 19 Whakatane,
2086 3364 101 24 Opotiki,
2195 3363 100 18 Maketu

1921 3392 47 18 and
1977 3391 30 18 Te
2017 3390 71 20 Puke,
2098 3388 54 19 7.30
2161 3392 53 18 p.m.

1860 3453 51 18 THE
1924 3450 116 19 ENGLISH
2052 3448 68 18 MAIL
2134 3452 36 12 via
2189 3443 103 21 'FRISCO.

1883 3506 80 18 Closes
1974 3504 109 19 Rotorua,
2092 3500 92 23 Friday,
2198 3499 61 22 Aug.
2272 3497 20 22 7,

1860 3530 25 17 at
1894 3528 55 19 7.30
1957 3532 59 17 a.m.,
2027 3526 45 18 due
2087 3524 25 18 in
2121 3523 98 19 London
2229 3521 63 23 Sept.

1860 3553 49 17 9th.

1891 3613 63 18 POST
1966 3610 93 19 OFFICE
2073 3607 188 20 REGULATIONS.

1883 3662 47 19 The
1940 3660 71 20 Office
2020 3659 19 18 is
2049 3663 60 18 open
2118 3657 35 18 for
2162 3656 40 18 the
2213 3655 48 18 sale
2271 3654 25 18 of

1860 3687 97 20 stamps,
1968 3683 102 21 delivery
2084 3680 46 19 and
2144 3678 151 24 registration

1860 3709 27 18 of
1892 3709 89 19 letters,
1991 3705 88 22 receipt
2093 3704 26 17 of
2130 3702 97 24 parcels,
2245 3701 47 21 &c,

1860 3732 61 18 from
1929 3732 16 17 9
1954 3735 51 14 a.m.
2015 3729 26 17 to
2050 3728 15 18 5
2074 3732 54 18 p.m.

1884 3755 46 18 For
1938 3754 94 21 'money
2049 3750 67 18 order
2132 3748 47 19 and
2198 3751 96 19 savings

1860 3777 63 19 bank
1936 3775 114 21 business,
2066 3774 15 17 9
2095 3777 52 14 a.m.
2165 3772 25 17 to
2208 3771 14 18 4
2239 3775 54 18 p.m.

1861 3800 136 21 Saturdavs,
2007 3798 15 18 9
2031 3801 52 14 a.m.
2093 3796 25 18 to
2127 3795 15 18 5
2151 3800 54 17 p.m.

1884 3824 46 18 For
1938 3821 121 23 telegraph
2075 3818 114 20 business,
2204 3817 61 17 from
2279 3817 16 16 9

1860 3852 52 14 a.m.
1922 3847 25 17 to
1957 3845 14 18 5
1982 3848 53 19 p.m.

1884 3869 99 20 Letters,
1992 3866 75 19 books
2084 3864 46 18 and
2143 3864 90 22 parcels
2250 3866 44 14 can

1860 3893 28 18 be
1902 3889 127 25 registered
2044 3889 25 17 to
2084 3892 47 18 any
2147 3887 53 22 part
2213 3885 27 18 of
2253 3885 41 18 the

1860 3915 74 19 world
1943 3919 30 13 on
1982 3911 112 24 payment
2103 3914 23 14 ot
2143 3914 14 13 a
2170 3909 36 18 fee
2223 3908 27 18 of
2264 3908 31 18 3d

1860 3939 24 18 in
1891 3937 105 19 addition
2002 3935 25 18 to
2030 3934 41 19 the
2077 3932 108 22 ordinary
2188 3932 105 22 postage.

1884 3961 48 19 The
1941 3959 70 18 Office
2020 3957 48 18 will
2074 3960 94 19 re-open
2175 3960 31 13 on
2215 3954 67 19 Satur-

1862 3985 57 22 days
1929 3982 56 23 only
1992 3982 36 17 for
2041 3981 28 17 15
2083 3979 104 18 minutes
2201 3977 37 19 Cot
2254 3977 41 18 the

1861 4003 103 26 delivery
1977 4005 26 17 of
2015 4003 83 19 letters
2112 4001 59 19 after
2185 4000 41 19 the
2239 3999 55 19 mail

1861 4029 103 21 ii-riving
1972 4028 25 18 at
2006 4026 54 19 7.40
2068 4030 53 18 p.m.
2131 4024 21 18 is
2161 4022 85 19 sorted.

2008 4050 26 18 R.
2048 4047 28 20 d:
2093 4046 131 22 DANSEY,

2118 4069 152 19 Postmaster.

971 4183 101 39 Ask
1098 4182 71 38 for
1202 4175 264 43 Hancock's
1502 4169 275 46 Celebrated
1818 4163 189 43 XXXX
2034 4160 113 39 Ales
2175 4160 95 37 and
2295 4159 146 38 Stout.

2376 94 255 54 LAKES
2683 96 399 53 DISTRICT.

2090 174 91 18 Tourists
2191 174 40 19 and
2244 174 90 19 invalids
2344 176 84 23 visiting
2437 176 34 16 the
2484 176 136 19 Wonderland
2631 177 20 18 of
2662 176 50 18 New
2721 176 91 18 Zealand
2822 177 39 18 will
2869 178 40 18 find
2919 179 35 18 the

2043 214 434 76 GRAND
2569 216 429 85 HOTEL,

2334 304 394 63 ROTORUA,

1857 369 10 13 r
1951 370 51 16 most
2011 368 87 24 elegant,
2110 368 132 19 comfortable
2249 369 41 18 and
2300 369 43 18 best
2354 368 109 25 appointed
2472 369 155 18 establishment
2637 369 20 18 in
2677 369 51 19 New
2744 369 97 23 Zealand,
2859 370 16 18 it
2893 371 62 24 being
2970 373 73 21 replete
3060 374 124 20 throughout

1863 390 24 21 A
2325 394 48 18 with
2383 394 35 18 the
2428 397 51 15 most
2494 394 82 19 modern
2590 395 148 18 conveniences.

1881 419 59 18 THE
1952 418 92 19 HOTEL
2098 419 21 18 in
2138 419 35 19 the
2191 420 116 18 immediate
2322 419 168 25 neighbourhood
2509 420 21 18 of
2548 420 35 18 the
2601 420 71 22 Priest,
2692 420 83 22 Rachel,
2795 420 123 19 Postmaster
2940 423 39 18 and
2994 423 56 19 other
3065 425 61 19 baths
3150 426 34 18 tha

1855 445 90 18 curative
1955 444 111 25 properties
2076 445 21 18 of
2108 445 64 18 which
2188 451 34 12 are
2238 445 147 18 world-iamed.
2413 444 54 19 Bath
2478 445 67 18 chairs
2556 445 40 18 and
2606 445 116 18 attendants
2732 452 34 11 are
2777 446 95 24 provided
2883 451 20 14 to
2915 454 74 18 convey
3005 449 83 20 invalids
3105 453 21 18 to
3144 451 40 19 and

1856 471 51 18 from
1918 470 34 19 the
1962 470 80 19 various
2055 470 140 19 bath-houses.
2223 470 43 19 The
2277 470 105 19 bedrooms
2392 470 40 19 and
2450 470 87 24 retiring
2560 477 66 12 rooms
2645 477 34 12 arc
2698 471 58 18 fitted
2773 471 49 18 with
2850 473 73 24 special
2936 474 72 24 regard
3022 477 20 16 to
3055 476 33 18 the
3104 478 80 21 require

1856 500 66 14 ments
1931 495 21 19 of
1961 497 69 24 guests
2040 495 21 19 in
2071 496 69 18 search
2150 496 21 18 of
2180 496 92 18 renewed
2282 496 98 24 strength.

1881 521 44 19 The
1938 521 62 19 Baths
2009 523 22 16 at
2041 521 35 18 the
2083 521 130 19 Sanatorium
2225 522 51 18 have
2287 521 97 19 attracted
2394 528 60 17 many
2463 521 82 19 visitors
2565 522 21 18 of
2605 521 41 19 late
2666 521 69 26 years;
2761 526 94 21 amongst
2871 524 56 18 those
2940 524 42 19 who
2991 525 50 19 havo
3053 527 63 20 found
3127 528 57 19 relief

1856 547 32 18 bei
1898 547 35 18 the
1942 546 144 23 convalescent,
2097 552 93 17 nervous,
2200 547 119 21 rheumatic,
2330 547 40 17 and
2380 546 99 25 sleepless.

1882 572 91 19 Eotorua
1982 572 18 18 is
2009 571 35 19 the
2062 575 67 15 centre
2147 573 53 17 from
2218 572 65 18 which
2303 572 27 18 all
2350 572 68 24 points
2427 573 21 18 of
2457 573 85 18 interest
2552 573 21 18 in
2590 573 34 18 the
2634 572 94 19 Thermal
2738 573 86 25 Springs
2839 574 82 20 District
2937 582 46 19 may
2998 577 25 18 be
3038 578 81 19 reached
3145 580 39 19 and

1855 598 75 25 special
1940 597 94 19 facilities
2044 604 34 12 are
2087 597 97 24 provided
2193 598 32 18 for
2232 598 58 18 those
2298 597 21 18 in
2329 597 68 19 search
2407 598 21 18 of
2435 598 35 18 the
2480 598 102 18 beautiful
2594 598 40 18 and
2648 599 127 18 marvellous.

1949 628 180 18 MAGNIFICENT
2142 628 177 18 APARTMENTS.
2446 628 85 18 LOFTY
2544 629 145 17 BEDROOMS.
2806 631 113 18 PERFECT
2935 633 158 19 SANITATION.

2000 652 25 18 In
2036 651 56 19 short
2102 658 12 12 a
2124 657 124 13 fihst-class
2262 651 170 19 Establishment
2441 652 89 25 offering
2538 652 60 25 equul
2607 653 95 17 comforts
2707 654 24 17 .to
2742 653 34 18 the
2785 653 45 20 best
2844 655 63 19 hotels
2917 655 20 19 in
2947 656 84 25 Europe.

2096 702 86 23 Suites
2199 703 28 23 of
2238 702 168 29 Apartments
2417 703 66 22 with
2493 703 98 29 special
2604 703 155 23 attendance
2773 705 40 22 for
2828 705 128 24 Families-

1857 738 97 25 Spacious
1965 736 126 20 Promenade
2101 736 112 23 Balconies,
2223 736 59 25 Snug
2293 736 90 23 Alcoves,
2394 736 40 19 and
2450 737 127 24 luxuriously
2594 737 108 25 appointed
2712 738 104 26 Drawing,
2836 740 69 22 Music,
2922 740 147 26 Conversation,
3085 742 100 26 Reading,

2309 762 97 25 Smoking
2416 762 38 19 and
2466 762 86 20 Biiliard
2563 763 80 19 Rooms.
2672 763 70 19 Baths.

2095 798 36 22 £T
2147 795 117 20 SPECIAL
2277 795 159 20 ATTENTION
2450 796 69 19 PAID
2531 797 35 19 TO
2580 797 118 19 CUISINE
2711 797 59 19 AND
2784 798 123 20 SEPVICE.
2922 802 35 21 _£s

1884 830 34 18 All
1929 828 179 20 communications
2119 828 27 24 by
2156 827 60 19 letter
2225 834 23 12 or
2258 827 98 24 telegram
2366 827 40 18 will
2417 828 76 18 receive
2503 831 80 22 prompt
2593 828 104 19 attention.

1915 879 76 45 W.
2019 881 58 41 A.
2104 878 311 51 BOULTON,
2512 860 4 79 :
2519 860 60 13 °'"
2744 905 18 10 -
2883 882 243 57 Manager.

2328 936 60 24 (Late
2397 937 21 18 of
2427 935 114 20 Grosvenor
2550 935 68 24 Hotel,
2631 936 95 24 Sydney.)

2076 1157 64 45 IN
2172 1156 116 46 THE
2319 1154 202 47 PRESS.

2119 1620 51 31 By
2189 1616 163 28 ELSDON
2374 1614 112 27 BEST.

1857 1804 109 65 THE
1985 1803 122 31 Papers
2123 1806 73 20 now
2209 1796 172 35 appearing
2396 1795 33 25 in
2444 1795 54 25 the
2512 1794 84 26 HOT
2609 1792 136 27 LAKES

1909 1834 243 29 CHRONICLE
2165 1833 102 25 under
2279 1831 54 25 the
2347 1830 101 25 above
2460 1827 72 26 title
2545 1827 68 26 will
2621 1825 124 33 shortly

1858 1881 37 24 be
1909 1876 170 36 published
2091 1875 34 26 in
2137 1872 165 35 pamphlet
2314 1870 89 27 form.

2064 1973 129 46 Price
2218 1971 95 47 One
2347 1967 197 55 Shilling.

1891 2162 190 30 Advertising
2093 2161 107 25 Terms
2213 2164 38 19 on
2267 2155 186 34 application
2474 2155 33 24 at
2528 2150 215 28 CHRONICLE

1858 2197 105 25 Office.

2314 2447 15 15 A.
2347 2444 112 18 MEMBER
2478 2443 33 17 OF
2532 2441 52 18 THE
2605 2440 87 17 HOUSE
2713 2439 31 17 OF

2402 2464 250 20 REPRESENTATIVES.

2337 2499 95 24 Speaking
2445 2504 24 11 on
2483 2497 33 17 the
2530 2496 104 22 Pharmacy
2648 2494 37 17 Bill
2699 2494 45 18 said,

2373 2521 103 23 profession
2490 2520 35 17 hus
2537 2518 54 19 made
2607 2518 36 17 less
2659 2521 87 19 progress

2314 2546 69 21 during
2392 2546 32 16 the
2440 2544 36 17 last
2495 2544 32 16 100
2542 2548 53 17 years
2610 2542 46 16 than
2671 2540 42 17 that
2726 2540 19 16 of

2433 2574 20 10 or
2462 2566 61 18 words
2532 2568 20 15 to
2561 2565 42 17 that
2615 2565 59 16 effect.
2707 2563 39 17 The

2314 2592 79 18 M.H.R.
2409 2590 57 23 spoke
2480 2589 80 18 without
2574 2587 94 22 thinking,
2686 2592 21 11 or
2722 2586 24 17 he

2315 2614 61 19 would
2391 2616 33 15 not
2440 2614 48 16 have
2504 2612 54 17 made
2575 2611 45 17 such
2637 2616 23 11 an
2677 2608 69 19 absurd

2314 2639 106 17 statement.
2446 2636 30 18 He
2485 2634 97 23 evidently
2594 2634 55 17 knew
2666 2633 80 22 nothing

2314 2662 20 17 of
2343 2662 31 16 the
2383 2666 41 12 new
2433 2659 75 18 remedy
2517 2657 72 19 termed

2454 2681 153 18 NEURGL

2314 2706 60 17 which
2384 2706 21 19 is,
2410 2705 18 16 in
2433 2704 115 23 comparison
2554 2702 46 17 with
2606 2700 89 18 remedies
2702 2699 44 17 used

2314 2735 46 12 even
2369 2730 22 16 2.*>
2400 2734 52 16 years
2460 2733 43 16 ago,
2514 2732 20 11 as
2540 2725 51 22 light
2599 2727 20 14 to
2628 2723 95 18 darkness.

2453 2754 154 18 NEUROL

2314 2779 16 17 is
2338 2785 11 11 a
2362 2777 128 23 scientifically
2507 2775 89 23 prepared
2615 2773 95 20 medicine,
2727 2772 20 17 in

2316 2803 31 16 the
2356 2802 47 17 form
2413 2801 20 17 of
2441 2799 91 24 powders.
2558 2798 19 17 It
2583 2798 15 17 is
2607 2798 33 17 not
2652 2796 84 22 disagree-

2315 2826 41 17 able
2363 2831 5 14 ;
2381 2824 16 17 it
2405 2824 15 17 is
2428 2824 34 17 not
2470 2822 100 23 expensive
2577 2819 4 26 ;
2595 2821 16 17 it
2619 2821 33 17 lies
2661 2820 19 16 in
2694 2819 53 16 small

2314 2854 85 17 compass
2407 2841 3 30 ;
2424 2847 16 17 it
2448 2846 85 17 contains
2540 2850 26 12 no
2575 2844 69 22 opium,
2662 2841 85 23 morphia

2315 2878 21 10 or
2351 2871 115 22 antipyrine;
2485 2869 15 17 it
2517 2868 39 17 will
2572 2869 35 15 not
2622 2871 44 12 cure
2681 2871 55 16 every-

2314 2895 57 21 thing
2379 2893 33 18 but
2427 2893 16 18 it
2457 2893 15 16 is
2485 2892 84 17 effective
2582 2890 20 18 in
2615 2890 26 16 all
2655 2894 50 12 cases
2718 2888 30 17 for

2314 2918 61 17 which
2384 2917 15 17 it
2407 2916 15 18 is
2435 2913 148 20 recommended.

2453 2943 155 17 NEUROL

2315 2967 38 17 will
2361 2967 67 17 relieve
2437 2971 55 17 every
2500 2965 49 17 form
2567 2964 20 17 of
2603 2961 95 19 headache
2714 2962 34 16 not

2315 2989 67 19 caused
2390 2989 24 23 by
2424 2988 52 19 brain
2487 2988 77 17 disease.

2455 3016 153 17 NEUROL

2315 3046 52 11 cures
2386 3038 99 23 neuralgia
2504 3038 21 17 of
2541 3038 33 17 the
2589 3037 41 16 face
2646 3035 37 17 and
2699 3034 47 17 head

2316 3069 50 11 more
2375 3061 95 23 promptly
2480 3062 46 16 than
2535 3061 82 22 quinine.

2339 3086 33 17 LA
2379 3084 99 20 GMPPE,
2488 3089 20 13 or
2514 3082 151 19 INFLUENZA
2670 3080 48 17 loses
2723 3080 24 17 its

2316 3111 68 16 terrors
2393 3108 15 18 if
2416 3106 106 19 NEUROL
2530 3108 16 16 is
2554 3106 58 17 taken
2621 3106 20 16 at
2650 3104 31 17 the
2696 3109 38 11 com-

2315 3137 116 13 mencement
2440 3131 19 17 of
2467 3130 33 18 tbo
2508 3129 71 19 attack.

2339 3155 87 18 COLDS,
2465 3152 141 20 CATARRHS,
2641 3149 105 20 FEVERS,

2316 3177 174 19 RHEUMATISM
2514 3182 32 11 are
2572 3175 26 18 all
2619 3172 80 19 relieved
2722 3172 26 22 by

2316 3200 113 19 NEUROL.

2341 3225 37 17 For
2397 3229 72 12 women
2489 3221 107 19 NEUROL
2612 3221 15 17 is
2647 3219 101 23 peculiarly

2318 3247 85 21 suitable,
2413 3247 15 16 it
2436 3253 52 11 cures
2496 3245 27 17 all
2537 3243 74 25 painful
2626 3248 73 16 cramps
2711 3242 37 17 and

2316 3271 54 18 other
2378 3270 59 22 pains.

2339 3294 62 21 Every
2421 3292 65 20 miner,
2506 3292 95 16 busbman
2626 3289 36 17 and
2685 3288 63 17 settlor

2316 3316 67 18 should
2391 3322 72 16 possess
2471 3321 11 11 a
2490 3315 39 17 box
2538 3315 20 17 of
2566 3312 112 18 NEUROL.
2706 3311 18 17 It
2732 3311 16 16 is

2317 3346 11 11 a
2336 3339 90 17 medicine
2435 3339 52 17 chest
2495 3338 19 17 in
2524 3337 55 18 small
2587 3341 89 15 compass.

2341 3362 44 18 Sold
2393 3362 26 23 by
2427 3362 25 17 all
2460 3360 127 23 storekeepers
2600 3358 36 18 and
2653 3356 93 21 chemists,

2317 3387 20 16 2s
2346 3391 33 17 per
2386 3385 43 18 box,
2440 3390 20 12 or
2467 3385 44 21 post
2526 3384 38 16 free
2580 3383 49 17 from
2642 3379 106 19 NEUROL

2318 3409 40 19 Co.,
2367 3407 104 19 Auckland,
2482 3408 20 16 2s
2513 3406 28 17 Id.

2340 3431 104 18 Wholesale
2453 3431 47 16 from
2510 3428 130 23 Kempthorne
2649 3426 36 18 and
2693 3426 44 18 Pros-

2317 3461 34 14 ser,
2361 3461 21 11 or
2391 3453 92 19 Sharland
2492 3452 38 17 and
2539 3453 32 17 Co.

2317 3514 178 25 AUCKLAND
2518 3512 51 24 and
2587 3510 159 24 WAIKATO

2460 3537 141 26 AGENCY-

2330 3576 56 19 Near
2396 3574 91 20 Catholic
2497 3572 88 24 Church,
2600 3570 134 21 BOTORUA.

2367 3628 96 35 ON
2492 3624 205 37 SKLE.

2317 3687 255 31 BEDSTEADS,

2467 3724 279 31 MATTRESSES,

2505 3770 60 18 AND

2333 3804 184 28 Household
2549 3802 180 27 Furniture.

2405 3875 47 45 S.
2471 3873 186 50 Dando,

2367 3938 210 29 Commission
2590 3936 110 33 Agent.

2319 4014 68 44 JOB
2412 4012 139 21 PRINTING
2574 4012 21 18 of
2618 4016 60 18 every
2701 4009 34 18 des-

2377 4040 86 24 cription
2473 4037 97 21 executed
2586 4037 48 19 with
2654 4038 92 16 neatness

2318 4065 40 22 and
2368 4065 94 24 despatch
2472 4068 20 16 at
2502 4064 35 18 the
2547 4064 119 20 Cukonicxe
2678 4060 66 20 Office.

2795 1011 180 46 Robert
3008 1012 152 48 Wake

2768 1081 95 44 BEGS
2872 1084 18 16 to
2900 1082 91 18 intimate
3000 1082 43 19 that
3052 1084 25 18 he
3092 1084 37 19 h?s
3146 1091 33 12 now-

2838 1107 109 19 concluded
2958 1108 33 18 the
3004 1108 114 20 alterations
3129 1113 20 16 to
3159 1110 32 19 his

2767 1132 94 25 premises
2876 1134 20 17 in
2914 1133 77 18 Teuton
3008 1134 68 23 Street,
3092 1136 98 24 (opposite

2767 1158 34 19 the
2810 1158 69 20 Grand
2889 1159 78 24 Hotel,)
2977 1160 39 18 and
3026 1159 35 19 has
3069 1160 73 26 alarye
3151 1162 40 18 aud

2768 1184 43 19 well
2821 1185 90 18 assorted
2921 1185 54 18 stock
2985 1186 21 18 of
3019 1185 33 19 the
3071 1186 107 20 undermen-

2767 1210 67 18 tioned
2845 1211 68 23 goods,

2768 1245 66 40 FOR
2856 1245 85 40 CASH
2958 1245 24 39 &
2994 1245 84 40 CASH
3091 1246 102 41 ONLY.

2793 1299 49 19 This
2852 1299 52 19 Rule
2916 1299 40 18 will
2972 1299 23 18 ho
3012 1299 75 25 strictly
3106 1300 88 19 adhered

2768 1326 20 18 to
2798 1331 22 13 bo
2831 1332 25 11 no
2866 1332 38 12 one
2914 1325 51 18 need
2975 1325 23 18 be
3007 1325 93 19 offouded
3108 1325 15 19 if
3132 1326 62 19 credit

2768 1351 18 18 is
2796 1351 87 19 refused.

2768 1385 83 23 Men's
2862 1385 125 29 Mercery,
2996 1385 74 28 Hats,
3081 1386 43 23 &c.

2771 1415 82 23 Men's
2868 1416 51 23 and
2933 1415 75 29 Boys'
3024 1416 120 30 Clothing

2873 1465 15 10 „
2996 1447 77 23 Soots
3085 1447 21 23 &
3116 1448 78 24 Shoes

2769 1477 134 28 Blankets,
2918 1477 79 29 Rugs,
3009 1477 93 29 Prints,
3120 1479 60 22 Flan-

2822 1510 119 26 nelettes,
2953 1511 47 20 etc.

2770 1540 113 28 Saddles,
2894 1541 108 26 Bridles,
3018 1543 46 21 etc.

2880 1611 102 24 Complete
2992 1611 58 19 Stock
3061 1612 20 18 of

2769 1640 90 30 Fancy
2873 1641 90 27 Goods,
2981 1640 146 32 Stationery
3144 1643 50 22 and

2821 1673 85 22 Books

2769 1704 191 23 Tohacconist's
2975 1703 89 30 Goods,
3076 1706 47 21 etc-

2770 1736 112 23 Musical
2896 1736 174 23 Instruments

2769 1766 110 28 Fishing
2893 1766 95 22 Tackle

2769 1797 120 23 Window
2895 1797 71 30 glass
2974 1797 21 23 &
3002 1797 77 30 Lamp
3087 1797 106 30 glasses.

2768 1849 93 19 LARGE
2876 1849 59 19 AND
2965 1849 229 20 WELL-ASSORTED

2913 1880 87 20 STOCK
3014 1881 33 19 OF

2782 1912 182 28 BIRTHDAY,
2994 1913 91 23 XMAS
3111 1913 68 23 AND

2821 1944 78 23 NEW
2919 1944 91 23 YEAR
3031 1944 108 23 CARDS.

2807 1995 65 20 Maori
2885 1996 71 19 Curios
2968 1996 19 20 in
2998 1997 61 18 Great
3069 1997 87 24 Variety.

2833 2048 116 20 First-class
2965 2049 85 20 Billiard
3059 2051 68 21 Tahle.

2769 2094 145 27 Prescriptions
2924 2096 106 25 dispensed
3040 2099 26 24 by
3073 2106 12 13 a
3094 2100 98 21 Qualified

2924 2122 89 20 Chemist
3022 2127 20 16 tit

2843 2154 126 32 ROBERT
2987 2155 131 35 WAKE'S.

2768 2227 237 48 KUSABS
3038 2230 151 49 BROS

2874 2284 212 35 HAMAKU

2766 2321 75 41 SAW
2855 2322 24 40 &
2904 2322 150 44 PLANING
3076 2327 114 42 MILLS.

2768 2392 265 25 MOUNTAIN
3056 2397 134 28 RI7VTU,

2925 2429 40 13 THE
2978 2430 51 13 ONLY

2768 2452 132 21 GENUINE
2915 2454 59 18 DRY
2989 2455 76 19 LAND
3081 2456 110 21 TIMBER

2871 2484 29 16 IN
2912 2484 51 17 THE
2977 2484 110 19 MAKKET.

2768 2529 126 42 MESSRS
2913 2530 97 18 KUSABS
3026 2531 69 19 BROS,
3109 2533 37 26 beg
3163 2541 20 11 re-

2844 2552 100 23 spectfuUy
2948 2554 19 17 to
2974 2553 70 19 inform
3051 2555 32 18 the
3095 2557 65 18 Public
3174 2559 19 17 of

2769 2576 76 15 huturuu
2853 2577 33 14 mid
2896 2576 71 21 vioiuiry
2975 2576 39 17 thut
3021 2579 40 20 they
3076 2579 43 16 have
3134 2583 48 14 estab-

2768 2595 52 18 lished
2831 2603 9 9 .1
2852 2597 38 19 yard
2901 2597 15 16 in
2932 2596 120 22 Hiuemoa-Bt.,
3062 2601 32 14 and
3109 2605 30 12 can
3155 2607 38 11 now

2767 2619 62 20 Hupuly
2838 2618 23 16 thi
2876 2618 49 16 fii.est
2932 2618 43 16 clans
2988 2619 19 16 of
3021 2620 24 15 Tiu
3054 2620 47 18 ldinir
3113 2621 79 18 Material

2768 2639 16 15 in
2794 2639 28 15 tin-
2831 2639 49 16 1.t..■!:
2901 2639 3 26 .
2921 2641 13 14 ]i
2946 2639 14 16 is
2966 2641 99 20 uikquilled
3074 2642 16 15 in
3099 2642 94 23 durability

2768 2660 33 15 and
2809 2660 104 21 impervious
2921 2664 18 13 to
2948 2662 28 15 the
2983 2663 66 14 attacks
3064 2663 17 15 of
3095 2663 49 17 borer
3158 2665 33 16 and

2768 2681 31 20 dry
2812 2687 30 9 10..
2867 2681 51 17 Their
2926 2682 81 16 sawmills
3014 2688 28 12 ere
3050 2683 48 17 fitted
3107 2686 41 16 with
3164 2686 28 16 the

2769 2706 43 11 moat
2821 2703 67 15 irodiTu
2898 2702 95 22 appliauct-a
3003 2704 32 16 and
3045 2705 28 16 the
3081 2706 36 15 firm
3130 2707 14 15 is
3155 2707 37 15 able

2769 2727 17 12 to
2802 2724 62 21 i-upply
2880 2729 33 16 any
2928 2725 79 20 quantity
3022 2726 18 16 of
3055 2726 36 21 Ury
3109 2726 83 23 Building

2769 2744 79 17 Material
2857 2750 21 11 on
2887 2746 28 15 the
2924 2748 71 14 shortest
3003 2747 59 16 notioe.

2770 2796 138 29 Skirtings,
2916 2796 173 30 Architraves,
3095 2799 81 23 Mould-

2805 2831 66 29 ings,
2883 2832 50 22 and
2943 2831 108 24 Dressed
3061 2833 100 25 Timber

2834 2870 28 23 of
2871 2877 78 23 every
2963 2870 179 30 description,';

2860 2909 107 27 Always
2978 2916 30 15 on
3019 2909 82 24 Hand.

2796 2940 117 26 HENAU
2924 2943 104 23 HOUSE
3039 2943 126 26 BLOCKS.

2792 2989 48 17 Prioe
2848 2990 46 17 Lists
2902 2996 19 10 an
2931 2990 100 21 application
3041 2992 18 14 to

2770 3024 221 33 KUSABS
3025 3025 167 38 BEOS.,

2843 3074 114 18 MAMAKTJ
2970 3079 24 12 or
3007 3075 110 18 OIIAUPO.

2896 3116 25 12 vr
2929 3113 20 15 tit
2957 3111 32 17 the
3000 3111 66 21 Tarda,

2793 3146 121 19 HEVEiIOA
2927 3146 99 21 street,
3045 3147 125 19 rotorua.

2987 3253 32 40 I.
3054 3253 116 47 SIMON,

2963 3305 87 24 (Lateof
3059 3305 134 25 Melbourne.)

2972 3354 111 17 Practical
3102 3354 80 18 Tailor.

2960 3425 102 24 Clothes
3075 3427 73 21 made
3167 3427 27 21 to

2987 3452 72 22 order
3076 3459 32 15 on
3123 3451 45 23 the

3012 3474 130 26 shortest

3029 3504 91 22 notice.

2970 3598 55 25 Style
3034 3598 39 19 and
3085 3598 33 19 Fit
3128 3600 36 17 not
3174 3600 19 17 to

2960 3627 22 17 be
2993 3624 92 25 equalled
3103 3631 17 11 in
3139 3628 52 15 town

2958 3662 109 17 Address:
3083 3660 109 19 ArawaSt.

3028 3686 98 19 Rotorua.

2790 3783 88 22 (Under
2885 3780 127 24 Vice-regal
3027 3781 141 22 Patronage.)

2769 3823 65 25 rpo
2859 3820 239 19 TOURISTS,
3121 3819 67 17 Etc.

2775 3846 21 19 _L
2823 3849 112 15 BEATTEFUL
2944 3847 97 14 PRESENTS
3054 3847 36 13 FOR
3098 3846 60 13 HOME.

2790 3869 50 23 Very
2857 3868 107 17 Handsome
2979 3866 61 17 Inlaid
3058 3865 68 20 Tables;
3141 3864 36 17 Cab-

2767 3892 54 18 inets.
2906 3891 61 18 Cases,
2982 3891 41 17 etc.,
3038 3888 24 17 all
3074 3886 53 19 made
3140 3886 48 18 from

2768 3916 32 16 the
2808 3914 79 18 fineetof
2893 3914 46 16 New
2946 3912 95 17 Zealand's
3048 3911 61 17 Forest
3116 3908 71 18 Woods.

2768 3937 110 18 Patronised
2886 3937 25 21 by
2920 3936 35 17 His
2963 3935 110 20 Excellency
3081 3933 30 17 the
3120 3932 43 16 Earl
3168 3931 20 16 of

2767 3961 94 21 Glasgow.
2871 3960 17 17 K
2897 3959 27 19 C.,
2939 3958 80 17 8.M.G..
3036 3956 35 17 and
3085 3954 61 21 nearly
3162 3953 26 17 all

2768 3984 31 16 the
2807 3981 86 21 n'obilitv,
2904 3981 68 18 British
2981 3980 36 17 and
3023 3979 76 21 Foreign
3107 3977 79 17 Officers,

2767 4006 37 17 and
2813 4008 68 20 gentry
2890 4005 42 17 who
2945 4004 47 16 have
3005 4001 63 18 visited
3082 4001 45 17 New
3140 4000 35 16 Zen-

2767 4029 50 17 land.

2798 4060 28 16 W.
2840 4059 104 19 NORRTE,
2953 4058 40 20 Top
3001 4057 19 16 of
3028 4053 130 19 Sbortland-st.
