3280 4240
1200 65 59 19 THE
1272 65 58 21 HOT
1343 65 94 20 LAKES
1450 65 166 21 CHEONICLE
1628 66 192 24 WEDNESDAY,
1835 66 115 20 AUGUST
1962 69 19 21 5,
1998 69 49 17 1896

2802 4041 77 16 Printim'
2899 4040 36 17 ;iikl
2953 4041 100 21 published
3064 4041 26 21 by
3098 4040 21 16 E.
3133 4041 19 15 F.
3167 4040 58 16 M'aTT,

2825 4064 20 18 at
2854 4063 32 18 the
2896 4063 103 23 registered
3012 4063 86 23 printing
3109 4062 56 20 offloe,
3175 4059 42 21 Bfino-

2824 4093 45 11 mou
2877 4087 63 21 Btroeti
2950 4087 91 17 llotorua.

2830 4118 174 21 WEDNESDAY,
3017 4117 102 19 AUGUST
3128 4118 17 21 5,
3156 4117 48 18 1890.

189 304 45 18 One
250 303 22 18 of
289 301 33 19 the
332 299 118 20 ru-ecs<-ities
461 298 21 18 of
492 297 35 18 the
537 296 79 26 coming
626 296 73 19 Season
711 294 37 19 will
760 294 25 18 be

48 363 21 22 A
109 360 114 25 COOL
263 357 97 24 AND
402 350 328 28 REFRESHING
769 349 161 24 DRINK

73 414 140 23 Untiocturfd
225 414 24 25 by
259 419 37 16 any
308 410 128 20 Deleterious
452 408 101 20 Cbeinical
564 404 132 26 Compounds.
724 403 19 19 A
752 402 59 19 drink
823 404 21 17 »i
854 409 50 14 one©

269 464 186 29 Exhilarating
477 463 52 23 and
544 459 159 27 Refreshing,

48 526 38 21 and
99 524 63 20 which
181 522 36 20 *iil
228 528 62 20 prove
300 527 12 14 a
322 508 153 37 preventive'Vf
483 519 110 24 Dj*pepn»
664 510 137 22 »».Internal
821 511 109 22 Disorders

79 550 82 21 Crated
175 549 83 20 Waters
269 548 39 19 and
319 546 99 22 Cordials;
438 544 120 26 fc.anpririiW
570 540 34 24 *fe
614 538 71 22 Purest
696 536 123 28 Lemonade,
837 539 36 20 the
884 539 46 21 Moe

47 578 104 22 Delicious
163 576 77 25 Gnngt*
251 575 45 23 Ale,
309 571 180 26 Highly-charged
507 568 50 21 Soda
567 567 73 30 JValer,

308 623 123 33 XOL
448 615 229 44 iPK

49 694 12 13 a
69 693 44 13 new
121 684 150 26 Invigorating,
283 682 148 19 nnn-a'coholic
446 674 91 27 B.vertfe
546 663 4 47 ;
565 663 123 30 LimUuice
706 672 88 26 Cordial,
806 674 118 26 Enspberry

50 710 228 23 PeDDermuit-ZCloveb,
290 709 52 18 Tine
352 708 72 25 Apnle,
436 705 39 20 and
483 704 19 18 Lt
564 700 75 25 Syrups
649 700 39 18 and
708 699 137 27 Sarsapanlla
861 707 34 12 are
904 700 26 18 all

317 725 4 34 f
322 725 181 34 ih#iufaotured/i<
515 727 31 20 the
554 731 111 17 premise?.'

240 762 118 19 Lemonade
368 761 38 19 and
417 759 71 21 Ginger
496 754 42 21 Ale,
550 754 69 23 quarts
630 752 109 25 andpmts.

376 898 16 24 W
406 898 128 28 ILjJFk.

425 1074 118 27 FROM

77 1136 43 43 A
155 1117 523 59 AVJ&L-ASSORTED
708 1122 199 44 STOCK

54 1259 165 46 La/fips
505 1248 175 44 cruets

283 1303 219 46 Brushes
748 1302 183 45 Knives

49 1363 186 48 frunks
502 1361 188 55 Spoons

344 1418 157 45 Locks
690 1416 9 46 ]

42 1479 183 46 Razors
500 1476 152 55 Trays

75 1618 99 26 Lawn
199 1616 144 28 Mowers,
367 1615 95 31 Hoes,
487 1614 118 31 Rakes,
633 1613 130 32 Spades,
788 1613 111 31 Forks,

153 1675 55 26 AT
221 1672 200 28 GREATLY
440 1671 201 27 REDUCED
661 1670 162 27 PRICES.

119 1822 55 38 JT.
230 1822 60 36 Sz
342 1820 57 38 J*.
451 1818 390 39 DICKEY,

65 1884 80 24 (Fourth
155 1884 47 22 shop
212 1884 49 17 from
271 1883 101 22 Wellesley
386 1882 77 23 Street.)

520 1881 45 19 304
579 1881 19 18 &
611 1881 46 18 306
671 1880 106 22 QUEEN
791 1879 120 19 STREET.

45 1998 439 61 GEYSER
559 1996 375 59 HOUSE

73 2091 341 57 Hydropathic
437 2090 160 53 Hotel,
631 2088 270 46 Wairakei.

240 2158 35 19 Six
285 2157 58 19 miles
353 2157 51 18 from
415 2156 57 19 Luke
482 2155 70 22 Taupo
564 2155 100 22 (Kotoiua
674 2155 61 22 side.)

219 2221 183 25 SUPERIOR
423 2218 335 28 ACCOMMODATION.

245 2278 50 17 ALL
307 2278 53 17 THE
374 2276 135 19 COMFORTS
521 2276 32 18 OF
567 2276 16 18 A
595 2276 76 17 HOME
685 2276 51 17 FOR

289 2312 148 19 TOURISTS
455 2312 64 19 AND
534 2312 154 18 INVALIDS.

44 2387 65 26 Hot
134 2385 189 32 Swimming
345 2385 111 26 Baths.
483 2384 184 26 Kiri-o-Kai
689 2391 35 19 or
751 2384 80 26 Mew
856 2384 81 26 Skin

120 2427 93 32 Bath,
226 2427 64 25 Hot
304 2427 131 25 Douche
449 2426 111 31 Baths,
582 2425 111 27 Grand
715 2425 146 27 Climate.

162 2468 172 26 Elevation
355 2468 92 26 1.350
467 2467 63 26 feet
543 2467 101 26 above
658 2473 54 20 sea
725 2467 92 26 level.

47 2518 196 24 COMPETENT
259 2518 120 23 GUI2ES
396 2524 122 19 accompany
535 2518 82 18 tourists
633 2520 21 15 to
671 2517 35 18 (he
727 2517 82 20 vnriouß
832 2517 66 25 places
918 2517 20 18 of

177 2545 91 22 interest,
278 2544 64 19 which
356 2544 58 19 balllo
426 2544 34 19 the
471 2547 51 15 must
532 2544 59 18 fucile
602 2550 45 18 pen,
659 2544 40 18 and
717 2550 37 12 can
774 2543 47 25 only
842 2544 24 18 be
884 2543 43 19 real-

176 2570 44 20 ized
231 2571 57 18 when
299 2577 54 12 seen.

47 2637 197 23 CGYSGR
264 2636 198 23 VALL6Y
478 2636 90 19 contains
584 2636 35 17 the
638 2635 104 24 following
762 2634 123 26 unequalled
896 2635 28 18 Na-

125 2664 54 17 tural
199 2662 91 19 wonders
313 2660 158 26 :—luhuatahi.
492 2669 22 11 <.r
539 2662 61 18 Great
624 2660 134 26 Champagne
777 2660 112 25 Cauldron;
904 2661 34 19 the

126 2689 63 18 Great
198 2688 106 19 Wairakei
314 2688 91 25 Geyser;
417 2689 35 18 the
463 2688 85 24 Donkey
560 2687 92 25 Engine;
667 2687 34 19 the
713 2686 53 20 Bath
778 2688 20 18 of
808 2688 35 18 the
854 2687 84 23 Fairies;

123 2716 36 17 the
178 2714 114 25 Lightning
309 2714 64 19 Pool:
387 2714 34 19 the
439 2714 88 19 Cascade
543 2713 83 24 Geysor,
645 2719 22 13 or
685 2713 103 24 Dragon's
807 2712 83 25 Mouth;
906 2713 33 19 the

124 2740 65 20 Black
198 2740 89 25 Geyser;
304 2740 35 19 the
351 2740 49 19 Mud
415 2741 88 23 Geyser;
519 2740 33 19 the
572 2740 51 18 Blue
642 2739 69 24 Lake;
722 2740 35 18 the
776 2740 30 18 Oil
826 2739 65 23 Bath;
906 2739 33 19 the

123 2767 83 24 Eagle's
215 2765 62 26 Nest;
291 2767 35 19 the
334 2766 77 19 Devil'-;
421 2766 68 19 Punch
500 2766 56 19 Bowl
566 2765 3 26 ;
586 2766 33 19 the
628 2765 73 19 Prince
710 2767 21 17 of
741 2765 76 20 Wales'
828 2765 97 20 Feathers
934 2765 4 26 ;

124 2793 35 19 the
178 2793 88 24 Mirror;
281 2793 34 19 the
334 2793 57 18 Twin
413 2793 88 24 Geyser:
517 2793 34 18 the
569 2792 59 19 Coral
645 2791 89 26 Geyser;
751 2792 34 18 the
797 2792 64 19 Green
878 2792 60 23 Pool;

127 2819 127 19 Terekerehe
266 2826 21 12 or
307 2819 48 19 Hell
376 2819 88 24 Geyser;
487 2819 34 18 the
541 2820 68 17 Steam
630 2817 106 20 Hammer.
766 2818 85 19 Guide's
869 2819 32 17 fee
920 2823 19 13 to

125 2845 77 25 Geyser
210 2845 80 25 Valley,
303 2847 22 17 5s
333 2844 4 26 ;
353 2845 90 19 distance
454 2845 51 18 from
515 2845 33 18 the
564 2845 60 22 hotel,
640 2844 4 26 1
657 2844 54 18 mile.

125 2931 78 25 Kapids
214 2931 22 19 in
246 2931 35 19 the
290 2931 103 19 Southern
403 2930 148 26 Hemisphere;
567 2930 74 24 fulling
657 2929 20 19 in
695 2929 30 20 six
746 2930 83 18 distinct
847 2930 92 18 cascades

126 2959 95 24 amongst
231 2957 61 19 weird
303 2957 41 19 and
353 2957 81 26 rugged
452 2963 82 18 scenery
562 2956 95 19 Distance
676 2956 53 18 from
749 2956 34 19 the
801 2956 61 23 hotel,
883 2956 57 19 three

125 2984 64 19 miles.
218 2983 74 21 Paddle
304 2984 69 18 horses
384 2987 19 15 to
413 2983 48 19 visit
475 2983 35 18 the
525 2982 77 25 Bapids
617 2982 23 19 7s
650 2981 25 20 6d
687 2982 55 19 each.

300 3050 22 10 or
332 3043 35 18 the
376 3041 80 20 Devil's
465 3042 97 24 Trumpet
581 3042 17 18 is
617 3041 42 19 said
679 3044 22 15 to
720 3042 49 17 emit,
790 3048 8 11 a
816 3047 94 19 pressuro
920 3041 21 19 of

130 3070 68 18 IKOlbs
209 3071 21 17 of
241 3074 62 14 steam
318 3073 19 14 to
348 3069 34 19 the
393 3069 52 21 inch,
459 3069 51 18 from
522 3074 24 13 an
565 3071 92 22 aperture
668 3067 21 18 of
708 3067 64 20 about
791 3067 71 20 twelve
873 3067 68 19 inches

127 3096 21 19 in
159 3095 104 20 diameter.
293 3095 97 19 Distance
410 3095 18 18 fr
443 3101 19 12 in
484 3094 53 19 hotel
557 3094 57 19 three
633 3099 40 14 ana
694 3100 12 13 a
725 3093 46 19 half
788 3094 69 22 miles;
871 3093 69 19 saddle

126 3123 71 18 horses
207 3125 20 15 to
235 3121 47 19 visit
293 3121 34 18 the
337 3121 72 20 above,
420 3123 22 16 2s
453 3121 25 18 (id
489 3120 55 19 each.

481 3180 8 17 i
515 3179 35 19 Ihe
567 3179 101 19 Grandest
686 3179 57 18 Falls
753 3179 19 19 in
792 3179 34 19 the
845 3179 95 18 southern

481 3214 16 10 io
508 3205 72 19 visited
590 3210 25 14 on
625 3205 34 18 the
673 3211 54 13 same
747 3205 116 24 expedition
874 3211 22 12 as
906 3205 34 18 the

129 3234 79 18 Devil's
219 3233 105 26 Trumpet.
354 3233 97 19 Distance
462 3233 51 19 irom
524 3231 55 19 hotel
589 3231 57 18 three
657 3231 39 18 and
708 3238 11 11 a
736 3231 45 19 half
790 3231 68 19 miles:
872 3230 69 19 saddle

127 3261 59 17 horse
196 3266 23 12 or
229 3259 70 26 buggy
311 3261 22 17 2a
344 3259 25 19 od
384 3259 56 19 each.

52 3436 161 41 ROTORUA
237 3435 90 41 BOOT
349 3434 25 40 &
392 3434 90 40 SHOE

200 3493 127 42 DEPOT,

50 3874 18 18 A
89 3874 68 25 Larye
177 3874 61 19 Stock
259 3874 20 18 of
297 3873 93 24 German,
408 3872 76 20 French

121 3901 39 19 and
171 3900 92 20 Colonial
274 3899 62 20 Boots
346 3899 75 25 always

217 3927 21 19 in
256 3925 66 19 Stock.

52 3972 69 21 BEST
129 3971 153 21 MATERIAL.
319 3970 26 20 Bl
357 3970 30 20 ST
400 3970 84 21 WORK

130 4017 159 21 AUCKLAND
300 4015 106 21 PRICES.

52 4101 164 24 Hand-sewn
228 4101 77 22 Boots
316 4107 15 16 a
346 4100 139 30 Specialty.

507 3462 34 19 TO
557 3462 57 18 THE
628 3462 107 19 PUBLIC
750 3462 35 19 OF
802 3460 138 21 BOTORUA.

508 3565 93 43 IBEG
613 3568 21 17 to
644 3566 64 18 thank
719 3565 35 20 the
768 3565 73 20 Publio
851 3566 21 18 of
879 3565 50 20 Roto-

560 3599 38 11 riiii
620 3593 31 17 tor
667 3591 143 20 theirfavours
821 3591 75 26 during
908 3591 33 20 the

507 3620 45 24 past
563 3618 69 20 fifteen
643 3624 64 19 years,
721 3619 40 17 and
776 3621 19 16 to
814 3618 63 23 notify
898 3618 43 18 that

507 3645 31 18 for
549 3644 34 18 the
595 3643 134 20 convenience
740 3645 22 17 of
771 3643 99 20 residents
880 3645 20 17 in
908 3643 33 19 the

510 3671 47 18 New
569 3669 117 25 Township,
700 3669 40 19 und
752 3676 31 19 my
797 3670 57 18 trade
872 3676 58 19 gener-

508 3696 47 25 ally,
567 3696 11 18 I
589 3696 51 18 have
651 3695 53 19 built

509 3809 64 20 which
586 3816 33 12 aie
630 3816 44 11 now
687 3815 51 19 open
747 3810 32 18 for
789 3809 99 24 bubiuess,
904 3809 37 19 and

508 3836 11 19 I
530 3842 32 13 qui
583 3834 98 26 prepared
704 3838 20 16 to
738 3836 73 26 supply

649 3886 72 20 Prime
742 3887 62 19 Meat

734 3944 21 18 Id
768 3944 58 19 lown
829 3944 62 24 ships.

536 4050 49 26 [An
599 4051 152 29 Inspection
766 4052 23 22 is
804 4052 107 23 invited.

719 4106 102 21 HENRY
836 4107 82 20 RJJLiK.

1316 285 154 33 THE

957 645 240 55 Published
1221 657 143 44 every
1383 643 284 57 Wednesday
1684 643 139 46 Jlfter-

1335 714 135 38 noon,

1162 884 114 40 RATES
1302 884 43 40 OF
1371 884 277 41 SUBSCRIPTION;

1118 957 62 16 PAID
1194 957 29 16 IN
1236 956 129 17 ADVANCE.

1142 988 45 23 Six.
1197 988 108 22 Months
1315 988 44 27 ss;

1141 1014 53 23 One
1210 1014 68 22 Year
1288 1014 44 22 10s
1343 1021 5 20 ;

1599 987 36 23 6s.

1541 1019 5 4 •
1586 1014 50 23 12s.

1136 1135 338 32 ADYKRT'ISING
1493 1135 159 32 BATES
1663 1141 7 26 J

982 1192 66 19 Throe
1059 1192 100 24 Shillings
1169 1198 36 18 per
1216 1191 45 19 inch
1268 1198 36 18 per
1315 1192 60 22 issue,
1385 1198 28 18 up
1422 1193 20 18 to
1449 1193 11 16 3
1470 1191 113 19 insertions.
1601 1191 130 25 Subsequent
1738 1191 113 18 Insertions

955 1218 44 19 half
1009 1223 61 14 rates.
1101 1218 80 25 Special
1191 1220 62 16 terms
1265 1219 31 16 lor
1305 1217 73 25 longer
1391 1218 87 24 periods.

981 1273 180 18 Announcements
1170 1271 22 18 of
1203 1270 71 20 Births
1284 1272 40 17 and
1335 1270 79 19 Deaths
1424 1277 34 12 are
1470 1270 87 24 charged
1573 1272 22 16 2s
1611 1270 55 23 each,
1687 1272 36 17 not
1741 1270 110 26 exceeding

955 1301 23 17 30
990 1298 71 19 words.
1091 1298 103 24 Marriage
1205 1300 172 15 announcements
1394 1298 28 17 3s.
1449 1296 93 23 NOTE.
1545 1296 111 23 —These
1673 1296 112 24 Chat&feS
1808 1303 43 17 are

955 1326 40 22 for
1006 1325 177 29 Prepayment
1194 1323 73 29 Only-

1065 1472 240 47 JOBBIM
1341 1472 400 48 DEPJIIIT.ME.NT.

958 1560 158 32 Invoices,

1008 1601 174 32 Billheads,

1058 1644 104 25 Memo
1176 1644 121 31 Forms,

1111 1685 82 25 Bills
1206 1685 34 25 of
1249 1686 91 29 Fare,

1160 1727 155 25 Business
1339 1727 110 32 Cards,

1210 1768 141 32 Visiting
1373 1769 109 32 Cards,

1292 1810 97 25 Menu
1407 1811 110 31 Cards,

1345 1852 153 32 Luggage
1511 1853 123 31 Labels,

1390 1894 75 25 Ball
1482 1894 237 32 Programmes,

1442 1938 172 31 Circulars,

1514 1980 138 30 Posters,

1564 2021 183 32 Handbills,

1656 2062 198 32 Pamphlets,

1127 2103 65 32 &o,
1294 2103 67 32 &c,
1465 2104 65 32 &>c.,
1633 2104 58 25 &c.

1021 2187 124 46 Done
1180 2193 51 40 at
1267 2187 82 55 tfye
1372 2188 223 54 Shortest
1616 2188 182 46 JSlotiee.

1306 2577 113 46 Sale
1451 2580 52 42 at
1538 2578 87 45 the

962 2783 65 18 Plain
1035 2783 47 18 a,nd
1092 2783 80 22 Fancy
1181 2783 66 21 Note,
1264 2783 133 23 Envelopes
1405 2783 31 18 all
1445 2783 65 22 sizes,

961 2806 126 23 Mourning
1097 2806 73 23 Paper
1180 2812 46 12 anu
1236 2809 138 20 xJivveiopes,
1389 2806 152 19 Comrnercial
1550 2806 142 23 Stationery,

962 2830 115 22 Foolscap
1087 2829 74 23 Paper
1170 2829 46 18 and
1226 2829 89 19 Official
1324 2830 139 23 Envelopes,

962 2853 116 23 Drawing,
1091 2852 113 22 Exercise,
1213 2853 180 18 Memorandum
1402 2853 46 18 and
1457 2853 108 18 Account
1574 2853 85 22 Books,

962 2876 108 23 Ledgers,
1082 2876 116 22 Journals,
1209 2876 52 23 Day
1270 2877 47 17 and
1326 2877 62 18 Cash
1395 2876 83 22 Books,

962 2899 81 18 Letter
1052 2900 84 21 Books,
1147 2899 107 22 Brushes,
1449 2900 47 22 &c,

962 2923 124 22 Stephen's
1096 2922 104 23 Writing
1208 2923 46 18 and
1264 2923 107 23 Copying
1380 2923 63 22 Inks,

962 2946 106 23 Blotting
1077 2946 79 22 Paper,
1167 2946 112 18 Business
1288 2947 46 17 and
1366 2947 81 22 isiting
1456 2946 78 22 Cards,

962 2969 56 18 Blue
1028 2969 97 22 Pencils,
1136 2969 62 18 Lead
1207 2969 47 18 and
1263 2969 64 19 Slate
1338 2969 96 23 Pencils,
1446 2970 46 18 and
1502 2969 81 22 Slates,

961 2993 110 23 Marking
1080 2993 50 22 Ink,
1141 2992 66 19 India
1216 2992 94 19 Rubber
1319 2993 84 23 Bands,
1414 2994 62 17 Gum
1484 2993 46 18 and
1539 2993 117 18 Gummed
1664 2993 81 23 Paper,

962 3016 104 18 Indexed
1075 3016 67 22 Piles,
1157 3016 45 18 and
1212 3016 74 23 Paper
1295 3016 69 23 Clips,

962 3039 135 23 Inkstands,
1108 3039 46 18 and
1163 3039 97 19 Bottles.

997 3141 21 24 A
1038 3141 140 24 CHOICE
1193 3140 210 25 SELECTION
1423 3141 47 24 OF
1487 3140 185 25 BIRTHDAY
1693 3140 130 25 CARDS.

967 3288 345 59 NEWS
1378 3287 475 59 AGENCY.

1027 3394 193 56 English,
1246 3394 207 56 Foreign,
1482 3393 90 46 and
1596 3393 202 47 Colonial

1118 3462 179 53 Papers,
1320 3459 281 55 .Magazines,
1625 3459 87 47 &e.

967 3538 185 40 SYDNEY
1193 3538 237 41 BULLETIN
1470 3539 31 39 &
1540 3537 316 41 CANTERBURY

1216 3595 147 40 TIMES
1391 3595 59 40 ON
1482 3595 127 40 SALE.

967 3895 192 56 Jlgeney
1184 3895 76 47 for
1281 3897 217 47 .Martin's
1524 3899 169 52 Photos
1714 3897 55 46 of
1780 3899 80 52 tfye

1315 3955 207 45 District.

1986 142 269 72 LAKE

1898 259 341 58 Hydropathic
2281 259 162 54 Hotel,
2492 260 235 46 Rotorua.

2154 342 224 32 ESTABLISHED
2399 343 77 33 1881.

1869 402 71 19 Under
1954 402 36 19 the
1999 404 112 23 patronage
2122 402 22 18 of
2154 402 32 18 Sir
2252 401 88 23 Jervojp,
2356 402 49 19 Earl
2422 403 38 18 and
2479 402 101 21 Countess
2599 402 22 19 of
2640 401 120 25 Hopetcun,

2041 428 34 19 tli6
2086 429 56 18 Hon.
2153 428 89 19 Premier
2251 428 40 19 and
2307 428 103 19 Members
2425 429 22 19 of
2458 429 129 20 Parliament.

1896 533 42 19 The
1949 533 64 20 Hotel
2025 534 16 18 is
2051 533 89 19 situated
2150 539 25 12 on
2187 538 24 13 an
2222 532 92 19 elevatpd
2327 531 88 27 portion
2426 539 24 13 nn
2462 532 34 21 the
2505 534 69 19 shores
2591 534 21 19 of
2628 532 56 21 Lake
2699 532 52 19 Eoto-

1872 566 42 18 rua,
1924 560 123 19 convenient
2058 564 20 15 to
2088 560 27 19 all
2127 560 33 18 ih*
2171 560 65 23 sights
2246 559 20 19 in
2277 559 36 19 the
2323 559 88 20 district.

1943 611 113 30 Sulphur
2069 612 52 23 and
2134 611 112 24 Mineral
2260 611 84 23 Baths
2358 612 21 18 in
2389 611 36 19 the
2436 612 95 19 Grounds
2542 612 22 19 of
2575 612 35 19 the
2620 611 75 20 Hotel.'

2004 717 19 18 A
2041 717 106 19 reduction
2164 717 16 19 is
2197 716 60 19 made
2274 718 19 17 to
2308 716 74 26 weekly
2394 723 22 13 or
2426 717 90 24 monthly
2527 717 104 20 boarders.

1873 769 70 20 Guide
1953 769 68 19 Books
2032 769 38 19 and
2081 769 133 19 information
2226 770 63 23 gratis
2300 771 22 17 at
2332 769 55 19 Cook
2403 769 40 19 and
2460 769 58 19 Sons'
2534 769 52 25 (sole
2603 770 80 25 Pgeut°)
2701 768 65 19 offices

2186 795 128 26 throughout
2325 795 34 19 the
2370 795 85 25 Colony.

1909 1200 64 26 The
1993 1200 216 32 undersigned
2229 1201 28 25 is
2280 1207 74 19 now
2376 1200 138 32 running
2514 1200 3 33 1
2540 1200 143 33 Buggies
2706 1200 62 26 and

1877 1234 141 26 Coaches
2039 1235 33 24 to
2093 1235 54 24 the
2161 1233 165 32 following
2340 1234 107 32 places
2460 1233 35 26 of
2508 1234 135 25 interest
2662 1234 34 25 in
2716 1234 52 25 the

1875 1267 242 32 neighborhood
2135 1272 33 21 at
2185 1268 130 31 greatly
2339 1267 138 26 reduced
2500 1268 95 25 rates.
2643 1266 125 33 Special

1876 1301 184 25 reductions
2069 1300 49 26 for
2130 1301 90 31 large
2229 1301 127 32 parties.

1876 1341 330 23 WHAKAREWAREWA;
2243 1341 172 21 WAIRAKEI,
2439 1341 101 18 TAUPO
2556 1341 21 18 &
2594 1341 60 19 THE

2017 1365 145 18 TIKITERE
2175 1364 21 19 &
2209 1364 105 19 OKERE
2328 1364 111 23 FALLS;
2452 1364 175 20 WAIOTAPU.

1900 1397 55 18 N.B.
1958 1396 71 18 —The
2038 1397 102 17 Tikitere
2149 1397 54 23 Trip
2211 1402 45 12 can
2265 1401 54 13 now
2326 1396 29 18 be
2364 1396 117 18 extended
2490 1397 25 17 to
2523 1396 41 18 the
2574 1396 58 18 head
2641 1397 27 17 of
2674 1396 94 22 Rotoiti,

1877 1420 84 19 thence
1976 1420 26 18 to
2016 1420 114 22 Rotoehu,
2147 1420 102 23 opening
2262 1425 33 17 up
2311 1425 65 13 some
2394 1420 26 17 of
2434 1420 40 18 the
2495 1420 116 18 Grandest
2624 1420 102 23 Scenery
2747 1420 21 17 in

1877 1444 58 18 New
1944 1443 106 19 Zealand.

1889 1491 94 27 Special
1996 1493 169 25 Conveyances
2177 1491 46 19 and
2235 1491 87 19 Saddle
2334 1490 83 21 Horses
2428 1494 22 16 to
2462 1491 28 19 all
2501 1494 62 24 parts
2580 1492 21 18 of
2615 1491 38 19 the
2670 1490 86 20 district

2203 1522 22 15 at
2237 1519 117 22 Moderate
2366 1519 78 22 Rates.

1923 1567 48 18 Bus
1977 1567 78 18 leaves
2063 1567 65 18 Lake
2133 1567 86 22 House,
2229 1567 85 23 calling
2320 1567 25 18 at
2352 1566 31 19 all
2390 1567 82 18 Hotels
2478 1566 45 18 and
2530 1566 117 23 Boarding
2654 1566 93 19 Houses

1900 1590 36 19 for
1945 1591 226 22 Whakarewarewa,
2181 1590 70 19 twice
2260 1590 118 22 forenoon,
2389 1590 68 18 twice
2465 1590 129 18 afternoon.

1893 1785 130 26 BOOKING
2037 1784 106 26 OFFICE
2155 1784 60 26 AND
2229 1784 134 25 STABLES
2378 1783 143 26 OPPOSITE
2533 1783 102 25 GRAND
2651 1783 105 26 HOTEL.

2018 2624 42 19 very
2066 2621 46 23 Old
2120 2621 72 23 Special
2201 2621 9 20 l

2237 2884 180 44 Proprietors
2421 2905 23 10 :-

2223 2944 21 26 ie
2270 2933 140 37 nRTIi
2436 2935 5 30 I

2296 3010 169 33 £MMm,
2488 3010 80 29 scon
2569 3010 61 28 AM

2168 3149 89 37 fl.fil

2551 3145 50 57 &
2667 3147 80 54 Co

1927 3271 30 41 A.
1987 3271 71 41 AND
2083 3271 32 41 G,
2142 3270 128 47 BROOK,

1881 3330 83 24 BOOT
1978 3330 71 24 AND
2064 3330 84 24 SHOE
2168 3330 149 28 MAKERS,

1940 3371 89 20 Fenton
2044 3371 90 23 Strkkt,
2156 3371 107 20 Kotorta.

1882 3413 45 18 And
1951 3415 22 16 at
2003 3412 82 19 Parnell
2108 3418 18 13 ai
2136 3411 12 20 d
2178 3410 138 21 Newmarket.

1984 3473 39 19 and
2036 3473 66 19 vniied
2119 3474 29 18 St<
2157 3472 25 20 ck
2193 3472 21 20 of
2225 3472 91 25 English,

1884 3500 86 23 Foreign
1982 3499 38 20 and
2033 3498 91 21 Colonial
2136 3499 61 20 Boots
2208 3500 36 18 and
2254 3498 63 20 Shoes

1943 3527 23 17 to
1977 3525 72 20 choose
2061 3526 49 18 from
2122 3528 23 17 at
2155 3525 34 20 the
2201 3528 51 16 most-

1919 3563 215 32 REASONABLE
2155 3563 128 31 PRICES.

1975 3604 92 20 FKESH
2086 3605 89 19 STOCK
2187 3605 38 19 OF

1883 3638 170 24 FOOTBALL
2067 3639 99 23 BOOTS
2176 3639 43 25 just
2232 3638 86 20 arrived.

1885 3680 32 19 All
1934 3680 70 19 orders
2021 3679 39 20 arid
2078 3680 75 25 rpjairs
2169 3679 149 25 expeditiously

2048 3712 29 13 exi
2086 3707 64 18 euted.

1884 3740 23 19 S.
1921 3740 25 19 E.
1959 3739 149 23 FORDYCB,
2135 3750 8 4 -
2167 3749 9 4 -
2199 3739 119 23 Manager.

1889 3788 210 45 Rotorua
2126 3786 192 55 Library

1886 3885 103 47 OPEN'
2001 3885 53 19 -from
2066 3886 23 18 10
2101 3892 46 12 a.m.
2158 3887 22 17 to
2191 3886 10 17 5
2211 3891 49 19 p.m.
2281 3885 38 18 and

1947 3913 45 17 6.30
2003 3913 20 17 to
2035 3913 21 17 10
2063 3910 149 26 p.m.Sundays
2217 3910 34 26 till
2259 3910 9 26 9
2276 3910 8 26 p
2294 3918 25 12 tn.

1906 3949 162 23 Subscription
2077 3949 4 23 :
2094 3949 42 18 20s
2146 3949 43 18 Per
2197 3949 103 17 Annum.

1912 3987 89 19 Visitors
2018 3993 45 17 may
2082 3992 84 21 procure
2181 3986 69 19 Books
2270 3986 50 18 from

1886 4013 35 18 the
1931 4013 87 23 Library
2028 4018 25 13 on
2072 4010 85 28 making
2175 4019 12 11 a
2206 4011 79 26 deposit
2301 4011 19 20 of

1886 4041 35 16 not
1931 4038 40 19 less
1980 4039 50 18 than
2051 4040 28 21 ss,
2099 4039 39 18 and
2155 4038 126 25 purchasing
2302 4039 18 17 la

1886 4071 80 18 coupon
1975 4065 33 18 for
2018 4070 60 19 every
2090 4064 53 18 Four
2152 4063 72 19 Looks.

1912 4090 43 19 Tho
1973 4090 88 24 Library
2084 4090 18 19 is
2120 4095 52 19 open
2194 4089 76 24 during
2288 4088 32 20 the

1886 4116 94 24 ovoning.

2389 3285 134 42 HORACE
2545 3285 178 41 STEWART,

2340 3351 108 19 SADDLE,
2463 3349 124 20 HARNESS,
2600 3348 55 18 AND
2672 3348 101 17 COLLAR

2507 3380 101 20 MAKER,

2384 3417 180 21 FENTON-ST.,
2578 3415 152 19 ROTORUA.

2341 3485 104 22 Saddles,
2462 3484 93 22 Bridles,
2571 3483 94 22 Collars,
2681 3482 91 23 Chains,

2364 3516 56 23 Bits,
2428 3517 78 22 Spurs,
2516 3516 103 17 Harness
2633 3514 67 23 Soap,
2709 3514 39 19 &c.

2365 3577 116 21 Coachalino,
2492 3582 10 12 a
2518 3575 115 23 waterproof
2648 3575 126 22 preservative

2340 3601 31 18 for
2379 3601 26 17 all
2413 3600 55 17 kinds
2476 3600 20 17 of
2507 3599 78 18 leather.

2365 3632 85 21 Axleino,
2468 3637 11 11 a
2492 3630 71 23 perfect
2579 3629 95 18 lubricant
2689 3629 30 17 for
2733 3635 31 11 cur-

2341 3655 67 23 riages,
2419 3659 95 19 waggons,
2525 3655 32 16 &e.

2365 3686 72 19 Collars
2446 3685 53 19 made
2512 3686 20 16 to
2546 3689 84 13 measure
2644 3690 23 11 on
2685 3684 32 16 the
2730 3689 33 17 pro-

2341 3709 55 18 mises
2406 3716 10 11 a
2425 3707 101 24 speciality.
2565 3706 123 24 Lengthened
2700 3707 64 22 experi-

2341 3739 45 11 ence
2394 3732 19 19 in
2422 3731 26 19 all
2457 3732 65 17 classes
2532 3730 20 18 of
2557 3730 94 19 Saddler's
2662 3730 56 17 work.
2743 3730 31 17 All

2342 3755 64 19 orders
2415 3754 96 24 promptly
2520 3753 89 19 attended
2622 3754 26 17 to.

2343 3899 170 19 BARRISTER
2525 3899 65 18 AND
2609 3898 166 20 SOLICITOR.

2343 3931 145 19 Commissioner
2502 3931 20 16 of
2536 3930 32 18 the
2582 3930 91 23 Supreme
2687 3930 59 17 Court
2758 3931 19 17 of

2344 3986 88 17 Solicitor
2440 3986 20 17 to
2468 3984 32 18 the
2513 3985 47 17 N.Z.
2575 3984 129 19 Government
2718 3984 60 19 under

2458 4007 97 19 Advances
2563 4009 20 15 to
2589 4007 79 19 Settlers

2343 4040 98 17 Victoria
2451 4039 88 21 Aboaue,
2550 4038 111 22 (Jueeh-ST,
2671 4039 106 19 Auckland.

2344 4095 37 16 low
2398 4095 49 16 rates
2464 4094 19 17 of
2495 4094 85 17 interest.
2610 4094 71 22 Money
2694 4094 84 18 invested

2782 126 427 43 HINEMOASTORE.

2970 195 110 19 ROGERS
3095 195 72 20 directs
3184 200 20 16 at-

2800 228 26 10 m
2860 221 79 19 tention
2949 223 21 17 to
2977 222 35 18 tlio
3021 222 106 25 following
3133 222 51 20 lines
3194 225 20 18 of

2804 253 178 41 €HOi€£
3029 253 164 43 <6##»S.

2783 301 101 24 Byeroft's
2894 301 111 19 Snowdrift
3015 301 52 19 N.Z-
3076 301 61 19 Flour

2783 327 102 23 Sultanas,
2897 327 101 19 Muscatel
3007 327 40 19 and
3055 327 96 20 Valencia
3166 329 36 19 Rai-

2835 353 48 19 sins,
2895 353 40 18 aud
2945 353 98 20 Currants

2784 379 49 23 Figs
2841 379 40 18 and
2892 379 111 19 Preserved
3014 379 83 25 Ginger,
3109 380 68 25 Spices

2783 404 76 19 Lemon
2870 405 40 18 and
2921 405 81 25 Orange
3014 405 48 20 Peel

2817 430 3 27 •
2839 430 71 19 White
2921 432 112 24 Sugor—A
3049 432 115 25 Speciality.

2786 456 50 19 New
2847 457 91 18 Zealand
2944 457 64 25 Dairy
3015 458 145 19 Association's
3167 459 38 20 But-

2889 485 38 18 ter.

2811 508 60 19 TEA.
2931 509 114 20 COFFEE.
3099 510 93 21 COCOA.

2786 557 88 19 General
2887 558 128 20 Assortment
3032 561 21 17 of
3071 560 148 26 Storekeeper's

2966 585 74 19 Goods.

2847 623 314 56 HINEMOA~STORE.

2790 717 53 44 B.
2884 717 44 43 S.
2977 717 35 44 C
3031 718 183 19 OELETT
3216 733 5 8 '

2896 772 20 20 A
2923 773 20 19 R
2951 773 16 21 C
2976 773 19 19 H
3005 773 35 21 IT
3047 773 41 21 EC
3097 774 21 23 T,

2869 808 98 25 Building
2982 810 108 24 Surveyor,
3109 811 34 17 &c.

2793 884 68 23 Agent
2881 882 34 19 for
2934 882 34 19 the
2992 883 97 19 National
3114 884 47 19 Fire
3184 884 38 19 and

2883 909 81 19 iVlarine
2971 910 114 19 Insurance
3097 910 35 19 Co.

2798 967 43 23 \T
2857 968 18 19 O
2892 968 20 19 K
2927 968 17 19 O
2961 968 10 19 I
2988 969 17 18 A
3076 968 42 22 T7
3170 967 2 23 f

2793 1052 245 33 BOARDING
3056 1053 168 34 HOUSK

2793 1112 112 28 Opposite
2920 1112 40 20 the
2975 1114 54 18 Post
3041 1113 46 20 and
3098 1115 126 25 Telegraph

2970 1139 80 20 oh:cc

2793 1171 45 19 And
2856 1177 52 13 Tipar
2928 1171 34 19 the
2982 1171 121 20 OeKhrated
3127 1171 97 21 PRIEST

2820 1197 1 26 :
2832 1197 117 19 RACHEL
2967 1199 38 18 and
3019 1198 57 20 other
3087 1198 97 25 BATHS,

2938 1223 144 21 ROTORUA.

2793 1276 112 26 TERMS:
2914 1276 43 18 25s
2964 1281 42 18 per
3012 1276 72 23 week,
3094 1277 28 19 5s
3129 1282 41 18 per
3176 1278 50 24 day.

2827 1307 115 41 MRS
2986 1307 207 46 YOUNG,

2906 1357 2 21 '
2927 1357 172 21 PnOPHTETSKSS.

2796 1427 153 46 Rotor
2953 1441 62 32 ua
3034 1428 193 58 Bakery

2808 1629 105 31 BAKER
2925 1630 26 30 &
2961 1630 253 32 CONFECTIONER.

2847 1708 86 23 Bread
2946 1709 134 23 delivered
3095 1709 79 30 daily.

2847 1777 167 24 GKOCEKIEs,

2992 1813 144 21 DRAPERY,

2986 1851 45 14 AND

2793 1880 125 17 GENERAL
2924 1880 206 18 STOREKEEPER'S
3138 1881 87 17 GOODS.

2812 1932 43 46 J.
2885 1933 47 46 R,
2969 1932 236 51 LU^DOJM,

2927 2003 165 22 SOLICITOR,

2814 2040 29 19 2(S,
2855 2039 218 21 SnORTLAXD-STIIEET,
3083 2040 119 17 AUCKLAND.

2789 2085 157 17 N.B.—Attends
2955 2087 80 21 country
3044 2086 67 18 Courts
3120 2086 26 23 by
3158 2087 66 22 special

2789 2109 141 22 arrangement.

2847 2165 315 47 JIUCIUJLND

2802 2245 175 40 COFFEE
3019 2246 190 40 PALACE.

2841 2316 145 31 QUEEN
3007 2318 164 31 STREET,

2789 2376 63 23 Also
2877 2377 107 30 opposite
3007 2377 106 23 Herald
3142 2377 79 30 Office.

2890 2568 239 25 PROPRIETOR.

2840 2635 29 25 J.
2891 2635 50 26 W.
2964 2635 210 29 WRIGLEY,

2813 2702 387 22 ARCHITECT,

2920 2735 184 17 RGTORUH.

2817 2799 70 23 Agent
2895 2800 28 17 foi
2942 2800 36 18 the
2996 2800 65 19 South
3081 2800 79 18 British
3179 2800 43 18 Fire

2791 2825 41 18 and
2843 2826 80 18 Marino
2932 2825 112 20 lusrrance
3055 2826 110 25 Company.

2795 2886 120 31 UNITED
3144 2887 78 36 COY.,

2855 2993 154 29 CAPITAL,
3025 2994 143 28 £500,000.

2836 3062 52 18 IKE
2895 3063 54 18 risks
2957 3064 21 17 of
2986 3064 26 19 all
3021 3064 75 19 classes
3101 3063 124 20 undertaken

2798 3061 49 46 Ifl
2853 3061 35 20 RE
2895 3063 54 18 risks
2957 3064 22 17 of
2986 3071 5 11 (

2865 3091 21 16 at
2896 3088 71 21 lowest
2977 3097 16 11 ei

2794 3123 77 19 Claims
2880 3124 72 19 settled
2963 3125 102 24 promptly
3075 3125 39 19 and
3129 3125 96 24 liberally.

2806 3172 48 17 New
2863 3172 83 19 Zealand
2957 3174 56 17 Head
3022 3174 62 21 Office,
3095 3174 120 24 Wellington.

2829 3200 92 17 Resident
2930 3201 47 20 Sec,
2987 3201 67 18 James
3063 3202 19 17 S.
3095 3201 100 18 Jameson.

2921 3233 101 20 Auckland
3031 3233 74 24 Agent:

2857 3262 24 17 A.
2894 3262 110 21 Heatjieu,
3015 3263 76 18 Custom
3100 3264 68 17 Street.

2930 3300 85 17 Rotoruu
3024 3300 73 23 Agent:

2843 3332 21 17 F.
2879 3333 20 16 F.
2910 3332 68 21 Watt,
2993 3334 116 17 Chkoxicxe
3120 3334 63 17 Office.

2795 3378 29 17 W.
2831 3378 23 17 L.
2862 3378 99 20 Fouster,
2972 3383 43 17 c.e.,
3042 3379 24 17 11.
3078 3379 30 17 W.
3117 3380 109 17 Mitchell,

2881 3414 38 10 LATB
3053 3415 96 12 A.DTHORISID
3158 3415 40 11 LAND

2796 3431 80 11 KHOIHEER
2883 3431 70 10 IiLDLAND
2960 3431 76 13 RAILWAY.
3056 3433 9 9 4.
3075 3433 55 10 MINiNO
3145 3432 81 11 SURVEYOR.

2797 3448 86 15 HiUiiiH
3042 3448 80 18 RoTOEUA
3132 3450 13 15 &
3155 3451 71 14 J'AKIIUA.

2798 3518 161 40 FORSTER
2986 3519 25 40 &
3044 3519 180 44 MITCHELL,

2825 3577 112 26 MINING
2954 3577 171 26 ENGINEERS
3144 3579 60 25 AND

2927 3612 186 28 SURVEYORS,

2797 3654 121 18 VALUERS
2931 3655 32 18 OF
2972 3656 99 17 MINING
3083 3656 54 17 AND
3147 3654 79 20 OTHEE

2932 3678 165 21 PROPERTIES,

2788 3716 1 20 i
2868 3716 107 20 Hauhaki,
2993 3716 51 17 New
3059 3716 103 17 Zealand.

2821 3779 95 17 Members
2925 3779 21 17 of
2954 3779 32 17 tliu
2995 3779 47 17 N.Z.
3052 3779 90 17 Institute
3156 3779 19 17 of
3188 3778 38 18 Sur-

2870 3881 118 17 Nokmaxiiy
3001 3882 62 19 Road,
3076 3881 87 17 Paekoa.

2829 3932 70 18 TO'lE
2920 3938 62 18 paper
3002 3932 40 19 and
3059 3930 113 27 Envelopes
3189 3928 37 21 with

2801 3955 36 19 -i-i
2883 3957 80 26 printed
2977 3957 91 26 heading
3077 3959 22 18 at
3108 3957 65 26 cheap
3180 3958 47 18 rates

2802 3987 20 16 at
2833 3984 108 19 Chronicle
2956 3985 61 17 ollice.
