3290 4290
213 437 413 11 Hot
764 437 687 11 Lakes
1589 437 1375 11 Chronicle.

445 408 213 36 JLISTJD
711 408 479 41 TCUBISTS
1197 413 14 16 7

2084 415 479 40 CTOTJE/lsrj^L.

458 521 449 88 Circulating
927 525 455 85 throughout
1404 523 126 69 the
1554 523 287 69 Tourist
1887 525 304 71 Resorts
2238 529 80 67 of
2352 530 127 67 the
2523 530 268 71 World,

80 677 14 18 y
155 672 2 23 •
199 672 36 18 N'o.
253 673 46 17 170.

1286 674 138 21 KOTOEUA,
1441 675 58 20 N.Z.,
1518 673 185 22 WEDNESDAY,
1720 673 87 20 APrt.TL
1820 676 17 19 8,
1858 676 47 16 18'Jfi

2842 685 259 24 PJKICE—THEEEPEN
3107 691 22 18 CI

78 757 21 25 BY
112 754 83 25 SPECIAL
221 736 73 59 Jfj||
306 753 113 25 APPOIHTMI

105 803 55 27 ASK
185 802 144 24 GROCERS
355 802 56 25 FOR

58 843 192 18 i^M^USi:^:-!

72 867 3 44 :
133 867 3 44 i
165 867 43 44 K

282 920 59 23 lf»J

106 1067 155 27 CEYLON

108 1103 127 24 INDIAN
268 1101 30 26 &

106 1137 102 21 RLFNI

180 1176 152 18 AWARDED

85 1204 63 24 GOLD
158 1204 55 22 AND
223 1204 97 22 SILVER
332 1204 107 23 MEDALS

98 1245 53 25 Why
166 1245 43 24 buy
225 1244 96 19 Inferior
336 1245 55 19 Teas
406 1245 63 19 when

63 1279 31 21 you
106 1277 39 14 can
159 1271 36 25 get
210 1270 23 20 N.
250 1270 27 20 M.
294 1270 16 19 &
326 1271 54 19 Co.'s
395 1273 23 18 at
432 1271 37 20 the

124 1296 61 28 price.
218 1296 35 20 All
268 1297 77 19 others
364 1303 38 14 are
418 1298 50 24 only

62 1325 58 25 copies
137 1324 21 19 in
178 1328 71 17 name,
264 1323 44 19 and
331 1329 38 13 are
385 1323 83 25 pushed

63 1353 24 19 [or
98 1352 58 19 extra
170 1349 73 25 profit.

99 1386 9 11 X
118 1383 41 17 proof
169 1383 17 13 of
198 1383 25 14 the
236 1382 94 17 superiority
342 1383 15 12 of
367 1382 18 14 N.
398 1383 20 13 M.
427 1383 11 14 &

85 1402 34 12 Co.'s
128 1400 36 12 Toaa
171 1400 12 12 is
193 1399 26 13 tlio
229 1399 31 13 fact
270 1400 34 12 that
313 1398 74 16 although
395 1399 43 13 there

84 1422 22 8 nre
114 1416 74 14 hundreds
200 1416 15 12 of
226 1416 55 16 packet
291 1418 32 10 te:is
335 1419 18 9 on
366 1415 26 13 the
402 1419 36 9 n-nr.

85 1435 26 12 V..:,
129 1433 16 12 N.
157 1432 21 13 M.
192 1431 10 13 &
218 1431 40 14 Co.'s
273 1432 38 13 Tons
326 1435 26 9 are
369 1431 14 13 in
401 1432 37 13 mioh

85 1449 56 14 demand
152 1448 33 13 Uiat
197 1447 36 18 they
245 1448 28 13 sell
285 1448 53 16 nearly
350 1448 88 13 ouu-rourth

113 1466 23 12 the
154 1464 46 14 whole
218 1465 16 13 of
251 1467 27 10 the
296 1466 24 11 tea
339 1464 85 14 consumed.

63 1486 85 25 SOLD
185 1484 22 23 E
210 1483 106 25 VERY
319 1484 62 24 Wi-i
389 1484 12 22 E

147 1599 33 24 Do
193 1599 56 24 not
262 1598 118 31 Forget
449 1603 28 19 m

133 1644 248 47 CEAIG'S
449 1656 23 43 r
472 1640 5 26 1

101 1708 159 22 CTJISIOSITY
280 1709 80 18 SHOP
379 1708 46 19 and
449 1694 9 43 |

188 1736 141 23 MUSEUM,

61 1773 19 27 >3
122 1776 109 24 Opposite
239 1776 78 19 Grand
324 1776 76 22 Hotel,
449 1780 10 13 a

61 1795 19 47 I
89 1816 118 28 PRINCES
218 1817 44 25 ST.
273 1795 186 54 AUCKLAND.f

61 1846 19 17 m
450 1847 27 16 r.u

106 2725 1 20 '
115 2733 6 11 x
146 2728 14 17 X
173 2732 8 13 t
214 2728 17 17 'X
244 2725 27 19 S~i
275 2738 5 7 .

172 2773 128 21 FRUITER
304 2773 40 19 El*.

316 2815 133 21 Obinemutu.

122 2891 60 24 Fruit,
193 2891 47 19 both
256 2891 49 20 local
317 2891 36 19 and
368 2891 32 19 im.

170 2917 67 26 ported
251 2925 24 11 on
289 2917 58 20 I'iind,

212 2945 19 17 A
242 2950 10 12 r,
263 2950 38 14 so,

169 2972 14 17 A
205 2970 42 19 well
259 2972 91 18 assorted

103 2996 50 19 Mm];
164 2996 20 19 of
197 2996 84 23 IJi-cwit,
295 2995 118 21 P'mfeetinn-

64 3025 25 16 «ry
97 3022 34 20 and
141 3025 88 17 Summer
244 3023 76 19 Drinks
333 3025 21 17 at
371 3022 105 20 Moderate

223 3049 73 20 Prices.

154 3140 25 21 •'.-..-
181 3147 11 9 Jj
205 3140 38 21 Lrjc
254 3140 41 19 °™~-
305 3149 41 12 Bono
355 3152 11 9 m

66 3184 17 31 C
98 3186 26 33 A
137 3187 28 33 R
183 3188 27 32 P
229 3187 187 33 BJTE
434 3187 41 36 E,

150 3229 101 17 I'EVrON
268 3229 103 21 STREET,

140 3261 96 19 OrrosiTE
285 3263 80 17 Graxu.

82 3287 56 20 Sashes
145 3290 52 18 made
206 3292 19 17 to
235 3291 60 18 order.

142 3349 25 40 F.
211 3350 172 47 GOODSOM,

188 3402 149 32 RQTGRUA

71 3441 61 36 BOAL
148 3446 24 31 &
192 3446 167 32 FIREWOOD
379 3446 98 37 YARD,

134 3491 139 18 ITKUATUA
286 3491 101 22 STREET,

84 3568 52 20 Goods
144 3571 89 19 delivered
242 3573 49 17 after
305 3572 67 17 arrival
387 3573 20 16 of
419 3572 58 18 trains

73 3592 33 18 °alJ
115 3596 46 20 parts
170 3595 19 18 of
197 3596 32 17 the
237 3597 52 16 town
298 3596 45 16 with
352 3596 125 22 promptness.

80 3628 34 18 "'go
122 3625 51 19 Stock
186 3627 21 17 of
222 3627 45 18 Coal
284 3627 38 17 and
338 3627 99 17 Firewood
449 3627 19 17 al-

120 3655 47 16 ways
176 3655 23 12 on
208 3650 51 17 hand
269 3650 37 17 and
315 3650 95 17 delivered

185 3674 20 16 at
212 3674 32 17 the
257 3674 82 17 shortest

226 3697 68 17 notice.

84 3719 54 21 RATA
143 3728 40 14 AND
188 3725 54 17 TAW
244 3726 17 17 A
266 3730 26 13 AT
298 3729 80 14 LOTTEST
386 3729 69 14 RATES.

77 3763 170 22 UCKLAXD
260 3768 217 17 ADVERTISING

202 3791 111 19 AGENCY,

84 3816 83 22 Victoria
180 3821 88 22 Arcade,
282 3822 73 19 Queex
371 3822 85 17 Street.

77 3851 4 25 _
108 3851 113 25 Advertising
228 3853 18 18 in
256 3853 25 18 all
294 3853 24 18 its
326 3853 98 18 branches.

77 3876 30 17 'W,
119 3874 69 23 Unique
205 3876 37 17 and
254 3876 86 19 Tasteful
357 3876 111 18 Advertisin,

217 3900 90 17 Medium.

84 3917 57 21 Orders
149 3921 46 17 from
205 3923 24 17 all
237 3924 53 21 parts
299 3923 90 17 attended
398 3924 20 16 to
433 3923 44 16 with

85 3943 52 16 "'and
146 3945 110 21 expedition.

73 4064 106 37 IH.W.
194 4071 267 35 MITCHELL,

147 4127 111 22 SUuijovigco

190 4182 142 23 RQTORim.

786 929 282 54 ROTORM,
1113 933 126 46 .NEW
1276 932 272 46 ZEMhUHD.

497 1017 37 42 T>
541 1017 180 18 OTORUA.—This
730 1019 105 19 wonderful
842 1021 74 19 district
924 1022 15 17 is
948 1022 129 22 unparalleled
1085 1022 18 17 in
1113 1023 33 17 t'ao
1153 1023 70 17 known
1233 1022 58 18 woild
1301 1021 30 18 for
1338 1021 32 18 the
1379 1022 79 18 number
1466 1022 37 17 and
1512 1023 73 21 variety
1594 1021 20 18 of
1623 1021 23 18 its
1655 1020 87 19 Thermal
1752 1021 84 23 Springs.

524 1042 15 17 \i
565 1041 26 17 As
600 1047 11 11 11
619 1040 66 18 health
693 1042 61 17 resort
761 1042 25 18 its
794 1044 110 24 popularity
911 1044 16 18 is
936 1044 76 24 rapidly
1018 1044 111 25 increasing,
1139 1046 39 17 and
1190 1046 43 17 that
1248 1045 79 22 entirely
1345 1051 24 10 on
1381 1045 24 17 its
1423 1051 42 12 own
1483 1045 69 22 merits,
1571 1052 19 9 .-is
1607 1045 83 16 hitherto
1706 1044 82 23 nothing
1805 1046 33 15 has

496 1063 45 17 been
552 1063 48 18 done
610 1064 17 16 in
637 1064 33 17 the
678 1070 42 16 way
730 1065 20 17 of
758 1065 121 19 advertism™.

519 1086 85 18 Patients
614 1086 92 24 suffering
713 1087 47 18 from
771 1088 86 23 Chronic,
868 1091 100 19 Articular,
979 1091 36 17 and
1025 1091 94 18 Muscular
1129 1091 129 21 rheumatism,
1268 1091 56 20 Gout,
1334 1091 102 18 Rkumatic
1441 1091 57 21 Gout,
1512 1091 45 17 Skin
1567 1091 91 20 Diseases,
1675 1089 85 21 Sciatica,
1778 1090 45 17 Lum-

496 1109 55 22 bago,
573 1109 109 23 Neuralgia,
701 1110 84 19 Nervous
802 1110 125 23 Exhaustion,
945 1113 79 18 Uterine
1040 1114 98 22 Ailments,
1156 1114 38 18 and
1210 1113 56 24 tardy
1282 1114 139 17 eonvalesecnse
1439 1114 48 18 from
1503 1117 55 15 acute
1575 1114 79 18 diseases
1669 1119 46 17 may
1731 1113 40 23 rely
1786 1119 53 17 ujjoii

496 1133 100 23 obtaining
604 1133 91 17 immense
704 1133 58 22 relief,
772 1135 37 17 and
819 1136 19 16 in
846 1136 31 17 the
887 1136 89 23 majority
986 1138 19 15 of
1014 1142 50 13 cases
1072 1144 12 10 .••.
1092 1138 92 22 complete
1193 1143 49 12 cure.

520 1192 52 18 THE
586 1192 113 19 PRIEST'S
707 1194 146 20 BATH.—This
859 1196 18 18 is
885 1197 89 23 strongly
981 1197 48 18 acid,
1044 1197 111 21 aluminous,
1171 1198 80 23 stilphur
1267 1198 64 20 water,
1349 1197 63 23 rwting
1430 1204 19 10 ,-if,
1466 1204 11 10 a
1490 1197 95 24 poAVerful
1602 1197 42 17 skin
1661 1196 103 18 stimulant.
1797 1197 42 16 Hot

496 1215 38 17 ami
543 1215 42 19 cold
595 1216 87 19 showers,
693 1216 37 18 and
739 1216 81 20 douches
830 1225 29 12 are
869 1225 42 17 pro?
918 1220 41 17 ided
968 1220 37 17 and
1014 1221 125 22 comfortably
1148 1221 85 18 enclosed
1242 1220 87 22 dressing
1336 1227 62 10 rooms

520 1238 114 18 MADAME
656 1239 125 19 RACHEL'S
802 1241 145 19 BATH.—This
955 1242 106 19 celebrated
1070 1243 70 24 Spring
1146 1244 18 17 is
1171 1250 11 11 a
1198 1244 62 17 Saline
1275 1244 58 17 water
1346 1243 46 18 with
1407 1243 91 22 Silicates,
1513 1244 38 17 and
1564 1244 33 17 !ms
1615 1249 23 11 an
1652 1242 82 18 alkaline
1750 1243 88 17 reaction.

496 1261 39 18 The
544 1263 43 16 watt
595 1268 8 10 r
612 1262 15 16 is
636 1261 41 19 also
686 1268 21 12 us
714 1262 17 18 (d
739 1263 101 24 internally
850 1266 29 17 for
888 1267 23 16 its
921 1265 95 19 beneficial
1026 1267 62 17 action
1097 1273 24 11 on
1130 1267 32 17 the
1170 1267 85 21 kidneys.

520 1284 52 18 THE
594 1285 70 16 BLUE
684 1285 144 20 BATH.—This
845 1289 15 16 is
878 1289 31 17 the
926 1289 70 23 largest
1013 1289 73 18 natural
1105 1290 107 23 swimming
1228 1289 45 17 bath
1289 1289 19 17 in
1324 1289 31 17 the
1372 1289 94 18 Southern
1473 1290 131 24 Hemisphere.
1630 1289 20 18 It
1658 1288 69 19 affords
1734 1289 105 18 rheumatic

496 1307 81 18 mvfllids
587 1307 3 29 :
591 1307 4 29 J
607 1314 64 11 means
679 1308 21 17 of
708 1308 68 24 talcing
783 1311 81 20 painless
873 1312 87 21 exorcise,
971 1312 59 17 which
1040 1312 45 22 thoy
1094 1312 68 24 highly
1171 1312 112 23 appreciate.

521 1331 52 17 THE
583 1331 21 16 SI
616 1331 91 17 LPHUR
714 1332 106 19 VAPOUR
828 1334 146 18 BATH.—This
980 1334 17 18 is
1002 1341 12 11 a
1019 1335 77 18 natural
1099 1336 35 18 hot
1138 1341 80 18 vapour,
1223 1335 69 24 highly
1298 1334 82 24 charged
1384 1335 48 18 with
1437 1336 80 22 sulphur
1524 1341 61 18 gases,
1597 1335 105 17 conducted
1714 1335 41 17 into
1769 1341 12 11 a
1795 1340 33 17 pro-

497 1353 55 23 perly
560 1354 120 17 constructed
689 1355 57 20 chest,
758 1355 19 18 in
784 1356 62 18 which
852 1357 32 18 the
892 1358 33 17 the
929 1359 73 21 patient
1011 1358 39 20 sits,
1061 1359 54 17 while
1124 1364 11 12 a
1141 1360 70 16 stream
1216 1359 21 17 of
1240 1358 89 23 palpable
1338 1358 79 22 sulphur
1421 1359 17 17 is
1442 1359 58 23 being
1505 1359 108 22 constantly
1618 1357 97 24 deposited
1720 1363 25 13 on
1751 1358 34 18 the
1791 1358 48 18 skin.

521 1376 53 18 THE
595 1378 53 16 NKv'»
676 1377 122 19 SULPHUR
818 1380 85 19 BATH.-
915 1382 13 15 -'I
937 1382 27 15 his
977 1381 14 16 is
1005 1388 8 9 a
1028 1387 44 17 very
1085 1383 65 21 strong
1163 1382 58 17 acidic
1235 1382 57 17 water
1304 1382 20 17 of
1336 1381 45 21 high
1395 1383 131 21 temperature,
1540 1381 38 18 and
1595 1381 86 22 strongly
1698 1380 141 19 recommended

497 1399 18 17 in
534 1406 50 11 cases
602 1400 19 18 of
637 1400 124 19 rheumatism
769 1402 38 18 and
815 1402 57 19 allied
880 1404 86 18 diseases.
992 1404 39 17 The
1038 1404 47 19 batb
1100 1405 58 17 house
1174 1406 16 16 is
1206 1404 76 18 divided
1298 1404 40 17 into
1353 1404 67 19 Ladies
1438 1406 37 15 and
1491 1405 121 18 Gentlemens
1629 1404 128 23 departments
1772 1404 36 16 and
1825 1404 14 16 is

497 1423 78 22 capable
584 1423 19 18 of
612 1423 205 23 accommodating-100
827 1426 76 19 bathers
912 1427 57 23 daily.

523 1446 31 28 TII
562 1447 12 15 K
587 1446 159 18 IILKCTJiI'C'AL
1017 1450 119 22 department
1151 1451 16 17 is
1185 1452 70 22 replete
1273 1451 44 17 with
1332 1451 32 17 the
1380 1453 48 15 most
1442 1451 77 19 modern
1537 1452 107 22 appliances
1660 1451 29 17 for
1706 1451 88 22 carrying
1808 1451 31 16 out

498 1468 76 18 various
583 1470 58 16 forms
650 1470 20 17 of
679 1470 77 18 medieal
766 1471 91 19 electrical
868 1474 98 17 treatment
979 1474 16 16 in
1007 1474 48 17 their
1066 1474 86 22 entirety.

523 1492 54 18 THE
581 1492 192 20 HYDROPATHIC
779 1494 117 20 PACKING
901 1496 54 18 AND
962 1496 119 19 MASSAGE
1085 1494 227 21 DEPARTMENT.—A
1317 1497 55 18 series
1378 1498 20 17 of
1403 1503 62 12 rooms
1471 1504 32 11 are
1511 1497 99 18 furnished
1618 1497 38 17 and
1663 1498 30 17 set
1698 1498 56 21 apart
1759 1497 31 17 for
1794 1496 45 18 each

500 1521 36 11 sex.
544 1515 107 18 inorderto
660 1522 55 17 carry
719 1518 34 16 out
762 1517 37 18 this
804 1518 106 23 important
913 1519 71 23 adjunc
999 1521 19 16 to
1025 1521 107 17 treatment.
1139 1521 35 17 The
1184 1521 78 17 seirriees
1268 1521 21 17 of
1292 1520 106 24 aqualified
1401 1521 97 18 Masseuse
1503 1521 38 18 and
1546 1521 86 18 Masseur
1640 1526 30 11 are
1679 1520 114 18 obtainable.

503 1571 86 17 Resident
600 1571 95 21 Engineer
703 1571 3 21 :

570 1594 116 18 CAMILLE
699 1595 131 23 MALPROT,
842 1598 45 19 Esq;

1390 1576 90 18 Resident
1489 1576 80 19 Medical
1579 1576 169 21 Superintendent:

1467 1599 103 19 ALFRED
1584 1599 119 20 GLNDERS,
1717 1599 54 18 M.D.

680 1926 47 39 f*
753 1927 37 38 p
811 1929 46 32 V
878 1929 37 29 C;

1023 2030 16 22 /
1041 2031 6 10 J
1066 2030 24 23 A
1115 2031 24 22 T
1155 2031 23 23 R
1199 2031 21 24 0
1238 2032 32 21 N
1288 2031 40 25 S.;

643 2059 19 30 ?,
664 2059 33 18 arl
722 2059 26 18 of
770 2059 105 24 Kmtbre,
902 2061 54 18 Earl
981 2062 26 18 of
1030 2061 99 23 Onslow,
1152 2062 105 24 Marquis
1278 2063 26 18 of
1323 2063 126 23 Drogheda.
1473 2064 61 19 Lord
1555 2064 146 23 Carrington.

502 2083 89 33 rpiHlS
605 2082 93 20 HOTEL
709 2083 35 18 lias
756 2083 87 25 recently
855 2085 50 19 lioen
917 2085 140 24 considerably
1066 2085 103 24 enlarged,
1181 2086 116 24 renovated,
1309 2087 39 18 ami
1359 2088 128 19 rot'uniisliod
1497 2088 114 26 regardless
1621 2090 20 17 of
1657 2094 93 19 expanse,
1771 2089 39 18 mid
1828 2089 16 18 is

508 2109 22 19 JL
570 2109 71 24 widely
652 2108 72 19 known
738 2110 30 17 fur
780 2109 25 19 its
815 2111 96 18 excellent
924 2111 176 21 accommodation,
1113 2112 87 23 Cuisine,
1214 2113 33 18 &c.

876 2146 72 25 Here
962 2155 45 14 arc
1019 2146 40 23 the
1074 2146 80 31 Chief
1162 2147 90 31 Sights
1263 2147 33 31 of
1303 2148 40 22 the
1355 2147 117 25 District.

630 2184 48 17 The
835 2186 81 17 Steam
925 2186 51 18 and'
981 2185 48 19 Hot
1038 2186 82 18 Water
1129 2186 130 24 Petrifying
1268 2187 99 25 Geysers
1381 2184 80 26 paying
1464 2185 74 25 Nearly
1557 2190 32 15 100
1607 2188 38 18 feet
1661 2182 50 28 bifsh:

501 2206 130 24 Petrifying
641 2206 106 24 Geysers,
758 2208 129 18 Cauldrons
897 2208 25 18 of
929 2208 91 24 Boiling
1028 2209 57 18 Mud
1094 2210 46 17 and
1149 2210 42 18 Oil.
1218 2210 76 23 Spout
1302 2206 66 27 'Bath,
1379 2210 36 19 Oil
1499 2212 69 18 Alum
1580 2212 59 17 Bath
1648 2212 20 17 &
1684 2212 78 18 Jack's
1776 2212 66 19 Bath.

502 2230 80 20 Known
595 2229 234 26 fortlieixtraordiuary
839 2238 56 13 cures
902 2235 18 15 ol
934 2233 146 23 Hlieuiuatisui,
1092 2233 119 25 ISeuralgia,
1221 2233 113 26 Lumbago,
1343 2234 91 25 Sciatica,
1442 2234 88 26 Kidney,
1543 2235 61 20 Liver
1612 2235 40 19 and
1657 2235 60 19 other
1724 2235 120 26 complaints

617 2263 42 47 G.
687 2266 40 43 E.
749 2264 237 50 .NELSON,
1098 2292 18 7 -
1203 2293 18 7 -
1309 2293 18 7 -
1447 2269 280 56 Proprietor.

912 2323 102 26 Guide
1118 2339 9 4 -
1195 2339 15 5 -
1311 2325 124 27 Sophia.

644 2610 123 26 EXCEL

844 2474 215 53 i§mE
1117 2476 152 52 HST

922 2540 39 22 On
985 2540 40 23 the
1049 2540 90 23 Direct
1162 2541 80 22 Route
1263 2544 23 19 it)
1306 2540 103 25 Rotorua-

878 2585 28 18 .•y,
922 2580 109 18 Curative
1043 2580 131 23 Properties
1183 2581 26 17 of
1216 2580 40 19 the
1265 2580 73 19 Baths
1347 2581 45 18 and
1401 2582 207 23 accommodation,

902 2611 140 25 PLAGES
1074 2611 45 25 OF
1149 2612 74 25 THE
1258 2612 87 26 KIND
1378 2613 31 26 IN
1441 2614 74 25 THE
1548 2614 160 26 COLONY.

526 2675 67 19 Those
604 2674 92 26 ~prin<rs,
708 2673 65 20 whicli
785 2674 31 18 for
827 2674 53 19 their
900 2673 95 20 Curative
1006 2673 115 26 Properties
1131 2679 40 15 ana
1182 2679 137 15 UomlO'rtatile
1330 2679 95 21 l'lttmgs,
1437 2679 51 16 have
1501 2679 47 18 been
1568 2679 128 23 pronounced
1711 2679 27 18 l>v
1754 2679 28 18 all
1799 2680 44 17 who

501 2701 51 19 have
573 2700 73 20 visited
667 2700 55 19 them
738 2706 76 13 second
832 2706 24 13 to
875 2706 53 13 n-oxe
945 2706 22 12 is
983 2699 52 19 New
1052 2700 105 19 Zbalaxd.
1186 2700 42 20 The
1242 2706 110 14 numerous
1361 2702 134 19 testimonials
1505 2704 92 19 received
1607 2709 23 13 as
1640 2706 22 17 to
1670 2703 56 20 their
1734 2711 58 14 cures
1801 2706 42 19 and

501 2726 171 20 comfort'should
691 2726 26 19 he
734 2726 99 19 sufficient
852 2729 20 16 to
889 2726 72 19 induce
976 2725 91 20 Tourists
1084 2726 41 20 and
1136 2728 68 19 others
1222 2729 20 17 to
1252 2727 48 19 visit
1310 2727 62 19 them.
1401 2727 33 20 No
1442 2732 60 16 extra
1509 2728 77 26 charge
1596 2730 19 19 is
1622 2729 60 20 made
1691 2730 33 19 for
1732 2730 36 21 the
1777 2737 36 14 use
1823 2732 20 19 of

501 2754 33 18 the
545 2753 62 20 baths
618 2756 19 16 to
648 2758 83 19 persons
741 2753 82 24 slaying
833 2754 20 18 at
865 2752 33 19 the
909 2751 60 20 hotel.

820 2799 83 26 THE
929 2786 531 41 OKOKoTre'saNATORIUM

527 2841 21 19 Is
558 2840 109 21 connected
679 2840 48 19 with
739 2840 34 19 the
783 2840 135 25 Telegraphic
928 2842 74 23 system
1013 2840 21 19 of
1044 2840 33 19 the
1089 2840 81 25 Colony,
1181 2841 35 18 the
1223 2840 116 26 Telegraph
1350 2841 61 19 Offico
1421 2842 107 26 adjoining
1539 2844 34 18 the
1584 2843 70 19 Hotel.
1682 2844 36 23 4.11
1725 2844 118 25 Telegrams

501 2867 101 27 promptly
614 2866 77 23 replied
702 2869 25 16 to.

528 2894 96 22 Cvaehes,
635 2892 99 26 BuggiesJ
746 2891 41 20 and
796 2891 143 25 Conveyances
947 2892 22 19 of
978 2891 28 19 all
1015 2891 60 19 kinds
1095 2891 55 20 leave
1169 2892 40 19 this
1229 2892 61 19 Hotel
1307 2899 24 12 on
1351 2892 109 26 Tuesdays,
1483 2895 123 25 Thursday's,
1625 2895 40 19 and
1684 2895 113 25 Saturdays
1822 2903 21 13 or

501 2920 55 24 daily
566 2920 17 19 if
594 2919 103 25 required.
738 2918 88 19 Persons
845 2925 24 12 en
888 2921 57 16 route
965 2918 31 18 for
1015 2917 90 20 Eotorua
1121 2924 32 13 are
1173 2918 102 19 therefore
1295 2918 85 20 enabled
1441 2921 47 18 visit,
1498 2920 34 20 the
1549 2921 92 20 wonders
1648 2921 23 20 of
1682 2921 105 26 Okoroire,
1804 2924 39 18 and

501 2946 61 25 enjoy
573 2946 34 19 thfl
618 2944 90 20 Natural
717 2944 44 19 Hot
771 2944 64 19 Baths
846 2944 38 19 and
894 2951 11 12 a
915 2944 56 24 day's
983 2947 40 15 rest
1033 2944 93 24 previous
1137 2947 19 16 to
1169 2944 138 26 undertaking
1318 2951 11 12 a
1338 2944 87 26 journey
1436 2949 19 16 to
1466 2947 34 19 the
1512 2946 73 21 Lakes.

674 3021 45 19 Has
727 3020 90 25 recently
828 3019 4 26 1
839 3026 37 13 eon
889 3020 84 22 eroded,
983 3019 40 19 and
1037 3019 17 19 is
1064 3021 76 24 replete
1150 3021 48 19 with
1217 3028 32 13 eve

530 3047 187 20 Note.—Tourists
726 3050 21 16 to
757 3047 91 18 Koroma
856 3045 4 26 !
889 3046 30 19 Be
928 3052 46 12 sure
988 3048 20 16 to
1025 3045 47 20 take
1091 3054 51 16 your
1161 3048 29 18 rai
1200 3054 44 17 way

501 3075 105 23 Okoroire,
618 3074 95 24 carrying
723 3078 121 20 passengers
854 3075 20 15 to
885 3072 62 19 Hotel
957 3073 43 17 free
1016 3071 21 19 of
1046 3071 80 26 charge.

1348 3027 20 13 in
1382 3027 31 13 ror
1427 3027 56 14 louri

1353 3048 32 18 for
1401 3047 78 21 Okohoi

1524 3022 39 21 and
1575 3024 97 19 Invalids.

1552 3048 143 25 Conveyances
1709 3054 52 16 meet
1780 3052 62 18 trains

905 3351 329 55 iERTSON
1301 3353 162 54 AND
1512 3356 65 54 O

761 3415 245 41 EXPRESS
1041 3413 134 39 LINE
1212 3415 69 40 OF
1319 3416 263 40 COACHES.

503 3468 230 57 Carrying
751 3467 97 46 Her
874 3466 252 55 Jftajesty's
1162 3466 136 45 cMails
1331 3479 50 35 as
1419 3481 83 43 per
1533 3470 310 59 Time-tables,

667 3536 274 21 TATJBANGA-EOTOBUA
953 3535 70 17 LIXE.

658 3578 68 23 depart
771 3576 87 22 Tuesday
867 3575 38 18 and
913 3573 95 23 Saturday

768 3668 85 22 Monday
870 3667 38 18 and
924 3666 71 22 Friday

1064 3575 10 14 fi
1083 3579 43 12 a.m.

1023 3597 51 17 10.30
1082 3603 44 11 a.iu.

1023 3620 50 17 IQAS
1082 3626 43 12 a.m.

1063 3644 11 15 (!
1080 3648 45 16 p.m.

1063 3666 9 17 7
1081 3672 43 11 a.m.

1020 3689 51 16 12.30
1081 3694 43 16 p.m.

1020 3713 50 15 12.-J0
1079 3718 45 15 p.m.

1030 3735 40 16 3.1j
1079 3740 45 16 p.m.

1175 3575 85 17 Eotorua
1315 3575 67 22 depart

1175 3598 97 17 Ateamuri
1316 3598 67 22 depart

1175 3620 92 18 Wairakci
1316 3621 66 22 depart

1174 3644 71 22 Taupo,
1317 3645 59 16 arrive

1173 3667 71 21 Taupo.
1317 3666 66 24 depart

1173 3689 94 18 \Yairakei
1318 3690 66 22 depart

1173 3713 104 20 Ateamuri,
1319 3713 66 22 depart

1173 3735 90 21 Eotorua.,
1317 3737 60 16 arrive

1429 3577 118 26 TTednasday
1564 3579 37 17 and
1623 3579 94 22 Saturday

1429 3668 100 24 Thursday
1543 3671 38 16 and
1597 3671 85 22 Monday

671 3794 126 34 Special
810 3794 230 30 Conveyances
1053 3791 158 31 arranged
1222 3791 50 26 for
1284 3792 34 25 at
1330 3791 54 26 the
1397 3792 146 28 Shortest
1556 3793 121 27 Notice.

828 3828 200 29 STABLES:
1047 3826 169 28 Tutanekai
1245 3828 111 31 Street,
1378 3829 143 27 Rotorua.

666 3873 114 35 Bugcgie§,
798 3871 119 33 Geeiefyes
933 3869 52 32 <ai?d
1003 3868 95 28 Saddle
1116 3868 94 33 %r§e§
1225 3878 31 23 ©r?
1274 3869 52 32 tyre
1343 3877 31 24 oi?
1392 3869 26 25 kk
1419 3868 1 40 (
1422 3880 15 14 e
1455 3871 120 32 Shortest

853 3942 146 31 Telegrams
1009 3939 54 26 and
1072 3939 100 24 Letters
1180 3940 150 30 punctually
1343 3941 117 23 attended
1469 3944 29 23 to,

503 4015 77 26 NB.
616 4012 115 26 Please
741 4009 77 26 note
831 4008 133 26 address

623 4053 61 63 e.
735 4044 460 71 RQBeRTSON
1243 4035 48 79 %
1326 4044 127 69 m,
1491 4054 233 48 Rotorua.

640 4125 171 50 fSole
834 4124 306 48 contractors
1164 4118 78 45 for
1256 4118 180 49 Messrs
1458 4120 44 47 T.
1525 4120 127 49 Cook
1672 4122 47 50 &
1740 4123 103 47 Son.

2149 771 95 26 Lakes
2263 772 34 24 of
2314 771 69 25 New
2402 772 145 26 Zealand.

2001 919 28 19 IS
2041 920 22 18 A
2077 918 192 21 FIRST-CLASS
2282 920 206 21 TEMPERANCE
2500 923 87 18 HOT.—

2324 959 77 24 :ET,
2422 960 238 24 ROTORUH.

1863 1021 82 30 rpHIS
1957 1021 60 18 NEW
2029 1022 54 17 AXD
2097 1021 190 19 COMFORTABLE
2300 1021 217 20 ESTABLISBIIEOT
2523 1024 17 18 is
2549 1025 82 17 situated
2638 1025 20 17 in
2665 1025 35 17 the
2707 1030 41 12 now

1871 1040 18 24 JL
1924 1044 124 23 townehip'of
2055 1045 90 21 Rotorua,
2156 1045 48 18 close
2213 1047 20 15 to
2242 1044 33 17 the
2283 1044 127 19 Government
2425 1046 120 19 Sanatorium
2558 1048 37 17 and
2608 1047 65 22 Baths,
2688 1048 61 18 which

2182 1068 90 22 comprise
2281 1068 33 17 the
2323 1067 104 19 celebrated

2157 1096 86 19 Rachel
2253 1095 78 22 Baths..
2342 1096 139 19 Chameleon
2490 1098 95 19 Douche
2594 1098 66 23 Bath,
2675 1099 51 23 Larg

2083 1132 35 6 —
2118 1132 14 11 6
2143 1119 67 22 -ath,
2226 1119 102 23 Sulphur
2341 1118 94 25 Vapour
2444 1120 61 19 Bath
2514 1122 46 17 and
2569 1122 110 18 Galvanic

2218 1143 98 21 Battery
2324 1141 65 23 Bath,

1862 1166 69 19 OVER
1943 1166 91 17 WHICH
2051 1165 85 18 LARGE
2154 1165 115 18 BATHING
2289 1165 138 18 I'AVILKIXS
2448 1167 73 17 HAVE
2542 1168 69 17 REEX
2631 1169 118 17 ERECTED

1967 1188 44 18 with
2022 1193 100 13 numerous
2131 1188 91 23 Dressing
2241 1188 71 21 Rooms,
2323 1189 34 17 etc.
2386 1189 72 18 Besides
2467 1190 52 18 these
2528 1190 52 19 ihei'e
2589 1192 15 15 is
2613 1192 32 16 tlio

1862 1212 134 18 Pain-killer
2008 1211 66 22 Bath,
2089 1211 134 23 Coffee-pot,
2239 1211 131 19 Cameron's
2383 1212 46 18 and
2444 1212 128 21 Hinemaru
2585 1214 73 18 Baths
2672 1213 21 19 in
2710 1214 39 18 the

2165 1234 151 19 Sanatorium
2333 1234 112 20 Grounds.

1862 1280 114 19 Bathgate
1994 1279 73 19 House
2083 1279 38 19 has
2137 1279 52 19 been
2209 1278 79 26 greatly
2305 1278 96 25 enlarged
2418 1280 30 19 for
2465 1280 92 19 Tourists
2574 1288 22 12 as
2615 1281 45 20 well
2678 1288 21 12 as
2718 1282 32 19 for

2098 1304 72 26 people
2184 1305 72 24 taking
2267 1312 11 11 :t
2288 1310 69 14 course
2368 1305 21 18 of
2397 1305 34 20 the
2443 1305 71 19 Baths.

2117 1338 132 20 TERMS
2269 1339 230 21 MODERATE.

2038 1384 53 35 S.
2140 1385 52 33 T.
2450 1387 47 33 N
2521 1387 51 38 T,

2186 1429 241 18 PROPRIETOR.

1864 1454 125 19 N.B.—Most
1997 1456 21 17 of
2025 1456 54 18 thoso
2086 1456 45 19 who*
2138 1458 46 18 visit
2191 1458 76 28 Brents
2275 1460 25 17 do
2308 1465 20 12 so
2337 1460 82 24 through
2430 1461 32 19 the
2477 1463 46 17 kind
2537 1465 179 18 recommendations
2733 1465 17 19 of

2204 1482 86 20 previous
2299 1483 107 19 custoiuors.
2427 1499 5 3 »

1893 2286 228 58 STA

2035 2372 145 26 ALBERT
2199 2373 150 30 STREET,
2375 2373 212 26 AUCKLAND.

1988 2476 155 50 LOUIS
2180 2478 181 52 DOYLE,
2393 2480 236 51 .Manager.

2461 2625 9 20 I
2480 2624 51 28 /%
2538 2626 50 19 -T-
2597 2627 11 21 I

1967 2697 166 36 QUEER
2159 2699 204 33 .STREET,
2382 2700 274 33 AUCKLAND,

2095 2739 107 19 UNDER
2216 2739 75 19 NEW
2303 2740 225 20 MANAGEMENT.

2083 2770 456 66 JOSEPJTXgRJIE,

1994 2847 59 20 fLate
2065 2849 20 19 of
2095 2850 34 18 tlio
2139 2850 57 19 Lake
2207 2850 70 19 House
2293 2849 40 20 and
2348 2850 72 20 Palace
2431 2850 79 24 Hotels,
2523 2852 107 26 Kotorun.)

2112 2880 50 19 Has
2168 2882 52 22 just
2228 2881 73 18 taken
2313 2886 55 13 over
2376 2881 47 19 this
2433 2881 76 20 Hotel.

1867 2902 127 18 Travellers
2002 2902 48 19 will
2059 2903 48 18 find
2117 2909 70 18 every
2195 2904 98 19 Modern
2302 2904 161 19 Convenience
2472 2906 124 19 combined
2663 2906 93 25 Crrility

2171 2928 46 18 and
2224 2928 97 22 Prompt
2328 2928 122 19 attention.

1893 2970 43 18 The
1947 2970 97 19 situation
2054 2972 22 19 of
2091 2972 35 19 the
2142 2972 125 20 Waverley
2286 2972 82 19 renders
2388 2973 15 19 it
2422 2974 97 24 specially
2538 2975 125 19 conveaieat-
2675 2975 32 18 for
2722 2975 34 19 tlio

1868 2996 116 26 Travelling
1995 2996 73 20 Public
2078 2998 40 18 and
2137 2998 87 19 Visitors
2242 3003 19 14 to
2279 2998 34 20 tbo
2330 2998 46 26 City
2392 3000 50 18 from
2461 3000 34 19 the
2511 3000 90 25 Country
2618 3000 27 26 by
2665 3001 52 18 train
2735 3008 21 13 or

1868 3025 91 16 steamer.

1868 3048 103 29 Special
1979 3048 208 30 Arrangements
2197 3051 75 23 made
2283 3050 39 23 for
2336 3051 44 22 the
2395 3052 178 23 convenience
2586 3053 29 22 of
2625 3052 131 25 Families.

2061 3088 200 17 NIGHT
2307 3090 262 18 PORTER.

1870 3128 175 26 First-class
2061 3130 117 26 Billiard
2196 3131 119 25 Rooms.
2350 3132 101 26 Wines
2465 3134 61 24 and
2542 3134 108 27 Spirits
2664 3134 32 25 of
2702 3134 54 25 the

1948 3161 68 26 best
2032 3162 125 27 Brands.
2202 3164 171 25 Hancock's
2395 3165 83 26 Prize
2493 3165 103 26 XXXX
2611 3167 68 24 Ales

2141 3196 113 33 always
2273 3204 37 18 on
2338 3198 140 32 draught.

1870 3319 80 18 Under
1957 3320 39 18 the
2002 3320 173 24 distinguished
2180 3323 129 23 patronage
2317 3323 26 18 of
2346 3323 42 18 His
2394 3323 140 24 Excellency
2543 3325 61 17 Lord
2613 3325 143 24 Carrington,

1893 3351 120 19 Governor
2021 3353 133 19 of'N.S.W..
2165 3355 46 18 and
2220 3355 62 18 Lord
2299 3355 94 18 Onslow
2402 3356 120 18 Governor
2530 3356 27 18 of
2562 3356 58 19 New
2629 3356 104 19 Zealand.

2812 806 125 23 PORT
2961 809 196 27 STREET.

2904 837 161 22 AUCKLAND.

2797 894 96 25 Splendid
2908 900 168 21 accommodation
3087 903 32 18 for
3131 904 48 19 Tour-

2770 919 37 19 ists
2816 921 39 18 and
2865 921 117 22 Travellers.

2787 955 183 32 High-class
2989 959 191 30 Wines-*.nd

2882 989 114 32 Spirits
3009 992 82 33 kept.

2817 1059 39 25 W.
2891 1060 30 25 H.
2952 1062 201 36 PEARCE,

2898 1097 175 33 Proprietor.

2776 1478 192 25 TJSW?«iPJJjs.aoo.
3060 1486 141 23 £JW-MjW>s.

2792 1508 228 30 CLARENDON
3056 1516 129 34 HOTEL,

2804 1549 80 17 Junction
2894 1551 57 19 Queen
2961 1554 31 16 und
3010 1554 91 19 Wnkefiold
3111 1559 60 17 .Struct.

2881 1580 138 37 /faekkipd,
3038 1585 60 27 p.z.

2776 1638 145 24 First-class
2939 1645 198 25 accommodation
3161 1649 43 26 for

2923 1672 148 28 Travellers.

2857 1711 48 19 Hot
2914 1713 46 19 and
2974 1714 56 20 Cold
3043 1716 78 21 Baths.

2797 1742 41 17 Best
2847 1742 58 17 Wines
2913 1744 32 16 and
2955 1746 60 20 Spirit.,
3028 1747 63 23 nlwayu
3100 1751 16 15 i„
3124 1751 56 19 Stooi.

2870 1773 35 16 Hot
2915 1773 58 17 Luiicli
2985 1777 18 14 12
3015 1780 16 12 to
3040 1778 8 14 '2
3057 1778 47 18 drill/

2776 1801 37 19 W.
2833 1801 109 24 LYNCH,
2980 1814 8 4 -
3024 1817 7 2 -
3067 1808 137 24 Proprietor.

2883 1834 52 20 pKAD
2947 1836 62 20 JVIILLF.
3022 1838 90 19 fAILTHH.

2777 1879 47 26 W-
2838 1879 36 26 H.
2895 1879 28 26 &
2942 1880 37 26 H.
3008 1883 30 25 C.
3069 1872 135 40 WriffEt

2029 3624 577 38 TKURTSNCK.

1868 3704 86 42 THE
1994 3704 85 24 STAR
2112 3706 17 19 is
2140 3708 129 24 pronounced
2280 3708 27 24 by
2322 3708 26 19 its
2360 3708 86 20 Patrons
2464 3712 20 16 to
2499 3709 25 18 be
2540 3709 34 19 the
2592 3708 44 19 best
2649 3708 53 19 built
2716 3708 39 19 and

1936 3732 43 17 best
1988 3731 108 20 furnished
2107 3732 64 19 Hotel
2180 3734 22 17 in
2211 3734 35 18 the
2256 3733 68 20 North
2333 3734 76 19 Is'and.

1901 3761 136 27 Private
2050 3763 107 26 SlliteS
2166 3771 11 12 <-'
2179 3765 8 17 f
2197 3765 132 24 Apartments
2339 3766 32 18 for
2383 3765 100 20 Families.

2183 3797 103 30 Sample
2300 3798 94 23 Rooms
2416 3800 32 18 for
2462 3798 131 21 Commercial
2604 3798 124 20 Gentlemen.

1868 3827 89 20 Coaches
1964 3828 58 20 leave
2031 3829 36 19 the
2075 3829 65 20 Hotel
2147 3830 33 20 for
2195 3832 35 18 tlie
2244 3831 66 19 Lakes
2329 3839 26 13 on
2370 3833 74 19 arrival
2460 3833 22 19 of
2498 3833 26 19 all
2542 3835 102 17 steamers.
2674 3832 80 26 .Special

1975 3854 92 26 Buggies
2083 3855 41 20 and
2134 3857 76 18 Saddle
2220 3857 78 19 Horses
2308 3864 37 13 can
2361 3859 25 19 be
2402 3859 98 19 obtained
2516 3859 32 19 for
2557 3859 28 19 all
2597 3863 55 20 parts

2223 3883 23 19 of
2255 3884 36 18 the
2306 3884 96 25 Country.

1869 3913 185 27 First-class
2067 3915 126 32 Sailing
2206 3918 62 24 and
2281 3918 137 32 Rowing-
2432 3918 98 26 Boats
2542 3919 48 25 for
2603 3918 152 26 Pleasure

2131 3949 63 25 and
2212 3949 135 33 Fishing-
2359 3951 134 26 Parties.

1868 3986 64 29 The
1964 3986 164 29 Saltwater
2157 3989 129 33 Bathing
2321 3991 125 27 Pavilion
2484 3993 23 24 is
2542 3992 100 26 within
2667 3993 88 25 three

2070 4021 141 27 minutes'
2232 4023 76 26 walk
2329 4026 33 23 of
2376 4025 54 25 the

2087 4061 119 26 Telegrams
2225 4064 79 18 receive
2331 4068 81 22 prompt
2430 4066 106 19 attention.

2178 4163 280 32 PROPRIETOR,

2778 2057 96 20 Business
2884 2060 20 17 at
2912 2058 34 19 the
2957 2059 98 22 Premises
3065 2065 35 23 top
3107 2064 21 19 of
3135 2065 59 20 Short-

2778 2083 125 20 laud-street.
2932 2084 163 27 Tho.high-class
3112 2091 56 19 work
3184 2093 21 20 oi

2778 2109 33 19 the
2821 2109 41 20 late
2874 2110 30 18 Mr
2915 2110 23 18 A.
2949 2112 21 18 L.
2984 2111 81 27 Wright
3079 2115 38 20 will
3128 2117 24 19 bo
3170 2118 24 19 ad-

2778 2135 59 19 hered
2850 2138 24 21 to,
2886 2136 40 19 and
2937 2143 38 14 auv
2991 2138 37 19 left
3045 2140 115 22 unfinished
3178 2144 27 22 by

2778 2162 44 18 that
2832 2162 116 25 gentleman
2960 2164 39 18 will
3010 2165 24 18 bo
3050 2169 111 23 commuted
3180 2169 25 26 by

2872 2185 33 21 tlie
2913 2195 43 12 now
2966 2195 146 21 management.

2778 2220 114 21 Telephone
2902 2223 43 18 (>5~.

2813 2275 21 25 J.
2857 2275 30 25 H.
2909 2276 153 28 BUCHA
3078 2281 94 33 NAN,

2851 2317 95 26 Stone
2960 2319 172 29 Merchant.

2870 2357 175 22 ESTABLISHED
3064 2363 48 19 18.92.

2802 2407 116 23 Statuary,
2946 2408 160 23 Monumental
3137 2415 45 18 and

2895 2431 96 18 General
3001 2433 87 21 Mason.

2779 2460 18 18 SI
2802 2461 41 18 ATI]
2847 2461 12 18 II
2864 2462 20 17 ,E
2894 2462 15 18 &
2916 2462 147 21 FREESTONE
3073 2460 31 27 ('"
3111 2469 5 15 I
3120 2469 17 16 M
3143 2470 53 17 \-yy

2803 2484 94 22 PIECES,
2916 2485 124 24 MANTELS,
3150 2493 26 17 &c

2806 2513 138 27 VICTORIA
2963 2515 115 28 STREET
3097 2519 74 28 EAST

2782 2547 423 43 AUCKLAND.

2806 2607 87 27 Designs
2912 2610 39 19 and
2969 2610 66 21 Prices
3055 2613 113 22 forwarded
3187 2618 19 18 to

2778 2640 41 20 any
2829 2639 45 21 part
2884 2636 21 17 of
2914 2636 34 19 the
2959 2636 95 21 Province
3065 2646 21 12 or
3095 2641 76 26 Colony
3182 2648 25 14 on

2780 2660 127 26 application.

2831 2717 160 47 Steele
3013 2720 138 50 Bros.

2792 2800 188 43 MARAEROA
2987 2787 34 4 -
3025 2804 169 44 SAWMILL.

2781 2855 133 42 DESIBE
2923 2856 24 17 to
2956 2856 73 19 thank
3038 2858 40 18 the
3086 2859 77 22 public
3173 2861 34 18 for

2848 2879 54 22 past
2916 2879 76 18 favors
3007 2881 46 17 and
3067 2881 45 24 beg
3130 2884 25 18 to
3170 2890 25 12 an-

2780 2906 91 13 nounce
2879 2902 52 17 that
2940 2902 85 24 having-
3032 2909 15 12 a
3060 2904 64 24 large
3140 2907 67 19 stock

2780 2924 27 18 of
2816 2924 173 20 well-seasoned
2997 2926 120 21 first-class
3125 2930 82 19 timber

2780 2952 31 13 on
2820 2947 61 19 liand
2890 2948 55 22 they
2954 2954 38 12 are
3001 2952 111 21 prepared
3119 2953 25 17 to
3151 2953 56 18 fulfil

2780 2971 78 18 orders
2867 2972 26 17 at
2901 2971 99 19 reduced
3008 2974 68 19 rates.

2782 3033 50 43 T.
2872 3033 63 43 M.
2975 3034 64 43 IP
3041 3036 160 22 M!l^>^-

2815 3087 142 19 BARRISTER
2970 3089 53 17 AND
3032 3090 138 21 SOLICITOR,

2794 3119 38 21 lIS,
2853 3119 97 18 Victoria
2970 3119 87 23 Arcade,
3078 3122 118 19 Auckland.

2959 3151 63 18 ALSO

2780 3181 92 19 Barrister
2885 3182 36 17 and
2937 3182 85 18 Solicitor
3035 3184 20 17 of
3071 3184 32 19 the
3120 3185 82 23 Supremi

2874 3204 63 19 Court,
2944 3205 83 18 Ontario,
3034 3206 82 17 Canada.

2860 3271 105 48 HEN

2781 3408 73 18 Losses
2863 3409 52 17 Paid
3088 3410 120 24 £20,000,000

2780 3439 53 18 Fjhe
2845 3440 97 17 Phemium
2960 3440 92 18 Exceeds
3100 3441 108 24 £1,500,000

2781 3471 150 17 Accumulated
2935 3471 68 18 Fu.vds
3008 3472 82 18 Exceed
3099 3472 109 23 £1,000,000

2851 3501 37 19 W.
2911 3501 93 19 WARD
3022 3503 110 24 BAKER,

2813 3533 98 18 District
2918 3533 115 24 Manager,
3044 3535 129 20 Auckland.

2866 3563 38 20 W.
2918 3565 27 18 A.
2960 3565 163 24 WILLIAMS,

2839 3595 70 19 Local
2928 3596 83 23 Agent,
3039 3598 109 20 Rotorua.

2782 3657 161 41 ROTORUA
2967 3659 163 42 SAWMILL
3154 3661 51 47 CO,

2844 3753 63 17 lIITE
2920 3753 53 18 AND
2991 3754 51 17 RED
3060 3755 62 17 PIXE
3141 3756 20 17 of
3176 3756 31 17 tLe

2867 3777 56 16 finest
2929 3776 74 23 quality
3010 3777 39 17 and
3063 3778 90 23 carefully
3169 3779 36 17 cut.

2780 3851 89 27 Matai,
2900 3851 126 29 Pnkatea,
3053 3854 51 21 and
3130 3854 75 22 Tawa

2819 3894 129 30 Shingles,
2960 3895 113 29 Palings,
3087 3896 92 23 Blocks

2925 3934 50 22 and
2982 3934 81 22 Posts-

2806 3967 18 19 A
2838 3967 52 25 good
2902 3967 39 19 and
2952 3968 88 18 assorted
3050 3968 72 25 supply
3132 3968 72 21 nhvays

2781 4000 25 12 on
2815 3993 55 19 hand
2879 3996 21 16 at
2911 3993 33 19 the
2954 3993 81 19 Timber
3045 3993 61 19 Yard.

2902 4027 179 16 RGTORUK.

2781 4087 53 18 Ts.li.
2836 4085 105 26 —Special
2951 4092 43 13 care
3005 4086 60 18 taken
3075 4085 18 19 in
3136 4091 8 12 e
3162 4091 25 11 se;

2954 4112 77 24 soiling.

2781 4142 105 20 PRICES
2899 4142 40 18 AT
2951 4141 139 20 CURRENT
3103 4140 86 19 RATES

2815 4180 38 21 W.
2873 4179 163 22 HENSHAW,
3055 4178 115 23 Manager.
