3248 4329
630 3776 123 18 VISITORS'
767 3775 63 18 LIST.

652 3822 72 18 Gband
734 3822 76 18 Hotel.

538 3854 105 18 Mosdames
674 3853 72 23 Ripley,
775 3852 96 23 Courtney
903 3852 44 20 Dix,

515 3877 57 21 Reed,
580 3877 58 20 Gloss,
649 3876 69 18 Wilson
728 3876 37 17 and
774 3876 56 18 child,
842 3875 58 21 Prico,
909 3875 26 16 Ab-

515 3901 48 19 bott,
577 3899 93 24 Oiipbant
686 3899 37 18 and
739 3901 38 15 two
794 3904 48 14 sons,
863 3897 84 22 Webber,

515 3923 84 18 Morran.
633 3922 65 19 Misses
715 3922 58 20 Prico,
792 3921 69 20 Cm-tic,
879 3922 68 16 Oliver.

516 3946 35 18 Drs
573 3946 88 23 Rougier,
676 3946 58 19 Closs,
744 3945 70 18 Mosbi-b
818 3944 66 21 JacQb,
894 3944 53 21 Kirk,

515 3969 73 20 Mabin,
598 3969 70 21 Home,
687 3969 88 19 Graham,
793 3968 78 20 Wilson,
889 3967 58 20 Price,

516 3993 96 19 Clcntillio,
634 3991 103 24 Cbapmun,
762 3991 62 19 .Short,
850 3990 97 21 Newman,

515 4015 77 21 Vinder,
603 4014 60 22 Allon,
678 4014 79 21 Wallier,
775 4013 86 21 Webber,
880 4013 67 20 Curtis,

516 4038 88 23 Eaingor,
623 4037 96 23 Oiipbant,
738 4037 69 20 Abbot,
826 4036 47 21 Bell,
899 4036 36 18 Rus-

516 4061 39 21 sell,
577 4062 46 19 l*'ox,
642 4061 76 22 Hagon,
737 4059 98 24 (Sydney),
857 4059 90 23 Sprague,

516 4083 80 21 Daniell,
601 4084 90 23 Pynsent,
700 4083 88 23 Payntor,
793 4082 123 19 Commodore
923 4082 24 17 Lo

516 4108 67 20 oomte,
593 4107 62 18 Count
663 4106 93 21 d'Abban,
766 4106 65 22 Major
847 4105 58 21 Reed,
920 4105 27 17 M.

517 4129 113 21 Hestreaux,
640 4130 23 16 E.
673 4129 22 19 do
704 4129 94 21 Brossory.

1087 115 82 17 Geyser
1186 115 77 17 Hotel.

981 146 105 17 Mesdarnes
1106 146 65 20 Little,
1194 145 93 23 Dansker,
1305 145 85 24 Sydney;

958 169 71 20 Shillie,
1051 169 100 22 England;
1180 169 78 20 Barker,
1288 169 102 22 Gisbornc;

957 192 66 17 Elliot.
1032 191 121 23 Wairarapa:
1167 191 123 23 Witherford,
1299 193 81 16 Morrins-

957 214 56 22 vffle;
1038 215 78 19 Wilson,
1133 215 69 20 Nolan,
1223 215 82 21 Masfea,
1328 215 51 18 Auck-

957 238 55 19 land;
1026 237 78 22 Martin,
1111 238 115 23 Wanganui.
1247 238 68 18 Misses
1322 238 69 17 Barker

958 260 32 24 (81,
1002 260 101 24 Gi.-.borne;
1126 261 67 22 Wylie,
1212 261 92 23 England
1311 260 4 24 ;
1337 261 54 17 Brett

958 283 32 23 (2),
1009 283 113 22 Ooiivtayne,
1138 283 111 25 Auckland;
1271 284 119 24 Broughton,

957 307 76 22 Napier.
1062 307 69 17 Messrs
1148 307 123 20 Bicliardson,
1291 308 99 20 Maunson,

957 330 73 22 Taylor.
1041 329 91 23 Pynsent,
1139 330 90 22 Paynter,
1237 330 67 23 Wylie,
1311 330 79 22 Mosley,

1046 353 95 22 England;
1156 353 108 21 Nankivell,
1273 354 117 20 Melbourne;

957 376 64 20 Little,
1031 376 93 19 Dansker,
1138 376 71 20 Grand,
1227 377 80 19 Franck,
1325 377 65 20 Webb,

956 399 69 20 Miller,
1035 399 66 19 Hicks,
1111 399 73 20 Urnon,
1195 399 79 21 Stutter,
1295 400 95 19 Caldwell,

957 422 87 22 Sydney;
1058 423 76 20 Barker,
1146 422 101 22 Gisbome;
1262 423 65 20 Elliot,
1339 423 39 17 Wai-

956 451 68 17 rarapa
1030 445 4 23 ;
1049 445 99 21 Chatfield,
1165 445 127 23 Wellington;
1313 446 77 22 Young,

956 468 100 17 Hamilton
1064 468 4 21 ;
1082 468 106 19 Patterson,
1198 469 61 18 Brett.
1268 469 68 20 Nolan,
1346 469 34 17 Cot-

956 491 56 20 terill,
1019 491 77 20 Masfer,
1103 491 111 22 Auckland;
1224 492 69 21 Nolan,
1303 492 87 21 Hawera;

956 514 88 17 Andrew.
1054 515 113 21 Wanganui.

1022 560 87 18 Brent's
1122 560 113 18 Bathgate
1247 561 77 17 House.

986 591 107 18 Mesdames
1127 592 117 21 Hammond,
1281 592 108 19 Stevenson,

955 614 122 21 Melbourne;
1105 615 71 22 Symes,
1199 615 103 22 Gisborne;
1328 616 61 20 Krull,

955 638 120 22 Wanganui;
1089 639 122 22 Clapperton,
1224 638 90 23 England
1321 638 4 23 ;
1340 638 49 22 Bare,

955 661 112 23 Hamilton;
1089 661 96 23 Norbury,
1206 661 116 23 Dargaville,
1336 661 41 18 Mac-

955 684 84 20 kechnie,
1048 684 111 21 Buchanan,
1171 685 100 17 Auckland
1279 684 4 23 ;
1297 685 92 22 Hymans,

955 707 99 21 Dunedin;
1068 708 101 22 Donnelly,
1185 708 109 19 Matthews,
1310 708 79 20 Pickles,

955 730 86 23 Sydney;
1056 731 61 21 Coh\s,
1124 731 111 17 Manawatu
1242 730 4 23 ;
1258 730 74 22 Cattellj
1338 731 39 17 Wel-

955 753 75 23 lington
1037 753 4 23 ;
1068 754 86 21 Spencer,
1176 753 110 21 Nicholson,
1310 753 79 22 Draffin,

955 777 98 17 Auckland
1061 777 4 22 ;
1079 777 141 22 Cunningham,
1231 777 73 22 Otago;
1319 777 60 17 Collin-

955 806 40 14 son,
1002 800 103 22 Hastings;
1116 800 81 22 Wright,
1205 800 105 22 Tauranga.
1324 800 66 17 Misses

955 823 98 20 Cameron,
1075 820 108 25 Wanganui
1195 820 4 26 ;
1223 823 110 17 Hammond
1356 823 33 23 (2),

955 847 99 21 Hepburn,
1068 846 123 22 Melbourne;
1211 846 101 22 Leighton,
1331 846 58 21 Bead,

955 870 68 19 White,
1045 869 89 20 Jackson,
1155 869 107 17 Auckland.
1299 869 91 18 Countess

955 893 148 19 Waehtmeister,
1122 892 101 22 Germany,
1254 892 28 18 Dr
1294 893 60 21 Barry
1368 893 21 17 T.

955 915 79 19 Russell,
1053 915 76 17 Ireland
1138 915 3 21 ;
1156 915 46 18 Rev.
1213 915 31 17 Mr
1253 915 62 21 Stone,
1326 916 51 17 Auck-

955 938 44 17 land
1008 938 3 21 ;
1025 938 69 17 Messrs
1111 938 67 21 Leslie,
1196 939 119 18 Queensland
1322 938 4 21 ;
1341 939 36 17 Hal-

955 962 59 19 stead,
1019 961 72 18 Harris,
1098 961 77 23 Young,
1184 962 90 21 England
1282 961 3 23 ;
1296 962 93 22 Hymans,

954 985 50 20 Joel,
1018 980 99 27 Dunedin;
1136 985 69 22 Kemp,
1220 980 108 26 Matthews,
1347 985 32 17 Pic-

954 1007 46 19 kles,
1017 1007 86 23 Sydney;
1125 1007 110 21 Buchanan,
1252 1008 62 22 Kelly,
1336 1009 40 16 Mac-

954 1030 83 21 kechnie,
1068 1030 86 23 Spencer,
1184 1031 69 21 White,
1281 1032 107 21 Nicholson,

954 1053 132 21 Hamnierton,
1104 1054 83 21 Bunker,
1213 1054 73 21 Frasor,
1308 1054 80 22 Draffin,

954 1076 66 18 Josiah
1029 1077 76 20 Martin,
1116 1077 99 17 Auckland
1222 1076 3 22 ;
1248 1078 59 20 Coles,
1322 1078 54 17 Mana-

954 1101 52 16 watu
1013 1100 3 22 ;
1031 1100 74 20 Savillo,
1119 1100 144 22 Christchurch;
1277 1101 18 18 J.
1313 1101 75 21 Cattail,

954 1123 127 24 Wellington;
1108 1124 58 21 Blair,
1189 1123 75 24 Otago;
1287 1124 101 21 Collinson,

954 1145 100 24 Hastings.

1087 1193 78 18 Abawa
1182 1194 78 17 House.

978 1224 105 17 Mesdames
1100 1225 110 21 Goulstone,
1228 1225 79 21 Button,
1326 1226 51 17 Auck-

954 1248 44 16 land
1006 1247 3 23 ;
1020 1247 80 23 Knight,
1112 1248 119 17 Birkenhead
1238 1247 4 23 ;
1251 1248 65 20 Laker,
1324 1249 64 21 Perth,

956 1271 83 17 Western
1060 1268 105 24 Australia;
1192 1272 79 20 Button,
1295 1272 15 17 B
1311 1272 26 17 irk
1340 1272 48 18 dale.

954 1294 67 17 Misses
1035 1294 79 18 Button.
1130 1295 57 20 Steel,
1197 1295 106 22 Auckland;
1326 1295 63 22 Selby,

954 1317 99 23 Hautapu.
1077 1317 70 18 Messrs
1157 1318 109 21 Goulstone,
1277 1319 20 17 C.
1307 1319 22 17 E.
1340 1319 36 17 But-

954 1342 39 18 ton,
1004 1341 86 18 M.H.H.,
1100 1341 19 16 J.
1129 1340 57 22 Steel,
1192 1342 110 21 Auckland;
1317 1343 72 16 Button

954 1364 58 22 junr.,
1021 1364 88 17 Birkdale
1118 1364 4 22 ;
1136 1364 68 21 Laker,
1221 1364 65 21 Perth,
1305 1365 85 18 Western

954 1387 102 17 Australia,

1087 1434 44 17 The
1143 1434 113 18 Laugiiam.

978 1460 104 18 Mesdames
1092 1462 79 20 Gilbert,
1187 1460 116 25 Gippsland;
1324 1462 55 18 Peter-

954 1489 40 16 son,
1004 1484 82 23 Napier;
1105 1484 64 21 Jones,
1188 1486 111 19 Auckland,'
1321 1486 67 21 Baker,

955 1507 85 23 Sydney;
1054 1508 80 17 Jenkins
1148 1509 38 16 and
1203 1510 10 15 2
1230 1509 90 21 children,
1338 1509 39 18 Wel-

954 1530 75 23 lington
1054 1530 46 19 Miss
1105 1530 86 22 Jenkins,
1201 1531 127 24 Wellington;
1338 1533 39 21 Leg-

955 1555 37 20 get,
1004 1553 109 23 Auckland;
1127 1554 262 24 Wright,Evans,England.

954 1577 69 17 Messrs
1032 1578 77 19 Wilson,
1120 1578 81 23 Napier;
1216 1578 52 22 Reid,
1282 1578 107 23 Westport;

954 1600 77 20 Wilson,
1049 1600 89 24 England
1146 1600 4 25 ;
1169 1602 97 21 Stranger,
1277 1602 99 23 Tauranga
1384 1600 3 25 ;

954 1623 74 22 Taylor,
1039 1623 78 23 Cooper,
1126 1624 137 24 Hareschamp,
1274 1626 101 22 Ponsonby
1384 1623 4 25 ;

954 1646 63 22 Jones,
1037 1648 77 19 Wilson,
1132 1648 111 21 Auckland;
1264 1649 64 20 Jones,
1347 1649 32 17 Gis-

954 1670 58 16 borne
1020 1670 4 24 ;
1037 1670 66 21 Baker,
1115 1670 75 23 Sydney
1199 1670 3 24 ;
1225 1672 89 22 Chainey,
1333 1672 42 17 Cam-

954 1693 66 23 bridge
1028 1693 3 25 ;
1046 1694 62 20 Hood,
1117 1694 99 18 Hamilton
1223 1693 4 25 ;
1237 1695 68 20 Smith,
1312 1695 76 23 Napier.

1052 1740 58 17 Lake
1127 1741 72 17 House
1211 1741 78 18 Hotel.

977 1771 105 18 Mesdames
1089 1772 90 22 Robison,
1188 1773 141 22 Christchurch;
1340 1774 37 16 Bur-

954 1795 39 18 rell.
1004 1795 81 21 Napier;
1096 1795 71 18 Carson
1173 1796 39 18 and
1218 1796 101 24 daughter,
1325 1796 52 19 Auck-

954 1818 50 17 land.
1030 1818 97 18 Professor
1136 1819 91 21 Carrollo,
1237 1820 69 17 Messrs
1312 1820 76 21 Gilmer,

954 1841 109 22 Moritzson,
1074 1841 116 24 Westphahl,
1208 1843 88 20 McCabo,
1315 1843 73 22 Wyllie,

955 1864 103 23 Campbell,
1069 1865 57 19 Fairs,
1138 1866 72 20 Foster,
1221 1866 74 23 Logan,
1302 1866 86 22 Hookey,

954 1888 100 20 Morrison,
1070 1888 96 20 Goodhue,
1183 1889 76 21 Carson,
1278 1890 110 20 Auckland;

954 1911 66 20 Lamb,
1042 1912 88 20 Carruth,
1153 1912 115 22 Papatoetoe
1277 1911 3 23 ;
1302 1913 87 20 Bockott,

954 1933 88 24 Opotiki;
1056 1935 75 22 Taylor,
1141 1935 25 18 Te
1178 1936 103 17 Awamutu
1288 1933 3 24 ;
1305 1936 72 17 Tomlin-

954 1963 39 15 son,
1001 1957 80 22 Pamell;
1092 1958 80 21 Burrell,
1181 1959 76 23 Napier;
1268 1960 121 21 O'Meaglier,

955 1981 66 20 Coath,
1032 1981 69 18 Gentil.
1113 1982 71 17 Paeroa
1192 1988 5 15 ;
1218 1982 75 21 Brown,
1311 1983 78 17 Boston.

1086 2028 86 18 Mokoia
1184 2028 64 18 View.

976 2057 41 17 Mrs
1037 2057 117 21 Backhouse,
1179 2058 110 21 Auckland;
1321 2058 69 18 Messrs

954 2080 123 20 Moonhouse,
1098 2081 89 20 Costello,
1203 2080 89 24 N.S.W.;
1314 2081 75 23 Brown,

954 2103 102 20 Goodacre,
1082 2103 47 18 New
1156 2102 104 24 Plymouth
1275 2102 4 24 ;
1307 2105 82 21 Garrick,

954 2126 107 23 Wanganui
1070 2132 5 15 ;
1089 2127 52 20 Parr,
1153 2126 129 24 Canterbury;
1300 2128 77 22 McCrys-

954 2149 33 20 tol,
997 2149 86 22 Hughes,
1094 2150 88 22 Bradley,
1198 2150 115 21 Backhouse,
1326 2151 52 17 Auck-

954 2172 45 17 land
1011 2172 3 24 ;
1047 2173 77 21 Barker,
1154 2174 88 16 Waikato
1252 2172 3 24 ;
1282 2173 107 23 Karnback,

954 2194 104 23 Hoidtika;
1072 2196 76 21 Gibson,
1159 2197 26 17 Te
1190 2197 114 21 Awamutu;
1318 2197 60 18 Robin-

954 2225 39 13 sou,
1004 2218 76 18 Ireland
1088 2218 3 24 ;
1107 2220 80 22 Staples,
1194 2218 97 24 Waikato;
1305 2221 85 16 Loathen

954 2242 116 23 Canterbury
1079 2242 3 25 ;
1096 2243 130 21 Waterhouse,
1235 2242 81 25 Napier;
1327 2243 62 22 Clark,

954 2265 85 17 Thames.

956 2340 59 20 THE
1035 2340 58 20 HOT
1113 2340 97 20 LAKES
1230 2340 175 20 CHRONICLE

956 2385 449 13 AND

1058 2425 108 20 Tourists'
1184 2427 101 19 Journal.

997 2490 170 23 WEDNESDAY,
1179 2492 79 17 APRIL
1270 2492 17 21 8,
1299 2493 50 16 1896.

957 2556 57 18 THE
1021 2555 154 20 CONDITION
1184 2557 35 18 OF
1227 2556 58 20 THE
1292 2557 98 20 BATHS.

958 2590 45 19 The
1014 2591 63 17 Paths
1088 2591 55 21 litre,
1155 2598 22 12 so
1193 2592 32 18 far
1241 2598 22 12 as
1274 2592 118 18 cleanliness

958 2617 17 17 is
990 2616 118 22 concerned,
1127 2617 74 19 should
1217 2618 25 18 be
1265 2618 64 19 above
1348 2625 40 12 susi

959 2643 71 24 pioion,
1042 2642 40 19 and
1093 2643 15 17 it
1118 2650 42 12 was
1181 2644 101 18 therefore
1299 2643 49 21 with
1358 2645 34 18 the

960 2672 100 21 strongest
1071 2668 157 20 dissatisfaction
1247 2670 44 19 that
1306 2676 30 13 we
1345 2671 48 18 read

960 2700 11 14 a
981 2695 59 18 letter
1049 2695 21 18 in
1079 2695 35 19 the
1124 2695 107 19 Auckland
1250 2696 7 18 ]
1263 2696 64 18 [erald
1338 2697 52 18 from

961 2721 31 18 Mr
1049 2720 122 26 Milbourne,
1182 2723 21 17 of
1212 2722 105 24 Adelaide,
1329 2722 19 19 S.
1360 2723 32 23 A.,

961 2754 11 11 a
981 2749 68 16 recent
1058 2747 77 23 visitor,
1153 2748 94 25 drawing
1264 2748 98 19 attention
1373 2751 20 16 to

960 2774 35 17 the
1005 2773 107 25 unckanly
1121 2774 103 19 condition
1235 2775 21 18 of
1268 2775 34 18 the
1312 2775 81 18 various

962 2799 49 18 bath
1021 2799 79 19 houses.
1131 2803 11 7 '
1158 2801 8 18 I
1185 2800 107 25 fearlessly
1308 2803 64 16 assert

962 2826 66 18 writes
1047 2825 33 18 Mr
1099 2825 117 20 Milbourne
1256 2827 44 18 that
1310 2833 55 12 some
1374 2827 21 18 of

962 2852 35 18 the
1009 2851 60 19 baths
1079 2858 34 12 are
1131 2852 53 24 dirty
1204 2853 20 18 in
1244 2853 34 19 the
1295 2855 99 21 extreme;

962 2877 75 23 towels,
1150 2878 24 19 In
1183 2879 74 24 legard
1264 2884 20 13 to
1292 2880 33 17 the
1335 2878 60 20 latter

962 2904 16 17 it
988 2904 40 17 had
1040 2904 49 18 been
1103 2904 113 26 previously
1232 2906 83 24 pointed
1331 2907 34 16 out
1375 2906 20 18 in

963 2930 56 18 these
1029 2930 89 19 columns
1138 2930 44 19 that
1202 2930 35 20 the
1253 2931 69 19 towels
1332 2934 20 15 at
1362 2931 33 18 the

964 2956 124 18 Postmaster
1106 2956 52 19 Bath
1171 2957 40 18 had
1231 2957 51 19 been
1301 2957 95 25 specially

964 2982 125 25 complained
1099 2983 21 18 of
1130 2983 40 18 and
1180 2982 16 19 it
1207 2989 41 13 was
1267 2983 67 25 hoped
1352 2983 45 19 that

964 3008 34 18 the
1009 3011 73 15 matter
1092 3008 66 19 would
1165 3012 21 16 at
1195 3016 48 12 once
1254 3010 25 18 be
1287 3009 108 19 remedied.

964 3034 20 18 It
992 3040 93 18 appears,
1106 3034 99 24 however,
1227 3036 53 18 from
1298 3036 34 18 Mr
1350 3036 36 18 Mil-

967 3060 92 18 bourne's
1069 3060 60 19 letter
1139 3061 40 19 and
1198 3062 120 25 complaints
1336 3062 60 18 made

965 3086 152 25 subsequently,
1129 3087 40 19 and
1188 3087 42 19 still
1250 3088 60 25 being-
1329 3087 65 21 made,

965 3112 45 18 that
1019 3118 25 12 no
1056 3114 100 18 attention
1167 3113 103 19 whatever
1287 3114 38 18 has
1346 3114 50 18 been

965 3138 47 25 paid
1023 3141 20 15 to
1054 3139 55 18 what
1123 3140 18 18 is
1155 3146 12 12 a
1182 3139 97 19 manifest
1294 3140 103 23 necessity,

967 3164 40 18 and
1017 3163 45 19 that
1071 3164 21 19 in
1103 3165 58 19 other
1179 3168 92 21 matters,
1282 3168 35 16 not
1335 3166 63 25 sololy

965 3191 91 17 confined
1064 3195 19 13 to
1090 3191 34 18 the
1135 3191 142 19 Postmaster's
1287 3191 59 24 Path,
1355 3192 44 18 that

967 3217 72 23 degree
1051 3217 20 18 of
1082 3216 120 20 cleanliness
1208 3217 18 19 is
1233 3222 37 14 not
1275 3217 123 20 maintained

967 3242 64 19 which
1042 3243 65 24 ought
1115 3247 19 14 to
1150 3243 76 25 prevail
1246 3244 20 18 in
1277 3244 85 24 bathing
1371 3251 20 11 es-

967 3268 149 20 tablishments.
1141 3269 33 19 Mr
1190 3269 134 19 Milbourne's
1339 3270 58 19 letter

969 3301 40 11 was
1017 3294 101 19 discussed
1126 3296 20 17 in
1156 3302 24 12 an
1189 3295 93 20 informal
1289 3302 83 13 manner
1381 3301 20 14 at,

967 3320 35 18 the
1018 3320 39 19 last
1067 3320 62 20 Town
1144 3322 68 18 Board
1228 3323 93 23 meeting,
1335 3322 36 19 but
1380 3329 21 12 as

967 3346 35 18 the
1022 3347 117 18 attendants
1158 3350 21 15 at
1198 3348 35 17 the
1252 3349 80 17 various
1351 3348 50 19 bath

968 3372 73 18 houses,
1052 3379 33 12 are
1096 3374 64 18 under
1175 3373 30 18 Dr
1223 3373 91 20 Giuuers'
1325 3374 76 19 control

968 3398 32 18 his
1011 3398 84 20 abseuce
1103 3399 110 25 prevented
1224 3406 39 17 any
1275 3399 80 20 definite
1370 3407 21 12 no-

969 3428 42 14 tion
1022 3424 62 25 being
1094 3425 68 19 taken.
1191 3426 49 17 This
1257 3429 74 21 system
1341 3426 21 18 of
1372 3426 20 19 di-

969 3450 59 18 vided
1039 3451 78 18 control
1124 3458 48 11 over
1179 3452 34 17 the
1223 3451 59 18 baths
1292 3452 16 17 is
1317 3456 19 14 at
1346 3452 61 18 times'

969 3479 51 15 most
1040 3476 158 26 embarrassing.
1235 3477 25 18 In
1278 3478 34 18 the
1334 3485 68 11 course

969 3502 21 18 of
1003 3502 34 18 the
1048 3502 111 20 discussion
1169 3506 16 16 it
1196 3509 41 13 was
1244 3503 69 19 rather
1322 3504 80 18 curious

970 3530 19 16 to
998 3528 50 18 hear
1058 3535 11 11 a
1079 3529 90 19 member
1188 3529 21 19 of
1229 3529 34 19 the
1284 3530 66 18 Board
1369 3536 35 18 say

970 3554 45 18 that
1024 3555 65 17 under
1099 3555 35 18 the
1144 3558 82 22 present
1237 3558 74 21 system
1327 3556 16 18 it
1362 3562 40 12 was

970 3580 74 25 simply
1054 3581 117 24 impossible
1186 3585 21 15 to
1223 3581 57 19 wash
1299 3582 35 18 the
1355 3581 47 19 bath

970 3606 70 19 towels
1057 3607 101 24 properly.
1187 3607 20 19 It
1219 3613 40 12 was
1277 3607 65 19 st-.ted
1360 3608 44 18 that

970 3631 35 19 the
1017 3633 107 18 attendant
1134 3636 21 15 at
1173 3633 49 18 each
1242 3633 49 18 bath
1310 3633 61 19 house
1387 3633 17 18 is

970 3658 95 24 required
1075 3660 21 16 to
1108 3659 54 17 wash
1173 3659 34 18 the
1214 3659 70 18 towels
1294 3659 111 24 belonging

971 3683 84 23 thereto,
1068 3684 86 24 though,
1167 3685 48 18 with
1226 3684 34 19 the
1271 3685 103 24 exception
1385 3685 19 18 of

971 3709 34 18 the
1016 3709 100 23 Pavilion,
1136 3710 57 19 there
1213 3716 35 13 uro
1266 3716 26 13 no
1311 3711 94 18 facilities

972 3735 31 18 for
1023 3734 62 27 doing
1104 3742 27 12 so.
1160 3736 57 19 Near
1238 3736 35 18 the
1292 3736 91 19 Pavilion
1393 3743 11 12 a

972 3761 49 18 bath
1032 3762 63 18 house
1111 3768 41 12 was
1169 3762 79 18 erected
1266 3765 19 16 at
1303 3769 12 12 a
1334 3765 42 16 cost
1385 3768 19 13 oi

972 3793 47 12 over
1029 3786 62 24 .;J00,
1103 3788 39 17 and
1153 3788 16 18 it
1179 3787 37 19 has
1233 3787 52 19 been
1302 3795 44 17 gem
1355 3788 50 25 rally

972 3812 116 20 considered
1102 3813 25 24 by
1138 3814 34 18 the
1188 3814 79 18 outside
1283 3814 68 24 public
1363 3815 42 18 that

972 3838 21 19 in
1003 3838 41 19 this
1054 3839 63 18 house
1127 3839 34 18 the
1172 3839 63 19 whole
1243 3841 20 16 of
1271 3840 32 18 the
1313 3840 91 24 washing

972 3864 20 19 iu
1003 3868 115 16 connection
1132 3865 49 19 with
1195 3866 35 17 the
1249 3866 57 18 baths
1324 3866 17 18 is
1360 3873 34 11 con-

972 3890 80 19 ducted.
1080 3894 16 16 A
1107 3891 47 19 visit
1162 3896 20 14 to
1190 3891 33 19 the
1232 3891 62 25 place,
1305 3892 99 23 however,

973 3917 66 18 shows
1049 3917 45 18 that,
1105 3917 53 19 what
1170 3924 41 12 was
1220 3924 49 12 01100
1280 3925 12 11 u
1312 3918 81 25 well-ap-

972 3943 83 24 pointed
1084 3943 130 19 wash-house
1239 3943 38 19 has
1295 3943 51 19 been
1365 3944 30 18 dis-

973 3975 18 12 m
995 3974 24 13 an
1021 3968 42 20 tied
1073 3968 4 26 ;
1101 3969 34 18 the
1155 3976 83 18 coppers
1249 3970 99 22 removed,
1367 3969 38 19 aud

972 3995 35 17 tlii!
1015 3995 104 24 lire-place
1130 3995 34 19 left
1176 3995 20 18 in
1207 3995 47 18 such
1275 4002 12 12 a
1305 3996 100 18 condition

972 4021 45 17 that
1030 4028 27 11 we
1068 4021 93 23 question
1173 4021 17 18 if
1199 4022 16 16 it
1225 4021 67 19 would
1301 4021 26 19 bo
1342 4021 54 25 possi-

973 4046 33 17 ble
1017 4049 20 15 to
1049 4046 40 18 boil
1101 4053 11 11 a
1146 4046 49 25 billy
1226 4047 21 17 in
1258 4047 22 18 it.
1295 4047 19 19 A
1324 4047 81 19 wooden

973 4071 77 26 trough,
1060 4076 88 21 appeara
1156 4075 20 17 to
1188 4073 24 19 be
1222 4071 29 21 all
1271 4073 44 18 that
1325 4073 16 17 is
1363 4073 41 22 left,

974 4098 47 18 witli
1033 4104 12 12 a
1054 4101 71 21 patent
1143 4098 88 24 wringer
1249 4099 99 21 attached,
1370 4098 36 19 but

974 4124 108 24 wringing,
1091 4130 48 13 save
1151 4125 25 23 by
1187 4120 62 26 hand,
1259 4125 18 18 is
1295 4131 12 12 a
1326 4130 80 18 process

1414 118 20 16 to
1453 116 66 19 which
1538 121 26 14 no
1581 116 50 19 bath
1651 117 59 19 towel
1729 117 74 19 should
1823 118 24 19 he

1413 142 113 24 subjected.
1555 142 65 19 There
1630 142 16 19 ia
1665 149 26 12 no
1702 143 103 25 provision
1815 145 32 18 for

1414 168 117 25 subjecting
1541 168 34 19 the
1588 169 70 18 towels
1669 172 19 15 to
1698 170 117 19 immersion
1826 170 20 20 in

1413 193 80 25 boiling
1512 196 62 17 water
1593 194 65 20 which
1667 194 17 20 is
1709 201 26 13 an
1755 196 92 19 absolute

1413 219 99 26 necessity
1522 221 32 18 for
1569 221 82 18 various
1667 221 80 19 ovident
1757 228 89 13 reasons.

1413 246 39 19 We
1463 252 34 12 are
1508 252 94 13 unaware
1613 247 45 24 why
1671 247 34 19 the
1716 247 130 20 wash-house

1414 279 40 11 was
1465 271 165 21 dismantledit
1642 273 106 24 happened
1764 280 47 12 over
1825 275 20 19 11

1413 304 59 18 years
1482 298 104 24 agobut
1604 304 93 19 presume
1715 299 18 19 it
1742 306 41 12 was
1794 301 52 18 done

1414 324 64 18 under
1487 323 110 26 authority.
1625 324 21 18 It
1656 325 16 18 is
1681 328 52 16 most
1739 332 106 18 necessary

1414 350 44 18 that
1468 350 16 18 it
1491 349 73 20 should
1573 351 24 17 be
1604 350 85 23 refitted,
1701 351 41 19 and
1748 358 85 16 arrange-

1414 379 65 16 ments
1489 375 59 20 made
1559 376 31 19 for
1603 377 34 18 the
1649 376 86 20 efficient
1754 377 93 26 washing

1413 402 65 19 under
1487 408 39 13 one
1538 403 45 18 roof
1592 403 22 18 of
1628 402 28 19 all
1674 403 77 24 towels,
1769 403 77 25 lounge

1413 435 74 15 covers,
1501 427 91 23 brushes,
1613 429 73 23 combs,
1707 430 41 22 &c,
1768 429 34 19 for
1811 427 35 21 the

1413 454 81 19 various
1515 454 49 18 bath
1595 455 72 18 houses
1700 455 57 19 Hose
1772 455 74 20 should

1413 480 43 19 also
1466 480 25 19 be
1501 479 98 26 provided
1617 482 32 17 for
1660 481 34 18 the
1700 487 74 19 proper
1783 481 53 20 flush-

1413 506 41 24 ing,
1467 506 95 22 morning
1572 508 39 17 and
1619 505 65 26 night,
1693 506 23 19 of
1722 508 35 18 the
1763 508 82 19 various

1413 532 174 24 dressing-boxes,
1599 533 41 22 Ac,
1654 532 40 20 and
1712 533 16 19 it
1737 534 72 19 should
1821 534 25 19 be

1413 558 34 18 the
1458 558 75 25 special
1543 559 51 22 duty
1607 558 21 19 of
1646 565 54 13 some
1717 566 38 12 one
1772 562 22 17 to
1813 566 33 13 see

1413 584 45 18 that
1477 584 42 19 this
1542 588 74 15 matter
1640 585 17 18 is
1677 585 51 25 duly
1747 586 97 19 attended

1413 612 26 16 to.
1464 610 44 19 The
1517 610 94 19 absolute
1618 609 120 21 cleanliness
1748 612 20 19 of
1775 619 60 17 every-

1413 636 61 25 thing
1489 637 117 24 pertaining
1622 639 20 16 to
1658 643 37 12 our
1713 637 60 20 baths
1791 642 55 15 must

1413 662 25 19 be
1457 662 70 25 placed
1548 662 79 25 beyond
1637 663 88 25 dispute.

1439 687 25 20 In
1475 689 72 24 regard
1562 691 21 16 to
1590 689 34 19 the
1644 689 58 19 other
1721 692 83 17 matters
1813 697 22 12 re-

1414 714 67 18 ferred
1491 718 26 19 to,
1529 715 45 22 viz.,
1588 715 35 19 the
1635 713 100 27 disparity
1754 716 21 19 of
1793 722 40 13 tem-

1413 744 95 21 perature
1518 740 90 20 between
1620 741 34 18 the
1663 742 82 18 various
1761 741 85 21 Priest's

1414 765 65 24 baths,
1491 766 35 19 the
1537 770 53 15 want
1601 766 21 19 of
1632 774 60 17 many
1702 769 144 19 conveniences

1412 795 22 16 at
1442 792 36 18 the
1489 791 124 20 Postmaster
1623 793 59 20 Bath,
1701 793 40 19 and
1758 794 35 19 the
1809 802 25 12 ne-

1412 819 73 23 cessity
1494 819 33 17 for
1536 818 78 25 having
1625 826 12 11 a
1648 819 73 19 female
1739 819 107 22 attendant

1412 844 63 22 there,
1496 850 30 13 we
1545 847 71 22 expect
1634 845 45 18 that
1698 846 57 18 these
1775 847 71 25 things

1413 870 40 19 will
1464 870 20 19 in
1498 870 36 19 the
1553 871 78 18 fulness
1651 871 20 18 of
1691 875 49 15 time
1759 880 87 18 arrange

1412 896 128 19 themselves.
1570 897 71 19 Under
1660 897 27 19 all
1707 898 34 19 the
1761 900 73 18 circum-

1412 925 78 16 stances
1500 923 108 25 attending
1618 923 34 19 the
1667 922 102 22 condition
1780 927 22 17 of
1811 926 35 19 the

1412 946 65 22 Baths
1487 949 54 21 bore,
1553 948 98 25 however,
1670 956 28 13 we
1717 954 74 16 cannot
1808 952 38 20 but

1411 975 52 18 view
1475 974 48 19 with
1543 974 129 26 disapproval
1692 977 35 18 (lie
1745 977 101 25 spending

1412 1001 22 18 of
1440 1000 21 19 .
1462 1000 3 23 r
1466 1003 30 16 >/j0
1510 1007 24 12 on
1546 1000 34 20 the
1591 1002 85 19 erection
1688 1002 22 19 of
1719 1010 12 12 a
1751 1005 95 18 women's

1412 1026 115 24 swimming
1538 1027 48 19 bath
1598 1028 56 19 when
1669 1029 34 18 the
1714 1030 89 25 existing
1813 1037 22 12 ac-

1412 1054 148 18 commodation
1571 1054 16 18 is
1597 1061 22 10 so
1626 1054 93 19 deficient
1729 1055 20 19 in
1756 1062 23 13 so
1784 1063 62 14 many

1412 1080 128 24 particulars.
1569 1079 38 20 Let
1626 1086 23 13 us
1665 1080 57 26 plane
1743 1082 55 20 what
1817 1090 29 13 we

1413 1106 52 18 have
1477 1111 25 14 on
1514 1111 11 13 a
1535 1106 52 24 good
1605 1107 123 19 serviceable
1744 1108 55 18 basis
1809 1109 25 18 ho-

1411 1131 44 19 foro
1470 1138 28 12 we
1510 1132 88 19 increase
1608 1132 34 19 the
1651 1134 87 18 number
1747 1135 21 18 of
1779 1135 56 20 build-

1411 1158 52 25 ings.

1439 1184 18 19 A
1467 1190 74 19 propos
1551 1184 22 19 of
1590 1184 35 19 the
1644 1185 64 19 above
1721 1193 29 12 we
1759 1187 40 18 find
1811 1187 34 20 the

1411 1213 76 16 utmost
1507 1210 157 20 dissatisfaction
1690 1214 107 23 expressed
1818 1213 27 20 by

1412 1236 80 19 visitors
1505 1236 49 21 who,
1567 1237 90 24 arriving
1667 1237 48 19 hero
1726 1240 31 17 for
1767 1246 13 12 a
1788 1240 56 18 short

1412 1264 45 22 stay
1474 1262 20 19 of
1514 1269 12 11 a
1543 1263 38 18 few
1602 1263 55 24 days,
1677 1263 42 20 find
1740 1265 35 19 the
1786 1265 60 19 baths

1411 1288 68 20 closed
1484 1288 82 25 against
1574 1289 53 19 them
1637 1296 24 12 on
1668 1290 70 24 public
1745 1290 99 26 holidays.

1412 1315 27 19 At
1447 1314 114 20 Ch'istmas
1571 1315 48 19 time
1633 1316 76 19 similar
1726 1317 119 26 complaints

1412 1348 52 12 were
1477 1340 64 24 made,
1554 1341 39 19 and
1610 1348 25 12 on
1655 1343 85 24 malting
1759 1344 87 25 enquiry

1412 1374 29 12 we
1452 1373 52 13 wore
1514 1367 80 19 assured
1614 1367 20 19 th
1649 1371 8 15 t
1667 1369 14 18 it
1700 1369 38 19 had
1750 1369 84 21 been'de-

1411 1393 57 19 cided
1480 1392 19 20 in
1510 1393 69 19 future
1599 1397 20 15 to
1635 1401 51 18 open
1703 1396 35 18 the
1755 1395 12 20 b
1776 1397 39 18 <ths
1825 1404 21 11 as

1411 1419 59 19 usual
1483 1426 25 12 on
1519 1419 69 25 public
1597 1420 97 25 holidays,
1707 1422 47 18 with
1766 1422 36 20 the
1812 1430 22 12 ex-

1411 1446 79 23 ception
1503 1446 21 18 of
1534 1445 57 19 Gool
1602 1445 74 26 Friday
1688 1448 39 18 and
1734 1448 112 20 Christmas

1413 1470 51 26 Day,
1482 1472 58 19 whon
1559 1471 82 26 Sunday
1658 1473 62 20 hours
1738 1475 65 18 would
1821 1475 25 17 bo

1411 1498 106 19 observed.
1546 1498 18 19 A
1574 1500 113 24 paragraph
1710 1501 99 24 appeared
1825 1502 19 18 in

1413 1524 55 19 these
1477 1525 90 18 columns
1578 1527 19 17 to
1607 1525 44 19 that
1661 1526 65 19 effect.
1755 1527 30 19 On
1800 1528 35 18 Fas-

1412 1553 30 16 ter
1449 1550 96 24 Monday,
1555 1550 99 24 however,
1665 1552 35 20 the
1707 1552 64 20 Baths
1779 1553 66 20 closed

1412 1579 21 17 at
1451 1579 11 16 8
1477 1576 76 19 o'clock
1569 1584 45 12 a.m.
1633 1580 20 17 to
1670 1579 35 18 the
1722 1579 122 25 disappoint,

1411 1606 56 16 merit
1479 1604 22 17 of
1510 1609 67 19 m-my.
1607 1604 43 19 The
1660 1604 125 21 Postmaster
1795 1606 14 19 b
1817 1607 28 18 .th

1411 1629 103 19 remained
1524 1636 57 18 open,
1594 1631 16 18 it
1628 1630 16 19 is
1663 1633 51 20 true,
1735 1631 74 25 simply
1820 1639 24 12 on

1412 1659 82 16 account
1506 1657 21 17 of
1536 1656 34 19 the
1577 1657 105 18 attendant
1690 1656 55 21 there
1753 1665 81 17 express-

1413 1682 35 23 ing
1458 1689 26 12 no
1495 1682 65 18 desire
1578 1683 32 18 for
1620 1691 8 9 a
1648 1682 86 26 bolid-y,
1755 1684 39 19 and
1809 1685 35 18 the

1413 1708 51 19 Blue
1473 1708 53 19 B.ith
1536 1716 40 11 was
1592 1716 50 18 open
1658 1710 30 19 for
1706 1718 9 10 a
1736 1711 87 18 somewb
1839 1713 7 17 t

1412 1734 83 19 similar'
1505 1741 76 13 reason.
1620 1735 39 20 Wo
1679 1736 52 19 have
1750 1743 26 12 no
1795 1737 49 19 wish

1413 1764 19 15 to
1442 1761 17 18 d-
1468 1762 57 23 pu've
1539 1761 34 20 the
1579 1761 143 21 hard-worked
1730 1763 116 20 attendants

1413 1790 19 16 ,it
1442 1788 35 17 th<-
1493 1788 80 18 various
1583 1787 61 20 baths
1654 1788 20 19 of
1693 1789 54 18 their
1756 1789 88 26 holiday,

1412 1813 35 19 but
1461 1820 28 12 we
1501 1814 64 18 would
1578 1814 56 24 point
1644 1816 35 18 out
1689 1815 22 18 tli
1726 1818 7 15 t
1753 1816 34 18 the
1799 1823 34 12 con-

1412 1840 96 18 venience
1522 1840 22 19 of
1554 1840 80 19 visitors
1644 1844 53 15 must
1714 1841 24 18 bo
1754 1842 34 17 the
1803 1842 43 19 first

1411 1866 148 19 consideration
1588 1866 20 19 It
1623 1867 66 19 would
1709 1867 25 20 be
1754 1874 24 12 an
1800 1875 46 19 easy

1413 1894 73 17 matter
1496 1895 21 17 to
1527 1892 41 20 find
1578 1899 55 13 some
1649 1900 42 14 one,
1713 1900 35 18 siy
1769 1901 25 12 an
1815 1895 20 18 in-

1412 1920 53 17 mate
1476 1919 21 18 of
1507 1919 34 19 the
1561 1920 133 23 Sanatorium,
1717 1920 44 18 who
1780 1921 66 18 would

1413 1945 24 19 be
1447 1944 48 23 glad
1506 1947 20 17 to
1537 1945 46 19 take
1602 1948 115 23 temporary
1731 1946 74 23 charge
1821 1954 24 12 on

1412 1971 49 19 snob
1475 1972 107 18 occasions.
1611 1972 20 19 It
1650 1972 16 19 is
1686 1972 119 20 intolerable
1824 1975 20 17 to

1412 1996 49 19 hear
1473 1997 14 18 it
1499 1998 100 25 repeated,
1611 1997 47 21 time
1669 2000 53 17 after
1737 1999 54 21 time,
1803 1999 44 20 that

1413 2023 34 19 the
1456 2023 62 20 baths
1529 2024 47 18 here
1587 2031 53 12 seem
1651 2027 19 16 to
1681 2025 26 19 be
1725 2032 36 12 run
1781 2025 19 19 in
1811 2025 35 20 the

1413 2049 95 19 interests
1524 2050 21 18 <f
1562 2051 34 17 the
1616 2051 120 23 attendants,
1755 2051 40 19 and
1813 2054 34 17 not

1412 2075 32 19 for
1455 2076 34 18 the
1500 2076 133 20 convenience
1640 2077 21 19 of
1668 2077 34 19 the
1719 2077 75 25 public.

1413 2130 104 23 LOCAL
1531 2131 96 24 NEWS
1651 2132 70 23 AND
1735 2133 104 22 NOTES.

1435 2184 85 18 Tourists
1541 2185 103 22 travelling
1659 2185 86 18 between
1763 2187 85 17 Eotorua

1413 2207 36 17 and
1460 2207 99 18 Auckland
1569 2213 34 13 can
1617 2209 39 22 rely
1670 2215 51 16 upon
1735 2210 77 22 getting
1824 2216 24 12 an

1413 2231 93 17 excellent
1515 2231 34 18 hot
1561 2232 93 17 luncheon
1668 2234 20 16 at
1705 2232 31 18 the
1752 2232 96 19 Frankton

1413 2253 65 21 Hotel,
1501 2254 98 18 Frankton
1613 2255 97 21 Junction,
1733 2256 61 18 whore
1816 2257 33 17 the

1413 2277 51 16 train
1472 2278 52 21 stops
1533 2279 22 16 20
1565 2279 98 17 minutes.*

1437 2308 30 18 No
1484 2310 113 21 permanent
1616 2310 132 23 appointment
1764 2312 35 18 has
1817 2312 32 21 yet

1413 2331 47 18 been
1470 2331 55 20 made
1534 2333 19 18 to
1562 2333 33 17 the
1604 2333 64 23 Tanpo
1677 2334 47 17 Post
1733 2335 58 17 office.
1817 2335 31 17 Mr

1413 2354 18 18 J.
1440 2355 30 18 W.
1480 2356 77 17 Salmon
1567 2357 39 16 still
1620 2356 80 19 remains
1715 2358 19 17 in
1749 2358 76 22 charge.

1437 2387 40 17 The
1486 2387 75 18 rainfall
1571 2394 20 11 as
1605 2389 88 17 recorded
1708 2391 19 15 at
1743 2389 32 17 the
1790 2390 48 17 Sana-

1413 2410 70 17 torium
1493 2411 48 17 from
1552 2412 31 16 the
1595 2412 26 16 Ist
1630 2413 20 16 to
1667 2411 32 19 the
1714 2413 33 16 Sth
1759 2413 45 17 inst.
1814 2419 24 17 ag-

1414 2434 92 22 gregated
1515 2435 39 16 2.91
1568 2434 69 23 points.

1437 2465 32 17 Mr
1486 2465 64 20 Stone,
1563 2467 20 16 of
1595 2466 124 20 Birkenhead,
1733 2467 94 23 preached
1830 2469 19 17 to

1413 2488 34 17 the
1466 2488 133 23 Presbyterian
1618 2490 136 24 congregation
1778 2491 19 17 in
1818 2492 32 17 the

1413 2511 128 19 Schoolhouse
1561 2518 24 12 on
1606 2514 77 21 Sunday
1703 2514 92 23 .morning
1813 2514 36 18 and

1413 2535 82 23 evening
1504 2537 20 15 to
1533 2536 50 22 good
1597 2537 127 17 attendances.

1437 2566 40 18 The
1486 2566 81 23 Library
1580 2568 112 17 Committee
1705 2570 50 15 meet
1770 2575 24 11 on
1808 2570 31 17 Fri-

1413 2590 37 22 day
1459 2589 57 24 night
1524 2591 54 16 when
1589 2590 30 18 the
1628 2591 92 17 members
1729 2591 38 18 will
1780 2593 47 17 elect
1840 2598 11 12 a

1414 2613 94 23 secretary
1528 2614 19 17 in
1564 2614 52 22 place
1637 2615 20 17 of
1673 2615 32 17 the
1722 2615 37 17 late
1776 2615 26 18 H.
1821 2617 29 17 W.

1414 2636 117 23 Neighbour.

1439 2668 102 17 Constable
1551 2668 79 23 Murray
1638 2669 16 17 is
1662 2669 39 18 still
1710 2670 48 22 busy
1773 2669 67 19 distrib-

1416 2692 56 19 uting
1479 2692 32 16 the
1520 2697 65 13 census
1599 2698 67 16 papers
1675 2692 61 19 which
1746 2693 73 23 require
1831 2695 19 17 to

1414 2715 23 17 bo
1447 2715 52 17 filled
1505 2721 25 16 up
1540 2715 25 21 by
1574 2716 32 16 the
1622 2716 48 17 head
1686 2716 20 17 of
1714 2716 45 17 each
1774 2717 59 18 house
1842 2728 8 2 -

1414 2738 47 17 hold
1470 2744 24 11 on
1505 2738 77 22 Sunday
1592 2739 80 22 evening
1680 2741 52 16 next.

1439 2769 39 17 The
1501 2768 38 19 late
1559 2770 32 17 Mr
1604 2770 28 18 W.
1648 2770 25 17 Jf.
1696 2771 118 21 Neighbour,
1837 2772 14 17 it

1416 2792 63 17 would
1489 2798 70 17 appear
1567 2793 35 18 left
1611 2799 24 11 no
1644 2794 38 17 will
1696 2794 37 18 and
1747 2794 31 18 his
1793 2796 58 17 estate

1416 2815 40 17 will
1470 2815 94 18 therefore
1583 2817 24 17 he
1625 2817 134 18 administered
1776 2818 27 22 by
1818 2819 33 17 tha

1416 2840 54 16 curat
1486 2839 40 17 rof
1538 2839 88 18 intestate
1643 2841 74 17 estates.
1751 2841 101 18 Constable

1416 2862 80 23 Murray
1505 2864 40 15 acts
1553 2864 30 16 for
1588 2864 42 16 that
1647 2864 120 23 functionary
1776 2864 75 24 locally.

1440 2893 53 19 Lake
1502 2892 65 20 House
1576 2894 59 18 Hotel
1648 2901 19 12 so
1682 2895 44 18 well
1737 2895 37 18 and
1789 2897 52 17 favor-

1418 2917 45 22 ably
1476 2917 71 17 known
1559 2918 61 17 under
1634 2918 31 17 the
1682 2920 135 20 management
1833 2920 20 17 of

1418 2940 41 17 Mrs
1481 2940 23 18 R.
1527 2940 84 19 Graham
1633 2941 38 17 will
1695 2942 20 17 in
1743 2943 63 16 future
1830 2943 23 17 ho

1418 2963 106 17 conducted
1538 2964 27 20 by
1584 2965 32 16 Mr
1635 2965 36 17 and
1686 2965 41 18 Mrs
1747 2965 104 23 Urquhart,

1420 2987 90 23 formerly
1520 2987 20 17 of
1545 2987 96 18 Okoroire.

1442 3018 32 16 Mr
1487 3018 29 18 W.
1526 3017 77 23 Lambe,
1612 3025 10 11 a
1631 3020 84 16 member
1723 3020 20 17 of
1751 3020 32 17 the
1790 3020 54 18 Axiek-

1418 3040 47 19 land
1485 3041 63 18 Board
1568 3043 20 16 of
1603 3042 106 18 Education
1729 3043 17 17 is
1761 3043 58 21 again
1835 3044 19 16 in

1419 3065 86 16 Eotorua
1521 3065 30 17 for
1567 3071 11 10 a,
1595 3071 63 12 course
1672 3066 20 17 of
1701 3066 32 17 the
1741 3066 113 18 bathsthe

1420 3088 64 18 merits
1493 3088 20 17 of
1527 3088 62 18 which
1597 3088 24 18 lie
1629 3089 34 17 has
1671 3088 38 18 had
1718 3090 86 22 previous
1821 3095 22 12 ex-

1420 3111 88 22 perience-
1515 3111 26 17 of.

1443 3142 83 17 Tenders
1540 3142 29 18 for
1584 3142 74 24 leasing
1670 3144 34 17 the
1712 3145 57 16 Town
1786 3145 68 20 Board,

1420 3165 93 22 paddock,
1520 3166 72 21 having
1597 3173 11 11 a
1614 3167 111 21 frontageto
1732 3168 32 16 the
1771 3167 85 18 Utuhina

1421 3189 58 17 Creek
1487 3189 38 17 and
1534 3189 100 23 adjoining
1642 3191 31 16 Mr
1681 3190 20 18 J.
1708 3191 22 17 L.
1745 3191 57 17 Eeids
1817 3197 30 11 sec-

1421 3212 47 18 tion,
1478 3212 30 17 for
1522 3219 11 10 a
1549 3213 49 17 term
1614 3213 20 17 of
1645 3213 52 18 three
1714 3220 21 11 or
1751 3214 37 17 five
1803 3220 55 16 years

1423 3235 49 17 close
1480 3241 24 11 on
1513 3234 86 23 Tuesday
1607 3239 51 15 next.
1693 3233 116 22 Particulars'
1817 3237 39 18 will

1421 3258 24 18 bo
1454 3258 59 17 found
1519 3259 19 16 in
1547 3259 79 17 another
1635 3259 81 19 column.

1446 3290 31 16 An
1494 3291 66 20 expert
1575 3290 20 17 in
1612 3290 32 17 the
1661 3292 69 17 matter
1747 3292 21 17 of
1783 3292 75 17 natural

1423 3313 78 17 mineral
1512 3318 66 12 wavers
1588 3313 37 17 will
1635 3314 72 22 shortly
1717 3314 42 18 visit
1774 3315 86 17 Eotorua

1423 3336 47 17 with
1480 3342 11 11 a
1500 3336 47 17 view
1555 3337 20 16 to
1583 3337 123 24 introducing
1710 3338 33 17 the
1754 3340 69 15 waters
1840 3339 20 16 of

1423 3359 33 17 the
1473 3358 75 18 district
1564 3365 24 11 on
1603 3365 24 12 an
1644 3361 96 17 extensive
1754 3361 49 18 scale
1819 3361 41 17 into

1423 3382 77 22 Europe
1508 3382 38 17 and
1555 3382 91 18 America.
1672 3384 19 16 It
1700 3384 15 17 is
1727 3385 20 16 to
1761 3384 24 17 bo
1797 3384 62 23 hoped

1425 3405 42 17 that
1484 3406 32 16 the
1533 3405 127 18 Government
1680 3407 40 17 will
1739 3408 46 16 offer
1804 3413 56 17 every

1425 3428 73 22 facility
1507 3429 31 16 for
1545 3429 38 17 this
1592 3429 57 23 being
1658 3429 54 18 done.

1448 3459 39 18 The
1497 3459 91 18 Countess
1602 3461 20 16 of
1637 3461 136 17 'Waehmersfer
1787 3468 61 12 accom-

1425 3482 26 23 by
1458 3482 31 18 Mr
1496 3483 37 16 and
1540 3483 39 17 Mrs
1588 3483 72 18 Draffin
1669 3484 74 18 arrived
1750 3485 18 16 in
1775 3485 85 17 Eotorua

1425 3506 26 21 by
1461 3506 109 21 Saturday's
1585 3506 55 17 train.
1674 3508 30 17 On
1719 3508 76 22 Sunday
1816 3509 45 21 they

1426 3529 67 17 visited
1683 3531 38 17 and
1729 3530 81 18 Tiitere
1825 3531 37 18 and

1426 3552 32 16 the
1465 3552 90 17 Countess
1565 3553 83 17 lectured
1656 3553 18 17 in
1686 3553 87 18 Pukeroa
1786 3554 46 18 Hall
1841 3554 19 17 in

1426 3574 32 18 the
1478 3575 87 22 evening.
1591 3576 38 17 The
1647 3578 57 21 party
1724 3577 35 17 left
1780 3578 31 16 for
1829 3577 33 18 the

1426 3597 88 18 Waikato
1523 3603 24 12 on
1555 3598 85 23 Monday
1650 3600 94 22 morning.

1449 3629 33 16 Mr
1490 3629 28 18 W.
1529 3629 80 21 Seddon,
1620 3631 20 16 of
1649 3631 51 17 Lake
1708 3631 58 21 View,
1774 3632 42 16 who
1825 3632 38 17 had

1426 3653 20 16 to
1455 3652 80 22 proceed
1552 3654 19 16 to
1588 3653 33 18 the
1637 3654 87 17 Waikato
1741 3654 89 24 Hospital
1842 3657 20 15 to

1426 3675 86 23 undergo
1522 3681 25 12 an
1561 3676 102 22 operation,
1679 3676 34 19 has
1727 3677 89 18 returned
1830 3684 21 11 en-

1427 3698 57 22 tirely
1500 3699 83 17 restored
1600 3701 19 15 to
1636 3700 71 17 health.
1740 3700 32 18 Mr
1788 3701 74 17 Seddon

1427 3720 68 24 speaks
1498 3720 68 24 highly
1569 3722 21 18 of
1592 3723 33 17 the
1630 3723 17 18 sl>
1650 3723 46 18 ill'of
1698 3723 33 18 the
1734 3722 80 20 medical
1820 3723 44 19 staff

1428 3744 38 17 and
1474 3744 33 18 the
1515 3746 126 21 unremitting
1657 3747 94 16 attention
1768 3747 95 17 bestowed

1427 3767 26 18 by
1462 3767 32 18 the
1503 3773 65 12 nurses
1577 3769 20 16 of
1606 3768 31 17 the
1646 3769 113 16 institution.

1494 3799 48 17 have
1551 3800 84 17 received
1643 3801 49 16 from
1700 3801 32 17 the
1738 3800 124 24 Department

1428 3821 20 17 of
1454 3821 121 23 Agriculture
1585 3823 31 17 the
1624 3824 64 22 report
1697 3823 36 18 and
1741 3824 121 23 proceedings

1428 3845 20 16 of
1457 3844 33 19 the
1521 3845 114 18 Conference
1644 3852 24 12 on
1685 3847 33 17 the
1727 3847 71 17 Frozen
1813 3848 49 17 meat

1428 3867 93 23 Industry
1548 3869 38 17 and
1595 3876 10 10 a
1614 3870 100 21 pamphlet
1720 3870 25 22 by
1761 3871 32 16 Mr
1809 3870 19 17 J.
1838 3870 23 17 A.

1428 3890 113 18 Henderson
1564 3897 24 12 on
1624 3892 79 23 Poultry
1723 3893 38 17 and
1774 3894 59 21 Eggs.

1428 3914 39 16 The
1475 3913 57 18 latter
1539 3914 14 17 is
1570 3922 11 10 a
1595 3915 64 22 handy
1667 3916 50 17 book
1734 3916 19 17 of
1770 3916 92 18 reference

1429 3936 30 18 for
1466 3936 78 24 poultry
1560 3939 73 21 keepers
1650 3939 97 23 generally
1763 3939 38 17 and
1818 3945 33 11 con-

1428 3960 49 16 tains
1486 3966 58 17 many
1558 3961 87 18 valuable
1655 3962 59 18 hints.

1452 3991 50 17 Lists
1511 3991 38 17 still
1557 3992 71 17 remain
1636 3993 20 16 at
1667 3993 33 17 the
1709 3993 73 17 various
1795 3993 67 20 hotels,

1428 4014 38 16 and
1475 4014 54 17 other
1537 4014 62 22 places
1608 4016 20 16 in
1636 4016 30 16 aid
1675 4016 20 17 of
1704 4016 32 18 the
1742 4016 120 18 Brnnnerton

1428 4036 62 18 Relief
1499 4037 60 18 Fund.
1590 4038 104 23 Intending
1711 4039 113 17 subscribers
1833 4045 29 11 are

1428 4060 99 22 requested
1536 4061 20 16 to
1572 4061 43 22 give
1631 4062 47 16 their
1696 4062 99 18 donations
1812 4062 50 22 early

1428 4082 47 17 with
1483 4082 33 19 the
1524 4083 48 18 view
1581 4084 21 18 of
1616 4085 90 22 enabling
1722 4085 30 16 the
1762 4085 41 17 lists
1812 4085 20 18 to
1840 4085 22 17 be

1428 4105 62 18 closed
1499 4106 38 17 and
1546 4107 31 16 the
1593 4113 67 16 money
1676 4108 113 17 forwarded.
1814 4108 36 17 Sub-

1428 4129 99 21 scriptions
1536 4135 31 12 are
1575 4130 76 22 coming
1659 4130 20 18 in
1692 4130 63 22 freely.

1893 120 82 17 Tenders
1991 120 48 17 close
2053 126 24 11 on
2086 120 86 22 Monday
2180 121 45 16 next
2234 120 29 17 for
2271 121 32 17 tlio

1869 142 52 18 work
1943 144 20 16 of
1985 143 99 23 removing
2105 143 32 17 the
2159 143 63 17 native
2242 144 62 17 school

1868 165 97 23 buildings
1972 167 20 17 at
2000 167 73 17 Eotoiti
2081 167 21 16 to
2110 172 11 11 a
2129 167 36 16 site
2181 167 20 16 at
2210 167 24 16 Te
2244 167 59 18 Nirae.

1869 189 140 19 Specifications
2023 196 44 16 may
2086 189 23 18 be
2123 195 44 12 seen
2180 190 21 17 at
2215 189 32 18 the
2260 190 44 17 Post

1868 213 59 17 office.

1892 244 32 17 Mr
1931 244 120 18 Wainhouse,
2059 243 147 19 stationmaster.
2216 245 87 16 returned

1868 267 20 16 ti
1897 267 85 17 Rotorua
1990 267 37 17 last
2035 268 56 20 night
2100 267 79 22 looking
2187 267 26 16 all
2221 267 33 17 the
2262 267 31 17 hot-

1868 291 29 15 ter
1905 290 31 17 for
1947 290 29 18 his
1993 290 53 18 short,
2062 290 83 21 holiday.
2180 290 31 17 Mr
2225 288 78 20 JnMns

1868 313 43 17 who
1919 313 34 17 has
1962 313 47 17 been
2018 314 64 21 acting
2096 313 71 22 during
2180 313 30 17 his
2225 311 78 19 absence

1868 335 35 18 left
1912 337 30 16 for
1949 336 100 17 Auckland
2058 337 26 22 by
2092 337 33 16 the
2142 335 88 24 morning
2247 337 55 16 train.

1891 367 91 22 Monday,
1992 367 32 17 the
2034 368 45 17 27th
2087 368 39 16 inst
2134 368 16 16 is
2159 368 33 17 the
2200 367 44 17 date
2255 367 48 17 fixed

1868 390 30 17 for
1906 391 32 16 the
1947 389 79 19 election
2035 391 21 16 of
2063 397 12 11 a
2082 396 43 12 new
2133 391 69 17 School
2212 389 80 19 Coulmit-

1868 414 9 16 t
1880 419 23 11 ie.
1928 414 59 17 There
1996 419 31 12 are
2035 414 65 17 bound
2109 415 19 16 to
2136 414 25 17 bo
2169 420 11 11 a
2189 414 36 17 few
2234 414 59 17 altera-

1868 436 49 18 tions
1936 436 19 17 in
1964 436 24 18 its
2006 437 125 17 constitution
2144 443 21 11 as
2180 443 35 11 one
2231 443 22 11 or
2266 438 37 16 two

1868 459 93 18 members
1969 464 31 12 are
2008 458 84 19 desirous
2105 461 20 16 of
2137 461 85 22 retiring,
2239 458 38 19 and
2293 465 10 12 a

1868 483 94 17 treasurer
1970 482 39 17 will
2018 483 48 16 have
2075 484 20 15 to
2103 483 23 17 be
2135 483 73 18 elected
2216 483 20 17 in
2251 481 53 25 place

1868 506 20 16 of
1895 506 32 16 the
1935 502 38 21 late
1982 504 31 18 Mr
2022 506 26 17 H.
2058 506 28 17 W.
2093 506 118 22 Neighbour.

1891 537 40 17 The
1951 537 35 18 site
2002 537 21 17 of
2042 537 34 18 the
2091 538 94 22 proposed
2209 538 94 17 Women's

1868 560 112 22 Swimming
1987 558 49 19 Bath
2045 560 15 17 is
2069 560 58 22 being
2135 560 74 18 cleared
2221 559 20 19 of
2256 562 47 16 trees

1868 584 123 21 preparatory
2011 585 20 15 to
2051 583 79 22 making
2151 584 33 18 the
2206 584 97 24 necessary

1868 607 117 17 excavation.
2015 605 39 18 The
2069 607 72 17 douche
2157 607 19 17 in
2194 607 109 17 connection

1868 629 46 18 with
1923 629 32 17 the
1970 628 77 19 Priest's
2064 629 50 18 Bath
2131 630 61 18 which
2206 631 35 16 has
2257 630 46 17 been

1868 652 87 23 working
1963 652 58 23 badly
2029 653 21 16 of
2058 653 38 16 late
2105 654 33 16 has
2148 655 20 15 at
2176 654 66 22 length
2257 654 46 17 been

1868 675 91 20 repaired.
1983 674 40 18 Tho
2031 674 53 24 pipes
2093 676 37 18 bad
2138 676 77 18 become
2232 675 71 19 choked

1868 699 46 17 with
1924 699 57 17 silica.

1891 730 40 17 The
1939 730 107 23 paragraph
2056 730 61 18 which
2130 731 93 22 appeared
2239 732 19 16 in
2271 732 32 16 the

1868 753 87 18 Waikato
1963 753 61 17 Times
2037 754 38 16 and
2092 755 71 21 quoted
2180 755 19 17 in
2217 761 35 11 our
2267 755 36 17 last

1868 777 49 16 issue
1926 777 19 16 to
1954 777 33 16 the
1995 777 54 17 effect
2058 777 43 17 that
2109 777 32 17 Mr
2147 777 78 19 French,
2234 779 59 16 travel-

1868 800 41 21 ling
1917 800 146 22 representative
2074 800 28 17 for
2110 800 71 17 Messrs
2190 802 23 16 A.
2226 802 77 16 Nathan

1868 823 37 17 and
1914 822 40 20 Co.,
1964 823 63 17 would
2035 822 74 23 shortly
2126 830 73 12 assume
2213 824 32 17 the
2260 830 33 16 pro-

1868 846 113 22 prietorship
1990 847 20 16 of
2018 847 33 17 the
2060 846 64 18 Grand
2133 847 64 19 Hotel,
2213 847 89 20 Rotorua,

1868 869 63 20 refers,
1953 875 28 11 wo
1997 876 32 11 are
2042 869 101 21 informed,
2161 872 20 16 to
2198 871 31 18 the
2240 871 63 17 Grand

1868 890 65 22 Hotel,
1943 892 105 17 Auckland.
2062 892 39 18 The
2108 894 79 22 change,
2195 894 16 17 it
2217 894 85 21 isstuted,

1868 916 38 16 will
1915 916 44 17 take
1968 916 52 21 place
2030 922 24 11 on
2062 916 47 23 May
2123 915 15 19 1.

1891 945 61 19 When
1961 948 21 16 at
1987 946 65 24 Taupo
2061 946 99 23 Inspector
2169 948 91 18 Emerson
2274 949 19 17 in-

1868 970 79 18 stituted
1965 976 23 11 an
1997 970 77 23 inquiry
2086 971 41 17 into
2141 972 70 17 certain
2225 972 78 22 charges

1868 994 54 17 made
1939 994 76 21 against
2030 994 101 17 Constable
2145 995 97 17 Berriman
2262 995 41 17 who

1868 1017 15 17 it
1891 1023 45 15 may
1943 1017 25 18 bo
1972 1017 128 18 remembered
2107 1024 38 11 was
2152 1019 78 17 accused
2239 1018 25 22 by
2270 1024 23 12 ex

1868 1040 117 17 Postmaster
1994 1040 48 17 Park
2051 1041 21 16 of
2080 1041 113 21 consignm;*
2208 1042 40 17 him
2261 1043 20 16 to
2293 1048 11 11 a

2035 1064 21 16 of
2061 1065 35 16 not
2105 1062 108 25 altogether
2225 1066 78 21 spotless

1868 1087 115 18 cleanliness,
1992 1087 38 17 and
2043 1087 62 17 whore
2119 1087 23 17 lie
2156 1087 37 19 had
2208 1089 29 17 for
2253 1094 38 12 com-

1868 1111 79 21 panions
1964 1110 31 17 the
2014 1116 86 13 common
2114 1117 21 11 or
2149 1111 71 23 garden
2232 1112 71 22 variety

1868 1134 20 17 of
1901 1132 69 24 porker
1988 1134 37 17 and
2039 1140 10 10 a
2061 1134 87 23 plethora
2161 1135 20 16 of
2194 1140 109 16 overgrown

1868 1157 87 18 chickens
1966 1157 36 17 and
2016 1157 49 17 their
2081 1158 95 21 parasites.
2210 1158 32 16 Mr
2255 1158 48 17 Park

1868 1181 42 16 who
1921 1181 54 16 made
1986 1181 32 16 tho
2032 1180 80 23 charges
2127 1186 39 11 was
2179 1183 34 15 not
2229 1183 75 20 jiresont

1868 1203 37 18 and
1914 1204 32 16 tho
1963 1202 97 19 constable
2069 1209 27 12 we
2104 1210 32 11 are
2144 1202 93 19 informed-

1868 1227 32 17 sed
1909 1226 140 23 triumphantly
2055 1227 84 23 through
2148 1228 33 16 the
2190 1228 68 17 ordeal.

1891 1259 99 21 Inspector
2006 1259 92 16 Emerson
2117 1259 74 18 arrived
2211 1259 19 17 in
2244 1260 48 16 Rotn-

1868 1288 34 11 rua
1912 1281 99 23 yesterday
2020 1288 24 11 on
2055 1280 27 19 his
2094 1282 77 21 regular
2183 1283 44 17 visit
2242 1283 20 16 of
2274 1283 20 16 in-

1868 1305 91 22 spection.
1986 1305 60 17 When
2063 1306 21 16 at
2098 1305 64 23 Taupo
2176 1311 23 13 on
2215 1306 29 16 his
2262 1312 41 16 way

1868 1328 84 23 through
1963 1328 48 18 from
2021 1329 71 22 Napior
2102 1329 22 17 he
2133 1328 83 20 received
2232 1329 62 17 intelli-

1869 1357 57 15 gence
1936 1351 42 18 that
1988 1351 31 18 the
2029 1351 72 18 natives
2115 1353 19 16 at
2149 1352 90 18 Tokaanu
2256 1358 48 11 were

1868 1374 78 23 levying
1955 1381 11 12 a
1975 1376 70 21 species
2055 1376 19 16 of
2087 1375 102 18 blackmail
2206 1381 23 11 on
2242 1376 48 16 Euro-

1868 1404 58 16 peans
1943 1397 26 23 by
1992 1398 70 23 seizing
2075 1398 33 17 the
2124 1397 64 19 horses
2205 1397 37 19 and
2257 1397 46 24 dogs

1868 1422 20 16 of
1910 1421 53 18 those
1983 1422 61 23 going
2070 1420 58 24 along
2153 1422 32 16 the
2215 1422 88 23 highway

1868 1447 21 15 at
1909 1449 11 13 a
1940 1451 47 15 pace
2006 1445 60 17 above
2086 1451 12 10 a
2122 1444 50 18 walk
2193 1451 21 11 or
2234 1452 12 10 a
2266 1447 35 15 trot

1868 1468 37 17 and
1915 1468 116 23 demanding
2039 1474 12 11 a
2059 1469 29 16 fee
2095 1468 64 17 before
2173 1469 66 21 giving
2253 1469 49 17 them

1868 1497 32 17 up.
1935 1492 38 16 The
1982 1492 94 21 inspector
2092 1490 95 20 therefore
2200 1492 103 23 proceeded

1868 1516 20 15 to
1902 1515 90 17 Tokaanu
2008 1515 20 17 in
2042 1515 54 16 order
2107 1517 20 14 to
2144 1515 68 22 rectify
2226 1516 77 17 matters

1869 1538 61 17 which
1946 1544 39 11 was
2001 1538 139 22 accomplished
2157 1539 81 17 without
2255 1538 40 18 diffi-

1868 1562 58 21 culty.

1892 1593 67 18 Music.
1969 1591 67 20 Music,
2044 1593 61 17 Music
2114 1591 46 20 :A
2169 1594 63 17 choice
2247 1594 47 17 selec-

1868 1616 40 17 tion
1919 1617 19 16 of
1952 1616 33 17 the
1999 1616 57 18 latest
2070 1622 63 15 songs,
2148 1617 26 21 by
2190 1616 46 18 such
2253 1622 38 13 com-

1868 1645 64 16 posers
1954 1645 21 11 as
1994 1639 80 21 Pinsuti,
2095 1639 4 22 *
2112 1639 75 19 arthold
2201 1641 64 19 Tours,
2283 1641 19 17 C.

1869 1661 90 24 Godfrey,
1970 1662 90 21 Sherwin,
2071 1663 69 19 Banks,
2151 1663 78 21 Winter,
2237 1664 66 22 Henry

1869 1686 62 17 Klein.
1942 1684 89 20 Juncker.
2041 1685 108 22 Caraccioli,
2160 1685 88 20 Braham.
2256 1687 46 17 Ivan

1868 1708 70 24 Caryll,
1948 1709 74 18 Angola
2035 1708 115 22 Eawbnson,
2161 1710 64 23 Gatty,
2241 1709 61 20 Birch,

1869 1733 85 17 Harnett.
1973 1732 114 21 Desorumes,
2107 1732 110 22 Offenbach,
2236 1734 26 16 &c
2272 1734 30 17 &c.

1870 1756 44 16 Also
1923 1756 87 18 Waltzes,
2021 1755 92 19 Marches.
2124 1755 96 22 Gavottes,
2237 1757 56 17 Seren-

1869 1779 50 21 ades,
2056 1779 37 17 and
2112 1779 101 18 Overtures
2227 1780 29 17 for
2272 1781 32 16 the

1868 1802 109 18 Pianoforte
1986 1802 25 21 by
2020 1801 77 25 Gungl,
2109 1803 98 21 D'Albert,
2223 1802 79 23 Rossini,

1870 1825 82 24 Stephen
1982 1825 73 19 Glover,
2081 1826 77 21 Ketten,
2189 1825 113 22 Beethoven,

1869 1847 89 23 Lardelli,
1976 1849 122 18 Heunorboin
2124 1849 93 18 Harrison
2235 1850 68 18 White,

1870 1872 110 19 Pechotsch,
1991 1872 77 21 Bonser,
2079 1873 27 17 &o
2115 1873 32 17 &c.
2173 1873 78 18 Francis
2267 1873 37 18 and

1870 1895 51 23 Days
1941 1895 42 17 11th
2003 1896 64 17 Comic
2081 1896 81 20 Annual,
2181 1897 63 17 words
2267 1897 37 17 and

1870 1919 60 16 music
1943 1920 19 15 at
1972 1919 118 16 OimOXICLE
2100 1918 75 17 Office.*

1892 1950 40 18 The
1937 1950 95 23 Anglican
2036 1950 52 22 body
2097 1950 39 19 still
2145 1951 57 18 suffer
2211 1951 47 18 from
2273 1951 31 18 tho

1870 1975 52 16 want
1936 1974 20 17 of
1975 1981 11 10 it
2002 1974 82 17 resident
2102 1974 109 23 clergyman
2225 1981 21 10 so
2262 1975 43 17 that

1869 1998 53 16 there
1938 2003 38 11 was
1985 2003 24 12 no
2018 1997 69 18 service
2096 1997 19 17 in
2124 1997 33 18 the
2166 1998 70 17 church
2251 1998 19 17 of
2284 1998 21 18 St

1870 2019 56 19 Faith
1936 2027 23 10 on
1969 2019 54 18 Good
2032 2021 76 18 Friday.
2135 2021 29 17 On
2174 2020 67 19 Easter
2256 2021 36 17 Sun-

1870 2044 37 22 day
1924 2044 31 17 Mr
1973 2042 20 19 T.
2009 2043 18 18 J.
2044 2044 96 18 Robinson
2154 2045 93 17 officiated
2267 2044 38 18 and

1870 2068 44 16 read
1924 2067 107 23 improving
2040 2067 103 17 discourses
2150 2068 20 17 at
2179 2067 46 18 both
2241 2073 51 12 morn-

1870 2089 33 24 ing
1917 2090 38 17 and
1976 2090 81 21 evening
2074 2090 75 18 service.
2176 2091 19 17 It
2208 2091 15 17 is
2235 2091 57 17 under-

1870 2113 54 18 stood
1933 2114 43 17 that
1996 2114 33 17 the
2037 2114 71 22 Bishop
2121 2113 21 18 of
2155 2113 79 24 Waiapu
2243 2115 15 16 is
2272 2120 22 12 ex-

1870 2136 66 22 pected
1945 2138 20 15 to
1973 2137 45 16 visit,
2026 2137 38 17 this
2072 2137 75 21 portion
2155 2137 22 18 of
2188 2137 28 18 his
2234 2137 71 18 diocese

1871 2160 72 22 shortly
1952 2160 54 17 when
2015 2160 15 17 it
2039 2160 15 16 is
2063 2161 19 16 to
2100 2159 22 18 bo
2131 2160 63 22 hoped
2202 2161 43 17 that
2257 2161 16 16 if
2281 2167 24 10 no

1872 2183 108 23 clergyman
1989 2183 15 17 is
2021 2184 133 21 permanently
2166 2184 103 22 appointed
2285 2185 20 17 to

1872 2207 31 17 the
1914 2207 69 21 charge
1994 2206 43 17 that
2046 2212 24 11 an
2084 2208 134 20 arrangement
2231 2207 39 17 will
2283 2208 24 16 be

1872 2235 54 13 come
1940 2231 21 16 to
1977 2230 47 17 with
2044 2230 31 17 the
2092 2230 100 17 Auckland
2206 2230 64 24 clergy
2286 2232 19 16 to

1872 2253 68 22 supply
1957 2253 32 17 the
1997 2253 63 22 pulpit
2069 2252 96 24 regularly
2174 2254 19 17 in
2208 2254 31 17 tho
2256 2260 50 11 same

1872 2282 78 11 manner
1959 2282 19 11 as
1987 2277 49 16 their
2045 2277 133 21 Presbyterian
2187 2277 94 18 brethren.

1894 2307 31 18 No
1934 2308 97 22 applicant
2039 2308 34 17 has
2082 2310 32 20 yet
2119 2308 56 17 made
2183 2309 28 17 his
2227 2315 67 16 appear-

1872 2338 45 10 ance
1927 2331 29 17 for
1964 2331 32 17 the
2006 2331 71 17 reward
2087 2332 20 16 of
2115 2331 39 17 2O
2163 2331 69 19 offered
2241 2331 25 24 by
2275 2334 31 16 the

1873 2354 127 18 Government
2009 2354 30 17 for
2047 2354 32 17 the
2095 2359 89 19 recovery
2197 2356 20 16 of
2230 2356 32 17 tho
2277 2362 19 12 re-

1873 2378 84 21 maining
1966 2378 75 22 portion
2051 2378 19 17 of
2078 2378 33 17 the
2120 2378 46 17 Post
2178 2379 57 17 Office
2250 2379 44 22 plun-

1872 2402 33 16 der
1914 2400 92 24 although
2015 2407 29 11 we
2052 2401 117 18 understand
2181 2402 42 17 that
2237 2403 70 17 several

1872 2424 63 18 search
1945 2425 70 22 parties
2023 2423 50 19 have
2084 2425 47 16 been
2147 2426 20 16 at
2181 2425 58 19 work.
2269 2426 38 17 The

1872 2451 54 14 notes
1933 2447 38 18 still
1979 2448 84 21 missing,
2073 2447 58 18 which
2141 2454 34 11 can
2182 2449 23 16 be
2211 2449 96 17 identified

1872 2470 25 24 by
1915 2471 49 17 their
1980 2470 95 21 numbers,
2086 2477 31 11 are
2134 2477 20 12 as
2171 2470 85 24 follows:
2258 2472 47 18 1

1872 2496 55 16 notes
1934 2493 4 23 :
1952 2494 54 17 Bank
2015 2494 20 18 of
2044 2493 47 19 New
2100 2494 60 18 South
2167 2495 67 21 Wales,
2242 2496 17 17 A
2265 2502 43 11 over

1873 2517 15 19 0
1897 2517 88 21 160,716;
1999 2517 54 17 Bank
2068 2518 20 16 of
2096 2517 47 17 New
2160 2518 89 21 Zealand,
2267 2520 39 19 276,

1875 2541 42 19 788;
1932 2541 86 20 309,10:5;
2034 2541 86 20 310.011;
2136 2540 26 18 5
2169 2543 55 17 notes
2232 2546 5 13 :
2245 2542 63 18 Union

1874 2564 60 19 Bank,
1946 2565 74 18 12.091;
2036 2565 62 18 12.701
2107 2564 4 22 ;
2133 2565 75 20 12,750;
2232 2566 75 20 12,781;

1875 2587 74 20 12,7Sfi;
1966 2588 75 18 12,82:5;
2056 2588 75 20 12,828;
2148 2588 60 20 12,871
2217 2587 4 22 ;
2234 2587 73 22 12.917;

1875 2611 70 17 12.982.
1971 2610 38 18 lO
2019 2609 63 19 Union
2092 2611 54 17 Bank
2155 2613 51 19 note,
2216 2613 13 16 2
2241 2618 43 11 over
2293 2612 15 18 O

1875 2635 39 16 ISO.
1939 2633 59 18 There
2007 2639 31 12 are
2048 2634 40 17 also
2096 2635 81 21 cheques
2186 2641 20 11 as
2215 2635 93 17 follow:

1872 2657 19 17 J.
1901 2658 23 16 A.
1933 2657 73 17 Wilson
2015 2657 26 18 .5
2052 2658 29 17 16s
2093 2659 35 19 10s,
2138 2658 19 17 J.
2176 2658 60 18 Grant
2246 2657 4 22 ;
2269 2659 27 18 Na-

1874 2680 59 17 tional
1954 2680 58 21 Bank,
2037 2680 77 22 Napier,
2137 2682 79 20 payable
2237 2684 20 15 to
2280 2683 28 17 W.

1873 2703 58 17 Hobb
1940 2703 32 17 2.

1896 2744 21 16 It
1926 2743 14 17 is
1949 2743 78 17 notified
2036 2743 20 18 in
2061 2743 34 18 the
2099 2742 130 21 Government
2233 2744 77 19 Gazette

1875 2766 42 18 that
1926 2766 45 17 cock
1980 2766 101 23 pheasants
2091 2767 37 17 and
2141 2767 115 19 Californian
2274 2768 36 18 and

1875 2789 109 18 Australian
1992 2790 52 22 quail
2053 2796 44 16 may
2105 2791 24 17 he
2144 2791 30 17 tub
2177 2797 22 11 on
2216 2797 21 13 or
2253 2792 57 17 killed

1875 2813 18 17 in
1903 2813 70 17 certain
1983 2813 84 18 counties
2079 2813 21 17 in
2113 2814 32 17 the
2161 2813 97 19 Auckland
2273 2815 28 18 dis-

1875 2836 44 18 trict
1928 2836 98 23 including
2035 2835 84 18 Eotorua
2129 2838 49 17 from
2189 2838 27 17 Ist
2231 2838 46 22 May
2291 2840 19 15 to

1875 2859 44 18 30th
1929 2858 50 18 June
1987 2860 36 16 and
2034 2859 42 18 that
2085 2858 78 20 licenses
2168 2860 48 19 shall
2220 2861 26 18 be
2249 2861 62 18 issued

1875 2883 30 16 for
1913 2883 32 16 the
1954 2888 40 12 .sum
2004 2883 20 17 of
2032 2884 32 16 20s
2072 2883 52 17 each.
2150 2884 38 17 The
2198 2886 39 16 cost
2246 2885 22 17 of
2279 2886 32 16 the

1875 2905 68 18 license
1952 2907 19 16 to
1981 2906 34 17 sell
2023 2912 55 16 game
2087 2907 15 16 is
2115 2906 27 18 5
2159 2907 51 18 each.
2244 2908 68 17 Native

1875 2934 61 18 game,
1947 2927 45 19 with
2001 2929 33 18 the
2042 2930 99 21 exception
2150 2930 23 18 of
2174 2930 76 24 pigeon,
2260 2927 53 27 huia,

1877 2953 56 16 white
1941 2953 59 16 heron
2009 2952 37 17 and
2061 2953 72 17 crested
2150 2954 62 21 grebe,
2231 2960 43 17 may
2288 2955 23 17 ho

1875 2975 59 18 killed
1943 2976 48 16 from
2002 2975 53 23 April
2065 2977 38 16 4to
2112 2975 51 18 June
2172 2978 28 16 ,'iO.
2225 2977 87 18 Licenses

1876 2998 20 18 in
1905 3000 73 20 respect
1987 3000 19 15 to
2015 2999 95 21 imported
2122 3006 56 15 game
2187 3006 43 17 may
2241 3001 24 17 he
2279 3001 22 18 ob-

1879 3019 62 20 tained
1951 3022 48 17 from
2006 3022 32 17 the
2045 3022 124 23 postmasters
2175 3024 20 16 at
2201 3024 113 22 Cambridge

1877 3045 38 17 and
1924 3045 54 17 other
1987 3045 68 22 places,
2070 3045 100 22 including
2180 3053 27 11 wo
2220 3053 91 16 presume,

1877 3068 93 22 although
1980 3068 14 17 it
2003 3067 15 18 is
2027 3070 34 15 not
2072 3068 113 25 specifically
2199 3071 112 20 mentioned,

1877 3091 92 16 Eotorua*

1902 3128 17 18 A
1932 3128 85 23 meeting
2034 3129 20 17 of
2075 3129 33 17 the
2129 3128 93 20 members
2240 3130 20 18 of
2281 3131 33 17 the

1878 3152 62 21 newly
1957 3149 114 19 constituted
2080 3153 49 17 local
2137 3153 63 17 Board
2209 3154 20 16 of
2243 3154 71 17 Health

1879 3181 38 11 was
1933 3175 45 17 hold
1992 3176 20 15 at
2028 3175 32 17 Mr
2085 3175 101 23 Malfroy's
2209 3177 53 17 office
2290 3183 23 11 on

1880 3198 95 22 Saturday
1983 3196 43 19 last.
2060 3198 69 18 Messrs
2144 3198 90 24 Malfroy,
2249 3200 63 20 Brent,

1879 3221 78 22 Dansey
1966 3221 37 17 and
2011 3221 30 17 Dr
2049 3221 80 18 Cinders
2138 3228 48 12 were
2194 3224 76 21 present
2279 3224 36 17 and

1881 3245 33 16 the
1923 3243 118 18 codification
2051 3245 19 17 of
2078 3250 12 12 a
2098 3246 27 16 set
2135 3246 19 16 of
2162 3246 49 16 rules
2227 3247 88 22 occupied

1882 3267 48 18 their
1941 3267 93 18 attention
2046 3268 29 17 till
2084 3268 38 17 late
2131 3268 19 17 in
2164 3269 32 17 the
2209 3269 105 18 afternoon.

1881 3291 26 16 As
1914 3291 52 16 there
1975 3297 33 10 are'
2016 3297 25 10 710
2051 3291 84 23 existing
2143 3291 49 18 rules
2206 3292 109 22 procurable

1881 3319 25 12 on
1917 3313 59 18 which
1985 3315 20 16 to
2014 3314 44 17 base;
2067 3314 54 18 those
2130 3320 99 17 necessary
2242 3316 30 17 for
2284 3316 32 18 the

1881 3342 69 17 proper
1968 3337 107 21 regulation
2096 3337 21 17 of
2135 3339 83 21 sanitary
2238 3340 77 17 matters

1882 3366 58 16 man}'
1960 3360 106 18 difficulties
2083 3360 82 23 cropped
2187 3367 25 17 up
2233 3362 38 17 and
2284 3362 32 19 the

1882 3382 43 18 task
1933 3382 61 19 which
2003 3384 32 16 the
2045 3384 62 16 Board
2115 3384 16 16 is
2140 3385 87 22 engaged
2240 3386 19 16 in
2272 3391 33 17 pro-

1882 3407 55 16 mises
1952 3407 20 16 to
1993 3407 23 16 be
2030 3412 25 11 an
2072 3407 82 17 arduous
2173 3413 40 12 one.
2239 3408 45 18 Acts
2298 3410 18 16 of

1878 3429 1 26 ;
1883 3429 121 20 Parliament,
2013 3429 77 18 Gazette
2096 3429 72 18 notices
2173 3431 36 17 and
2216 3433 100 22 municipal

1882 3451 94 24 bye-laws
1990 3459 48 10 were
2052 3452 44 17 read
2111 3452 37 17 and
2167 3455 91 22 carefully
2273 3462 33 11 con-

1884 3476 78 19 sidered,
1977 3476 37 16 and
2028 3476 75 21 though
2112 3476 50 21 good
2178 3482 87 17 progress
2279 3485 37 10 was

1884 3499 54 17 made
1947 3499 15 16 it
1971 3499 38 16 will
2018 3499 73 21 require
2100 3505 51 11 more
2160 3500 47 17 than
2215 3507 36 11 one
2257 3502 47 17 meet-

1884 3521 35 23 ing
1931 3523 21 16 to
1969 3521 102 18 formulate'
2083 3528 12 10 a
2114 3522 94 19 workable
2223 3524 37 17 and
2278 3525 31 17 effi-

1878 3544 1 26 -1
1884 3546 49 15 cient
1942 3544 50 18 code.
2018 3545 39 16 The
2065 3544 49 18 local
2130 3546 63 17 Board
2202 3549 48 15 meet
2262 3548 54 22 again

1884 3568 75 20 to-day.

1908 3603 31 16 Mr
1946 3603 73 22 George
2026 3603 77 19 Gilmer,
2111 3604 50 20 who,
2172 3605 73 23 though
2254 3611 64 18 young

1885 3626 20 17 in
1914 3631 60 17 years,
1984 3626 15 17 is
2009 3631 24 12 an
2042 3626 31 17 old
2087 3626 85 19 Eotonia
2185 3628 87 22 identify,
2282 3632 35 14 and

1885 3649 103 22 extremely
1997 3649 81 22 popular
2086 3650 72 20 withal,
2169 3657 38 11 was
2222 3652 44 17 here
2273 3652 33 17 dur-

1885 3672 35 22 ing
1927 3672 33 17 the
1966 3672 86 21 holidays
2062 3672 46 17 with
2117 3678 10 12 a
2132 3674 80 17 number
2221 3676 21 16 of
2250 3675 68 17 friends

1885 3696 52 20 They
1956 3701 49 10 were
2027 3695 70 17 known
2115 3702 22 11 as
2155 3697 33 17 the
2230 3697 70 19 Gilmer
2307 3708 8 3 -

1885 3718 108 22 personally
2003 3727 7 3 -
2019 3718 104 18 condneted
2131 3728 8 4 -
2146 3720 69 17 tourist
2223 3730 8 3 -
2238 3723 56 21 party

1886 3740 37 18 and
1932 3741 33 17 the
1982 3746 70 16 energy
2062 3742 19 16 of
2089 3742 33 16 the
2131 3742 50 18 chief
2186 3749 38 13 was
2233 3744 44 21 only
2285 3750 22 11 ex-

1886 3763 68 18 ceeded
1962 3763 26 23 by
1996 3763 32 18 the
2043 3764 82 22 rapidity
2136 3766 20 17 of
2164 3767 48 17 their
2222 3767 95 17 combined

1886 3788 123 16 movements.
2042 3788 90 22 Arriving
2155 3795 24 11 on
2197 3790 69 22 Friday
2287 3791 31 16 the

1885 3810 56 17 baths
1951 3810 36 17 and
1996 3810 48 17 local
2054 3810 60 22 sights
2194 3813 67 18 visited
2277 3813 41 18 that

1885 3833 86 22 evening;
1990 3833 32 17 the.
2038 3835 87 15 tortuous
2139 3836 38 21 tiip
2186 3836 20 17 to
2223 3836 93 18 Tarawera

1886 3861 39 12 was
1934 3856 136 22 accomplished
2078 3863 23 10 on
2111 3856 100 26 Saturday;
2230 3860 32 16 the
2279 3859 39 17 vale

1885 3879 21 17 of
1915 3878 99 24 Waiotapu
2024 3879 99 18 wandered
2139 3887 44 11 over
2191 3888 24 11 on
2234 3883 81 21 Sunday,

1885 3902 38 17 and
1931 3908 23 10 on
1963 3902 86 21 Monday
2057 3903 32 17 the
2099 3903 61 18 whole
2174 3911 77 17 convoy,
2262 3907 9 15 ii
2276 3907 5 15 1
2299 3905 18 17 in

1885 3925 84 18 number,
1978 3925 88 18 returned
2074 3927 20 16 to
2103 3926 58 22 town,
2177 3928 45 18 loud
2235 3929 20 17 in
2271 3927 47 19 their

1885 3948 71 22 praises
1968 3948 20 17 of
2001 3948 52 17 what
2066 3948 45 23 they
2125 3950 38 17 had
2178 3956 42 13 seen
2236 3951 37 18 and
2285 3956 22 13 en-

1886 3970 99 19 thusiastic
2007 3971 18 17 in
2049 3972 49 17 their
2112 3972 113 20 admiration
2247 3975 20 16 of
2287 3974 31 17 the

1886 3999 72 17 energy
1967 3995 19 16 of
1995 3994 50 17 their
2053 3996 64 20 agent.
2151 3996 32 18 Mr
2191 3998 71 17 Gilmer
2278 4003 40 16 says

1886 4023 43 10 now
1939 4017 23 17 ho
1970 4017 34 17 has
2014 4017 61 18 tasted
2090 4019 32 16 the
2139 4019 83 23 delights
2231 4021 20 17 of-

1952 4046 11 10 a
1972 4040 69 17 tourist
2046 4042 55 21 party
2111 4041 24 18 ho
2140 4042 41 19 will
2186 4044 66 17 return
2256 4049 26 12 on
2287 4042 31 19 the

1886 4063 47 16 next
1946 4063 78 22 holiday
2039 4064 47 16 with
2100 4064 69 18 double
2186 4067 31 16 the
2234 4066 83 18 number,

1887 4085 76 22 During
1972 4086 23 17 iis
2005 4088 42 20 stay
2056 4087 43 17 here
2116 4088 33 16 the
2160 4090 55 21 party
2226 4096 47 10 were
2287 4094 21 12 ac-

1887 4108 132 19 commodated
2036 4111 20 16 at
2064 4110 52 17 Lake
2135 4108 116 21 House'and
2268 4112 50 17 Lake

1885 4130 58 17 View.

2349 119 18 16 A
2375 117 118 19 notification
2507 119 66 22 signed
2581 119 25 22 by
2623 120 52 16 throe
2690 118 73 18 natives

2326 141 21 17 of
2356 141 101 23 Waiotapu
2465 148 79 16 appears
2557 142 20 18 in
2592 143 81 17 another
2687 142 76 17 column

2326 165 105 22 regarding
2447 171 11 11 a
2472 165 71 17 certain
2558 171 43 12 area
2614 166 20 17 of
2648 165 45 18 land
2711 165 52 17 there

2326 186 63 19 which
2398 188 45 22 they
2455 189 50 16 state
2514 188 45 23 they
2566 189 48 16 have
2627 195 58 11 never
2700 188 63 17 leased

2326 211 41 16 sold
2381 217 21 11 or
2415 211 119 23 mortgaged.

2349 240 40 16 The
2398 245 56 15 many
2472 239 70 18 friends
2556 240 21 18 of
2588 240 33 19 the
2635 241 45 16 Rev.
2695 241 22 16 F.
2735 241 26 16 IT.

2326 261 81 24 Spencer
2416 263 39 17 will
2464 263 22 17 be
2495 263 101 18 interested
2605 265 20 16 to
2631 264 54 17 know
2690 264 43 16 that
2739 264 24 17 he

2326 285 33 16 has
2366 285 76 18 decided
2452 287 20 16 to
2481 286 44 17 take
2534 292 26 18 up
2564 286 30 18 his
2598 284 113 26 permanent
2715 287 37 17 resi-

2326 308 58 19 dence
2392 309 19 17 in
2420 309 114 23 Wanganui.
2650 311 20 16 to
2679 316 11 11 a
2700 310 63 17 friend

2325 331 45 17 hero
2379 332 31 17 Mr
2424 332 82 21 Spencer
2519 334 58 16 states
2594 332 42 18 that
2650 334 49 16 after
2716 339 34 11 con-

2326 354 92 18 siderable
2426 355 92 23 difficulty
2532 355 19 18 in
2559 357 32 15 the
2601 362 40 15 way
2655 357 20 16 of
2688 356 75 23 finding

2326 378 80 17 suitable
2415 379 162 17 accommodation
2584 379 24 17 he
2617 379 20 17 at
2645 377 68 24 Icnglh
2720 385 31 12 suc-

2326 400 68 18 ceeded
2401 402 21 16 in
2429 401 75 23 buying
2516 402 33 17 the
2561 402 78 17 interest
2652 402 19 17 in
2688 408 11 11 a
2716 402 47 23 long

2325 423 50 18 lease
2384 425 19 16 of
2412 430 11 11 a
2431 425 59 17 house
2498 425 38 17 and
2549 425 84 22 grounds
2647 425 81 17 situated
2742 425 19 18 in

2326 446 32 17 the
2366 448 52 16 town
2427 447 58 18 itself.
2516 448 30 17 He
2561 448 93 18 therefore
2668 448 95 18 considers

2325 467 76 20 himself
2413 477 21 10 as
2448 471 58 22 fairly
2518 471 50 17 fixed
2584 471 20 17 in
2619 471 42 17 that
2677 469 84 22 locality.

2485 494 23 17 he
2522 495 68 19 writes,
2701 495 20 16 to
2739 491 24 21 be

2325 515 34 17 the
2366 518 77 20 present
2453 517 29 17 lot
2490 518 21 16 of
2522 517 113 22 Wanganui.
2661 517 101 22 Buildings

2325 543 32 13 are
2377 537 58 19 taken
2451 540 64 17 before
2532 541 46 22 they
2593 546 32 11 are
2643 540 65 23 begun
2724 541 37 16 and

2325 561 69 18 houses
2413 568 32 12 are
2465 564 71 17 seldom
2552 565 69 16 vacant
2636 562 53 23 long.
2723 564 39 17 The

2326 590 72 12 owners
2415 585 21 17 of
2451 586 55 18 small
2518 586 68 18 houses
2602 586 24 18 do
2640 586 43 18 well
2685 587 77 17 those

2326 608 111 22 containing
2445 609 59 17 about
2512 616 10 10 o
2532 615 21 12 or
2566 611 11 15 G
2589 614 63 13 rooms
2666 610 27 17 lot
2707 611 19 16 at
2740 616 11 10 a-

2325 631 48 17 bout
2382 631 31 17 15s
2422 637 33 16 per
2462 633 58 16 week.
2546 632 107 22 Wanganui
2661 633 15 17 is
2688 633 74 17 famous

2326 654 30 17 for
2364 654 25 17 its
2398 654 78 20 schools,
2486 656 47 17 both
2542 656 33 17 the
2583 656 53 17 State
2644 656 38 17 and
2688 656 74 23 private

2326 677 73 17 schools
2408 678 59 21 being
2476 679 67 17 looked
2552 685 51 16 upon
2612 684 20 13 as
2640 679 33 17 the
2686 679 42 17 best
2742 680 19 16 in

2326 700 48 17 New
2382 701 89 18 Zealand.
2497 702 40 17 One
2554 703 15 16 is
2585 700 65 19 struck
2666 700 47 19 with
2730 703 32 16 the

2326 724 59 21 polite
2395 724 37 16 and
2446 725 42 17 civil
2504 725 90 17 behavior
2611 724 20 18 of
2648 725 32 17 the
2697 731 66 17 young

2326 745 67 24 people
2401 747 62 17 which
2480 748 96 23 evidently
2592 749 62 16 Shows
2670 749 44 16 that
2730 749 33 16 the

2326 770 85 17 teachers
2421 770 53 18 know
2483 771 43 17 how
2535 773 19 15 to
2563 772 54 17 teach
2631 772 32 16 the
2678 771 84 17 children

2459 794 26 17 At
2499 795 34 16 the
2546 795 45 17 time
2605 795 20 17 of
2637 795 79 21 writing
2730 795 33 17 the

2326 816 56 17 much
2392 816 71 17 needed
2472 818 40 16 rain
2521 818 37 16 had
2566 817 41 23 just
2615 818 58 17 fallen
2682 818 52 22 prior
2742 819 21 16 to

2326 839 63 17 which
2408 840 33 16 the
2462 840 60 18 whole
2543 841 20 17 of
2582 841 34 17 the
2634 841 129 22 surrounding

2326 863 81 21 country
2416 863 79 17 suffered
2504 865 55 16 much
2569 865 30 16 for
2606 866 53 15 want
2669 864 21 17 of
2704 865 59 17 Water

2326 886 37 17 and
2373 886 32 16 the
2414 886 49 17 river
2472 892 37 11 was
2525 886 118 23 abnormally
2657 887 43 18 low.
2732 888 31 16 Mr

2327 908 81 23 Spencer
2417 908 69 19 desires
2494 912 20 15 to
2523 910 23 17 bo
2558 910 127 18 remembered
2699 912 20 15 to
2733 908 30 19 his

2326 932 72 17 friends
2415 932 19 16 in
2451 932 90 18 Rotorua.
2566 934 33 17 We
2615 939 32 12 are
2660 939 44 13 sure
2719 934 44 16 that

2326 955 29 17 his
2364 955 71 17 friends
2443 955 44 17 here
2497 956 38 17 will
2542 957 40 22 join
2599 957 46 17 with
2659 963 22 11 us
2695 957 20 16 in
2731 957 32 17 the

2326 978 49 22 hope
2379 979 43 16 that
2427 978 28 17 his
2462 979 47 17 lines
2516 986 43 16 may
2564 980 48 17 have
2619 980 57 17 fallen
2683 980 20 17 in
2710 980 42 22 plea-

2326 1004 44 14 sant
2378 1002 68 21 places.

2412 1041 110 18 WOLFE'S
2548 1041 132 19 SCHNAPPS

2327 1095 19 17 Is
2354 1100 11 12 a
2379 1095 71 17 certain
2464 1095 73 22 specific
2555 1095 29 18 for
2599 1095 112 19 biliousness
2725 1097 37 16 and

2327 1119 29 16 for
2365 1118 26 17 all
2398 1117 87 19 ailments
2490 1119 97 22 involving
2596 1120 32 16 the
2636 1120 52 17 liver.
2715 1120 36 17 Imi-

2327 1143 70 16 tations
2422 1146 31 13 are
2485 1142 76 17 abroad.
2591 1141 69 19 Obtain
2685 1141 77 19 Wolfe's

2328 1164 105 22 Schnapps.

2385 1226 311 33 CORRESPONDENCE.

2386 1288 85 19 LOCAL
2486 1290 213 18 IMPROVEMENTS.

2451 1337 28 17 To
2491 1341 41 13 THE
2551 1338 83 17 Editou.

2351 1368 41 20 Sin,
2394 1368 48 17 In
2452 1374 12 11 a
2478 1369 63 18 recent
2555 1369 48 18 issue
2617 1368 94 24 appeared
2724 1371 38 17 two

2326 1391 66 18 letters
2401 1392 49 16 from
2459 1392 75 17 visitors
2542 1394 20 15 to
2573 1392 85 19 Kotorua
2672 1394 78 22 suggest-

2326 1415 33 22 ing
2368 1415 147 22 improvements
2524 1422 51 11 more
2586 1422 21 11 or
2622 1416 36 18 less
2671 1416 91 23 urgently

2326 1438 92 22 required,
2429 1438 71 24 urging
2512 1439 60 17 lavish
2585 1439 128 18 Government
2728 1446 22 12 ex-

2326 1461 105 23 penditure,
2442 1462 38 17 and
2488 1461 113 23 invidiously
2610 1463 111 23 comparing
2730 1463 32 17 the

2325 1485 78 21 implied
2422 1485 110 22 parsimony
2547 1486 21 16 of
2583 1492 34 11 our
2633 1486 130 18 Government

2326 1508 45 17 with
2389 1509 33 15 the
2435 1507 90 24 probable
2538 1509 76 22 profuse
2633 1510 96 21 liberality
2743 1510 20 17 of

2325 1531 43 17 that
2377 1531 20 17 of
2410 1531 47 18 New
2472 1530 60 20 South
2546 1531 66 21 Wales,
2622 1538 48 12 were-

2326 1554 78 18 derland
2433 1554 83 19 situated
2525 1555 18 17 in
2552 1555 24 17 its
2589 1555 95 23 territory.
2714 1557 36 16 Per-

2326 1578 47 21 haps
2383 1578 31 17 Mr
2423 1578 90 17 Franklin
2524 1578 38 17 will
2572 1585 28 10 see
2613 1579 33 18 the
2662 1579 99 23 absurdity

2326 1601 19 17 of
2354 1601 30 17 his
2393 1601 118 23 comparison
2520 1601 54 18 when
2583 1602 23 17 he
2620 1602 95 18 recollects
2729 1602 33 18 the

2326 1626 42 15 vast
2377 1624 99 18 difference
2485 1623 19 19 in
2513 1625 32 17 the
2561 1631 80 11 revenue
2657 1626 104 17 controlled

2325 1646 26 24 by
2359 1647 33 18 the
2401 1648 103 22 respective
2512 1648 136 19 Governments
2656 1646 3 26 ;
2674 1649 37 17 and
2718 1654 43 18 may

2325 1670 23 18 he
2358 1670 15 18 it
2383 1670 38 18 will
2430 1672 34 16 not
2478 1672 45 16 hurt
2537 1672 31 16 Mr
2580 1672 109 23 McFadyen
2706 1674 19 15 to
2739 1672 23 18 bo

2326 1693 97 19 reminded
2432 1695 20 16 of
2461 1695 32 17 the
2502 1693 31 19 old
2542 1698 43 18 saw,
2613 1695 58 19 Bomb
2682 1700 36 13 was
2728 1697 34 17 not

2325 1717 50 18 built
2396 1717 19 17 in
2433 1723 11 12 a
2551 1718 50 18 With
2620 1719 55 17 much
2693 1719 20 17 of
2730 1719 32 17 Mr

2327 1740 107 17 Franklin's
2443 1741 62 20 letter,
2521 1738 91 25 however,
2627 1747 56 18 every
2697 1742 55 18 obser-

2326 1764 47 18 vant
2382 1764 65 17 visitor
2456 1764 44 18 here
2509 1766 50 16 must
2572 1765 24 17 be
2609 1766 19 16 in
2643 1766 72 20 accord,
2733 1766 19 17 al-

2326 1787 81 23 though,
2429 1787 99 24 probably,
2547 1794 24 12 no
2591 1789 47 17 Now
2657 1787 106 20 Zealander

2326 1811 63 16 would
2398 1811 21 16 at
2427 1812 77 22 present
2512 1811 89 18 advocate
2613 1811 32 19 the
2659 1811 53 24 largo
2728 1818 22 12 ex-

2326 1834 100 21 penditure
2440 1833 62 18 which
2517 1835 62 16 would
2592 1835 23 18 be
2631 1836 88 17 involved
2736 1836 26 22 by

2326 1857 32 17 the
2367 1858 112 21 acceptance
2487 1857 19 18 in
2515 1858 24 18 its
2549 1858 79 22 entirety
2637 1860 20 16 of
2666 1858 43 18 that
2714 1865 36 16 gen-

2326 1881 88 16 tleman's
2432 1881 103 22 suggested
2557 1881 77 17 scheme.
2667 1880 95 20 (Without

2326 1903 61 18 doubt
2395 1904 32 17 the
2436 1904 94 22 judicious
2539 1905 65 21 outlay
2613 1905 19 18 of
2643 1905 108 18 half-a-mil-

2326 1927 39 17 lion
2375 1927 19 18 of
2403 1933 68 16 money
2480 1928 19 16 in
2509 1928 37 17 this
2553 1928 76 22 locality
2634 1928 63 17 would
2704 1930 58 15 result

2326 1950 19 18 in
2354 1956 12 12 a
2374 1950 104 18 handsome
2486 1952 65 16 return
2561 1953 19 16 to
2589 1952 32 16 the
2630 1952 65 17 coders
2704 1952 20 17 of
2730 1952 32 17 the

2326 1973 54 18 State
2389 1976 21 14 at
2418 1980 25 11 no
2452 1975 72 16 distant
2533 1975 63 21 period
2603 1973 4 23 ;
2621 1975 34 17 but
2669 1975 33 17 the
2717 1982 44 10 man

2326 1997 50 20 who,
2398 1997 48 18 from
2468 1997 29 18 his
2518 1998 52 22 place
2594 1998 19 17 in
2639 1998 121 21 Parliament,

2329 2020 61 18 ft'OUld
2399 2021 91 22 seriously
2503 2027 79 16 propose
2599 2022 45 17 such
2657 2027 24 12 an
2697 2022 65 22 outlay

2326 2045 21 15 at
2355 2045 76 21 present
2440 2044 64 18 would
2512 2044 68 23 simply
2589 2044 23 18 be
2626 2044 66 18 smiled
2706 2045 56 17 down

2326 2073 20 11 as
2356 2074 11 10 a
2374 2067 78 20 lunatic,
2464 2068 79 17 without
2552 2074 23 10 an
2590 2067 124 24 opportunity
2728 2069 23 17 be-

2326 2090 36 23 ing
2369 2091 56 22 given
2434 2091 40 17 him
2487 2093 20 15 to
2525 2091 55 17 dilate
2596 2097 50 17 upon
2660 2092 33 17 the
2709 2098 40 11 won-

2326 2112 58 19 drous
2404 2114 57 17 views
2478 2114 60 17 which
2556 2114 62 23 might
2633 2115 24 17 be
2673 2115 90 16 obtained

2327 2137 48 17 from
2385 2137 32 17 the
2427 2138 77 16 summit
2512 2137 21 18 of
2544 2144 24 10 an
2580 2137 86 18 artificial
2684 2138 77 20 mound,

2327 2165 21 12 or
2356 2161 106 16 mountain.
2487 2161 39 16 The
2535 2161 111 17 attractions
2652 2161 19 17 of
2678 2161 85 17 Kotorua

2327 2189 20 11 as
2356 2190 11 11 a
2376 2185 60 15 resort
2445 2184 30 16 for
2483 2183 77 18 tourists
2569 2184 37 17 and
2615 2184 80 17 invalids
2702 2184 61 23 might

2327 2206 93 20 however,
2430 2206 23 18 be
2462 2206 117 24 quadrupled
2587 2207 26 22 by
2625 2208 32 16 the
2670 2208 44 16 wise
2729 2213 23 12 ex-

2327 2230 100 21 penditure
2436 2230 21 16 of
2465 2237 11 10 a
2485 2236 40 11 sum
2534 2230 25 23 by
2568 2230 117 23 comparison
2692 2230 69 21 trivial,

2327 2253 39 17 and
2382 2253 38 18 this
2434 2253 124 22 expenditure
2572 2253 15 17 is
2604 2253 107 23 absolutely
2726 2253 25 18 im-

2328 2276 84 23 perative
2420 2277 16 16 if
2444 2276 33 18 the
2485 2277 53 22 place
2547 2277 14 16 is
2570 2278 20 16 to
2599 2277 60 17 retain
2668 2277 24 17 its
2702 2283 49 16 popu-

2328 2300 58 21 larity
2394 2305 21 12 as
2423 2305 11 12 a
2443 2300 64 17 health
2518 2300 36 17 and
2563 2300 85 23 pleasure
2662 2302 66 15 resort.
2754 2301 10 17 I

2328 2323 52 22 quite
2389 2329 56 16 agree
2456 2324 44 16 with
2510 2323 31 17 Mr
2550 2322 89 20 Franklin
2648 2324 42 17 that
2726 2324 39 17 this

2328 2348 70 15 matter
2419 2346 67 17 should
2507 2347 23 16 be
2555 2347 101 22 impressed
2681 2352 25 12 on
2731 2347 34 18 the

2328 2368 113 19 authorities
2457 2370 47 17 with
2519 2370 157 22 ever-increasing

2328 2393 37 18 for,
2375 2394 20 16 to
2403 2392 61 23 judge
2468 2393 25 22 by
2500 2393 32 17 the
2539 2394 68 16 annual
2614 2393 151 23 Parliamentary

2328 2418 50 18 vote,
2388 2417 46 21 they
2442 2413 48 21 have
2500 2418 33 15 not
2541 2418 31 21 yet
2580 2417 56 21 fairly
2646 2417 81 22 grasped
2732 2417 33 17 the

2329 2440 98 17 situation.
2452 2440 55 20 True,
2519 2440 15 17 it
2547 2440 15 17 is
2579 2440 116 17 Parliament
2705 2441 60 16 which

2329 2464 41 15 cuts
2388 2463 32 16 the
2441 2464 95 15 estimates
2546 2463 3 20 ;
2571 2463 35 16 but
2622 2464 32 16 the
2671 2469 51 11 sums
2736 2464 30 16 for

2329 2486 67 20 works,
2408 2492 19 11 as
2436 2486 101 23 originally
2546 2488 27 16 set
2582 2484 61 23 down,
2652 2486 50 18 have
2709 2491 57 13 never

2330 2511 32 20 yet.
2370 2509 47 17 been
2434 2509 96 22 anything
2544 2510 35 16 like
2592 2509 93 23 adequate
2699 2511 19 16 to
2733 2510 33 17 the

2329 2533 63 17 needs.
2419 2533 31 17 AH
2460 2533 33 17 the
2510 2533 126 17 Government
2651 2534 66 20 grants
2732 2539 22 11 ex-

2330 2556 74 22 pended
2417 2556 19 17 in
2450 2556 38 17 this
2505 2556 72 17 district
2590 2556 70 22 during
2674 2556 33 17 the
2723 2558 44 20 past

2330 2579 60 17 dozen
2399 2585 55 16 years
2464 2580 23 16 do
2495 2581 33 15 not
2535 2581 83 18 amount,
2626 2580 8 16 I
2642 2579 123 22 understand,

2330 2603 20 16 to
2359 2609 53 10 more
2420 2603 47 16 than
2476 2603 59 21 thirty
2552 2603 94 16 thousand
2660 2603 80 22 pounds,
2756 2610 10 10 a

2330 2625 54 18 third
2392 2626 21 17 of
2421 2625 61 18 which
2495 2632 37 11 was
2546 2625 91 18 absorbed
2650 2626 25 22 by
2688 2626 33 17 the
2735 2625 32 18 old

2331 2649 39 17 and
2383 2655 41 11 new
2439 2647 90 25 Hospital
2543 2648 102 24 buildings,
2659 2649 39 16 and
2711 2655 55 11 seven

2331 2672 96 18 thousand
2444 2672 26 22 by
2486 2673 33 17 the
2540 2674 51 15 town
2612 2673 58 17 water
2691 2672 75 23 supply.

2332 2694 55 19 None
2396 2696 42 16 who
2445 2696 57 17 know
2510 2695 94 23 anything
2612 2696 21 16 of
2641 2696 51 16 what
2706 2696 48 16 Roto-

2332 2725 34 11 rua
2375 2725 44 13 was,
2434 2725 34 15 say
2485 2721 33 15 ten
2533 2723 53 17 years
2603 2719 56 20 since,
2676 2719 36 16 but
2728 2719 40 18 will

2332 2742 81 17 concede
2421 2742 43 17 that
2472 2742 32 17 the
2510 2742 104 17 remainder
2619 2742 33 17 has
2660 2742 47 17 been
2715 2748 42 11 care-

2332 2766 49 21 fully
2390 2765 38 17 and
2437 2765 161 22 advantageously
2607 2765 103 22 expended,
2719 2766 49 21 spite

2332 2789 20 17 of
2363 2789 30 17 the
2403 2789 39 17 fact
2450 2789 43 17 that
2502 2789 73 21 present
2584 2790 60 15 wants
2653 2794 31 11 are
2693 2789 73 23 crying,

2332 2812 38 17 and
2380 2812 9 17 I
2398 2818 39 11 was
2446 2811 45 23 glad
2500 2813 19 16 to
2528 2812 44 16 note
2580 2811 32 17 Mr
2620 2810 106 19 Franklin's
2736 2819 21 10 ac-

2332 2835 166 21 knowledgement
2507 2835 19 17 of
2534 2835 33 17 the
2572 2834 97 18 evidences
2674 2834 23 18 of-

2333 2859 29 17 ful
2379 2858 151 17 administration
2601 2858 34 16 the
2650 2859 50 21 past.
2734 2859 35 22 My

2333 2881 65 23 object
2406 2882 19 16 in
2434 2882 78 21 craving
2520 2888 11 9 a
2540 2881 53 17 small
2602 2881 76 22 portion
2688 2881 20 17 of
2721 2888 49 16 your

2333 2911 56 16 space
2397 2905 16 17 is
2422 2905 73 16 neither
2509 2906 19 15 to
2543 2910 29 11 see
2589 2904 68 22 myself
2673 2905 20 16 in
2709 2905 59 22 print,

2333 2934 36 11 nor
2377 2929 20 17 to
2406 2928 91 18 advocate
2504 2933 24 11 an
2537 2927 65 22 outlay
2611 2928 30 16 far
2648 2928 77 22 beyond
2737 2928 33 17 the

2334 2951 89 22 Colony's
2432 2952 75 21 present
2515 2956 69 15 means,
2594 2951 33 17 but
2638 2952 20 16 to
2667 2951 39 17 add
2714 2952 46 16 testi-

2335 2980 57 16 mony
2401 2976 20 15 to
2431 2975 32 16 the
2472 2975 51 16 utter
2530 2973 117 23 inadequacy
2656 2975 20 16 of
2688 2974 83 22 bathing

2334 2997 168 18 accommodation,
2512 2995 112 24 appliances,
2634 2997 38 17 and
2679 3003 80 17 arrange-

2335 3022 61 17 ments
2413 3020 103 23 generally.
2541 3020 30 17 No
2587 3020 49 18 need
2652 3021 29 17 for
2699 3021 72 17 minute

2335 3043 68 19 details
2412 3045 43 15 here
2462 3043 4 22 ;
2481 3049 54 16 every
2544 3043 76 21 invalid,
2637 3044 43 18 and,
2696 3043 73 22 indeed,

2335 3073 56 17 every
2399 3067 105 17 individual
2512 3066 42 17 who
2563 3067 34 16 has
2605 3067 38 16 had
2652 3067 86 18 occasion
2751 3069 20 15 to

2335 3096 33 11 use
2388 3090 32 17 the
2441 3090 55 17 baths
2512 3095 35 11 can
2563 3090 68 23 supply
2648 3090 58 17 them.
2740 3090 32 17 Mr

2336 3111 90 20 Franklin
2440 3114 34 16 lias
2486 3118 46 16 very
2546 3113 43 21 ably
2605 3111 96 20 indicated
2714 3119 58 16 many

2335 3137 141 22 requirements,
2486 3135 38 18 and
2533 3142 11 11 a
2552 3136 93 22 complete
2661 3137 33 17 list
2708 3137 64 16 would

2335 3160 70 17 absorb
2414 3165 50 12 more
2479 3165 54 16 space
2546 3160 47 16 than
2610 3165 38 16 you
2662 3160 64 17 would
2740 3166 21 11 ac-

2336 3183 46 17 cord
2390 3189 35 11 me.
2451 3182 39 18 One
2504 3182 61 21 thing,
2583 3183 93 20 however,
2695 3183 9 17 I
2722 3185 50 15 must

2336 3206 44 21 add,
2398 3206 37 17 and
2452 3206 42 16 that
2510 3205 16 17 is
2542 3206 43 16 that
2601 3206 32 17 the
2653 3206 82 22 bathing
2753 3206 19 17 of

2337 3229 81 18 invalids
2425 3229 52 17 must
2483 3228 25 18 bo
2516 3228 72 18 carried
2596 3234 25 12 on
2628 3229 62 18 under
2702 3236 11 10 a
2728 3235 45 16 very

2338 3252 86 18 different
2445 3252 70 21 system
2534 3253 20 16 to
2571 3252 43 17 that
2629 3253 108 21 prevailing
2753 3253 20 16 at

2337 3276 76 22 present
2429 3275 14 17 if
2457 3275 45 21 they
2516 3280 31 12 are
2563 3276 20 16 to
2600 3275 62 18 derive
2679 3275 94 24 anything

2337 3299 38 17 like
2384 3299 32 17 the
2424 3298 69 17 benefit
2502 3298 31 16 the
2543 3297 63 23 public
2615 3299 71 17 believe
2701 3299 73 17 derive-*

2337 3322 43 18 able
2389 3322 47 17 from
2446 3321 32 17 the
2486 3321 57 17 baths
2558 3321 50 18 here.
2638 3321 80 23 Hoping
2733 3322 40 17 that

2338 3346 33 16 the
2380 3344 110 18 authorities
2499 3343 39 18 will
2547 3346 44 15 note
2599 3345 34 16 the
2641 3346 73 17 various
2728 3351 34 16 sug-

2338 3368 74 23 gestion
2420 3367 61 19 made,
2492 3367 36 17 and
2538 3367 42 17 that
2589 3368 64 17 before
2667 3370 47 15 next
2732 3374 31 11 sea-

2338 3398 34 10 son
2381 3391 67 17 radical
2459 3390 110 18 alterations
2577 3391 38 17 and
2627 3392 147 22 improvements

2338 3420 45 16 may
2391 3414 23 17 be
2423 3414 83 17 effected.
2509 3414 34 17 I
2552 3420 35 14 am,
2598 3415 40 19 &c.

2532 3436 50 18 New
2595 3437 130 18 Zeaiasdeb.

2362 3460 90 20 Kotorua,
2462 3459 68 17 March
2540 3461 27 19 13,
2581 3460 50 18 1896.

2339 3512 52 18 THE
2405 3512 177 18 BRUNNERTON
2596 3513 96 17 RELIEF
2702 3511 71 19 FUND

2498 3535 123 17 CONCERT.

2363 3581 78 22 Though
2453 3581 32 18 the
2494 3582 83 18 weather
2585 3588 38 11 was
2641 3583 50 16 most
2704 3587 59 17 unpro-

2339 3605 70 23 pitious
2418 3610 25 11 on
2452 3604 32 18 the
2493 3605 56 21 night
2558 3605 19 18 of
2586 3605 32 18 the
2627 3606 75 16 concert
2713 3605 20 17 in
2744 3604 31 18 aid

2340 3629 20 16 of
2368 3627 32 18 the
2414 3626 122 19 Brannerton
2550 3628 61 18 Belief
2627 3628 55 18 Fund
2697 3634 10 11 a
2723 3628 52 22 largo

2339 3651 80 17 number
2428 3651 20 16 of
2457 3650 67 23 people
2532 3651 60 18 found
2601 3652 48 17 their
2657 3657 43 16 way
2708 3652 20 16 to
2742 3651 33 16 the

2340 3673 120 19 Sanatorium
2471 3674 87 18 Grounds
2572 3675 20 17 to
2607 3674 104 19 contribute
2727 3674 48 16 their

2339 3697 46 17 mite
2394 3698 21 16 to
2426 3697 38 16 this
2479 3698 49 16 most
2544 3698 75 22 worthy
2636 3698 67 21 object.
2737 3696 38 18 The

2340 3719 113 19 Committee
2462 3719 38 18 had
2516 3721 76 17 worked
2607 3723 49 15 most
2672 3719 91 23 mdefatig-

2340 3743 44 22 ahly
2393 3744 20 15 to
2422 3749 66 11 ensure
2498 3748 72 13 success
2578 3744 37 17 and
2628 3743 91 23 knowing
2733 3742 42 18 that

2340 3772 11 12 a
2361 3766 52 23 large
2423 3766 111 21 contingent
2552 3766 20 18 of
2588 3767 74 17 visitors
2678 3772 47 11 were
2741 3772 23 11 ex-

2340 3789 68 23 pected
2422 3789 49 17 from
2488 3789 99 19 Auckland
2604 3790 45 16 took
2662 3794 55 18 every
2734 3794 41 12 cure

2340 3812 42 17 that
2391 3812 45 22 they
2446 3811 68 18 should
2523 3812 23 19 be
2551 3813 44 23 duly
2603 3812 86 24 apprised
2697 3812 19 17 of
2723 3812 52 17 what

2339 3840 40 13 was
2387 3836 20 16 to
2415 3835 45 17 take
2468 3836 59 21 place.
2547 3836 39 18 The
2595 3836 83 22 grounds
2685 3834 37 18 had
2728 3834 47 18 been

2342 3857 71 24 lighted
2424 3858 45 18 with
2478 3864 51 12 more
2538 3859 46 17 than
2600 3859 52 17 usual
2667 3858 106 22 brilliancy,

2339 3881 36 18 but
2391 3881 144 24 unfortunately
2550 3883 54 16 when
2618 3882 31 18 the
2666 3881 40 16 rain
2723 3886 39 13 com-

2339 3904 78 17 menced
2426 3905 20 17 to
2455 3904 33 17 fall
2497 3905 52 22 lamp
2563 3906 49 17 after
2619 3905 51 21 lamp
2686 3909 39 12 was
2741 3909 22 12 ex-

2342 3927 108 21 tinguished
2467 3928 37 17 and
2526 3928 32 18 the
2579 3926 108 24 variegated
2707 3927 68 17 shades

2340 3951 70 22 totally
2430 3951 72 17 ruined.
2535 3952 39 17 The
2596 3950 54 19 Band
2666 3949 108 22 discoursed

2340 3980 51 11 some
2400 3973 64 18 sacred
2473 3974 36 17 airs
2518 3974 119 24 appropriate
2647 3973 19 18 to
2676 3973 31 16 the
2720 3979 44 12 occa-

2340 3997 46 20 sion,
2396 3996 38 17 and
2444 3996 87 24 frequent
2540 3998 79 22 surprise
2631 4002 37 11 was
2674 3997 100 20 expressed

2340 4021 21 15 at
2370 4019 49 17 their
2427 4019 96 24 efficiency
2526 4020 20 18 in
2554 4027 12 11 a
2571 4020 47 18 class
2623 4019 20 18 of
2648 4019 59 18 musio
2712 4019 62 19 which

2339 4043 46 21 they
2393 4043 48 16 have
2450 4043 38 17 had
2497 4043 35 18 but
2540 4044 48 16 little
2597 4042 44 18 time
2652 4043 20 17 to
2685 4042 89 22 practice.

2340 4065 28 18 Dr
2377 4065 79 18 Ginders
2466 4072 37 11 was
2512 4067 17 16 in
2546 4067 31 17 the
2594 4066 51 16 chair
2660 4065 39 16 and
2713 4066 51 17 intro-

2340 4088 60 17 duced
2408 4088 32 18 the
2455 4089 73 18 various
2541 4088 86 19 vocalists
2640 4088 20 18 to
2673 4087 33 19 the
2720 4089 44 17 audi-

2339 4117 50 11 ence.
2415 4111 41 19 Mrs
2465 4113 80 17 Ginders
2553 4112 36 18 and
2598 4111 30 18 Mr
2645 4111 21 17 B.
2686 4111 21 17 I'.
2727 4112 36 18 Gin-

2340 4134 42 17 ders
2391 4140 47 17 gave
2446 4140 11 13 a
2466 4135 67 22 highly
2543 4135 78 18 efficient
2629 4134 145 23 interpretation

2786 118 20 17 of
2833 118 67 21 Home,
2916 118 61 18 Sweet
3086 121 89 23 (Farmer'*
3189 132 21 8 ...

2786 141 32 17 the
2825 141 58 23 piano
2890 141 38 18 and
2942 142 65 17 violin.
3101 144 78 21 Ramoni

2786 165 31 16 the
2827 164 53 17 I'iilni
2890 164 76 23 Sunday
2975 165 71 22 Hymn,
3057 172 37 12 was
3106 162 93 27 excellent!

2786 188 88 17 rendered
2883 188 25 22 by
2918 185 31 20 Mr
2965 188 68 22 Fidler,
3052 189 35 18 aud
3105 191 30 17 Mr
3150 192 61 21 Harris

2786 211 87 17 followed
2890 211 18 17 in
2925 211 32 17 the
2976 212 61 16 '-Star
3052 213 19 17 of

2786 233 45 18 both
2848 234 106 22 gentlemen
2972 234 58 22 being
3045 238 129 21 accompanied
3191 242 20 17 by

2785 256 46 17 Miss
2852 257 73 17 Harris.
2949 257 41 18 Mrs
3010 257 52 22 Keir,
3083 259 43 18 who
3145 266 44 18 possi
3198 270 7 12 b-

2785 285 58 12 sessos
2850 285 10 12 a
2864 280 52 18 most
2921 278 87 26 pleasing
3013 281 52 18 voice
3070 282 20 17 of
3093 282 103 22 considerab

2784 303 85 22 register,
2880 309 48 16 sang
2955 304 40 16 The
3003 304 65 18 Better
3155 310 19 15 to
3182 310 29 18 her

2785 332 42 11 own
2836 326 168 22 accompaniment,
3018 327 38 17 and
3069 328 40 17 Mrs
3125 330 36 18 and
3170 323 41 25 Mi-;'.

2785 348 55 19 Cross
2848 355 48 12 were
2904 349 68 23 highly
2980 351 101 17 successful
3089 351 20 18 in
3118 353 31 16 the
3164 360 36 15 sym-

2784 372 84 23 pathetic
2885 379 48 15 song
2951 376 10 6 '
3111 374 38 18 The
3165 377 46 22 Holy

2785 396 42 22 City
2836 402 38 11 was
2883 396 56 22 given
2947 395 26 24 by
2982 397 31 16 Mr
3022 396 77 18 Samson
3109 398 18 18 in
3136 405 11 11 a
3163 406 36 13 man-

2784 425 33 10 ner
2823 418 62 19 which
2895 419 98 22 compared
3001 421 49 16 must
3059 420 96 24 favorably
3170 425 40 19 with

2784 442 32 17 the
2825 442 41 17 best
2875 442 63 19 efforts
2946 443 26 16 of
2988 442 124 23 professional
3124 446 81 20 vocalists

2804 465 75 18 Rocked
2888 466 19 16 in
2916 465 32 17 the
2953 465 68 17 Cradle
3030 466 20 18 of
3064 466 33 18 the
3189 470 22 19 bv

2785 488 30 17 Mr
2824 489 55 17 Cross
2888 494 37 11 was
2933 489 81 17 another
3028 489 44 17 item
3089 491 21 16 of
3123 492 54 17 much
3186 499 25 12 ua_

2784 511 63 21 terest,
2857 511 38 18 and
2904 511 31 17 Mr
2944 511 70 23 Hayes,
3029 518 11 12 a
3054 513 70 21 visitor,
3139 514 37 18 also
3184 523 18 11 ac-

2784 534 74 22 quitted
2882 535 76 17 himself
2982 536 49 16 most
3047 536 85 23 capably.
3165 538 46 20 With

2784 558 45 16 such
2839 561 23 13 an
2872 564 55 15 array
2935 558 20 16 of
2964 558 61 18 talent
3041 559 16 17 it
3073 565 36 11 was
3125 563 47 15 most
3180 568 20 11 un-

2784 579 96 19 fortunate
2889 581 41 17 that
2940 581 32 17 the
2980 582 41 16 rain
3037 582 69 17 should
3121 583 47 18 have
3182 591 20 12 ne-

2784 604 98 17 cessitated
2892 604 32 17 the
2933 604 77 22 singing
3024 605 57 22 lieing
3098 605 81 23 brought
3195 610 16 18 to

2784 632 11 12 a
2803 626 62 18 rather
2874 627 69 22 abrupt
2956 628 114 17 conclusion.
3096 629 38 17 The
3151 631 52 18 collec-

2784 650 39 16 tion
2833 650 78 17 realised
2921 650 31 17 7.

2784 695 52 20 THE
2844 697 137 18 WAIOTAPU
2988 698 106 19 VALLEY
3101 699 110 22 LICENSE.

2808 743 25 17 At
2843 743 31 17 the
2883 743 104 22 adjourned
2997 745 84 22 meeting
3094 746 20 16 of
3128 746 33 18 the
3177 748 36 19 Buy

2785 767 20 16 of
2818 766 69 23 Plenty
2901 767 102 21 Licensing
3017 769 112 17 Committee
3142 769 41 18 held
3196 768 17 22 iii

2784 790 101 23 Tauranga
2894 796 24 11 on
2927 790 118 23 Wednesday
3054 790 38 19 last
3095 790 34 19 the
3135 793 68 22 applica-

2785 812 39 18 tion
2834 813 29 17 for
2872 813 32 17 the
2913 814 83 17 removal
3005 815 20 16 of
3033 814 33 18 the
3078 814 66 18 Oinaio
3160 817 54 19 Hotel

2784 834 69 20 license
2860 838 21 15 to
2890 836 32 18 the
2932 837 100 22 Waiotapu
3040 838 68 22 Valley
3118 844 36 11 was
3163 841 50 22 again

2785 858 113 18 considered.
2924 859 77 18 Colonel
3010 861 87 20 Roberts,
3107 861 54 21 S.M.,
3175 868 28 18 pre-

2786 881 57 22 sided,
2861 883 38 16 and
2920 882 53 19 there
2994 889 48 12 were
3059 886 75 20 present
3151 885 62 20 Messrs

2785 905 81 22 Badger,
2876 906 56 21 Gray,
2942 906 38 17 and
2989 906 65 21 Elliot,
3062 908 110 25 Tauranga;
3195 910 18 19 p.

2785 928 104 24 Chapman,
2899 927 87 24 Opotiki;
3001 930 37 16 and
3048 931 33 16 the
3099 929 68 19 Native
3182 933 22 17 As-

2785 957 65 12 sessor.
2875 952 31 17 Mr
2915 952 122 23 Humphreys
3045 954 94 21 appeared
3149 954 27 19 for
3184 962 15 11 ai
3207 966 7 4 -

2785 974 71 23 plieant
2869 975 37 17 and
2923 976 62 17 stated
3002 976 42 17 that
3061 977 29 16 his
3109 977 58 18 client
3181 979 33 18 had

2785 999 86 16 incurred
2883 998 127 19 considerable
3024 1005 80 16 expense
3118 1000 20 18 in
3154 1002 60 21 tryin

2785 1023 20 15 to
2813 1023 34 21 get
2855 1022 32 17 the
2896 1022 106 22 signatures
3011 1023 20 16 of
3038 1023 33 17 the
3083 1029 78 16 owners,
3176 1025 38 19 who

2786 1051 47 11 were
2841 1045 79 20 natives,
2930 1046 113 21 consenting
3057 1047 21 16 to
3090 1046 33 17 the
3130 1049 82 18 removal.

2785 1068 38 17 The
2833 1069 76 17 consent
2921 1068 19 18 of
2953 1070 39 16 two
3005 1069 38 17 had
3059 1069 48 17 boon
3123 1070 90 22 obtained,

2785 1091 34 17 but
2829 1091 100 23 telegrams
2938 1091 100 19 addressed
3047 1093 20 16 to
3076 1093 32 17 the
3117 1093 51 17 third
3181 1094 33 19 had

2785 1116 34 15 not
2827 1114 47 17 been
2883 1115 93 17 delivered
2985 1121 24 11 on
3018 1117 81 16 account
3113 1116 20 18 of
3146 1116 28 18 his
3182 1118 24 16 liv-

2785 1137 33 22 ing
2827 1143 19 12 so
2856 1138 29 17 far
2898 1143 26 17 up
2937 1138 33 17 the
2984 1139 49 16 river
3047 1140 20 16 at
3083 1140 75 17 Tairua.
3187 1141 27 19 Ho

2785 1160 62 21 asked,
2866 1161 99 20 therefore,
2987 1159 42 20 that
3051 1162 32 17 the
3104 1162 68 18 license
3194 1164 20 19 Lo

2786 1183 80 22 granted
2874 1183 73 23 subject
2956 1186 20 16 to
2985 1185 32 17 the
3027 1187 77 15 consent
3113 1185 57 24 being
3178 1191 35 19 got,

2785 1207 39 16 The
2833 1206 67 19 Native
2911 1207 91 22 Assessor,
3012 1208 30 18 for
3051 1209 62 16 whom
3121 1209 93 19 Mi-David

2786 1229 59 18 Asher
2852 1230 122 23 interpreted,
2984 1231 42 18 said
3033 1230 67 19 Omaio
3108 1237 38 12 was
3160 1239 10 11 a
3184 1240 20 11 na-

2785 1253 38 17 tive
2843 1254 108 17 settlement
2968 1254 37 18 and
3022 1254 33 18 the
3073 1255 67 22 people
3156 1257 58 18 wonld

2785 1276 48 17 have
2841 1283 51 11 more
2900 1283 68 17 money
2977 1279 20 15 to
3007 1278 50 16 cloth
3072 1278 49 17 their
3136 1279 78 19 children

2785 1300 15 16 if
2808 1300 33 17 the
2849 1300 57 17 house
2916 1306 37 11 was
2963 1301 93 17 removed.
3081 1301 31 18 He
3119 1305 95 16 consented

2785 1324 20 16 to
2826 1323 32 17 the
2874 1324 84 17 removal
2974 1324 38 17 and
3028 1324 62 23 hoped
3106 1325 33 17 the
3155 1326 59 19 Bench

2786 1347 62 16 would
2868 1347 85 17 sanction
2970 1347 21 17 it,
3025 1348 31 16 He
3075 1353 38 13 was
3129 1354 41 12 sure
3186 1350 28 17 the

2786 1369 54 17 other
2848 1370 96 22 signature
2953 1371 63 16 Would
3025 1371 23 17 ho
3060 1371 95 17 obtained.
3181 1373 33 18 The

2786 1390 101 20 Chairman
2895 1392 61 19 stated
2966 1394 41 17 that
3017 1394 33 17 the
3058 1392 112 20 Committee
3181 1396 33 18 had

2785 1416 77 17 decided
2871 1418 19 16 to
2905 1418 58 21 grant
2979 1423 24 11 an
3020 1416 134 24 adjournment
3170 1420 44 17 until

2785 1439 49 17 22nd
2848 1439 53 22 April
2918 1446 20 10 as
2954 1446 13 10 a
2986 1440 50 22 good
3054 1441 41 17 deal
3112 1441 20 17 of
3146 1442 68 18 troublo

2784 1462 73 17 seemed
2869 1464 19 16 to
2902 1463 48 16 have
2963 1463 47 17 been
3027 1463 58 18 taken
3101 1465 20 16 to
3138 1466 32 21 get
3186 1466 28 16 tin:

2785 1487 77 16 consent
2871 1487 20 16 of
2898 1486 32 17 the
2939 1486 51 17 third
3005 1493 69 11 owner,
3105 1487 30 18 lie
3149 1488 65 19 wished

2784 1508 16 17 it
2808 1510 20 16 to
2837 1509 23 17 be
2869 1507 68 24 clearly
2946 1507 114 20 understood
3076 1508 86 19 however
3176 1512 38 17 that

2785 1538 23 10 no
2818 1532 74 18 further
2899 1531 134 24 adjournment
3041 1534 77 21 beyond
3129 1534 32 18 the
3175 1534 39 19 date

2785 1556 107 17 mentioned
2902 1556 63 17 would
2974 1557 24 16 be
3006 1556 86 19 granted.

2815 1606 17 18 A
2844 1606 200 18 THEOSOPHICAL
3060 1608 109 16 LECTURE.

2807 1654 38 16 The
2852 1654 90 17 Countess
2950 1654 20 16 of
2975 1654 144 18 Waehtmeister
3125 1655 89 19 delivered

2784 1683 11 10 a
2803 1676 70 19 lecture
2881 1676 19 17 in
2914 1677 32 16 the
2961 1677 86 18 Pukeroa
3060 1677 46 18 Hall
3120 1678 37 17 last
3168 1679 37 17 .Sun-

2784 1700 37 22 day
2838 1701 80 21 evening
2934 1702 20 15 to
2975 1707 11 10 a
3002 1700 54 22 large
3072 1701 38 17 and
3126 1702 88 19 attentive)

2784 1723 94 21 audience,
2886 1724 33 16 the
2924 1722 74 23 subject
3004 1726 69 15 mutter
3078 1724 58 23 being
3165 1725 48 22 Man,

2784 1747 31 16 the
2824 1747 72 17 Master
2904 1747 21 16 of
2938 1747 35 17 His
2988 1747 46 17 Own
3179 1749 35 18 The

2784 1770 80 17 lecturer
2872 1770 70 22 proved
2951 1770 69 17 herself
3029 1772 19 15 to
3062 1771 23 16 bo
3099 1776 12 11 a
3124 1772 90 21 practised

2784 1794 36 16 and
2838 1799 43 16 easy
2897 1793 84 22 speaker,
3000 1794 96 22 possessed
3113 1795 19 16 of
3149 1801 11 10 a,
3175 1796 37 17 well

2784 1816 108 18 modulated
2901 1817 52 17 voice
2964 1817 60 17 which
3033 1817 32 17 she
3072 1818 93 20 managed
3171 1818 42 18 with

2784 1839 55 19 much
2849 1840 100 17 discretion
2965 1840 36 16 and
3015 1841 20 16 at
3048 1841 56 16 times
3121 1837 92 26 displayed

2784 1863 127 17 considerable
2928 1862 92 19 dramatic
3037 1864 57 17 force.
3128 1864 53 17 Prior
3197 1869 17 14 to

2784 1886 87 24 entering
2880 1892 49 17 upon
2938 1887 33 16 the
2983 1886 74 23 subject
3073 1888 69 16 matter
3154 1888 20 17 of
3186 1888 29 18 tho

2784 1910 69 17 lecture
2863 1910 32 16 the
2900 1910 92 17 Countess
3001 1910 66 22 briefly
3073 1910 88 18 narrated
3168 1911 47 18 what

2784 1933 111 23 Theosophy
2904 1939 38 11 was
2950 1935 34 15 not-
2993 1933 37 17 and
3039 1933 52 17 what
3100 1933 14 17 it
3125 1940 43 12 was.
3179 1935 27 17 dis-

2784 1956 68 22 tinctly
2862 1956 71 21 stating
2942 1956 42 17 that
2993 1957 15 16 it
3018 1963 37 10 was
3065 1957 34 16 not
3113 1963 10 10 a
3140 1957 75 23 religion

2784 1980 35 16 but
2827 1980 43 16 that
2878 1978 24 18 its
2912 1980 98 21 teachings
3020 1978 61 19 would
3092 1979 24 18 do
3131 1981 53 16 much
3198 1983 17 15 to

2784 2003 90 17 reconcile
2891 2008 56 17 many
2961 2003 20 17 of
2994 2003 32 17 the
3043 2003 78 17 obvious
3138 2003 68 24 discrep-

2784 2026 62 17 ancies
2859 2026 22 17 of
2893 2027 34 16 the
2942 2026 31 16 old
2991 2026 36 17 and
3046 2032 41 11 new
3104 2027 110 17 Testament.

2784 2049 112 23 Theosophy
2904 2055 58 11 never
2970 2050 61 16 would
3041 2050 77 17 become
3123 2057 11 10 a
3141 2051 74 21 religion

2784 2073 74 22 though
2866 2073 14 17 it
2888 2079 37 10 was
2932 2074 19 15 at
2958 2072 32 17 the
2997 2071 50 19 basis
3053 2073 20 17 of
3079 2079 55 16 every
3141 2074 73 23 religion

2784 2096 19 16 in
2818 2096 34 17 the
2867 2095 60 18 world
2947 2096 38 16 and
3002 2102 37 11 was
3057 2097 126 20 antagonistic
3199 2100 16 15 to

2784 2125 55 11 none.
2864 2118 38 18 The
2911 2118 62 22 object
2982 2119 20 17 of
3010 2119 136 22 Theosophical
3155 2121 50 17 teach-

2784 2142 34 23 ing
2827 2147 38 12 was
2873 2143 32 16 the
2918 2142 59 17 desire
2990 2144 20 15 to
3024 2142 52 17 draw
3090 2142 24 17 all
3132 2149 43 11 men
3189 2147 18 14 to-

2785 2166 66 21 gether
2860 2166 19 16 in
2888 2171 35 11 one
2934 2167 42 15 vast
2986 2165 134 17 brotherhood.
3152 2166 22 18 In
3188 2167 27 17 tho

2786 2187 108 19 Protestant
2904 2188 78 23 religion
2996 2189 54 16 there
3062 2194 49 12 were
3124 2195 44 11 over
3181 2191 34 16 two

2785 2211 87 18 hundred
2880 2212 48 17 sects
2935 2211 4 20 :
2953 2211 38 17 and
3000 2217 24 12 no
3034 2213 44 16 true
3094 2211 121 20 brotherhood

2786 2235 55 17 could
2855 2236 49 15 exist
2921 2235 62 16 where
3000 2235 99 22 jealousies
3116 2236 37 16 and
3168 2237 48 17 strife

2785 2257 148 24 predominated.
2967 2258 60 17 When
3042 2258 106 23 applicants
3170 2265 46 12 came

2786 2282 81 16 forward
2885 2282 28 16 for
2927 2281 115 17 admittance
3057 2283 19 15 to
3090 2282 32 17 the
3139 2283 66 16 Theoso-

2786 2305 62 22 phical
2862 2304 74 23 Society
2951 2304 46 22 they
3014 2311 49 10 were
3078 2307 35 15 not
3128 2305 56 18 asked
3201 2309 16 15 to

2786 2328 52 17 what
2856 2328 79 22 religion
2960 2328 45 22 they
3026 2328 105 22 belonged;
3152 2330 33 16 but
3205 2330 12 16 if

2786 2352 69 17 sincere
2864 2351 20 17 in
2892 2351 50 17 their
2951 2351 46 17 wish
3007 2352 19 16 to
3034 2349 42 25 Join
3080 2357 49 13 were
3134 2352 71 18 immedi-

2786 2375 52 23 ately
2846 2373 56 18 taken
2914 2374 41 17 into
2970 2375 32 16 the
3017 2374 132 18 brotherhood.
3183 2377 34 16 Tli

2787 2398 91 17 Countess
2897 2398 45 17 then
2960 2402 47 16 gave
3024 2404 10 10 a
3050 2398 49 17 brief
3116 2399 70 17 outline
3202 2400 17 17 of

2786 2421 112 22 Theosophy
2907 2421 48 17 from
2965 2421 32 17 the
3003 2421 44 17 date
3056 2421 20 17 of
3080 2422 26 17 its
3111 2422 84 17 foundati
3205 2429 11 10 m

2787 2443 223 24 byMadamelavats!<y
3017 2444 18 16 in
3044 2444 50 21 1875,
3101 2445 37 17 and
3145 2446 72 22 pointed

2787 2469 33 15 out
2830 2468 42 16 that
2885 2467 32 17 the
2933 2467 81 18 founder
3026 2465 38 19 had
3078 2468 47 17 been
3142 2468 75 18 selected

2787 2491 30 17 for
2826 2491 31 17 tho
2866 2491 52 17 work
2927 2497 24 10 on
2965 2491 80 17 account
3062 2491 19 17 of
3095 2493 54 20 great
3165 2492 44 18 intel-

2787 2512 100 25 lectuality
2893 2513 38 18 and
2941 2512 100 19 abnormal
3047 2514 52 22 gifts,
3111 2514 58 19 which
3186 2515 31 18 had

2787 2538 48 17 been
2855 2537 136 22 subsequently
3007 2537 102 23 developed
3132 2538 24 23 by
3175 2538 44 23 doep

2789 2561 56 20 study
2853 2561 20 16 in
2882 2560 55 17 India
2946 2560 104 23 extending
3059 2567 44 11 over
3118 2568 10 10 a
3142 2563 46 16 term
3201 2562 16 17 of

2788 2584 53 17 three
2853 2587 60 19 years,
2928 2584 50 16 after
2996 2584 59 17 which
3073 2585 32 16 she
3120 2585 36 16 had
3174 2591 45 17 gone

2789 2608 50 16 forth
2848 2607 38 17 and
2894 2605 114 19 established
3019 2606 32 18 the
3064 2608 77 17 nucleus
3156 2609 19 16 of
3189 2610 28 15 tho

2789 2631 81 22 Society.
2887 2630 56 17 From
2953 2630 42 17 that
3003 2630 77 18 nucleus
3090 2631 16 17 it
3110 2631 37 17 had
3157 2638 60 17 grown

2789 2655 19 16 to
2817 2654 24 17 its
2850 2655 74 21 present
2933 2653 117 23 magnitude,
3061 2653 38 18 and
3107 2655 79 17 sections
3201 2660 17 12 or

2789 2676 91 18 branches
2888 2677 20 16 of
2916 2677 32 16 the
2958 2676 74 22 Society
3048 2683 47 10 were
3109 2684 42 10 now
3165 2681 19 14 I.>
3199 2679 19 15 lie

2790 2700 58 17 found
2857 2700 20 17 in
2886 2698 25 18 all
2920 2702 85 19 quarters
3015 2700 19 16 of
3043 2700 33 17 the
3084 2700 62 23 globe,
3156 2707 34 11 one
3202 2701 17 18 of

2790 2724 60 16 which
2864 2724 45 21 they
2923 2728 49 12 were
2984 2728 43 11 now
3043 2723 84 24 forming
3141 2725 18 16 in
3177 2725 41 17 New

2790 2746 89 18 Zealand.
2904 2745 38 18 The
2951 2745 106 18 remainder
3070 2747 20 17 of
3104 2747 32 17 the
3153 2748 32 17 loci
3191 2753 26 12 me

2790 2770 72 17 treated
2871 2770 45 16 with
2925 2770 34 16 the
2967 2769 74 23 destiny
3050 2770 19 16 of
3078 2777 49 12 man,
3138 2771 37 17 and
3182 2772 37 16 how

2790 2794 23 16 he
2822 2793 74 17 himself
2906 2792 54 18 could
2968 2792 93 18 influence
3069 2793 21 20 it,
3101 2794 32 18 the
3148 2794 71 23 speaker

2791 2817 87 21 carrying
2887 2816 34 17 her
2926 2815 75 19 hearers
3010 2816 48 17 back
3067 2817 20 17 to
3094 2817 32 17 the
3135 2818 59 21 origin
3203 2817 17 17 of

2791 2839 95 20 mankind,
2895 2838 39 18 and
2941 2838 79 24 leading
3026 2845 28 17 up
3068 2841 20 16 to
3103 2840 32 18 tho
3149 2842 70 22 present

2792 2864 83 21 century.
2890 2862 127 22 Throughout
3025 2863 32 16 the
3066 2862 60 19 whole
3130 2863 89 18 discourse

2791 2886 32 17 the
2833 2886 89 17 Countess
2931 2885 52 17 dealt
2993 2886 43 16 with
3047 2886 32 17 the
3088 2886 74 23 subject
3177 2887 42 18 from

2792 2915 9 11 a
2812 2909 128 22 theosophical
2949 2909 111 22 standpoint
3066 2909 122 23 expounding
3192 2911 28 17 the

2792 2932 82 17 doctrine
2884 2933 19 16 of
2913 2932 155 21 re-incarnation,
3086 2933 67 21 which,
3168 2934 16 16 if
3196 2939 25 12 we

2793 2955 78 17 mistake
2879 2956 39 19 not,
2928 2955 35 17 has
2970 2954 48 18 been
3027 2956 70 23 openly
3100 2956 93 23 preached
3198 2957 22 22 hy

2792 2985 10 11 a
2811 2979 65 17 Canon
2885 2979 21 15 of
2913 2979 31 16 the
2954 2979 94 20 Anglican
3057 2979 82 17 Church.
3163 2980 26 16 As
3198 2986 23 10 wo

2792 3002 46 17 have
2847 3001 76 22 already
2930 3001 40 17 said
2977 3002 32 17 the
3016 3002 81 17 lecturer
3102 3008 38 12 was
3146 3003 75 17 listened

2793 3026 20 16 to
2821 3025 45 16 with
2876 3025 35 17 the
2914 3024 78 23 deepest
2997 3026 94 17 attention
3099 3026 36 17 and
3143 3026 31 17 tho
3181 3026 30 17 suh-

2792 3048 38 22 ject
2839 3050 69 15 matter
2918 3048 91 23 appealed
3019 3050 19 15 to
3047 3049 32 17 the
3084 3049 77 22 highest
3168 3049 53 17 moid

2793 3071 118 17 sensibilities
2920 3071 19 17 of
2947 3071 54 17 those
3010 3073 83 19 present.

2863 3119 52 18 THE
2928 3120 63 17 FIRE
3003 3121 32 16 AT
3045 3121 103 16 ROTOITI.

2817 3165 82 19 Further
2913 3166 112 22 particulars
3042 3166 19 18 in
3078 3166 67 25 regard
3160 3168 19 17 to
3196 3168 21 16 th<
3220 3165 3 26 j

2795 3188 33 18 fire
2835 3191 20 15 iit
2864 3189 31 17 the
2905 3189 72 17 Rotoiti
2988 3189 82 18 Sawmill
3080 3190 51 18 show
3142 3191 42 17 that
3196 3191 27 17 the

2795 3213 31 16 fire
2835 3212 38 17 had
2882 3212 24 17 its
2915 3212 62 23 origin
2981 3212 20 17 in
3009 3213 32 18 the
3048 3213 136 23 engine-house
3191 3220 19 11 an
3219 3212 3 24 I

2796 3241 37 12 was
2841 3235 93 23 prohahly
2942 3235 69 18 caused
3020 3236 25 23 by
3054 3242 52 12 some
3115 3237 20 17 of
3143 3238 31 16 tho
3189 3243 34 11 oaf

2795 3258 41 18 hers
2857 3259 69 21 falling
2942 3260 89 21 amongst
3048 3259 32 18 the
3103 3259 121 19 inflammable

2796 3279 85 20 material
2890 3279 37 20 and
2935 3279 130 26 smouldering
3071 3283 53 17 there
3130 3282 94 19 unnoticed

2795 3305 49 17 after
2857 3305 32 16 the
2904 3304 32 18 fire
2953 3305 39 17 had
3071 3306 65 17 drawn
3154 3306 29 18 for
3199 3306 25 18 llio

2795 3328 62 22 night.
2882 3326 59 19 There
2953 3333 36 13 was
2996 3335 26 11 no
3030 3333 38 13 one
3074 3329 20 17 in
3108 3329 31 17 the
3153 3330 71 21 \iciiiiiy

2796 3351 19 17 of
2824 3351 31 17 tho
2865 3351 39 17 mill
2915 3351 48 17 after
2972 3351 92 18 sundown
3073 3357 43 13 save
3125 3352 32 18 tho
3165 3358 50 12 malin-

2796 3379 39 17 ger,
2845 3373 32 18 Mr
2885 3374 75 18 Morris,
2970 3375 37 16 and
3017 3375 23 16 ho
3049 3375 38 17 had
3096 3382 10 10 a
3115 3375 41 17 look
3170 3375 54 18 round

2796 3397 32 17 the
2836 3397 56 22 place
2897 3397 67 18 before
2972 3398 82 22 retiring
3069 3401 21 15 to
3106 3400 39 16 rest
3159 3399 65 21 shortly

2796 3420 49 17 after
2860 3420 53 23 eight
2927 3420 76 18 o'clock.
3035 3421 41 17 The
3091 3422 55 17 wood
3162 3422 52 17 under-

2797 3442 57 18 neath
2861 3443 34 17 the
2902 3443 61 17 holler
2970 3443 101 24 becoming
3085 3445 73 22 ignited
3171 3443 53 20 raised

2796 3466 33 17 the
2845 3470 60 13 steam
2921 3466 39 17 and
2976 3473 20 10 as
3014 3467 31 18 tho
3062 3467 33 17 fire
3112 3469 65 21 spread
3194 3466 30 20 and

2796 3489 73 17 burned
2878 3490 32 16 the
2918 3490 89 22 supports
3016 3490 15 17 it
3041 3490 31 18 fell
3082 3497 44 10 over
3134 3492 62 22 partly
3205 3497 19 10 mi

2796 3512 25 17 its
2829 3513 47 16 side.
2885 3511 24 19 En
2913 3512 38 18 this
2956 3518 44 18 way
3004 3519 36 12 one
3049 3513 20 18 of
3073 3514 33 18 the
3111 3514 59 18 boiler
3174 3515 51 17 rivets

2797 3541 38 11 was
2855 3541 73 17 sprung
2948 3536 38 17 and
3003 3536 32 18 the
3060 3537 59 18 steam
3144 3538 81 22 escaping

2797 3557 84 25 through
2894 3558 32 17 the
2943 3559 63 17 orifice
3023 3560 85 17 sounded
3124 3560 32 19 the
3172 3561 52 18 alarm

2797 3582 62 16 which
2868 3582 52 16 woke
2929 3582 32 16 Mr
2969 3582 76 18 Morris.
3070 3583 39 17 Tho
3118 3583 63 19 flames
3193 3582 31 19 had

2796 3605 52 20 then,
2864 3605 93 21 however,
2975 3606 70 22 gained
3061 3606 45 18 such
3123 3613 11 11 a,
3151 3608 73 20 mastery

2797 3627 43 18 that
2847 3627 25 18 he
2889 3628 55 17 could
2962 3629 45 22 only
3023 3629 73 17 remain
3112 3631 65 21 supine
3193 3628 31 20 and

2797 3651 61 16 watch
2868 3651 32 16 the
2909 3651 106 23 devouring
3022 3652 81 17 element
3113 3653 23 17 do
3143 3654 24 16 its
3181 3652 43 19 work

2797 3674 20 16 of
2826 3673 123 19 destruction*
2973 3675 39 17 The
3021 3676 52 21 glare
3085 3676 19 17 in
3113 3676 32 17 the
3154 3677 32 22 sky
3201 3678 16 15 nt-

2798 3697 73 17 tracted
2887 3702 12 12 a
2915 3698 80 16 number
3012 3699 19 16 of
3048 3699 78 20 natives,
3144 3700 79 21 amongst

2798 3720 62 17 whom
2875 3726 38 12 was
2930 3721 87 21 Rawene,
3033 3721 33 18 tho
3082 3721 83 23 fireman,
3184 3723 40 17 from

2798 3742 68 22 Ruato,
2876 3744 35 17 but
2922 3744 55 17 when
2992 3744 45 22 they
3054 3746 73 16 arrived
3136 3746 31 17 tho
3180 3746 44 22 pLico

2798 3772 38 12 was
2845 3773 10 11 a
2864 3767 49 17 total
2920 3767 49 17 ruin.
2995 3767 31 17 Mr
3074 3768 62 23 Kelly,
3144 3769 79 17 M.11.1i..

2798 3789 31 17 the
2838 3789 111 23 proprietor,
2960 3790 37 17 had
3006 3791 47 16 been
3068 3791 121 24 telegraphed
3202 3791 22 17 for

2798 3813 37 16 and
2844 3813 73 17 arrived
2925 3813 18 16 in
2955 3813 83 18 Rotorna
3049 3813 24 23 by
3084 3814 85 24 Friday's
3183 3814 40 19 train

2797 3836 38 17 and
2843 3836 103 22 proceeded
2955 3837 19 17 to
2984 3836 32 18 the
3024 3836 77 23 locality
3111 3843 23 12 on
3148 3838 33 18 the
3196 3837 21 18 fol-

2797 3858 72 24 lowing
2885 3859 42 21 day.
2962 3859 38 17 The
3017 3859 92 24 building,
3128 3861 23 18 ho
3168 3862 19 17 sti
3198 3862 25 18 tos,

2798 3887 37 11 was
2844 3881 75 19 insured
2928 3882 18 17 in
2957 3883 32 16 the
2998 3883 88 17 Norwich
3103 3883 59 19 Union
3180 3883 44 19 offieo

2797 3905 30 16 for
2836 3904 49 19 230
2894 3906 37 16 and
2940 3906 23 16 he
2972 3906 94 18 estimates
3075 3907 29 16 Ins
3113 3907 37 17 loss
3158 3909 17 16 ai
3184 3906 39 22 fully

2797 3928 50 17 '.")()()
2856 3934 45 11 over
2909 3928 37 17 and
2955 3929 59 16 above
3024 3928 2 19 I
3032 3930 32 16 hat
3078 3933 84 14 amount.
3192 3930 31 17 Tin'

2797 3951 67 22 engine
2874 3951 60 17 which
2944 3952 15 16 is
2968 3958 11 10 a.
2988 3952 104 17 horizontal
3102 3959 34 11 one
3146 3954 19 18 of
3173 3953 48 18 about

2799 3974 68 23 Uh.p.
2876 3980 50 16 may,
2935 3974 52 19 after
2994 3981 8 12 a
3021 3975 97 23 thorough
3135 3975 86 20 overhaul,

2796 3997 23 17 be
2825 3998 57 21 again
2891 3998 76 16 utilised
2975 3998 35 17 but
3019 4003 47 13 even
3069 3999 39 18 this
3113 3999 16 18 is
3135 4000 77 22 problem-

2796 4020 62 18 atical.
2884 4021 20 17 It
2911 4021 16 17 is
2939 4022 40 19 not,
2996 4021 93 20 however,
3108 4022 31 18 the
3156 4023 66 22 present

2796 4043 79 18 owner's
2883 4043 94 18 intention
2986 4045 20 16 to
3016 4044 78 18 rebuild.
3127 4045 31 18 Mr
3174 4045 47 21 Kelly

2796 4066 15 17 is
2819 4068 48 15 most
2876 4067 124 17 unfortunate
3009 4067 18 17 in
3037 4067 32 18 the
3080 4070 69 16 matter
3165 4069 19 18 of
3196 4068 28 17 tire'

2796 4095 20 11 as
2826 4089 37 17 this
2872 4090 15 16 is
2897 4089 31 17 the
2937 4089 52 19 third
2998 4092 84 16 occasion
3093 4097 23 11 on
3133 4092 57 17 which
3204 4091 13 17 1:<
3219 4095 5 6 V

2796 4112 23 17 lie
2828 4113 33 16 has
2871 4112 80 18 suffered
2960 4113 36 17 loss
3005 4114 19 16 in
3034 4114 42 17 that
3085 4120 78 13 manner
3166 4115 20 18 in
3191 4113 33 19 thi

2796 4135 79 17 district.

1202 48 59 23 the
1289 48 57 24 Hot
1373 51 92 20 lakes
1494 51 172 25 chronicle,
1694 52 192 25 Wednesday,
1914 54 88 20 april
2030 54 18 23 g,
2066 52 52 21 i9g,

487 286 6 8 -
507 282 38 14 ri
553 282 9 14 t.
590 282 6 14 s
614 280 37 17 re

178 392 99 50 43
301 391 37 48 4
365 388 43 38 m
436 387 37 48 4
526 382 274 53 pass.

313 449 127 25 (Formerly
456 449 40 19 the
517 448 148 22 Parsonage.)

184 545 133 21 PRIVATE
330 543 104 19 BOARD
446 542 66 19 AND
526 540 180 20 RESIDENCE.

404 587 165 20 SITUATION
582 585 209 21 UNRIVALLED.

312 694 62 24 Mrs
392 694 33 23 D.
447 689 216 27 GRIFFITHS.

50 1028 25 28 L)
126 1038 57 18 NEW
195 1037 115 17 ZEALAND
319 1035 81 18 Limited.

105 1074 123 17 I'KOPOaED
240 1067 167 22 DKrAJtITTKttiS.

174 1106 49 15 1-UK
235 1103 101 17 hYDNKY.

40 1138 109 21 WAIHORA,
157 1135 92 22 Tuesday,
260 1135 54 22 April
323 1135 26 19 14,
357 1135 10 15 5
380 1138 46 17 p.m.

39 1304 92 17 Auckland
139 1303 67 17 Branch

259 1302 105 16 Pttlmeraton
377 1299 57 17 Buildi

40 1439 163 25 -r-yUDLAKT,
228 1436 112 20 PARKER,
361 1434 53 19 AND
436 1432 38 18 CO.

80 1458 9 26 [_
204 1460 107 24 (limited),

64 1509 96 24 Splendid,
169 1505 163 25 Well-appointed
338 1505 93 18 Steamers
437 1503 36 17 will

39 1535 24 16 he
72 1532 114 25 despatched
195 1533 49 16 from
253 1532 118 17 Auckland,
381 1534 20 11 as
416 1526 57 18 undei

39 1557 90 25 (weather
145 1556 38 17 ami
203 1556 53 15 oilier
273 1553 143 18 circumstances
432 1556 41 16 per-

39 1582 184 40 PoS&ISBORNE,
231 1599 103 21 NAPIER,
343 1596 114 20 WELLING-

62 1627 57 21 TON,
129 1623 158 21 LYTTELTON,
299 1623 14 17 &
322 1620 128 20 DUNEDIN,

39 1651 101 20 Anglian,
150 1650 103 17 Tuesday,
270 1646 54 23 April
337 1646 15 18 7,
365 1645 19 16 12
395 1650 55 11 noon.

39 1675 107 17 Tasmania
187 1672 102 19 Tuesday,
298 1668 54 24 April
357 1668 28 21 21,
395 1669 19 15 12
425 1672 49 12 noon

167 1718 51 18 FOE
234 1716 111 19 SYDNEY,

86 1742 115 24 (Returning
213 1743 20 15 to
242 1738 99 20 Auckland
349 1736 79 23 Direct.)

40 1767 94 22 Carrying
154 1766 112 20 Passengers
288 1764 29 16 for
340 1762 134 19 MELBOURNE,

52 1791 54 17 other
112 1790 130 17 Australian
250 1787 70 18 Pouts,
328 1784 133 20 andEoAiiT,

40 1819 108 17 Tasmania
195 1816 103 18 Tuesday,
311 1813 54 23 April
378 1813 35 19 7,-l
428 1817 46 17 p.m.

40 1843 103 16 Anglian.
153 1839 105 19 .Monday,
268 1837 55 23 April
328 1838 28 19 20,
367 1837 9 16 7
385 1842 46 16 p.m.

63 1869 31 17 All
103 1868 74 17 Tickets
185 1872 31 12 arc
225 1865 92 18 available
326 1865 40 16 also
379 1864 29 16 for
418 1863 46 21 Stop-

39 1898 45 12 over
92 1897 21 12 or
121 1890 72 18 Return
208 1890 27 22 by
246 1889 55 17 ANY
318 1887 84 18 UNION
416 1886 59 18 CO.'S

40 1912 140 23 STEAMERS,
192 1908 37 22 ami
237 1912 73 18 holders
320 1912 20 16 of
348 1909 66 19 U.S.S.
433 1909 25 17 Co
466 1915 9 11 s

40 1939 75 17 Tickets
136 1943 43 16 may
196 1936 60 17 travel
272 1935 26 22 by
320 1933 117 18 ANGLIAN
454 1938 21 11 or

40 1961 140 18 TASMANIA.

139 1990 23 17 L.
174 1989 25 17 D.
209 1987 108 18 NATHAN
331 1987 14 17 &
359 1985 44 21 CO.,

371 2009 79 18 Asonts.

237 2054 145 21 STEAMSHIP
410 2053 48 19 COM-

150 2080 77 22 PANY,
246 2078 119 19 LIMITED.

335 2107 12 18 t

175 2125 167 19 TIME-TABLE.

76 2160 48 16 ntlior
133 2159 33 16 imd
173 2159 49 15 other
229 2158 131 15 circumstances
365 2154 108 23 permitting;.

39 2216 425 41 Igjggjilgilijisam

42 2340 72 17 Leave
125 2337 140 19 TATJKANGA
275 2340 37 14 fob
326 2334 147 19 AUCKLAND.

133 2444 247 47 NOTICE.

49 2538 195 33 FRANKTQN
270 2534 206 34 JUNCTION

211 2570 114 33 HOTEL

51 2706 156 29 TRAINS
216 2707 27 24 st
248 2711 38 26 op
292 2704 43 26 SO
341 2702 138 26 minutes

60 2744 22 17 at
87 2742 35 19 the
131 2739 105 21 Frankton
244 2737 96 20 Junction
348 2737 32 18 for
389 2735 78 19 dinner.

73 2768 43 18 Tho
139 2764 138 25 undersigned
304 2763 37 19 )ms
373 2761 108 20 first-class

48 2794 65 19 Meals
126 2792 62 25 ready
199 2791 40 19 and
249 2789 70 20 served
329 2795 26 12 on
371 2787 71 19 arrival
461 2787 20 19 of

48 2820 26 19 nil
86 2819 70 19 trains.

50 2843 220 48 William
301 2838 176 55 Geaeh,

105 2898 318 27 PROPRIETOR.

51 2954 147 24 Hancock's
206 2951 97 24 XXXX
310 2950 63 23 Ales
381 2949 100 29 always

181 2986 33 17 on
225 2977 125 27 Draught.

502 914 294 45 ElirenMed
809 914 123 45 Bros

645 969 142 23 BREWEES,

579 1002 108 21 ALBERT
704 1001 148 24 BrfEWEEY,

522 1034 137 22 QUEEN-bT
665 1036 12 17 k
682 1034 58 24 EET,
755 1033 158 20 AUCKLAND

520 1086 68 17 WINE
602 1087 49 16 AND
664 1086 79 17 HPlir
755 1083 155 22 MERCHANTS,

540 1115 125 16 BOTTLERS
677 1114 50 16 AND
743 1112 145 20 IMPORTERS,

585 1136 26 18 43.
627 1139 132 14 OUEEN-fcTBEET
775 1139 69 11 VJIAHF.

499 1210 23 16 At
531 1210 29 15 the
575 1210 90 16 following
682 1208 111 17 Exhibitions
808 1207 27 16 for
844 1213 32 10 our
886 1206 36 18 well-

594 1227 65 20 known'
670 1230 44 15 Bulk
723 1229 32 16 and
766 1228 68 17 Bottled

611 1251 48 17 ALE
670 1251 50 16 AND
732 1250 87 18 STOUT:

498 1279 70 21 Sydney
577 1279 124 16 International
710 1277 108 19 Exhibition,
830 1277 47 17 1879.

498 1300 102 17 Melbourne
609 1300 126 16 International
741 1298 110 19 Exhibition,
861 1299 68 15 1880-81

498 1321 41 17 New
548 1321 75 17 Zealand
632 1319 205 21 tndustrinlExhibition,
844 1319 77 21 Welling-

541 1347 35 14 ton,
590 1344 45 15 1880.

497 1364 43 16 New
561 1363 74 18 Zealand
651 1364 33 16 and
698 1364 54 15 Sonth
764 1364 42 15 Seas
822 1363 109 16 Exhibition.

540 1385 87 18 Dnnedin.
640 1387 78 14 18SW-90.

498 1406 20 17 In
529 1407 75 16 addition
615 1409 16 14 to
642 1407 53 16 above
704 1407 42 15 have
764 1406 42 16 been
821 1406 80 16 awarded
915 1407 17 14 at

540 1429 105 16 Tafinatiian
678 1427 108 20 Exhibition,
814 1425 117 21 Liuuceston,

542 1450 79 16 18J1-92.

584 1481 58 16 FIVE
654 1481 70 16 FIRST
741 1480 105 17 AWARDS

699 1507 32 12 fob

501 1524 69 17 BULK
581 1524 110 16 BOTTLED
706 1524 58 16 ALES
782 1523 51 15 AND
853 1522 77 17 STOUT

527 1606 66 23 Gold
605 1606 87 22 Medal
703 1605 27 23 of
740 1604 167 23 Australasia

604 1650 73 11 AGAINST
687 1648 98 13 ALLCOMEBS
797 1648 31 12 J'on

499 1681 91 23 BULK
604 1680 69 24 AND
694 1679 145 24 BOTTLED
853 1679 66 23 ALE

592 1733 73 19 Havirg
672 1739 10 9 a
692 1732 57 21 Large
757 1731 52 17 Stock
818 1732 18 15 of

611 1759 48 16 ALE
670 1758 51 16 AND
734 1758 82 19 STOUT,

500 1785 67 16 Bottled
576 1785 17 16 in
602 1788 51 17 quart
663 1785 33 16 and
712 1784 38 22 pint
764 1783 68 18 bottle*,
849 1782 82 22 specially

498 1806 66 17 brewed
574 1806 26 16 for
609 1806 29 17 the
646 1811 74 11 summer
729 1805 54 18 trade,
795 1804 54 16 which
858 1810 29 10 are
893 1810 38 10 now

498 1827 105 22 thoroughly
612 1827 84 19 matured,
709 1832 31 11 can
755 1827 42 15 with
811 1831 52 15 every
878 1825 43 17 confi-

497 1850 52 15 dence
561 1848 107 17 recommend
684 1853 45 11 same
746 1851 16 13 to
777 1852 120 12 eonnomseurai
914 1852 12 10 ai-

497 1871 61 15 second
567 1872 18 14 to
593 1876 44 10 none
647 1871 16 15 in
674 1871 29 15 the
711 1870 72 19 Colon}'.

499 2001 154 26 IMPORTER
666 2001 60 25 AND
742 2000 187 26 COMMISSION

657 2027 108 26 AGENT.

508 2078 19 26 \
553 2077 87 18 LARGE
649 2077 38 18 and
696 2076 137 19 well-assorted
842 2076 54 18 stock
913 2077 19 16 of

497 2132 124 23 Crockery,
647 2131 136 22 Glassware,

555 2160 173 22 Ironmongery,
739 2159 105 23 Drapery
852 2157 21 20 &

654 2191 134 19 Household
798 2190 132 18 Furniture.

530 2227 78 23 Always
618 2234 23 10 on
650 2227 51 18 hand
710 2228 20 17 at
739 2227 76 17 Lowest
826 2227 69 17 Prices.

496 2258 57 20 Also
574 2259 86 19 Totara
687 2258 68 19 Posts
780 2258 46 18 and
851 2258 80 18 House

508 2283 86 17 Blocks
603 2283 25 17 at
636 2282 101 18 reduced
745 2283 63 17 rates
817 2282 25 18 to
851 2281 69 19 clear.

520 2346 33 17 All
562 2346 134 17 Commissions
704 2345 70 19 receive
783 2347 78 21 prompt
869 2346 52 17 atten-

497 2370 47 15 tion.

208 3234 55 20 ASK
279 3233 54 19 EOll

180 3356 183 24 CELEBRATED

237 3410 85 33 xxxx

168 3467 211 50 ALES,

188 3541 59 14 MADE
254 3539 56 16 FROM
319 3539 42 13 TIIE

63 3586 114 34 FINEST
203 3584 88 33 MALT
313 3582 63 32 AND
393 3579 96 37 HOPS,

101 3689 52 14 TREE
163 3688 56 15 FROM
231 3688 39 14 ATX
283 3685 127 16 ANTISEPTICS
423 3684 26 13 Oil

165 3714 139 14 DELETERIOUS
323 3711 63 14 ACIDS.

64 3796 139 37 CAPTAIN
225 3796 81 31 COOK
324 3792 167 37 BREWERY,

168 3842 190 22 newmaeket;

85 3905 179 23 BIUJNNERTON
280 3904 95 18 RELIEE
391 3903 79 18 FUND.

64 3958 81 27 rpilE
169 3955 109 21 Cbairaan
301 3954 21 18 of
346 3953 35 19 tlio
403 3951 89 21 Botorua

70 3973 26 30 X
130 3985 61 18 Town
197 3980 67 21 Board
270 3978 144 26 willbegladto
419 3978 73 19 rcouive

64 4010 92 26 eubscrip
167 4010 45 18 ions
222 4007 21 18 in
254 4005 32 20 aid
296 4005 20 19 of
322 4005 35 18 the
364 4004 62 19 bovo
435 4003 57 19 fund.

90 4034 141 26 [Subscription
245 4032 54 19 Lists
315 4030 51 19 liavo
383 4029 41 18 also
445 4029 47 18 been

63 4063 68 21 issued
142 4063 40 18 and
192 4065 34 14 are
234 4064 44 14 now
289 4057 55 24 lying
355 4059 21 15 at
392 4056 33 17 tiio
441 4055 41 18 viui-

65 4097 37 14 vjus
111 4087 66 21 hotels
186 4085 40 21 and
234 4083 93 20 business
335 4082 72 24 plnces.

254 4110 21 17 C.
292 4106 131 21 MALEROY,

228 4132 101 18 Chairman
337 4132 56 16 Town
404 4128 67 19 Board.

555 2528 115 22 Rotorua
686 2526 79 23 Town
783 2526 92 23 Board.

502 2579 143 27 rpENDERS
657 2584 31 13 are
696 2578 71 18 invited
776 2578 25 22 by
810 2578 32 17 the
851 2578 85 18 Rotorua

508 2606 23 17 J.
565 2603 62 18 Board
637 2603 29 17 for
674 2603 32 17 tho
714 2602 73 21 leasing
796 2601 20 18 of
824 2601 59 18 Rural
892 2602 35 16 Si'u-

502 2625 89 21 tiouNo.
603 2627 23 18 39
638 2625 106 25 adjoining
755 2624 33 20 Mr
800 2624 19 20 J.
834 2623 23 20 L.

502 2653 39 18 nnd
553 2652 96 25 abutting
663 2658 26 12 on
702 2651 35 19 tho
754 2650 94 20 TJtuhina
864 2650 71 20 Creek,

502 2679 119 24 containing
647 2679 24 18 10
693 2684 55 13 acres
776 2677 41 18 and
846 2677 90 23 securely

503 2705 77 22 fenced,
591 2705 32 18 for
632 2710 13 13 a
660 2707 51 16 term
730 2703 21 19 of
772 2705 11 16 3
804 2710 23 11 or
842 2704 10 17 5
871 2709 65 19 years,

503 2733 93 23 separate
607 2731 81 18 tenders
697 2730 32 18 for
739 2730 48 19 each
798 2731 58 17 term.

529 2757 90 19 Tenders
637 2757 52 18 close
706 2763 26 12 on
748 2756 33 18 tho
801 2756 47 18 14th
873 2755 64 25 April.

504 2784 42 19 Ten
555 2790 37 18 per
604 2785 45 17 cent
664 2789 26 12 on
706 2781 45 20 half
769 2781 67 25 year's
854 2784 46 16 rent
918 2784 20 16 to

529 2835 57 20 Bent
598 2834 87 26 payable
706 2834 20 19 in
740 2834 95 19 advance.
864 2833 74 18 Lessee

503 2864 22 16 to
534 2867 41 20 pay
586 2864 42 15 cost
638 2861 21 18 of
669 2863 122 22 agreement.

787 2885 32 19 By
833 2885 79 19 Okuek.

530 2913 93 20 Rotorua
633 2913 62 18 Town
708 2912 72 23 Board,

558 2941 44 18 31st
613 2939 77 23 March,
704 2939 54 18 1896.

586 3093 113 19 Education
710 3093 7 18 1
723 3093 127 25 )epartment,

561 3119 135 25 Wellington.
707 3119 48 19 20th
767 3119 77 21 March,
857 3119 57 17 1800.

508 3152 38 23 rjn
550 3151 113 19 ENDEKS
675 3151 40 20 will
731 3151 24 18 be
772 3150 91 18 received
881 3155 27 19 up
923 3150 19 17 to

534 3194 5 3 .
577 3184 52 12 noon
641 3177 20 19 of
677 3177 34 19 the
728 3177 46 19 13th
792 3176 57 25 April
864 3176 32 18 for
910 3175 33 18 the

617 3205 22 17 of
657 3203 73 21 Native
748 3202 71 20 School
836 3201 107 24 Buildings

509 3231 52 18 from
569 3229 209 24 Roto-ititoToXgae,
788 3228 56 19 Lake
847 3228 95 18 Rotorua.

537 3255 152 26 Specifications
699 3262 46 17 may
756 3255 23 18 lie
789 3260 46 12 seen
846 3253 41 19 and
900 3256 44 16 ten*

511 3282 45 19 ders
566 3281 74 25 lodged
651 3284 20 16 at
682 3281 33 18 the
726 3281 72 18 Public
817 3279 75 20 Works
909 3279 24 19 Of-

510 3308 43 22 fice,
565 3307 112 23 Auckland,
693 3307 39 18 and
749 3307 34 18 the
800 3306 10 19 l
811 3307 5 9 J
817 3308 30 17 ost
867 3305 76 23 Offices,

514 3335 89 18 llotorua
615 3333 39 19 and
664 3335 113 22 Tauranga.

616 3359 50 20 War.
683 3359 42 19 Jas.
745 3357 120 21 HABENS.

643 3385 104 21 Secretary
757 3384 31 19 for
798 3383 120 19 Education.

515 3503 57 42 KI
586 3508 38 18 nga
640 3502 37 17 hoa
695 3502 76 19 Pakcha
791 3500 32 18 kai
842 3507 40 16 nga
897 3500 49 17 -\valii

586 3525 57 19 katoa
652 3532 10 10 o
671 3525 38 18 Nui
720 3524 62 18 Tironi
795 3530 29 11 me
839 3529 39 16 nga
894 3524 53 17 motu

513 3549 57 17 katoa
578 3549 7 17 i
593 3551 19 14 to
620 3554 23 11 ao
652 3554 30 11 mo
692 3550 18 16 to
718 3547 47 18 rima
774 3553 34 12 rau
817 3547 34 18 oka
858 3546 30 19 kai
896 3546 38 19 Wai-

513 3573 58 21 otapu
581 3572 29 17 nei
620 3573 18 16 to
647 3572 92 16 Eahimoa
748 3570 56 19 kaore
813 3576 36 11 ano
856 3570 6 17 i
871 3570 76 17 hakoae

513 3597 64 15 mutau
588 3600 30 12 mo
626 3600 39 17 nga
673 3594 49 18 moni
732 3594 59 16 ewhia
800 3599 35 11 rau
844 3593 103 18 ehiatekau

513 3624 63 16 pauna
585 3618 56 16 kaore
650 3618 22 18 he
682 3617 72 17 moketo
764 3617 54 16 kaore
826 3617 24 16 ho
861 3620 62 13 nania.

654 3641 56 16 THAI
715 3641 15 16 A
744 3639 115 20 TEWARTJ,

655 3662 99 19 MENIHI
768 3662 126 19 TUAHINE,

656 3685 136 19 KARATJRIA
811 3685 136 17 AVHAREWE

537 3710 91 22 Rotorua,
639 3710 74 23 Apirira
722 3711 17 19 0,
751 3709 50 17 1806.

969 4218 100 37 Ask
1095 4218 70 37 for
1192 4218 265 39 Hancock's
1488 4219 274 40 Celebrated
1797 4220 187 40 XXXX
2013 4222 112 41 Ales
2166 4227 93 36 and
2284 4225 148 38 Stout,
