3290 4290
61 125 83 53 IN
186 125 289 53 ANCIENT
475 125 1 53 MAORILAND.

62 227 15 11 V
88 227 31 13 TE3
134 219 109 18 COLLECTED
266 219 55 12 I'P.OM
338 214 43 17 T.HB
395 216 84 14 DESCEX-

80 247 58 17 D-VSTB
155 245 22 12 OK
187 244 40 12 THE
235 241 125 14 AT.OniOIX.VL
370 239 75 14 PEOPLE
458 238 21 13 OF

81 273 32 12 ■riii-
124 268 50 15 Kwo
179 266 63 14 itaiki
245 261 85 17 Valley
334 264 42 13 axu
381 258 84 18 theUke-

83 299 8 8 v,
99 281 19 26 ,;,'.
126 295 6 10 \
139 288 100 17 COTTOTBY,
246 287 43 14 AND
296 287 55 14 EROM
360 285 42 15 THE
409 281 56 17 Mata-

85 318 42 14 vTUA
136 311 76 17 TBIBES.

154 342 29 16 By
192 338 103 19 ELSDON
306 336 69 18 BEST.

80 405 51 18 given
141 400 24 22 by
173 398 92 18 members
273 397 20 17 of
301 396 34 17 the
340 393 128 24 Ngati-Maiia-

96 416 3 27 '
108 419 140 24 X„;iii-Whiirc,
268 419 70 19 Tulioo,
361 416 118 24 Ngati-Apa,

62 439 108 31 Vr-.tf-.An-;..
193 442 148 25 Ngati-Hamua
364 440 38 18 and
421 440 47 16 Patu-

62 473 62 20 acuhcu
133 469 67 18 Tribes.

63 551 8 7 «.
78 543 112 19 KOHIKOHTA
202 541 41 14 KGA
256 539 116 14 MAIIAMABA
384 538 12 12 O
410 533 57 17 MATA-

94 624 114 23 CHAPTEE
225 617 217 26 Vm.—(Continued.)

152 671 149 18 iNTEE-TKniAI.
312 666 67 18 WAKS.

84 707 51 18 Then
145 703 14 18 it
169 699 93 21 occurred
272 701 20 16 to
303 698 69 18 Tuhoe
381 696 45 19 that
433 696 49 24 they

64 742 14 13 ff
80 731 41 22 ould
131 728 43 20 seek
185 727 97 25 payment
291 724 32 18 for
341 724 35 17 tho
390 722 61 19 death
461 722 21 17 of

66 753 170 28 Bangi'wai-tatao
243 748 42 22 and
293 750 67 19 Toroa
378 748 45 19 who
441 747 41 19 had

65 788 41 18 been
116 781 49 20 slain
172 777 164 20 atNukutaurua
343 775 26 24 by
376 775 34 17 the
418 774 64 23 hapus

64 814 62 18 known
136 813 21 12 as
172 802 123 26 Eakaipaka
314 801 39 18 and
370 800 111 25 Ngati-Tu.

65 839 11 19 g
77 844 8 13 0
101 833 65 20 Tuhoe
186 832 53 16 went
258 828 55 19 forth
332 826 41 19 and
390 825 92 19 attacked

64 862 126 20 Nukutaurua
200 856 58 23 (near
267 854 27 18 Te
308 851 80 26 Mahia)
399 851 39 19 and
449 852 33 18 the

78 896 10 12 n
89 896 12 9 ,.
103 876 4 34 (
109 876 3 34 .
121 891 34 19 pus
165 884 20 17 of
195 880 132 26 Rai.giamoa,
338 876 93 21 Pukenui
442 877 40 18 and

65 912 118 22 Puk6karoro
195 907 37 19 fell
241 911 21 14 to
273 905 61 19 them.
362 903 47 19 Two
417 904 21 17 of
448 903 34 18 the

65 938 108 22 Kahiilmnu
181 933 63 19 chiefs
252 938 51 12 were
310 929 69 23 killed,
390 929 27 18 Te
424 928 47 18 Eito-

63 953 123 33 -0.!to-rangi
202 959 40 19 and
264 955 87 21 Tarnaiti
358 955 21 19 -i
386 964 10 6 -
400 954 82 25 pokia.*

64 993 47 20 Then
120 988 78 24 Hipara
208 985 39 19 and
258 983 92 19 Pnbirua
361 981 91 19 resolved
461 983 21 16 to

63 1018 50 22 roake
122 1018 64 22 peace.
203 1011 25 19 So
235 1009 48 24 they
294 1014 52 20 gave
352 1007 36 19 the
395 1006 87 25 thought

63 1037 210 28 toNgati-kahuhunu,
294 1037 21 16 to
334 1033 28 18 all
380 1033 20 18 of
419 1033 61 21 them,

64 1057 31 34 J,,,,!
105 1058 13 28 ft
136 1072 38 12 was
187 1062 74 25 agreed
278 1064 27 15 to.
334 1059 46 19 And
402 1058 80 24 Hipara.

64 1096 34 19 ~,j,l
107 1094 22 18 l,c
139 1090 65 20 would
221 1088 45 25 give
276 1087 33 18 bis
329 1086 99 24 daughter
439 1091 20 12 as
471 1091 11 11 a

64 1116 150 29 peace-binding,
228 1113 38 20 and
284 1112 92 19 Puhirua
393 1110 38 19 and
447 1110 35 19 the

63 1155 13 12 w
78 1146 39 21 ),olo
127 1145 19 17 of
155 1141 121 20 Kahuhunu
291 1136 114 21 consented.
433 1136 47 18 And

64 1168 201 27 flo-a-rangi-mata-eo
275 1162 55 33 said:
375 1162 34 18 Me
423 1165 59 16 tatau

64 1202 95 19 pounamu,
177 1193 34 20 kia
226 1192 49 19 kore
286 1191 19 18 ai
313 1197 11 11 e
338 1188 85 26 pakaru,
443 1188 39 19 ake

64 1227 29 17 ~1;,.
138 1221 45 19 And
193 1218 65 21 Kuhu
269 1220 75 15 tarewa
354 1221 41 12 was
414 1216 30 16 set
454 1220 28 18 up

63 1258 17 14 as
92 1257 10 12 a
121 1247 75 21 rcahine
214 1243 40 20 and
268 1240 154 22 Tuki-o-kahu+
438 1246 21 12 as
470 1246 12 12 a

63 1281 43 18 tone,
117 1281 20 12 as
146 1279 25 12 an
182 1269 117 27 equivalent
310 1268 31 18 for
361 1267 34 18 the
410 1266 72 24 giving

63 1304 16 18 „f
94 1298 165 22 Hine-ki-runga.
282 1295 34 18 the
336 1293 101 24 daughter
458 1291 21 19 of

63 1329 74 23 Eipara,
150 1328 19 16 to
180 1323 70 20 Tuhoe
260 1327 22 12 as
293 1327 12 12 a
315 1318 164 26 peace-binding,

64 1355 30 20 and
105 1354 40 18 that
156 1357 40 12 war
205 1348 66 24 might
285 1347 46 18 end.
360 1344 46 19 And
424 1344 57 18 those

63 1387 43 14 wars
112 1378 31 20 did
154 1376 44 23 end,
210 1374 40 19 and
266 1378 60 20 peace
339 1371 37 19 lias
392 1369 88 19 endured

63 1413 40 14 eren
115 1406 45 17 unto
167 1402 56 19 these
233 1400 56 23 days,
303 1398 34 19 the
348 1398 49 23 days
407 1397 20 17 of
446 1396 34 18 the

61 1432 76 24 pakeha.
165 1426 100 25 Enough!

83 1457 41 20 And
134 1456 45 18 hero
190 1460 33 12 are
233 1452 35 19 the
279 1450 128 27 genealogies
418 1450 20 16 ot
447 1450 33 16 the

59 1484 63 24 people
132 1481 65 20 whom
212 1485 29 13 we
258 1478 50 18 have
327 1474 153 20 mentioned;—

60 1512 23 19 Te
94 1506 179 27 Rangi-wai-tatao
283 1509 41 12 was
331 1508 11 12 a
351 1500 129 21 chieftainess

62 1538 17 19 of
86 1534 71 21 Tuhoe.
186 1531 39 20 She
233 1529 42 20 had
281 1527 142 23 Tawbnraugi,
437 1526 43 18 who

62 1562 39 21 took
118 1561 61 19 Hiora
200 1557 39 19 and
253 1555 41 20 had
311 1554 112 22 Mavututu,
437 1553 43 17 who

59 1588 35 22 had
104 1584 126 22 Marumoko-
241 1583 44 18 who
300 1580 40 19 had
350 1580 27 18 Te
393 1578 77 23 Kuir.ga-

61 1620 42 16 r„ro,
115 1613 41 18 who
166 1611 41 18 had
226 1606 197 22 Maru-kin-whero,
436 1604 44 18 who

61 1641 33 20 ],ad
103 1635 106 24 Manuhiri,
222 1635 44 18 who
278 1632 39 19 had
331 1630 94 24 Pukahu,
435 1630 45 19 who

61 1667 32 20 had
104 1663 74 21 Paetini
198 1662 32 25 (or
249 1660 106 20 Paratene,
376 1657 62 18 about
456 1657 24 18 50

61 1698 49 18 years
117 1690 31 20 old
157 1690 21 18 in
187 1688 41 19 this
237 1693 49 19 year
305 1684 21 19 of
344 1684 34 19 the
390 1682 74 20 Whaka-

60 1724 48 16 nono,
124 1715 61 25 1895.)
208 1712 82 21 AudTe
301 1708 178 25 Hiko-o-te-rangi

59 1740 152 26 JindMoko-nui
222 1738 89 24 a-rangi,
332 1737 44 18 who
395 1735 39 19 had
452 1735 28 19 Te

60 1771 53 21 Uiko,
125 1769 41 18 who
178 1767 40 18 had
228 1764 70 24 Euihi,
315 1763 44 18 who
376 1762 40 18 had
435 1760 45 27 (her

60 1796 61 25 child.)

59 1893 49 17 Notes
172 1889 32 18 the
224 1886 110 24 Ngati-Ira,
360 1884 119 23 Ngati-Apa,

78 1913 135 20 Xnuti-Whare,
223 1909 161 25 Ngati-Manawa
392 1907 36 17 and
442 1907 25 17 Tu-

78 1939 30 16 hoe
115 1937 66 19 Tiibes,
194 1934 43 19 with
249 1942 10 8 ii
268 1933 64 17 sketch
339 1933 20 16 of
366 1931 33 17 the
406 1930 74 17 ancient

77 1960 85 19 Jlnruiwi.

87 1991 116 20 Ngati-Iba,
223 1994 25 12 or
264 1989 179 16 Waik.uikmoaxa.

80 2025 38 18 The
127 2022 108 26 Ngati-Ira
245 2020 46 19 who
301 2026 43 11 now
356 2018 39 18 live
405 2023 74 16 among

59 2053 28 18 the
106 2046 167 30 Ngati-Ruapnui
292 2046 54 24 hapu
367 2045 21 17 of
406 2042 73 25 Ngati-

59 2077 108 21 Kahuhunu
186 2077 21 16 at
226 2072 173 20 Waikareuioana
418 2076 33 12 are
467 2076 11 11 a

59 2104 68 25 portion
136 2102 20 17 of
162 2102 33 17 the
207 2100 52 17 tribe
270 2099 20 17 of
301 2098 44 18 that
364 2102 59 12 name
433 2095 44 19 who

60 2127 95 27 originally
165 2124 94 21 occupied
271 2131 11 12 a
292 2124 57 23 large
367 2122 78 24 portion
458 2121 20 18 of

60 2157 28 19 the
100 2156 81 18 country
197 2158 44 13 now
251 2150 46 19 held
312 2150 26 23 by
359 2149 33 17 the
403 2147 74 25 Ngati-

59 2182 56 20 Porou
126 2179 38 19 and
174 2175 197 26 Aitangn-a-Hauiti
385 2174 61 19 tribes
457 2174 21 17 of

59 2209 28 18 the
97 2208 44 17 Fast
150 2205 66 19 Coast.
238 2203 42 18 The
291 2202 76 22 history
377 2201 20 17 of
405 2199 71 26 Ngati-

59 2236 27 19 Ira
96 2234 33 18 has
139 2233 49 18 been
200 2237 12 12 a
221 2232 53 16 most
293 2229 137 17 adventurous
440 2232 37 12 one

59 2260 32 21 and
98 2259 31 20 the
139 2257 100 20 survivors
248 2255 22 19 of
279 2255 34 18 the
322 2254 78 18 famous
412 2252 54 18 I'aka-

59 2286 63 24 urnngi
132 2291 25 19 pa
168 2284 50 18 have
226 2280 105 20 wandered
339 2280 32 18 far
378 2279 39 18 and
425 2277 52 19 wide

58 2315 16 18 in
84 2311 61 20 search
157 2310 20 19 of
198 2317 11 11 a
228 2307 78 24 resting
327 2305 62 25 place.
418 2305 59 18 Some

58 2339 33 20 lied
117 2336 66 20 inland
201 2338 20 16 to
240 2334 34 18 the
296 2336 57 20 great
373 2331 104 18 lluia-rua

59 2371 54 19 range
120 2363 38 20 and
171 2368 54 13 some
233 2363 22 16 to
273 2358 104 21 Waikato.
406 2357 18 19 A
442 2356 24 19 de-

58 2391 90 21 tachniont
158 2388 63 20 under
229 2383 135 23 Rere-kiokio
383 2382 94 20 marched

57 2423 18 14 to
91 2416 73 25 Napier
188 2413 37 19 and
251 2413 71 17 thence
341 2414 20 14 to
381 2410 95 18 southern

58 2434 115 33 Vairarapa,
198 2440 81 18 whence
298 2437 48 23 they
364 2436 71 24 spread
455 2441 22 12 as

58 2472 26 18 far
98 2476 20 12 as
134 2464 146 23 pae-kakariki
301 2463 38 18 and
358 2462 47 19 held
424 2461 53 19 their

58 2503 36 13 own
105 2495 52 19 there
165 2494 30 18 for
204 2498 60 12 seven
271 2488 135 28 generations,
414 2487 64 23 being

57 2522 61 20 finally
150 2517 106 25 destroyed
287 2516 28 24 by
343 2514 134 24 Ngati-Awa

57 2549 34 19 and
101 2545 110 26 Ngati-Toa
220 2543 65 19 under
304 2542 27 18 Te
352 2540 123 26 Rauparaha

58 2575 33 19 and
101 2573 63 19 others
174 2571 61 19 about
248 2570 57 18 1835.
332 2567 42 18 Yet
393 2566 84 19 another

58 2600 76 20 division
144 2598 21 20 of
174 2595 109 27 Ngati-Ira
299 2594 39 19 fled
356 2596 20 15 to
395 2591 81 26 Opotiki

58 2627 57 19 where
124 2625 50 19 their
185 2621 133 21 descendants
330 2625 47 18 may
393 2618 42 19 still
452 2618 25 18 be

57 2652 60 19 found.
150 2651 59 18 From
220 2649 57 17 these
288 2653 55 12 come
355 2646 33 18 the
400 2644 74 23 Ngati-

58 2679 28 19 Ira
95 2679 19 18 of
124 2676 180 21 Waikare-moana
309 2672 78 24 having
396 2671 37 19 left
442 2670 34 18 the

58 2704 74 26 Opotiki
141 2702 75 21 branch
226 2700 47 19 four
292 2698 128 26 generations
431 2703 44 16 ago,

58 2731 48 18 vk'ii
115 2730 45 23 they
171 2730 52 17 went,
233 2728 21 16 to
269 2724 126 20 Ruatahuna
413 2722 65 19 under

58 2757 22 19 Te
88 2749 73 29 Hautii;
185 2751 120 22 afterwards
319 2750 84 23 moving
412 2756 26 12 on
457 2751 20 15 to

57 2783 48 20 Lnke
115 2782 170 19 Waikaremoana
299 2777 67 18 where
376 2776 48 23 they
432 2781 45 13 now

57 2810 38 22 live,
106 2809 26 18 To
141 2806 122 21 Puke-o-Tu
275 2803 63 25 being
353 2803 34 17 the
405 2801 62 26 princi-

57 2836 28 25 pal
92 2841 44 13 man
147 2839 73 18 among
230 2831 62 19 them.

78 2862 59 19 These
146 2858 108 26 Ngati-Ira
265 2857 52 18 have
326 2855 81 18 become
417 2853 50 19 close-

57 2888 16 24 ly
81 2886 102 20 connected
190 2884 49 20 with
248 2883 35 19 the
291 2881 108 19 Mataatua
406 2879 71 25 people

58 2921 17 11 as
84 2914 30 18 the
121 2912 103 21 following
235 2907 113 27 genealogy
358 2906 41 18 will
409 2906 54 18 show
472 2906 3 28 :

58 2938 113 24 —Muriwai,
204 2933 197 28 Rangikurukurua,
432 2932 34 19 Tra-

59 2966 58 24 imaia,
134 2959 188 30 Kongomatnuriki,
345 2958 130 21 Tumatiatia,

59 2992 21 19 Te
99 2991 83 22 Nanaio,
202 2986 92 22 Huakai.
315 2985 114 25 Tutapuke,
449 2984 28 18 Te

60 3018 52 21 l-'cliu,
129 3015 134 21 Tutakahiao,
283 3013 28 18 To
331 3011 56 19 Rehu
407 3017 21 17 n,
449 3010 28 18 Te

60 3041 168 28 Rangipaongatai,
244 3041 68 20 Toina,
324 3037 105 24 Manuera,
449 3036 28 19 Te

58 3068 114 22 I'uke-o-Tu,
185 3068 27 18 Te
223 3067 72 23 Mapu.

194 3119 128 18 Xgati-Ai'A.

76 3154 44 19 This
129 3153 51 19 tribe
191 3152 16 18 is
223 3148 112 22 descended
352 3148 51 19 from
420 3147 42 25 Apa-

55 3180 9 18 -1;
78 3180 17 18 Id
105 3180 41 18 who
156 3179 47 18 slew
219 3183 62 18 many
297 3175 21 19 of
337 3174 35 19 the
388 3173 87 25 original

56 3205 86 26 i».ople'of
151 3205 36 19 the
196 3203 55 23 land,
268 3204 22 16 at
307 3200 107 25 Pekepeke
433 3199 40 19 and

57 3226 101 25 i.!scwhere.
196 3227 106 28 Apa-koki
328 3225 89 22 received
444 3225 32 18 liis

56 3264 49 13 mime
129 3258 51 18 from
202 3255 78 25 having
306 3254 51 18 boon
386 3251 89 25 crippled

57 3284 21 23 l.y
94 3284 30 19 the
137 3283 47 19 kick
201 3282 21 19 of
239 3288 12 11 a
267 3286 47 13 moa
333 3281 20 17 at
373 3276 102 21 Putauaki

59 3310 36 20 Alt.
106 3307 142 27 EdpecumbeO
265 3306 44 19 The
315 3303 99 27 principal
421 3304 54 24 hapu

94 3330 163 30 N'gati-Tlineuru
269 3332 45 19 who
331 3337 34 12 are
381 3330 34 19 the
433 3329 43 19 tino

57 3361 15 19 i.f
81 3362 100 24 X-atiApn
192 3360 41 19 and
241 3360 40 18 live
299 3360 21 16 at
330 3358 106 18 Tarawera
451 3361 25 13 on

57 3387 26 19 ihu
107 3386 154 27 Napier'Taupo
283 3384 55 19 road.
382 3381 94 20 Hineuru

58 3414 73 19 lunvried
145 3414 118 20 Tokowarn,
280 3410 63 19 hence
360 3408 34 19 the
413 3407 55 25 Ngai

57 3439 16 18 'l',
81 3440 9 19 ];
100 3446 56 13 nvaru
166 3439 20 18 of
194 3438 91 19 Galatea.
315 3435 47 19 Also
370 3434 33 18 the
410 3433 67 26 Ngni-

57 3465 71 20 Tu-reia
156 3465 39 19 ond
226 3459 252 29 Kgni'TakniHi-manuka

56 3491 21 25 '■«
77 3491 37 25 l'»-

78 3551 28 17 •Tli
117 3549 111 24 lugh'.Cuhoe
237 3548 44 17 here
290 3546 43 18 take
343 3545 31 18 tlio
383 3544 59 18 credit
458 3544 20 17 of

58 3572 20 18 fhi
96 3574 72 22 victory,
179 3573 11 16 it
209 3571 16 18 is
242 3569 90 25 probable
349 3568 42 18 that
407 3566 59 25 Ngati-

85 3597 70 22 niapoto
163 3594 79 20 assisted
249 3594 59 17 then).
334 3591 144 18 Eithorthator

58 3613 3 30 I
76 3613 1 30 ■
91 3622 33 16 two
137 3618 117 25 expeditions
269 3621 49 13 were
336 3615 76 17 distinct,
430 3613 47 18 from

57 3639 2 21 •
80 3643 12 17 :h
101 3643 56 17 othe.r.
182 3642 58 18 From
247 3639 81 19 another
340 3643 64 13 source
416 3641 62 14 comes

59 3666 2 19 I
95 3666 39 18 folio
136 3666 3 19 l
153 3666 3 19 j
160 3672 9 10 n
173 3666 22 19 cc'
198 3674 22 4 —

101 3683 3 29 ■■
123 3690 52 22 party
188 3688 19 18 of
221 3684 183 26 Ngati-Maniapoto
419 3683 59 17 under

101 3712 34 18 liicf
142 3711 106 19 Tukorebu,
259 3716 7 10 n
278 3709 51 24 groat
339 3705 75 25 fighter.
426 3711 51 12 came

130 3734 119 18 ofTav-oto
262 3733 32 17 the
307 3730 45 19 land
370 3730 19 17 of
400 3729 65 22 Rongo-

60 3762 5 11 f
94 3752 1 29 :
126 3759 15 17 tn
157 3758 90 23 (Poverty
259 3754 56 24 Bay.)
347 3753 39 18 The
401 3752 65 20 Rongo-

115 3783 29 16 nta
152 3780 37 19 and
196 3777 185 25 Ngati-Kahuhunu
388 3775 89 18 collected

97 3806 28 16 innl
139 3805 47 17 them
200 3802 65 19 inland
280 3801 20 18 of
313 3801 90 19 Turanga
417 3798 61 17 where

59 3826 31 19 Hi?-,
104 3820 1 27 ■
115 3834 31 12 aye
153 3827 66 18 battle.
244 3825 40 18 The
291 3822 67 25 people
368 3822 20 17 of
395 3821 32 18 the
445 3820 32 18 soil

132 3850 53 19 'eatod
196 3848 87 19 audflnd.
314 3847 38 17 The
367 3845 50 18 elder
434 3843 33 18 bro-

108 3874 48 18 nfTe
170 3871 166 20 Kani-a-Takirau
348 3874 48 11 were
414 3866 63 19 killed,

75 3903 52 11 -.m-iin
146 3897 37 17 and
204 3892 173 24 Tamaiti-i-polda.
409 3891 55 16 Tama-

59 3914 2 26 i
80 3920 91 17 nlialohaia
177 3918 95 22 narrowly
290 3914 84 24 escaped.
398 3914 32 17 He
447 3914 31 16 did

59 3946 16 12 tin
81 3942 22 23 by
110 3943 86 23 jumping
207 3942 42 17 into
264 3947 11 11 a
292 3944 56 13 cimoo
365 3937 38 18 and
419 3942 60 17 going

59 3963 2 23 •
80 3972 24 11 wti
112 3966 30 18 the
151 3966 47 17 river
205 3967 20 15 to
234 3965 32 17 the

113 3989 2 28 :
126 3997 92 18 i-o-Kabu
228 3996 15 17 is
253 4002 10 10 a
271 3994 47 23 high
327 3992 34 19 hill
380 3989 89 21 overloolc-

75 4013 2 25 •
96 4020 14 18 L-
117 4020 22 18 ko
146 4020 161 18 Waikaremoana.
333 4016 20 18 It
360 4020 39 12 was
407 4013 71 18 elected

91 4050 6 10 m
123 4036 3 26 !
136 4050 26 10 >.„.
180 4049 20 13 or
216 4041 88 19 husband
319 4039 27 21 by
360 4038 70 17 Tuhoo.
441 4036 37 16 and

261 4069 47 19 gave
334 4060 143 19 Kuha-tarewa,

59 4093 22 12 iin
87 4090 38 17 User
141 4089 102 20 mountain,
261 4094 21 11 as
299 4092 10 12 a
326 4084 50 18 wife.
401 4082 29 23 By
446 4081 33 18 the

59 4112 23 16 tmi
91 4120 13 9 .„
114 4113 17 20 pf
141 4114 49 16 these
199 4115 37 15 two
246 4108 108 22 mountains
371 4111 56 18 peace
441 4109 37 12 was

57 4139 14 10 W
100 4136 44 13 ninrl.

529 120 26 18 In
566 119 78 19 ancient
652 118 59 18 times
720 124 12 11 a
738 116 87 19 division
836 117 21 18 of
865 117 62 24 Ngati
929 127 7 3 -

503 146 45 24 Apa
559 148 52 16 wont
621 148 21 14 to
661 143 71 24 Taupo
749 142 41 19 and
807 142 54 19 lived
882 142 56 19 there

503 177 54 13 some
567 171 55 18 time.
650 169 58 23 They
718 168 75 25 fought
810 168 34 18 the
864 167 73 25 Ngati-

504 197 135 18 Tuwbarotoa
651 195 21 18 of
687 195 46 17 that
750 195 57 24 place
828 193 40 19 and
887 200 51 12 were

503 221 94 20 defeated
607 221 40 19 and
662 219 71 20 driven
749 225 57 17 away
823 222 20 16 to
860 219 69 19 R-an°ri-

503 247 56 24 tikei,
571 247 54 19 their
634 246 79 18 leaders
724 245 63 25 being
800 245 28 19 To
844 245 78 19 Whaka-

503 273 56 19 kahu
568 273 41 18 and
623 271 126 20 Tumahoka.
783 271 65 18 These
865 271 73 25 people

503 305 51 12 were
564 299 75 18 known
651 304 22 12 as
689 297 29 18 To
736 296 201 25 Apa-o-Eangatira.

503 325 61 18 Their
590 324 132 19 descendants
749 322 41 19 still
820 322 66 19 reside
914 325 22 16 at

503 350 121 26 Bangitikei
647 350 40 18 and
706 348 60 19 claim
784 348 81 19 descent
884 349 53 18 from

503 375 240 25 Apa-Hapai-takotake,
752 374 116 24 thougkthe
877 373 46 20 Whi-

503 401 67 20 rinaki
580 402 71 24 people
668 407 37 18 say
719 400 46 19 that
780 399 26 19 ho
823 400 41 18 and
883 400 42 25 Apa-

503 427 50 19 koki
569 434 53 13 were
639 433 37 12 one
692 426 39 19 and
747 426 34 18 the
798 431 54 13 same
871 426 67 24 man.J

506 454 104 23 Apa-koki
623 459 40 13 was
673 451 112 20 descended
796 451 52 19 from
862 452 75 18 Mnaka

504 480 20 18 of
534 479 28 19 To
579 480 79 18 Arawa.
691 477 121 26 Ngati-Apa
829 477 109 26 originally

504 511 55 13 came
569 506 52 18 from
632 504 102 20 Futauaki
747 503 36 19 but
790 503 51 18 have
849 503 49 24 long
905 510 22 12 re-

504 531 57 19 sided
579 531 22 19 in
619 531 34 18 the
674 528 118 22 Whirinaki
807 529 40 18 and
859 529 66 24 Eaugi-

505 557 49 18 taiki
581 557 83 19 Vallies.
702 556 57 23 They
778 554 47 19 held
847 555 35 19 the
904 555 34 19 old

503 583 91 24 fighting
618 589 36 18 pas
677 582 29 18 Te
728 581 90 23 Rourou,
839 579 97 27 Oputara,

505 607 160 20 Para-kakariki
674 607 41 19 and
727 607 137 18 Tutu-tarata.
881 607 56 24 They

505 640 51 13 were
566 640 13 12 a
588 634 89 24 fighting
688 633 53 19 tribe
750 633 38 18 but
797 636 35 15 not
841 638 50 19 very
899 639 26 12 nu-

505 666 79 13 merous
594 659 40 20 and
643 659 89 19 suffered
745 665 54 12 some
816 665 68 12 severe
902 659 24 18 de-

504 687 52 18 feats
566 687 21 18 in
599 686 33 18 the
643 685 32 19 old
687 691 51 13 wars
753 684 49 19 with
812 684 70 19 Tuhoe
898 684 40 19 and

503 712 59 19 other
572 712 68 19 tribes.
668 711 44 18 The
723 709 117 21 Whirinaki
852 710 86 19 division

505 745 43 12 now
560 738 42 19 live
610 743 74 19 among
692 737 35 18 the
735 736 175 24 Ngati-Manawa.

628 785 181 18 Ngati-Manawa.

531 818 49 18 This
588 818 54 18 tribe
652 818 17 17 is
680 816 112 19 descended
802 816 52 18 from
867 816 55 18 Muna-

504 851 32 12 wa
545 846 34 16 toa
589 844 44 18 who
644 842 111 19 flourished
764 842 62 19 about
835 843 21 18 17
866 849 60 17 gener-

505 870 66 18 ations
580 875 45 17 ago.
651 870 57 22 They
719 875 33 12 are
766 868 108 19 connected
889 868 49 18 with

505 895 170 25 Ngati-Manawa
684 894 24 18 of
717 894 96 19 YVaikato
825 895 43 17 who
878 900 59 12 .come

505 922 52 17 from
568 919 152 24 Manawa-üba,
733 920 39 18 and
782 920 43 18 also
835 920 49 18 with
902 919 35 19 the

505 947 142 26 Ngati-Tuara
658 946 21 19 of
691 946 115 18 Horohoro.
827 946 43 18 The
880 946 47 24 prin-

504 973 53 25 cipal
569 974 64 24 liapus
644 979 34 12 are
687 973 35 18 the
731 972 125 25 Ngati-TTui,
864 972 73 24 Ngati-

505 999 97 22 Kauwae,
621 999 164 24 Ngati-Ngauru
805 998 40 18 and
864 997 70 25 Ngati.

504 1025 137 24 Te-putanga.

530 1051 57 24 They
598 1057 74 18 occupy
683 1050 34 18 the
734 1049 72 19 vallies
822 1049 22 19 of
858 1049 65 25 Eangi-

504 1077 51 18 taiki
567 1077 39 18 and
618 1075 117 21 Whirinaki
752 1077 52 17 from
816 1076 90 24 Oputara
914 1078 22 16 .to

504 1105 20 16 to
547 1103 49 19 Fort
622 1102 91 19 Galatea.
742 1101 55 19 The\>
820 1108 75 18 appear
917 1103 20 16 to

504 1129 51 18 have
575 1128 100 25 migrated
686 1129 52 17 from
753 1127 35 19 the
799 1128 59 18 north
872 1127 66 19 under

505 1155 34 18 the
549 1154 115 25 leadership
674 1154 22 18 of
705 1154 35 19 th<j
757 1153 42 19 well
818 1153 73 19 known
900 1160 25 11 an-

503 1183 75 16 cestors
597 1180 159 25 Whare-pakau
774 1180 40 19 and
833 1179 91 25 Xangiha-

503 1213 56 12 ruru.
589 1207 56 23 They
669 1212 35 13 are
727 1206 73 24 closely
828 1205 109 19 connected

505 1233 47 18 with
564 1232 160 25 Ngati-Whare,
735 1232 21 19 in
766 1232 44 18 fact
826 1232 56 18 these
901 1238 35 11 arc

504 1258 72 19 almost
586 1265 37 12 one
632 1258 39 19 and
682 1258 35 18 the
727 1264 54 12 same
791 1258 77 24 people.
881 1257 56 25 They

503 1284 52 19 have
578 1291 61 12 never
662 1284 52 19 been
736 1290 12 12 a
775 1290 108 13 numerous
915 1289 23 12 or

503 1310 99 26 powerful
626 1310 53 19 tribe
700 1310 41 19 and
769 1310 52 19 have
849 1309 88 19 suffered

505 1336 58 19 much
575 1336 20 19 in
604 1337 76 18 former
690 1336 59 19 times
759 1339 21 15 at
792 1336 34 19 the
835 1336 66 19 bands
917 1336 21 18 of

503 1362 35 19 the
555 1362 161 26 Ngati-Pukeko
738 1362 38 18 and
792 1364 58 17 other
867 1362 70 18 tribes.

503 1388 62 19 Their
577 1385 57 22 lands
645 1388 52 18 have
706 1388 42 19 laid
765 1394 51 19 open
830 1392 23 14 to
870 1387 68 19 attack

502 1414 53 20 from
566 1420 59 19 every
635 1414 43 18 side
688 1414 40 19 and
738 1414 49 25 the}'
798 1420 53 13 scorn
858 1417 19 15 to
886 1413 52 19 have

503 1441 57 18 acted
571 1447 21 11 as
602 1447 12 12 a
628 1441 67 18 buffer
710 1443 52 16 state
779 1441 31 17 for
830 1441 34 18 the
884 1440 39 18 Ure-

504 1473 59 12 wera.
600 1467 62 18 Their
677 1466 79 19 district
772 1466 17 18 is
808 1465 130 25 remarkably

503 1493 69 17 steiilo
582 1493 39 18 and
633 1493 36 17 but
686 1492 53 19 littlo
757 1493 120 18 cultivation
897 1498 41 13 was

503 1518 78 19 carried
592 1525 25 12 on
628 1519 19 18 in
659 1519 75 18 former
744 1519 64 18 times.

638 1576 165 18 Ngati-Whare.

529 1608 50 19 This
589 1608 53 19 tribe
652 1608 91 24 occupies
758 1608 34 18 the
809 1614 65 18 upper
892 1609 46 23 part

503 1635 21 18 of
541 1635 34 18 tho
731 1633 80 25 Valley,
833 1633 104 25 generally

502 1660 74 19 known
588 1667 22 12 as
620 1660 28 18 Te
660 1661 95 18 nora-iti.
784 1656 43 22 The
835 1659 100 26 principal

503 1686 76 24 kainga
595 1686 18 19 is
632 1686 28 19 To
679 1685 166 23 Murumuruuga
865 1688 21 15 at
910 1686 28 17 Te

504 1712 203 19 Whaiti-nui-a-Toi.
743 1712 47 19 This
807 1712 78 18 district
898 1717 40 12 was

502 1738 72 19 settled
585 1739 20 18 in
616 1745 48 15 very
675 1738 56 24 early
741 1736 58 21 times
809 1738 26 24 by
846 1738 33 18 tho
890 1744 47 18 pr-s-

503 1764 64 19 Maori
579 1764 117 23 aborigines
708 1764 44 19 who
763 1764 39 18 had
811 1764 76 18 several
898 1770 36 18 pas

503 1795 20 14 at
533 1792 27 17 To
571 1790 78 19 Whaiti
658 1790 40 19 and
712 1790 19 19 in
743 1790 35 19 the
784 1789 67 25 valley
865 1790 21 18 of
903 1789 35 19 the

503 1816 81 23 Okahu,
596 1823 12 12 a
618 1816 101 25 tributary
729 1816 21 18 of
765 1816 34 19 the
809 1816 127 23 Whirinaki,

503 1843 57 19 when
570 1842 93 20 attacked
674 1842 27 25 by
712 1841 156 26 Whare-pakau
882 1848 54 12 some

505 1870 21 18 12
538 1869 128 24 generations
674 1875 45 16 ago.
750 1867 142 26 Ngati-wbare
900 1874 35 12 are

502 1895 112 19 descended
624 1895 52 18 from
687 1894 155 25 Whare-pakau
855 1894 39 18 and
908 1894 20 18 in
933 1894 3 25 l

501 1921 59 19 elude
581 1921 35 19 the
639 1920 67 26 hapus
725 1921 22 18 of
771 1919 164 24 Ngati-Hamua,

502 1947 93 25 Ngai-Te
626 1947 89 19 Karaha.
749 1945 184 26 Ngati'Mahnnga,

503 1973 64 25 Ngati
580 1971 276 25 Kohiwi,Ngnti-Warahoe,
862 1971 74 26 Ngati-

502 1999 105 25 Hapeand
611 1994 324 30 Ngati-Whare-ki-Ngai-te-ao.

501 2025 65 18 There
576 2032 34 12 are
620 2031 60 16 many
691 2025 33 18 old
736 2022 88 21 fortified
835 2024 66 24 places
912 2027 21 15 at

500 2051 28 19 Te
540 2051 78 19 Whaiti
629 2051 38 18 and
677 2051 80 22 Okahu,
767 2050 71 24 telling
846 2050 21 18 of
876 2056 60 18 many

500 2084 12 11 a
522 2078 125 24 sanguinary
658 2077 92 24 struggle
760 2077 21 18 in
789 2079 46 19 past
842 2076 63 19 times.

579 2126 71 16 TVIIOK
663 2130 26 12 OR
700 2126 29 16 TE
746 2126 111 16 TJIIEWEItA.

526 2157 43 19 The
579 2157 69 19 Tuhoe
659 2157 53 18 tribe
723 2163 46 18 may
779 2157 25 18 be
814 2156 73 19 looked
893 2162 27 16 up-

500 2190 25 12 on
536 2190 23 12 as
578 2183 35 20 the
630 2183 117 19 Tlascalaus
762 2189 22 12 or
799 2182 97 22 Spartans
915 2183 23 18 of

499 2209 51 19 New
559 2209 91 20 Zealand
660 2209 41 18 and
711 2215 34 13 are
755 2215 11 12 a
780 2209 67 20 brave,
864 2208 71 24 hardy,

500 2236 40 19 and
563 2236 137 25 independent
716 2234 77 26 people.
827 2234 60 19 Their
905 2241 21 10 so-

498 2262 63 24 journ
572 2262 20 19 of
602 2262 101 18 centuries
713 2261 21 18 in
743 2261 34 18 the
787 2260 78 25 rugged
874 2266 50 13 coun-

500 2291 31 21 try
543 2288 89 18 between
643 2288 28 17 Te
683 2287 77 19 Whaiti
772 2286 39 19 and
822 2286 110 19 Ruakituri

499 2314 37 18 has
546 2314 98 19 rendered
655 2314 54 17 them
724 2319 12 13 a
752 2312 123 25 thoroughly
891 2313 32 18 iso-

500 2340 54 18 lated
567 2340 70 24 people
647 2339 40 19 and
699 2339 41 18 like
751 2342 51 15 most
822 2338 112 19 mountain'

499 2372 44 13 eers
554 2373 34 11 are
598 2365 82 19 imbued
694 2364 45 20 with
758 2371 11 12 a
785 2366 69 23 strong
874 2364 61 19 tribal

500 2392 63 24 pride.
591 2392 56 24 They
661 2392 52 18 have
731 2390 46 20 held
794 2390 53 19 their
856 2397 44 11 own
915 2390 20 18 in

500 2419 52 18 their
572 2418 105 19 mountain
700 2418 59 18 home
780 2416 39 19 and
835 2416 98 25 although

501 2444 125 25 war-parties
642 2444 52 18 have
712 2442 115 26 penetrated
845 2444 20 18 to
880 2442 42 19 Rua-

498 2470 81 20 fahuna
593 2470 21 19 in
637 2469 35 20 the
690 2470 51 24 hope
750 2469 23 18 of
783 2468 109 25 humoHng
901 2468 35 18 the

500 2497 99 19 Urewera
614 2496 63 25 pride,
690 2496 58 18 those
760 2501 54 12 same
824 2497 48 15 taua
885 2500 51 12 were

500 2523 106 24 generally
613 2528 48 17 very
672 2521 48 24 glad
731 2524 20 16 to
757 2524 46 15 turn
811 2520 53 18 their
873 2519 62 19 backs

499 2554 25 14 on
533 2549 33 18 the
574 2549 47 18 laud
631 2548 21 18 of
662 2548 34 18 the
705 2546 141 27 Ngai-Tulioe.
875 2545 62 19 Their

499 2574 63 20 tribal
580 2573 97 26 proverbs
691 2573 87 19 betoken
788 2572 54 18 their
851 2571 44 19 love
915 2572 21 18 of

500 2607 41 12 war
551 2601 40 18 and
603 2600 117 23 adventure,
733 2606 20 11 as
757 2610 23 2 —

575 2627 32 18 Ho
618 2627 22 17 iii
651 2633 26 11 na
687 2625 75 22 Tuhoe,
775 2630 10 13 e
795 2624 49 19 kata
858 2626 20 17 te

524 2653 69 18 Tuhoe
630 2658 96 13 moumou
761 2650 39 23 kai,
842 2656 94 13 inoumou

499 2681 82 23 faonga,
592 2684 95 13 moumou
701 2679 84 23 taugata
796 2676 51 19 kite

609 2709 81 14 wasters
700 2704 21 18 of
735 2703 48 19 food
793 2702 40 19 and
851 2708 71 18 proper-

501 2735 32 19 ty;
548 2731 113 24 destroyers
672 2730 21 19 of

523 2787 65 23 {After
596 2788 32 16 the
637 2787 64 16 defeat
710 2787 20 16 at
738 2785 64 22 Taupo
811 2791 11 10 a
832 2784 74 22 portion
917 2784 20 16 of

499 2811 114 23 Ngati-Apa
633 2810 61 17 under
708 2807 170 24 Takapa-manuka
899 2806 37 18 and

499 2834 99 18 Miromiro
614 2834 51 16 went
682 2834 20 16 to
719 2832 94 22 Eunanga
830 2831 37 16 and
883 2830 53 18 there

499 2857 74 18 settled.

618 2888 35 21 £To
665 2892 23 12 BE
701 2884 114 22 COKTIITOTD.]

1222 53 59 19 THE
1308 53 59 20 HOT
1394 53 7 19 ]
1514 52 174 24 CHRONICLE,
1716 53 190 23 WEDNESDAY,
1935 53 88 19 APRIL
2051 55 18 21 8,
2086 54 50 17 189G

499 2947 167 20 AUSTRALIA'S
683 2946 133 18 NATIONAL

570 2969 183 20 RESTORATIVE.

499 3017 137 20 CLEMENTS
652 3016 79 18 TONIC

546 3039 136 21 RESTORES,
691 3038 104 19 VIGOUR,
812 3037 109 17 HEALTH

592 3064 54 17 AND
655 3061 124 20 VITALITY
793 3060 33 18 OF
835 3060 98 18 YOUTH.

499 3111 82 19 CURES

573 3131 149 22 WEAKNESS,

662 3153 149 19 LASSITUDE,

687 3177 131 18 DEBILITY.

752 3198 178 19 INDIGESTION.

545 3272 109 19 BEWARE
677 3271 33 17 OF
727 3268 159 19 IMITATIONS.

499 3306 49 19 Mrs
557 3304 68 23 Mary
638 3302 67 19 Kirk,
720 3300 131 20 Manners-st.,
882 3299 39 18 Wel-

554 3327 71 19 cured
642 3326 26 18 of
722 3324 80 23 lington,
810 3323 55 18 N.Z..
871 3323 63 17 writes

499 3351 113 23 Eruptive
627 3350 76 18 Sores,
719 3354 24 11 on
755 3347 51 21 Aug.
821 3347 17 18 6,
853 3346 55 28 IS9-1:
911 3355 23 2 —

499 3377 10 16 I
518 3382 31 11 am
558 3380 46 16 very
612 3372 56 19 much
685 3370 74 24 pleased
776 3370 20 17 to
809 3369 70 17 inform
895 3374 39 16 you

499 3399 44 18 that
555 3396 94 19 Clements
658 3394 58 18 Tonic
724 3394 33 17 has
766 3391 78 19 effected
860 3397 12 12 a
884 3393 50 15 most

499 3421 113 21 permanent
626 3424 43 12 euro
678 3419 19 15 in
712 3422 31 17 my
757 3421 46 15 case,
819 3414 61 19 which
896 3421 38 10 was

499 3451 21 11 as
529 3445 79 17 follows:
634 3443 38 16 For
685 3445 54 19 years
753 3440 10 16 I
778 3444 37 11 was
830 3443 11 12 a
857 3438 77 17 sufferer

500 3469 49 16 from
558 3466 84 22 eruptive
651 3470 50 11 sores
710 3463 26 17 all
745 3467 43 13 over
797 3467 31 16 my
836 3461 51 22 body
896 3460 38 17 and

499 3492 47 17 le<rs.
572 3490 10 18 I
593 3487 98 24 expended
701 3492 11 12 a
721 3487 53 22 great
783 3484 42 18 deal
833 3483 20 19 of
866 3489 68 17 money

499 3515 85 21 inevery
599 3510 119 20 conceivable
726 3508 76 21 remedy
811 3507 37 17 and
855 3513 24 10 on
888 3506 34 17 doc-

500 3540 45 17 tors,
553 3537 37 16 and
596 3534 106 19 sometimes
715 3538 38 11 was
761 3530 80 18 relieved
850 3530 72 22 tempor-

500 3560 48 22 arily
553 3560 27 22 by
586 3557 120 24 usingsalves
710 3561 21 13 or
734 3554 108 21 ointments,
846 3553 89 18 butaffcer

499 3591 12 10 a
520 3584 45 17 lime
579 3582 33 18 the
625 3586 51 12 sores
690 3578 63 18 would
767 3576 58 18 break
838 3577 34 16 out
887 3575 47 17 with

501 3607 51 17 fresh
560 3605 100 18 virulence.
679 3603 10 17 I
697 3601 37 19 had
741 3601 37 17 lost
786 3600 49 17 faith
844 3600 19 16 in
872 3598 48 19 medi-

501 3630 55 20 cinep,
565 3623 306 27 whenbychancelroadoneyour
877 3621 20 19 of
899 3621 24 18 ad-

501 3652 134 19 vertisements,
642 3650 39 17 and
686 3647 82 19 resolved
775 3648 20 15 to
804 3647 29 21 try
840 3645 95 17 Clements

500 3676 64 18 Tonic.
589 3675 11 17 I
608 3672 112 24 purchased,
729 3677 12 10 a.
747 3669 65 19 bottle,
823 3668 36 17 and
875 3667 59 18 found

501 3701 15 15 it,
522 3699 32 17 did
564 3704 29 11 me
602 3697 56 22 good.
684 3695 10 17 I
701 3692 100 20 continued
810 3692 24 16 its
843 3697 37 13 use,
896 3690 38 17 and

502 3723 8 17 I
520 3723 52 16 must
580 3721 48 16 have
644 3718 46 18 used
699 3718 58 16 about
766 3722 11 10 a
792 3715 55 17 dozen
863 3713 70 17 bottles

501 3746 36 16 mid
548 3751 28 11 am
585 3742 62 25 joyful
652 3741 20 19 of
681 3741 32 17 the
722 3739 64 18 result,
796 3739 30 16 for
834 3738 10 16 I
853 3743 29 11 am
892 3742 42 11 now

501 3768 45 22 (and
556 3767 48 18 have
611 3765 48 18 beon
673 3765 30 16 for
712 3768 43 12 over
771 3760 67 28 tvjWve
850 3758 84 24 months)

502 3793 37 15 free
550 3791 38 16 fom
597 3789 25 17 all
632 3793 50 12 sores
699 3792 21 11 or
736 3786 96 21 eruptions
842 3783 37 17 and
887 3783 48 17 have

501 3821 45 14 very
555 3812 49 23 good
614 3810 64 19 bealtu
692 3808 73 18 indeed.
808 3807 9 17 I
826 3812 36 15 am,
878 3811 57 17 yours

501 3835 116 22 thankfully,
632 3835 57 20 Mary
701 3832 52 19 Kirk,
770 3829 164 20 Manners-street,

504 3859 119 21 Wellington,
635 3857 47 17 New
694 3853 88 19 Zealand.

525 3913 17 17 A
551 3911 62 18 clioico
623 3907 89 20 selection
725 3906 19 18 of
758 3905 24 17 oil
797 3903 96 24 paintings
910 3903 22 20 I>>

501 3937 31 17 Mr
542 3935 14 18 C
572 3930 100 22 Blomfield
681 3935 43 16 may
732 3934 43 12 now
783 3927 23 17 bo
815 3932 42 12 seen
867 3927 18 16 at
904 3926 28 16 the

502 3960 117 17 CnBONICLB
628 3954 64 18 Office.
717 3952 51 20 They
777 3954 90 18 oompw
878 3954 54 11 views

501 3982 18 18 in
530 3980 39 20 this
575 3975 151 26 neighborhood,
737 3972 98 21 Wau-akei,

502 4008 105 15 rewarowa,
617 4001 40 20 &c,
671 3999 38 18 and
725 3999 47 16 from
786 3996 49 18 their
848 3995 75 19 faithful-

501 4033 43 12 ness
565 4025 37 18 and
619 4022 94 19 attention
730 4022 20 16 to
771 4019 58 17 detail
849 4024 30 11 are
893 4017 35 17 wel

501 4049 60 20 worth
575 4049 33 18 the
617 4046 95 20 attention
721 4045 19 17 of
748 4043 60 18 lovers
822 4041 20 18 of
850 4042 36 16 >:vt.
913 4041 17 16 Ii

502 4073 83 19 addition
596 4073 19 17 to
624 4070 54 17 these
686 4069 53 17 then!
752 4072 30 11 are
799 4071 12 12 a
822 4064 82 18 number
917 4065 15 16 oi

503 4099 57 15 water
567 4095 50 18 color
626 4092 86 21 sketches
720 4088 80 26 BUitttbJe
808 4089 30 16 lor
845 4088 87 21 birtlida>

501 4127 21 11 or
530 4120 68 17 Easter
603 4116 75 20 Cards.*

966 117 229 45 Blooker's
1243 116 149 50 Dutch

1098 190 159 45 Coeoa.

961 271 138 32 Highest
1108 272 126 26 awards
1247 271 33 25 at
1293 277 100 26 every

1084 311 193 27 Exhibition.

995 361 65 25 The
1073 361 97 25 latest
1182 361 28 25 is
1222 361 55 25 the
1297 360 96 26 Cross

962 393 35 25 of
1003 395 109 24 Honor
1126 395 33 24 at
1175 394 54 25 the
1249 394 124 25 Amster-

962 426 73 25 dam
1044 426 187 26 Exhibition
1239 426 91 29 1895,
1339 425 53 26 the

960 459 128 31 highest
1096 459 138 32 possible
1243 458 117 26 award.

960 570 38 17 Oil
1010 571 112 16 Paixtixgs
1131 575 24 12 of
1164 571 50 16 New
1223 571 98 16 Zealand
1331 569 49 19 Scen-

1061 597 46 17 ery,
1117 593 46 18 Hot
1171 593 76 21 Lakes,
1258 593 31 17 &c.

960 638 145 42 YISITORS
1113 639 38 17 and
1160 639 62 17 others
1232 645 30 11 arc
1271 638 121 23 respectfully

1029 662 71 17 invited
1113 663 20 16 to
1146 663 74 21 inspect
1232 662 32 17 Mr
1277 661 115 18 Blomfield'e

960 685 75 22 Unique
1044 685 102 18 Collection
1155 685 21 17 of
1190 685 87 22 Original
1293 684 99 22 Paintings

959 713 44 12 now
1011 714 26 11 on
1044 708 47 17 view
1099 708 21 17 at
1127 708 30 17 Lis
1166 708 72 20 Studio,
1252 707 140 23 Karangahapo

960 731 58 21 Road,
1030 731 104 17 Auckland.

983 754 172 22 N.B.—Paintings
1165 754 20 17 of
1193 754 32 17 the
1234 753 100 23 destroyed
1347 753 33 17 Ter-

959 783 51 11 races
1019 777 71 17 similar
1099 778 20 16 to
1133 778 53 15 those
1200 782 25 11 on
1239 777 48 16 view
1304 777 20 16 at
1341 776 51 17 Lake

959 800 66 17 House
1038 800 37 18 and
1088 800 67 17 Palace
1173 800 64 19 Hotel,
1256 806 34 10 can
1307 800 45 21 only
1369 799 23 16 be

959 823 89 17 obtained
1062 823 58 17 direct
1134 823 50 17 from
1201 823 32 17 the
1249 822 63 18 Artist
1324 823 21 16 at
1360 822 32 17 the

959 846 59 16 above
1029 846 81 16 address.

992 911 47 46 R.
1062 910 299 48 SRIFFITJIS,

1071 975 211 31 ROTORUA,

959 1031 139 26 GENERAL
1106 1029 284 27 CARTERSIGARRIER.

985 1105 68 19 Goods
1063 1105 101 19 delivered
1174 1107 20 17 to
1203 1104 27 19 all
1246 1108 57 21 parts
1320 1104 21 19 of
1358 1104 34 19 the

959 1132 78 18 district
1044 1134 21 16 at
1072 1132 38 18 low
1120 1134 60 16 rates.

1040 1170 61 18 ALL
1115 1169 111 19 TRAINS
1240 1169 69 19 MET.

986 1250 324 27 N.B.—Goodpaddoclnngfora
1313 1249 78 21 limited

960 1277 85 20 number
1055 1278 20 18 of
1085 1277 75 19 horses.
1178 1277 105 24 Spencer's
1293 1275 97 26 paddoclc,

960 1303 144 19 well-watered
1130 1303 41 19 aud
1202 1309 59 19 every
1293 1302 99 19 attention

960 1329 53 25 paid.

988 1387 404 45 iifcM&fl&liM

1069 1453 217 32 HAHAKU

961 1491 74 41 SAW
1050 1491 24 41 &
1100 1491 153 59 PLANING
1275 1490 115 41 MILLS,

964 1562 266 23 MOUNTAIN
1255 1562 137 23 RIT^YU,

962 1639 133 20 GENUINE
1109 1638 60 20 DEY
1188 1639 76 19 LAND
1282 1637 110 20 TIMBER

1065 1674 29 17 IN
1107 1674 52 17 THE
1172 1674 114 16 MARKET.

962 1720 127 42 MESSRS
1107 1719 99 18 KUSABS
1224 1719 71 17 BROS,
1309 1719 38 22 beg
1363 1724 20 12 re-

1037 1742 101 24 spectfully
1142 1743 20 18 to
1171 1742 68 18 inform
1249 1743 32 16 the
1295 1738 65 22 Public
1374 1742 18 17 of

964 1768 75 14 Kotorua
1048 1767 31 14 and
1090 1766 72 21 vioinity
1172 1766 37 15 that
1220 1769 40 16 tl.i-y
1275 1766 44 15 have
1334 1767 47 14 estab-

962 1788 53 16 lished
1025 1794 9 9 it
1045 1787 41 21 yard
1094 1787 18 15 in
1125 1787 126 19 Riucmoa-st.,
1261 1787 32 15 and
1310 1791 30 11 can
1355 1791 37 11 now

962 1811 60 18 supply
1032 1809 28 15 the
1068 1808 51 16 finest
1127 1808 43 15 class
1185 1808 18 16 of
1218 1808 24 15 Bu
1252 1808 48 15 lcJin_r
1314 1807 78 16 Material

962 1831 14 14 in
988 1828 27 21 ilit-
1026 1829 72 17 Market.
1114 1829 17 16 It
1140 1830 14 14 is
1162 1829 101 20 unequalled
1273 1830 16 14 in
1299 1828 93 21 durability

962 1851 32 16 and
1002 1851 106 21 idipervious
1115 1853 18 13 to
1143 1851 29 15 the
1180 1851 68 15 attacks
1263 1849 18 16 of
1296 1850 49 16 borer
1359 1849 33 16 ami

962 1872 29 21 ilry
1004 1875 31 14 rot.
1060 1872 52 16 Their
1119 1872 84 16 sawmills
1211 1877 28 11 are
1248 1871 49 17 fitted
1307 1871 42 16 with
1364 1870 28 17 the

962 1897 40 12 most
1014 1893 68 17 modern
1091 1893 99 21 appliances
1200 1893 32 15 and
1243 1893 28 15 the
1279 1893 37 15 firm
1330 1893 15 15 is
1355 1891 37 17 able

962 1919 16 12 to
994 1915 62 21 supply
1073 1919 33 16 any
1122 1914 81 21 quantity
1220 1914 17 15 of
1253 1914 38 21 Dry
1310 1913 82 20 Building

962 1936 79 16 Material
1050 1942 20 9 cm
1081 1935 28 17 the
1118 1937 74 15 shortest
1201 1935 61 16 notice.

962 1979 139 28 Skirtings,
1109 1978 179 26 Architraves,
1294 1978 82 23 Mould-

996 2009 67 28 ings,
1076 2009 50 23 and
1136 2008 112 23 Dressed
1258 2008 102 23 Timber

1027 2040 27 22 of
1062 2046 80 23 every
1157 2039 165 29 description,

1053 2070 109 29 Always
1173 2076 32 16 on
1215 2069 84 22 Hand.

987 2104 118 23 HENAU
1115 2104 108 23 HOUSE
1235 2103 129 23 BLOCKS.

981 2152 50 15 l'rioe
1040 2152 46 15 Lists
1094 2157 21 9 on
1124 2150 104 21 application
1239 2153 17 13 to

962 2182 223 33 KUSABS
1220 2180 171 38 BEOS,

1035 2223 117 18 MAMAKU
1164 2228 26 13 on
1202 2223 113 17 OIIAITI'O.

1088 2251 27 19 Or
1122 2253 20 17 at
1151 2252 32 17 the
1195 2252 68 17 Tunis.

983 2280 124 17 lIINEMOA
1120 2279 101 18 STREET,
1241 2278 127 18 ROTORUA.

1178 2382 34 39 M.
1248 2380 119 49 SIMON,

1155 2434 61 24 (Late
1223 2433 21 18 of
1254 2432 136 26 Melbourne.)

1153 2555 105 23 Clothes
1271 2556 75 21 made
1365 2556 26 21 to

1180 2582 74 22 order
1272 2588 33 15 on
1320 2581 46 22 the

1205 2607 136 23 shortest

1224 2633 94 22 notice.

1164 2729 55 19 Ptr>
1228 2736 14 12 a
1258 2729 10 18 (1
1280 2728 36 19 Fit
1327 2730 35 17 not
1372 2730 19 17 to

1155 2758 21 16 be
1187 2754 94 26 equaled
1299 2761 19 12 in
1337 2757 53 16 town

1153 2792 110 19 AiuntßSS:
1281 2790 110 20 ArawaSt.

1224 2817 101 19 Eotorua.

1177 2904 14 17 C
1219 2904 11 17 i
1258 2902 76 18 ULE
1344 2902 23 19 Y,

959 2972 121 23 Plumber
1097 2973 21 22 &
1129 2972 112 23 General
1253 2971 138 23 Mechanic

1070 3027 109 14 DTA.NEKAI
1200 3026 26 14 •""['
1232 3027 24 13 UK
1262 3027 29 16 KT,

958 3187 112 20 BARBER
1092 3187 60 19 AND
1182 3187 206 25 HAIRDRESSER,

958 3220 91 21 TVEGrS
1059 3224 20 17 to
1089 3228 106 13 announce
1205 3222 44 18 that
1256 3222 26 18 ho
1292 3222 84 19 linscom-

958 3243 37 21 -J-*
1025 3248 81 19 radioed
1119 3248 92 19 busiuets
1221 3248 21 18 in
1253 3248 34 18 the
1304 3249 51 24 shop
1369 3249 19 18 in

958 3276 33 18 the
1008 3274 32 18 old
1056 3276 59 19 town,
1136 3273 95 25 former]}'
1251 3274 95 25 occupied
1364 3273 25 26 by

958 3302 32 18 Mr
1000 3299 122 25 McEadyeu,
1132 3300 86 22 saddler,
1237 3300 40 18 and
1292 3300 63 25 hopes
1369 3302 20 17 to

958 3327 58 19 merit
1027 3334 13 11 a
1049 3327 57 18 share
1118 3326 21 18 of
1150 3326 34 18 llio
1195 3326 68 24 public
1274 3328 88 23 support.

1040 3359 157 20 RAZORS
1226 3360 76 19 SET.

980 3410 22 18 A
1011 3409 82 19 Choice
1104 3408 152 18 Assortment
1269 3409 27 17 of
1306 3408 69 19 Tobac-

958 3438 44 17 cos,
1014 3432 84 27 Cigars,
1110 3431 129 23 Cigarettes
1246 3431 20 19 &
1273 3432 115 18 Smoker's

958 3455 137 24 Requisites.

981 3509 88 23 (Under
1076 3508 129 23 Vice-regal
1220 3508 146 24 Patronage.)

958 3541 66 43 TO
1049 3541 15 16 T
1082 3540 15 17 O
1115 3540 18 17 U
1151 3540 16 16 It
1184 3540 9 16 I
1214 3540 11 17 S
1243 3541 15 15 T
1277 3540 17 20 S,
1318 3540 17 17 E
1348 3544 12 13 t
1372 3544 16 14 c.

1014 3567 113 15 BEAtJI'IFUIi
1136 3567 99 13 PBESESTS
1248 3567 37 14 FOB
1295 3567 63 14 HOME.

980 3588 51 21 Very
1047 3586 109 18 Handsome
1171 3586 62 17 Inlaid
1252 3586 72 20 Tables;
1340 3586 36 17 Cab-

957 3611 54 20 inets,
1026 3609 56 19 Jewel
1097 3609 61 19 Cases,
1174 3610 41 17 etc.,
1232 3609 24 17 nil
1270 3608 54 18 mode
1341 3610 47 16 from

958 3634 31 17 the
998 3633 56 18 finest
1059 3632 19 18 of
1082 3632 47 17 Now
1138 3632 97 16 Zealand's
1243 3633 65 16 Forest

958 3655 109 19 Patronised
1077 3655 24 21 by
1111 3655 36 16 His
1156 3654 113 24 Excellency
1278 3655 32 18 the
1319 3655 46 17 Earl
1369 3655 21 18 of

958 3680 94 22 Glasgow,
1063 3678 53 20 K.C.,
1131 3678 81 17 8.M.G..
1231 3678 36 17 and
1283 3678 65 21 nearly
1364 3678 24 17 all

958 3704 32 16 the
998 3702 86 21 nobility,
1095 3701 69 17 British
1174 3701 38 17 and
1216 3701 82 22 Foreign
1306 3701 82 20 Officers,

958 3725 37 18 and
1005 3725 67 24 gentry
1082 3724 42 17 who
1138 3724 47 17 have
1199 3724 67 17 visited
1280 3724 48 17 jSTcw
1342 3724 35 17 Zea-

957 3748 52 18 land.

988 3772 29 17 W.
1031 3770 105 19 NOPBIE,
1146 3770 40 22 Top
1195 3770 19 17 of
1223 3769 137 18 Shortland-st.

970 3819 161 18 Government
1150 3818 48 17 Life
1219 3819 143 16 Insurance.

983 3854 48 14 LOW
1039 3846 200 20 PItEMIUJIsTIiAr.GK
1251 3851 99 15 HONUSKS.

970 3883 35 12 The
1012 3880 108 15 Watchwords
1127 3882 17 11 of
1150 3881 28 13 the
1184 3881 49 13 Oir.no
1239 3884 45 10 are—

1005 3897 105 15 Liberality
1120 3897 21 12 to
1150 3897 160 16 Policy-holders.

1045 3914 97 15 Economy
1153 3913 19 13 In
1184 3913 141 16 Management.

1086 3929 75 13 STAi'E
1181 3929 125 13 SECURITY.

970 3949 116 16 Accumulated
1096 3949 54 13 Funds
1160 3949 59 14 exceed
1230 3949 15 16 2J
1255 3949 70 13 Millions
1334 3949 28 15 stg.

1111 3978 14 13 J.
1134 3977 19 14 11.
1162 3977 136 15 RICHARDSON,

1075 4056 63 17 paper
1157 4048 40 18 nnd
1213 4047 114 24 Envelopes
1344 4047 44 18 with

1039 4075 79 25 printed
1132 4074 89 24 heading
1233 4076 20 16 at
1264 4073 63 24 cheap
1335 4075 53 16 rates

958 4106 21 16 at
990 4101 105 21 Chroniclo
1109 4101 62 18 oilice.

1632 1252 66 46 IN
1729 1252 116 46 THE
1874 1251 198 46 PRESS.

1676 1639 51 31 By
1745 1637 164 26 ELSDON
1931 1636 111 27 BEST.

1541 1812 124 31 Papers
1679 1817 72 19 now
1764 1810 176 32 appearing
1951 1809 35 25 in
2000 1809 55 25 the
2069 1809 83 26 HOT
2165 1809 139 26 LAKES

1431 1835 16 41 I
1465 1844 244 28 CHRONICLE
1722 1844 101 24 under
1835 1844 54 24 the
1903 1844 102 24 above
2018 1842 71 25 title
2102 1842 67 26 will
2178 1842 126 32 shortly

1414 1887 38 25 he
1465 1886 170 33 published
1647 1885 34 25 in
1693 1884 164 33 pamphlet
1869 1884 90 26 form.

1621 1952 129 45 Price
1774 1951 95 46 One
1901 1949 200 57 Shilling.

1448 2167 190 30 Advertising
1651 2166 106 25 Terms
1771 2172 36 19 on
1824 2165 189 33 application
2034 2167 32 23 at
2087 2164 216 26 CHRONICLE

1416 2208 104 25 Office.

1507 2529 229 47 ROBERT
1766 2529 257 47 FURjNESS
2055 2529 47 46 &
2134 2529 83 49 Co.,

1447 2631 381 27 MANUFACTURERS
1865 2632 116 25 AND
2018 2631 253 31 IMPORTERS,

1607 2724 181 35 FORT
1822 2724 292 36 STROOT.

1780 2965 109 51 'All
1897 2965 81 51 sit

1437 3045 39 17 One
1485 3044 37 18 and
1531 3051 11 11 a
1550 3044 42 18 half
1600 3044 53 18 miles
1662 3045 48 17 from
1719 3046 33 16 the
1760 3046 46 16 Post
1816 3046 63 17 Office.
1905 3046 31 17 All
1943 3046 82 17 Coaches
2033 3046 48 17 from
2088 3046 96 21 Tokaanu,
2192 3046 71 23 Napier
2269 3046 37 17 and

1413 3068 84 18 Rotorua
1505 3074 31 11 are
1545 3070 40 15 met
1593 3068 26 22 by
1627 3069 33 16 tlie
1753 3069 88 20 Coaches,
1851 3069 37 17 and
1897 3069 76 18 visitors
1982 3069 95 22 conveyed
2089 3070 20 17 to
2124 3070 32 16 the
2268 3070 38 17 free

1803 3093 21 16 of
1832 3093 75 22 charge.

1437 3119 43 20 The
1621 3119 18 19 is
1651 3119 35 20 tho
1696 3119 67 21 Home
1773 3120 21 19 of
1804 3121 35 19 the
1848 3121 89 20 Famous
1953 3121 95 23 Crow's
2061 3121 67 22 Nest
2145 3121 108 30 Geyser,
2272 3122 34 19 the

1413 3146 81 17 Witches
1504 3145 102 22 Cauldron,
1620 3147 122 21 Champagne
1757 3147 75 21 Geyser,
1850 3147 62 22 Milky
1926 3148 76 22 Geyser,
2021 3147 107 23 Flesh-pot,
2145 3147 92 22 Porridge
2255 3148 50 20 Pots,

1413 3169 121 21 Blow-holes,
1545 3170 83 16 Hannah
1639 3170 74 20 Geyser,
1723 3170 32 16 the
1764 3170 66 17 Lesser
1844 3170 70 17 Crow's
1928 3171 53 19 Nest,
1997 3171 63 16 Venus
2077 3171 56 19 Bath,
2148 3171 76 17 Satan's
2241 3171 64 23 Glory,

1413 3192 37 17 Salt
1463 3192 74 23 Spring,
1548 3192 148 21 Paddle-wheel,
1707 3192 36 17 and
1752 3193 71 17 several
1831 3193 55 17 other
1894 3194 61 22 sights
1963 3194 20 17 of
1990 3194 84 17 interest.
2101 3194 76 17 Guide's
2187 3194 29 17 fee
2225 3195 20 16 2s
2261 3194 45 17 each

1413 3221 73 16 person.

1435 3239 38 16 Tho
1483 3239 76 16 HUKA
1571 3238 88 17 PALLS.
1684 3239 80 17 Visitors
1772 3240 20 16 to
1801 3239 33 17 the
1925 3239 96 19 eonveved
2030 3240 38 17 free
2077 3240 20 17 of
2106 3240 75 20 charge.

1435 3284 38 18 The
1481 3284 162 18 accommodation
1652 3286 20 16 at
1680 3285 32 17 the
1741 3285 37 22 Spa
1828 3286 25 16 all
1862 3286 43 17 that
1921 3291 34 12 can
1973 3286 22 17 be
2012 3286 78 17 desired.
2123 3286 64 23 Every
2203 3286 103 18 Bed-room

1413 3308 107 16 over-looks
1529 3308 32 16 the
1571 3308 90 17 Gardens.
1687 3308 76 18 Private
1772 3309 61 17 Suites
1842 3309 20 16 of
1872 3309 129 22 Apartments.
2030 3309 63 22 Large
2108 3309 157 23 Drawing-room
2279 3310 27 17 for

1413 3331 72 17 Ladies.
1512 3330 128 19 Comfortable
1650 3331 161 21 Smoking-room.

1435 3354 52 17 THE
1500 3354 87 17 MAORI
1601 3354 102 17 CARVED
1716 3354 97 17 DINING
1825 3355 71 16 HALL
1905 3356 49 16 seats
1966 3361 36 11 one
2015 3355 88 18 hundred
2117 3361 78 17 persons
2209 3356 39 17 and
2262 3362 31 11 con-

1413 3377 48 17 tains
1470 3377 25 17 all
1505 3378 85 21 separate
1600 3377 61 17 tables
1670 3378 29 16 for
1707 3377 73 22 private
1789 3378 69 21 parties
1868 3384 21 10 or
1901 3378 77 17 friends.

1435 3400 52 17 THE
1496 3399 87 19 LARGE
1593 3401 58 18 HOT,
1663 3400 66 17 GOLD
1739 3401 15 16 &
1762 3401 79 17 TEPID
1848 3401 140 17 SWIMMING
1994 3401 70 17 BATH
2072 3401 75 23 adjoins
2155 3402 33 16 the
2197 3402 108 18 Bedrooms.

1434 3423 38 18 The
1483 3422 124 19 SULPHUR
1616 3424 69 16 BATH
1693 3424 15 16 is
1717 3424 76 22 equally
1802 3424 105 17 efficacious
1915 3430 21 11 as
1943 3424 33 18 the
1981 3425 74 18 famous
2062 3425 61 17 Priest
2129 3425 50 17 Bath
2187 3425 20 18 of
2215 3425 90 19 Eotorua.

1434 3446 39 17 The
1482 3446 79 17 TEPID
1574 3446 70 17 BLUE
1658 3446 69 17 BATH
1735 3447 16 17 is
1759 3452 46 17 very
1813 3448 112 22 refreshing.

1623 3470 51 16 ALL
1682 3470 83 17 BATHS
1774 3471 39 16 free
1821 3471 21 16 to
1850 3470 81 18 Visitors
1939 3471 20 16 to
1969 3470 32 17 the

1465 3492 43 19 Ihe
1519 3492 94 19 Grounds
1623 3499 35 12 are
1670 3492 40 19 laid
1720 3495 35 16 out
1771 3493 20 18 in
1809 3493 68 19 choice
1898 3493 120 23 Rose-beds,
2041 3493 141 23 Shrubberies,
2199 3494 105 19 Beautiful

1413 3519 94 22 Flowers,
1519 3518 50 19 Pine
1580 3518 134 24 Plantations,
1726 3519 51 18 Turf
1787 3519 75 19 Tennis
1881 3519 69 23 Lawn,
1966 3519 127 19 Promenade
2114 3520 40 18 and
2173 3520 131 20 Ornamental

1413 3544 60 19 Lawn
1489 3544 3 19 .

1464 3570 58 19 G.>od
1531 3570 63 19 Grass
1604 3570 111 22 Paddocks,
1728 3570 101 25 Stabling,
1842 3571 67 18 Horse
1920 3571 60 23 Feed,
1993 3572 32 19 &c.

1413 3618 116 24 Visitors
1544 3619 136 29 conveyed
1689 3619 54 22 free
1754 3620 27 22 of
1790 3619 95 29 charge
1896 3622 26 21 to
1931 3621 70 22 meet
2011 3620 36 23 all
2063 3620 109 23 coaches
2185 3622 105 28 proceed-

1697 3645 46 28 ing
1757 3647 27 21 to
1800 3645 121 23 different
1936 3648 80 26 parts.

1545 3693 126 23 TARIFF
1682 3700 5 16 :
1706 3695 34 17 His
1753 3693 55 20 PER
1825 3694 64 18 DAY.
1919 3695 28 18 £2
1966 3696 33 17 10s
2009 3694 56 20 PER
2077 3695 94 20 WEEK.

1438 3742 79 26 Special
1525 3742 126 19 concessions
1658 3745 19 16 to
1685 3742 96 19 Families
1788 3743 38 18 and
1836 3743 56 24 largo
1901 3744 75 24 parties
1984 3744 85 24 making
2076 3751 11 11 a
2095 3744 125 24 lengthened
2227 3747 51 23 stay.

1413 3791 86 19 Visitors
1511 3798 46 17 may
1567 3791 123 24 confidently
1701 3795 61 14 count
1773 3798 52 19 upon
1836 3798 59 18 every
1906 3799 45 12 care
1962 3792 39 19 and
2011 3792 100 19 attention
2121 3795 21 16 to
2152 3792 54 20 their
2212 3795 91 22 eomfort,

1716 3817 39 18 and
1766 3818 76 23 civility
1851 3819 51 17 from
1913 3818 34 18 the
1957 3818 55 19 staff.

1519 3842 117 19 First-claws
1646 3842 69 18 Table.
1849 3843 127 19 Abundance
1987 3845 21 17 of
2016 3843 58 19 Fruit
2084 3844 21 19 in
2115 3844 83 20 Season.

1413 3868 41 18 Tea
1465 3869 40 18 and
1517 3869 68 18 Coffee
1597 3867 70 19 served
1678 3868 20 18 in
1714 3868 36 19 tho
1766 3869 80 24 Dining
1861 3869 18 18 11
1884 3869 26 18 all
1930 3869 105 25 mornings
2054 3870 40 19 and
2111 3871 124 19 afternoons.
2272 3872 33 19 No

1786 3900 56 13 extra
1853 3895 81 24 charge.

2107 3947 62 33 CO,

1594 3986 43 17 Run
1647 3986 81 18 Coaches
1737 3989 19 15 to
1766 3988 32 16 the
1806 3987 99 22 following
1913 3987 62 22 places
1984 3988 20 16 of
2012 3986 87 23 interest:
2102 3998 22 2 —

1414 4019 134 24 Tokaanu,
1559 4017 118 24 Thursdays
1687 4018 39 18 and
1741 4018 100 25 Sundays.
1870 4019 51 17 Fare
1931 4020 28 17 ss.

1417 4043 138 24 Wairakei
1568 4043 121 29 Geysers,
1700 4043 61 26 daity,
1773 4044 94 25 Sundays
1876 4044 100 18 included.
2005 4044 51 19 Faro
2067 4046 21 17 2s
2099 4045 31 19 Gd.

1414 4074 152 18 Ab'ATEATEA
1576 4074 100 20 RAPIDS,
1686 4074 57 23 daily.
1767 4075 49 17 Fare
1827 4076 20 17 3s
1855 4074 31 19 6d.

1414 4097 146 18 ROTOKAWA
1573 4097 122 17 SULPHUR
1707 4097 76 17 LAKE.
1808 4099 48 16 Fare
1866 4099 18 17 7s
1893 4098 29 20 (id,
1933 4104 37 14 any
1978 4098 52 18 time.

978 4193 99 41 Ask
1106 4192 72 39 for
1205 4187 267 42 Hancock's
1503 4186 278 39 Celebrated
1813 4186 192 38 XXXX
2032 4186 111 40 Ales
2173 4191 104 38 and
2305 4193 147 47 Stout,

1650 196 91 19 Tourists
1751 197 41 18 and
1804 197 92 18 Invalids
1906 196 85 22 visiting
2001 196 35 18 the
2046 195 138 20 Wonderland
2196 196 22 18 of
2227 196 50 19 New
2288 197 90 18 Zealand
2389 197 40 18 will
2437 196 42 19 find
2490 197 34 18 the

1640 393 20 23 it,
1671 392 132 18 comfortable
1811 392 40 18 aud
1862 392 45 18 best
1918 391 109 25 appointed
2038 391 154 19 establishment
2202 391 20 18 in
2243 391 52 18 New
2311 391 96 20 Zealand,
2426 392 17 18 it
2460 391 65 25 being
2540 391 77 26 replete
2634 392 125 24 throughout

1422 417 24 19 -L
1886 417 50 19 with
1947 417 35 18 the
1992 419 52 16 most
2059 416 81 19 modern
2155 417 150 18 conveniences.

1441 445 57 18 THE
1511 443 93 20 HOTEL
1623 443 18 18 is
1659 443 22 18 in
1700 443 35 18 the
1753 443 117 19 immediate
1885 442 170 25 neighbourhood
2074 442 21 18 of
2112 442 35 19 the
2166 442 73 22 Priest,
2260 442 84 22 Rachel,
2363 442 125 19 Postmaster
2511 443 40 18 and
2566 443 58 18 other
2639 443 68 23 baths,
2725 443 34 18 the

1415 471 89 18 curative
1514 469 113 26 properties
1638 469 21 18 of
1669 469 65 18 which
1750 475 35 12 are
1801 468 148 19 world-famed.
1979 467 54 19 Path
2044 468 66 18 chairs
2121 468 40 18 and
2171 468 119 18 attendants
2300 474 35 12 are
2344 468 98 24 provided
2453 472 19 15 to
2486 475 75 17 convey
2577 468 87 19 invalids
2680 471 21 16 to
2719 469 40 18 and

1415 497 52 18 from
1477 497 35 18 the
1521 496 81 18 various
1615 495 142 18 bnth~houses.
1785 494 43 19 The
1839 494 107 19 bedrooms
1957 494 40 18 and
2016 493 87 25 retiring
2124 500 68 12 rooms
2211 500 35 12 are
2265 493 59 19 fitted
2341 494 49 18 with
2418 494 75 25 special
2507 494 73 24 regard
2595 497 20 16 to
2628 494 35 19 the
2679 495 80 23 require

1415 525 65 16 ments
1491 522 21 18 of
1521 523 69 23 guests
1601 520 21 19 in
1632 520 70 19 search
1712 520 21 18 of
1743 520 91 18 renewed
1846 520 99 24 strength.

1441 548 43 18 The
1496 547 63 19 Baths
1569 550 21 15 at
1601 546 36 19 the
1645 546 130 19 Sanatorium
1787 546 52 18 have
1850 545 99 19 attracted
1959 551 61 18 many
2030 544 81 19 visitors
2131 544 21 19 of
2171 544 42 19 late
2233 551 71 18 years;
2330 551 73 18 among
2417 548 7 15 t
2440 545 58 18 those
2511 546 44 17 who
2563 546 53 18 have
2627 545 64 19 found
2702 545 57 19 relief

1415 573 33 19 bei
1456 574 35 18 the
1500 572 147 22 convalescent,
1659 578 92 15 nervous,
1763 571 118 22 rheumatic,
1894 571 40 19 and
1945 570 101 25 sleepless.

1441 599 92 19 Rotorua
1542 598 17 19 is
1569 598 35 19 the
1623 600 67 16 centre
1709 598 52 18 from
1780 597 65 19 which
1865 596 28 19 all
1914 597 68 24 points
1993 597 20 17 of
2023 596 84 18 interest
2117 596 21 18 in
2154 596 35 18 the
2199 596 96 18 Thermal
2305 596 86 25 Springs
2406 596 86 19 District
2509 603 47 18 ma}'
2570 596 26 19 be
2610 596 92 23 reached,
2720 597 39 19 and

1415 625 73 25 special
1497 624 96 19 facilities
1604 630 34 13 are
1647 623 98 25 provided
1754 623 33 18 for
1794 623 58 18 those
1860 623 21 18 in
1891 623 70 18 search
1971 623 22 17 of
2000 622 35 18 the
2045 621 101 19 beautiful
2157 622 40 18 and
2213 621 128 19 marvellous.

1507 655 183 17 MAGNIFICENT
1703 654 177 17 APARTMENTS.
2011 653 84 17 LOFTY
2107 652 147 18 BEDROOMS.
2372 653 116 17 PERFECT
2505 652 161 18 SANITATION.

1558 679 26 18 In
1595 678 57 18 short
1662 685 13 11 a
1684 683 126 13 iiust-class
1823 677 174 18 Establishment
2006 677 87 24 offering
2102 676 60 25 equal
2171 676 96 18 comforts
2276 677 22 17 to
2307 675 35 19 the
2352 676 44 19 best
2411 677 65 18 hotels
2486 677 21 17 in
2516 677 87 24 Europe.

1656 729 87 23 Suites
1759 729 29 22 of
1799 728 171 29 Apartments
1980 727 67 23 with
2057 727 98 30 special
2168 727 157 23 attendance
2339 727 39 23 for
2391 727 133 23 families-

1415 765 96 26 Spacious
1521 763 128 20 Promenade
1660 763 113 23 Balconies,
1783 763 58 25 Snug
1853 762 91 23 Alcoves,
1957 762 40 19 and
2013 762 127 24 luxuriously
2157 761 110 25 appointed
2277 761 104 25 Drawing,
2401 762 71 22 Music,
2490 761 151 23 Conversation,
2658 761 100 25 Reading,

1978 788 39 18 and
2029 788 85 18 Billiard
2125 788 81 17 Rooms.
2236 787 70 18 Baths.

2243 821 17 19 E
2274 821 60 19 AND
2349 821 124 19 SERVICE.
2488 823 37 21 43)

1441 857 34 20 All
1485 856 180 20 communications
1677 855 27 24 by
1714 854 59 19 letter
1784 861 22 11 or
1816 854 100 23 telegram
1927 854 39 18 will
1978 854 77 18 receive
2065 856 80 22 prompt
2154 854 107 18 attention.

1887 964 59 22 (Late
1957 965 21 16 of
1987 963 115 18 Grosvenor
2111 962 69 22 Hotel,
2192 962 98 24 Sydney.)

2327 1027 163 41 ROTORUA
2513 1027 91 41 BOOT
2626 1027 25 41 &
2669 1027 89 42 SHOE

2480 1086 124 40 DEPOT,

2328 1414 17 18 A
2364 1415 68 25 Large
2451 1416 61 20 Stock
2532 1418 21 18 of
2570 1418 94 23 German,
2680 1415 77 20 French

2395 1442 40 19 and
2445 1442 91 20 Colonial
2547 1443 62 20 Boots
2618 1444 76 24 always

2490 1469 21 19 in
2529 1469 66 20 Stock,

2328 1504 66 20 BEST
2402 1505 77 20 MATE
2484 1506 71 19 RIAL.
2591 1507 16 18 B
2613 1506 45 20 EST
2668 1505 89 21 WORK.

2405 1541 158 21 AUCKLAND
2574 1542 105 20 PRICES.

2328 1590 163 24 Hand-sewn
2501 1591 79 24 Boots
2589 1599 15 16 a
2620 1592 137 30 Specialty.

2354 1653 114 22 Visitors
2479 1655 26 20 to
2519 1654 45 22 the
2580 1654 52 22 Hot
2640 1654 91 23 Lakes.

2357 1731 175 46 Palace
2567 1733 160 54 Hotel,

2331 1788 88 20 situated
2445 1789 18 19 in
2489 1789 35 20 the
2548 1789 49 19 New
2621 1789 137 20 Government

2327 1815 106 22 Township
2449 1822 20 12 in
2487 1822 53 12 Ciose
2558 1815 108 26 proximity
2685 1819 21 15 to
2725 1815 34 20 the

2328 1840 69 24 Baths,
2414 1840 136 25 Sanatorium,
2571 1842 48 20 Post
2642 1842 59 19 Office
2720 1842 39 19 and

2353 1919 40 19 The
2405 1920 61 18 Note!
2477 1920 18 19 is
2511 1921 126 24 luxuriously
2654 1920 104 20 furnished

2328 1946 37 18 and
2378 1946 76 20 replete
2465 1947 47 18 with
2520 1954 58 17 every
2587 1947 133 19 convenience
2729 1947 30 19 for

2328 1972 84 19 tourists
2423 1973 38 18 and
2472 1973 75 19 others.
2577 1974 20 18 It
2618 1980 14 12 c.
2644 1973 89 19 mmands
2749 1979 10 12 a

2328 1998 90 24 splendid
2430 2000 48 17 view
2489 2001 21 17 of
2521 1999 34 19 tb«)
2563 1999 55 19 Lake
2629 1999 38 19 and
2677 1999 16 19 is
2703 1999 45 19 with-

2328 2025 18 18 in
2358 2032 44 17 easy
2414 2030 66 14 access
2494 2025 21 20 of
2532 2025 34 19 the
2582 2027 78 23 Geyser
2676 2026 83 25 Springs

2328 2050 20 19 of
2360 2048 185 24 Whakarewarewa
2555 2052 40 18 and
2606 2051 25 20 all
2645 2052 33 19 the
2696 2051 63 25 sights

2328 2076 20 20 of
2359 2077 33 19 the
2402 2077 86 20 district.

2341 2103 33 19 All
2383 2103 107 25 telegrams
2502 2103 102 27 promptly
2615 2104 95 19 attended
2719 2108 28 15 to.

2393 2141 300 52 john~j6h¥stgn,

2461 2195 170 17 PROPRIETOR.

2357 2250 184 45 Robert
2574 2249 157 45 Wake

2331 2313 36 44 I)
2374 2312 52 19 EOS
2435 2316 19 15 to
2463 2312 93 19 intimate
2564 2312 45 18 that
2619 2311 27 19 ho
2663 2311 37 20 hrs
2715 2318 46 12 now

2350 2342 21 15 J
2400 2338 111 19 concluded
2522 2338 33 18 the
2569 2338 118 18 alterations
2699 2340 20 16 to
2729 2337 32 19 his

2327 2364 96 27 premises
2439 2364 21 20 in
2477 2364 78 20 Fenton
2573 2364 72 22 Street,
2661 2364 100 25 (opposite

2327 2392 34 18 the
2371 2391 69 19 Grand
2451 2391 80 24 Hotel,)
2541 2391 40 18 and
2592 2391 36 17 has
2637 2396 12 13 a
2656 2390 56 24 largo
2720 2389 41 19 and

2328 2417 42 19 well
2382 2417 91 19 assorted
2483 2417 55 18 stock
2549 2417 21 19 of
2584 2417 34 17 the
2638 2415 123 20 undernieu*

2328 2443 67 18 tioned
2406 2443 68 24 goods,

2329 2478 66 40 FOR
2415 2478 88 40 CASH
2519 2478 24 40 &
2557 2476 87 41 CASH
2658 2476 101 41 ONLY.

2353 2533 49 18 This
2411 2532 54 19 Rule
2477 2532 41 19 will
2534 2533 24 18 be
2574 2531 78 23 strictly
2672 2531 89 19 adhered

2328 2562 19 15 to
2358 2566 21 11 so
2390 2566 26 11 no
2427 2565 38 12 one
2475 2558 51 19 need
2538 2559 22 18 be
2571 2558 94 19 offended
2673 2558 15 17 if
2698 2558 63 18 credit

2327 2585 17 18 is
2356 2584 87 20 refused.

2328 2619 82 23 Men's
2421 2619 128 29 Mercery,
2559 2618 74 28 Hats,
2647 2618 42 23 &c.

2330 2650 82 22 Men's
2429 2650 51 22 and
2495 2650 77 28 Boys'
2588 2649 122 29 Clothing

2434 2698 13 11 ~
2559 2681 78 23 Boots
2649 2681 21 22 &
2681 2681 80 23 Shoes

2328 2712 137 27 Blankets,
2479 2712 80 28 Rugs,
2572 2711 96 28 Prints,
2685 2711 61 23 Flan-

2381 2744 122 26 nelettes,
2515 2745 47 21 etc.

2329 2775 114 28 Saddles,
2456 2775 109 28 Bridles,
2581 2777 46 21 etc.

2440 2845 105 25 Complete
2555 2846 59 18 Stock
2626 2846 21 18 of

2330 2876 90 29 Fancy
2434 2876 91 26 Goods,
2544 2876 150 29 Stationery
2710 2877 51 22 and

2380 2908 86 22 Books

2329 2939 193 24 Tobacconist's
2540 2939 90 27 Goods,
2643 2941 47 21 etc-

2332 2972 112 22 Musical
2460 2971 177 23 Instruments

2330 3001 110 29 Fishing
2454 3001 97 23 Tackle

2327 3033 122 23 Window
2456 3032 71 29 glass
2536 3033 21 22 &
2565 3032 79 30 Lamp
2652 3033 108 29 glasses.

2328 3085 93 19 LABGE
2436 3085 60 19 AND
2527 3085 234 19 WELL-ASSOKTED

2474 3116 88 19 STOCK
2577 3117 34 18 OF

2343 3148 184 27 BIRTHDAY,
2558 3148 93 23 XMAS
2678 3149 69 23 AND

2381 3180 80 23 NEW
2540 3178 34 25 LR
2595 3180 112 23 CARDS.

2368 3233 65 18 Maori
2447 3232 73 19 Curios
2531 3232 21 19 in
2562 3233 62 18 Great
2635 3232 89 25 Variety.

2393 3284 120 19 First-class
2529 3284 86 19 Billiard
2625 3284 69 19 Table.

2329 3332 149 24 Prescriptions
2487 3332 108 24 dispensed
2605 3332 27 24 by
2640 3338 12 12 a
2661 3331 99 21 Qualified

2486 3357 90 19 Chemist
2587 3360 20 16 at

2406 3389 127 31 ROBERT
2550 3389 135 31 WAKE'S.

2465 3446 160 23 ROTORUA.

2350 3622 48 23 (One
2405 3622 88 16 minute's
2503 3622 49 17 walk
2561 3622 50 18 from,
2615 3622 34 18 the
2654 3622 71 18 Govern-

2479 3645 53 18 ment
2539 3644 75 23 Baths.)

2446 3697 189 23 Teß7vrs:

2353 3733 45 22 35s
2406 3739 47 22 per
2471 3733 88 27 week;
2578 3732 29 23 6s
2622 3739 45 22 per
2676 3732 57 29 day.

2355 3763 61 23 Two
2426 3763 89 23 weeks
2525 3770 27 15 or
2563 3762 97 29 longer,
2679 3762 54 23 80s.

2362 3813 28 30 C.
2587 3811 138 36 WILSON,

2453 3853 185 21 PEGPEIETOE.

2354 3916 174 23 WYNYARD
2542 3915 190 29 &PURCHAS,

2386 3952 130 18 BAIIItISTEKS
2524 3956 42 12 AND
2577 3949 123 23 SojJOITOBB,

2327 3989 77 19 B.N.Z.
2414 3989 117 23 Cnumbors,
2541 3988 103 24 QueenSt,
2652 3988 105 19 Auckland

2341 4078 11 15 T
2360 4078 10 15 Y
2416 4083 53 19 gage
2479 4078 21 17 of
2515 4076 99 19 Freehold
2631 4076 39 19 and
2685 4076 60 19 Lease-

2327 4102 46 20 hold
2383 4106 96 22 property
2489 4105 21 17 at
2521 4105 79 17 current
2610 4106 60 16 rates.

2838 118 38 40 W,
2904 120 29 40 A.
2965 120 185 41 WILLIAMS'

2783 188 216 26 PIONEER
3042 193 166 23 STORE,

2859 234 99 25 Opposite
2973 238 71 19 Palace
3060 239 67 19 Hotel.

2780 283 136 25 GROCERY,

2822 315 136 21 OILMEN'S
2972 318 109 26 STOKES,

2861 345 216 28 IRONMONGERY,

2913 377 245 28 CROCKERYWARE,

2963 412 197 26 DRAPERY,'Ac,
3171 416 34 19 &c

2808 442 16 14 A
2841 439 146 23 well-assorted
3003 444 56 19 stuck
3078 445 17 19 in
3113 445 26 19 all
3155 446 52 20 lines

2780 464 23 18 of
2812 464 33 20 the
2854 466 61 20 above
2925 471 21 15 at
2955 467 69 22 lowest
3034 471 70 21 price*.

2780 498 50 19 New
2841 499 85 21 Zealand
2935 503 63 23 Dairy
3005 503 144 22 Aseociation's
3157 506 48 19 Fac-

2855 567 50 22 New
2914 571 49 19 Laid
2975 572 58 25 Eggs,
3044 574 41 22 &c,
3097 575 33 18 &c.

2782 648 117 33 UNITED
2919 651 182 36 INSURANCE
3121 657 82 37 COY.,

2928 698 124 20 LIMITED.

2842 746 148 32 CAPITAL,
3005 751 140 30 £500,000.

2784 797 50 45 FI
2840 798 33 19 HE
2881 800 52 18 risks
2941 802 20 17 of
2968 802 27 18 all
3002 803 73 20 classes
3081 805 126 20 undertaken

2851 827 20 16 at
2881 825 68 20 lowest
2958 832 79 15 current
3046 833 60 16 rates.

2779 858 77 19 Claims
2865 860 72 19 settled
2946 863 99 24 promptly
3055 865 40 19 and
3107 866 100 26 liberally.

2792 906 47 18 New
2849 907 81 18 Zealand
2940 909 54 18 Head
3003 912 62 20 Office,
3074 913 121 25 Wellington.

2816 934 90 18 Resident
2914 935 46 22 Sec,
2970 937 64 18 James
3043 939 18 18 S.
3074 941 98 19 Jameson.

2906 964 97 19 Auckland
3012 964 72 25 Agent:

2842 990 23 17 A.
2879 991 107 21 Heavier,
2996 993 75 19 Custom
3079 995 65 19 Street.

2913 1023 83 18 Rotorua
3005 1023 72 24 Agent:

2828 1054 22 17 F.
2863 1055 22 17 F.
2894 1055 67 22 Watt,
2975 1057 114 20 Ciiuomole
3099 1061 62 18 Office.

2782 1117 181 24 AUCKLAND
2983 1122 50 21 and
3052 1122 157 27 WAIKATO

2926 1153 139 25 AGENCY.

2797 1190 55 19 Near
2862 1191 92 21 Catholic
2963 1193 86 25 Church,
3061 1195 135 22 BOTORUA.

2850 1261 177 29 SPECIAL
3041 1265 105 27 SALE

2783 1341 143 28 CHEAP
2949 1345 261 31 CLOTHING

2899 1393 58 18 NOW
2970 1394 81 19 GOING
3062 1396 35 17 ON

2937 1470 249 49 iFil^liT*]

2832 1526 209 28 Commission
3055 1531 110 32 Agent.

2783 1581 216 47 Rotorua
3040 1585 167 48 Tours.

2977 1667 19 17 to
3006 1667 84 19 Rotorua
3099 1674 31 13 are
3136 1669 74 19 advised

2783 1685 24 20 X
2846 1686 42 18 that
2898 1693 10 12 a
2921 1689 75 23 regular
3006 1690 52 22 daily
3072 1693 56 16 coach
3144 1694 68 18 service

2781 1709 85 17 between
2876 1710 89 18 Okoroiro
2973 1713 37 16 and
3020 1714 84 17 Rotorua
3120 1716 38 17 and
3173 1717 39 17 vice

2781 1737 52 13 versa
2843 1733 14 17 is
2867 1739 42 11 now
2918 1735 87 23 running.

2805 1756 39 17 The
2852 1756 116 24 advantages
2973 1764 11 11 o
2991 1759 45 18 ithis
3043 1762 52 16 route
3100 1767 32 11 are
3137 1767 63 13 numer-

2782 1785 38 14 ous,
2831 1784 12 11 a
2852 1780 102 17 somewhat
2967 1782 72 17 tedious
3048 1783 77 23 railway
3133 1785 79 24 journey

2782 1802 15 16 is
2806 1802 76 20 broken,
2892 1803 38 17 and
2939 1804 31 17 the
2986 1808 54 14 route
3055 1807 91 17 traverses
3163 1814 49 13 some

2782 1825 20 17 of
2820 1825 32 17 the
2869 1825 84 19 loveliest
2968 1828 52 18 Bush
3038 1828 79 25 Scenery
3133 1831 20 18 in
3166 1832 47 18 New

2782 1848 88 17 Zealand.

2821 1879 105 23 PARES,
2942 1882 40 18 10s
2992 1882 82 20 EACH
3087 1884 81 21 WAY.

2782 1907 91 23 Special
2890 1908 163 25 Conveyances
3071 1917 43 14 can
3134 1914 29 19 be
3179 1921 24 13 ar-

2928 1934 86 22 ranged
3022 1934 42 20 for.

2782 1976 211 21 Leave--Okoroire
3002 1981 35 18 for
3050 1982 104 20 Rotorua
3168 1985 46 18 and

2853 2001 217 22 Whakarewarewa
3099 2006 62 24 daily
3189 2009 25 18 at

2854 2024 29 18 10
2892 2030 50 14 a.m.

2782 2046 82 19 Leave-
2875 2048 112 19 -Rotorua
2994 2050 46 18 and
3050 2051 149 21 Whakarewa-

2852 2075 62 14 rewa
2930 2072 35 18 for
2979 2073 116 24 Okoroire,
3111 2076 62 23 daily
3190 2079 25 17 at

2854 2094 29 18 10
2892 2100 51 13 a.m.

2806 2121 32 16 All
2857 2127 111 17 passengers
2988 2129 31 12 are
3035 2124 76 19 advised
3132 2128 19 17 to
3166 2128 49 18 avail

2783 2143 111 19 themselves
2903 2145 20 17 of
2932 2145 36 17 this
2985 2146 61 19 Route
3061 2154 19 12 as
3095 2148 91 20 Okoroiro
3200 2152 15 17 is

2783 2171 34 12 one
2833 2168 19 15 of
2864 2167 32 18 the
2904 2168 52 17 show
2965 2169 61 22 places
3043 2172 21 16 of
3080 2171 31 19 the
3128 2173 86 19 Thermal

2783 2189 83 21 District,
2889 2191 37 17 and
2941 2197 24 11 no
2982 2193 42 17 visit
3039 2195 20 16 to
3076 2195 32 17 the
3122 2196 60 18 Lakes
3198 2198 16 17 is

2783 2213 91 21 complete
2883 2214 80 18 without
2969 2215 24 17 its
2998 2216 97 19 inclusion.

2806 2235 73 23 Special
2887 2239 93 16 attention
2992 2239 15 17 is
3021 2240 59 18 called
3093 2242 20 17 to
3126 2243 33 17 the
3175 2244 39 17 fact

2782 2258 43 18 that
2834 2265 11 11 a
2853 2260 56 17 coach
2918 2260 61 18 leaves
2992 2262 84 19 Rotorua
3085 2265 37 17 and
3131 2265 70 19 Whaka-

2783 2286 98 14 rewarewa
2890 2289 24 11 on
2924 2283 76 25 Sunday
3008 2286 21 17 at
3039 2288 21 15 10
3069 2293 42 12 a.m.

2918 2331 160 19 HCENTS:

2783 2349 72 18 TIIOS.
2869 2350 68 18 COOK
2954 2352 14 17 &
2988 2354 53 20 SON,
3060 2355 98 18 Auckland
3177 2357 37 18 and

2953 2376 89 18 Rotorua.

2810 2438 165 26 FIREWOOD!
3024 2439 149 25 FIREWOOD

2784 2526 107 20 Delivered
2911 2528 27 25 by
2957 2529 83 20 Kusabs
3060 2531 57 19 Bros,
3134 2535 21 17 to
3173 2540 41 12 anv

2784 2555 46 21 part
2841 2554 22 17 of
2874 2554 33 18 the
2919 2556 97 25 township
3027 2559 19 17 at

2856 2579 83 20 Lowest
2953 2581 97 20 Current
3062 2583 75 20 Rates.

2784 2613 81 23 BEST
2899 2614 193 26 HOUSEHOLD
3125 2618 87 25 COAL.

2810 2656 73 19 Orders
2893 2658 91 19 received
2995 2662 20 16 at
3026 2659 34 20 the
3070 2662 66 23 yards,
3147 2662 53 20 Hine-

2784 2689 44 11 uiuii
2839 2684 71 18 Street.

2784 2756 33 19 TO
2834 2757 57 19 THE
2905 2757 104 21 PUBLIC
3023 2759 35 19 OF
3074 2761 138 21 ROTORUA.

2786 2808 93 43 IEEG
2890 2811 20 18 to
2920 2810 63 19 thank
2993 2811 33 19 the
3040 2812 72 19 Public
3123 2815 21 17 of
3151 2815 50 19 Roto-

2838 2842 38 11 rua
2896 2836 31 19 for
2941 2837 52 18 their
3000 2838 81 19 favours
3093 2839 75 26 during
3180 2841 33 20 the

2784 2863 45 22 past
2839 2861 70 20 fifteen
2918 2869 63 17 years,
2994 2863 39 19 and
3047 2868 20 15 to
3084 2866 65 25 notify
3169 2868 44 18 that

2784 2893 31 12 tor
2826 2887 34 18 the
2872 2889 130 19 convenience
3013 2889 20 20 of
3043 2891 97 19 residents
3151 2893 19 18 in
3180 2893 33 19 the

2786 2914 49 17 iNesv
2846 2913 114 25 Township,
2973 2916 39 18 and
3022 2923 32 17 my
3067 2917 57 20 trade
3142 2925 59 19 gener-

2784 2939 47 25 ally,
2842 2939 11 18 I
2864 2940 51 18 have
2926 2940 51 19 built

2785 3023 63 18 which
2860 3030 33 12 aie
2903 3030 44 12 now
2959 3030 49 19 open
3017 3025 32 19 for
3059 3025 97 26 business,
3173 3029 40 19 and

2784 3048 10 19 I
2805 3055 33 12 am
2856 3050 98 24 prepared
2975 3053 20 16 to
3008 3051 73 27 supply

2924 3093 68 19 Prime
3012 3093 61 21 Meat

2784 3131 20 19 in
2815 3131 50 20 both
2876 3132 50 19 New
2938 3133 39 18 and
2987 3133 38 19 Old
3035 3133 125 26 Townships.

2816 3215 43 23 An
2872 3216 150 30 Inspection
3036 3218 23 23 is
3073 3218 107 25 invited.

2991 3257 102 21 HENRY
3107 3260 79 19 KIRK.

2839 3333 108 41 DAVID
2977 3335 182 49 SHERRIFF,

2871 3408 110 20 FAMILY
2996 3408 138 28 BUTCHER,

2838 3458 80 19 AitAWi
2940 3459 91 22 Street,
3055 3459 105 22 Rotorua.

2810 3505 22 19 Is
2852 3512 43 13 now
2914 3507 94 24 carrying
3026 3514 26 12 on
3071 3509 34 19 the
3121 3510 92 22 business

2784 3532 61 24 lately
2868 3533 110 18 conducted
2997 3533 27 25 by
3041 3533 75 21 Messrs
3133 3537 80 21 Jecklin

2784 3557 40 18 and
2836 3556 73 25 Cotter,
2923 3559 39 18 and
2972 3559 17 18 is
2999 3561 98 23 prepared
3107 3565 21 15 to
3142 3564 71 25 supply

2784 3583 35 19 the
2830 3584 68 23 public
2909 3584 46 19 with
2968 3585 63 25 prime
3039 3587 78 25 quality
3128 3589 21 18 of
3161 3593 52 15 meat

2784 3609 40 18 and
2833 3610 57 18 small
2901 3610 62 24 goods

2856 3653 36 18 AT
2906 3653 117 20 LOWEST
3038 3655 104 21 PRICES.

2797 3721 253 26 lIAIRDRESSING
3068 3725 123 24 SALOON

2816 3784 32 26 L.
2857 3786 116 26 BULL,
2984 3787 122 32 having
3114 3789 95 24 taken

2783 3824 78 19 over
2890 3819 54 25 the
2972 3820 236 32 Hair-dressing

2784 3850 115 26 Saloon
2913 3852 34 24 of
2955 3852 50 26 Mr
3017 3853 37 25 H.
3066 3853 140 29 Steward

2783 3883 123 26 solicits
2919 3885 53 24 the
2985 3891 86 19 same
3084 3886 106 31 patron-

2783 3922 57 25 age
2854 3918 152 25 accorded
3019 3919 32 24 to
3072 3918 49 24 his
3140 3923 50 26 pre-

2782 3949 153 26 decessor.

2814 3982 50 25 Mr
2877 3982 36 25 H.
2925 3983 122 25 Stewar
3055 3982 85 26 wills
3167 3982 36 25 ill

2781 4015 136 25 conduct
2935 4015 52 25 the
3008 4015 141 25 business
3165 4020 38 20 on

2780 4053 56 26 my
2845 4047 111 26 behalf.

2859 4091 51 32 L_.
2931 4091 197 33 BULL.
