2520 4050
1221 52 101 33 THE

40 113 465 137 NEW
609 110 872 135 ZEALAND
1526 113 917 144 GAZETTE

1194 273 102 33 AND

38 306 1205 141 WELLINGTON
1363 306 1084 141 SPECTATOR

575 496 219 38 PUBLISHED
840 496 129 38 EVERY
1014 493 256 40 WEDNESDAY
1313 494 88 37 AND
1447 494 230 38 SATURDAY
1722 496 204 38 MORNING.

592 612 130 32 PORT
745 612 284 38 NICHOLSON,
1051 609 259 35 SATURDAY
1331 610 240 39 MORNING,
1593 613 174 32 MARCH
1791 617 50 33 19,
1865 618 88 29 1842.

2260 616 99 40 [Vol.
2381 617 47 30 11.

65 622 65 31 No.
148 620 85 39 125.]

181 715 53 21 For
246 711 106 23 Nelson
365 710 106 21 Haven,

37 752 31 20 To
78 751 38 20 tail
126 755 27 15 on
164 748 100 24 Tuesday,
275 746 34 20 the
325 744 57 20 22nd
391 743 87 23 instant,
489 740 75 25 having
574 738 51 26 half
630 738 2 19 I

174 778 37 19 her
221 779 59 20 cargo
291 772 85 25 already
386 769 95 26 engaged,
630 767 2 39 j

40 805 107 35 sf±&&~
191 809 90 31 rpHE
296 807 76 23 FINE
393 806 108 22 schooner
518 805 101 24 Blossom,

66 829 99 38 _§N_k
198 829 29 31 A
251 837 62 26 Capt.
327 833 104 23 Tulloch.
630 843 2 24 j

34 859 151 35 /CSPPJ&,
218 863 43 22 She
275 863 41 22 has
338 861 111 23 excellent
470 859 84 26 cabins,
576 859 45 21 and
630 859 2 26 J

36 885 152 35 «_dK&9@|
206 898 40 15 can
257 890 25 21 fit
291 898 29 19 up
331 890 34 21 six
376 887 142 24 comfortable
528 885 83 22 berths.

219 918 44 21 For
271 917 82 27 freight
367 924 26 14 or
401 922 98 21 passage,
510 913 66 28 apply
585 915 23 18 to

426 950 90 21 Willis
526 947 45 22 and
580 946 40 21 Co.

37 985 145 27 Wellington,
193 981 78 24 March
282 982 33 25 18,
327 980 61 21 1842.

238 1027 53 20 For
304 1025 114 22 Nelson,
630 1018 2 38 j

35 1065 28 21 In
71 1065 50 20 time
130 1063 42 26 for
188 1063 35 20 the
238 1060 96 21 selection
350 1058 28 24 of
394 1056 49 20 land
459 1061 25 14 on
500 1054 35 20 the
545 1053 43 21 2nd
598 1053 28 25 of

291 1086 70 26 April.

190 1124 90 29 rpHE
298 1123 46 21 fine
360 1122 44 21 fast
419 1119 80 27 sailing
512 1118 109 22 schooner

70 1143 100 38 Jpwh
197 1149 29 25 X
262 1151 97 24 Look-in,
378 1148 93 21 Cannon
494 1148 87 23 master,
601 1144 20 21 is
630 1145 2 30 j

202 1178 68 26 ready
277 1178 34 21 for
318 1175 113 26 receiving
441 1180 72 20 cargo,
522 1172 45 21 and
576 1171 45 21 will

202 1204 114 29 positively
332 1202 41 22 sail
389 1209 28 14 on
431 1200 122 26 Thursday,
571 1198 50 21 24th

40 1226 151 35 sß_3B|__Sp
205 1235 93 19 cmTent.
334 1230 50 22 Has
405 1227 112 22 excellent
534 1232 87 15 accom-

204 1259 113 22 modation
331 1258 34 21 for
379 1261 138 22 passengers.
557 1279 5 5 t
586 1279 6 5 4

64 1289 23 21 A
102 1287 106 23 desirable
223 1285 136 28 opportunity
374 1284 34 20 for
423 1282 36 21 the
475 1285 146 17 transmission

37 1315 26 21 of
73 1315 68 21 stock.
170 1315 44 21 For
223 1312 80 27 freight
313 1319 24 14 or
345 1317 99 21 passage,
458 1308 64 27 apply
532 1311 22 17 to

463 1343 29 20 A.
507 1341 87 21 Perry.

63 1374 80 23 March
153 1375 33 25 12,
197 1374 59 21 1842.

211 1419 52 20 For
285 1416 159 23 Auckland,

191 1455 27 19 To
231 1453 41 19 sail
285 1453 23 19 in
322 1458 12 13 a
343 1451 48 25 few
406 1450 58 25 days,

212 1490 91 50 THE
325 1489 46 21 fine
390 1487 47 22 first
461 1486 55 22 class
538 1485 83 27 barque

304 1518 53 19 New
383 1516 55 20 York
461 1513 87 26 Packet,
572 1513 48 25 269,

68 1541 116 35 02_3§S^v
224 1545 93 26 Captain
328 1544 112 25 Gregory;
461 1541 41 21 has
512 1538 110 23 excellent

65 1566 135 34 JTlriSfslg'
224 1570 192 23 accommodation
433 1569 35 21 for
484 1573 137 22 passengers.

43 1604 157 25 ifinfflTi
224 1598 44 22 For
278 1599 32 21 fre
311 1599 22 25 te
336 1600 24 18 nt
374 1604 25 14 or
414 1603 13 20 P
429 1603 23 13 as
454 1602 57 19 sage,
523 1593 66 27 apply
599 1596 22 18 to

43 1619 162 34 q^ffiypjgg
226 1625 37 22 the
275 1625 93 27 Captain
380 1630 29 14 on
424 1621 76 27 board,
511 1628 25 14 or
546 1624 22 17 to

264 1658 75 26 Hort,
358 1658 122 24 Mocatta,
497 1654 44 22 and
555 1654 38 21 Co.

62 1686 32 21 Te
104 1686 54 25 Aro,
168 1685 80 22 March
258 1687 20 24 9,
289 1687 61 20 1842.

261 1731 54 20 For
325 1730 71 24 Sale,

160 1762 44 23 HP
210 1762 46 22 HE
284 1762 51 21 well
364 1761 91 26 known,
481 1759 138 27 fast-sailing,

57 1783 87 31 fSvyft
170 1783 24 27 JL
228 1792 71 19 cutter
317 1790 68 24 Royal
406 1788 99 24 William,
524 1788 27 20 43
572 1790 49 18 tons

40 1810 116 39 jS&BMi
204 1817 97 26 register,
319 1816 54 21 with
390 1816 30 21 all
436 1816 41 20 her
494 1817 75 23 stores,
581 1814 39 21 &c.

175 1843 39 22 &c.
231 1844 39 21 &c.
299 1843 70 21 Stows
386 1849 14 14 a
411 1842 62 27 large
490 1848 70 19 cargo,
578 1840 44 21 and

174 1870 76 21 makes
266 1877 30 20 up
310 1870 51 21 four
376 1869 76 22 berths
467 1869 24 21 in
502 1868 37 21 the
550 1868 71 21 cabin.

35 1894 45 23 She
94 1894 40 23 has
143 1897 85 26 proved
237 1896 83 23 herself
331 1905 13 13 a
357 1896 59 27 good
427 1903 38 14 sea
478 1896 60 25 boat,
550 1894 44 21 and
603 1894 18 21 is

33 1922 51 21 well
97 1922 97 28 adapted
208 1924 34 21 for
257 1924 87 26 trading
362 1924 101 21 between
480 1922 37 22 the
534 1922 88 21 various

35 1949 138 22 settlements
184 1958 27 13 on
223 1950 36 22 the
271 1954 61 18 coast
341 1951 26 21 of
379 1950 56 21 New
445 1948 108 23 Zealand.

61 1976 44 22 For
113 1976 87 23 further
207 1978 137 26 particulars,
357 1977 69 27 apply
435 1980 23 17 to

245 2011 23 21 ,T.
279 2011 33 21 M.
322 2011 102 24 Taylor,
436 2009 157 27 Ship-Broker,
630 2005 2 25 !

358 2036 32 22 Te
402 2036 56 21 Aro.

259 2082 53 21 For
327 2081 71 24 Sale,
630 2073 2 30 !

84 2122 55 26 g^.
166 2116 15 19 A
209 2115 73 22 FINE
291 2115 43 21 fast
341 2115 82 26 sailing
430 2114 115 26 schooner,
554 2114 69 21 about

226 2143 26 21 70
269 2147 49 17 tons
336 2141 104 27 burthen,
463 2141 112 27 coppered
588 2140 35 21 for

37 2164 110 33 y{ffi£jig^
162 2169 43 22 five
214 2176 71 21 years,
301 2169 43 21 and
356 2176 81 19 copper
446 2168 104 20 fastened
557 2176 5 18 ;
579 2168 44 20 this

162 2197 71 21 vessel
243 2197 18 20 is
271 2196 80 27 nearly
361 2202 57 19 new,
428 2194 45 22 and
483 2194 49 22 well
543 2194 78 22 found.

37 2226 44 22 For
89 2224 87 23 further
184 2223 136 28 particulars,
334 2222 66 27 apply
411 2225 22 18 to

353 2256 83 21 Waitt
451 2255 46 22 and
510 2255 84 22 Tyser.

63 2286 145 26 Wellington,
218 2284 99 26 January
328 2284 32 25 13,
371 2284 62 20 1842.

259 2330 52 20 For
327 2328 69 20 Sale.

57 2359 66 35 •Ijfc3»
150 2361 90 33 npHE
254 2361 44 21 fine
317 2361 43 21 fast
378 2359 81 27 sailing
477 2359 68 26 yacht
567 2360 58 22 built

49 2382 98 37 JjrjjaCL
163 2395 21 14 *-
223 2388 108 21 schooner
343 2388 106 19 Governor
455 2387 91 26 Hobson,
556 2388 69 21 about

38 2408 112 39 raSaS
239 2418 48 18 tona
304 2418 94 18 uurtuen
400 2431 6 10 >
417 2414 51 21 we^
486 2414 76 27 found,
579 2414 45 21 and

38 2435 111 30 fif^lftSiy
164 2449 41 15 can
216 2442 26 21 be
253 2445 49 18 sent
315 2445 21 17 to
347 2448 39 15 sea
396 2444 22 18 at
434 2449 13 13 a
465 2441 61 27 day's
543 2441 80 22 notice'

165 2469 94 24 Wthout
267 2469 87 21 further
364 2475 107 20 expence.

295 2503 36 21 W.
346 2503 27 21 B.
390 2503 94 21 Rhodes
499 2502 44 22 and
558 2503 39 21 Co.

66 2549 85 38 'Igkhs.
358 2552 49 22 The
431 2552 93 28 Captain
545 2553 26 20 of
587 2552 38 22 the

59 2580 90 30 •&uusjt
176 2574 43 29 J-N
256 2582 71 19 Maria
345 2582 90 18 Theresa
444 2579 45 22 will
499 2583 39 18 not
553 2580 27 21 be
590 2587 35 14 re-

40 2611 135 23 s@*£f3*»
190 2608 110 26 sponsible
318 2608 35 21 for
372 2614 45 20 any
435 2606 64 23 debts
517 2607 34 21 his
569 2614 56 15 crew

188 2642 51 20 may
248 2637 108 19 contract.

336 2662 63 21 John
414 2660 82 28 Wade,
512 2660 85 27 Agent.

163 2706 96 21 Notice
274 2708 29 19 to
319 2706 179 27 Consignees.

176 2745 91 36 npHE
276 2746 201 22 undermentioned
484 2746 111 28 packages
601 2745 27 23 of

57 2772 91 34 >fcOnJRS
183 2768 31 26 JL
258 2773 163 26 merchandize,
442 2780 29 15 ex
490 2775 52 19 Neio
567 2775 58 19 York

38 2801 136 22 «sesssK»
189 2800 85 26 Packet,
285 2807 37 14 are
332 2799 134 27 unclaimed,
478 2801 44 21 and
531 2800 61 27 lying
602 2804 23 18 at

36 2823 38 21 the
90 2824 73 20 Stores
178 2827 26 20 of
216 2827 88 21 Messrs.
322 2827 64 25 Hort,
400 2827 106 25 Mocatta,
523 2827 46 21 and
584 2827 38 22 Co.

37 2850 47 21 The
94 2850 134 28 Consignees
241 2860 37 16 are
291 2853 119 28 requested
424 2857 22 17 to
457 2853 54 22 send
519 2854 34 21 for
562 2854 61 22 them

37 2877 160 27 immediately.

101 2903 43 23 HC

79 2933 45 19 lto
146 2933 29 21 20
193 2947 18 6 ..
228 2934 27 20 20
264 2933 70 27 casks,

63 2959 26 20 21
100 2960 24 18 to
134 2960 40 20 115
193 2974 5 6 .
205 2974 6 6 .
229 2961 25 20 95
264 2968 68 14 cases.

150 2985 77 27 Hort,
243 2987 121 26 Mocatta,
382 2986 44 22 and
440 2987 46 27 Co.,
502 2988 95 27 Agents.

37 3029 53 48 A
104 3029 112 22 YOUNG
230 3030 71 22 MAN
311 3030 51 22 who
372 3030 40 23 has
421 3032 58 21 been
490 3032 101 28 engaged
598 3032 25 22 in

109 3063 13 13 a
131 3057 129 21 mercantile
268 3057 71 22 house
349 3058 25 21 in
384 3058 102 26 London,
497 3058 19 22 is
525 3059 100 22 desirous

38 3082 26 22 of
82 3082 116 27 obtaining
215 3083 150 28 employment
388 3091 24 14 as
434 3085 62 21 clerk
514 3093 26 14 or
555 3090 70 18 store-

37 3108 90 29 keeper.
156 3110 78 28 Salary
243 3114 39 17 not
292 3111 56 21 such
358 3118 29 15 an
398 3111 73 28 object
481 3119 24 14 as
514 3120 13 14 a
536 3120 87 20 perma-

36 3140 57 17 nent
111 3135 113 24 situation.
265 3137 100 22 Address
383 3138 31 27 by
431 3138 67 23 letter
515 3142 23 19 to
560 3140 62 28 L.Z.,

39 3164 86 20 Gazette
135 3163 71 28 office,
217 3163 143 28 Wellington.

38 3208 106 48 JOHN
161 3208 136 26 KERNEY,
314 3210 103 21 Cabinet
438 3210 95 27 Maker,
548 3210 24 22 in
586 3211 38 22 the

101 3243 50 14 rear
170 3236 27 21 of
211 3236 45 22 Mr.
276 3236 27 22 R.
318 3236 69 22 Tod's
406 3236 69 28 Store,
492 3237 133 23 Thorndon-

38 3268 66 21 quay,
112 3262 54 27 begs
176 3266 22 18 to
207 3263 82 22 inform
299 3262 37 23 the
344 3263 78 27 public
433 3263 26 22 of
469 3264 53 22 Port
531 3264 94 22 Nichol-

38 3295 40 14 son
104 3289 45 22 and
170 3291 28 20 its
216 3290 99 28 vicinity,
339 3290 51 22 that
412 3290 28 22 he
459 3291 165 22 manufactures

37 3313 125 29 bedsteads,
173 3316 77 28 chairs,
261 3320 78 25 patent
348 3318 90 27 churns,
450 3317 46 22 and
509 3324 67 21 every
586 3318 39 22 de-

37 3342 111 32 •cription^
153 3344 26 21 of
185 3342 66 29 fancy
261 3344 68 22 work.

67 3368 22 21 J.
99 3369 30 21 K.
141 3370 19 21 is
174 3370 46 22 also
230 3371 66 28 ready
306 3375 23 18 to
343 3373 102 21 contract
461 3371 37 22 for
511 3370 39 23 the
564 3378 61 16 com-

38 3394 84 26 pletion
141 3396 26 21 of
181 3404 43 20 any
242 3398 96 22 number
356 3399 27 21 of
404 3398 67 22 cedar
494 3398 78 27 chests,
589 3399 36 21 for

39 3420 89 28 trading
136 3422 53 23 with
198 3424 37 22 the
244 3425 93 28 natives,
349 3432 30 16 on
388 3425 130 22 reasonable
527 3428 76 20 terms.

68 3447 81 22 March
158 3450 32 26 11,
202 3452 59 20 1842.

259 3495 53 21 For
327 3497 69 21 Sale.

38 3522 89 48 THE
144 3524 103 23 HOUSE
262 3529 106 27 occupied
378 3530 30 27 by
418 3529 38 23 the
465 3530 156 27 undersigned,

85 3552 95 21 situated
189 3553 23 20 in
223 3554 183 30 Murphy-street,
414 3557 53 21 with
473 3557 37 21 the
520 3557 59 22 lease
589 3557 35 22 for

97 3578 69 22 about
181 3580 27 21 14
224 3587 63 20 years
305 3582 26 21 of
347 3582 52 23 half
416 3591 29 14 an
459 3591 50 15 acre
526 3584 27 21 of
569 3584 54 22 land

38 3604 112 22 attached.

371 3636 26 22 T.
409 3637 32 22 M.
451 3638 144 22 Partridge,
630 3640 2 26 j

57 3677 131 20 Contract
202 3677 40 21 for
256 3678 122 29 Fencing
393 3682 53 20 and
461 3682 136 27 Clearing.

40 3709 92 36 rpHE
146 3709 226 26 UNDERSIGNED
387 3714 79 23 wishes
481 3718 24 19 to
521 3718 100 21 contract

46 3735 30 24 X
99 3737 35 22 for
143 3737 98 28 clearing
251 3739 44 24 and
303 3739 93 28 fencing
405 3744 42 19 two
457 3749 69 16 acres.

39 3796 10 3 _
56 3796 9 3 _
375 3773 36 23 W.
421 3774 172 25 FITZHERBERT.

39 3796 79 23 March
129 3799 33 26 18,
174 3799 59 21 1842.

259 3844 54 21 For
326 3845 71 25 Sale,

37 3875 51 50 A
101 3876 156 24 SUPERIOR
271 3878 65 22 small
353 3878 61 22 sized
424 3878 72 29 piano,
507 3886 28 17 an
548 3881 71 28 excel-

113 3903 48 22 lent
177 3905 68 21 tuned
259 3905 141 28 instrument,
412 3906 46 22 and
474 3907 79 23 almost
562 3910 56 21 hew.

39 3928 129 26 Immediate
177 3932 132 29 application
318 3932 20 24 is
346 3939 119 21 necessary
474 3936 26 20 to.
506 3951 2 5 ,
526 3943 3 4 •

350 3959 83 23 Waitt
448 3960 45 23 and
505 3961 86 24 Tyser.

655 703 72 48 ON
738 703 85 27 SALE,
831 705 23 19 at
861 703 36 21 the
905 703 71 22 Stores
984 703 25 21 of
1016 703 37 21 the
1058 699 179 28 undersigned-

732 730 70 21 Black
818 730 47 21 and
879 736 66 21 green
959 733 52 23 teas,
1029 736 72 19 cocoa,
1115 729 75 24 coffee,
1200 734 35 14 re-

654 756 59 22 fined
723 757 44 22 and
779 757 77 22 brown
871 764 74 20 sugars
952 764 5 19 ;
973 764 14 14 a
996 756 85 26 variety
1090 755 25 21 of
1124 755 58 26 jams
1192 753 43 22 and

651 783 78 27 jellies,
745 784 24 21 in
786 783 119 29 quantities
920 786 22 19 to
958 783 43 22 suit
1018 781 105 26 families;
1142 781 91 26 brandy,

653 809 95 22 cherries
763 811 44 21 and
821 810 62 22 dried
900 810 81 27 apples,
997 809 43 22 fine
1054 809 37 21 old
1106 808 130 22 Gloucester

653 837 44 21 and
710 837 75 22 Dutch
799 837 86 27 cheese,
901 837 108 21 Hambro'
1025 837 78 24 butter,
1115 835 62 21 York
1192 835 43 21 and

653 864 119 22 American
790 863 70 27 hams,
882 871 71 24 sperm
971 861 47 23 and
1039 861 77 23 mould
1130 861 89 22 candles
1228 869 5 19 ;

654 890 63 27 olive,
732 891 91 26 linseed,
840 891 46 20 and
894 890 66 21 black
973 889 29 21 oil
1012 896 6 19 ;
1035 889 66 21 white
1113 888 44 22 and
1171 888 65 22 black

652 917 57 27 lead,
720 918 102 27 saltpetre
833 917 44 21 and
892 917 70 27 spices
971 916 26 21 of
1009 915 31 21 all
1049 918 55 18 sorts
1110 923 6 19 ;
1133 915 101 26 oatmeal,
1242 915 2 31 j

652 951 60 19 sago,
723 944 51 27 rice,
785 943 47 22 and
841 943 67 27 flour;
920 950 28 14 an
962 945 129 19 assortment
1106 942 25 21 of
1143 941 90 27 leather,

652 970 108 27 hobnails,
771 971 76 26 sprigs,
859 971 38 21 &c.
905 978 6 18 ;
922 969 64 21 shoes
996 969 43 21 and
1053 969 61 21 boots
1124 969 25 21 of
1157 969 29 21 all
1198 969 37 21 de-
1242 964 2 38 {

652 997 120 27 scriptions,
781 997 47 21 fine
844 996 122 22 Cavendish
976 996 98 26 tobacco,
1086 995 72 26 snuffs,
1170 995 44 22 and
1223 1002 13 14 a

652 1023 42 21 few
702 1030 60 14 cases
772 1023 60 26 large
837 1023 57 21 bowl
903 1023 67 28 pipes,
981 1023 45 21 and
1035 1025 63 19 otlier
1104 1022 85 22 articles
1199 1025 37 18 too

652 1056 119 16 numerous
779 1053 23 18 to
812 1049 105 22 mention.

792 1084 137 14 WHOLESALP.
945 1084 46 14 AND
1006 1084 89 14 RETAIL.

939 1103 28 21 D.
983 1103 23 22 S.
1021 1103 78 22 Durie
1113 1103 43 22 and
1171 1103 38 21 Co.

720 1148 52 20 For
782 1148 72 24 Sale,
864 1153 34 16 ex

652 1181 52 49 A
717 1180 134 22 NUMBER
861 1181 26 21 of
895 1181 73 22 useful
983 1181 87 21 articles
1081 1181 25 21 of
1117 1181 119 21 Furniture

732 1208 45 21 and
786 1208 65 21 other
859 1209 73 26 goods,
944 1211 49 24 part
1002 1209 26 20 of
1039 1207 37 23 the
1087 1214 65 21 cargo
1162 1208 26 20 of
1199 1207 37 21 the

652 1236 72 19 Maria
739 1236 96 20 Theresa.
866 1235 51 22 Will
934 1235 26 21 be
976 1235 80 21 landed
1073 1235 51 21 here
1140 1235 35 21 for
1191 1233 45 22 sale

654 1262 79 22 should
742 1262 81 27 buyers
835 1261 52 23 offer
893 1270 5 19 ;
917 1262 58 27 early
986 1261 130 28 application
1129 1261 19 22 is
1160 1268 77 15 neces-

654 1296 56 19 sary.
740 1289 76 28 Apply
826 1292 23 18 to

1051 1315 63 21 John
1128 1314 81 22 Wade.

655 1342 145 27 Wellington,
812 1341 80 24 March
903 1344 32 25 18,
947 1343 60 21 1842.

857 1388 89 25 Cheap
966 1387 69 24 Sale,

812 1422 40 20 For
866 1428 13 13 a
892 1423 59 19 short
965 1422 49 19 time
1028 1421 54 25 only,

654 1455 51 50 IN
725 1455 49 22 that
797 1455 54 28 shop
873 1454 67 28 lately
959 1454 106 28 occupied
1087 1454 30 28 by
1136 1454 44 23 Mr.
1201 1454 35 21 W.

711 1482 97 28 Murray,
819 1482 70 26 tailor,
901 1490 14 13 a
924 1482 67 21 select
1005 1484 127 19 assortment
1141 1482 25 21 of
1173 1482 65 21 milli-

653 1517 59 19 nery,
724 1509 59 27 silks,
794 1510 74 26 satins,
880 1510 47 26 &c,
939 1508 117 28 consisting
1071 1510 24 20 of
1107 1509 36 21 the
1155 1508 82 22 follow-

652 1536 45 28 ing,
709 1536 41 22 viz.
753 1547 28 5 —

680 1564 46 26 Cap
736 1563 44 22 and
789 1563 83 21 bonnet
880 1562 87 23 ribbons
977 1562 23 22 in
1009 1565 63 25 great
1080 1562 90 27 variety,

681 1590 109 21 Artiiicial
801 1590 89 26 flowers,

680 1617 61 26 Nets,
754 1617 98 27 edgings,
863 1617 65 26 laces,
939 1616 43 22 and
993 1616 82 26 collars,

682 1644 56 21 Silks
748 1644 34 22 for
797 1644 90 26 dresses,
898 1644 73 26 satins,
983 1644 60 27 plain
1052 1643 45 22 and
1110 1642 87 28 figured
1205 1644 34 19 for

653 1670 99 28 bonnets,

687 1698 87 27 Challis,
799 1697 144 22 mousselaine
963 1696 27 23 de
1007 1697 67 27 lame,
1089 1696 44 23 and
1151 1695 88 29 printed

654 1724 90 27 dresses,

682 1752 89 26 Shawls,
778 1751 177 27 handkerchiefs,
967 1751 44 22 and
1021 1750 80 28 gloves,

681 1779 86 21 Merino
778 1779 44 21 and
831 1779 82 27 fringes
922 1779 33 21 for
964 1778 45 21 bed
1019 1778 100 26 curtains,

682 1805 74 22 White
766 1805 44 22 and
819 1806 103 21 coloured
932 1806 115 26 stockings,

681 1832 118 28 Buckram,
809 1833 136 27 pasteboard,
957 1839 41 20 cap
1007 1832 44 21 and
1059 1832 82 21 bonnet
1148 1830 71 26 wires,

681 1860 55 21 Men
746 1859 43 22 and
799 1860 102 21 women's
912 1860 68 21 shoes.

680 1893 58 22 N.B.
740 1904 29 4 —
769 1893 70 21 These
850 1893 67 27 goods
925 1893 67 26 being
1001 1891 95 23 selected
1105 1891 22 22 in
1135 1891 103 28 England

653 1920 29 27 by
698 1920 36 21 the
755 1920 119 21 advertiser
891 1920 128 27 personally,
1034 1922 39 18 not
1089 1919 42 21 five
1150 1919 87 21 months

653 1954 48 20 ago,
713 1954 36 13 are
760 1947 23 20 of
797 1947 36 20 the
849 1950 80 19 newest
941 1950 103 24 patterns,
1055 1946 45 21 and
1108 1946 26 21 of
1142 1945 37 22 the
1188 1945 50 21 best

652 1974 91 27 quality.

837 2018 42 19 Ex

652 2050 91 49 THE
759 2049 149 28 undersigned
922 2049 41 22 has
976 2049 48 28 just
1040 2049 103 22 received
1159 2056 13 14 a
1181 2056 54 14 con-

726 2078 113 26 signment
858 2077 25 21 of
898 2084 62 19 maps
979 2077 46 21 and
1044 2077 72 21 charts
1134 2076 58 21 from
1212 2076 23 21 J.

652 2103 92 28 Wyld's,
769 2104 97 27 Charing
889 2103 70 28 Cross,
985 2103 143 27 Geographer
1151 2107 23 17 to
1197 2103 37 21 the

652 2131 85 26 Queen,
749 2131 34 21 viz
792 2139 4 13 :
799 2142 28 4 —

680 2158 71 27 Large
762 2161 42 18 two
815 2157 63 23 sheet
889 2164 50 20 map
950 2157 26 21 of
982 2157 56 21 New
1047 2156 106 27 Zealand,

681 2185 49 21 One
741 2185 63 21 sheet
812 2192 52 19 map
875 2184 24 21 of
906 2185 56 21 New
972 2184 107 26 Zealand,

681 2211 104 21 Chaffers'
804 2212 63 21 chart
883 2212 25 20 of
923 2211 79 22 Cook's
1023 2211 83 26 Straits,
1125 2210 55 22 with
1198 2209 39 23 the

653 2238 67 22 latest
730 2239 117 25 additions,

684 2265 104 21 Chaffers'
799 2265 62 21 chart
872 2265 24 21 of
902 2265 53 21 Port
965 2264 129 27 Nicholson,

682 2293 131 21 Mercator's
824 2292 62 22 chart
895 2293 25 21 of
932 2291 36 23 the
979 2292 75 26 world,
1067 2293 39 20 &c.
1119 2291 40 22 &c.
1171 2291 38 22 &c.

644 2329 2 19 I
1012 2326 110 21 William
1138 2326 73 21 Lyon.

644 2377 2 5 ,
655 2361 84 22 Corner
749 2361 25 21 of
781 2360 151 22 Willis-street
941 2360 44 22 and
997 2360 187 27 Lambton-quay.

644 2381 2 15 1
656 2381 25 42 J[
830 2387 78 22 March
919 2390 19 24 8,
950 2389 59 19 1842.

840 2441 43 19 Ex

657 2474 72 50 ON
752 2474 85 26 SALE,
857 2476 23 19 at
897 2474 38 22 the
955 2474 73 21 Stores
1051 2472 26 23 of
1097 2473 37 22 the
1157 2472 82 23 under-

734 2502 84 26 signed,

656 2528 97 22 SEVEN
780 2528 68 21 AND
872 2528 21 21 A
918 2528 85 22 HALF
1026 2527 79 22 TONS
1129 2527 110 22 SHING-

764 2555 78 21 LING
858 2555 65 21 AND
939 2555 77 21 ROSE
1030 2554 100 27 NAILS,

682 2583 41 21 200
732 2582 54 27 kegs
796 2582 49 21 best
855 2582 65 22 white
929 2582 57 27 lead,

684 2609 96 22 Linseed
790 2609 36 27 oil,
839 2609 132 27 turpentine,
983 2609 45 21 and
1036 2609 80 27 paints,

683 2636 102 22 Window
793 2636 66 27 glass,
871 2636 28 22 all
910 2637 62 26 sizes,
983 2637 39 21 &c.
1033 2637 40 20 &c.

997 2663 23 22 J.
1035 2663 34 22 M.
1084 2662 100 27 Taylor,

1110 2690 32 21 Te
1157 2691 54 20 Aro.

844 2736 42 20 Ex

654 2768 118 47 TOWN
782 2768 67 22 made
861 2768 210 22 WELLINGTON
1081 2768 104 26 BOOTS,

713 2812 14 11 „
783 2812 14 11 „
855 2795 60 21 cloth
996 2796 43 26 do.,
1050 2795 53 21 drab
1113 2795 45 21 and
1167 2794 71 26 black,

713 2839 14 11 
784 2839 15 10 
856 2822 96 22 Blucher
960 2823 46 21 and
1013 2823 103 21 Oxonian
1124 2822 62 27 ditto,
1195 2822 45 21 and

654 2856 12 14 a
677 2851 86 25 variety
772 2850 26 20 of
809 2848 64 22 other
882 2849 63 21 boots
954 2850 45 21 and
1008 2850 72 20 shoes.

683 2876 65 22 Salad
759 2876 35 27 oil,
805 2883 54 15 pine
869 2876 93 22 French
977 2884 85 19 olives,
1075 2876 56 22 Chili
1140 2876 98 26 vinegar,

654 2910 127 14 MUSHROOM
798 2910 46 14 AND
861 2910 94 14 WALNUT
966 2910 111 20 KETCHUP,
1087 2906 77 24 Strong
1178 2904 62 20 vine-

644 2929 2 34 |
654 2936 40 20 gar
710 2930 34 20 for
760 2930 106 27 pickling,
882 2929 66 22 India
964 2937 46 20 soy,
1033 2930 109 27 anchovy,
1165 2930 74 22 lemon

655 2956 79 27 pickle,
746 2956 111 22 Cayenne
866 2963 93 21 pepper,
969 2964 99 14 soluble
1079 2963 46 15 and
1136 2964 103 20 common,

656 2982 44 22 and
719 2990 28 15 an
764 2986 133 18 assortment
913 2983 25 21 of
960 2984 72 26 fruits,
1047 2984 91 27 pickles,
1155 2991 84 19 sauces,

656 3010 40 20 &c.
707 3010 39 22 &c.

683 3036 126 28 Raspberry
816 3036 49 28 jam
875 3036 21 22 in
907 3036 44 22 71b.
958 3036 47 28 jars
1015 3037 72 21 suited
1097 3040 22 19 to
1128 3037 102 27 families,

711 3079 14 11 
782 3079 13 11 „
874 3064 23 21 in
908 3064 43 21 lib.
962 3064 44 21 and
1017 3064 42 25 Jib.
1067 3065 55 26 jars,

684 3090 95 22 Currant
784 3090 58 27 jelly
851 3090 24 21 in
885 3090 42 22 lib.
938 3090 44 22 and
993 3091 42 25 Jib.
1043 3091 54 27 jars;

682 3117 98 22 Orange
790 3124 142 15 marmalade
942 3125 24 13 in
977 3117 43 22 lib.
1030 3125 60 20 jars,

682 3144 22 21 A
714 3144 103 27 quantity
826 3144 27 22 of
859 3145 86 21 comfits
954 3145 46 21 and
1007 3145 105 26 lozenges
1120 3145 25 21 of
1152 3145 88 23 various

656 3170 151 28 descriptions,
818 3170 24 22 in
851 3170 62 28 large
922 3178 25 15 or
956 3171 65 22 small
1030 3172 91 27 parcels,

682 3197 97 23 Essence
788 3198 76 22 lemon
874 3199 45 21 and
929 3198 28 22 oil
966 3199 147 31 peppermint,

682 3224 23 22 A
714 3225 65 21 small
788 3227 135 20 assortment
933 3226 26 21 of
967 3225 77 23 choice
1054 3226 68 22 snuffs
1131 3225 24 23 in
1162 3225 55 28 jars,

683 3251 39 21 All
731 3251 66 22 kinds
807 3251 27 22 of
844 3253 72 21 men's
924 3252 69 28 ready
1002 3253 66 21 made
1079 3253 105 27 clothing,
1195 3252 45 23 and

654 3284 15 16 a
678 3278 86 28 variety
773 3279 26 21 of
810 3278 64 22 other
882 3279 77 26 goods.

941 3313 106 22 Johnson
1062 3313 44 22 and
1120 3314 93 22 Moore.

852 3357 43 21 Ex
934 3358 110 22 Clifton.

655 3389 106 50 JOHN
775 3390 103 22 HALES
891 3391 54 28 begs
954 3396 22 18 to
986 3393 101 22 intimate
1098 3393 48 22 that
1161 3392 29 23 he
1199 3393 41 22 has

719 3417 45 22 had
783 3418 122 27 consigned
922 3423 22 17 to
957 3419 54 28 him,
1031 3427 40 20 per
1088 3422 86 24 Clifton,
1195 3420 44 23 and

655 3451 37 14 are
705 3447 24 18 at
742 3445 36 21 his
792 3444 102 28 disposal,
905 3445 71 23 either
990 3446 117 23 wholesale
1124 3456 24 13 or
1166 3448 71 26 retail,

644 3471 2 19 !
655 3474 23 19 at
693 3471 43 22 low
750 3471 79 27 prices,
848 3472 35 21 for
900 3472 60 28 cash,
979 3473 38 22 the
1032 3474 113 28 following
1160 3474 77 28 goods,

644 3502 2 19 :
655 3498 47 21 viz:
704 3509 29 4 —

649 3531 9 3 '
682 3525 93 27 Pickles,
785 3525 44 22 fish
838 3532 83 20 sauces,
933 3526 71 24 currie
1013 3528 95 28 powder,
1119 3532 62 24 paste
1192 3528 45 22 and

654 3551 71 28 liquid
740 3552 112 27 blacking,
869 3552 93 28 English
978 3554 91 27 leather,
1084 3556 71 26 boots,
1166 3555 71 27 shoes,

655 3578 45 23 and
709 3579 149 22 shoemakers'
866 3581 64 27 tools,
938 3580 60 22 cloth
1005 3582 44 21 and
1058 3582 85 22 leather
1153 3589 51 20 caps
1213 3582 24 22 in

654 3609 63 23 great
725 3606 93 28 variety,
828 3606 98 28 wearing
936 3608 95 27 apparel,
1042 3612 75 19 cotton
1127 3610 110 21 furniture

654 3634 35 20 for
696 3633 73 27 lining
778 3641 81 18 rooms,
872 3634 47 26 &c,
936 3635 88 22 cabinet
1032 3635 47 28 ink,
1089 3636 53 22 seed
1155 3636 80 26 wheat,

654 3659 83 28 barley,
753 3663 54 23 oats,
819 3657 45 25 and
873 3660 50 23 blue
933 3662 45 21 and
986 3662 67 22 white
1061 3670 59 20 peas,
1133 3663 102 27 oatmeal,

654 3686 82 23 Scotch
762 3684 46 25 and
835 3686 60 28 pearl
922 3688 84 28 barley,
1033 3690 100 27 superior
1159 3692 79 25 patent

654 3713 110 22 breeched
786 3714 81 21 double
890 3715 46 22 and
958 3716 190 27 single-barrelled
1171 3723 64 20 guns,

653 3740 68 28 flihts,
736 3740 67 23 flasks
818 3741 45 22 and
878 3741 63 28 belts,
957 3744 50 20 sash
1021 3744 63 26 tools,
1096 3744 57 27 glue,
1171 3744 65 21 horse

653 3767 55 27 hair,
719 3768 48 21 hair
776 3768 93 26 seating,
878 3768 164 29 ironmongery,
1054 3771 40 21 &c.
1105 3772 40 20 &c.

680 3794 53 23 Two
743 3795 69 22 Town
822 3795 70 22 Acres
903 3799 22 18 to
936 3796 31 22 let
974 3797 25 21 in
1007 3797 106 27 portions.

679 3827 196 28 Ingestrie-street,
886 3829 31 22 Te
926 3829 48 22 Aro
983 3830 59 22 Flat.

737 3885 2 8 .
769 3874 40 20 To
824 3874 119 21 Masters
958 3874 30 21 of
1000 3875 118 22 Vessels.

654 3906 71 50 CkN
748 3906 86 26 SALE,
858 3909 23 19 at
898 3907 39 21 the
955 3907 71 22 Office
1049 3909 26 21 of
1093 3909 44 23 this
1158 3916 75 19 paper,

690 3924 12 32 I
802 3932 152 23 SEAMEN'S
967 3934 157 24 ARTICLES.

658 3964 3 18 I
702 3959 94 23 Gazette
828 3957 84 31 Office,'
920 3960 53 25 Feb.
985 3962 34 27 26,
1030 3963 61 21 1812.

1265 706 64 22 Just
1351 708 131 24 received,
1498 713 36 15 ex
1796 710 55 20 and

1265 766 132 48 BLACK
1411 767 45 23 and
1474 767 105 22 GREEN
1598 768 85 27 TEAS,
1700 768 121 28 COFFEE,

1327 795 78 26 Sperm
1415 795 97 26 candles,

1291 820 55 22 Pine
1356 821 84 27 cheese,
1453 821 76 21 Dutch
1537 821 108 28 hen-ings,

1291 847 61 26 Rice,
1364 855 72 20 sugar,
1447 847 71 28 hams,
1529 855 59 19 sago,

1291 874 113 27 Blankets,
1416 882 59 19 rugs,
1487 878 168 23 counterpanes,

1291 901 38 21 An
1344 905 132 18 assortment
1491 902 26 21 of
1534 902 72 21 men's
1621 905 78 23 strong
1717 902 63 21 boots
1797 901 54 22 with

1265 925 43 23 hob
1319 928 62 26 nails,

1293 954 80 27 Strong
1382 955 97 26 walking
1487 954 72 27 shoes,

1291 980 56 22 Fine
1383 981 56 22 ditto
1476 981 62 26 ditto,

1291 1007 68 22 Flour
1367 1008 23 21 in
1402 1016 42 14 one
1454 1008 103 22 hundred
1565 1009 77 26 pound
1652 1009 62 27 bags,

1293 1033 68 23 Hand
1371 1042 63 19 saws,
1444 1035 49 21 iron
1503 1038 56 24 pots,
1571 1036 49 25 &c,

1293 1061 62 26 Also,
1366 1068 14 14 a
1388 1061 61 27 large
1458 1063 85 26 variety
1554 1063 25 20 of
1590 1063 78 27 prints,
1680 1063 86 26 calicos,
1778 1062 39 22 &c.

1550 1096 125 22 Anderson
1687 1096 44 21 and
1742 1097 52 21 Row
1797 1104 53 14 and.

1267 1139 69 47 ON
1351 1139 86 26 SALE,
1449 1143 22 17 at
1481 1139 37 21 the
1529 1141 73 20 Stores
1613 1141 24 21 of
1642 1141 37 21 the
1689 1141 157 26 undersigned,

1357 1166 153 22 WHALING
1527 1167 86 21 GEAR
1627 1168 45 21 and
1686 1168 119 26 STORES,

1454 1193 101 27 recently
1565 1194 94 22 arrived.

1621 1228 90 22 Willis
1726 1228 44 22 and
1785 1229 39 21 Co.

1291 1253 143 28 Wellington,
1446 1254 81 21 March
1536 1256 19 24 1,
1566 1256 62 20 1842.

1335 1300 43 20 Ex
1558 1300 54 20 and

1270 1334 113 47 CORD,
1395 1333 56 26 lace,
1460 1333 95 27 quilting
1565 1336 46 23 net,
1622 1334 68 26 gimp,

1339 1360 96 26 Figured
1446 1361 54 25 lace,
1512 1360 66 27 fancy
1589 1360 45 22 and
1641 1360 62 28 plain
1712 1363 45 23 net,
1862 1366 2 15 i

1295 1387 64 22 Wool
1371 1388 85 25 shawls,
1468 1388 39 21 &c.
1519 1388 47 26 &c,
1862 1383 2 28 !

1294 1414 66 21 Duck
1370 1418 108 22 trowsers,
1489 1414 80 27 frocks,
1581 1415 48 26 &c,

1295 1440 114 28 Blankets,
1419 1447 59 21 rugs,
1489 1442 77 26 prints,
1578 1442 49 25 &c,

1295 1468 76 26 Shirts,
1381 1468 94 26 jackets,
1487 1472 107 22 trowsers,
1607 1469 47 25 &c,

1294 1494 98 27 Ploughs
1402 1495 44 21 and
1456 1495 142 26 agricultural
1608 1495 148 27 implements,

1294 1521 39 20 An
1344 1522 114 21 extensive
1468 1522 32 21 lot
1511 1522 25 20 of
1546 1522 63 26 nails,

1296 1547 162 28 Ironmongery
1469 1548 25 21 of
1500 1548 31 21 all
1539 1548 72 22 kinds.

1403 1581 123 26 Wallace,
1543 1582 91 26 White,
1646 1583 45 21 and
1705 1583 122 21 Wallace.

1508 1627 106 24 Bricks,

1268 1660 87 49 FOR
1372 1660 83 27 SALE,
1468 1664 22 18 at
1505 1662 45 20 60s.
1569 1668 40 19 per
1627 1661 118 23 thousand.
1780 1662 76 27 Apply

1326 1691 22 17 to
1366 1687 21 21 J.
1406 1687 92 27 Pimble,
1511 1691 23 18 at
1549 1687 36 22 the
1604 1689 169 26 Sydney-street
1788 1690 68 20 Brick

1268 1714 44 22 and
1321 1714 48 22 Tile
1387 1714 87 27 Works,
1486 1718 22 18 at
1519 1715 36 21 the
1572 1722 49 14 rear
1632 1717 24 20 of
1669 1716 92 21 Colonel
1775 1715 81 23 Wake-

1458 1742 71 21 field's
1543 1742 121 22 residence.

1334 1774 78 22 Terms
1414 1785 26 5 —
1442 1774 52 22 cash
1504 1782 29 14 on
1545 1775 99 28 delivery
1654 1780 23 17 at
1688 1776 36 21 the
1736 1776 54 21 kiln.

1269 1827 121 48 SEEDS,
1402 1827 38 21 the
1451 1827 97 27 produce
1563 1828 25 20 of
1602 1828 36 21 the
1656 1829 93 27 Colony,
1761 1829 33 21 for
1810 1829 45 21 sale

1333 1857 22 18 at
1366 1854 37 21 the
1438 1854 94 21 Gazette
1565 1854 77 22 Office.

1266 1906 96 21 Public
1379 1906 60 20 Sale
1458 1907 28 19 at
1506 1907 45 19 the
1567 1907 165 26 Company's
1752 1908 101 24 Stores,

1505 1933 107 20 Petoni.

1268 1966 159 48 MESSRS.
1443 1966 148 22 BETHUNE
1607 1967 43 21 and
1667 1967 128 22 HUNTER
1816 1975 37 14 are

1344 1993 124 21 instructed
1482 1997 23 17 to
1521 1993 40 21 sell
1571 1993 30 27 by
1616 1995 75 25 public
1710 1995 95 25 auction,
1825 2002 28 14 on

1267 2020 109 25 Monday,
1386 2021 48 19 21st
1444 2019 87 25 March,
1543 2027 22 13 ac
1576 2021 25 19 12
1611 2020 86 21 o'clock
1707 2021 114 27 precisely,
1833 2025 23 17 at

1501 2046 79 21 Petoni
1588 2054 5 13 :
1595 2058 28 3 —

1267 2071 89 28 Sundry
1366 2074 69 19 stores
1452 2072 44 22 and
1512 2073 68 26 goods
1598 2073 36 21 tho
1652 2077 105 24 property
1774 2075 25 20 of
1815 2074 38 22 the

1348 2106 72 22 NEW
1437 2107 150 21 ZEALAND
1609 2108 160 26 COMPANY,

1486 2141 122 26 consisting
1618 2142 25 20 of

1294 2167 159 22 Blacksmith's
1463 2168 77 26 anvils,
1552 2168 97 27 bellows,
1662 2169 45 21 and
1717 2169 63 21 other
1790 2169 63 28 tools,

1296 2195 44 20 Bar
1350 2195 44 21 and
1404 2195 47 21 bolt
1460 2195 57 25 iron,

1295 2221 102 21 Tobacco
1410 2221 64 27 (duty
1485 2221 70 27 paid,)

1296 2248 69 21 Flour
1376 2249 70 25 (more
1457 2256 24 14 or
1488 2249 43 21 less
1541 2249 127 27 damaged,)

1296 2275 64 27 Soap,
1374 2275 157 27 earthenware,

1296 2302 170 27 Ironmongery,
1478 2303 62 25 tools,
1553 2303 143 26 agricultural
1705 2303 148 28 implements,

1269 2336 60 19 axes,
1342 2329 144 27 tomahawks,
1498 2329 92 27 cutlery,
1603 2331 47 26 &c,

1296 2356 52 27 Slop
1365 2356 105 27 clothing,
1482 2361 75 17 cotton
1568 2357 45 21 and
1630 2357 94 22 woollen
1740 2358 115 22 manufac-

1268 2385 68 23 tures,

1297 2409 37 21 Oil
1344 2409 60 22 butts
1415 2410 45 21 and
1470 2414 75 23 emptj'
1557 2411 69 26 casks,
1638 2411 45 21 and
1700 2419 12 13 a
1722 2412 101 27 quantity
1834 2412 24 21 of

1268 2437 70 26 goods
1348 2437 44 21 and
1403 2437 63 21 other
1476 2439 88 20 articles
1579 2439 95 21 suitable
1689 2439 34 21 for
1738 2439 36 21 the
1785 2439 70 22 Euro-

1269 2470 58 21 pean
1340 2470 24 15 or
1374 2465 77 21 native
1460 2465 69 21 trade.

1470 2499 73 14 TERMS
1554 2499 27 14 AT
1594 2500 62 15 SALE.

1272 2524 63 22 After
1351 2524 80 28 which,
1443 2528 23 19 at
1479 2524 38 22 the
1531 2529 90 24 request
1638 2526 25 22 of
1675 2526 37 22 the
1722 2526 133 28 Proprietor,

1296 2552 59 21 That
1364 2552 49 21 well
1430 2552 96 22 finished
1535 2553 75 21 native
1627 2552 69 23 house
1713 2554 68 26 lately
1791 2561 66 14 occu-

1269 2578 52 27 pied
1335 2579 31 26 by
1383 2580 63 25 Capt.
1463 2580 120 26 Campbell,
1597 2587 28 14 on
1642 2581 37 20 the
1689 2580 70 22 beach
1769 2580 86 27 Petoni,

1270 2606 103 26 adjacent
1383 2609 23 18 to
1418 2606 37 21 the
1466 2607 135 26 Company's
1612 2608 81 25 Stores,

1296 2634 14 19 2
1320 2633 99 27 superior
1429 2641 77 19 young
1522 2634 87 26 heifers,
1620 2635 13 20 2
1644 2634 94 27 English
1748 2641 54 15 sows
1813 2634 45 22 and

1269 2658 63 27 boar,

1296 2687 22 20 A
1326 2686 102 28 quantity
1437 2687 26 22 of
1468 2687 90 28 poultry
1558 2698 27 4 —
1588 2687 100 28 (turkies,
1697 2695 71 19 geese,
1779 2687 76 29 ducks,

1268 2714 45 21 and
1322 2714 80 26 fowls.)

1378 2747 72 28 Slight
1463 2747 158 23 refreshments
1630 2748 116 28 provided.

1270 2800 159 49 MESSRS.
1453 2800 92 27 HORT,
1569 2801 158 26 MOCATTA,
1747 2801 43 21 and
1809 2801 46 22 CO.

1360 2827 58 22 have
1433 2827 103 22 received
1550 2827 145 22 instructions
1705 2831 22 18 to
1738 2828 81 21 submit
1834 2831 22 18 to

1268 2854 75 27 public
1359 2855 151 26 competition,
1523 2862 29 14 on
1569 2855 108 27 Monday,
1689 2855 37 21 the
1740 2856 47 20 21st
1795 2855 60 26 inst.,

1384 2884 23 19 at
1418 2883 26 19 12
1454 2881 93 27 o'clock,
1559 2888 28 15 on
1598 2881 37 22 the
1644 2882 96 26 ground,

1269 2914 79 23 NINE
1359 2915 85 22 VERY
1453 2915 170 21 VALUABLE
1637 2915 156 22 BUILDING
1803 2915 53 22 AL-

1474 2942 172 27 LOTMENTS,

1269 2968 79 22 situate
1365 2969 24 21 in
1404 2969 188 27 Dickson-street,
1608 2969 69 27 being
1693 2971 50 25 part
1757 2969 25 21 of
1795 2972 61 18 town

1301 3003 51 14 acre
1363 2996 43 21 No.
1416 2997 41 21 203
1468 3003 28 14 on
1508 2996 239 26 Surveyor-General's
1757 2996 64 21 Plan.

1297 3022 28 21 In
1336 3023 65 21 order
1411 3026 22 18 to
1450 3024 50 26 give
1510 3022 122 22 additional
1641 3023 66 21 value
1721 3026 24 18 to
1754 3023 41 20 this
1806 3030 50 20 pro-

1269 3053 70 24 perty,
1358 3050 38 21 the
1412 3050 125 27 proprietor
1551 3050 39 20 has
1605 3050 103 22 reserved
1722 3057 14 13 a
1752 3052 66 18 street
1834 3050 26 20 of

1270 3077 26 20 20
1305 3076 45 22 feet
1359 3077 100 27 running
1469 3076 95 27 through
1574 3076 38 22 the
1623 3080 75 18 centre
1715 3076 26 21 of
1750 3076 37 21 the
1796 3083 57 20 acre,

1269 3110 24 14 so
1303 3110 23 14 as
1337 3107 22 17 to
1369 3104 65 21 allow
1444 3103 55 22 each
1514 3104 118 20 allotment
1647 3104 37 21 the
1694 3103 124 27 advantage
1833 3104 26 20 of

1270 3130 150 22 considerable
1430 3130 109 26 frontage.

1294 3157 49 21 The
1360 3157 140 21 auctioneers
1515 3157 42 27 beg
1564 3156 144 28 particularly
1721 3159 23 19 to
1760 3156 42 22 call
1816 3156 39 22 the

1270 3184 108 21 attention
1387 3184 25 21 of
1418 3184 38 22 the
1462 3184 76 28 public
1545 3189 21 15 to
1573 3184 37 20 the
1616 3188 90 23 present
1714 3184 141 27 opportunity

1270 3210 33 22 for
1319 3210 38 22 the
1374 3211 110 28 purchase
1500 3211 26 21 of
1542 3213 59 18 town
1618 3210 61 26 land,
1696 3210 37 22 the
1750 3210 105 22 situation

1270 3236 66 28 being
1350 3244 42 15 one
1407 3238 27 21 of
1446 3238 37 21 the
1497 3240 59 18 most
1570 3238 85 20 central
1668 3238 26 20 in
1709 3237 144 27 Wellington,

1270 3264 43 22 and
1323 3265 49 21 best
1381 3264 96 27 adapted
1486 3264 35 22 for
1530 3264 141 22 commercial
1684 3264 102 27 pursuits,
1796 3264 59 21 from

1270 3291 26 21 its
1315 3291 121 27 proximity
1458 3296 23 16 to
1503 3291 38 21 the
1564 3294 75 24 water,
1664 3291 46 21 and
1733 3290 36 22 the
1792 3295 63 23 great

1270 3318 168 27 thoroughfares
1467 3318 25 21 of
1521 3318 194 27 Manners-street,
1744 3318 110 22 Dickson-

1270 3347 73 25 street,
1354 3345 45 21 and
1409 3344 157 22 Willis-street.

1392 3371 80 22 Terms
1481 3371 67 22 made
1557 3371 82 23 known
1650 3374 24 20 at
1683 3371 54 23 sale.

1436 3405 76 27 Hort,
1528 3405 122 27 Mocatta,
1666 3406 46 21 and
1726 3406 45 27 Co.,

1674 3433 154 22 Auctioneers.

1258 3454 2 34 j
1294 3459 32 22 Te
1336 3459 55 28 Aro,
1403 3458 81 23 March
1494 3460 33 26 10,
1540 3460 61 21 1842.

1269 3504 158 49 MESSRS.
1447 3504 94 26 HORT,
1563 3504 158 27 MOCATTA,
1743 3504 43 21 and
1806 3505 46 21 CO.

1366 3531 56 21 have
1441 3531 103 21 received
1562 3531 139 21 instructions
1719 3533 22 18 to
1761 3530 52 22 offer
1831 3534 22 18 to

1267 3558 71 27 public
1347 3558 139 27 competition
1496 3565 28 13 on
1534 3558 142 26 Wednesday
1684 3559 60 25 next,
1752 3557 37 21 the
1799 3558 55 21 23rd

1267 3587 85 24 instant,
1369 3588 23 18 at
1408 3587 26 19 12
1444 3582 84 24 o'clock
1543 3584 113 28 precisely,
1668 3591 14 14 a
1698 3584 99 22 valuable
1808 3585 45 21 and

1267 3619 50 20 very
1327 3611 112 23 extensive
1449 3613 128 19 assortment
1591 3611 25 21 of
1628 3610 162 28 merchandize,
1801 3619 52 14 con-

1267 3639 74 26 sisting
1350 3639 34 21 of:
1387 3650 27 3 —

1293 3667 64 26 Soap,
1377 3664 84 30 pickles
1479 3663 45 23 and
1543 3671 83 19 sauces,
1651 3663 86 23 bottled
1755 3664 34 22 ale
1808 3665 45 23 and

1267 3696 76 25 porter,

1291 3718 71 28 Lead,
1372 3718 104 28 muskets,
1487 3718 55 26 shot,
1553 3717 75 28 paint,'

1292 3746 75 26 Shoes,
1378 3746 132 27 perfitmery,
1521 3744 49 22 flint
1579 3744 44 21 and
1632 3744 59 28 plate
1701 3745 65 28 glass,

1292 3772 110 27 Crockery
1411 3772 45 22 and
1465 3772 120 27 glassware,
1593 3771 48 22 iron
1641 3783 27 3 —
1669 3772 47 21 bolt
1725 3773 43 21 and
1777 3772 47 28 bar,

1293 3800 158 26 Ironmongery
1460 3798 44 22 and
1519 3798 94 28 cooking
1625 3799 97 28 utensils,
1733 3800 61 27 nails,
1805 3801 48 21 iron

1265 3829 53 26 pots,
1862 3824 2 33 j

1292 3853 90 26 Cheese,
1392 3852 63 28 pork,
1463 3851 44 23 and
1515 3851 70 27 hams,
1597 3854 38 26 pot
1644 3853 45 22 and
1698 3853 60 28 pearl
1766 3853 85 29 barley,

1265 3878 85 28 timber,

1268 3914 4 24 ;
1292 3906 53 22 And
1360 3914 14 14 a
1385 3906 86 27 variety
1479 3906 25 21 of
1517 3905 62 22 other
1592 3906 76 28 goods,
1678 3906 74 24 which
1766 3907 43 23 will
1823 3907 29 22 be

1265 3933 142 23 enumerated
1416 3933 24 21 in
1449 3932 60 23 hand
1520 3932 56 22 bills.

1292 3968 32 24 Te
1334 3968 53 27 Aro,
1399 3966 81 24 March
1490 3967 32 27 15,
1535 3968 59 21 1812.

1884 703 154 26 Important
2048 706 28 19 to
2088 706 90 25 newly
2187 706 104 22 arrived
2298 708 162 27 Emigrants.

1882 736 91 48 MR.
1989 736 83 22 JOHN
2087 738 93 21 WADE
2194 738 40 22 has
2244 739 37 21 the
2291 740 85 23 honour
2388 744 22 19 to
2420 749 40 14 an-

1965 771 88 14 nounce
2073 764 48 21 that
2137 765 27 21 he
2181 765 44 21 will
2246 767 81 21 submit
2349 770 22 18 to
2387 769 75 26 public

1881 790 96 26 auction,
1999 797 28 15 on
2045 791 109 27 Saturday
2172 795 61 24 next,
2252 793 79 21 March
2348 795 34 25 2C,
2406 798 56 18 next

1881 815 54 22 door
1945 819 22 18 to
1978 816 36 22 the
2031 818 73 21 Stores
2121 819 25 20 of
2158 818 89 22 Messrs.
2258 819 106 26 Wallace,
2380 821 80 26 White,

1881 842 45 21 and
1942 843 104 24 Wallace,
2063 851 50 15 now
2129 845 53 27 kept
2197 852 23 14 as
2238 852 13 14 a
2269 845 145 23 coffee-house
2430 848 30 26 by

2026 871 89 21 Messrs.
2126 871 80 28 Wyeth
2216 871 45 22 and
2271 872 45 27 Co.,

1879 904 29 20 20
1923 903 205 23 ALLOTMENTS
2143 906 38 21 OF
2196 906 86 21 LAND
2294 906 34 21 IN
2343 905 119 24 WADE'S

2121 932 99 21 TOWN.

1882 964 62 26 Also,
1955 971 14 14 a
1984 971 54 21 very
2053 967 52 19 ne.it
2120 973 93 14 wooden
2232 972 106 21 cottage,
2350 967 79 22 situate
2438 967 25 22 in

1881 991 89 21 Wade's
1980 991 77 21 Town.
2079 990 61 24 This'
2143 993 44 21 will
2197 993 27 20 be
2235 993 48 21 sold
2293 993 69 21 either
2371 994 92 22 without

1882 1017 37 21 the
1929 1018 53 20 land
1991 1018 84 27 subject
2086 1022 22 18 to
2123 1026 13 14 a
2150 1019 113 21 moderate
2278 1020 85 26 ground
2373 1024 55 21 rent,
2440 1028 25 14 or

1881 1044 53 21 with
1945 1044 55 22 from
2009 1045 51 21 half
2070 1052 28 14 an
2116 1053 49 14 acre
2183 1049 21 18 to
2221 1053 29 15 an
2268 1054 48 14 acre
2327 1047 44 21 and
2381 1047 49 21 half
2442 1047 25 21 of

1881 1071 54 21 land
1945 1071 105 21 attached
2067 1075 21 18 to
2103 1073 25 26 it,
2140 1076 22 18 at
2171 1080 14 14 a
2201 1080 53 20 very
2265 1073 109 22 extended
2389 1074 76 22 credit.

1881 1097 48 22 The
1954 1098 54 21 land
2023 1098 86 27 adjoins
2127 1099 143 27 Wellington,
2293 1100 43 21 and
2354 1101 62 21 abuts
2436 1108 29 14 on

1882 1124 142 27 Park-street,
2036 1126 44 21 and
2096 1125 40 22 has
2150 1134 14 14 a
2180 1134 68 14 never
2263 1127 77 26 failing
2354 1127 77 27 supnly
2442 1129 27 20 of

1881 1159 54 19 pure
1950 1155 68 17 water
2035 1159 29 14 on
2081 1153 22 24 it,
2116 1153 45 21 and
2174 1160 13 14 a
2204 1160 52 19 very
2274 1153 73 27 tastily
2362 1154 46 21 laid
2427 1157 38 19 out

1881 1178 90 26 garden.
2000 1178 47 22 The
2056 1179 74 27 public
2142 1186 35 14 are
2187 1179 85 22 invited
2289 1183 21 17 to
2326 1181 86 26 inspect
2422 1181 43 21 this

1882 1209 103 23 property
1999 1205 30 27 by
2047 1206 133 27 application
2194 1209 22 19 to
2233 1206 37 22 the
2289 1207 127 27 proprietor,
2436 1207 29 22 A.

1884 1232 63 26 Reid,
1957 1232 52 27 Esq.

2131 1259 63 27 Also,
2206 1266 12 14 a

1884 1291 168 22 VALUABLE
2081 1292 186 22 LEASEHOLD
2296 1292 169 28 PROPERTY,

1872 1326 2 20 I
1991 1326 54 20 with
2056 1333 13 14 a
2077 1333 54 20 very
2141 1326 97 27 thriving
2250 1327 107 21 business.

1872 1347 2 34 |
1911 1351 53 22 This
1973 1355 103 24 property
2084 1353 18 21 is
2110 1353 66 21 taken
2187 1353 34 21 for
2230 1354 26 20 10
2266 1360 62 20 years
2338 1357 24 18 at
2371 1354 11 21 d
2382 1354 36 21 630
2429 1361 39 20 per

1884 1385 52 20 year
1945 1386 4 18 ;
1965 1383 50 22 part
2024 1379 26 21 of
2060 1379 73 21 which
2145 1379 19 21 is
2180 1379 82 22 sub-let
2275 1380 34 21 for
2317 1380 46 22 £31
2374 1383 42 19 10s.
2427 1388 40 21 per

1872 1411 2 29 j
1931 1413 91 19 annum,
2032 1406 90 27 leaving
2133 1406 36 22 the
2180 1406 93 27 original
2283 1407 136 22 leaseholder

2061 1440 94 21 RENT
2183 1440 103 22 FREE.

1912 1472 45 22 The
1969 1473 68 21 house
2053 1473 19 22 is
2087 1475 27 20 32
2124 1473 44 23 feet
2176 1474 31 27 by
2216 1475 33 26 24,
2262 1473 95 23 weather
2369 1475 99 21 boarded

1886 1500 44 20 and
1953 1500 109 27 shingled,
2083 1500 45 22 and
2150 1501 101 27 occupies
2271 1508 13 14 a
2306 1502 104 21 situation
2433 1502 36 22 for

1884 1526 103 22 business
1997 1527 82 21 second
2089 1531 22 17 to
2121 1534 59 15 none
2190 1528 23 21 in
2223 1527 143 27 Wellington.

1912 1553 94 22 Persons
2016 1554 98 22 desirous
2125 1555 24 20 of
2156 1555 125 26 inspecting
2286 1555 61 21 these
2354 1555 114 28 premises,

1886 1580 42 21 will
1939 1584 37 23 get
1992 1588 29 14 an
2038 1581 64 21 order
2117 1584 23 19 to
2156 1581 27 21 do
2199 1588 23 14 so
2239 1581 30 27 by
2278 1581 104 28 applying
2398 1585 22 18 to
2430 1582 39 22 the

1887 1607 144 22 Auctioneer.

1886 1652 52 20 For
1958 1653 46 20 the
2024 1653 102 20 benefit
2145 1653 30 20 of
2194 1653 45 20 the
2263 1653 206 25 Underwriters,

1936 1684 30 15 or
1982 1680 78 20 those
2075 1680 92 20 whom
2182 1680 22 20 it
2218 1686 64 19 may
2298 1686 123 15 concern.

1888 1713 66 47 TO
1976 1713 39 21 BE
2035 1713 79 21 SOLD
2136 1714 39 21 BY
2196 1713 145 27 AUCTION,
2364 1714 105 21 EARLY

1943 1740 34 21 IN
1987 1740 101 25 APRIL,
2100 1740 64 22 THE
2175 1741 85 21 HULL
2272 1741 38 21 OF
2323 1740 64 22 THE
2397 1741 70 21 NEW

1995 1767 126 24 BARQUE

1887 1800 33 21 As
1931 1800 38 21 she
1980 1807 49 14 now
2039 1800 40 22 lies
2089 1808 29 15 on
2129 1801 37 22 the
2176 1801 64 22 rocks
2249 1805 23 18 at
2282 1801 36 22 the
2333 1804 104 20 entrance
2448 1802 26 21 of

1887 1827 85 21 Nelson
1983 1827 88 22 Haven.
2100 1828 31 21 At
2141 1828 37 21 the
2188 1836 60 14 same
2258 1828 53 21 time
2328 1828 43 22 will
2385 1829 28 21 be
2423 1829 47 21 also

1887 1853 48 22 sold
1943 1861 89 14 sundry
2043 1862 82 14 stores
2135 1855 120 27 belonging
2264 1859 21 17 to
2293 1855 35 22 the
2336 1856 49 21 said
2390 1856 79 22 vessel.

1888 1881 44 20 For
1940 1881 130 26 particulars
2079 1881 67 27 apply
2156 1885 23 18 to
2190 1883 44 21 Mr.
2247 1883 105 26 Poynter,
2366 1882 104 27 solicitor,

1887 1907 86 22 Nelson
1983 1908 91 26 Haven,
2086 1916 23 14 or
2121 1912 22 18 to

2143 1935 100 22 Messrs.
2258 1934 89 23 Willis
2363 1936 42 22 and
2420 1937 47 26 Co.,

2212 1962 54 21 Port
2275 1962 131 23 Nicholson.

1900 2006 198 21 Horticultural
2114 2008 54 19 and
2182 2008 142 20 Botanical
2339 2008 117 26 Society.

1887 2038 92 22 nnHE
1993 2042 55 18 next
2064 2039 129 22 Exhibition
2203 2039 45 22 will
2261 2039 51 22 take
2326 2039 64 28 place
2400 2043 23 18 at
2432 2040 38 21 the

1893 2062 29 24 X
1961 2065 128 28 Exchange,
2109 2074 29 14 on
2154 2066 108 27 Tuesday,
2276 2067 79 21 March
2369 2068 34 20 22.
2432 2067 39 22 All

1886 2091 86 22 articles
1982 2096 58 18 must
2051 2093 26 21 be
2088 2096 50 18 sent
2147 2093 75 21 before
2232 2094 26 20 10
2272 2093 91 27 o'clock,
2374 2101 49 14 a.m.

2055 2119 17 21 I.
2088 2120 26 21 E.
2131 2119 172 26 Featherston,
2321 2121 122 26 Secretary.
2461 2125 6 3 '

1913 2145 144 22 Admittance
2068 2149 22 18 to
2107 2147 76 21 ladies'
2195 2147 45 21 and
2253 2147 141 27 subscribers,
2404 2148 68 27 gratis

1885 2182 27 4 —
1914 2175 22 18 to
1947 2173 198 26 non-subscribers,
2159 2175 30 20 Is.

2116 2220 125 24 Wanted,

1887 2252 50 48 A
1951 2251 135 23 NUMBER
2100 2253 39 21 OF
2156 2253 153 22 WHALERS
2320 2256 22 19 to
2352 2261 85 20 engage
2446 2255 25 21 in

1966 2279 106 22 Barrett's
2083 2280 91 27 Fishery
2185 2284 23 17 at
2216 2280 119 22 Taranaki.
2364 2282 76 26 Apply
2449 2285 23 18 to

2044 2313 131 26 Ridgways,
2193 2314 105 26 Guyton,
2314 2314 44 22 and
2372 2315 72 21 Earp.

2117 2358 117 20 Wanted
2235 2358 9 26 j

1887 2392 51 47 A
1952 2390 73 23 MAN
2040 2391 44 22 and
2098 2391 35 22 his
2148 2392 81 21 WIFE
2245 2399 24 14 a
2271 2399 22 14 9
2284 2392 66 22 house
2366 2396 104 19 servants.

1976 2418 74 28 Apply
2059 2422 21 17 to
2091 2419 44 21 Mr.
2147 2418 80 27 Watt,
2239 2419 146 27 Berhampore
2397 2421 73 21 Farm.

2116 2463 125 20 Wanted.

1888 2497 50 48 A
1954 2496 99 23 STOVE
2067 2496 35 22 for
2112 2504 13 14 a
2136 2496 73 28 sitting
2224 2504 67 15 room.
2320 2498 74 29 Apply
2403 2502 23 19 at
2435 2500 37 21 the

1968 2524 69 21 Office
2048 2524 24 21 of
2078 2524 43 21 this
2131 2524 77 26 Paper.

1983 2571 91 21 Union
2088 2572 79 20 Bank
2182 2572 29 20 of
2228 2572 148 22 Australia.

1888 2606 95 21 London
2002 2606 91 25 Office,
2110 2605 44 22 No.
2168 2606 36 26 3S,
2222 2606 51 20 Old
2289 2606 183 24 Broad-street.

1943 2639 92 27 Capital,
2046 2638 121 27 £800,000;
2187 2639 52 27 paid
2248 2646 38 21 up,
2302 2640 116 27 £500,000.

2122 2677 108 13 DIRECTORS
2236 2679 5 12 :

1993 2701 68 20 George
2069 2700 38 16 Fife
2114 2700 67 21 Angas,
2189 2702 50 20 Esq.,

1993 2722 67 15 Robert
2067 2722 75 19 Brooks,
2151 2722 48 20 Esq.,

1992 2743 61 16 James
2061 2742 48 17 John
2117 2742 98 20 Cummins,
2224 2743 49 20 Esq.,

1993 2763 68 16 Robert
2068 2763 95 19 Gardener,
2175 2764 48 19 Esq.,
2235 2764 122 21 Manchester,

1993 2784 48 17 John
2049 2784 45 16 Gore
2110 2784 49 20 Esq.,

1992 2805 49 16 John
2048 2804 80 16 William
2135 2804 73 19 lJuckle,
2215 2805 48 20 Esq.,

1992 2826 96 19 Benjamin
2095 2826 21 16 E.
2123 2825 62 20 Lindo,
2194 2826 48 20 Esq.,

1993 2847 72 16 Charles
2073 2846 76 16 Edward
2156 2847 87 20 Mangles,
2251 2847 49 20 Esq.,

1992 2867 115 21 Christopher
2115 2867 81 19 Rawson,
2206 2867 47 21 Esq.,
2265 2869 80 20 Halifar,

1992 2889 78 16 Thomas
2078 2888 62 19 Sands,
2149 2888 48 20 Esq.,
2204 2888 99 21 Liverpool,

1992 2910 61 16 James
2061 2909 55 20 Bogle
2124 2909 63 19 Smith,
2193 2909 48 19 Esq.,

1992 2931 61 16 James
2060 2930 80 16 Ruddell
2146 2930 55 18 Todd,
2209 2930 42 19 Esq.

1886 2957 86 18 Trustees
1978 2962 4 12 :
1998 2957 81 16 George
2090 2957 55 16 Care
2157 2957 60 18 Glyn,
2230 2957 48 20 Esq.,
2289 2957 53 17 John
2352 2957 61 21 Gore,
2422 2959 50 22 Esq.,

2033 2978 36 16 and
2075 2978 67 15 James
2149 2977 17 16 J.
2172 2977 100 19 Cummins,
2283 2978 41 20 Esq.

1914 3000 81 16 Bankers
2001 3004 4 11 :
2017 2999 74 16 Messrs.
2098 2999 61 18 Glyn,
2170 2998 114 19 Hallifax,
2293 2999 70 21 Mills,
2370 3001 37 16 and
2414 3001 30 17 Co.

2007 3027 100 19 Secretary:
2119 3025 82 16 Samuel
2208 3026 94 20 Jackson,
2309 3027 43 21 Esq.

1978 3053 80 17 Colonial
2063 3053 102 21 Inspector:
2177 3053 18 16 J.
2202 3053 19 16 C.
2228 3053 102 21 M'Laren,
2338 3055 44 21 Esq.

2007 3102 68 20 New
2093 3101 123 20 Zealand
2234 3102 115 21 Branch.

1885 3135 55 17 Local
1946 3136 90 16 Directors
2042 3140 4 11 :
2062 3135 47 16 Geo.
2121 3135 17 16 S.
2149 3135 73 17 Evans,
2234 3135 50 21 Esq.,
2295 3136 69 21 D.C.L.,
2376 3139 37 17 and
2425 3139 46 17 Geo.

2105 3155 92 20 Hunter,
2209 3156 42 20 Esq.

1886 3185 96 20 Manager:
1992 3183 49 18 John
2049 3182 72 20 Smith,
2129 3183 48 20 Esq.,
2185 3183 37 16 late
2229 3184 20 15 of
2257 3184 32 16 the
2296 3184 117 19 Commercial
2419 3187 54 17 Bank

2053 3204 21 16 of
2082 3203 88 21 England,
2183 3204 122 18 Manchester.

1995 3232 114 23 Branches
2119 3236 24 18 at
2158 3232 97 28 Sydney,

2158 3267 89 22 Hobart
2255 3267 76 28 Town,

2159 3300 149 29 liaunceston,
2319 3302 46 23 and

2158 3334 55 22 Tort
2222 3335 81 28 Philip.

1886 3369 54 22 Port
1948 3368 131 28 Nicholson,
2089 3368 82 23 March
2180 3370 35 26 24,
2226 3370 62 21 1840.

1887 3423 92 22 fTIHE
1995 3422 115 23 Directors
2126 3422 26 22 of
2166 3423 40 22 the
2222 3422 57 23 New
2295 3422 98 23 Zealand
2407 3424 66 23 Land

1893 3448 31 23 X
1961 3450 117 28 Company
2091 3450 85 27 hereby
2192 3450 50 26 give
2258 3450 80 26 notice,
2355 3450 49 22 that
2417 3451 55 28 they

1885 3476 58 22 have
1950 3485 113 14 EFrECTED
2072 3485 31 14 an
2114 3483 170 15 arrangement
2292 3476 51 21 with
2350 3478 39 20 the
2396 3478 77 23 Union

1885 3504 65 22 Bank
1965 3505 25 21 of
2006 3504 121 26 Australia,
2144 3504 43 21 No.
2204 3505 33 24 38,
2253 3502 43 22 Old
2312 3503 160 29 Broad-street,

1886 3531 102 27 London,
1999 3531 35 21 for
2042 3531 38 21 the
2093 3530 167 22 establishment
2274 3530 26 21 of
2312 3537 13 14 a
2341 3530 131 24 BRANCH

1886 3558 89 22 BANK
1989 3558 34 22 IN
2038 3558 72 24 NEW
2124 3556 157 27 ZEALAND,
2294 3556 96 28 through
2399 3558 74 23 which

1882 3584 41 22 the
1932 3585 102 22 business
2047 3585 26 21 of
2086 3585 38 21 the
2140 3584 56 22 New
2211 3582 99 23 Zealand
2323 3583 66 23 Land
2405 3585 67 22 Com-

1885 3619 61 20 pany
1954 3612 46 21 will
2008 3612 28 21 be
2045 3610 134 23 transacted.
2206 3610 48 21 The
2269 3610 114 22 Directors
2398 3612 74 22 there-

1884 3641 48 19 tore
1942 3638 144 22 recommend
2095 3641 22 19 to
2135 3636 109 23 Colonists
2260 3636 37 22 the
2314 3637 76 22 Union
2406 3638 67 22 Bank

1884 3666 27 20 of
1930 3665 114 23 Australia
2061 3672 24 14 as
2103 3672 29 14 an
2157 3663 167 22 establishment
2345 3666 127 27 possessing

1884 3692 59 22 their
1958 3693 71 21 entire
2051 3692 136 26 confidence,
2208 3690 43 21 and
2271 3690 49 22 able
2338 3693 23 19 to
2378 3692 94 26 provide

1885 3719 126 27 effectually
2026 3719 35 22 for
2075 3718 39 22 the
2128 3717 104 23 financial
2246 3719 70 20 wants
2333 3717 26 22 of
2369 3719 37 21 the
2423 3719 49 22 first

1884 3746 135 22 settlement.

2052 3772 35 27 By
2096 3771 66 22 order
2169 3770 28 22 of
2206 3770 37 21 the
2253 3770 80 27 Board,

2129 3803 84 23 JOHN
2227 3802 103 28 WARD,
2345 3805 125 29 Secretary.

1884 3834 58 22 New
1950 3832 101 23 Zealand
2059 3831 67 22 Land
2134 3831 134 27 Company's
2277 3830 78 29 Office,
2370 3853 3 4 ,

1912 3869 20 23 1,
1943 3867 159 25 Adam-street,
2113 3864 103 27 Adelphi,
2227 3863 55 23 27th
2289 3864 60 27 Aug.
2368 3866 61 23 1839.

1884 3904 3 33 j
1922 3912 39 20 To
1978 3910 129 27 Captains
2117 3909 54 21 and
2184 3909 92 21 Mates
2291 3904 30 26 o£
2333 3910 116 23 vessels.

1885 3939 30 19 T
1931 3937 47 25 ,OG
1995 3937 75 22 Books
2088 3937 35 22 for
2138 3935 49 24 Sale
2204 3939 22 19 at
2244 3935 39 23 the
2298 3935 71 25 Office
2386 3935 24 26 61
2427 3937 47 25 tkia

1884 3958 48 32 J_J
1959 3971 75 21 paper.
