2520 4050
829 1067 121 22 CUSTOM
964 1067 109 21 HOUSE.

1881 140 96 25 without
1987 144 162 20 remonstrance
2158 140 45 24 and
2211 141 134 30 bitterness,
2356 142 44 23 and
2407 150 56 16 con-

1882 178 72 27 tempt
1972 174 45 23 and
2034 172 82 25 dislike
2128 173 20 23 of
2164 173 61 24 their
2238 175 85 29 .rulers,
2338 176 28 22 is.
2372 178 23 19 to
2407 183 57 23 sup-

1881 214 54 23 pose
1954 206 50 24 that
2019 206 87 24 human
2122 210 76 20 nature
2209 207 26 23 in
2245 206 59 24 New
2314 207 113 29 Zealand,,
2441 203 23 27 is

1883 239 102 24 different
1992 239 59 23 from
2061 239 81 24 human
2152 243 81 20 nature
2245 247 68 23 every
2323 240 75 24 where
2405 239 56 25 else.

1883 272 51 23 The
1950 272 109 32 impolicy
2069 280 24 15 as
2105 271 47 24 well
2168 279 26 16 as
2206 272 39 23 the
2262 272 108 32 injustice
2381 272 25 24 of
2424 272 40 24 the

1883 308 92 27 system,
1991 313 30 15 on
2031 304 74 24 which
2115 305 19 23 it
2141 304 19 24 is
2170 305 116 31 attemped
2296 309 23 19 to
2331 305 133 25 administer

1883 338 38 22 the
1933 337 155 24 Government
2096 338 25 23 of
2130 337 53 24 New
2194 337 110 30 Zealand,
2313 338 20 23 is
2341 338 64 29 such,
2413 338 51 24 that

1883 374 29 18 its
1924 374 129 27 supporters
2071 378 37 16 are
2119 371 75 23 driven
2211 375 23 19 to
2246 371 39 23 the
2300 376 63 18 most
2379 371 84 24 absurd

1883 401 97 24 theories
1997 403 46 22 and
2053 403 146 31 speculations
2208 403 37 24 for
2255 404 32 23 its
2298 404 104 31 apology.
2438 404 25 24 It

1883 442 45 16 was
1938 435 75 31 hoped
2022 436 46 22 and
2077 437 101 23 intended
2194 436 46 24 and
2247 436 87 31 plotted
2344 441 25 19 to
2381 437 82 24 seduce

1884 467 39 24 the
1934 467 58 24 New
1998 468 101 23 Zealand
2109 469 132 32 Company's
2250 469 91 24 settlers
2349 474 24 19 to
2380 469 82 24 Auck-

1883 500 54 23 land
1942 509 7 21 ;
1962 500 46 24 and
2017 500 45 24 had
2071 501 48 23 that
2126 502 38 23 end
2171 504 60 22 been
2239 502 108 29 attained,
2359 502 104 24 however

1883 533 156 24 discreditable
2046 533 39 24 the
2092 542 72 16 means
2171 536 65 29 used,
2249 536 64 23 there
2321 535 75 24 would
2405 535 58 24 have

1883 566 57 23 been
1952 574 14 15 a
1975 564 50 26 fair'
2036 566 96 31 apology
2142 569 87 22 created
2239 568 36 24 for
2286 569 127 30 remaining
2415 568 4 6 1
2429 572 32 26 at,

1884 599 86 31 though
1985 603 42 19 not
2034 599 36 23 for
2088 599 114 32 originally
2212 601 116 31 selecting,
2348 601 40 24 the
2405 601 60 24 Gulf

1884 631 26 24 of
1919 632 115 23 Shouraki
2045 640 25 15 as
2081 631 38 24 the
2130 637 43 18 seat
2181 633 25 22 of
2216 634 164 25 Government.
2415 634 49 24 But

1884 664 39 24 the
1940 665 88 31 shabby
2037 665 51 23 folk
2105 669 23 19 at
2144 665 121 25 Auckland
2282 675 58 16 were
2352 667 110 24 defeated.

1886 698 119 31 Crimping
2011 698 20 23 is
2038 705 29 16 no
2074 698 75 31 longer
2154 699 96 30 gainful.
2279 700 49 24 The
2335 700 130 25 settlement

1885 730 25 24 of
1919 731 86 23 Cook's
2017 732 83 23 Straits
2111 732 104 30 proceeds
2225 732 57 24 with
2290 734 87 30 vigour,
2389 733 77 25 whilst

1884 764 202 31 notwithstanding
2092 764 38 23 the
2136 764 154 32 importations
2298 766 60 23 from
2363 767 101 31 Sydney,

1884 797 128 23 Auckland-
2016 797 105 24 declines.
2140 798 46 23 The
2192 798 54 31 only
2251 798 92 24 defence
2353 799 112 24 therefore

1884 829 75 24 which
1971 830 98 32 Captain
2088 830 94 24 Hobson
2201 831 68 24 could
2285 831 57 24 have
2352 836 43 27 put
2404 832 62 24 forth

1884 863 36 23 for
1931 863 36 23 his
1981 862 79 25 'choice
2073 863 25 24 of
2111 864 36 23 the
2156 864 101 24 Thames
2258 877 33 4 —
2291 865 50 23 that
2354 866 31 22 its
2396 873 69 24 supe-

1885 897 79 29 riority
1975 896 45 23 had
2037 897 107 23 attracted
2156 905 125 17 numerous
2299 898 91 24 settlers
2406 899 60 23 from

1885 929 39 23 the
1947 929 137 31 Company's
2106 930 101 31 territory
2208 944 33 3 —
2241 932 21 22 is
2284 936 41 19 not
2344 932 120 24 available.

1886 962 51 24 The
1947 963 52 23 trial
2011 963 41 23 has
2072 963 61 23 been'
2145 963 70 29 made,
2235 964 45 24 and
2297 965 38 23 the
2347 965 119 24 Governor

1884 996 60 23 finds
1966 996 94 23 himself
2081 997 26 22 in
2128 1004 14 15 a
2164 997 117 31 minority.
2333 998 52 24 The
2413 998 53 31 only

1885 1029 89 31 ground
1984 1029 74 24 which
2076 1029 30 24 he
2124 1029 61 24 could
2205 1030 76 30 claim,
2298 1031 69 31 fairly
2387 1039 25 15 or
2422 1038 44 16 un-

1884 1062 74 31 fairly,
1970 1062 43 24 has
2024 1063 58 23 been
2094 1067 38 19 cut
2139 1062 55 24 from
2204 1063 74 24 under
2293 1063 48 24 him
2352 1073 7 20 ;
2382 1064 43 24 and
2436 1064 30 24 lie

1912 1096 79 23 stands
2162 1104 29 16 an
2206 1097 113 24 obstinate
2330 1097 46 24 and
2384 1097 82 24 foolish

1887 1129 126 29 Governor,
2024 1128 75 25 whose
2110 1133 60 27 great
2215 1130 81 24 stroke
2318 1131 26 23 of
2363 1130 77 31 policy

1910 1163 21 23 is
1942 1162 55 24 held
2007 1163 25 23 in
2043 1162 98 24 derision
2150 1163 23 23 in

1306 1183 50 23 The
1371 1182 125 31 Vanguard
1508 1184 72 30 spoke
1600 1184 39 23 the
1650 1183 85 24 Bolton
1747 1192 29 15 on
1787 1184 71 23 Mon-

1272 1215 44 32 day
1327 1217 113 30 morning,
1453 1217 70 23 about
1535 1218 31 22 12
1578 1217 66 23 miles
1662 1217 60 23 from
1738 1217 39 23 the
1788 1217 70 24 heads

1272 1250 25 23 of
1313 1250 58 23 Port
1382 1250 97 23 Nelson.

1306 951 50 24 The
1370 951 124 32 Vanguard
1506 952 60 23 from
1583 951 96 29 Nelson,
1692 952 53 23 beat
1756 951 46 24 into
1812 951 46 24 this

1273 984 58 24 Port
1342 992 29 16 on
1380 985 122 31 Thursday
1510 985 66 30 night
1584 986 89 30 against
1684 993 14 15 a
1709 989 80 26 strong
1797 984 62 24 wind

1271 1017 60 24 from
1341 1017 38 24 the
1390 1018 92 30 N.W.,.
1486 1019 87 22 amidst
1583 1026 14 15 a
1606 1018 82 31 deluge
1701 1019 24 22 of
1740 1019 57 27 rain,
1813 1018 46 23 and

1272 1052 24 22 in
1307 1051 78 31 pitchy
1397 1051 118 24 darkness.
1552 1051 51 24 The
1620 1051 98 32 Captain
1728 1051 68 24 knew
1812 1051 46 24 this

1272 1083 58 24 Port
1346 1084 44 23 and
1407 1084 41 23 felt
1465 1092 87 16 secure.
1594 1085 76 23 There
1689 1092 37 16 are
1743 1092 56 24 very
1815 1085 43 23 few

1271 1117 110 23 harbours
1401 1117 75 23 which
1495 1118 75 23 would
1590 1118 28 23 be
1638 1118 94 23 entered
1754 1118 26 23 in
1801 1118 58 29 such,

1272 1150 104 29 weather,
1389 1150 95 23 without
1495 1150 38 23 the
1545 1151 37 22 aid
1591 1151 25 23 of
1626 1151 72 30 lights
1709 1159 24 15 or
1744 1151 78 30 pilots.

805 1129 138 17 OUTWARDS,
955 1127 140 16 COASTWISE.

688 1152 29 20 In
726 1158 46 14 the
814 1151 97 21 Nelson
1058 1155 45 15 for
1117 1147 99 22 Nelson
1227 1149 18 19 &

661 1179 83 22 Queen
762 1179 166 20 Charlotte's
943 1178 88 20 Sound.
1032 1187 28 5 —
1063 1177 91 21 Wallace
1170 1177 18 24 Sf
1201 1176 41 25 Co.,

659 1208 84 25 Agents.
745 1217 29 4 —
774 1208 13 18 2
795 1212 58 15 cases
863 1205 106 26 windows,
980 1206 14 20 4
1009 1205 59 20 casks
1082 1203 70 24 bread,
1162 1204 14 19 2
1187 1208 57 15 cases

660 1234 76 24 starch,
747 1234 12 20 1
771 1236 38 17 ton
818 1233 61 26 nails,
891 1234 11 19 1
921 1236 38 17 ton
976 1233 47 24 salt,
1035 1233 40 19 221
1084 1231 42 21 feet
1135 1230 85 25 boards,
1231 1231 11 19 5

660 1264 46 19 cwt.
714 1262 37 19 bar
760 1262 54 23 iron,
825 1262 14 19 4
849 1261 51 26 kegs
908 1260 80 25 butter,
997 1261 11 19 1
1019 1259 49 21 cask
1076 1259 92 26 vinegar,
1179 1258 10 20 1
1197 1258 47 26 pair

660 1290 65 19 scales
738 1288 42 21 and
796 1288 94 26 weights,
901 1288 13 20 3
924 1288 63 20 hhds.
997 1288 14 19 3
1027 1286 78 21 barrels
1120 1286 39 23 ale,
1172 1286 11 20 1
1194 1285 50 21 cask

659 1316 86 26 brandy,
757 1316 11 19 1
780 1316 78 19 bundle
867 1315 98 25 bedding,
976 1315 70 20 White
1052 1314 18 26 8f
1079 1314 34 20 Co.
1114 1324 28 4 —
1143 1313 10 19 1
1164 1313 78 26 parcel,

662 1344 94 20 Tuckett.
757 1353 28 5 —
785 1344 14 19 2
809 1345 49 18 tons
869 1344 46 21 salt,
928 1344 10 19 1
957 1342 78 21 bundle
1046 1347 57 20 rugs,
1114 1342 12 19 2
1135 1342 43 18 sets
1188 1346 54 18 oars,

659 1372 96 24 Jackson,
768 1372 69 22 Queen
854 1370 125 21 Charlotte's
995 1369 104 20 Sound.—
1104 1369 11 19 l
1128 1367 78 20 bundle
1216 1368 26 19 17

659 1399 47 20 bars
715 1399 39 20 rod
767 1399 56 23 iron,
835 1399 11 19 1
865 1398 130 26 grindstone,
1006 1396 29 24 4£
1050 1398 46 18 cwt.
1105 1395 61 22 nails,
1179 1396 11 19 1
1204 1401 40 14 can
1251 1399 2 30 j

660 1427 59 26 paint
732 1426 35 24 oil,
779 1427 13 19 2
809 1426 52 26 kegs
870 1426 63 20 white
948 1425 56 25 lead,
1021 1425 11 20 1
1048 1423 78 21 bundle
1140 1422 101 21 blankets

661 1455 80 23 Thnms,
753 1453 62 20 ditto.

686 1481 29 21 In
728 1487 47 13 the
909 1486 47 14 for
969 1479 89 21 Kapiti
1073 1484 48 15 and
1135 1477 108 20 Wanga-

659 1508 194 25 nui.—Schroder,
869 1508 76 26 Agent.
947 1516 29 6 —
976 1507 12 20 4
1007 1507 68 20 chests
1091 1505 97 20 Markets
1201 1504 50 20 and-

659 1536 101 24 sundries,
779 1537 26 18 12
821 1536 49 20 iron
884 1537 56 25 pots,
959 1535 12 19 2
989 1540 57 14 cases
1055 1533 104 24 blankets,
1171 1533 12 20 1
1194 1532 50 20 cask

658 1564 44 25 gin,
719 1564 11 19 1
747 1569 49 15 case
811 1563 66 26 slops,
889 1564 10 18 1
915 1562 42 26 bag
973 1568 70 19 sugar,
1053 1562 14 18 2
1085 1566 57 14 cases
1158 1560 84 24 raisins,

658 1591 46 20 half
711 1591 63 20 tierce
784 1590 98 25 tobacco,
890 1591 10 19 1
911 1586 76 24 basket
996 1589 62 24 nails,
1067 1589 10 19 1
1088 1588 74 24 churn,
1173 1587 12 20 1
1195 1587 49 20 iron
1251 1587 2 35 j

658 1618 73 25 boiler,
748 1619 13 19 1
778 1618 42 25 keg
836 1619 157 24 ironmongery,
1004 1617 12 19 1
1027 1616 128 26 grindstone,
1167 1615 13 20 7
1191 1613 61 25 tins','

659 1647 11 19 2
681 1646 91 27 plumbs,
788 1647 14 19 2
818 1652 59 19 saws,
890 1646 10 19 1
911 1645 48 19 bale
971 1644 89 23 clothes,
1072 1644 10 19 1
1100 1643 48 19 cask
1157 1642 63 24 flour,
1232 1642 10 20 1

659 1680 46 14 case
719 1673 153 23 merchandize,
884 1673 12 19 3
912 1672 52 26 bags
981 1671 48 24 salt,
1041 1671 10 20 1
1067 1670 77 20 bundle
1160 1669 82 26 spades,

660 1702 9 19 1
684 1701 47 20 bale
744 1701 105 24 blankets,
860 1701 14 19 3
890 1699 61 21 casks
968 1699 89 24 clothes,
1067 1697 46 21 half
1120 1697 51 21 cask
1180 1697 62 26 pork,

661 1728 33 21 W.
704 1728 29 21 D.
745 1728 87 24 T/iring.

747 1775 176 21 IMPORTANT
928 1774 47 24 TO
991 1773 160 21 MARINERS.

684 1815 173 16 MEMORANDUM
881 1815 29 15 OF
940 1814 120 15 BEARINGS
1083 1814 29 15 OF
1131 1814 18 14 A
1173 1814 69 18 REEF,

658 1844 79 15 TAKEN
747 1843 33 16 ON
788 1843 81 15 BOARD
880 1843 46 15 THE
945 1842 126 15 SCHOONER
1103 1836 77 20 ARIEL
1214 1841 28 15 IN

658 1871 83 14 MARCH
752 1866 64 19 1840.

907 1892 52 21 bore
968 1894 51 18 west
1032 1891 47 21 half
1090 1891 70 24 south,
1166 1890 78 21 Gable-

657 1921 41 20 end
707 1920 102 21 Foreland
818 1921 64 20 north
891 1920 46 21 half
948 1921 60 23 west,
1018 1920 56 19 from
1088 1918 36 21 the
1139 1921 73 18 centre
1221 1918 25 20 of

656 1948 36 20 the
701 1949 49 24 reef,
761 1949 69 19 which
838 1954 44 14 was
898 1947 112 20 estimated
1024 1949 24 18 to
1065 1946 75 21 extend
1151 1951 41 15 one
1201 1946 51 21 and.

656 1982 12 14 a
677 1975 47 21 half
734 1975 50 21 mile
800 1975 82 27 (nearly
891 1975 64 20 north
972 1974 42 21 and
1030 1972 79 28 south,)
1120 1973 42 20 and
1178 1970 23 24 to'
1216 1973 28 20 be

656 2003 65 20 about
730 2005 36 18 ten
774 2003 61 20 miles
846 2003 29 20 off
888 2002 70 21 shore.
988 2016 2 6 .
1016 2017 11 6 .-
1086 2015 3 8 >

682 2031 28 19 In
719 2031 35 19 the
770 2031 110 24 following
889 2035 45 20 year
953 2029 37 19 the
1006 2029 47 19 reef
1064 2033 41 15 was
1122 2028 60 25 again
1192 2033 51 14 seen

655 2057 29 25 by
699 2057 89 26 Captain
805 2057 65 25 Wing
886 2056 42 20 and
945 2055 80 27 myself
1041 2055 25 20 in
1087 2055 36 20 the
1138 2054 106 21 schooner

655 2085 104 24 Dtborah,
770 2085 43 19 and
822 2085 37 20 the
868 2083 98 26 bearings
976 2083 64 21 taken
1049 2082 28 27 by
1086 2088 13 14 a
1107 2082 50 20 boat
1168 2088 29 13 on
1205 2081 38 20 the

655 2113 46 19 reef
713 2118 23 14 as
744 2112 90 20 follows.

682 2139 64 21 Table
762 2139 58 28 Cape
844 2139 47 21 S.S.
908 2140 62 23 west,
983 2137 80 26 Young
1085 2136 76 22 Nick's
1180 2135 64 21 Head

656 2167 58 21 S.W.
723 2167 41 21 and
773 2167 29 27 by
812 2167 35 21 W.
856 2166 47 21 half
915 2166 37 20 W.

684 2195 119 20 Gable-end
818 2193 104 22 Foreland
933 2193 31 21 N.
975 2193 41 20 and
1030 2193 29 26 by
1066 2192 37 21 W.
1129 2191 46 21 The
1190 2191 54 20 least

654 2226 65 17 water
740 2228 28 15 on
785 2223 36 20 the
842 2222 47 21 reef
908 2221 32 27 (at
961 2221 66 20 about
1046 2220 51 26 high
1112 2221 64 19 -water
1189 2225 55 20 neap

655 2249 71 27 tides,)
737 2256 43 14 was
790 2251 60 19 three
859 2249 92 20 fathoms
953 2259 26 4 —
979 2249 19 19 it
1006 2249 20 19 is
1040 2254 51 20 very
1102 2252 90 19 narrow,
1202 2246 42 20 and

654 2283 31 14 we
694 2278 110 20 estimated
814 2278 37 20 the
867 2280 92 18 extreme
974 2276 74 26 length
1061 2277 23 19 to
1094 2275 26 20 be
1135 2274 58 21 from,
1202 2276 42 19 two

654 2308 24 17 to
689 2306 58 19 three
755 2306 72 19 miles.

712 2332 95 28 (Signed)
938 2330 25 23 J.
976 2330 37 21 W.
1027 2330 105 25 Harris,

1020 2358 33 21 Of
1063 2358 89 25 Poverty
1162 2356 54 27 Bay.

654 2388 140 25 Wellington,
804 2386 78 21 March
891 2387 36 26 15,
939 2387 63 20 1842.

741 2447 294 24 METEOROLOGICAL
1048 2446 109 22 TABLE.

664 2484 44 20 For
717 2483 35 21 the
759 2483 57 20 week
825 2482 75 25 ending
910 2482 118 25 Thursday,
1039 2481 76 21 March
1126 2481 34 23 10,
1172 2480 63 21 1842.

1919 1219 72 24 From
2011 1219 40 24 the
2071 1220 87 26 Hobart
2175 1220 74 24 Town
2271 1229 144 24 newspapers
2433 1229 34 17 we

1884 1252 64 24 learn
1959 1253 50 23 that
2020 1253 50 23 that
2088 1258 52 26 part
2156 1253 22 23 of
2193 1253 55 25 Van
2267 1254 120 24 Diemen's
2398 1255 69 24 Land

1884 1286 42 23 has
1939 1286 57 23 been
2008 1286 99 23 afflicted
2117 1286 49 23 with
2177 1293 79 18 severe
2269 1287 106 32 drought.
2410 1288 25 24 It
2445 1290 22 23 is

1886 1319 49 23 said
1946 1319 50 23 that
2015 1323 96 20 streams
2126 1320 27 26 .of
2164 1324 79 25 water,
2255 1328 70 16 never
2343 1321 85 24 known
2443 1326 24 20 to

1884 1352 41 23 fail
1942 1353 84 28 before,
2046 1352 58 24 have
2123 1353 40 24 this
2185 1361 56 23 year
2257 1354 61 24 been
2337 1354 65 24 dried
2424 1363 42 24 up.

1886 1386 62 26 The.
1955 1386 95 31 damage
2067 1390 24 20 to
2110 1394 60 23 crops
2189 1387 21 23 is
2232 1387 164 32 consequently
2410 1396 57 23 very

1884 1423 73 27 great.
1994 1419 75 24 These
2080 1420 122 23 visitations
2220 1428 26 15 so
2258 1429 105 16 common
2374 1426 23 19 to
2408 1421 59 24 New

1886 1452 75 23 South
1970 1452 88 29 Wales,
2068 1453 47 23 less
2131 1453 103 32 frequent
2245 1454 24 23 in
2279 1453 54 25 Van
2344 1454 121 24 Diemen's

1884 1485 77 29 Land,
1981 1494 38 15 are
2036 1490 42 19 not
2097 1490 23 19 to
2138 1487 24 22 be
2180 1487 160 31 apprehended
2357 1488 26 23 in
2408 1488 59 24 New

1884 1519 109 24 Zealand.
2028 1519 45 23 We
2084 1520 56 23 have
2151 1520 67 23 heard
2236 1520 134 31 complaints
2379 1521 34 23 .of
2427 1521 40 25 the

1884 1556 61 20 want
1956 1553 26 22 of
1995 1553 51 23 rain
2056 1553 25 22 in
2100 1553 38 23 the
2155 1553 55 24 Port
2229 1553 129 24 Nicholson
2378 1554 89 25 district

1885 1586 83 30 during
1975 1586 38 23 the
2022 1586 45 23 last
2074 1586 44 24 few
2124 1586 72 24 weeks
2205 1596 6 20 ;
2231 1586 42 24 but
2279 1587 39 23 the
2328 1587 97 25 weather
2431 1596 35 16 we

1884 1619 58 24 have
1964 1619 150 31 experienced
2130 1620 24 23 in
2170 1627 42 16 our
2232 1620 63 32 July,
2307 1621 101 31 August,
2421 1622 46 23 and

1886 1652 141 31 September,
2036 1652 71 32 ought
2114 1657 23 19 to
2144 1652 24 24 be
2178 1653 124 25 welcomed
2309 1662 25 16 as
2344 1659 62 19 most
2413 1662 52 16 sea-

1884 1685 101 24 sonable.
2022 1686 49 23 The
2083 1687 86 23 harvest
2180 1687 70 31 being
2265 1692 42 26 got
2317 1688 32 28 in,
2361 1688 51 23 fain
2422 1688 44 23 has

1883 1719 78 29 fallen,
1974 1719 45 23 and
2029 1720 126 30 vegetation
2163 1720 41 23 has
2216 1721 68 29 again
2295 1721 73 23 taken-
2374 1730 14 14 a
2399 1726 66 20 start.

1922 1763 39 21 We
1973 1760 90 24 confess
2074 1768 33 16 we
2118 1760 51 24 have
2180 1768 30 16 no
2229 1762 104 31 patience
2344 1761 57 25 with
2411 1770 53 23 per-

1885 1801 54 16 sons
1957 1793 51 24 who
2027 1794 111 31 complain
2157 1794 21 24 of
2192 1794 47 24 this
2258 1795 98 24 climate.
2399 1795 68 31 They

1884 1826 51 24 who
1947 1827 87 24 arrived
2055 1828 51 23 first
2123 1829 24 22 in
2162 1828 37 23 the
2219 1828 97 31 Colony,
2329 1829 23 23 in
2365 1828 101 24 additian,

1885 1864 24 19 to
1928 1868 69 23 many
2008 1868 148 23 annoyances,
2168 1861 45 24 and
2232 1862 71 23 much
2321 1862 144 31 discourage-

1884 1898 71 24 ment,
1964 1894 102 23 incident
2077 1899 22 18 to
2112 1894 37 24 the
2163 1895 49 23 first
2231 1899 97 28 attempt
2339 1899 24 19 at
2374 1894 93 33 settling

1884 1928 26 22 in
1921 1935 13 15 a
1945 1935 50 16 new
2006 1932 103 26 country,
2121 1927 96 24 endured
2234 1936 30 15 an
2283 1929 109 31 unusally
2403 1930 64 30 raiay

1885 1960 45 24 and
1942 1960 89 31 squally
2041 1968 90 17 season.
2163 1961 43 24 We
2218 1961 60 24 have
2288 1962 59 24 been
2358 1962 49 24 told
2418 1963 49 23 that

1885 1994 39 23 the
1935 1994 43 23 few
1989 1994 135 30 Europeans
2144 1994 45 24 who
2208 1995 48 23 had
2274 1996 100 23 resided-
2382 2004 31 15 on
2427 1996 40 23 the

1885 2026 78 23 shores
1982 2026 26 23 of
2031 2026 84 23 Cdok's
2136 2027 88 28 Straits,
2248 2028 46 22 and
2313 2028 39 22 the

1885 2066 59 16 were
1966 2060 63 30 quite
2051 2059 80 31 aghast
2154 2064 18 18 at
2193 2059 41 24 the
2256 2060 100 24 weather
2377 2062 26 22 in
2427 2061 39 24 the

1885 2092 79 23 winter
1984 2092 26 23 of
2034 2094 64 22 1839
2100 2104 33 5 —
2134 2094 36 22 40.
2205 2093 50 23 But
2273 2094 40 22 the
2332 2095 135 30 succeeding

1886 2125 91 24 settlers
1996 2125 58 24 have
2072 2127 145 29 experienced
2234 2127 98 31 nothing
2349 2127 50 24 like
2417 2128 50 23 that

1881 2158 118 30 •weather;
2026 2159 45 23 and
2091 2167 53 23 may
2161 2160 152 30 congratulate
2330 2160 137 24 themselves

1887 2199 30 16 on
1935 2192 59 23 their
2015 2191 116 32 exchange
2150 2193 21 23 of
2191 2193 99 25 climate;
2342 2194 52 24 The
2414 2199 53 28 past

1887 2233 100 16 summer
1998 2226 45 23 and
2060 2226 40 23 the
2118 2231 88 26 present
2226 2231 97 20 autumn
2338 2227 60 24 liave
2408 2228 58 24 been

1887 2258 126 32 admirably
2032 2259 95 32 adapted
2146 2263 20 20 to
2183 2260 39 23 the
2239 2261 90 30 growth
2347 2262 26 22 of
2394 2262 72 30 grain,

1881 2292 68 30 .fruit,
1972 2292 45 24 and
2032 2293 133 30 vegetables,
2182 2301 30 16 on
2230 2294 32 24 all
2278 2295 43 23 but
2341 2294 39 25 the
2399 2295 68 24 driest

1886 2326 64 23 land.

1921 2359 24 24 It
1956 2360 20 23 is
1988 2360 25 23 of
2028 2364 64 27 great
2109 2360 136 32 importance
2256 2362 51 24 that
2324 2362 46 24 this
2387 2362 79 25 should

1886 2393 30 23 be
1926 2393 85 24 known
2022 2394 24 23 in
2058 2393 106 32 England
2171 2403 4 21 ;
2196 2396 124 31 especially
2331 2404 25 16 as
2366 2396 40 24 the
2417 2397 50 23 first

1888 2431 107 19 accounts
2006 2435 58 16 were
2083 2431 41 20 not
2138 2428 134 30 favourable,
2278 2429 43 27 .for
2338 2429 39 25 the
2387 2438 81 16 reason

1888 2460 73 24 stated
1961 2473 33 4 —
1995 2460 39 24 the
2050 2461 101 24 unusual
2166 2461 141 33 inclemency
2323 2463 24 24 of
2362 2463 40 24 the
2418 2464 51 23 first

1888 2501 81 16 season
1987 2494 39 24 the
2044 2495 91 23 settlers
2154 2494 41 25 had
2213 2499 24 20 to
2258 2501 132 19 encounter.
2424 2497 44 23 We

1888 2535 50 16 now
1950 2527 69 24 know
2031 2528 128 32 something
2169 2529 22 24 of
2206 2529 39 24 the
2253 2551 4 4 .
2264 2530 97 29 climate,
2375 2530 44 24 and
2430 2537 37 16 are

1887 2560 124 33 beginning
2034 2565 24 19 to
2080 2562 64 24 learn
2165 2562 35 24 the
2222 2563 64 30 right
2312 2572 95 16 seasons
2433 2564 36 23 for

1888 2595 93 30 sowing,
2003 2594 123 32 planting,,
2137 2596 39 23 and
2198 2597 123 31 gathering
2343 2597 39 24 the
2405 2602 63 26 great

1888 2628 87 31 variety
1992 2628 26 24 of
2040 2629 107 30 products
2164 2629 32 23 for
2213 2630 76 23 which
2312 2630 38 24 the
2372 2631 55 23 land
2448 2631 21 23 is

1888 2661 111 30 suitable;
2020 2661 44 24 and
2079 2670 34 15 we
2131 2670 40 15 can
2189 2663 122 31 generally.
2319 2664 96 24 confirm
2431 2664 38 24 the

1887 2694 63 24 truth
1968 2695 26 23 of
2008 2694 65 24 those
2091 2699 128 20 statements
2239 2696 25 24 of
2278 2697 96 30 fertility
2386 2697 26 23 of
2427 2698 43 24 soil

1887 2728 45 23 and
1949 2728 109 32 geniality
2077 2729 25 23 of
2116 2729 92 28 climate,
2229 2729 76 24 which
2326 2730 98 25 induced
2442 2739 26 15 so

1887 2769 69 24 many
1966 2765 24 20 to
2008 2762 105 24 abandon
2130 2762 54 24 their
2200 2762 82 24 homes
2290 2763 46 30 Joi
2356 2764 49 24 this
2415 2764 55 24 land

1888 2795 26 23 of
1928 2795 108 30 promise.

1303 1307 44 25 We
1357 1307 58 25 have
1426 1307 70 24 heard
1507 1316 16 16 a
1533 1309 97 23 surmise
1647 1309 50 23 that
1718 1308 39 24 the
1775 1308 82 24 Muni-

1271 1341 59 31 cipal
1340 1341 148 32 Corporation
1500 1341 130 24 Ordinance
1641 1346 83 19 cannot
1736 1350 63 16 come
1808 1343 50 23 into

1272 1375 115 30 operation
1404 1375 59 23 until
1489 1374 39 24 the
1547 1379 94 19 consent
1659 1375 27 23 of
1708 1375 39 23 the
1768 1375 89 30 Crown,

1270 1407 50 24 that
1332 1408 20 23 is
1369 1412 23 19 to
1405 1416 48 23 say,
1465 1408 38 24 the
1523 1409 104 22 sanction
1637 1409 26 23 of
1678 1408 39 24 the
1735 1409 122 31 Secretary

1271 1441 25 23 of
1311 1441 64 23 State
1385 1441 36 23 for
1432 1441 38 24 the
1484 1441 115 29 Colonies,
1611 1441 56 24 has,
1670 1441 59 25 been
1742 1442 114 24 obtained.

1271 1473 24 25 A
1306 1474 107 31 despatch
1423 1474 61 24 from.
1501 1475 63 24 Lord
1583 1474 61 25 John
1663 1474 97 25 Russell
1777 1480 23 19 to
1820 1476 38 23 Sir

1272 1507 90 32 George
1376 1507 82 32 Gipps.
1467 1516 74 16 seems
1559 1513 24 19 to
1601 1513 43 27 put
1656 1508 51 24 that
1719 1509 105 31 question
1835 1513 24 19 at

1262 1546 63 19 •rest.
1359 1541 68 24 After
1448 1542 87 30 stating
1551 1542 51 23 that
1618 1542 90 23 neither
1724 1542 39 23 the
1776 1542 82 23 Crown

1272 1581 43 17 nor
1326 1574 37 24 the
1375 1574 72 24 Local
1459 1575 157 23 Government
1627 1582 94 25 possess
1732 1575 40 23 the
1783 1582 75 24 power

1270 1615 119 23 necessary
1411 1612 23 19 to
1457 1612 74 19 create
1554 1608 131 32 Municipal
1706 1609 151 29 institutions,

1271 1640 64 24 Lord
1345 1640 61 25 John
1414 1648 54 24 goes
1481 1649 29 15 on
1521 1645 23 19 to
1557 1649 42 24 say
1600 1654 33 5 —

1273 1681 3 21 ;
1296 1678 86 23 Doubts
1394 1686 80 21 appear
1488 1682 21 20 to
1523 1680 59 22 have
1595 1680 57 22 been
1665 1680 74 22 raised
1753 1680 32 28 by
1797 1687 61 15 some

1270 1713 87 20 persons
1364 1707 25 20 in
1397 1706 38 22 the
1446 1707 83 28 Colony
1538 1715 23 14 as
1570 1710 23 18 to
1601 1707 38 22 the
1648 1710 144 25 competency
1803 1714 55 15 even

1271 1732 24 22 of
1305 1732 38 22 the
1356 1733 73 22 Local'
1437 1734 137 27 Legislature
1589 1741 26 22 as,
1627 1741 49 15 now
1686 1734 139 27 constituted,
1836 1737 22 19 to

1272 1762 64 19 enact
1345 1760 53 22 such
1408 1768 13 14 a
1428 1760 49 23 law.
1507 1761 24 21 It
1543 1768 92 21 appears
1644 1763 22 19 to
1679 1768 45 19 me,
1735 1763 48 19 tnat
1796 1761 62 22 there

1272 1793 40 15 can
1324 1787 66 21 beno
1401 1787 97 23 efficient
1506 1788 90 27 ground
1604 1788 35 21 for
1648 1788 56 21 such
1714 1795 29 14 an
1758 1788 99 27 opinion.

1299 1813 136 23 Parliament
1449 1814 44 22 had
1511 1815 104 22 confided
1629 1817 22 19 to
1666 1814 39 22 the
1719 1815 139 27 Legislature

1272 1840 26 22 of
1303 1838 15 24 '
1318 1838 46 24 New
1378 1841 71 22 South
1456 1841 89 27 ■Wales,
1561 1848 75 21 power
1646 1841 25 22 of
1682 1841 138 27 Legislation
1835 1849 24 15 as

1272 1868 72 27 ample
1360 1875 23 14 as
1393 1875 38 15 are
1448 1868 95 27 enjoyed
1552 1869 30 27 by
1599 1868 37 22 the
1647 1868 136 27 Legislative
1799 1868 60 28 body

1272 1894 23 22 of
1315 1901 42 20 any
1375 1894 63 22 other
1455 1895 94 28 Colony.
1583 1895 28 22 In
1629 1895 28 21 all
1676 1895 64 22 other
1756 1895 103 23 Colonies

1271 1920 62 22 these
1343 1928 84 20 powers
1435 1921 63 23 have'
1503 1922 59 22 been
1575 1921 137 23 understood
1722 1925 22 19 to
1754 1923 28 21 be
1797 1923 62 21 suffi-

1266 1946 88 33 ciently
1360 1948 73 27 ample
1439 1951 23 19 to
1464 1949 81 26 justify
1551 1949 38 21 the
1596 1949 99 22 creation
1702 1949 26 21 of
1733 1949 126 28 Municipal

1265 1974 168 28 'Corporations.
1468 1975 34 22 Of
1513 1975 51 28 this,
1582 1983 55 20 very
1652 1979 78 19 recent
1745 1976 113 28 examples

1262 2002 102 26 ;nhay>lie
1379 2002 71 22 found
1467 2002 26 22 in
1511 2002 99 27 Canada,
1630 2003 109 26 Jamaica,
1761 2003 95 26 Guiana,

1272 2028 69 20 South
1355 2028 121 26 Australia,
1493 2028 44 22 and
1545 2029 25 21 in
1585 2029 86 21 several
1681 2029 64 21 other
1757 2028 102 23 Colonial

1272 2053 169 27 Dependencies
1448 2054 24 22 of
1480 2054 44 22 this
1531 2058 99 24 country.
1654 2055 49 22 The
1711 2059 147 24 competency

1272 2080 25 22 of
1303 2077 62 25 those
1376 2080 70 23 Local
1455 2081 150 27 Legislatures
1611 2085 22 18 to
1643 2082 67 21 make
1720 2082 56 22 such
1783 2086 76 18 enact-

1272 2111 73 18 ments
1357 2107 40 22 has
1411 2111 40 18 not
1465 2108 56 22 been
1538 2108 98 22 doubted
1649 2109 30 28 by
1694 2109 38 21 the
1745 2109 59 27 legal
1818 2109 40 22 ad-

1272 2134 69 22 visers
1350 2134 25 22 of
1385 2134 38 22 the
1437 2135 81 21 Crown
1533 2135 71 21 either
1618 2138 23 19 at
1653 2135 69 23 home
1732 2143 25 14 or
1768 2137 89 26 abroad,

1272 2168 25 14 or
1311 2160 32 28 by
1351 2160 36 23 the
1397 2161 84 22 British
1491 2162 80 22 Courts
1588 2162 27 22 of
1625 2162 94 27 Justice,
1731 2170 26 14 or
1773 2163 30 27 by
1813 2170 45 20 any

1273 2187 64 23 other
1349 2195 80 20 person
1442 2188 36 22 for
1494 2189 75 22 whose
1585 2189 91 28 opinion
1693 2196 30 15 on
1738 2189 56 23 such
1808 2190 51 22 sub-

1269 2215 64 27 jects,
1344 2215 98 28 peculiar
1453 2215 113 28 authority
1575 2215 19 22 is
1604 2223 25 15 so
1639 2215 103 23 claimed.

1299 2242 11 21 I
1319 2242 191 26 would;therefore
1517 2243 55 21 wish
1579 2243 50 21 that
1636 2250 46 20 you
1689 2243 75 23 would
1771 2250 88 16 resume

1272 2268 37 22 the
1319 2269 92 28 subject,
1423 2269 45 22 and
1476 2269 83 22 induce
1568 2269 38 23 the
1622 2269 136 28 Legislative
1769 2271 90 21 Assem-

1272 2295 38 28 bly
1320 2300 23 17 to
1351 2299 65 19 enact
1425 2296 38 22 the
1473 2297 127 27 Municipal
1610 2297 45 21 and
1670 2297 39 22 the
1718 2297 77 22 Police
1804 2297 55 23 Bills

1272 2323 24 21 in
1306 2322 43 26 .the
1361 2323 60 22 form
1434 2323 26 21 in
1473 2323 75 23 which
1556 2322 54 29 they
1620 2330 58 16 were
1693 2324 118 27 originally
1823 2324 36 22 in-

1273 2349 105 23 troduced
1385 2357 5 19 ;
1406 2349 84 27 adding
1499 2358 14 14 a
1527 2350 111 22 Schedule
1651 2353 23 19 to
1684 2351 40 21 the
1734 2351 125 27 Municipal

1274 2377 160 28 Corporations'
1441 2395 4 6 ,
1454 2377 50 27 BUI,
1524 2377 74 22 which
1616 2377 80 23 should
1714 2378 85 27 specify
1821 2378 38 22 tire

1274 2407 69 19 towns
1352 2403 23 23 in
1385 2403 73 23 which
1465 2404 56 22 such
1530 2403 74 23 would
1613 2404 28 22 he
1649 2404 141 22 established.

1305 2439 58 24 New
1374 2439 101 24 Zealand
1486 2440 20 23 is
1517 2443 42 20 not
1569 2440 83 23 named
1666 2440 33 31 by
1716 2440 66 24 Lord
1799 2440 61 25 John

1273 2473 94 24 Russell
1375 2482 6 21 ;
1400 2473 42 23 but
1454 2473 63 23 there
1540 2480 43 17 can
1604 2473 30 24 be
1655 2482 30 15 no
1709 2473 78 31 doubt,
1810 2475 50 23 that

1272 2514 87 23 powers
1368 2506 66 31 equal
1444 2511 24 19 to
1486 2506 66 24 those
1570 2507 68 30 given
1660 2511 24 19 to
1707 2507 59 24 New
1785 2508 75 23 South

1274 2539 76 24 Wales
1362 2540 44 23 and
1412 2541 5 3 '
1425 2539 74 24 South
1516 2539 120 24 Australia
1646 2548 39 16 are
1696 2541 122 31 possessed
1829 2542 31 32 by

1274 2574 36 23 the
1322 2573 143 31 Legislature
1482 2573 25 24 of
1526 2573 51 24 this'
1591 2573 88 32 Colony
1687 2583 8 20 ;
1721 2575 45 23 and
1785 2583 75 15 more-

1274 2615 52 16 over
1338 2607 37 23 the
1388 2606 118 24 Governor
1517 2614 47 16 was
1585 2607 119 31 expressly
1726 2607 99 24 directed
1836 2613 24 19 to

1273 2640 115 24 introduce
1397 2648 13 16 a
1423 2640 150 31 Corporation
1583 2640 49 24 Bill
1643 2641 36 23 for
1691 2641 58 23 Port
1761 2641 99 24 Nichol-

1274 2682 41 15 son
1315 2685 29 5 —
1344 2674 5 16 :
1349 2673 36 24 the
1393 2690 6 4 -
1408 2673 54 31 only
1480 2678 62 19 town
1558 2675 26 22 in
1601 2674 40 23 the
1661 2674 89 32 Colony
1773 2675 56 24 with
1847 2684 13 15 a

1272 2707 130 32 population
1413 2707 106 31 entitling
1530 2707 20 25 it
1559 2711 23 19 to
1595 2715 14 16 a
1621 2707 161 32 Corporation.
1822 2708 38 25 As

1274 2748 55 17 soon
1339 2749 24 15 as
1373 2740 38 24 the
1423 2740 131 24 Ordinance
1572 2741 25 23 in
1614 2741 31 23 its
1662 2741 57 24 final
1735 2741 60 24 form
1817 2741 42 25 ha
1859 2740 1 26 3

1273 2775 56 23 been
1341 2774 109 30 received,
1463 2774 46 23 and
1519 2774 56 24 time
1586 2775 69 30 given
1660 2784 3 4 ■
1670 2774 37 24 for
1722 2774 32 24 its
1773 2776 87 23 exami-

1274 2809 84 28 nation,
1373 2807 64 24 there
1456 2807 71 31 ought
1536 2812 23 19 to
1571 2807 29 24 be
1612 2816 14 15 a
1636 2808 77 31 public
1724 2809 101 31 meeting
1836 2814 24 19 to

1274 2841 109 29 consider,
1395 2842 25 22 in
1432 2841 38 23 the
1480 2841 52 23 first
1540 2841 74 31 place,
1622 2841 101 24 whether
1734 2842 18 23 it
1763 2842 59 24 shall
1830 2843 30 24 be

1274 2875 104 31 accepted
1383 2884 7 20 ;
1402 2875 43 29 for,
1453 2882 35 16 we
1494 2874 148 30 understand,
1650 2875 51 24 that
1707 2875 45 25 the
1752 2875 108 25 Gover-

1273 2913 62 19 nment
1347 2908 45 24 will
1401 2912 41 20 not
1460 2911 96 28 attempt
1575 2912 23 20 to
1616 2908 63 24 force
1695 2909 40 23 the
1745 2911 4 6 '
1755 2917 105 16 measure

1273 2950 61 24 upon
1354 2950 43 23 any
1414 2946 61 19 town
1484 2950 7 21 ;
1512 2941 53 30 and,
1583 2942 117 31 secondly,
1720 2943 26 22 in
1757 2950 53 16 case
1820 2943 40 24 the

1273 2975 122 24 resolution
1406 2974 82 25 should
1498 2976 30 23 be
1542 2976 26 23 in
1585 2975 82 24 favour
1684 2976 26 23 of
1731 2975 83 32 taking
1830 2977 28 29 it,

1274 3014 21 19 to
1308 3009 91 24 address
1411 3009 39 23 the
1464 3009 119 24 Governor
1593 3013 23 20 to
1629 3017 67 15 cause
1717 3017 14 16 a
1742 3018 81 15 census
1836 3014 22 19 to

1272 3043 28 23 be
1326 3042 82 29 made,*
1422 3041 32 32 (if
1479 3042 31 24 he
1529 3042 82 24 thinks
1637 3051 14 15 a
1663 3047 91 19 'census
1779 3051 79 16 neces-

1273 3075 72 32 sary,)
1363 3075 44 24 and
1425 3080 43 27 put
1478 3075 39 24 the
1528 3075 43 24 law
1583 3076 49 23 into
1644 3077 128 30 operation.

1922 2846 70 24 Until
2001 2854 54 24 very
2073 2847 69 31 lately
2159 2847 17 24 it
2192 2855 47 16 was
2252 2848 31 23 all
2297 2850 124 30 'outgoing,
2439 2857 30 16 no

1887 2880 116 31 incoming
2013 2880 35 24 for
2065 2880 39 24 the
2119 2880 128 25 landholder
2259 2881 45 24 and
2323 2883 113 30 capitalist
2446 2884 24 23 in

1888 2913 57 24 Port
1964 2913 128 24 Nicholson
2102 2924 7 20 ;
2128 2915 41 23 but
2182 2922 58 22 now,
2247 2923 44 19 we
2304 2923 38 16 are
2352 2918 78 30 happy
2446 2922 24 18 to

1886 2946 56 30 find,
1955 2954 63 17 some
2032 2948 24 23 of
2070 2947 40 25 the
2128 2956 78 23 money
2225 2953 68 28 spent
2312 2950 26 22 in
2357 2958 75 23 wages
2450 2951 20 22 is

1886 2980 88 31 finding
1984 2981 31 24 its
2032 2989 51 23 way
2100 2981 59 24 back
2173 2986 23 19 to
2214 2982 67 24 those
2298 2982 51 25 who
2372 2983 99 24 founded

1887 3014 39 23 the
1938 3014 96 31 Colony.
2069 3014 25 24 A
2105 3019 51 28 part
2163 3015 21 23 of
2192 3015 39 25 the
2243 3016 130 24 Wakefield
2385 3022 85 25 system

1886 3048 21 22 is
1929 3048 26 23 in
1975 3056 93 23 process
2091 3049 26 23 of
2140 3049 105 31 practical
2267 3049 141 31 realization,
2435 3051 35 23 for
2481 3068 4 2 -

1886 3088 69 24 many
1963 3082 50 23 who
2022 3089 62 17 came
2095 3086 24 20 to
2130 3082 53 24 Nevr
2196 3083 102 24 Zealand
2309 3091 26 15 as
2346 3084 123 29 labourers,

1886 3113 58 25 have
1953 3122 4 2 '
1964 3115 129 31 purchased
2100 3115 63 31 4ittle
2177 3116 73 29 farms,
2268 3117 39 23 for-
2326 3117 144 29 themselves,

1888 3147 44 25 and
1947 3149 94 24 become
2053 3150 131 31 employers,
2187 3150 26 24 of
2227 3146 109 31 labour!,-
2350 3149 121 34 Although

1886 3181 39 24 the
1942 3182 65 24 trade
2018 3183 26 23 of
2055 3183 41 24 the
2105 3188 53 27 port
2172 3184 17 23 is
2199 3183 138 31 increasing,
2356 3183 47 24 and

1888 3219 75 28 spects
1974 3224 39 16 are
2024 3217 116 31 generally
2151 3216 61 32 goodi
2224 3224 34 16 we
2267 3217 81 30 regard
2357 3216 40 25 the
2406 3222 63 20 tran-

1888 3249 69 24 sition
1971 3250 26 23 of
2011 3250 118 24 labourers
2146 3251 43 23 into
2200 3249 143 25 landowners
2354 3258 26 15 as
2393 3259 42 16 one
2447 3252 25 23 of

1887 3280 39 26 the
1940 3288 61 19 most
2012 3284 144 31 satisfactory
2166 3287 120 28 symptoms
2303 3283 27 23 in
2341 3291 42 17 our
2400 3285 71 23 social

1888 3316 49 24 and'
1954 3317 139 24 economical
2114 3317 94 31 position
2208 3329 34 5 —
2242 3316 93 31 always,
2355 3317 112 31 however,

1888 3358 30 16 on
1935 3350 39 24 the
1992 3352 141 30 assumption
2145 3350 46 24 that
2199 3352 31 21 'a'
2240 3350 97 31 copious,
2352 3352 83 32 supply
2446 3352 26 24 of

1886 3383 82 33 labour
1977 3383 21 25 is
2003 3379 29 29 ib
2044 3385 105 23 continue
2153 3383 60 24 -from
2224 3383 119 31 England.

1888 3464 5 4 .
1922 3443 48 24 Mr.
1977 3445 2 4 '
1991 3443 32 24 E.
2043 3445 22 22 J.
2084 3442 144 24 Wakefield's
2244 3442 101 33 journey
2352 3451 2 8 '
2361 3444 50 24 into
2429 3445 38 24 the

1888 3477 82 31 Taupo
1981 3480 103 26 country,
2095 3475 43 24 has
2154 3476 90 24 enabled
2257 3476 49 25 him
2324 3481 23 20 to
2366 3477 102 25 describe

1888 3518 14 16 a
1919 3514 51 27 part
1987 3510 26 24 of
2024 3510 69 26 .New
2224 3517 57 24 very
2297 3510 68 25 little,
2374 3511 93 25 known.

1889 3543 30 24 In
1935 3543 56 24 -Mr.
2013 3542 117 25 Bidwell's
2150 3543 56 24 book
2317 3552 39 17 are
2382 3545 87 24 several

1888 3576 111 26 mistakes
2007 3586 7 20 ;
2027 3575 45 25 and
2083 3576 48 23 that
2137 3576 127 32 gentleman
2274 3578 77 24 would
2359 3578 110 32 probably

1888 3610 57 24 have
1956 3611 59 23 been
2024 3616 66 17 more
2100 3611 106 29 cautious,
2217 3609 48 25 had
2274 3611 30 24 he
2314 3612 110 24 intended
2432 3612 37 23 his

1888 3647 65 21 notes
1964 3643 36 24 for
2010 3643 139 32 publication
2159 3651 7 21 ;
2182 3643 40 24 but
2239 3651 35 17 we
2285 3644 87 25 believe
2382 3646 31 23 he
2424 3653 45 16 was

1888 3677 69 24 much
1968 3675 117 33 surprised
2102 3677 45 23 and
2156 3680 37 21 not
2210 3679 160 31 over-pleased
2387 3679 32 31 by
2431 3679 38 23 the

1889 3717 145 26 appearance,
2049 3709 25 25 of
2132 3710 83 31 private
2238 3713 192 23 communication
2444 3712 26 23 in

1888 3745 70 31 print.
1994 3743 40 24 On
2052 3743 39 24 the
2112 3748 135 20 correctness
2266 3745 25 24 of
2311 3745 49 24 Mr.
2380 3745 88 24 Wake-

1888 3777 74 25 fieldls
1980 3776 71 32 diary,
2063 3777 73 23 entire
2152 3777 95 25 reliance
2263 3786 54 23 may
2334 3779 29 23 be
2380 3778 89 32 placed.

1889 3811 35 24 As
1936 3810 30 25 he
1977 3809 113 25 advances
2100 3811 49 24 into
2161 3810 33 25 the
2210 3812 97 23 interior
2318 3811 40 25 the
2369 3811 101 33 descrip-

1889 3845 49 23 tion
1947 3844 106 24 becomes
2064 3851 64 17 more
2138 3845 63 23 novel
2211 3845 46 23 and
2269 3845 144 31 interesting.

1305 3134 26 24 If
1339 3142 44 23 any
1394 3134 26 24 of
1436 3142 40 16 our
1486 3134 92 24 readers
1597 3134 59 24 have
1667 3135 105 24 received
1783 3136 76 31 copies

1273 3168 24 24 of
1305 3165 39 26 the
1356 3168 128 32 Municipal
1497 3167 149 32 Corporation
1659 3168 64 29 Bill,.
1728 3168 40 24 the
1778 3169 84 24 second

1272 3201 67 24 Land
1353 3201 92 24 Claims'
1462 3201 56 30 Bill,
1539 3202 40 23 the
1589 3199 226 33 Registratioh'-Bill,
1833 3211 27 16 or

1272 3243 43 23 any
1326 3234 63 24 other
1399 3234 40 24 bill
1449 3235 71 31 lately
1529 3235 86 31 passed
1625 3234 30 32 by
1667 3234 39 25 the
1718 3235 142 32 Legislative

1273 3268 102 29 Council,
1390 3268 57 24 with
1458 3268 38 24 the
1509 3268 158 24 amendments
1677 3269 127 30 embodied,
1825 3278 39 16 we,

1271 3301 82 25 should
1362 3301 44 24 feel
1415 3301 69 24 much
1496 3301 92 32 obliged
1596 3302 32 32 by
1636 3301 38 24 the
1685 3302 55 24 loan
1751 3303 26 24 of
1792 3298 31 29 all
1833 3312 27 16 or

1271 3343 44 24 any
1333 3334 26 25 of
1373 3334 71 25 them:
1462 3352 3 7 ,
1479 3335 53 24 The
1550 3334 143 25 subscribers
1712 3340 56 20 toa
1785 3345 74 16 news-

1270 3376 70 25 paper
1350 3368 57 24 have
1416 3376 15 16 a
1441 3369 63 31 right
1514 3373 23 19 to
1548 3374 81 26 expect
1640 3377 30 16 an
1676 3369 102 25 abstract
1787 3371 26 23 of
1820 3370 40 25 the

1270 3404 54 23 laws
1336 3402 35 24 for
1389 3402 59 24 their
1465 3410 151 23 governance,
1630 3402 49 24 'but
1690 3403 39 24 the
1740 3403 123 25 Auckland

1270 3433 96 26 Herald
1374 3435 65 31 gives
1448 3443 31 16 no
1489 3436 93 32 regular
1592 3444 26 16 or
1630 3435 93 26 distinct
1729 3442 98 20 account
1837 3439 26 23 of

1270 3470 38 23 the
1319 3468 139 32 Legislative
1467 3470 117 24 Council's
1594 3470 160 32 proceedings;
1764 3471 47 24 and
1820 3471 40 25 the

1274 3503 147 23 Government
1442 3502 94 25 Gazette
1554 3504 21 23 is
1592 3503 73 24 either
1678 3512 57 23 very
1748 3505 67 31 tardy
1834 3513 26 16 or

1270 3544 56 23 very
1347 3535 117 32 negligent
1481 3536 27 24 in
1525 3538 32 22 its
1575 3541 97 28 reports.
1710 3532 154 30 TbVconse-.

1271 3576 86 26 quence
1368 3569 28 29 is,
1407 3569 51 24 that
1468 3569 67 25 while
1545 3571 21 22 it
1583 3571 21 22 is
1615 3570 88 24 certain
1712 3571 51 24 that
1773 3571 87 33 impor-

1270 3607 50 20 tant
1330 3610 116 16 measures
1456 3602 59 25 have
1525 3604 60 23 been
1595 3604 91 31 passed,
1695 3600 50 28 'the
1753 3605 109 32 majority

1272 3637 26 24 of
1316 3636 40 24 the
1376 3643 95 25 persons
1494 3636 84 32 chiefly
1599 3637 125 24 interested
1749 3639 25 23 in
1796 3638 64 25 these

1271 3677 123 22 measures,
1405 3668 107 33 are^kept
1521 3671 27 23 in
1556 3671 123 30 ignorance
1691 3670 26 24 of
1734 3670 126 26 their-con-

1272 3708 68 19 tents.
1375 3703 59 24 This
1445 3703 21 24 is
1476 3711 43 16 one
1530 3704 27 23 of
1571 3703 40 24 the
1622 3705 134 30 grievances
1773 3705 88 31 arising

1271 3738 59 23 from
1345 3736 92 32 placing
1451 3736 40 25 the
1503 3737 157 24 Government
1677 3741 25 19 at
1718 3737 126 25 Auckland
1852 3748 7 20 ;

1272 3771 45 24 and
1335 3778 35 16 we
1385 3774 54 28 put.
1444 3770 19 23 it
1481 3774 24 20 to
1523 3770 41 24 the
1583 3770 70 24 Chief
1666 3770 77 32 Judge
1759 3771 46 24 and
1822 3771 40 24 the

1272 3803 235 32 Attorney-General,
1514 3803 102 25 whether
1622 3804 27 23 in
1659 3811 106 17 common
1777 3804 85 31 justice

1272 3839 19 22 it
1302 3837 71 31 ought
1387 3841 24 20 to
1423 3838 113 24 continue.
1571 3837 38 24 As
1620 3837 39 24 the
1677 3837 136 33 population
1831 3846 31 16 on

1272 3871 39 24 the
1329 3870 77 25 shores
1425 3870 26 25 of
1467 3870 87 26 Cook's
1574 3870 85 25 Straits
1676 3871 125 30 increases,
1823 3871 39 25 the

1272 3912 79 24 wrong
1368 3904 46 25 will
1422 3920 4 3 -
1434 3904 48 25 also
1493 3905 29 24 be
1540 3904 144 32 augmented,
1702 3905 47 24 and
1763 3909 26 20 to
1806 3913 56 24 sup-

1272 3946 56 25 pose
1339 3938 50 24 that
1399 3938 19 24 it
1427 3938 46 24 will
1483 3939 29 24 be
1523 3938 113 33 patiently
1646 3938 109 30 endured,
1766 3938 52 25 that
1823 3939 39 25 the

1272 3979 70 25 many
1353 3971 46 26 will
1409 3973 108 24 continue
1524 3973 66 26 to^be
1600 3972 119 27 sacrificed
1727 3976 23 21 to
1760 3973 41 24 the
1810 3973 52 32 few,

1923 3904 52 25 The
1984 3905 84 24 second
2079 3905 121 25 exhibition
2210 3906 26 23 of
2250 3905 40 25 the
2302 3905 168 26 Horticultural

1890 3938 93 32 Society
2003 3938 48 24 will
2072 3939 54 24 take
2144 3939 59 32 place
2231 3947 31 16 on
2280 3939 108 32 Tuesday
2405 3945 64 19 next.

1891 3973 53 25 The
1954 3980 81 17 season
2051 3973 21 24 is
2085 3976 41 22 not
2137 3980 52 24 very
2196 3972 132 26 favourable
2339 3973 35 25 for
2384 3974 86 30 garden

544 55 103 42 *THE
667 61 111 35 NEW
796 59 474 36 ZEALAND^AZETTE
1291 57 101 33 AND
1412 56 331 38 WELLINGTON
1763 51 292 39 SPECTATOR.

720 145 169 24 SHIPPING
907 142 274 26 INTELLIGENCE.

687 223 76 21 March
771 223 42 24 -17,
822 212 259 41 brigantujnganj'uard,
1096 221 35 25 62,
1147 220 96 26 Murray,

660 251 55 20 from
725 251 51 19 Port
785 250 82 20 Nelson
875 257 6 17 ;
896 243 115 27 in'toaSast.
1191 257 6 3 -
1212 250 5 7 *

687 277 77 21 March
781 277 34 25 18,
832 277 60 26 sloop
907 276 76 26 Royal-
992 276 99 23 William,
1106 275 36 25 43,
1159 274 84 24 Lovett,

660 305 55 21 from
724 304 66 21 Coast
796 311 6 17 ;
806 305 4 4 '
817 309 70 19 cargo,
896 304 48 24 pigs
953 302 42 21 and
1004 304 103 24 potatoes.

895 346 117 22 SAILED,
1238 346 14 22 J

687 375 76 21 March
780 375 33 26 16,
825 374 104 21 schooner
944 374 76 22 Nelson
1033 373 88 24 Packet,
1131 372 36 26 20,
1180 371 65 22 Jack-

661 409 46 18 son,
717 403 33 19 for
759 401 82 21 Nelson
851 401 75 20 Haven
933 408 5 17 ;
954 400 102 21 sundries.
1190 409 2 4 ■
1248 411 3 3 -

689 430 59 20 Same
758 429 48 26 day,
815 428 103 20 schooner
927 427 61 24 Jane,
998 428 34 24 15,
1038 426 88 26 Martin,
1135 425 36 22 for
1178 425 74 22 Wan-

660 457 70 25 ganui.
757 455 117 26 Passenger
874 465 26 5 —
901 455 61 26 Capt.
977 454 128 20 Mathieson.
1152 463 6 8 /
1206 465 5 3 -
1225 462 6 3 -

1271 782 92 59 New
1393 782 214 59 Zealand
1638 782 214 59 Gazette

1316 841 67 21 AND
1396 841 213 21 WELLINGTON
1622 841 186 21 SPECTATOR.

1383 895 131 25 Saturday,
1529 895 89 22 March
1632 896 35 24 19,
1683 896 61 21 1842.

884 499 35 21 IN
934 499 84 22 PORT.

715 528 83 26 Barque
809 526 113 27 Clydeside,
933 526 129 21 Mathieson.

715 555 108 21 Schooner
834 554 105 21 Governor
948 554 84 20 Hobson
1034 567 7 11 t
1051 552 95 21 Skelton.

840 582 64 24 Mary
916 582 51 19 Ann
982 580 71 25 Wade,
1067 580 79 21 Tulett.

802 619 24 12 r-
833 609 61 24 Lady
901 608 75 25 Leigh,
987 607 79 21 Roche.
1101 620 2 5 -

715 636 51 26 Ship
779 636 85 26 Clifton,
876 636 53 20 Cox.

716 663 107 21 Schooner
835 663 56 24 Gem,
902 662 86 21 Pearce.

714 691 82 25 Barque
806 691 94 23 Birman,
912 689 96 20 Cleland.

716 718 111 20 Schooner-
833 718 100 23 Blossom,
937 722 3 3 '
944 717 98 20 Tullock.
1065 728 3 3 -

714 745 51 25 Brig
774 745 72 20 Maria
858 745 96 23 Theresa,
966 744 72 21 Clark.
1048 754 4 4 ■

715 772 108 20 Schooner
831 772 97 26 Look-in,
941 771 96 20 Cannon.

714 799 83 26 Barque
806 799 53 20 New
868 799 58 19 York
934 798 87 27 Packet,
1032 797 98 27 Gregory.

715 827 108 20 Schooner
831 826 103 24 Minerva,
947 825 61 21 Reid.

715 864 3 7 ■
776 864 31 4 —
807 864 20 10 r-
835 853 52 21 New
896 853 122 24 Zealander,
1027 851 79 21 Guard.

715 892 9 13 
835 880 89 26 Wymph,
937 879 99 21 Scanlon.

714 909 83 26 Barque
806 907 79 25 Bright
896 907 84 25 Planet,
991 906 114 21 Morrison.
1118 919 6 5 .

715 936 107 20 Schooner
831 935 67 24 Ariel,
908 934 144 20 Mulholland.

714 963 123 26 Brigantine
847 963 84 23 Sisters,
941 961 82 21 Clarke.

865 989 122 26 Vanguard,
997 988 95 27 Murray.

715 1018 63 25 Sloop
788 1017 69 26 Royal
868 1017 100 24 William,
980 1013 84 23 Loy'ett:

674 2571 48 16 1841.

759 2548 52 18 Time
818 2548 21 17 of

755 2570 88 17 Observa-

774 2591 46 16 tion.

872 2558 56 18 Baro-

868 2581 63 15 meter.

948 2559 87 16 Thenno-

959 2581 65 15 xneter.

1065 2561 54 40 SIM

1159 2566 63 18 Wind.

662 2649 75 21 ?riday...

662 2712 76 17 iat........

662 2774 76 21 Sunday..

662 2837 76 22 ttonday.

777 2649 10 16 8

775 2670 55 21 Ip.m.

776 2692 10 15 5

776 2713 11 15 8

776 2734 54 20 Ip.m.

776 2755 9 15 5

776 2776 11 15 8

776 2797 55 20 Ip.m.

776 2818 10 15 5

776 2839 11 15 8

776 2859 56 20 Ip.m.

776 2881 11 14 5

776 2901 11 16 8

775 2922 57 21 Ip.m.

776 2943 10 14 5

776 2963 11 16 8

776 2984 56 20 Ip.m.

776 3006 11 15 5

777 3027 10 15 8

776 3048 55 20 Ip.m.

776 3069 15 15 5*

872 2649 57 17 30.400

872 2670 58 17 30.410

872 2691 57 17 30.412

872 2712 57 17 30.351

872 2734 57 16 30.352

872 2755 57 16 30.352

872 2776 59 16 30.334

872 2797 58 16 30.330

872 2818 58 16 30.330

872 2839 57 15 30.328

872 2860 58 15 30.300

872 2881 57 15 30.301

872 2901 67 16 30.179-

872 2922 58 16 30.160

872 2943 57 17 30.162

872 2964 58 16 30.079
941 2962 2 13 I

872 2985 59 16 30.044

873 3006 58 16 30.000

872 3027 58 16 29.800

872 3048 58 16 29790

871 3068 60 17 29.784-

973 2649 51 19 64.5,

973 2669 27 17 74.

975 2691 26 17 73.

968 2713 33 16 •66.

974 2733 27 17 72.

973 2754 50 17 70.5-

973 2776 28 16 69.

974 2797 26 16 73.

974 2816 27 18 72.

948 2847 4 4 -
974 2839 27 16 69.

974 2859 27 17 74.

974 2879 38 18 73.5

973 2902 27 16 6G.

973 2922 38 17 69.5

973 2943 27 17 68.
1025 2952 2 3 ■

973 2964 28 17 67.

974 2984 27 18 72.

973 3005 38 17 71.5

973 3027 38 16 68.5

973 3046 28 18 70.

973 3069 27 15 69.

1060 2670 57 17 None.

1060 2733 57 17 None.

1060 2795 57 18 None.

1060 2859 58 17 None.
1126 2876 3 5 :

1138 2647 23 16 N.
1168 2648 26 20 by
1201 2648 27 17 W.

1138 2668 24 16 N.
1168 2669 24 20 by
1199 2669 30 17 W.

1138 2689 23 16 N.
1168 2690 24 20 by
1200 2690 27 17 W.

1138 2710 108 22 Northerly.

1138 2731 18 16 N
1161 2732 85 21 ortheriy.

1137 2752 18 16 N
1161 2753 85 21 ortheriy.

1138 2773 18 16 N
1161 2774 85 21 ortheriy.

1138 2794 108 22 Northerly.

1138 2815 17 17 N
1161 2816 87 20 ortheriy.

1138 2837 11 16 S
1156 2837 90 20 outherly.

1138 2857 12 17 S
1156 2858 90 21 outherly.

1138 2879 11 16 S
1156 2879 96 20 outherly.'

1138 2900 17 15 N
1159 2900 86 21 ortheriy.

1138 2921 71 17 South..
1221 2921 4 3 '
1234 2934 4 6 ,
1249 2928 3 5 •

1138 2941 63 18 South.

1138 2962 66 18 North.

1138 2982 76 19 North.'
1227 2983 3 5 '
1249 2981 3 14 '■

1138 3005 65 17 North.

1138 3027 23 16 N.
1168 3027 24 21 by
1198 3026 21 20 E,

1138 3047 64 17 North.

1138 3068 64 17 North.

662 2900 75 21 Tuesday

1060 2922 58 17 None.

686 2932 1 4 ■

662 2962 37 18 iVed
740 2950 1 35 |

1060 2984 57 17 None.

662 3025 74 18 niuis...

1069 3047 38 18 0.27

665 3121 74 22 'riday...

858 3121 58 21 Light'
919 3121 28 17 air
952 3121 38 17 and
995 3126 46 16 very
1046 3121 43 17 fine.

776 3165 55 20 Ip.m.

900 3163 34 17 Do.
977 3157 35 24 i)o.
1053 3163 36 17 Do.

1138 3192 3 4 •
1247 3197 4 3 .

900 3206 34 17 Do.
965 3205 46 17 'Do.
1053 3205 31 18 Do
1247 3197 4 33 ]

858 3248 66 21 Strong
930 3248 64 17 breeze
1006 3248 38 16 and.
1049 3251 44 17 very
1098 3247 42 18 fine.
1241 3253 10 13 •;

662 3248 25 17 >at

775 3248 12 13 fi
852 3239 1 15 I

686 3299 1 6 •
719 3295 3 4 '

774 3290 57 21 Ip.m.

754 3315 2 6 ■

861 3295 4 3 •
893 3287 42 22 'Do,
979 3290 36 17 Do.
1054 3289 44 17 fine.

877 3349 5 5 ,
894 3332 40 20 ,Dp.
956 3332 55 19 .Do.
1053 3331 35 18 Do.
1234 3338 22 14 «.ji

775 3333 12 16 S
819 3343 6 3 -

662 3374 76 22 iunday..

792 3353 5 4 -

775 3374 12 17 8
809 3387 5 3 .

857 3374 93 18 Moderate
956 3374 64 17 breeze
1026 3373 37 18 and
1069 3377 44 17 very
1117 3373 42 18 fine.

900 3417 35 17 Do.
965 3427 3 5 ,
977 3416 36 17 Do.
1055 3415 34 18 Do.
1244 3419 2 5 ■
1255 3412 1 31 J

775 3416 56 22 Ip.m.

753 3440 4 5 •

681 3467 17 12 .•

774 3459 13 15 s

900 3458 33 17 Do.
977 3457 34 18 Do.
1055 3457 34 17 Do.
1131 3476 5 3 .
1200 3478 4 6 ,
1213 3470 3 8 '
1227 3466 22 11 •'
1255 3458 1 24 i

900 3499 33 18 Do.
977 3500 29 17 Do
1048 3499 94 27 inclining^
1143 3499 75 23 to^rain.
1229 3502 5 8 ;
1244 3500 4 16 !

900 3541 34 18 Do.
978 3541 34 18 D.o
1055 3541 34 18 Do.
1154 3558 3 5 ,
1198 3533 24 30 j'
1238 3539 10 26 ')

901 3584 33 17 Do.
978 3583 34 17 Do.
1055 3582 37 18 Do.

679 3479 5 3 ■

662 3500 76 21 Monday.

775 3500 12 18 8

775 3543 56 20 Ip.m.

774 3585 12 16 t

774 3627 13 16 8

1058 3612 3 5 ■

665 3626 73 20 Tuesday

900 3626 34 17 Do.
978 3625 37 17 Do,
1056 3626 87 20 overcast,
1149 3625 34 18 but
1191 3624 44 19 line.

774 3669 56 20 Ip.m.

900 3668 34 17 Do.
978 3667 37 18 Do.
1056 3666 35 19 Do.
1109 3682 6 4 ,
1126 3674 4 2 -

775 3711 11 15 5

900 3710 34 16 Do.
977 3709 34 17 Do.
1056 3709 34 17 DOi
1244 3709 4 21 j

665 3750 35 18 red

789 3737 3 5 •

775 3752 12 16 *
806 3764 3 3 -

858 3751 56 22 Light
921 3751 26 17 air
954 3751 38 17 and
998 3754 44 18 very
1048 3751 45 19 fine.
1180 3770 5 2 .
1234 3749 12 19 'I

838 3772 5 5 -

776 3793 55 20 Ip.m.

900 3793 36 19 Do.
979 3793 34 17 Do.
1056 3793 35 18 Do.

776 3835 12 15 c
804 3835 7 10 ■•

901 3835 11 1 _

901 3835 34 17 Do.
979 3835 37 18 Do.
1058 3835 35 18 Do.

665 3875 43 18 3iur
719 3886 20 8 ...

776 3876 12 17 t
852 3859 1 21 I

853 3863 59 96 rht
926 3876 33 21 air,
971 3878 88 20 overcast,
1073 3877 58 22 heavy
1137 3876 40 19 rain
1186 3876 22 18 in
1215 3876 38 20 the.

921 3897 60 22 night.
1022 3901 4 3 •

901 3917 33 18 Do.
978 3918 37 20 Do.
1058 3919 85 21 showery.

776 3918 56 21 lp.m.

776 3960 11 16 s
852 3950 1 22 I

853 3950 5 27 I
901 3960 35 18 Do.
952 3968 5 4 -
978 3960 36 18 Do.
1056 3960 34 19 Do.

139 150 255 30 GOVERNMENT'
411 136 157 37 NOTICE.*
625 147 16 30 <j

305 180 176 27 Custom-house,
491 180 143 26 Wellington,

377 206 80 24 March
467 208 33 26 18,
509 207 71 20 1842/
589 204 3 6 '

56 246 91 50 THE
167 243 130 24 OWNERS
319 242 40 22 OF
378 239 97 24 BOATS
494 239 78 22 within
595 237 45 23 the-

116 272 69 23 limits
193 270 27 23 of
229 270 44 22 this
282 269 61 26 Port,
351 274 37 16 are
395 265 117 26 r.eminded
520 265 48 21 that
576 264 59 22 their

54 300 64 21 boats
133 306 38 15 are
185 297 68 23 liable
272 299 22 19 to
310 294 111 22 forfeiture
439 292 76 22 unless
529 291 54 27 they
597 297 38 15 are

54 326 55 26 duly
115 324 108 23 licensed.
246 322 55 23 And
310 321 31 21 all
348 319 54 23 such
411 325 83 15 owners
504 324 37 15 are
549 317 86 27 hereby

52 351 105 26 required
174 354 23 19 to
221 349 67 28 apply
303 347 36 21 for
350 346 94 22 licenses
459 347 30 19 at'
496 344 44 22 this
555 344 78 26 Office,

53 377 78 23 within
140 381 39 18 ten
189 377 54 26 days
252 376 68 24 from,
319 372 43 22 this
371 371 56 22 date.
618 380 19 12 a-

371 405 25 22 P.
407 404 29 23 D.
447 404 77 27 Hogg,
616 405 2 5 '

402 446 4 5 ,
432 430 181 24 Suh-rCollector..

51 466 9 7 '
108 497 2 5 ,
143 477 245 29 GOVERNMENT
404 475 140 25 NOTICE.

288 508 75 24 Police
373 507 78 26 Office,
461 506 145 27 Wellington,

348 533 122 27 Marclils,
481 534 60 21 J842.

132 570 112 24 Annual
257 568 147 26 Licensing
419 566 133 26 Meeting.

50 605 147 50 NOTICE
222 603 29 22 IS
275 600 127 24 HEREBY
425 599 109 27 GIVEN,
552 598 50 22 that
620 605 14 14 a

141 629 99 24 General
257 628 100 26 Meeting
374 627 25 21 of
414 626 96 22 Justices
527 625 26 21 of
568 625 66 26 Petty

52 658 104 26 Sessions,
168 658 74 25 acting
251 656 24 22 in
291 654 46 23 and
348 653 34 22 for
397 652 36 22 the
451 651 85 23 district
545 651 25 22 of
581 651 54 22 Port

50 685 129 24 Nicholson,
195 682 43 23 wilJ
248 682 29 22 he
286 680 53 23 held
348 683 23 18 at
378 679 43 22 this
437 678 71 22 Office
523 685 29 15 on
564 678 70 21 Tues-

51 711 50 27 day,
117 711 36 21 the
171 711 50 21 19th
237 709 43 31 day
289 707 26 23 of
322 705 70 33 April,
407 707 59 25 1842,
483 708 24 18 to
521 704 52 22 take
586 704 47 21 into

49 737 162 22 consideration
226 733 54 24 such
289 733 141 28 applications
438 732 37 22 for
491 731 104 22 Licenses
610 737 28 14 a*.

49 770 48 19 may
106 765 51 19 have
171 765 47 19 been
228 762 73 25 lodged
309 760 52 20 with
370 766 32 14 me
417 765 25 14 on
452 765 25 13 or
491 758 69 25 before
571 759 63 19 Tues-

48 792 48 25 day,
108 791 37 21 the
155 791 50 21 19th
213 789 44 26 day
263 789 25 21 of
294 785 65 25 April
365 788 60 24 next,
433 785 71 22 under
509 784 124 28 provisions

49 818 26 21 of
77 822 5 3 •
88 821 36 18 the
139 817 45 22 Act
199 815 24 23 of
240 810 96 29 Council,
354 814 13 20 2
384 812 106 26 Victoria,
507 811 43 23 No.
562 812 33 26 18,
611 811 27 21 of

49 845 61 21 1838.

212 867 96 24 Robert
322 866 28 21 R.
366 866 98 26 Strang,
640 879 2 8 ,

319 892 69 22 Clerk'
394 892 26 22 of
426 892 65 26 Petty
500 891 104 22 Sessions,
640 888 2 30 j

95 956 8 5 v
139 938 246 28 GOVERNMENT
400 937 141 25 NOTICE.

291 971 69 22 Court
369 970 83 26 House,
463 968 141 28 Wellington,
640 970 2 27 j

356 996 78 23 March
446 996 33 26 15,
491 996 60 22 1842.
640 989 2 32 |

164 1039 12 4 -
208 1033 115 28 Quarter
338 1029 132 22 Sessions.

48 1067 147 52 NOTICE
218 1066 29 24 IS
271 1064 128 24 HEREBY
421 1062 108 28 GIVEN,
550 1062 49 23 that
620 1071 13 14 a

130 1096 68 20 Court
207 1093 25 23 of
240 1091 98 23 General
348 1091 92 23 Quarter
451 1090 97 22 Sessions
557 1090 26 21 of
595 1089 37 22 the

47 1122 79 27 Peace,
136 1122 24 21 in
171 1121 44 22 and
224 1119 35 23 for
268 1119 37 22 the
313 1117 84 22 district
406 1117 25 22 of
437 1117 54 21 Port
500 1116 129 27 Nicholson,

45 1149 45 21 will
99 1149 27 22 be
136 1147 80 23 holden
228 1150 23 18 at
259 1146 37 21 the
307 1144 69 22 Court
391 1144 76 22 House
476 1151 29 14 on
521 1143 110 27 Tuesday,

46 1175 37 21 the
92 1175 39 21 sth
141 1175 44 27 day
195 1175 25 21 of
226 1172 64 28 April
300 1174 60 24 next,
372 1173 23 19 at
403 1170 51 22 nine
465 1170 87 22 o'clock
560 1170 23 21 in
594 1169 38 22 the

44 1202 114 26 fsrenoon,
171 1204 22 19 at
207 1199 74 23 which
295 1198 55 22 time
364 1197 43 22 and
422 1196 63 28 place
494 1196 31 22 all
539 1203 93 21 persons

44 1228 75 22 under
132 1227 171 27 recognizances
319 1227 21 18 to
353 1231 80 21 appear
447 1231 25 14 as
486 1227 145 24 prosecutors,

45 1255 119 26 witnesses,
181 1261 25 15 or
218 1252 140 26 defendants,
368 1258 25 15 or
408 1250 49 22 who
472 1250 57 21 have
544 1249 89 29 appeals
640 1255 2 29 j

45 1285 25 17 to
85 1281 117 28 interpose,
214 1286 25 16 or
255 1278 64 23 other
332 1278 101 21 business
441 1281 24 18 to
478 1280 105 24 transact,
595 1283 37 16 are
640 1274 2 24 !

46 1307 87 24 desired
143 1311 21 19 to
174 1307 50 27 give
235 1306 57 22 their
302 1304 138 23 attendance.

212 1341 96 22 Robert
322 1337 29 23 R.
366 1338 99 27 Strang,

357 1365 66 21 Clerk
435 1365 26 21 of
471 1363 38 23 the
524 1364 78 22 Peace.

268 1408 240 28 Surveyor-General's
526 1408 76 28 Office,
611 1427 10 8 „

338 1436 80 22 March
426 1436 21 26 5,
459 1437 61 20 1842.

119 1474 40 20 To
173 1472 186 22 Landowners
373 1470 54 20 and
440 1471 116 25 Agents.

44 1507 146 49 NOTICE
212 1506 28 22 IS
259 1503 128 24 HEREBY
406 1502 107 27 GIVEN,
532 1502 49 22 that
600 1509 30 16 on

126 1534 123 26 Thursday,
261 1532 37 22 7th
308 1530 65 28 April
383 1534 59 22 next,
454 1530 96 21 sections
559 1530 24 21 in
593 1530 37 21 the

45 1561 96 21 districts
160 1560 26 22 of
202 1561 136 23 Manewatu,
360 1557 89 26 Ohariu,
470 1556 46 22 and
538 1556 93 22 Porirua

45 1587 45 22 will
104 1588 27 21 be
148 1587 83 21 offered
249 1586 36 21 for
299 1584 106 23 selection
421 1587 23 18 at
460 1582 43 23 this
520 1583 71 22 Office
607 1587 25 18 at

45 1616 25 20 11
82 1614 85 22 o'clock
176 1621 48 15 a.m.
254 1610 137 29 Proprietors
404 1613 40 20 not
458 1610 85 31 haying
553 1613 78 23 agents

44 1645 91 23 present
148 1643 24 19 at
188 1641 38 21 the
242 1639 54 22 time
312 1637 26 23 of
351 1637 105 22 selection
472 1637 45 22 will
533 1638 27 21 be
578 1644 53 15 con-

45 1667 87 23 sidered
145 1671 24 17 to
178 1667 57 21 have
244 1664 105 24 reserved
359 1664 55 22 their
424 1663 88 22 choices
520 1664 35 22 for
564 1664 72 21 lands'

44 1698 39 23 yet
98 1692 148 29 unsurveyed.
275 1692 68 22 Plans
360 1691 26 22 of
395 1691 37 22 the
446 1691 97 21 sections
559 1691 23 21 in
592 1691 38 22 the

45 1721 87 22 district
141 1721 26 21 of
172 1721 137 25 Manewatu,
318 1725 51 19 may
378 1718 28 21 he
415 1725 53 14 seen
477 1721 24 18 at
510 1717 42 22 this
559 1718 71 22 Office

45 1755 29 14 on
86 1748 100 27 Monday
195 1749 56 20 next
265 1746 44 22 and
324 1744 113 26 following
446 1744 55 27 days
508 1753 5 19 ;
529 1744 63 22 those
605 1746 24 20 in

44 1774 39 22 the
92 1774 95 22 districts
197 1775 26 21 of
236 1773 93 21 Porirua
338 1771 45 22 and
392 1772 85 21 Ohariu
489 1779 30 14 on
528 1771 100 27 Monday

44 1801 54 22 14th
106 1801 46 22 and
160 1800 115 27 following
285 1800 61 26 days.

206 1833 36 22 W.
257 1833 34 22 M.
306 1833 82 26 Smith,
405 1832 62 27 Capt.
477 1832 28 22 R.
511 1832 34 27 A.,

373 1858 227 28 Surveyor-General.

275 1904 238 26 Surveyor-General's
523 1904 77 27 Office,

342 1930 81 23 March
433 1932 32 26 18,
477 1932 61 21 1842.

193 1965 164 24 Additional
373 1965 106 21 Notice.

42 2002 69 48 AS
125 2001 65 23 THE
202 1998 135 25 NUMBER
351 1998 39 22 OF
406 1998 146 23 SECTIONS
566 2002 24 19 to
599 1999 29 22 be

105 2029 66 26 given
181 2031 39 19 out
229 2029 24 20 in
263 2025 66 28 April
338 2028 61 24 next,
408 2026 45 21 will
461 2026 29 21 he
500 2033 53 19 very
557 2026 69 26 large,

43 2055 46 21 and
98 2054 19 22 it
127 2054 43 22 will
176 2055 28 21 he
214 2051 127 25 impossible
352 2054 22 19 to
383 2059 28 19 go
421 2051 96 28 through
527 2053 61 21 them
599 2048 29 26 all

42 2081 24 21 in
77 2088 43 14 one
130 2080 49 28 day,
190 2081 19 21 it
216 2081 19 21 is
251 2078 108 23 intended
370 2082 21 18 to
406 2078 50 28 give
468 2082 39 18 out
516 2082 43 19 two
569 2078 59 23 hun-

43 2108 55 22 dred
108 2109 100 21 Sections
217 2113 30 16 on
263 2106 38 23 the
319 2104 39 23 7th
374 2105 26 22 of
411 2105 69 28 April,
493 2105 45 22 and
547 2106 38 22 the
593 2113 35 14 re-

42 2134 102 22 mainder
159 2135 38 21 the
213 2136 55 20 next
283 2133 43 27 day
327 2142 28 5 —
355 2132 38 22 the
409 2133 107 22 selection
533 2135 23 19 to
566 2139 61 16 com-

42 2169 78 15 mence
130 2169 29 14 on
169 2161 54 23 both
233 2160 55 28 days
298 2165 22 17 at
331 2159 78 22 eleven
418 2159 94 28 o'clock,
522 2167 50 15 a.m.

239 2194 36 22 W.
287 2195 33 22 M.
332 2193 82 26 Smith,
426 2193 68 22 Capt.
505 2194 67 27 R.A.,

372 2219 227 29 Surveyor-General.

153 2269 87 20 Town
254 2266 92 22 Lands
362 2266 29 21 at
404 2266 113 21 Nelson.

40 2301 148 51 NOTICE
209 2301 28 22 IS
260 2299 130 24 HEREBY
404 2299 108 26 GIVEN,
528 2299 50 23 that
590 2299 38 22 the

122 2328 104 22 selection
237 2327 26 22 of
276 2327 70 22 Town
360 2327 75 21 Lands
447 2330 24 18 at
487 2326 86 22 Nelson
583 2327 45 22 will

39 2356 53 22 take
100 2356 63 27 place
173 2362 29 15 on
214 2354 115 27 Saturday,
341 2353 38 23 the
388 2353 45 22 2nd
446 2354 27 22 of
478 2353 65 28 April
552 2357 61 19 next.

202 2389 46 23 For
261 2388 36 22 W.
311 2386 150 29 Wakefield,

40 2423 112 29 Principal
160 2423 78 27 Agent
247 2422 26 22 of
279 2421 37 23 the
326 2420 58 23 New
393 2421 101 22 Zealand
503 2421 123 29 Company,

347 2454 23 22 J.
384 2454 27 22 T.
425 2454 147 23 Wicksteed.
583 2459 9 6 '"

66 2483 147 27 Wellington,
223 2482 80 24 March
312 2481 34 27 17,
358 2483 60 21 1841.
545 2503 4 3 .

40 2528 102 50 THIS
157 2529 68 21 DAY
242 2525 128 29 (Saturday,
385 2526 80 22 March
480 2528 33 27 12,
530 2528 62 26 1842)
607 2528 20 21 is

113 2555 124 28 published,
259 2558 23 18 at
304 2553 84 23 Nelson
407 2553 87 28 Haven,
519 2553 38 23 the
576 2553 52 24 'first

78 2583 93 20 number
190 2583 24 20 of
230 2589 14 14 a
263 2580 86 27 weekly
366 2587 121 21 newpaper,
508 2580 73 23 called

145 2616 66 22 THE
224 2614 126 24 NELSON
364 2614 180 28 EXAMINER,

313 2640 46 24 and

92 2677 73 22 NEW
186 2675 153 24 ZEALAND
364 2675 207 28 CHRONICLE,'-'

37 2711 24 23 in
70 2711 74 23 which
152 2711 45 22 will
205 2711 28 22 be
247 2710 71 23 found
331 2709 68 22 much
411 2710 102 22 valuable
522 2710 104 23 informa-

165 2739 47 21 tion
220 2737 92 23 relative
321 2740 23 19 to
353 2737 49 21 that
411 2737 89 27 Colony.

65 2774 78 22 Terms
144 2784 27 4 —
171 2774 45 21 10s.
226 2780 14 15 a
249 2775 93 23 quarter,
353 2772 93 27 payable
458 2772 24 22 in
492 2772 106 23 advance.

66 2800 83 23 Orders
166 2800 46 22 and
230 2798 180 23 advertisements
426 2799 103 22 received
547 2803 23 18 at
588 2800 38 22 the

40 2828 70 21 Office
120 2828 26 21 of
152 2827 43 22 this
206 2827 78 27 Paper.

39 2874 41 20 To
96 2873 162 21 Gentlemen
273 2870 147 27 intending
432 2872 28 19 to
477 2873 76 19 enter
566 2871 59 21 into

48 2916 5 6 ,
66 2901 45 20 the
140 2898 144 27 profitable
312 2897 109 27 pursuit
449 2897 31 21 of
506 2897 121 28 Grazing

65 2927 57 22 and
142 2927 137 25 Breeding
298 2924 102 25 Stock,,
412 2924 42 21 for
473 2924 90 22 which
583 2925 43 21 the

65 2954 90 22 fertile
174 2953 111 21 Islands
307 2950 31 23 of
355 2951 69 21 New
440 2951 124 22 Zealand
581 2957 44 16 are

66 2988 32 14 so
112 2980 157 27 peculiarly,
278 2979 126 25 adapted.

37 3013 91 49 THE
139 3011 152 29 undersigned
299 3012 45 27 beg
352 3014 24 19 to
384 3011 82 22 inform
475 3011 59 23 their
542 3012 85 23 friends

110 3040 46 23 and
171 3041 38 22 the
225 3039 76 29 public
315 3038 122 28 generally,
454 3038 49 23 that
519 3038 53 29 they
581 3040 46 22 will

110 3071 101 19 contract
218 3068 36 21 for
263 3066 39 22 the
317 3065 100 28 delivery
428 3066 26 21 of
460 3066 38 21 the
512 3066 115 28 following

38 3094 134 28 description
185 3094 26 22 of
218 3093 75 27 Stock,
300 3093 26 23 in
333 3099 46 21 any
388 3093 53 22 Port
450 3093 26 22 of
489 3092 38 24 the
538 3093 89 23 Islands

39 3121 27 22 of
71 3122 56 21 New
137 3121 100 22 Zealand
244 3129 5 14 :
251 3131 30 5 —

66 3148 96 23 Horned
176 3148 68 23 cattle
262 3146 126 30 (improved
399 3146 90 28 breeds)
505 3146 26 23 of
543 3147 30 23 all
588 3147 39 23 de-

38 3175 125 28 scriptions,

66 3202 86 22 Horses
152 3218 7 16 ?
169 3221 2 4 ,
178 3202 61 22 from
258 3200 40 23 the
318 3202 53 21 best
388 3200 95 28 English
501 3201 47 22 and
553 3201 73 24 ?Arab
625 3204 5 6 v

37 3229 71 27 studs,-
124 3228 94 23 suitable
233 3228 36 23 for
287 3228 86 27 racing,
388 3228 82 28 saddle,
482 3235 25 15 or
519 3229 92 22 harness
618 3237 7 20 ;

37 3256 47 23 and
91 3256 109 27 breeding
209 3262 80 20 mares,
310 3255 13 17 -'

65 3284 59 21 Pure
134 3283 75 22 Saxon
219 3281 46 23 and
274 3282 87 22 merino
371 3289 62 21 ewes,

65 3310 122 28 Half-b^ed
203 3309 113 22 Leicester
329 3308 48 23 and
391 3308 85 23 merino
494 3316 65 20 ewes,
575 3317 51 21 par-

36 3336 107 28 ticularly
152 3336 96 28 adapted
261 3335 35 22 for
305 3336 44 21 this
358 3339 101 23 country,
468 3343 26 15 as
502 3336 55 28 they
562 3338 64 21 unite

36 3364 84 28 weight
130 3363 26 23 of
162 3370 87 15 carcass
259 3362 54 22 with
320 3363 98 22 fineness
428 3362 26 21 of
460 3364 64 22 wool.

64 3392 49 21 The
136 3388 153 30 undersigned
312 3395 41 17 can
381 3390 166 22 accommodate
573 3398 54 21 pur-

37 3418 90 23 chasers
143 3418 26 21 of
180 3416 60 23 their
249 3414 75 25 Stock'
334 3415 55 22 with
404 3416 115 23 extensive
533 3418 93 28 grazing

37 3452 62 21 runs,
105 3445 83 25 .within
197 3446 42 21 100
247 3442 66 23 miles
323 3442 26 23 of
354 3442 44 22 this
407 3442 81 33 Port.^

271 3472 4 7 '
287 3477 7 8 r
301 3470 35 22 W.
352 3469 27 22 B.
393 3469 93 23 Rhodes
500 3470 45 23 and
559 3473 45 21 Co.-
623 3489 6 2 -

39 3517 74 50 ON
127 3517 86 27 SALE,
224 3517 65 22 Parts
298 3514 19 28 I,
329 3513 33 27 11,
373 3513 45 23 and
431 3514 45 27 111,
487 3515 27 22 of
526 3516 100 23 CHAM-

106 3543 6 10 '
136 3545 101 22 BERS'S
263 3541 131 25 LONDON
418 3541 146 24 JOURNAL
587 3545 39 22 OF

37 3571 143 28 HISTORY,
195 3567 209 27 LITERATURE,
419 3568 129 29 POETRY,
561 3571 65 22 BIO-

39 3599 138 27 GRAPHY,
193 3598 70 23 AND
277 3594 201 25 ADVENTURE.

65 3625 56 23 This
136 3625 96 24 Journal
244 3625 21 22 is
273 3621 98 25 devoted
388 3624 23 19 to
426 3622 108 27 practical
546 3624 81 23 educa-

37 3653 50 22 tion
87 3665 28 4 —
116 3656 23 19 to
155 3653 38 22 the
209 3651 173 27 developement
393 3648 26 22 of
432 3648 36 23 the
478 3651 116 26 mysteries
604 3652 26 21 of

37 3680 40 23 the
96 3679 70 28 earth,
185 3679 40 22 the
241 3677 112 24 wanders,
364 3675 26 23 of
394 3703 5 5 #
408 3675 93 28 history,
520 3677 46 22 and
588 3678 39 23 the

37 3707 151 23 elaborations
197 3706 27 22 of
235 3705 94 29 genius;
345 3706 23 19 to
377 3702 62 23 vivid
446 3719 3 8 ,
450 3704 144 27 portraitures
604 3705 26 22 of

37 3734 89 23 human
139 3734 102 27 feelings,
251 3731 57 28 higb
322 3733 72 25 hopes
409 3729 99 32 in^man,
519 3731 45 21 and
574 3738 54 15 con-

37 3765 82 23 stancy
127 3761 25 22 in
161 3767 88 16 woman
259 3767 7 19 ;
282 3763 23 17 to
320 3758 40 23 the
376 3756 133 23 adventures
524 3758 26 21 of
560 3759 67 22 noble
632 3774 4 3 •

38 3788 75 28 spirits
131 3787 97 27 thrpugh
246 3785 51 24 trial
316 3783 46 24 and
380 3783 112 28 suffering,
510 3784 45 22 and
569 3785 59 22 their

39 3818 107 23 attempts
155 3816 22 20 to
186 3815 102 26 improve
347 3810 113 23 condition
468 3807 28 26 of
501 3811 59 22 their
567 3819 59 15 race.

40 3841 30 22 In
80 3841 99 22 addition
188 3843 25 20 to
225 3841 29 22 its
263 3840 65 22 usual
337 3838 78 27 topics,
430 3837 38 23 the
477 3837 97 24 Journal
582 3839 46 22 will

40 3868 92 22 contain
149 3875 14 14 a
177 3867 69 23 series
261 3867 28 21 of
302 3872 81 26 papers
397 3872 30 15 on
442 3865 139 29 emigration,
597 3873 30 15 on

39 3894 185 33 self-supporting'
237 3893 106 27 colonies,
362 3891 57 22 their
433 3892 132 28 usefulness,
581 3894 46 21 and

39 3920 60 24 their
108 3920 66 23 claim
189 3924 25 19 to
227 3919 178 29 independence.
433 3919 34 22 As
480 3926 15 15 a
510 3922 82 20 matter
604 3920 27 23 of

40 3954 87 21 course,
202 3947 77 22 model
298 3947 86 26 Colony
403 3945 26 22 of
448 3945 57 23 New
526 3946 101 25 Zealand

40 3978 61 20 must
114 3974 121 24 command
242 3981 15 16 a
263 3973 63 28 large
334 3972 66 24 share
409 3973 27 25 pf
445 3973 119 24 attention.

1362 140 124 21 AGENTS
1497 141 59 20 FOR
1569 140 74 21 THIS
1655 140 109 21 PAPER.

1292 167 38 18 Mr.
1340 166 127 19 BURCHAM
1558 166 76 18 Petoni.

1264 197 10 8 ./
1292 188 37 17 Mr.
1373 187 23 17 G.
1408 187 87 18 MOORE
1560 187 72 17 Nelson
1639 187 76 17 Haven.

1291 208 39 18 Mr.
1340 209 24 17 R.
1375 206 114 19 BARRETT
1502 211 57 15 ....;.
1564 208 46 17 New
1616 208 110 21 Plymouth,
1733 207 101 18 Taranaki.

1277 242 4 4 .
1292 229 38 18 Mr.
1340 229 26 18 H.
1376 228 122 18 CHURTON
1562 228 115 22 Wanffanui.

1291 250 38 17 Mr.
1340 250 29 18 W.
1560 249 41 21 Bay
1608 249 21 17 of
1637 249 84 18 Islands.

1291 296 40 18 The
1338 296 96 24 following
1440 300 33 14 are
1479 295 35 18 the
1521 296 78 21 quarter
1609 295 47 22 days
1663 295 23 17 of
1695 294 40 18 this
1743 299 58 18 paper
1806 300 30 12 :—

1263 317 2 16 i
1375 316 69 19 March
1701 317 63 16 31st.-
1836 319 3 7 >

1263 337 2 3 1
1374 337 53 18 June
1702 337 52 17 30th.

1375 357 111 23 September
1702 357 52 18 30th.

1375 378 106 19 December
1491 377 22 20 ..'
1702 379 49 16 31st.

1291 399 82 19 Persons
1379 399 109 22 previously
1494 401 22 16 to
1528 398 146 22 discontinuing
1684 398 52 18 their
1742 402 69 18 paper?
1818 397 37 18 and

1272 420 164 22 advertisements,
1442 422 54 17 must
1503 421 58 18 settle
1567 420 41 18 the.
1610 420 93 17 accounts
1710 419 38 18 due
1755 424 26 17 up
1790 420 23 16 to
1822 419 35 17 the

1272 441 52 17 date.
1490 453 4 2 -

1438 481 123 20 LATEST
1576 479 109 21 DATES.

1282 506 159 18 L0nd0n...:....
1444 506 51 18 Nov.
1528 508 19 16 6.
1575 506 40 22 Bay
1621 506 22 17 of
1652 505 94 18 Islands..
1751 505 44 18 Feb.
1827 506 19 17 4.

1283 528 75 21 Sydney
1447 527 44 18 Feb.
1574 527 82 17 Thames
1750 526 43 18 Feb.
1829 528 17 16 7.

1282 548 42 18 Van
1347 548 99 18 Dieman's
1575 548 45 17 Port
1628 547 121 22 Phillip,....
1754 547 42 17 Jan.
1814 547 31 17 14.

1303 569 54 17 Land
1429 569 63 18 ..Jan.
1529 569 18 17 6.
1575 568 90 18 Adelaide
1753 568 42 17 Oct.
1828 570 17 15 9.

1394 622 97 21 Notice
1506 625 29 19 to
1550 623 181 21 Subscribers.

1272 651 79 25 Papers
1364 650 45 20 will
1420 651 38 18 not
1472 650 23 20 be
1507 651 46 19 sent
1569 652 22 18 to
1602 655 88 21 persons
1704 650 64 25 living
1783 650 35 19 out
1835 648 27 26 of

1298 678 55 19 Port
1361 677 120 24 Nicholson,
1497 678 69 19 unless
1580 678 155 25 arrangements
1748 683 36 14 are
1797 676 61 20 made

1296 705 38 23 for
1343 704 34 20 the
1381 705 100 25 payment
1489 704 29 25 of
1523 705 35 20 the
1566 711 61 21 same,
1639 705 92 25 through
1740 710 28 15 an
1779 704 78 26 Agent,

1267 742 4 2 ■
1300 733 24 18 at
1335 732 136 25 Wellington..
1489 744 3 5 ■
