2520 4050
1290 253 65 22 From
1363 254 86 27 Terapft
1463 255 23 20 to
1501 252 96 23 Tokanu
1610 252 38 23 the
1657 252 65 22 shore
1730 252 20 23 is
1762 253 85 22 formed

1262 280 32 32 by
1299 287 14 14 a
1319 287 88 20 swamp,
1416 279 73 24 which
1498 280 90 23 reaches
1593 282 26 20 .to
1628 278 37 23 the
1672 279 61 23 hills.
1752 280 94 27 Beyond

1263 306 94 22 Tokanu
1366 306 69 22 about
1447 313 14 15 a
1470 306 59 27 mile,
1539 313 21 15 .a
1576 305 126 22 settlement
1711 305 71 23 called
1796 306 51 22 Wai

1265 332 60 28 eriki,
1336 340 25 15 or
1367 339 67 15 warm
1443 335 74 24 water,
1524 332 21 21 is
1550 331 96 23 situated
1654 339 30 14 on
1690 339 60 14 some
1756 333 91 26 patches

1265 358 26 22 of
1296 358 50 23 rich-
1353 359 39 32 dry
1400 358 54 23 land
1468 366 29 15 on
1506 358 39 23 the
1555 358 72 21 banks
1637 358 26 21 of
1675 358 38 22 the
1722 358 125 28 branching

1266 385 75 22 creeks
1348 385 72 23 which
1428 385 64 22 drain
1506 384 40 22 the
1555 391 82 21 swamp
1651 384 101 22 between
1762 385 37 22 the
1807 385 41 22 hot

1266 412 84 26 springs
1359 412 44 21 and
1411 411 41 22 the'
1458 412 59 21 lake.
1545 411 93 27 Beyond
1648 410 43 22 this
1701 418 13 14 a
1723 411 63 27 point
1795 419 52 14 runs

1266 440 39 19 out
1313 438 132 22 half-a-mile
1459 441 22 18 to
1491 438 38 21 the
1539 437 39 27 N.,
1594 437 44 22 and
1653 440 22 18 at
1685 437 44 22 this
1737 438 64 26 point
1810 438 37 22 the

1265 464 61 22 three
1340 464 107 22 branches
1458 464 25 22 of
1493 464 38 21 the
1541 464 77 26 Tonga
1625 463 61 27 .kiro,
1696 471 24 14 or
1735 464 111 32 Waikatp,

1265 490 60 22 flows
1333 490 46 23 into
1388 491 38 22 the
1433 490 59 22 lake.
1520 490 78 21 About
1611 490 37 21 the
1657 490 95 26 mouths,
1770 491 44 22 and
1823 491 24 22 in

1266 517 38 21 the
1315 517 73 22 creeks
1398 517 45 22 and
1447 517 92 26 lagoons
1546 516 30 22 all
1585 516 66 26 along
1658 516 60 22 from
1724 516 94 23 Tokanu
1826 521 21 18 to

1266 543 37 22 the
1306 543 112 28 .Waikato,
1425 542 193 24 dwelLthousands
1625 543 26 21 of
1655 542 68 22 ducks
1731 544 22 20 of
1762 544 86 21 various

1266 572 61 24 sorts,
1339 570 145 22 whichafford
1491 569 111 22 excellent
1607 573 65 23 sport.
1692 569 11 21 I
1708 572 65 24 spent
1779 577 69 20 many

1265 596 67 21 hours
1350 596 22 22 in
1383 596 116 28 exploring
1515 596 38 21 the
1563 596 88 21 various
1663 598 94 19 retreats
1767 603 82 21 among

1266 622 37 21 the
1311 622 74 23 rushes
1392 623 44 22 and
1440 622 61 28 flags,
1512 622 59 21 from
1578 622 72 22 which
1656 622 52 27 they
1716 622 38 21 did
1761 626 39 18 not
1805 624 42 21 rise

1266 649 35 21 till
1310 656 37 20 my
1358 649 57 22 little
1428 656 68 15 canoe
1506 656 65 14 came
1583 649 76 21 within
1674 649 52 21 half
1735 649 112 27 gun-shot.

1266 675 48 22 The
1327 676 106 28 principal
1448 676 45 21 and
1502 678 148 19 easternmost
1663 675 97 22 channel
1774 676 26 21 of
1810 676 38 21 the

1267 701 108 29 Waikato,
1399 702 97 27 running
1519 702 34 21 for
1576 709 60 14 some
1655 701 99 22 distance
1772 702 77 28 nearly

1266 729 90 26 parallel
1365 733 22 18 to
1397 723 38 28 tbe
1448 729 72 21 beach
1536 729 25 21 of
1572 728 38 21 the
1696 729 73 21 which
1782 730 65 26 again

1267 758 90 19 retreats
1365 756 57 21 from
1430 755 38 22 the
1476 755 64 28 point
1546 758 23 18 to
1578 755 38 21 the
1626 755 50 22 S.E.
1688 759 88 22 corner,'
1779 756 69 21 forms

1268 788 14 14 a
1289 781 54 28 long
1351 782 41 21 low
1400 782 124 28 peninsula,
1538 782 37 21 tbe
1587 782 66 21 inner
1664 781 51 22 half
1736 782 26 21 of
1776 783 72 21 whose

1266 808 93 22 breadth
1368 809 92 22 consists
1470 808 25 21 of
1506 815 90 21 swamp,
1607 807 64 22 while
1681 808 38 21 the
1732 811 63 19 outer
1803 809 18 21 is
1836 817 13 13 a

1267 835 60 21 bank
1346 835 24 22 of
1388 836 60 21 loose
1468 834 63 28 sand,
1547 835 67 21 about
1630 836 41 20 100
1689 835 64 26 yards
1773 835 75 22 broad.

1270 861 35 21 On
1313 861 40 22 this
1362 862 61 21 bank
1428 863 19 20 is
1456 861 59 22 built
1524 868 14 14 a
1546 868 54 20 very
1616 864 77 23 strong
1706 861 53 28 pah,
1778 862 71 22 called

1268 887 118 23 Waitanui.
1417 889 79 21 Across
1503 887 39 23 the
1552 890 86 20 eastern
1649 888 45 21 end
1702 888 27 21 of
1735 888 37 21 the
1781 888 67 27 bank,

1269 917 96 24 a.strong
1379 915 80 21 double
1474 915 64 21 fence
1558 915 26 21 15
1600 915 46 21 feet
1658 914 55 27 high
1724 922 53 14 runs
1793 915 57 22 from

1268 943 38 19 the
1316 948 79 21 swamp
1405 944 23 19 to
1438 941 37 21 the
1484 941 59 26 lake,
1554 941 46 22 and
1608 948 14 14 a
1630 940 45 22 like
1681 941 65 21 fence
1753 945 97 24 protects

1269 967 39 22 the
1316 971 92 19 western
1416 968 70 27 point.
1522 968 28 22 In
1568 967 38 23 the
1619 967 46 28 pah
1680 974 37 15 are
1732 967 37 22 the
1785 968 66 22 finest

1269 994 74 22 native
1350 994 80 22 houses
1439 995 48 21 that
1498 995 11 21 I
1519 994 58 22 have
1586 998 39 23 yet
1640 1002 61 14 seen.
1729 995 48 21 The
1793 1002 57 15 ware

1270 1021 59 27 puni,
1341 1028 24 14 or
1379 1021 99 28 sleeping
1487 1021 88 26 houses,
1591 1028 36 14 are
1644 1024 59 19 most
1717 1021 26 21 of
1753 1021 61 22 them
1825 1024 26 20 10

1270 1055 24 14 or
1312 1049 25 20 12
1353 1048 44 22 feet
1414 1049 26 21 in
1452 1047 85 28 height,
1553 1047 46 23 and
1616 1055 55 20 very
1684 1048 101 27 spacious
1792 1057 5 13 :
1813 1049 38 21 the

1270 1075 111 21 verandah
1400 1082 25 14 or
1440 1082 57 20 open
1510 1082 66 20 space
1589 1075 25 21 in
1625 1075 61 21 front
1699 1075 74 22 would
1783 1075 68 27 easily

1270 1101 163 22 accommodate
1441 1104 38 19 ten
1483 1101 102 31 sleepers,
1595 1101 43 22 and
1644 1101 38 22 the
1691 1101 71 22 whole
1767 1102 61 22 front
1833 1103 18 21 is

1271 1128 79 22 carved
1356 1128 44 22 and
1408 1127 91 28 painted
1510 1128 52 21 with
1572 1130 58 19 most
1636 1128 111 22 elaborate
1756 1129 94 27 designs.

1270 1154 47 22 The
1324 1154 68 22 kauta
1401 1162 25 14 or
1432 1154 97 27 cooking
1534 1154 88 25 houses,
1630 1162 36 14 are
1672 1156 126 26 proportion
1801 1156 51 26 ably

1270 1180 59 27 large
1337 1190 6 18 ;
1365 1181 24 22 in
1412 1181 49 21 that
1482 1184 51 23 part
1552 1181 26 21 of
1607 1176 37 26 the
1668 1181 45 27 pah
1732 1181 121 28 belonging

1271 1207 116 28 especially
1397 1210 22 19 to
1430 1207 104 26 Heuheu,
1549 1207 62 22 there
1626 1207 20 21 is
1660 1215 13 14 a
1687 1215 46 14 row
1748 1208 25 21 of
1786 1209 66 21 cook-

1270 1234 39 27 ing
1317 1234 78 22 houses
1406 1236 28 20 40
1448 1235 46 21 feet
1505 1234 55 27 long
1576 1234 31 27 by
1622 1234 77 22 fifteen
1714 1235 76 26 broad,
1809 1236 44 21 and

1271 1263 25 19 10
1306 1261 45 21 feet
1357 1261 52 26 high
1419 1261 28 21 in,
1452 1261 38 21 the
1500 1261 61 21 walls
1567 1269 6 19 ;
1584 1260 72 22 which
1666 1268 36 14 are
1713 1263 140 21 constructed

1272 1287 24 22 of
1307 1295 116 15 enormous
1430 1287 65 26 slabs,
1505 1288 51 21 well
1574 1287 63 22 fitted
1654 1287 113 27 together;
1781 1289 72 22 round

1270 1314 109 27 windows,
1391 1314 53 22 with
1453 1314 83 27 sliding
1545 1314 102 27 shutters,
1666 1315 70 21 admit
1743 1315 37 21 the
1789 1315 62 28 light,

1272 1341 44 21 and
1323 1341 34 22 let
1366 1344 38 19 out
1413 1341 38 21 the
1460 1341 85 21 smoke.
1583 1340 47 23 The
1645 1341 46 27 pah
1702 1341 20 21 is
1736 1343 41 20 500
1787 1343 66 26 yards

1271 1367 59 28 long,
1343 1367 43 23 and
1396 1369 39 21 100
1444 1367 71 22 broad
1522 1376 5 18 ;
1545 1367 45 22 and
1605 1367 18 22 is
1637 1368 56 21 used
1708 1375 25 14 as
1745 1376 15 13 a
1771 1369 45 26 pah
1832 1370 26 21 of

1271 1395 75 27 refuge
1364 1395 31 26 by
1411 1394 30 22 all
1446 1394 50 22 -the
1510 1394 137 22 inhabitants
1663 1395 26 21 of
1710 1395 78 26 Taupo
1810 1396 44 21 and

1272 1421 57 22 Roto
1339 1421 61 22 Aira.
1428 1421 63 22 Each
1499 1421 95 22 division
1609 1421 24 21 of
1644 1421 37 21 the
1697 1421 56 22 tribe
1771 1421 40 23 has
1825 1423 28 21 its

1272 1455 49 15 own
1331 1451 98 24 separate
1439 1453 107 22 quarters.
1584 1447 72 23 There
1671 1455 44 15 was
1731 1455 31 15 no
1776 1456 43 14 one
1830 1449 24 22 in

1272 1474 38 22 the
1319 1475 43 27 pah
1371 1482 29 14 on
1418 1474 36 22 the
1471 1475 103 21 occasion
1589 1475 26 21 of
1631 1482 39 19 my
1685 1475 58 26 visit,
1760 1475 44 22 and
1816 1475 38 23 the

1272 1501 75 22 fences
1355 1509 56 15 were
1421 1501 92 21 ruinous
1526 1501 24 22 in
1562 1508 68 20 many
1645 1501 75 27 places
1726 1510 5 18 ;
1749 1502 40 22 but
1802 1502 52 28 they

1273 1527 75 23 talked
1357 1529 24 21 of
1391 1527 133 27 renovating
1534 1528 37 22 the
1578 1528 141 22 fortification
1729 1536 24 14 as
1767 1536 54 14 soon
1832 1537 22 14 as

1273 1555 39 21 the
1319 1555 88 22 harvest
1413 1554 80 23 should
1511 1555 28 21 be
1553 1555 108 26 gathered
1678 1555 32 26 in,
1727 1558 23 18 to
1764 1556 90 27 provide

1274 1581 86 27 against
1374 1581 157 28 apprehended
1546 1581 103 22 invasion
1666 1581 59 22 from
1746 1582 108 23 Waikato.

1274 1609 22 21 A
1305 1608 70 22 beach
1382 1609 29 21 of
1425 1609 45 21 fine
1487 1608 77 26 gravel
1579 1607 57 23 lines
1650 1608 38 22 the
1702 1608 65 22 shore
1783 1616 24 14 as
1821 1610 35 21 far

1274 1642 24 14 as
1305 1635 37 21 the
1350 1635 100 26 isthmus,
1456 1634 73 22 where
1537 1642 13 14 a
1556 1638 81 18 stream
1648 1635 71 21 called
1727 1635 48 22 Wai
1786 1636 70 22 o.taka

1273 1662 61 21 flows
1344 1662 47 22 into
1397 1661 38 22 the
1441 1662 51 21 lake
1499 1670 5 12 :
1515 1661 44 22 this
1566 1661 19 22 is
1590 1661 68 22 about
1663 1661 63 22 three
1729 1662 64 22 miles
1799 1663 57 21 from

1274 1689 112 21 Waitanui
1393 1689 68 26 point.
1475 1688 105 22 Another
1585 1692 81 18 stream
1674 1689 25 21 of
1705 1688 151 23 considerable

1275 1715 43 23 size
1327 1715 61 23 flows
1397 1715 65 22 down
1472 1715 38 21 the
1519 1715 85 21 middle
1614 1715 25 21 of
1654 1715 38 21 the
1701 1715 101 28 isthmus,
1813 1717 43 21 and

1275 1742 57 22 finds
1338 1743 28 21 its
1375 1749 49 20 way
1430 1743 48 21 into
1487 1741 39 21 the
1534 1741 52 22 lake
1597 1748 28 15 on
1639 1741 39 22 the
1693 1742 105 22 southern
1811 1743 45 22 side

1275 1769 25 22 of
1314 1769 37 21 the
1366 1769 98 26 isthmus,
1481 1768 60 22 close
1553 1772 23 18 to
1592 1769 27 21 its
1633 1768 103 27 junction
1749 1769 53 22 with
1820 1770 36 22 the

1275 1796 123 27 peninsula.
1425 1795 55 22 This
1491 1799 81 17 stream
1581 1795 19 21 is
1613 1795 72 21 called
1696 1795 49 22 Wai
1761 1796 94 27 Marino,

1272 1830 28 19 <px
1308 1823 56 21 calm
1370 1825 75 19 water.
1473 1822 36 21 On
1516 1822 29 21 its
1552 1822 29 21 N.
1590 1822 60 21 bank
1657 1822 19 21 is
1687 1829 12 14 a
1706 1823 151 22 considerable

1275 1849 130 22 settlement.
1433 1849 59 21 Both
1508 1849 62 21 these
1586 1852 92 18 streams
1692 1849 42 21 rise
1743 1849 59 22 from
1820 1850 37 22 the

1275 1879 92 19 western
1377 1882 63 21 spurs
1449 1875 26 21 of
1482 1875 44 21 Kai
1537 1875 110 21 Manawa.
1675 1875 48 22 The
1734 1876 52 27 only
1796 1877 62 21 other

1275 1902 107 28 principal
1390 1902 137 22 settlements
1536 1909 28 14 on
1571 1901 38 22 the
1614 1901 51 22 lake
1672 1909 37 14 are
1716 1905 22 18 at
1745 1903 111 26 Wareroa,

1277 1929 44 22 and
1331 1932 22 19 at
1362 1937 13 13 a
1382 1929 64 28 place
1460 1928 74 22 called
1547 1929 119 26 Motutere,
1682 1929 68 21 about
1766 1929 94 28 halfway

1277 1956 66 27 along
1356 1956 38 21 the
1411 1958 85 19 eastern
1513 1955 72 21 shore.
1611 1955 55 27 /The
1679 1955 71 21 whole
1761 1956 60 22 force
1837 1957 24 21 of

1272 1983 124 27 J^aijtanui,
1405 1981 93 24 without
1507 1981 69 27 allies,
1588 1985 103 18 amounts
1701 1986 21 16 to
1731 1982 57 22 little
1798 1990 61 14 more

1277 2009 55 21 than
1341 2010 40 20 400
1391 2008 96 27 fighting
1495 2014 60 15 men.

1303 2042 73 22 While
1386 2044 24 19 at
1418 2041 95 22 Tokanu
1522 2041 13 21 I
1546 2040 64 23 could
1619 2044 39 18 not
1672 2041 40 22 but
1722 2042 91 22 observe
1822 2044 38 21 the

1278 2069 109 22 excellent
1402 2068 96 21 conduct
1507 2068 27 21 of
1543 2068 38 21 the
1595 2068 91 21 natives.
1715 2068 54 22 This
1784 2077 44 14 was
1837 2077 23 14 as

1277 2096 69 21 much
1361 2095 71 26 owing
1445 2098 24 18 to
1482 2094 59 21 their
1559 2102 48 14 own
1622 2094 97 32 frjendly
1735 2094 125 28 disposition

1278 2129 24 15 as
1312 2126 21 18 to
1344 2122 36 21 the
1391 2121 111 27 authority
1512 2121 26 21 of
1547 2122 58 21 their
1613 2121 77 22 chiefs.
1718 2121 12 22 I
1740 2129 44 15 was
1794 2130 68 15 never

1278 2149 103 27 annoyed
1397 2155 24 14 as
1430 2155 43 14 one
1487 2148 125 26 invariably
1621 2148 18 21 is
1649 2152 23 17 at
1686 2155 61 14 more
1763 2150 100 21 civilized

1278 2183 25 14 or
1317 2183 61 14 more
1393 2174 155 23 christianized
1564 2174 140 22 settlements.
1734 2176 41 26 My
1785 2176 77 22 wishes

1279 2202 89 23 seemed
1381 2209 15 14 a
1409 2202 43 21 law
1462 2206 22 17 to
1494 2201 74 27 them;
1588 2201 43 22 and
1645 2202 54 26 they
1708 2209 58 14 were
1781 2203 82 27 always

1280 2229 89 27 making
1386 2228 119 27 voluntary
1523 2228 75 21 efforts
1614 2232 22 17 to
1655 2235 91 21 procure
1764 2237 35 14 me
1819 2237 44 20 any

1279 2256 50 21 food
1342 2263 24 14 or
1381 2258 141 19 amusement
1536 2255 73 21 which
1618 2254 54 28 they
1680 2254 97 28 thought
1790 2257 73 21 would

1316 2282 121 28 agreeable.
1466 2282 47 21 The
1528 2281 53 27 only
1591 2281 126 28 exceptions
1731 2286 22 17 to
1764 2283 43 21 this
1816 2284 47 21 rule

1278 2317 56 14 were
1357 2308 124 28 invariably
1499 2315 84 20 among
1606 2309 36 21 the
1665 2308 43 22 few
1732 2310 133 28 missionary

1280 2336 102 27 families;
1394 2336 50 21 who
1453 2335 90 22 seemed
1549 2338 23 19 to
1583 2335 49 22 take
1639 2335 62 27 pride
1710 2335 25 22 in
1744 2336 69 28 being
1821 2337 44 22 less

1280 2366 115 19 courteous
1403 2363 54 20 than
1464 2362 37 21 the
1510 2362 80 26 others,
1602 2362 45 21 and
1653 2369 62 14 more
1726 2364 139 21 over-reach-

1280 2390 38 26 ing
1324 2390 24 21 in
1358 2390 57 21 their
1423 2389 75 22 barter
1508 2388 35 22 for
1552 2388 38 21 the
1604 2388 102 22 different
1715 2389 57 22 little
1782 2390 81 27 things,

1281 2416 53 22 such
1344 2423 23 15 as
1382 2416 98 26 shallots,
1499 2415 119 27 craw-fish,
1635 2416 78 21 duck's
1723 2423 59 21 eggs,
1793 2417 72 23 which

1281 2443 51 28 they
1341 2442 95 28 brought
1447 2442 24 21 in
1481 2442 116 27 exchange
1607 2442 33 22 for
1653 2442 62 28 pipes
1726 2450 24 15 or
1766 2444 97 21 tobacco.

1282 2470 63 21 Close
1352 2473 22 18 to
1381 2477 39 19 my
1426 2469 70 22 house
1504 2475 46 15 was
1557 2476 14 14 a
1577 2476 67 15 warm
1652 2469 81 27 spring,
1745 2477 24 15 so
1775 2470 90 23 shallow

1282 2496 46 22 that
1340 2504 45 20 you
1402 2496 65 22 could
1480 2496 30 21 lie
1520 2495 66 22 down
1596 2503 28 14 on
1638 2496 39 21 the
1691 2496 72 28 sandy
1771 2497 92 26 bottom,

1281 2524 52 21 with
1350 2530 55 20 your
1419 2522 58 23 head
1487 2526 39 18 out
1536 2522 26 22 of
1575 2526 74 18 water-
1677 2522 29 22 In
1716 2523 44 22 this
1773 2524 53 21 bath
1837 2524 28 22 all

1282 2550 36 22 the
1331 2550 86 22 natives
1430 2549 132 27 assembled,
1579 2550 104 26 morning
1697 2550 45 21 and
1756 2551 108 27 evening;

1283 2577 42 22 and
1341 2576 80 23 indeed
1437 2576 10 22 I
1458 2583 70 15 never
1541 2583 45 15 saw
1596 2583 14 14 a
1624 2576 61 28 time,
1701 2576 46 22 late
1757 2584 25 14 or
1798 2578 67 27 early,

1284 2604 45 21 that
1338 2604 62 21 there
1409 2610 58 15 were
1475 2606 41 19 not
1526 2610 62 15 some
1601 2603 22 22 in
1637 2603 40 21 the
1687 2606 74 19 water.
1790 2604 12 21 I
1811 2611 54 15 soon

1284 2630 88 22 learned
1381 2634 23 18 to
1411 2630 49 27 join
1471 2630 74 26 them;
1560 2630 46 21 and
1614 2630 55 21 used
1677 2634 23 17 to
1710 2630 85 22 remain
1804 2630 63 23 there

1284 2658 33 21 for
1324 2657 74 27 hours,
1409 2656 103 28 smoking
1522 2656 45 22 and
1581 2656 91 28 playing
1681 2660 23 18 at
1708 2657 118 27 .draughts,
1844 2661 23 18 at

1285 2684 68 21 which
1362 2691 66 21 game
1438 2683 57 28 they'
1500 2691 38 14 are
1548 2683 31 22 all
1588 2683 123 27 extremely
1721 2688 84 24 expert.
1833 2685 34 22 To

1284 2710 55 22 their
1348 2710 103 28 frequent
1459 2717 40 14 use
1509 2711 27 20 of
1546 2710 63 21 these
1618 2710 64 21 baths
1693 2710 10 22 I
1714 2711 104 22 attribute
1828 2711 39 22 the

1285 2738 129 21 cleanliness
1430 2737 46 22 and
1489 2736 60 28 good
1563 2736 77 22 health
1650 2736 25 22 of
1691 2736 37 23 the
1744 2738 84 21 natives
1846 2738 24 22 of

1285 2764 41 22 this
1334 2767 49 25 part
1393 2764 26 22 of
1428 2764 39 21 the
1480 2767 94 23 country
1582 2771 5 19 ;
1608 2763 48 22 who
1672 2770 35 15 are
1725 2764 79 28 totally
1821 2765 47 22 free

1285 2791 54 22 from
1349 2791 37 21 the
1397 2794 121 19 cutaneous
1526 2790 95 22 diseases
1629 2797 24 14 so
1663 2790 113 23 universal
1786 2799 82 19 among

1285 2818 36 21 the
1330 2821 62 18 coast
1400 2818 74 26 tribes,
1491 2817 56 27 and,-
1560 2816 122 28 generally,
1694 2825 12 14 a
1716 2818 97 28 cleaner,
1824 2820 45 21 and

1285 2844 131 23 handsomer
1424 2851 58 15 race.

1326 2886 4 12 ,
1470 2871 40 27 [To
1520 2872 25 19 be
1553 2871 128 27 continued.']

1338 2933 210 24 COLONIAL
1578 2933 232 24 EXTRACTS.

1923 2748 20 20 A
1961 2747 83 21 Novel
2066 2747 90 20 Order.
2186 2747 50 20 Last
2254 2747 58 20 week
2330 2754 13 13 a
2361 2748 118 25 gentleman

1895 2775 66 20 called
1970 2778 22 17 at
2001 2781 39 14 our
2049 2775 95 26 printing
2153 2775 67 24 office,
2227 2775 41 19 and
2276 2775 111 26 requested
2392 2775 46 20 that
2446 2781 33 14 we

1895 2802 69 20 would
1973 2802 57 26 print
2044 2802 34 19 for
2093 2802 45 19 him
2153 2802 65 20 about
2232 2804 41 17 two
2288 2802 96 19 hundred
2398 2802 80 20 letters.

1897 2830 34 19 On
1940 2830 92 25 handing
2041 2830 36 19 the
2087 2835 54 20 copy
2153 2830 22 19 to
2185 2836 33 17 us,
2228 2835 32 14 we
2272 2835 53 14 were
2336 2830 105 25 surprised
2454 2831 24 18 to

1886 2853 2 26 i
1898 2857 50 20 read
1956 2857 37 20 the
1999 2856 109 26 following
2121 2859 97 18 contents
2227 2864 3 12 ::
2318 2860 4 4 '
2453 2849 22 14 *

2359 2885 27 23 %-,
2397 2884 26 20 18

1997 2919 71 19 Dear
2157 2928 28 15 -,
2214 2918 12 20 I
2234 2918 74 20 hasten
2315 2919 23 18 to
2347 2918 78 20 inform
2434 2924 43 19 you

1897 2946 46 20 that
1951 2952 35 19 my
1995 2947 48 19 dear
2052 2946 48 19 -wife
2111 2946 65 20 Susan
2185 2945 111 26 presented
2309 2951 34 13 me
2352 2945 51 19 with
2412 2952 13 12 a
2433 2946 43 19 fine

1990 2978 23 22 f-,
2023 2975 22 17 at
2166 2971 83 21 o'clock
2361 2986 7 10 ,
2383 2972 42 20 and
2434 2973 47 19 that

1897 3001 37 20 she
1948 3001 41 19 and
1998 3001 36 19 the
2048 3001 50 20 dear
2106 3000 53 20 babe
2174 3006 36 14 are
2220 2999 62 26 doing
2300 3000 36 18 'as
2346 2998 46 21 well
2401 3006 22 13 as
2441 3006 39 14 can

1894 3028 28 20 be
1940 3028 114 26 expected.'
2089 3027 51 20 You
2154 3032 36 14 are
2203 3032 65 14 aware
2288 3027 45 19 that
2348 3027 43 19 this
2409 3027 19 20 is
2443 3033 38 20 my

1994 3053 5 9 f
2009 3055 73 20 teenth
2092 3054 100 25 blessing.
2401 3056 5 9 r

2151 3081 56 21 Ever
2216 3087 71 20 yours,

1924 3136 50 20 This
2006 3136 63 20 novel
2079 3136 62 20 order
2178 3136 102 26 certainly
2288 3136 78 21 caused
2371 3143 30 14 us-
2404 3140 23 17 to
2437 3138 45 19 cast

1895 3170 30 20 up
1940 3170 27 13 an
1974 3164 108 26 inquiring
2095 3164 59 23 look,
2168 3170 24 13 as
2207 3164 63 19 much
2279 3171 23 13 as
2317 3166 24 17 to
2351 3170 44 20 say,
2417 3164 65 21 'iAre

1896 3197 44 19 you
1947 3191 24 20 in
2121 3191 33 20 for
2160 3191 34 20 his
2204 3191 59 26 reply
2268 3198 49 18 was,
2355 3191 13 20 I
2377 3198 33 13 am
2416 3192 66 25 really

1896 3219 24 19 in
1936 3220 88 18 earnest.
2052 3218 51 20 You
2221 3218 28 20 he
2263 3218 120 27 continued,
2450 3218 31 20 3.

2007 3246 37 19 has
2051 3245 46 25 just
2110 3246 54 19 been
2284 3246 56 21 /with
2349 3246 34 21 the
2393 3246 89 24 twelfth,

1898 3273 41 20 and
1948 3272 12 21 I
1974 3279 33 14 see
2016 3279 29 14 no
2060 3275 98 24 prospect
2167 3274 25 19 of
2203 3274 37 19 her
2255 3274 92 25 arriving
2362 3275 21 18 at
2393 3277 35 16 tne
2441 3273 41 20 end

1898 3300 24 20 of
1933 3300 36 20 the
1978 3300 94 26 chapter.
2173 3307 61 19 every
2242 3301 151 20 accouchment
2402 3300 13 20 I
2429 3300 53 20 have

1898 3329 23 18 to
1938 3328 57 20 write
2004 3329 23 18 to
2046 3328 98 26 upwards
2157 3328 33 20 of.
2201 3330 78 24 twenty
2297 3328 80 20 friends
2391 3327 42 20 and
2448 3333 33 14 re-

1898 3354 76 21 lations
1982 3362 6 17 ;
2009 3352 120 28 therefore,j
2138 3356 23 21 if.
2169 3355 12 20 I
2195 3356 54 19 have
2265 3362 12 13 a
2294 3356 61 19 stock
2364 3354 23 21 of
2397 3354 85 26 printed

1898 3382 65 20 forms
1978 3382 28 26 by
2021 3389 43 18 me,
2080 3383 30 20 all
2126 3382 12 21 I
2155 3383 54 20 shall
2223 3383 52 20 have
2288 3380 73 31 -to^do
2378 3387 28 14 on
2423 3382 59 19 these

1898 3409 123 26 interesting
2031 3410 109 20 occasions
2150 3410 77 20 willbe
2235 3412 25 18 to
2270 3410 31 20 fill
2309 3416 39 19 up-.
2355 3408 35 21 the
2399 3408 82 21 blanks.

2008 3443 32 13 we
2045 3437 102 26 rejoined,
2180 3437 40 21 but
2226 3443 46 15 now
2277 3437 37 19 she
2321 3437 38 19 has
2367 3436 116 26 completed

1900 3470 12 14 a
1921 3464 68 20 round,
1994 3464 74 25 dozen,
2079 3465 36 19 the
2122 3465 89 20 chances
2221 3470 34 15 are
2263 3464 80 26 against
2352 3462 36 21 the
2395 3463 88 20 number

2164 3495 23 17 at
2261 3491 27 20 he
2297 3490 91 26 replied';
2402 3490 80 27 .{'Mrs.

1957 3515 4 18 '
2010 3519 83 20 mother
2108 3525 42 15 was
2159 3519 131 25 remarkably
2305 3517 53 21 fond
2373 3517 24 20 of
2411 3519 71 19 straw-

1891 3560 2 6 ,
1900 3545 85 26 berries,
1995 3547 43 19 and
2047 3547 37 19 she
2098 3546 42 20 had
2148 3547 98 19 nineteen
2260 3545 94 20 children
2360 3552 7 17 ;
2386 3551 37 20 my
2435 3544 48 21 wife

1895 3574 25 20 is
1927 3573 53 21 fond
1994 3574 29 20 of.
2031 3574 148 23 strawberries,
2190 3573 40 20 and
2246 3574 45 19 eats
2299 3566 183 35 largVquantities

1893 3598 5 24 I
1901 3607 62 21 every
1975 3608 49 19 year
2052 3608 24 13 so
2090 3601 57 21 thaff
2150 3601 48 20 like'
2202 3599 86 22 'mother
2300 3600 43 20 like

1901 3628 40 20 We
1964 3635 54 14 were
2031 3630 49 20 .not
2107 3623 197 30 leanied^enongh,
2324 3627 25 19 in

1901 3657 107 24 mysteiies
2023 3657 22 19 to
2060 3655 140 24 understand,-
2209 3655 112 21 much.less
2336 3653 58 26 reply
2403 3655 22 17 to
2440 3653 43 20 this

1901 3683 56 26 logic
1964 3691 7 16 ;
1985 3690 24 14 so
2018 3689 31 14 we
2061 3683 53 20 took
2123 3679 36 23 the
2169 3688 54 20 copy
2229 3681 42 21 and
2279 3680 106 22 carriedlt
2390 3678 47 22 into
2446 3681 37 19 the

1901 3710 173 27 printing-office,
2089 3710 42 20 and
2140 3710 62 25 being
2220 3707 114 25 bachelors^
2343 3707 92 20 wended-
2444 3713 41 15 our

1902 3744 51 20 way,
1964 3738 63 19 much
2036 3737 121 26 wondering
2359 3735 127 20 connection,

1902 3766 58 24 there
1967 3765 61 20 could
2036 3765 28 20 be
2070 3764 92 22 between
2167 3761 114 24 babesvand
2287 3762 147 25 strawberries)
2442 3762 42 20 and

1902 3792 102 26 admiring
2020 3792 36 20 the
2067 3796 3 5 '
2075 3791 129 26 philosophy
2213 3790 31 28 ;of
2247 3792 7 11 -'
2258 3785 47 25 bur*
2310 3787 174 28 Behedict^who

1903 3820 61 19 could
1973 3825 53 14 wear
2035 3825 13 14 a
2057 3818 156 24 smooth-chin,-
2217 3817 64 22 and.a
2291 3817 97 25 resigned
2397 3818 88 19 counte-

1903 3853 73 18 nance,
1983 3846 54 21 with'
2041 3846 76 20 twelve
2121 3845 100 24 children,
2229 3844 42 20 and
2276 3844 36 20 the
2321 3845 99 25 prospect
2426 3844 23 20 of
2453 3844 32 27 jail

1903 3874 106 20 indefinite
2018 3872 165 26 'augmentation
2201 3876 24 15 of
2244 3871 48 20 that
2308 3871 67 25 awful
2389 3871 88 20 nuniber
2477 3886 18 15 v

1905 3901 45 20 Our
1959 3900 59 26 diary
2026 3906 29 15 on
2065 3900 47 19 that
2121 3898 39 26 day
2168 3899 39 20 has
2216 3898 37 21 the
2267 3898 108 26 following
2382 3900 62 24 entry
2449 3905 36 13 :
2489 3893 6 5 *

2053 3932 64 15 never
2132 3928 23 18 to
2165 3932 68 22 marry
2242 3933 14 14 a
2270 3931 84 16 woman'
2366 3926 47 21 that
2426 3924 60 23 love's

1903 3954 137 23 strawberries
2051 3959 50 16 over

647 148 58 21 used
713 154 24 15 as
747 155 14 15 a
774 151 97 24 cemetry
878 148 33 27 by
919 147 38 21 the
971 146 94 24 natives.
1092 147 145 28 Descending

647 174 59 22 from
715 175 38 21 the
762 174 54 27 high
821 175 93 26 ground,
922 181 33 14 we
962 181 51 14 now
1022 174 88 22 crossed
1117 174 39 22 the
1162 174 75 22 Toka-

649 207 38 21 nu,
694 208 14 14 a
714 205 81 17 stream
800 201 73 21 which
877 200 126 22 flowsfrom.
1007 200 37 22 the
1050 200 108 22 northern
1162 200 47 22 side
1214 200 25 21 of

649 227 94 27 Pianga,
750 230 3 5 '
762 227 52 27 and,
833 227 89 27 passing
939 226 101 22 between
1058 227 38 21 the
1115 227 54 22 hills
1191 226 44 22 and

650 253 103 28 Maunga
764 260 77 20 namu,
858 253 62 22 flows
936 252 48 23 into
1005 252 39 23 the
1058 252 51 23 lake
1125 260 55 15 near
1198 252 39 23 the

650 280 61 22 S.W.
722 287 86 15 corner.
836 280 65 21 After
917 279 99 27 crossing
1031 286 15 15 a
1061 279 66 22 small
1145 286 91 20 swamp,

650 306 47 22 and
708 313 13 15 a
730 307 90 27 coppice
830 306 26 21 of
861 306 42 21 low
912 307 97 25 manuka,
1015 313 34 14 we
1056 313 62 14 came
1127 306 112 26 suddenly

651 339 30 16 on
691 340 14 15 a
714 334 68 21 novel
795 339 74 15 scene.
897 332 22 22 A
928 340 65 18 space
1010 332 26 21 of
1047 332 68 22 about
1131 334 28 20 10
1167 339 70 20 acres,

652 367 30 14 on
698 359 71 22 either
784 359 47 22 side
840 358 26 22 of
878 358 39 22 the
932 359 96 22 Tokanu
1037 362 88 22 stream,
1134 359 21 21 is
1165 359 73 27 perfo-

650 386 65 21 rated
728 386 55 21 with
795 385 63 22 holes
873 385 45 22 and
934 386 90 22 cavities
1040 385 25 22 of
1076 385 89 22 various
1173 386 64 26 sizes,

650 412 60 22 from
724 412 73 22 which
812 415 72 18 steam
902 412 69 21 issues
986 412 26 21 in
1028 411 62 27 large
1108 412 129 26 quantities.

652 439 66 21 Some
726 442 52 24 part
787 438 25 21 of
819 438 42 21 this
871 445 66 21 space
944 438 20 22 is
972 438 88 27 barren,
1071 438 46 21 and
1125 438 113 22 whitened

651 465 31 26 by
694 465 40 21 the
750 464 146 28 sulphureous
914 464 140 23 exhalations
1071 464 58 22 from
1147 464 38 22 the
1199 464 40 22 hot

652 491 86 27 springs
745 499 6 19 ;
766 491 41 22 but
820 491 25 22 in
859 490 63 23 other
936 491 75 28 places
1023 492 97 24 manuka,
1131 490 47 23 and
1190 491 49 22 rich

651 525 69 19 grass,
729 525 62 19 grow
799 520 24 19 to
832 517 38 22 the
878 525 56 19 very
941 518 54 26 edge
1007 518 24 21 of
1038 525 14 14 a
1061 518 85 26 boiling
1156 518 82 26 cavity.

652 544 30 21 In
692 551 61 15 some
760 544 82 28 places,
849 551 13 15 a
872 544 65 22 small
944 544 53 22 hole
1007 544 52 28 only
1067 545 20 21 is
1094 544 143 28 perceptible,

651 570 59 22 from
718 570 74 22 which
800 570 70 22 issues
880 578 14 14 a
903 574 82 19 stream
1002 570 26 23 of
1040 574 69 19 steam
1116 579 6 13 :
1136 570 54 22 here
1200 570 39 21 the

652 597 88 22 natives
755 596 58 23 form
828 597 58 22 their
895 605 77 19 ovens,
989 597 46 22 and
1051 597 55 22 cook
1122 596 53 22 food
1184 603 54 20 very

652 623 73 27 nicely
743 624 45 21 and
805 624 54 21 with
877 628 63 23 great
958 624 134 27 expedition.
1128 623 30 22 In
1175 623 64 22 other

650 650 76 27 places
734 649 61 28 large
806 650 96 26 cavities,
913 651 58 21 from
986 652 27 20 10
1028 654 24 19 to
1061 652 27 20 30
1096 650 47 22 feet
1157 650 25 21 in
1191 649 48 22 dia-

652 680 77 24 meter,
742 684 37 15 are
788 676 62 23 filled
857 677 54 22 with
919 680 68 19 water
997 677 26 22 of
1029 677 88 22 various
1126 680 111 23 tempera-

652 706 61 19 tures
722 711 5 14 :
743 710 61 15 some
814 703 77 27 nearly
899 704 92 26 boiling,
1004 704 74 21 others
1087 702 114 28 tempered
1209 702 31 27 by

652 730 38 21 the
701 730 50 22 cold
761 734 82 18 stream
851 730 73 22 which
934 737 53 15 runs
997 730 96 27 through
1103 737 43 14 one
1155 732 52 23 part
1216 729 27 21 of

652 756 70 22 them.
751 756 35 22 In'
795 763 43 16 one
854 757 26 21 of
893 756 38 23 the
944 757 74 26 latter,
1035 763 32 15 we
1079 756 29 21 all
1121 756 46 21 had
1178 763 14 14 a
1202 755 38 22 de-

651 783 79 22 licious
738 783 62 22 bath.
842 784 48 21 The
897 784 74 27 cavity
975 791 45 14 was
1029 786 37 18 too
1078 783 54 26 deep

653 809 39 22 the
700 810 94 27 bottom,
805 810 86 28 though
904 817 35 15 we
953 810 66 21 dived
1033 809 33 22 off
1078 816 13 14 a
1103 808 62 22 bank
1179 808 63 27 eight

653 836 48 22 feet
715 836 62 28 high,
788 837 45 22 and
841 836 37 23 the
888 839 149 25 temperature
1046 835 76 22 varied
1133 835 59 22 from
1202 836 38 21 70

652 866 25 18 to
700 864 51 21 100
773 871 24 14 as
814 871 45 19 you
877 863 141 27 approached
1035 870 26 13 or
1078 864 40 19 not
1134 861 39 22 the
1193 869 48 14 em-

652 889 114 22 bouchure
785 890 26 21 of
826 890 37 21 the
882 887 102 24 different
999 889 86 27 springs
1099 888 50 21 that
1162 888 79 28 supply

653 916 38 21 the
705 916 61 21 bath.
795 916 29 22 In
833 916 30 22 all
874 915 118 22 directions
1003 920 70 17 steam
1085 922 23 14 or
1124 914 41 22 hot
1173 919 69 17 water

652 943 71 21 issues
741 943 58 21 from
818 943 38 21 the
874 942 88 27 ground
971 950 6 18 ;
1003 941 44 22 and
1065 941 38 21 the
1121 941 78 22 clouds
1218 941 27 22 of

654 972 71 18 steam
735 969 74 21 which
819 976 65 15 cover
891 969 38 21 the
939 971 55 24 spot,
1005 968 45 22 and
1059 967 36 23 the
1105 967 104 28 gurgling
1218 968 27 21 of

654 995 39 21 the
703 995 102 22 different
821 995 39 21 hot
876 995 113 22 fountains
1000 994 86 22 around
1098 1002 51 19 you,
1160 994 45 22 add
1218 997 24 19 to

654 1021 38 21 the
711 1021 91 22 wonder
820 1021 87 22 excited
927 1022 29 27 by
975 1021 39 22 the
1031 1021 68 22 novel
1117 1028 74 15 scene.
1219 1021 23 21 A

654 1050 101 25 stranger
763 1049 98 26 requires
871 1051 22 19 to
908 1048 29 22 be
953 1048 85 22 careful
1047 1055 24 15 as
1085 1050 23 18 to
1125 1047 74 22 where
1212 1047 30 22 he

654 1077 60 24 steps
722 1082 5 14 :
743 1082 33 14 we
791 1082 57 14 were
864 1075 77 21 shown
958 1078 44 18 two
1012 1075 56 27 deep
1076 1074 76 22 basins
1162 1074 42 23 full
1218 1075 26 21 of

654 1100 78 27 nearly
741 1101 86 28 boiling
842 1104 75 25 water,
934 1101 49 22 into
993 1109 43 14 one
1046 1101 25 22 of
1084 1100 73 22 which
1162 1103 17 19 *a
1188 1108 54 14 man

654 1127 70 21 threw
740 1127 35 22 his
791 1128 60 22 slave
868 1129 34 21 for
915 1128 96 27 stealing
1025 1130 107 26 potatoes,
1148 1127 66 23 while
1229 1135 14 14 a

653 1153 39 28 pig
707 1153 46 23 had
769 1155 76 21 forced
859 1162 19 14 a>
888 1162 54 14 man
951 1155 51 21 who
1016 1162 45 15 was
1074 1154 107 28 pursuing
1194 1153 49 23 him

654 1182 49 20 into
710 1180 38 22 the
758 1181 76 28 other;
850 1181 53 28 they
913 1181 49 22 said
971 1181 49 22 that
1029 1181 37 22 the
1078 1183 67 19 bones
1156 1181 25 22 of
1186 1181 57 21 both

656 1214 57 15 were
726 1207 87 28 plainly
827 1208 77 22 visible
921 1209 39 21 but
976 1216 14 14 a
1005 1216 54 19 year
1075 1215 24 14 or
1111 1211 45 18 two
1172 1208 69 26 since,

654 1233 42 22 but
712 1233 60 23 have
788 1235 59 22 been
864 1235 134 28 completely
1018 1233 117 26 destroyed
1155 1234 31 27 by
1205 1234 37 22 the

656 1261 76 21 action
751 1261 26 21 of
791 1261 39 22 the
849 1265 75 19 water.
952 1261 60 22 Half
1026 1269 15 14 a
1058 1259 52 23 mile
1129 1261 59 21 from
1205 1260 38 22 the

656 1287 87 27 springs
757 1295 33 15 we
805 1288 94 22 reached
917 1296 14 14 a
944 1288 127 22 settlement
1085 1287 83 22 named
1186 1287 58 22 after

657 1313 37 22 the
704 1317 87 25 stream,
804 1315 72 22 where
885 1317 41 20 300
934 1315 79 27 people
1022 1322 58 14 were
1089 1313 124 23 assembled
1220 1318 24 18 to

656 1341 88 21 receive
759 1348 34 15 us.
823 1342 11 22 I
844 1349 45 15 was
897 1341 96 23 ushered
1007 1341 48 21 into
1064 1348 15 14 a
1091 1341 69 21 house
1170 1341 74 26 newly

656 1367 57 21 built
722 1375 30 14 on
762 1376 94 19 purpose
866 1368 35 22 for
909 1375 44 19 me,
965 1368 46 22 and
1019 1367 52 22 then
1080 1367 37 21 the
1127 1369 59 24 tangi
1199 1368 45 21 and

657 1394 105 27 speeches
771 1398 59 18 went
839 1402 29 15 on
878 1402 23 14 as
915 1395 71 21 usual.
1016 1394 54 22 This
1078 1394 63 27 place
1151 1395 20 21 is
1185 1394 59 22 close

655 1424 26 19 .to
691 1420 38 22 the
739 1421 79 22 mouth
826 1423 25 21 of
857 1421 39 22 the
905 1424 88 23 stream,
1006 1428 29 14 on
1045 1421 38 21 the
1092 1421 46 26 flat,
1146 1421 73 22 which
1224 1421 20 21 is

657 1446 54 23 here
719 1447 96 28 perhaps
824 1456 13 14 a
844 1448 53 22 mile
904 1448 71 22 broad
984 1449 58 21 from
1057 1447 37 22 the
1107 1447 52 22 lake
1169 1451 23 19 to
1207 1447 37 22 the

658 1473 59 22 hills.
754 1475 121 21 Extensive
892 1475 93 27 patches
1004 1482 36 14 are
1056 1481 61 15 sown
1134 1474 54 22 with
1207 1474 37 22 the

659 1502 91 26 Aumera,
760 1502 77 27 neatly
851 1501 81 22 fenced
944 1501 25 22 in
979 1501 45 22 and
1040 1501 127 22 cultivated.
1196 1501 48 22 The

794 1529 26 21 of
827 1528 37 22 the
873 1528 40 22 flat
921 1529 20 21 is
950 1528 89 28 equally
1047 1527 89 23 divided
1145 1528 100 22 between

659 1562 14 14 a
681 1561 65 20 raupo
762 1562 82 20 swamp
854 1555 45 21 and
912 1562 76 20 grassy
997 1555 80 31 plains.
1105 1555 55 21 This
1171 1554 74 22 settle-

659 1585 64 19 ment
738 1589 61 14 owns
813 1582 35 22 for
861 1581 78 23 leader
946 1588 15 15 a
970 1581 62 22 chief
1045 1581 82 22 named
1136 1581 64 22 Here
1208 1581 37 22 kie

659 1608 44 27 kie,
715 1608 49 22 who
778 1608 102 22 behaved
894 1612 23 18 to
925 1616 37 14 me
972 1609 23 21 in
1006 1608 36 22 the
1052 1611 57 19 most
1119 1607 126 28 hospitable

661 1637 45 20 and
724 1635 100 28 pleasing
838 1642 94 15 manner
948 1635 37 21 for
999 1642 14 15 a
1028 1635 78 21 month
1122 1634 49 22 that
1185 1634 12 22 I
1211 1642 36 14 re-

661 1662 91 22 mained
769 1662 61 22 here.
858 1661 154 28 Exceedingly
1030 1661 123 22 handsome
1176 1668 25 15 as
1223 1665 23 17 to

661 1689 70 26 figure
739 1689 45 21 and
792 1689 56 26 face,
859 1689 44 21 and
914 1689 26 21 of
950 1689 157 26 commanding
1117 1691 96 24 stature,'
1218 1688 29 22 he

661 1715 98 22 blended
776 1718 63 25 great
857 1715 87 27 dignity
963 1715 25 22 of
1004 1715 61 22 mien
1084 1715 52 22 with
1155 1722 14 14 a
1191 1722 56 19 very

663 1742 79 22 affable
757 1742 134 27 disposition,
906 1742 44 22 and
965 1741 93 28 pleased
1070 1749 36 15 me
1117 1748 30 15 no
1164 1741 43 22 less
1216 1741 31 27 by

663 1769 37 21 the
710 1769 142 22 well-earned
861 1772 86 24 respect
956 1769 46 21 and
1009 1768 118 22 obedience
1136 1767 75 24 which
1218 1768 29 22 he

663 1796 94 22 exacted
770 1795 58 22 from
842 1795 41 22 his-
892 1795 109 22 followers
1015 1795 53 22 than
1083 1795 31 27 by
1128 1795 38 21 the
1180 1802 68 14 unas-

663 1823 87 27 suming
758 1830 49 21 way
814 1823 25 21 in
848 1822 72 22 which
929 1823 28 21 he
964 1825 73 19 strove
1043 1822 56 22 todo
1105 1821 38 22 the
1152 1821 96 23 honours

663 1849 26 22 of
702 1849 34 23 his
753 1849 120 27 residence,
893 1849 45 21 and
957 1853 22 17 to
996 1849 67 21 make
1081 1856 25 14 us
1125 1849 67 27 enjoy
1209 1856 39 14 our

663 1877 89 26 sojourn
770 1876 54 22 with
842 1876 54 22 him.
929 1875 117 28 Although
1064 1875 60 27 only'
1134 1875 70 22 about
1221 1877 27 20 28

663 1910 64 19 years
737 1903 25 21 of
769 1910 48 19 age,
823 1903 35 21 his
867 1903 111 26 authority
983 1902 89 22 seemed
1077 1901 159 28 unquestioned
1241 1910 6 19 ;

663 1930 45 21 and
718 1930 28 21 he
753 1929 54 22 used
816 1929 18 22 it
840 1929 52 22 with
901 1929 85 27 perfect
992 1929 60 26 good
1061 1932 77 18 nature
1148 1929 24 21 in
1181 1929 68 27 keep-

662 1956 41 27 ing
710 1956 39 22 the
757 1957 86 20 natives
851 1956 58 22 from
918 1956 90 26 coming
1016 1955 45 21 into
1070 1959 36 18 the
1117 1955 76 26 house,
1205 1955 44 21 and

662 1983 152 26 importuning
826 1990 26 14 us
866 1983 31 31 by
910 1982 58 21 their
978 1986 41 21 too,
1024 1982 105 26 frequent
1137 1982 111 26 questions

663 2015 25 14 or
697 2009 156 21 observations.
882 2008 13 21 I
907 2006 103 23 consider
1021 2007 47 22 him
1080 2006 117 29 decidedly
1206 2014 42 15 one

663 2035 26 21 of
695 2035 37 21 the
743 2035 65 21 finest
816 2034 121 28 specimens
946 2034 26 22 of
978 2041 13 15 a
1001 2034 57 22 New
1066 2033 125 23 Zealander
1200 2033 49 23 that

664 2061 12 22 I
685 2061 58 23 have
752 2065 39 24 yet
800 2068 59 15 seen.

689 2088 45 27 My
743 2089 132 26 companion
883 2088 41 22 fell
928 2088 25 22 ill
962 2095 54 15 soon
1026 2088 57 22 after
1090 2095 32 15 we
1129 2087 89 22 arrived
1227 2090 23 19 at

664 2115 106 21 Tokanu:
800 2122 23 14 so
833 2115 48 21 that
891 2115 10 20 I
911 2122 44 15 was
965 2115 107 21 detained
1082 2122 12 14 a
1103 2114 78 22 month
1186 2114 62 27 here,

663 2142 89 22 instead
762 2142 26 22 of
804 2141 96 28 pushing
915 2149 35 18 on,
967 2148 24 15 as
1011 2141 11 21 I
1038 2141 51 26 had;
1098 2140 113 27 intended,
1227 2144 22 18 to

668 2167 118 23 Auckland
793 2169 33 26 by
833 2176 49 20 way
896 2169 25 21 of
939 2168 104 22 Waikato
1061 2167 44 23 and
1123 2167 125 23 Manukau.

664 2195 49 22 The
722 2195 104 22 Waikato
835 2195 60 22 flows
902 2198 39 19 out
957 2195 25 21 of
1000 2195 38 21 the
1053 2194 105 22 northern
1171 2195 45 21 end

664 2223 39 21 the
711 2222 59 27 lake,
781 2222 44 22 and
834 2222 50 22 thus
893 2221 80 23 affords
989 2229 30 14 an
1033 2228 53 21 easy
1099 2221 151 22 communica-

666 2249 46 22 tion
720 2249 56 23 with
785 2249 38 21 the
832 2252 92 19 western
934 2251 67 19 coast.
1035 2248 12 22 I
1057 2248 137 22 ascertained
1203 2247 48 22 that

664 2276 25 22 in
699 2276 61 27 eight
775 2275 54 28 days
839 2276 12 22 I
859 2275 73 28 might
946 2275 59 22 have
1019 2275 98 22 reached
1130 2275 121 21 Auckland

665 2303 58 21 from
732 2303 84 28 Taupo,
826 2303 31 26 by
864 2303 49 21 that
920 2305 71 19 route.
1019 2303 87 26 During
1115 2309 39 20 my
1162 2302 89 27 sojourn

666 2329 12 22 I
685 2329 82 22 visited
776 2331 37 20 the
824 2329 101 22 different
931 2329 135 22 settlements
1075 2329 99 21 between
1185 2329 66 22 Motu

665 2364 13 14 o
688 2364 42 20 apa
740 2357 46 21 and
795 2364 41 14 one
851 2356 72 22 called
940 2356 104 26 Pukawa,
1061 2363 15 14 a
1090 2355 44 21 few
1148 2355 66 22 miles
1228 2359 23 17 to

666 2383 66 22 theS.
741 2383 139 22 ofWareroa.
900 2383 97 21 Pukawa
1003 2383 18 21 is
1026 2381 124 28 pleasantly
1157 2382 95 22 situated

665 2410 24 22 in
706 2410 38 22 the
762 2409 42 23 left
816 2410 64 27 bight
896 2410 26 21 of
942 2417 13 14 a
969 2409 57 22 little
1043 2416 54 15 cove
1110 2409 92 26 beyond
1214 2409 38 21 the

662 2437 99 22 .wooded
779 2437 55 21 cliffs
851 2437 74 21 before
944 2435 137 23 mentioned.
1118 2435 78 23 About
1213 2437 39 21 100

665 2464 87 23 natives
760 2463 113 23 mustered
885 2466 23 19 to
920 2463 90 23 receive
1026 2470 37 14 me
1078 2462 44 22 and
1136 2470 39 20 my
1186 2463 65 26 train,

666 2491 50 21 who
725 2491 47 21 had
781 2490 87 22 arrived
875 2490 25 22 in
909 2498 15 14 a
932 2491 61 26 large
1004 2497 76 19 canoe,
1091 2490 23 20 in
1127 2496 125 21 pursuance

668 2517 26 22 of
703 2517 58 22 their
776 2518 116 21 invitation
907 2520 25 19 to
948 2524 14 15 a
975 2517 58 21 feast
1045 2516 108 28 prepared
1169 2517 36 21 for
1219 2524 32 14 us.

666 2544 64 27 They
736 2552 38 14 are
784 2544 80 27 chiefly
873 2543 147 23 missionaries
1033 2548 24 17 at
1066 2543 43 22 this
1120 2543 132 27 settlement,

667 2571 73 22 which
749 2572 19 21 is
784 2571 87 22 headed
884 2571 33 33 by
934 2578 13 14 a
964 2571 62 21 chief
1042 2570 83 22 named
1141 2570 111 27 Pairangi.

667 2598 33 22 At
707 2598 30 22 all
744 2598 38 22 the
791 2598 63 22 other
862 2597 145 27 settlements,
1017 2605 14 14 a
1040 2597 77 27 family
1127 2604 25 14 or
1160 2601 43 19 two
1213 2597 43 22 call

667 2625 133 22 themselves
810 2628 107 24 converts,
932 2625 42 21 but
983 2632 38 14 are
1033 2631 56 20 very
1096 2620 99 32 heartily
1205 2624 39 22 des
1245 2636 10 13 r

667 2651 64 25 pised
738 2652 32 27 by
780 2651 37 22 the
828 2652 78 26 others,
917 2651 50 23 who
977 2658 38 14 are
1023 2651 124 21 instructed
1156 2651 30 27 by
1195 2651 59 21 their

666 2678 67 24 head.
734 2677 70 25 chiefs
813 2682 24 18 to
846 2679 82 21 adhere
939 2681 22 19 to
970 2678 58 22 their
1041 2678 86 22 ancient
1143 2677 54 23 rites
1211 2677 45 22 and

668 2708 104 19 customs.
808 2705 70 23 South
891 2705 26 22 of
936 2705 103 26 Pukawa,
1051 2704 37 22 the
1098 2704 92 22 wooded
1200 2705 56 21 cliffs

668 2739 38 15 are
715 2733 85 21 broken
807 2733 31 31 by
846 2740 14 14 a
869 2732 93 22 cascade
975 2732 28 22 of
1018 2734 41 20 100
1073 2731 47 22 feet
1133 2732 27 21 in
1171 2731 83 27 height,

668 2759 73 22 which
757 2759 51 22 falls
826 2760 46 21 into
887 2757 42 23 'the
943 2758 52 22 lake
1015 2761 40 19 out
1071 2759 27 21 of
1113 2766 15 14 a
1145 2759 76 21 bower
1234 2759 26 21 of

667 2785 100 28 mingled
776 2786 81 27 foliage
864 2794 6 13 :
881 2785 44 23 this
929 2785 50 26 -fall,
991 2785 47 22 and
1047 2785 38 22 the
1094 2785 130 22 settlement
1234 2788 24 18 at

668 2812 29 21 its
713 2812 60 27 base,
789 2820 38 14 are
845 2812 73 22 called
932 2812 83 22 Waihi.
1052 2812 66 22 From
1134 2812 81 22 thence
1234 2815 23 19 to

668 2838 94 27 Terapa,
773 2842 23 18 at
805 2839 39 22 the
853 2842 98 18 extreme
962 2839 60 22 S.W.
1032 2846 77 14 comer
1119 2839 25 21 of
1150 2839 38 21 the
1198 2839 57 26 lake,

668 2865 134 26 plantations
821 2866 25 21 of
868 2872 59 20 corn,
946 2866 95 26 melons,
1059 2865 128 28 pumpkins,
1211 2867 47 20 and

670 2891 110 28 kumeras,
791 2899 66 15 cover
864 2891 39 23 the
913 2895 60 24 steep
983 2893 61 21 bank
1060 2892 26 22 of
1103 2892 66 22 rocks
1183 2892 74 23 which

669 2919 55 21 rises
732 2919 58 21 from
807 2918 38 22 the
860 2921 68 19 water
942 2921 23 18 to
980 2919 39 21 the
1033 2925 60 15 same
1106 2919 61 21 level
1181 2926 25 15 as
1219 2919 38 22 the

670 2948 38 24 top
718 2945 26 21 of
754 2945 37 21 the
800 2945 40 22 fall
847 2954 6 18 ;
875 2945 45 22 and
927 2948 23 18 at
958 2945 89 28 Terapa
1052 2945 19 21 is
1080 2952 12 14 a
1101 2945 66 22 small
1175 2948 83 20 stream

671 2971 45 22 and
724 2971 96 23 another
829 2972 134 27 settlement,
974 2975 24 18 at
1007 2972 73 22 which
1086 2971 38 22 the
1132 2971 60 23 head
1200 2973 62 22 chief

671 2999 26 21 of
707 2998 38 22 the
755 2998 121 29 Ngatipehi
884 2999 76 26 tribes,
971 2998 40 22 old
1021 2998 105 27 Heuheu,
1141 2999 85 23 resides
1235 2999 23 22 in

670 3025 54 22 time
734 3025 26 21 of
776 3032 76 21 peace.
889 3025 50 23 The
955 3025 102 22 terraced
1070 3025 40 22 flat
1125 3026 103 22 between
1245 3034 14 14 a

671 3059 68 20 gorge
753 3055 24 19 at
792 3052 38 22 the
840 3055 94 19 western
944 3052 120 27 extremity
1074 3052 26 22 of
1115 3051 144 24 Kakaramea

672 3079 43 21 and
724 3078 39 22 the
778 3079 52 22 lake
844 3079 19 22 is
880 3079 96 22 covered
993 3079 55 22 with
1063 3079 137 28 plantations
1216 3080 44 22 and

671 3105 93 22 isolated
915 3106 94 27 Among
1031 3106 62 22 these
1117 3106 74 27 latter,
1211 3107 50 22 that

671 3131 26 22 of
720 3132 39 22 the
838 3133 105 21 chieftain
964 3132 99 23 Heuheu
1083 3133 19 21 is
1123 3133 136 26 prominent.

663 3158 33 22 .It
708 3159 19 21 is
741 3159 68 22 about
821 3159 59 28 forty
893 3159 47 23 feet
950 3159 62 28 long,
1029 3159 77 23 fifteen
1121 3160 77 27 broad,
1216 3161 45 22 and

712 3186 165 27 proportionate
894 3185 94 28 height:
1009 3184 24 24 a''
1039 3194 87 14 narrow
1143 3187 117 22 verandah

673 3215 128 19 ornaments
816 3213 38 21 the
868 3213 108 21 northern
989 3213 69 26 front,
1073 3213 77 22 before
1164 3214 74 22 which
1247 3222 14 14 a

673 3246 78 16 square
767 3239 19 22 is
795 3239 110 22 'reserved
918 3239 58 23 from
990 3240 39 22 the
1045 3240 101 22 Kumera
1162 3241 99 27 grounds

672 3265 74 22 which
755 3265 109 23 surround
873 3266 18 22 it
904 3266 103 22 onthree
1021 3267 65 22 sides.
1115 3267 36 22 On
1167 3267 40 22 the
1216 3268 45 28 day

673 3291 49 22 that
730 3299 34 15 we
774 3295 65 24 went,
849 3292 31 27 by
888 3293 102 27 previous
1005 3295 161 26 appointment,
1183 3297 25 19 to
1218 3302 44 20 pay

673 3325 41 14 our
722 3318 48 22 first
779 3318 53 22 visit
840 3322 22 18 to
877 3319 38 21 the
931 3319 38 22 old
976 3327 61 20 man,
1056 3321 68 22 about
1131 3323 42 20 200
1181 3322 80 28 people

672 3344 46 22 had
726 3345 125 22 assembled
859 3345 25 22 in
893 3345 39 23 the
936 3345 57 23 little
1005 3350 85 25 square)
1095 3347 53 22 'and
1154 3347 105 28 Heuheu,

673 3371 51 22 who
732 3374 35 19 sat
783 3375 81 19 atone'
871 3372 44 22 end
929 3373 26 21 of
965 3373 45 21 the-
1017 3373 121 28 verandah,
1154 3375 109 22 attended

672 3397 31 28 by
710 3397 34 23 his
750 3398 108 28 principal
862 3399 62 26 .wife,
932 3399 115 23 motioned
1052 3408 28 14 us
1089 3403 21 19 to
1120 3408 14 14 a
1143 3405 48 18 seat
1195 3402 67 22 while

673 3423 30 23 he
711 3428 59 18 went
784 3425 96 27 through,
893 3425 39 23 the
946 3433 119 21 necessary
1080 3429 58 24 tangi
1153 3428 58 22 -with
1216 3429 3 12 ;
1223 3429 41 22 the

673 3451 129 28 Wanganui
814 3453 92 21 natives;
934 3452 23 22 A
971 3453 102 27 splendid
1085 3454 58 22 feast
1150 3455 111 23 followed.

673 3479 41 21 200
720 3478 52 23 .kits
792 3479 27 21 of
830 3479 74 22 boiled
917 3483 102 24 potatoes
1033 3481 47 22 and
1092 3481 112 28 kumeras,
1218 3483 45 21 five

673 3504 49 28 pigs
731 3505 113 22 skewered
851 3505 46 22 like
904 3513 14 15 a
927 3506 49 22 bird
983 3506 45 22 and
1033 3507 75 22 baked
1111 3508 82 29 whole,
1202 3509 62 26 eight

675 3538 25 15 or
713 3535 39 19 ten
765 3536 50 23 pots
822 3531 49 23 .full
879 3532 25 22 of
917 3531 130 29 white-bait,
1066 3534 45 22 and
1125 3534 63 23 three
1204 3533 60 25 cala-

673 3558 82 22 bashes
769 3559 26 21 of
805 3559 93 28 pigeons
906 3559 46 22 and
961 3560 44 21 tuis
1021 3561 82 22 stewed
1110 3561 25 22 in
1145 3561 59 22 their
1212 3570 51 15 own

674 3585 39 27 fat,
729 3592 59 15 were
797 3584 102 29 brought,
908 3586 30 25 in,
941 3586 31 28 by
982 3593 14 15 a
1007 3586 57 28 long,
1075 3588 59 22 train
1145 3588 27 22 of
1181 3588 83 28 slaves;

675 3611 45 23 and
729 3611 62 25 piled
798 3619 32 21 up
838 3612 24 22 in
873 3612 37 22 the
920 3615 76 19 centre
1007 3613 24 22 of
1038 3613 38 23 the
1086 3622 87 20 square.
1196 3616 68 21 After

675 3637 43 23 this
727 3638 46 23 had
783 3639 56 22 been
849 3638 130 24 distributed
993 3647 81 21 among
1084 3641 37 22 the
1130 3641 93 28 visiters,
1235 3642 28 22 he

675 3665 78 22 talked
766 3668 24 19 to
807 3673 36 15 me
852 3666 68 22 about
925 3684 4 9 ,
936 3664 133 31 Wanganui,
1085 3667 39 23 the
1139 3668 123 28 Governor,

675 3691 46 22 and
730 3692 88 27 Poniki,
829 3692 46 22 and
883 3693 69 21 asked
961 3700 36 15 me
1003 3697 27 20 .to
1040 3701 62 15 come
1111 3695 48 21 and
1167 3703 38 14 see
1214 3692 49 25 him

671 3718 70 27 'again
751 3719 76 22 before
837 3719 12 21 I
856 3719 47 26 ileft
912 3719 38 23 the
965 3720 193 27 neighbourhood.
1186 3722 78 23 In'the

675 3745 132 23 meanwhile
815 3745 29 23 he
853 3753 56 20 gave
919 3754 38 14 me
963 3746 45 22 five
1017 3747 48 28 pigs
1071 3748 35 22 for
1115 3748 55 22 food
1177 3748 67 23 while
1251 3749 12 22 I

675 3772 116 22 remained
800 3775 24 20 at
831 3773 103 28 Tokanu,
948 3773 47 22 and
1004 3774 48 22 said
1064 3774 30 22 he
1102 3782 46 14 was
1157 3775 107 22 ashamed

676 3798 26 22 of
708 3798 85 28 having
802 3806 30 15 no
841 3799 53 23 food
901 3803 23 19 to
934 3800 54 22 offer
996 3808 37 14 me
1040 3801 55 22 such
1104 3808 25 15 as
1134 3801 68 23 white
1211 3809 53 15 men

674 3825 69 22 liked.
770 3825 39 23 He
819 3826 118 27 expressed
944 3831 65 22 great
1017 3827 110 28 gratitude
1136 3828 35 21 for
1179 3835 74 16 our,re
1258 3840 6 4 -

671 3852 93 27 ception
773 3852 26 22 of
808 3851 48 23 him
865 3851 49 23 and'
924 3852 35 23 Bis
1102 3857 24 19 at
1139 3854 125 27 Wanganui

675 3878 38 22 the
726 3886 55 20 year
788 3879 84 26 before,
889 3878 48 23 and'
944 3879 93 27 begged'
1045 3887 38 15 me
1092 3883 23 18 to
1126 3877 55 25 look
1196 3881 68 21 about

675 3904 39 22 the
724 3908 95 27 country
828 3906 46 20 and
883 3905 44 22 call
939 3905 67 28 itjny
1015 3913 54 20 own,
1085 3906 42 22 and
1136 3903 39 25 the
1183 3906 81 28 people

675 3937 40 21 my
728 3930 86 28 people.
833 3937 5 8 j
839 3931 93 22 (But'he
946 3932 168 26 accompanied.
1116 3931 51 24 .this
1181 3933 56 22 with
1251 3940 13 15 a

675 3955 100 29 Yarning
784 3960 40 20 not
833 3959 23 21 to
865 3961 36 25 try
910 3958 46 23 and
965 3958 47 29 buy
1021 3959 39 23 the
1068 3959 60 28 land,
1136 3959 36 23 for
1179 3959 32 25 he
1218 3959 46 24 had

1319 2990 48 25 The
1378 2990 116 33 following
1513 2999 39 16 are
1570 2991 39 24 the
1625 2990 138 25 boundaries
1783 2992 25 23 of
1829 2991 39 24 the

1287 3030 58 17 town
1360 3023 26 25 of
1407 3024 112 32 Geelong,
1538 3033 14 15 a
1566 3024 135 29 settlement,
1713 3025 75 23 which

1287 3058 30 23 its
1331 3065 130 24 newspaper
1475 3058 40 24 the
1535 3057 98 32 Geelong
1650 3056 156 33 Advertiser^)
1828 3065 40 23 ap-

1287 3098 76 24 peaies
1374 3094 23 20 to
1408 3090 29 24 be
1454 3091 91 31 rapidly
1560 3091 148 31 progressing
1716 3098 43 15 :
1758 3090 112 24 Bounded

1289 3131 29 16 on
1337 3123 39 24 the
1397 3123 69 24 north
1486 3124 32 31 by
1540 3123 40 24 the
1601 3123 156 24 continuation
1779 3123 27 24 of
1830 3123 38 24 the

1288 3156 106 25 northern,
1404 3157 118 31 boundary
1541 3156 26 24 of
1588 3156 37 24 the
1641 3156 81 32 parish
1740 3156 26 23 of
1788 3156 81 24 Moor-

1288 3190 72 32 payal,
1371 3190 70 31 being
1452 3198 15 16 a
1475 3190 48 23 line
1533 3189 95 31 bearing
1639 3193 49 20 east
1698 3212 3 9 v
1701 3212 3 9 4'v
1705 3189 24 23 4'
1740 3189 78 24 chains
1837 3191 32 22 50

1288 3223 67 30 links,
1366 3223 45 23 and
1421 3223 31 31 by
1465 3223 68 24 Corio
1551 3223 59 30 Bay,
1627 3222 70 31 bemg
1713 3222 92 31 exactly
1822 3227 44 19 two

1289 3256 63 24 miles
1359 3256 24 23 in
1393 3256 72 27 w.idth
1473 3265 6 20 ;
1494 3264 29 15 on
1534 3256 40 23 the
1586 3259 47 20 east
1642 3255 33 31 by
1682 3263 19 18 .a
1718 3256 88 23 section
1821 3255 48 24 line

1289 3289 90 31 bearing
1390 3289 69 24 south
1473 3289 32 31 by
1515 3289 39 23 the
1566 3289 97 23 Barwon
1779 3288 44 24 and
1840 3288 31 31 by

1290 3323 37 24 the
1437 3322 75 24 Chain
1520 3322 27 23 of
1560 3321 77 24 Ponds
1647 3330 7 20 ;
1667 3321 46 24 and
1719 3326 34 24 jon
1763 3321 39 24 the
1812 3326 59 19 west

1289 3356 30 31 by
1329 3355 38 24 the
1381 3355 79 32 parish
1478 3355 119 31 boundary
1613 3354 59 24 lines
1694 3354 26 24 of
1744 3355 127 23 Barrabool

1291 3388 43 25 and
1345 3388 157 32 Moorpanyal,
1517 3389 71 31 being
1604 3395 14 16 a
1634 3387 55 24 line'
1699 3387 95 32 bearing
1804 3389 67 22 north

1291 3423 48 24 319
1350 3422 87 24 chains.
1459 3433 5 3 -

1322 3455 103 24 Richard
1436 3454 91 24 Gilbert
1538 3454 91 29 Talbot,
1641 3454 69 31 Esq.,
1723 3453 25 24 of
1763 3453 108 32 Balling-

1291 3489 55 28 clea,
1357 3488 112 31 Geelong,
1482 3488 46 23 had
1538 3487 60 24 been
1614 3487 122 31 appointed
1752 3495 15 15 a
1786 3488 86 29 magis-

1291 3526 61 22 trate;
1358 3521 78 24 ofrthe
1447 3521 106 31 territory
1564 3520 45 23 and
1618 3521 33 22 its
1661 3519 157 32 dependecies.

1301 3549 101 32 '-*W,ooi
1419 3554 86 24 Ships.
1541 3554 38 23 No
1595 3553 54 24 less-
1656 3553 56 23 than
1727 3552 64 24 three
1809 3552 63 32 ships

1291 3586 68 27 sailed
1369 3587 36 24 for
1416 3587 98 24 London
1524 3585 57 25 with
1589 3594 92 23 cargoes
1689 3585 24 24 of
1722 3585 58 24 wool
1786 3585 84 32 during

1291 3621 38 23 the
1337 3624 50 27 past
1579 3619 27 24 of
1618 3619 64 24 these
1700 3617 51 33 (the
1762 3622 48 21 two
1820 3619 52 24 first

1292 3655 26 23 of
1330 3653 38 24 the
1385 3651 94 34 season)
1494 3652 57 25 took
1568 3653 26 23 in
1612 3660 67 23 every
1697 3651 51 24 bale
1768 3651 26 25 of
1813 3652 59 24 their

1292 3695 90 23 cargoes
1393 3690 24 20 at
1429 3686 112 31 Geelong.
1577 3685 58 24 This
1644 3685 21 23 is
1675 3692 37 17 no.
1716 3684 67 25 small
1789 3689 83 20 matter

1292 3721 25 23 of
1330 3718 73 27 boast,'
1437 3718 136 25 Advertiser
1574 3735 7 12 t
1592 3717 55 24 Jan.
1659 3719 42 25 27.

1324 3753 80 25 Land
1421 3752 78 24 Sale.
1536 3751 50 24 The
1608 3755 99 27 greatest
1731 3751 102 24 sacrifice
1851 3752 23 23 of

1291 3785 54 24 land
1355 3785 48 24 that
1412 3792 35 18 we
1458 3785 57 23 have
1523 3788 41 27 yet
1574 3784 70 24 heard
1658 3784 27 23 of
1698 3792 47 16 was
1762 3784 67 24 made
1846 3793 28 16 on

1291 3818 142 31 Wednesday
1449 3818 54 29 last,
1522 3817 67 23 when
1602 3817 52 23 four
1670 3817 52 24 half
1808 3818 66 24 allot-

1291 3844 74 35 ment's
1374 3855 26 20 at
1407 3850 73 25 South
1477 3850 7 16 1
1491 3850 108 31 Geelong
1608 3857 58 17 were
1677 3855 43 28 put
1730 3858 39 24 up,
1780 3851 46 23 and
1836 3851 38 24 the

1291 3883 90 32 highest
1391 3883 173 31 price-realized
1574 3890 47 17 was
1637 3888 26 19 at
1672 3884 38 23 the
1722 3888 49 19 rate
1783 3884 25 23 of
1822 3884 52 31 only

1291 3917 123 31 14Q,pjer
1432 3924 60 16 acre.
1527 3916 77 24 There
1618 3924 55 23 was,
1684 3916 113 29 however,
1813 3924 61 16 some

1291 3951 105 33 mjstrust
1405 3958 25 17 as
1438 3953 25 21 to
1472 3949 39 25 the
1521 3949 95 32 validity
1628 3950 26 24 of
1662 3943 50 31 -tlfe'
1719 3950 93 26 title;
1812 3949 61 26 lbid.

69 1345 61 24 26th.
149 1346 42 21 We
210 1344 117 23 remained
342 1347 23 19 at
380 1344 67 21 Puku
461 1343 57 22 tuku
536 1346 23 19 to
576 1346 52 19 rest.

41 1373 54 22 This
106 1374 17 21 is
134 1381 14 14 a
155 1376 74 24 pretty
238 1372 127 21 settlement
373 1371 25 21 in
409 1371 38 21 the
456 1370 52 22 N.E
518 1378 79 14 corner
607 1370 26 21 of

42 1400 39 21 the
96 1399 58 22 lake.
182 1399 49 22 The
240 1397 136 23 underwood
390 1397 41 22 has
442 1397 59 21 been
512 1400 38 18 cut
560 1404 68 19 away,

42 1427 43 22 but
94 1426 38 21 the
141 1424 40 23 tall
189 1426 71 21 forest
268 1429 64 22 trees,
341 1424 80 27 chiefly
430 1425 67 19 matai
504 1431 25 14 or
535 1424 49 25 mai,
595 1430 35 14 re-

42 1453 64 22 main
120 1452 106 27 standing
240 1452 46 21 and
300 1451 43 22 still
352 1451 69 27 alive;
443 1451 38 21 the
494 1450 137 28 plantations

43 1480 47 22 and
99 1480 92 26 villages
202 1486 38 15 are
250 1478 101 28 disposed
361 1485 82 20 among
452 1477 58 22 their
519 1477 72 22 banks
602 1477 29 21 oh

42 1506 41 21 the
99 1506 90 28 aclivity
205 1505 74 22 which
293 1505 53 22 rises
360 1505 59 21 from
435 1504 36 21 the
489 1504 46 21 side
550 1505 26 20 of
593 1503 38 22 the

43 1533 54 21 lake
107 1536 23 18 to
146 1533 92 27 Pianga.
255 1531 3 4 '
266 1532 64 27 They
339 1538 59 20 grow
413 1531 31 21 all
457 1531 59 21 their
530 1533 101 25 potatoes

43 1559 57 22 here
108 1560 32 26 by
148 1559 111 27 throwing
266 1566 32 20 up
312 1558 37 22 the
361 1557 41 22 soil
412 1565 30 14 on
451 1557 91 28 patches
551 1558 26 21 of
590 1564 43 15 un-

43 1586 82 21 turned
134 1586 89 27 ground
238 1586 69 21 about
316 1586 49 21 four
373 1585 47 21 feet
435 1585 24 21 in
470 1585 107 20 diameter
584 1591 6 20 ;
608 1591 24 14 so

43 1613 52 22 that
104 1612 38 22 the
151 1612 73 22 whole
231 1612 129 22 cultivation
370 1611 63 22 takes
442 1611 63 27 place
515 1611 69 21 above
595 1611 37 21 the

45 1640 88 21 surface
148 1639 25 22 in
186 1638 103 23 artificial
306 1638 61 22 beds.
396 1638 49 22 The
463 1638 41 21 soil
519 1638 19 21 is
553 1644 14 15 a
584 1637 49 22 rich

43 1666 80 22 brown
139 1666 66 26 loam,
225 1665 106 27 mingled,
347 1665 111 27 however,
475 1664 54 22 with
543 1672 13 13 a
570 1664 63 27 large

43 1692 131 29 proportion
181 1692 26 21 of
211 1692 119 28 powdered
336 1691 172 28 pumice-stone.
530 1691 48 22 The
586 1692 47 20 rain

45 1719 122 22 continued
177 1722 23 18 at
335 1718 46 21 and
389 1718 38 21 the
437 1717 78 22 clouds
524 1717 62 28 hung
595 1718 39 21 be-

45 1746 45 22 low
103 1746 38 21 the
151 1746 92 21 summit
249 1768 4 4 ,
259 1745 26 21 of
297 1745 58 21 Puki
369 1745 82 21 Onaki.
485 1745 105 26 Halfway
604 1752 30 20 up

46 1772 39 22 the
95 1776 60 24 steep
164 1772 59 22 N.E.
234 1772 50 21 face
294 1771 26 22 of
331 1771 44 22 this
383 1771 126 26 mountain,
527 1778 14 14 a
548 1771 87 27 boiling

47 1800 75 26 Bpring
134 1800 47 26 juts
189 1802 46 23 out,
242 1798 78 28 ,which
331 1799 20 20 is
362 1798 131 21 considered
506 1798 31 27 by
546 1798 38 21 the
594 1805 41 14 na-

46 1830 58 17 tives
113 1833 13 15 a
132 1826 117 26 sovereign
256 1825 90 27 remedy
355 1825 34 21 for
396 1832 63 14 some
467 1824 105 22 diseases:
581 1825 54 27 they

45 1852 72 22 travel
130 1853 58 21 from
203 1852 32 21 all
249 1855 61 24 parts
325 1855 23 18 to
361 1851 86 23 benefit
463 1851 28 28 by
499 1851 30 22 its
544 1851 91 27 healing

45 1879 104 28 qualities
156 1887 5 19 ;
172 1879 114 26 Watanui,
296 1878 38 22 the
341 1879 57 21 head
409 1878 62 21 chief
478 1878 25 21 of
508 1878 38 21 the
555 1878 80 27 Ngati-

44 1906 107 22 raukawa
159 1906 64 26 tribe,
234 1906 20 21 is
262 1905 72 22 stated
343 1908 22 19 to
376 1905 57 22 have
445 1905 105 22 obtained
560 1905 54 21 here
622 1912 13 15 a

46 1932 126 23 wonderful
181 1939 59 16 cure.

71 1966 60 23 27th.
145 1966 48 22 The
207 1968 47 20 rest
262 1966 27 21 of
300 1972 40 15 our
348 1967 65 25 party
422 1965 89 21 arrived
518 1972 5 20 ;
542 1965 45 21 and
597 1964 39 22 the'

47 1993 47 27 day.
98 2000 51 18 was.
153 1992 68 22 taken
235 2000 30 16 up
274 1992 53 22 with
343 1987 37 26 the
389 1992 65 21 usual
469 1993 63 24 tangi,
551 1999 26 14 or
586 1999 50 23 cry-

43 2020 47 26 ing,
101 2019 46 21 and
155 2019 69 21 feasts
234 2020 23 19 ot
269 2020 107 25 potatoes,
386 2018 49 26 pigs
444 2018 75 21 baked
529 2016 72 23 whole
609 2019 24 20 in

45 2046 38 20 the
94 2045 75 21 native
183 2051 65 21 oven,
265 2044 46 21 and
319 2046 48 26 pots
379 2044 62 21 filled
450 2044 53 22 with
519 2044 65 21 small
593 2043 43 22 fish

47 2075 38 19 out
95 2072 26 21 of
126 2072 37 21 the
172 2071 60 22 lake.
260 2071 55 22 This
325 2070 43 22 fisli
376 2070 19 22 is
406 2070 73 22 called
489 2072 83 25 inanga,
579 2086 4 3 .
591 2070 45 23 and

45 2098 122 22 resembles
185 2105 41 14 our
239 2097 125 22 white-bait
381 2098 22 21 in
422 2098 46 21 size
483 2098 44 21 and
542 2096 93 23 flavour.

46 2125 68 22 Their
129 2125 78 22 colour
221 2125 20 21 is
257 2131 13 15 a
284 2124 89 28 pinkish
388 2124 75 26 white,
481 2124 86 28 spotted
582 2124 54 22 with

46 2152 74 22 black.
148 2151 48 23 The
205 2152 52 21 rain
266 2150 121 23 continued
396 2150 30 22 all
436 2151 50 27 day,
501 2152 42 21 but
550 2159 47 14 was
606 2158 30 14 no

47 2179 150 27 interruption
207 2180 24 19 to
241 2177 38 22 the
289 2177 94 22 festival.
413 2178 77 21 About
502 2180 42 20 200
556 2178 80 27 people

49 2206 26 21 of
83 2206 30 21 all
118 2212 54 20 ages
182 2204 44 22 and
233 2211 64 15 sexes
304 2204 124 21 assembled
435 2204 57 22 from
500 2204 38 22 the
544 2204 92 27 villages

48 2236 23 18 at
82 2232 44 22 this
136 2231 45 23 end
190 2231 27 22 of
224 2231 37 22 the
269 2231 52 22 lake
330 2233 22 19 to
361 2233 64 25 greet
433 2230 38 23 the
482 2234 118 24 strangers.

76 2265 61 22 29th.
152 2265 48 22 The
216 2265 48 21 rain
280 2264 118 22 continued
406 2272 6 19 ;
427 2265 46 21 and
483 2272 32 15 we
530 2272 58 15 were
598 2268 39 19 not

48 2300 63 19 eorry
120 2293 26 20 of
154 2292 94 22 another
258 2291 61 28 day's
327 2294 46 19 rest
381 2291 36 22 for
426 2298 42 15 our
478 2299 49 14 sore
533 2292 51 21 feet.

76 2326 61 22 SOth.
148 2326 94 26 Passitig
247 2333 53 14 over
305 2325 38 21 the
349 2325 44 22 low
401 2325 92 22 wooded
499 2326 59 21 neck
564 2325 74 23 which

48 2353 78 23 unites.
132 2352 143 22 Kakararaea
284 2355 22 18 to
317 2352 89 26 Pianga,
417 2359 34 15 we
457 2352 111 27 emerged,
580 2352 58 22 after

49 2380 67 21 about
125 2380 55 22 four,
184 2379 72 22 miles'
266 2386 52 20 easy
326 2378 58 22 walk
398 2378 97 28 through
503 2380 71 26 wood,
588 2380 49 21 into

48 2407 51 21 fern
108 2406 88 28 ground
209 2406 59 21 from
280 2406 73 21 which
365 2413 34 14 we
409 2405 47 23 had
464 2413 14 14 a
493 2406 145 27 magnificent

50 2434 58 20 view
113 2434 25 20 of
141 2432 62 23 Lake
207 2433 78 27 Taupo
289 2432 45 22 and
339 2432 37 22 the
383 2432 149 28 surrounding
536 2437 101 23 country.

49 2460 55 21 This
112 2460 50 21 lake
172 2460 41 21 lies
226 2459 68 22 much
297 2459 73 22 lower
379 2458 124 22 thari*Roto
520 2459 118 27 Aira;'but

49 2486 46 22 still
104 2489 23 19 at
137 2494 12 14 a
157 2489 64 25 great
230 2486 111 22 elevation
354 2486 70 22 above
434 2486 38 21 the
486 2493 44 15 sea.
558 2487 34 21 At
600 2487 38 21 the

50 2514 100 26 opposite
158 2513 45 21 end
209 2513 26 21 of
241 2512 38 22 the
287 2512 58 27 lake,
356 2519 14 14 a
374 2513 118 21 mountain
499 2513 71 22 called
579 2514 59 21 Tau-

52 2547 59 14 wera
118 2540 21 21 is
148 2547 13 14 a
175 2540 147 26 conspicuous
332 2539 79 27 object,
428 2540 74 26 rising,
513 2547 24 14 as
550 2540 18 21 it
577 2540 61 27 does,

52 2566 58 22 from
120 2574 14 14 a
141 2566 60 22 level
209 2565 60 23 table
280 2569 92 24 country
382 2569 23 18 to
415 2566 38 22 the
462 2566 77 28 height
548 2567 26 21 of
584 2568 56 20 3000

54 2600 26 14 or
87 2594 56 21 4000
151 2594 53 21 feet.
229 2593 23 21 It
260 2592 54 22 bore
319 2592 57 22 from
383 2593 142 27 ourposition
531 2594 29 20 N.
568 2593 39 22 20
611 2594 27 27 E,

53 2620 46 21 and
107 2620 72 27 might
185 2620 29 21 be
220 2620 27 21 35
253 2619 63 22 miles
322 2619 90 22 distant.
427 2620 17 21 'I
451 2620 80 22 should
537 2620 102 22 estimate

52 2646 38 22 the
100 2646 77 28 length
188 2647 25 21 of
219 2646 38 22 the
265 2646 52 22 lake
326 2649 23 19 at
351 2651 4 6 v
357 2648 28 20 3O
395 2646 71 28 miles,
473 2647 54 21 -and
534 2647 29 21 its
572 2654 67 15 mean

50 2673 95 22 breadth
154 2676 23 19 at
182 2675 35 20 20.
241 2672 48 22 The
299 2672 63 22 shore
367 2681 17 19 s,
395 2674 60 21 from
463 2674 67 22 N.W.
541 2677 22 19 to
570 2674 68 27 N.E.,

51 2707 62 15 seem
116 2703 24 19 to
145 2701 28 21 be
179 2700 63 22 lined
247 2700 54 21 with
306 2700 55 22 cliffs
366 2701 27 21 of
395 2700 153 22 considerable
554 2700 84 28 height,

51 2726 58 22 from
114 2726 38 22 the
156 2727 57 27 edge
219 2728 26 20 of
249 2726 72 22 which
327 2734 14 14 a
343 2727 60 22 clear
409 2727 60 22 table
472 2727 56 22 land
532 2728 108 21 stretches

51 2756 24 18 to
85 2754 37 21 the
139 2754 93 22 horizon
249 2761 29 14 on
295 2753 35 23 all.
339 2754 65 26 sides,
422 2757 81 24 except
508 2754 82 22 -where
601 2754 38 22 the

52 2783 50 25 tops
111 2780 26 22 of
148 2783 42 19 two
205 2780 96 22 isolated
317 2780 129 22 mountains
464 2788 53 20 may
525 2781 30 21 be
570 2780 70 28 dimly

53 2806 163 28 distinguished
224 2808 25 20 in
260 2806 37 22 the
308 2810 98 18 extreme
417 2807 101 21 distance
529 2811 22 17 to
562 2808 38 20 the
610 2807 29 22 N.

54 2833 38 22 On
102 2834 37 21 the
149 2837 89 18 eastern
248 2833 65 24 shore
322 2833 39 22 the
376 2834 56 21 cliffs
443 2834 80 21 recede
535 2834 59 22 from
603 2834 37 21 the

52 2859 59 28 lake,
128 2860 47 22 and
189 2860 94 21 become
298 2867 61 14 more
374 2860 118 28 gehtle;in
508 2860 57 22 their
579 2860 62 28 slope

52 2886 60 22 from
128 2887 38 21 the
183 2886 60 24 table
259 2886 56 22 land
329 2889 23 19 to
369 2893 14 15 a
397 2886 93 28 marshy
504 2886 46 26 flat,
567 2886 74 22 which

52 2914 94 21 reaches
154 2913 95 22 without
257 2912 147 28 interruption
414 2916 23 19 to
441 2913 44 22 .the
495 2913 60 22 S.W.
563 2921 79 14 corner

54 2940 28 21 of
95 2940 39 22 the
150 2940 59 22 lake.
221 2957 3 5 ,
238 2939 35 22 In,
284 2939 39 22 the
334 2940 55 21 .S.E.
405 2947 82 14 corner
503 2947 13 14 a
529 2940 64 27 long*
598 2940 44 22 low

47 2966 102 23 .isthmus
162 2966 62 27 joins
234 2973 14 14 a
256 2963 128 29 peninsula'
390 2966 27 21 of
428 2966 152 23 considerable
597 2967 45 22 size

54 2994 48 21 and
110 2994 78 26 height
197 2995 24 19 to
231 2992 38 22 the
278 2994 74 25 main;
362 2992 50 22 and
426 2993 25 21 in
462 3000 14 14 a
485 2992 45 23 line
540 2994 102 21 between

54 3020 40 22 the
102 3019 120 27 peninsula
231 3018 46 23 and
292 3019 106 22 Pauweia
410 3027 14 14 a
433 3019 65 22 small
506 3020 73 22 island
588 3020 55 22 rises

54 3049 25 19 to
88 3047 39 21 the
135 3046 79 27 height
224 3045 26 22 of
261 3048 43 19 two
314 3052 24 15 or
346 3045 63 22 three
418 3046 104 22 hundred
530 3046 46 23 feet
584 3046 59 23 from

54 3073 41 27 the
104 3076 76 19 water.
188 3094 3 3 .
201 3072 55 25 .The
264 3072 119 27 peninsula
389 3072 21 22 is
419 3072 73 22 called
498 3073 85 22 Motuo
593 3081 48 20 apa,

55 3100 47 21 and
111 3099 38 23 the
157 3098 76 23 island
240 3099 67 22 Motu
316 3098 76 22 Taiko.
420 3099 79 22 About
508 3099 61 22 three
578 3100 65 22 miles

55 3129 25 18 to
90 3126 39 22 the
145 3125 67 27 south
213 3125 65 22 wards
289 3125 29 24 of.
324 3125 46 22 the.
377 3124 96 23 isthmus
487 3126 38 22 the
539 3126 104 23 Waikato

56 3152 63 23 flows
135 3153 48 22 into
200 3152 38 23 the
252 3152 51 22 lake
311 3169 7 7 .,
318 3152 31 27 by
363 3151 63 22 three
436 3152 105 27 sluggish,
552 3152 91 24 shallow

57 3179 98 26 mouths,
165 3179 46 22 and
220 3179 39 22 the
274 3178 74 28 valley
358 3178 25 22 of
395 3178 38 23 the
449 3178 66 28 river,
526 3180 58 21 from
594 3180 50 21 four

57 3209 25 18 to
91 3206 44 22 five
144 3206 65 23 miles
221 3206 26 22 in
262 3205 101 27 breadth,
374 3205 109 22 stretches
496 3213 64 21 away
567 3209 24 19 to
605 3206 44 22 the.

59 3233 52 22 S.E.
118 3241 6 19 ;
258 3233 86 27 Pianga
359 3232 46 22 and
414 3232 79 27 Tonga
502 3232 55 22 Riro
572 3236 23 18 to
605 3233 38 22 the

57 3258 45 28 W.,
114 3260 45 21 and
169 3260 41 22 the-
216 3263 97 18 western
322 3259 120 27 extremity
449 3260 26 21 of
486 3258 164 24 Kai'Manawa*

58 3288 25 19 to
93 3286 38 21 the
141 3289 54 23 east..
204 3309 4 3 .
222 3286 161 23 KaiManawa
391 3286 23 22 ia
419 3286 114 22 thename
543 3286 67 27 given
621 3289 22 19 to

59 3312 51 23 that
122 3316 52 24 part
188 3314 27 22 of
231 3314 37 21 the
283 3313 51 22 Rua
343 3312 59 24 .hine
417 3312 75 23 which
505 3312 42 23 lies
564 3316 24 19 to
607 3312 37 23 the

58 3340 117 21 westward
189 3340 28 21 of
233 3340 39 21 the
289 3339 114 29 Rangitiki
420 3340 67 21 river.
515 3339 48 22 The
578 3339 66 22 chain

46 3371 2 21 ;
59 3365 33 21 of-
97 3365 52 22 hills
157 3366 88 22 formed
254 3367 29 27 by
297 3366 92 27 Pianga,
400 3366 39 22 the
455 3366 64 27 ridge
529 3366 73 22 which
610 3373 33 15 we

57 3391 50 22 had
115 3392 49 27 just
179 3392 96 28 crossed,
284 3394 46 21 and
343 3394 149 26 Kakaramea,
510 3392 135 29 approaches

58 3418 118 28 gradually
184 3422 23 19 to
216 3419 39 22 the
268 3415 52 26 lake
327 3428 6 20 ;
348 3420 46 21 and
410 3427 14 14 a
435 3420 58 24 little
506 3420 92 27 beyond
608 3420 37 22 the

48 3444 74 22 S.W.-
133 3451 84 21 corner,
228 3446 36 21 the
281 3446 77 23 shores'
370 3447 67 27 again
448 3446 83 23 consist
540 3446 26 22 of
576 3446 69 28 rocky

59 3470 57 22 cliffs
124 3470 90 28 fringed
222 3472 53 22 with
283 3473 64 22 wood
356 3476 23 19 to
393 3473 39 23 the
440 3473 89 23 water's
537 3470 64 31 edge!
612 3473 33 22 for

60 3500 46 19 two
116 3504 25 15 or
148 3497 61 22 three
218 3498 71 23 miles.
317 3500 95 22 Further
419 3503 24 19 to
453 3500 38 22 the
499 3500 39 26 N.,
546 3500 40 22 the
591 3500 55 22 land

49 3523 79 27 >again
146 3524 116 28 gradually
278 3525 71 28 slopes
367 3526 59 22 from
445 3534 14 15 a
475 3527 73 22 beach
565 3530 24 19 to
607 3527 38 22 the

47 3548 5 34 f
59 3550 62 23 table
137 3550 89 28 prairie,
228 3568 4 7 t
234 3550 74 23 wbich
323 3552 93 23 extends
431 3554 37 21 for
483 3554 69 21 about
566 3553 85 25 twelve,

60 3577 66 22 miles
135 3580 23 19 to
167 3577 95 22 wooded
275 3580 128 21 mountains
416 3580 33 21 in-
456 3580 39 22 the
505 3580 109 23 direction
624 3580 26 23 of

47 3600 1 25 I
61 3603 88 28 Kawia,
160 3602 46 23 and
219 3604 130 28 apparently
358 3606 54 21 with
425 3606 59 23 little
497 3607 149 28 interruption

47 3631 1 27 [
61 3633 24 19 to
96 3630 38 22 the
140 3630 134 23 northward.
289 3630 76 23 About
370 3634 27 20 10
402 3632 64 23 miles
474 3633 59 22 from
539 3634 38 22 the
586 3634 59 22 S.W.

47 3658 1 19 I
62 3664 87 21 corner,
165 3657 39 22 the
220 3656 76 28 gentle
305 3657 118 29 aclivity'is
431 3659 137 29 interrupted
577 3660 31 28 by
617 3668 29 15 an

47 3680 3 37 [
62 3684 100 22 isolated
165 3683 127 27 mountain,
303 3684 71 22 called
385 3684 110 27 Wareroa,
505 3686 74 23 whose
590 3690 57 19 east^

48 3716 1 19 i
64 3717 40 15 crn
113 3710 49 23 frice
172 3717 92 21 appears
274 3712 24 19 to
305 3710 30 21 be
344 3717 14 15 a
372 3710 93 23 basaltic
474 3713 51 22 cuff.
539 3711 108 30 '.'/Beyond

48 3745 4 4 -
62 3737 51 27 this,
125 3738 38 21 the
173 3744 76 16 snores
259 3744 38 14 are
311 3737 66 27 again
391 3738 94 26 gradual
497 3739 26 22 in
537 3740 64 23 their,
604 3741 42 22 rise

54 3767 32 19 ,to
105 3764 38 22 the
162 3763 60 23 table
240 3763 56 22 land
313 3764 34 21 for
365 3764 86 21 several
467 3765 71 29 miles,
556 3767 40 29 till;
610 3767 37 23 the

63 3791 57 22 cliffs
130 3791 59 22 close
205 3791 32 27 in,
249 3789 46 23 and
308 3790 106 22 continue
428 3792 73 22 round
516 3792 39 23 the
562 3799 3 4 '
569 3794 78 22 north-

47 3817 3 20 s'
62 3825 41 14 crn
115 3817 119 28 extremity
243 3817 26 22 of
280 3817 38 22 the
332 3815 59 24 lake.
419 3817 108 24 Between
540 3819 38 23 the
594 3821 53 22 base

52 3844 40 21 of
111 3844 38 23 the
170 3843 120 23 mountain
311 3843 63 28 ridge
395 3850 38 15 ,on
457 3844 72 23 which
546 3853 33 15 we
595 3854 52 16 now

65 3871 69 26 stood,
144 3871 43 22 and
196 3871 39 21 the
243 3870 73 23 banks
325 3871 26 21 of
362 3869 38 22 the
416 3870 111 28 Waikato,
537 3879 14 14 a
560 3874 88 22 curious

64 3896 94 23 isolated
166 3897 41 22 Hill
221 3897 56 22 rises
288 3900 28 20 .to
330 3897 39 22 the
384 3897 79 27 height
478 3897 25 22 of
514 3900 41 20 600
569 3907 26 14 or
608 3900 43 23 700>

65 3923 48 21 feet
121 3926 39 19 out
169 3924 26 21 of
205 3923 40 22 the
253 3923 91 29 marshy
353 3923 47 22 flat,
407 3934 14 15 v
428 3923 55 22 This
497 3923 41 23 hill
547 3925 18 22 is
576 3926 75 23 called;

66 3949 102 28 Maunga
181 3949 92 29 Namuf
281 3958 27 16 or
311 3950 105 28 .sand-fly
567 3951 80 24 and^i

508 58 102 39 TfiE
626 59 115 39 NEW
750 57 229 41 ZEALMD
1001 61 227 37 GAZETTE
1247 65 103 32 AND
1366 57 327 41 WELtINGTON
1713 66 290 32 SPECTATOR.

37 156 109 32 prpducts
180 157 36 19 too
233 151 45 23 late
299 149 36 23 for
350 153 69 25 most,
443 153 38 20 too
503 149 63 31 early
584 149 38 23 for

38 196 64 17 some
112 196 6 20 ;
139 186 38 23 but
186 181 133 32 everybody
331 181 70 31 ought
417 184 24 21 to
451 182 56 23 send
517 182 38 23 the
574 181 49 24 best

36 221 30 24 'he
76 221 49 26 has,
138 216 86 31 though
234 222 72 16 aware
323 214 49 24 that
383 214 78 24 others
470 222 55 23 may
536 215 86 23 contri-

37 252 55 24 bute
108 251 74 24 better
191 245 76 31 fruits',
280 248 96 28 flowers,
388 255 26 16 or
424 247 139 31 vegetables.
599 247 25 24 If

37 285 47 23 this
95 281 206 26 recommendation
309 281 21 23 is
340 280 112 29 followed,
464 280 63 24 there
537 280 47 24 will
594 280 29 24 be

38 325 16 16 a
62 315 140 32 respectable
214 314 76 28 showy
296 315 25 22 in
331 314 58 30 spite
402 313 25 24 of
435 313 40 24 the
485 321 89 16 season.
613 321 6 4 *

69 373 32 24 In
120 380 42 16 one
181 371 25 24 of
220 371 40 24 the
277 370 92 25 Hobart
387 371 74 24 Town
476 379 90 23 papers,
585 379 37 16 re-

38 405 75 26 ceived
130 405 31 30 by
172 404 39 24 the
222 402 96 30 Sisters,
330 412 34 16 we
383 404 49 24 find
450 404 40 24 the
506 404 116 31 following

36 438 134 33 paragraph,
183 436 79 32 copied
271 437 60 23 from
342 444 14 16 a
367 436 99 25 London
476 445 70 24 paper
555 445 6 16 :
610 440 2 7 '

63 476 74 23 Lieut.
148 475 94 26 Bennet,
254 475 64 26 R.E.,
329 475 49 22 who
387 475 71 27 lately
475 475 148 22 commanded

38 511 14 15 a
62 503 141 27 department
217 502 26 21 of
255 501 37 22 the
309 501 119 22 Ordnance
445 502 85 27 Survey
537 501 26 22 in
576 501 47 22 Ire-

37 529 62 27 land,
117 528 46 22 and
188 528 74 22 whose
289 528 122 22 admirable
429 531 84 24 system
538 527 27 22 of
584 527 39 22 hill

38 555 105 27 drawing,
155 562 25 15 or
188 555 141 27 contouring,
341 562 23 15 as
374 555 112 27 approved
494 555 30 26 by
532 554 91 21 Colonel

39 582 76 28 Colby,
131 582 65 27 R.E.,
214 582 19 21 is
257 589 50 14 now
325 581 116 28 generally
464 581 103 27 adopted,
583 580 40 22 has

38 609 70 22 sailed
115 608 35 22 for
159 608 58 22 New
226 608 141 27 Zealand,.as
383 607 159 27 commanding
551 607 72 27 Royal

38 635 115 27 Engineer
162 638 24 19 at
194 635 49 22 that
253 635 86 22 station.
416 635 6 8 '

1897 149 79 24 'Febe
1994 149 128 25 Trade.
2122 149 32 29 rlt
2163 150 46 24 will
2218 151 33 23 be-
2257 150 132 25 recollected
2399 150 50 25 that

1872 189 14 16 a
1894 181 44 24 few
1947 181 76 25 weeks
2042 190 51 23 ago,
2111 190 34 16 we
2162 184 132 23 announced
2308 183 41 24 the
2368 184 80 30 partial

1872 215 98 23 removal
1985 214 26 24 of
2032 215 40 23 the
2087 215 141 23 restrictions
2244 216 54 23 with
2314 216 76 24 which
2405 224 52 18 .our-

1872 247 111 24 maritime
2004 247 64 24 trade
2086 255 46 16 was
2148 248 103 23 fettered.
2296 248 23 24 It
2336 248 113 25 was'dis-

1873 280 80 31 tinctly
1963 280 138 23 understood
2111 280 31 31 by
2149 280 49 23 'the
2209 284 96 20 masters
2314 281 46 24 and
2370 285 81 28 agents

1873 312 27 23 of
1912 308 45 27 the'
1967 312 85 23 vessels
2070 313 97 30 trading-
2181 313 54 23 with
2256 312 54 24 Van
2332 313 119 24 Diemen's
2456 335 4 9 f

1873 344 75 29 Land,
1964 345 49 23 that
2028 345 60 23 their
2099 345 86 23 vessels
2195 344 80 24 should
2285 345 35 24 be,
2325 346 92 23 allowed
2427 351 23 19 to

1874 377 125 31 discharge,
2020 377 74 24 under
2117 377 38 24 the
2183 377 146 25 surveillance
2357 378 25 23 of
2413 378 39 24 the

1875 410 107 23 Customs
1997 410 96 29 officers,
2117 410 83 31 during
2216 410 39 23 the
2272 411 56 22 time
2342 410 50 24 that
2413 410 38 24 the

1875 442 108 31 Captains
1994 447 59 19 went
2065 447 22 19 to
2098 443 120 23 Melborne
2234 443 26 23 in
2277 443 66 23 order
2359 448 23 18 to
2399 450 54 24 pass

1875 475 58 23 their
1944 476 91 23 entries.
2077 475 51 24 The
2147 475 109 31 privilege
2272 475 50 29 has,
2342 476 111 29 however,

1875 507 59 24 been
1953 508 136 26 disallowed,
2107 508 88 31 though
2210 516 60 23 upon
2285 508 60 23 what
2355 509 100 30 grounds

1875 548 33 15 we
1920 548 37 15 are
1969 545 23 18 at
2003 549 13 14 a
2026 541 48 23 loss
2085 544 24 19 to
2126 541 110 24 discover.
2282 541 58 23 This
2355 542 21 22 is
2394 545 62 19 most

1875 573 62 23 cruel
1945 577 122 19 treatment
2077 581 30 15 on
2118 573 38 23 the
2166 577 52 28 part
2228 574 25 22 of
2262 574 38 23 the
2311 574 143 23 authorities.

1875 605 30 24 In
1916 606 53 29 fact,
1985 607 19 22 it
2018 607 21 22 is
2058 606 83 23 almost
2157 607 113 22 sufficient
2287 610 23 20 to
2333 607 122 22 annihilate

1876 646 41 16 our
1926 638 168 24 inter-colonial
2105 638 70 29 trade,
2188 638 44 24 and
2242 643 25 19 to
2285 647 66 15 cause
2369 647 14 16 a
2399 647 56 23 pro-

1875 672 125 30 portionate
2022 672 124 30 deficiency
2162 672 26 23 in
2204 671 38 24 the
2265 680 115 16 revenue.'
2411 671 47 25 We

1876 705 63 22 write
1950 713 61 15 more
2021 706 25 21 in
2058 712 83 16 sorrow
2152 704 56 23 than
2218 705 24 22 in
2252 711 77 23 anger,
2342 705 44 23 and
2396 705 60 31 hope

1876 737 49 23 that
1935 737 38 23 the
1992 737 156 24 Government
2157 737 48 23 will
2216 737 90 31 remedy
2322 737 39 23 the
2380 739 76 29 griev-

1876 777 63 21 ance,
1956 770 31 31 by
1998 770 90 31 dealing
2100 774 40 19 out
2156 770 83 31 justice
2251 770 24 23 in
2286 777 14 15 a
2315 769 141 24 discrimina-

1876 803 50 30 ting
1935 810 102 17 manner.
2072 802 61 29 Ibid,
2150 802 56 24 Jan.
2226 804 40 22 10.

1910 863 143 24 Potatoes.
2089 863 68 23 Some
2172 867 102 25 potatoes
2297 863 25 22 of
2345 863 111 23 excellent

1878 896 93 30 quality,
1994 903 79 23 grown
2092 903 29 15 on
2140 895 38 23 the
2195 895 54 23 Van
2262 895 119 23 Diemen's
2393 895 67 24 Land

1879 929 136 30 Company's
2026 928 54 23 land
2091 932 24 19 at
2126 928 63 23 Emu
2197 928 58 30 Bay,
2265 928 58 23 have
2334 928 62 23 been,
2400 929 60 22 cried

1879 962 68 22 about
1956 962 39 22 the
2007 965 89 24 streets,
2109 961 82 30 during
2202 960 37 23 the
2250 965 51 26 past
2311 961 116 30 few-days,
2437 965 23 19 at

1879 1002 42 15 one
1931 1002 75 23 penny
2016 1002 42 23 per
2071 990 42 33 lbi,
2127 994 70 30 being
2213 993 48 31 just
2281 993 123 31 exceeding
2420 994 37 23 8

1878 1035 41 23 per
1930 1032 47 19 ton.
2020 1027 131 25 Quantities
2169 1026 26 23 of
2218 1031 83 25 twenty
2324 1027 45 23 and
2390 1026 70 31 thirty

1879 1064 50 19 tons
1940 1060 57 23 have
2008 1060 104 30 changed
2130 1059 75 24 hands
2222 1063 23 19 at
2263 1059 36 24 5
2317 1067 42 23 per
2378 1063 47 20 ton.

1879 1090 95 27 Hohart
1985 1093 66 24 Town
2061 1100 84 23 paper.

38 695 30 21 To
78 694 35 20 the
120 694 79 21 Editor
207 694 27 24 of.
248 694 35 20 the
379 692 95 21 Zealand
485 692 85 21 Gazette
579 692 45 20 and

195 722 127 25 Wellington
332 721 118 25 Spectator.
452 721 5 11 1
461 722 5 10 '

73 757 54 29 Sir,
162 757 15 24 I
198 757 47 31 beg
265 760 24 19 to
309 756 92 31 enquire
423 756 20 23 if
470 755 39 23 the

38 790 75 24 Mark
147 790 76 24 which
233 797 46 17 was
292 788 87 24 erected
396 793 24 19 at
440 788 40 23 the
491 795 106 24 expense,
603 788 25 22 of

39 820 48 27 the'
90 824 149 28 inhabitants,
250 826 23 20 at
283 822 39 23 the
333 826 97 24 eastern,
433 825 107 20 entrance
552 820 25 23 of
585 820 39 24 the

39 856 109 30 harbour,
160 856 45 24 and
216 855 74 24 which
299 863 45 15 was
353 854 77 24 blown
442 854 66 24 down
518 854 25 23 in
554 861 13 16 a
577 854 47 23 late

38 890 61 31 gale,
111 890 21 23 is
142 889 77 31 likely,
226 893 23 19 to
258 889 29 23 be
297 892 42 28 put
348 896 33 23 up
393 888 68 30 again
469 888 11 23 ?

72 922 39 24 As
120 923 20 23 it
149 923 21 23 is
182 921 138 25 understood
330 921 49 23 that
398 921 40 23 the
454 920 115 24 materials
588 927 37 16 are

40 963 31 17 on
100 955 39 24 the
164 960 53 27 spot
250 955 39 23 the
316 962 99 23 expense
436 953 26 24 of
487 953 139 23 re-erection

40 988 68 24 could
135 993 42 19 not
192 989 30 23 be
241 996 56 22 very
315 991 62 26 great
388 996 6 20 ;
414 986 45 23 and
470 986 19 23 it
505 985 75 24 would
597 985 28 22 be

41 1021 116 24 advisable
168 1021 51 24 that
228 1021 20 23 it
259 1020 80 24 should
349 1020 34 26 ,be
395 1019 66 28 done,
472 1018 77 24 before
562 1017 64 24 other

40 1054 115 24 accidents
165 1054 89 24 remind
264 1061 29 16 us
304 1053 26 23 of
343 1052 39 23 the
393 1052 114 29 necessity
518 1050 35 24 for
563 1051 28 23 it.

276 1085 15 24 I
302 1093 44 20 am,
359 1085 46 28 Sir,

323 1118 87 23 Your's
422 1117 137 31 obediently,

41 1153 85 24 March
139 1153 39 28 17,
191 1153 75 23 1842.
593 1148 31 24 A.

184 1291 191 27 [Continuedfrom
384 1297 39 13 our
436 1289 58 26 last.}

40 1220 64 24 MR.
116 1220 32 24 E.
165 1219 23 25 J.
205 1218 241 25 WAKEFIELD'S
464 1216 164 25 JOURNEY

132 1253 85 23 INTO
253 1252 71 23 THE
359 1251 184 24 INTERIOR.

1912 1153 116 24 Accounts
2046 1153 100 31 brought
2167 1154 30 30 by
2219 1153 39 23 the
2279 1151 66 32 Lady
2366 1152 94 30 Emma,
2472 1165 1 5 <

1880 1186 58 23 from
1950 1186 67 24 Swan
2027 1186 82 28 River,
2119 1194 37 15 are
2176 1186 27 23 of
2223 1194 14 15 a
2254 1186 134 30 distressing
2408 1186 53 23 cha-

1880 1224 80 19 racter.
1995 1219 92 31 Except
2101 1223 25 19 at
2136 1219 38 23 the
2192 1222 61 20 most
2272 1219 94 23 ruinous
2381 1219 80 30 prices,

1880 1259 30 16 no
1928 1252 58 24 sales
2008 1252 67 23 could
2096 1252 29 23 be
2148 1251 93 24 effected
2260 1251 34 23 for
2314 1259 46 23 any
2377 1256 47 19 sort
2440 1252 25 23 of

1883 1285 70 23 either
1973 1285 43 23 live
2035 1292 26 16 or
2080 1284 57 24 dead
2154 1284 67 24 stock
2242 1285 113 30 conveyed
2370 1284 31 31 by
2415 1284 50 23 that

1882 1317 59 31 ship.
1987 1318 37 23 No
2047 1317 77 29 doubt,
2141 1317 48 23 like
2208 1317 38 23 the
2269 1317 64 23 other
2356 1317 106 29 colonies,

1883 1351 68 23 Swan
1961 1350 72 24 River
2039 1350 56 24 feels
2107 1350 38 24 the
2154 1350 132 31 depression
2298 1350 24 23 of
2338 1350 38 23 the
2387 1351 75 28 times,

1882 1383 73 24 which
1966 1391 52 23 may
2028 1384 30 23 be
2070 1384 49 23 said
2129 1388 23 19 to
2164 1384 29 22 be
2204 1383 113 23 universal
2326 1392 7 19 ;
2351 1383 44 23 and
2408 1383 55 28 that,

1882 1416 54 24 with
1950 1416 42 24 her
2009 1416 91 24 slender
2116 1423 125 21 resources,
2261 1416 40 23 she
2317 1416 47 22 will
2380 1420 40 19 not
2436 1416 29 23 be

1882 1457 55 23 very
1958 1450 85 30 readily
2063 1449 82 24 relieve
2167 1449 93 24 herself.
2312 1449 26 23 A
2355 1457 65 23 cargo
2442 1449 25 23 of

1884 1482 78 24 Timor
1973 1484 87 29 ponies,
2075 1482 114 31 imported
2199 1483 30 29 by
2249 1482 37 23 the
2303 1482 92 23 Amelia
2408 1482 58 23 from

1884 1516 37 23 the
1933 1515 78 24 Island
2023 1516 25 23 of
2064 1515 75 31 Bally,
2160 1515 112 31 averaged
2291 1515 69 23 about
2376 1516 39 23 3
2424 1522 42 24 per

1883 1548 65 29 head,
1960 1557 61 15 some
2038 1548 25 24 of
2079 1548 63 24 them
2161 1548 50 24 sold
2228 1556 26 15 as
2272 1548 42 23 low
2334 1555 25 16 as
2378 1550 30 22 25
2411 1555 19 16 s.

1884 1581 139 24 Launceston
2039 1588 85 23 paper.

1885 1649 181 24 EXTRACTS
2089 1649 101 24 FROM
2214 1649 72 23 THE
2308 1648 158 25 ENGLISH

2110 1682 143 24 PAPERS.

1919 1743 50 23 The
1975 1743 74 28 Avon,
2063 1742 77 24 Lieut.
2150 1743 28 22 C.
2192 1742 92 29 Jenkin,
2294 1742 42 23 left
2345 1742 123 23 Woolwich

1887 1783 28 16 on
1927 1776 134 31 September
2074 1778 39 26 16,
2124 1776 36 23 for
2172 1776 156 28 Portsmouth,
2340 1775 54 23 with
2406 1775 61 24 Ord-

1886 1817 71 15 nance
1974 1815 72 17 stores
2058 1809 45 23 and
2120 1808 90 24 articles
2223 1809 35 22 for
2275 1808 75 24 barter
2361 1808 54 23 with
2432 1808 37 23 the

1887 1842 86 23 natives
1985 1842 24 23 of
2025 1842 58 23 New
2094 1841 110 24 Zealand.
2239 1841 52 24 The
2307 1841 67 23 Avon
2384 1849 42 15 on*'
2430 1840 39 24 her

1887 1875 80 23 arrival
1978 1880 24 18 at
2012 1875 150 23 Portsmouth
2178 1874 47 24 will
2235 1875 98 23 transfer
2344 1875 40 22 her
2402 1882 66 23 cargo

1887 1913 23 18 to
1922 1908 37 23 the
1972 1908 108 29 Tortoise,
2096 1910 29 22 18
2136 1915 66 23 guns,
2213 1908 78 23 bound
2298 1907 35 24 for
2343 1906 54 25 Van
2408 1907 57 24 Die-

1888 1941 71 23 men's
1971 1941 67 23 Land
2049 1941 45 23 and
2106 1941 58 23 New
2178 1941 108 23 Zealand.

1922 1981 51 23 The
1985 1981 156 23 Colonization
2161 1981 200 28 Commissioners,
2374 1980 96 23 Messrs.

1889 2013 79 29 Elliot,
1992 2013 103 29 Villiers,
2119 2013 45 23 and
2187 2013 69 23 Shaw
2277 2013 105 28 Lefevre,
2413 2011 59 32 (vice

1890 2045 110 32 Torrens)
2017 2046 104 23 received
2131 2051 43 18 two
2185 2046 53 31 days
2251 2046 77 23 before
2336 2046 63 23 Lord
2411 2046 61 23 John

1889 2080 113 23 Russell's
2011 2080 118 30 resigning
2136 2079 38 23 the
2188 2079 103 23 Colonial
2300 2079 172 31 Secretaryship

1889 2112 38 24 the
1939 2120 49 16 sum
2000 2112 25 23 of
2036 2113 122 28 10,000,
2171 2116 23 19 to
2206 2113 28 22 be
2245 2112 119 31 expended
2380 2113 25 21 in
2416 2113 56 23 emi-

1889 2146 88 30 gration
1988 2150 23 19 to
2022 2145 56 24 Van
2089 2145 120 24 Diemen's
2221 2145 75 24 Land.

1924 2185 43 23 We
1978 2185 57 23 have
2046 2185 59 23 been
2122 2185 111 23 informed
2245 2192 29 16 on
2286 2185 57 30 high
2361 2185 114 31 authority

1924 2226 32 15 we
1968 2226 52 23 may
2031 2218 44 23 add
2092 2226 29 15 on
2133 2218 113 30 authority
2263 2218 74 22 which
2348 2218 41 23 has
2406 2226 69 15 never

1892 2259 54 16 once
1957 2252 37 22 led
2004 2259 28 15 us
2044 2255 76 27 astray
2131 2251 93 23 relative
2235 2255 23 19 to
2270 2251 38 23 the
2326 2251 148 31 proceedings

1892 2286 25 22 of
1931 2284 38 24 the
1981 2284 157 24 Government
2171 2286 50 21 that
2236 2284 63 23 there
2317 2285 21 22 is
2352 2292 81 15 reason
2449 2289 23 18 to

1893 2318 119 31 anticipate
2023 2317 51 24 that
2084 2317 38 23 the
2138 2322 91 27 present
2240 2317 105 24 Premier
2355 2317 47 23 will
2413 2322 22 18 at
2446 2326 29 15 no

1893 2351 83 23 distant
1997 2351 81 31 period
2098 2354 42 20 not
2166 2350 54 31 only
2242 2358 117 15 announce
2385 2346 94 28 himself

1892 2384 97 30 friendly
2006 2389 21 18 to
2041 2384 39 23 the
2098 2391 66 16 cause
2177 2383 25 23 of
2216 2384 141 30 emigration,
2372 2383 42 23 but
2429 2384 47 22 will

1893 2425 95 23 propose
1999 2425 14 15 a
2028 2417 54 30 plan
2100 2421 22 19 to
2139 2417 28 23 be
2186 2416 105 24 enforced
2306 2416 55 24 with
2378 2416 38 23 the
2431 2416 44 24 full

1893 2458 73 23 power
1976 2451 24 23 of
2016 2450 156 23 Government
2181 2454 23 18 to
2214 2449 71 24 afford
2294 2454 22 18 to
2328 2449 40 24 the
2377 2449 99 23 colonies

1893 2492 14 15 a
1919 2484 137 25 continuous,
2063 2483 81 31 supply
2156 2484 26 22 of
2195 2483 87 23 labour.
2317 2482 45 24 We
2375 2490 49 16 care
2434 2487 41 19 not

1893 2516 35 24 for
1936 2517 101 31 political
2046 2517 85 31 parties
2144 2516 44 23 and
2204 2515 99 32 political
2314 2515 127 32 prejudices

1893 2550 42 23 hut
1953 2550 103 23 whoever
2074 2549 39 24 the
2131 2550 103 23 minister
2254 2557 52 23 may
2323 2549 29 23 be
2370 2548 50 24 who
2437 2557 38 16 ac-

1894 2583 134 31 complishes
2044 2583 46 23 this
2109 2587 64 26 great
2190 2582 81 31 object,
2283 2582 29 24 he
2324 2581 46 24 will
2385 2582 92 23 deserve

1894 2616 45 23 and
1956 2616 76 23 obtain
2049 2616 39 23 the
2107 2615 136 31 appellation
2254 2615 25 24 of
2289 2623 42 16 one
2343 2615 25 24 of
2377 2615 38 23 the
2425 2615 51 23 best

1894 2649 139 23 benefactors
2051 2649 26 23 of
2094 2649 94 31 Europe
2270 2648 26 24 of
2310 2648 39 24 the
2365 2648 77 24 world.

1893 2681 163 24 Australasian
2067 2681 99 24 Record.

1263 148 138 22 determined
1410 154 68 16 never
1487 151 23 19 to
1519 148 42 22 sell
1568 148 69 22 either
1646 148 49 21 that
1704 155 25 15 or
1736 148 37 22 his
1782 155 62 14 sove-

1262 174 96 31 reignty.
1385 174 47 22 The
1442 175 99 26 meeting
1548 174 124 22 concluded
1680 174 72 27 grand
1761 175 53 19 haha
1821 182 23 14 or

1261 203 73 19 native
1345 200 76 28 dance,
1437 200 172 28 performedaby
1617 200 67 22 about
1697 202 28 20 50
1734 208 52 14 men
1800 201 44 22 and

1266 234 93 14 women.
1385 246 7 2 .
1552 223 50 27 '-flf?
