2540 3989
1892 3855 88 23 Printed
1998 3856 46 22 and
2062 3857 118 26 published
2201 3862 24 18 at
2244 3857 37 22 the
2302 3857 70 22 Office
2391 3857 26 22 of
2437 3857 35 23 the

2013 3883 101 23 Zealand
2276 3884 53 23 Port
2344 3884 128 30 Nicholsou,

1915 3909 55 21 New
1982 3909 108 21 Zealand.

1438 1901 261 23 REGULATIONS.

1315 1935 20 21 1.
1338 1946 33 4 —
1372 1933 49 24 The
1430 1934 90 31 Capital
1533 1935 24 23 of
1573 1935 37 23 the
1619 1935 117 32 Company
1745 1941 21 18 to
1778 1936 85 23 consist

1278 1965 25 24 of
1317 1967 120 26 £.50.000,
1452 1968 23 22 in
1488 1969 75 22 2.500
1577 1967 85 24 Shares
1674 1970 22 21 of
1714 1971 54 22 £20
1781 1968 64 24 each.

1311 2001 22 20 2.
1336 2012 33 4 —
1371 2000 50 22 One
1433 2000 77 30 pound
1522 2008 39 22 per
1573 2000 66 23 share
1653 2006 21 17 to
1693 2001 27 23 be
1738 2000 53 32 paid
1810 2008 51 22 pre-

1279 2032 61 22 vious
1353 2036 22 18 to
1388 2032 35 22 the
1435 2032 96 23 election
1544 2033 25 22 of
1585 2033 124 28 Directors,
1722 2035 21 21 of
1763 2032 72 23 which
1850 2041 11 15 a

1279 2065 80 22 week's
1371 2065 74 30 public
1460 2066 73 22 notice
1551 2066 44 22 will
1613 2066 28 23 be
1659 2067 67 29 given
1736 2075 6 19 ;
1762 2065 45 24 and
1825 2068 33 21 £\

1277 2097 121 23 additional
1416 2103 23 18 at
1458 2098 39 23 the
1515 2099 127 30 expiration
1662 2099 25 23 of
1708 2099 55 23 each
1783 2099 77 23 month

1278 2130 55 23 from
1345 2131 48 22 that
1406 2131 84 31 period,
1510 2132 56 22 until
1584 2133 36 22 £5
1636 2132 41 23 has
1689 2133 54 22 been
1757 2132 52 30 paid
1823 2140 37 22 up.

1310 2166 23 21 3.
1336 2176 32 3 —
1371 2164 97 23 Further
1481 2164 54 23 calls
1549 2169 21 19 to
1585 2165 28 22 he
1632 2166 65 22 made
1715 2171 23 17 at
1757 2166 37 22 the
1815 2165 44 23 dis-

1276 2197 84 22 cretion
1376 2197 28 22 of-
1414 2197 38 23 the
1472 2197 118 24 Directors
1599 2207 6 18 ;
1625 2198 43 23 and
1682 2199 61 22 three
1762 2198 97 23 months'

1277 2230 103 30 previous
1397 2231 74 22 notice
1490 2233 20 20 ol
1531 2231 54 23 each
1605 2231 42 23 call
1666 2236 22 18 to
1708 2232 27 22 be
1753 2233 69 29 given
1839 2239 20 15 m

1276 2261 37 24 the
1357 2263 52 23 New
1423 2263 101 23 Zealand

1308 2298 23 21 4.
1336 2308 32 4 —
1369 2296 35 23 No
1416 2304 82 23 person
1512 2301 21 18 to
1547 2297 26 23 be
1590 2297 94 23 allowed
1703 2302 21 18 to
1743 2298 117 22 subscribe

1280 2328 28 24 for
1321 2336 61 16 more
1394 2329 54 24 than
1461 2332 31 20 50
1506 2329 93 24 Shares.

1308 2364 23 21 5.
1333 2374 35 4 —
1368 2362 48 23 The
1430 2362 99 23 Officers
1541 2363 25 22 of
1581 2363 37 24 the
1632 2363 117 31 Company
1764 2368 22 19 to
1806 2371 53 16 con-

1274 2395 43 23 sist
1334 2395 25 23 of
1381 2395 49 23 nine
1451 2395 118 23 Directors
1588 2397 44 22 and
1651 2405 13 15 a
1684 2397 102 26 Cashier,
1807 2396 52 24 with

1274 2428 54 23 such
1348 2428 122 23 assistance
1488 2436 26 15 as
1533 2429 37 23 the
1589 2428 118 25 Directors
1724 2438 53 23 may
1795 2429 64 24 deem

1274 2468 127 22 necessary.
1420 2482 5 5 .

1308 2693 23 22 7.
1333 2703 34 4 —
1368 2691 48 23 The
1436 2691 97 24 Cashier
1552 2697 21 18 to
1588 2693 27 22 be
1634 2694 121 30 appointed
1773 2694 30 30 by
1822 2693 37 23 the

1283 2723 115 29 Directors,
1411 2724 45 23 and
1468 2725 128 23 removable
1608 2730 24 18 at
1642 2726 60 23 their
1712 2726 113 29 pleasure.

1307 2495 24 22 6.
1333 2506 34 4 —
1368 2494 48 23 The
1435 2494 120 23 Directors
1574 2499 22 18 to
1614 2495 28 23 he
1662 2495 85 24 elected
1766 2496 35 23 for
1818 2503 41 15 one

1273 2533 60 24 year,
1347 2527 30 30 by
1388 2527 36 23 the
1437 2527 164 23 Shareholders
1611 2537 5 18 ;
1636 2533 24 18 at
1677 2528 37 24 the
1733 2528 125 31 expiration

1272 2559 26 22 of
1314 2559 48 23 that
1380 2560 84 30 period,
1484 2567 43 16 one
1546 2560 59 23 third
1625 2561 25 22 of
1665 2561 38 23 the
1719 2560 104 29 number,
1838 2566 21 18 to

1272 2592 28 22 be
1313 2592 137 24 determined
1462 2593 30 30 by
1507 2593 38 28 lot,
1565 2594 59 22 shall
1642 2595 76 28 retire,
1738 2594 44 24 and
1802 2594 57 23 their

1272 2625 63 30 place
1354 2625 28 22 be
1400 2625 60 23 filled
1480 2627 28 29 by
1528 2626 60 23 fresh
1603 2627 103 29 election,
1708 2641 32 3 —
1743 2627 37 24 the
1792 2628 67 22 retir-

1273 2659 40 28 ing
1324 2658 117 23 Directors
1453 2663 22 18 to
1488 2659 27 23 be
1528 2660 92 29 capable
1632 2660 26 23 of
1673 2661 142 23 re-election.

1307 2760 23 20 8.
1333 2769 29 4 —
1368 2757 162 25 Qualification
1548 2758 26 23 of
1595 2759 119 23 Directors
1733 2764 22 19 to
1776 2759 28 23 be
1832 2762 25 21 15

1273 2790 93 21 Shares.

1306 2825 23 21 9.
1332 2835 34 4 —
1368 2823 27 23 In
1407 2823 29 23 all
1449 2824 111 31 meetings
1573 2825 25 22 of
1613 2825 172 28 Shareholders,
1801 2825 58 23 Pro-

1272 2856 96 30 prietors
1387 2861 21 18 to
1425 2856 57 24 have
1495 2865 41 15 one
1550 2861 49 19 vote
1611 2858 33 23 for
1658 2866 66 23 every
1737 2861 13 21 5
1765 2858 93 24 Shares.

1310 2891 37 21 10.
1351 2901 32 4 —
1385 2889 35 23 No
1429 2889 47 23 Bill
1488 2894 23 18 to
1523 2890 29 24 he
1559 2890 134 24 discounted
1700 2896 81 26 except
1788 2891 71 24 under

1272 2921 38 24 the
1322 2923 100 22 sanction
1441 2922 26 23 of
1482 2922 63 25 three
1564 2924 26 22 of
1604 2924 38 23 the
1661 2924 119 24 Directors
1789 2933 5 19 ;
1818 2932 41 16 nor

1272 2955 19 23 if
1301 2955 102 32 objected
1413 2960 23 19 to
1449 2956 29 31 by
1490 2963 43 17 one
1546 2956 25 24 of
1580 2957 62 23 three
1655 2957 26 23 of
1689 2957 38 24 the
1740 2958 119 24 Directors

1271 2993 100 26 present.

1309 3023 37 22 11.
1348 3034 34 4 —
1383 3022 116 31 Meetings
1511 3027 23 19 to
1545 3022 29 24 he
1590 3023 52 23 held
1660 3023 146 32 half-yearly,
1825 3024 34 23 for

1272 3053 38 24 tlie
1322 3062 95 23 purpose
1429 3055 27 23 of
1470 3055 117 31 declaring
1598 3056 135 29 Dividends,
1747 3058 43 23 &c.

1308 3089 38 21 12.
1348 3100 35 3 —
1383 3087 21 23 A
1427 3091 123 20 statement
1573 3089 25 22 of
1619 3089 38 22 the
1679 3089 76 23 affairs
1775 3089 26 23 of
1822 3089 37 23 the

1274 3119 66 23 Bank
1352 3124 23 18 to
1392 3119 26 23 be
1436 3119 46 23 laid
1500 3120 77 23 before
1596 3120 38 23 the
1654 3121 164 23 Shareholders
1837 3126 22 18 at

1272 3152 54 23 each
1350 3152 54 23 such
1430 3152 137 31 half-yearly
1591 3154 107 30 meeting,
1722 3154 44 22 and
1789 3153 69 24 after-

1272 3185 71 23 wards
1372 3185 120 31 published
1520 3186 24 22 in
1572 3185 38 24 the
1673 3186 55 23 New
1758 3186 101 25 Zealand

1305 3277 22 24 A
1341 3277 64 25 Deed
1416 3277 26 23 of
1458 3277 143 27 Settlement,
1620 3282 21 20 to
1653 3279 29 23 be
1694 3280 81 30 signed
1785 3279 31 31 by
1829 3279 28 24 all

1271 3309 38 24 the
1329 3310 172 28 Shareholders,
1521 3311 136 32 embodying
1679 3312 63 24 these
1760 3312 46 24 and
1829 3312 28 24 all

1271 3343 72 24 other'
1352 3336 120 38 necesfary
1484 3344 146 30 regulations,
1650 3346 44 23 will
1709 3346 27 24 be
1747 3346 110 32 prepared

1271 3384 25 15 as
1308 3376 100 30 speedily
1419 3384 25 16 as
1456 3377 108 29 possible.

1287 3435 257 25 PROPOSITIONS
1559 3445 31 15 at
1602 3445 52 16 the
1668 3438 172 24 MEETING.

1308 3470 19 21 1.
1333 3481 30 3 —
1365 3468 60 23 That
1432 3469 38 23 the
1477 3470 138 31 Prospectus
1623 3479 49 15 now
1682 3472 52 23 read
1741 3472 27 23 be
1777 3471 79 32 adopt-

1271 3502 27 23 ed
1310 3502 45 22 and
1366 3502 97 30 printed.

1305 3536 22 21 2.
1331 3547 33 3 —
1365 3534 60 24 That
1449 3535 98 31 Captain
1571 3535 100 24 Edward
1699 3536 91 25 Daniell
1813 3537 43 23 and

1272 3567 96 24 Messrs.
1384 3568 126 31 Partridge,
1527 3568 71 28 Watt,
1612 3569 86 28 Millar,
1712 3570 44 24 and
1769 3570 87 29 Pierce,

1271 3600 27 23 do
1315 3600 58 23 form
1392 3609 12 15 a
1422 3601 144 24 Provisional
1579 3602 136 25 Conmittee
1727 3608 22 19 to
1762 3611 66 23 carry
1842 3604 13 23 it

1271 3634 48 22 into
1331 3633 74 23 effeci.

74 128 117 21 consulted
199 128 23 21 in
231 128 44 21 this
289 130 92 24 respect,
396 128 36 20 the
438 128 157 21 .introduction
611 128 43 21 and

73 161 39 14 use
122 154 28 21 of
161 153 37 22 the
213 154 54 21 New
282 153 99 22 Zealand
397 153 66 28 hemp
479 154 71 23 would
567 154 87 27 already

73 180 56 21 have
144 181 91 20 become
254 180 98 26 general,
372 180 44 21 and
433 187 69 20 many
519 180 135 27 advantages

73 206 56 22 have
139 207 58 21 been
205 206 90 22 derived
305 207 29 26 by
346 206 36 21 the
393 210 94 23 country
496 207 56 21 from
562 207 37 21 the
609 214 45 14 em-

72 233 118 27 ployment
199 232 26 22 of
236 233 16 20 it
261 233 33 21 for
305 232 29 22 all
350 240 104 21 purposes
469 240 23 14 m
507 233 71 23 which
593 240 61 15 com-

71 266 51 14 mon
134 259 67 26 hemp
211 259 43 21 and
263 258 47 22 flax
320 266 36 14 are
366 266 49 14 now
425 259 62 21 used.

100 285 22 21 It
131 285 19 21 is
160 285 106 21 admitted
276 285 37 31 by.
317 285 29 21 all
355 285 61 21 tho^e
432 292 92 20 persons
533 285 48 22 who
596 285 58 22 have

72 311 79 21 visited
162 311 44 21 and
216 311 86 21 resided
311 311 23 21 in
348 311 54 21 New
412 311 107 26 Zealand,
537 312 48 21 that
599 312 55 22 both

71 336 38 22 the
128 337 85 22 islands
231 337 100 26 produce
349 337 66 27 hemp
433 338 46 21 and
498 338 44 21 flax
560 339 22 20 in
599 338 54 22 such

70 363 140 26 abundance,
223 366 47 18 that
279 363 29 22 all
321 363 86 27 Europe
422 364 73 27 might
510 364 26 21 be
553 363 101 28 supplied

70 389 55 21 from
146 389 68 27 them,
232 389 45 22 and
294 394 24 16 at
334 397 13 13 a
364 389 64 23 much
445 390 68 22 lower
522 391 58 26 price
598 391 54 21 than

70 415 58 22 what
138 417 19 20 is
167 416 64 26 given
242 416 34 22 for
286 416 95 22 Russian
392 416 66 27 hemp
473 416 45 22 and
534 416 50 24 flax.
616 417 38 22 In-

69 442 62 22 stead
142 441 54 24 then
208 442 25 21 of
239 442 134 27 purchasing
390 442 41 22 this
449 443 57 21 from
524 443 127 26 foreigners,

70 476 33 14 we
114 468 72 24 might
195 475 92 20 procure
298 469 19 21 it
325 469 56 21 fioni
393 468 62 22 those
466 469 26 21 of
498 476 40 15 our
548 474 106 28 country-

70 502 50 14 men
132 494 50 22 who
193 495 56 21 have
259 495 35 21 for
303 502 64 20 years
377 495 55 21 been
444 495 95 23 induced
549 500 22 18 to
587 496 65 22 settle

70 522 22 20 in
104 522 48 20 that
162 521 82 23 distant
254 527 101 21 country,
367 522 108 21 attracted
492 522 60 23 there
567 523 30 26 by
614 523 38 21 the

69 555 69 19 many
155 547 136 27 advantages
309 548 70 22 which
394 548 36 21 the
449 549 88 21 climate
552 549 43 21 and
612 556 40 14 na-

70 574 56 21 tural
138 574 142 27 productions
291 574 65 26 offer;
372 581 11 14 a
395 579 94 23 country
499 575 71 21 which
580 575 39 21 has
630 581 22 16 at

70 597 77 30 length
159 600 90 21 become
259 607 28 15 an
304 600 91 27 Fnglish
411 601 88 27 colony,
501 614 30 3 —
532 602 80 20 thanks
629 606 22 18 to

69 626 129 27 the'energy
209 626 44 21 and
261 626 85 23 indefat
353 626 64 27 gable
424 635 157 19 perseverance
589 629 63 21 evin-

70 652 39 21 ced
119 654 30 26 by
160 652 37 21 the
208 653 104 21 founders
322 654 42 21 and
375 657 123 23 promoters
508 654 25 21 of
544 654 36 22 the
595 654 56 22 New

68 678 100 23 Zealand
179 679 120 28 Company,
311 680 44 21 and
365 680 43 22 Mr.
421 680 89 23 Gibbon
528 680 123 23 Wakeileld

66 706 23 21 in
100 705 125 27 particular.

96 734 20 21 It
126 733 18 20 is
155 732 172 26 acknowledged
338 739 54 15 even
403 732 29 27 by
449 732 62 24 those
528 733 48 22 who
592 734 58 22 from

69 757 36 22 the
115 758 123 26 beginning
247 758 56 21 have
315 758 74 22 shown
399 759 131 22 themselves
538 764 55 17 most
604 761 47 21 vio-

66 784 47 21 lent
123 791 124 21 opponents
255 789 21 16 to
285 785 37 21 the
331 792 37 15 use
376 785 25 21 of
406 785 54 22 New
469 786 98 21 Zealand
574 786 75 28 hemp,

66 810 47 22 that
130 819 13 13 a
158 818 53 19 rope
228 811 64 21 made
309 811 26 22 of
348 811 41 22 this
400 813 106 26 material,
519 812 62 22 when
593 821 56 14 even

59 836 4 9 r
66 837 40 21 but
114 837 151 27 indifferently
276 838 95 23 dressed,
390 838 50 26 will,
458 847 29 13 on
498 840 55 26 trial,
572 840 54 21 bear
638 850 11 12 a

64 863 157 27 considerably
229 868 88 22 greater
327 866 66 20 strain
409 865 77 22 before
501 866 76 26 giving
593 874 56 20 way,

64 889 54 22 than
129 897 14 14 a
153 896 53 20 rope
217 890 26 21 of
249 890 66 26 equal
324 892 51 24 size,
388 892 169 22 manufactured
572 893 26 20 of
612 893 38 22 the

65 922 54 21 very
129 916 51 21 best
190 915 94 24 Russian
302 916 74 27 hemp.
404 916 54 22 This
476 919 156 25 comparative!
638 928 9 15 y

63 943 101 26 superior
179 942 100 27 strength
296 943 27 20 of
337 943 36 22 the
390 943 55 22 New
464 944 99 21 Zealand
582 944 67 29 hemp

64 976 53 15 over
126 976 104 14 common
241 969 75 27 hemp,
335 969 40 22 has
390 970 57 21 been
465 972 138 21 ascertained
619 972 30 27 by

63 996 88 22 various
160 996 156 27 experiments,
325 1000 39 19 not
372 996 51 28 only
430 996 30 28 by
468 998 84 26 private
559 998 88 28 parties,

63 1022 40 21 but
113 1023 30 26 by
155 1021 37 22 the
201 1023 62 31 royal
274 1030 66 19 navy.

92 1049 26 21 In
140 1050 59 25 1828,
221 1049 36 21 the
277 1049 71 21 Lords
367 1049 182 23 Commissioners
568 1051 25 22 of
610 1055 38 18 tr>e

57 1078 4 4 '
64 1075 129 26 Admiralty
218 1082 54 16 gave
299 1076 125 25 directions,
435 1080 24 17 to
479 1076 36 22 the
541 1078 108 26 principal

64 1102 86 21 officers
162 1101 26 21 of
204 1101 120 22 Woolwich
336 1102 62 21 Djck
409 1102 67 27 Yard,
496 1104 32 20 for
545 1103 34 22 the
597 1105 51 21 trial

64 1127 25 22 of
96 1128 36 21 the
143 1128 93 27 positive
245 1128 101 27 strength
357 1129 25 21 of
389 1129 35 21 the
435 1129 56 21 fibre
506 1129 26 22 of
544 1129 37 22 the
592 1130 57 22 New

64 1154 100 22 Zealand
179 1154 72 27 hemp,
269 1155 119 27 compared
405 1159 21 17 to
444 1155 49 22 that
507 1156 26 21 of
547 1157 35 20 the
599 1157 50 22 best

64 1181 96 21 Russian
171 1181 73 27 hemp.
275 1181 26 21 In
313 1181 136 28 compliance
468 1182 51 21 with
536 1183 59 22 these
612 1184 36 21 in-

63 1209 128 21 structions,
201 1208 57 21 bolts
268 1208 26 20 of
301 1216 52 19 rope
370 1216 53 14 were
440 1208 46 22 laid
501 1216 30 21 up
549 1209 50 22 with
617 1210 30 21 all

63 1235 96 26 possible
171 1242 54 14 care,
247 1234 37 22 the
296 1242 42 14 one
349 1235 25 21 of
381 1235 35 21 the
426 1234 49 22 first
484 1236 106 27 material,
609 1237 38 21 the

63 1260 63 22 other
136 1261 27 21 of
171 1261 36 21 the
218 1261 70 26 latter,
301 1261 44 21 and
356 1261 50 27 they
418 1268 57 15 were
485 1262 53 22 both
554 1263 93 22 submit-

63 1287 36 21 ted
111 1292 20 16 to
144 1287 37 21 the
193 1294 39 14 uui
241 1287 13 21 >1
266 1292 43 16 test
319 1295 27 14 on
358 1287 35 22 the
404 1287 50 22 13th
473 1289 93 26 August,
585 1291 60 26 1828,

62 1313 22 21 in
96 1314 36 20 the
144 1320 105 20 presence
260 1314 25 20 of
294 1314 36 21 the
339 1314 83 22 oJTieers
430 1315 26 21 of
461 1315 37 21 the
508 1317 137 26 Dock-yard.

62 1339 47 22 The
118 1339 116 28 following
242 1341 81 21 results
332 1348 56 14 were
399 1341 116 22 obtained:
518 1355 30 3 —

482 1377 45 14 tons.
539 1377 39 15 cwt.
590 1376 34 17 lbs.

88 1394 21 21 A
124 1395 21 24 ii
158 1393 51 21 inch
222 1393 72 22 tarred
305 1401 59 20 rope,
379 1394 64 22 made
462 1395 27 21 of

115 1422 96 20 ilussian
240 1420 73 27 hemp,
342 1421 67 21 broke
428 1426 24 16 at
472 1430 12 13 a

115 1454 16 14 si
136 1447 48 21 rain
196 1447 25 21 of
498 1451 12 19 3
551 1451 13 19 8
590 1451 29 20 40

89 1474 21 21 A
120 1475 13 19 4
148 1473 51 21 inch
216 1473 71 21 tarred
303 1481 59 19 rope,
382 1474 62 21 made
462 1475 26 21 of

114 1500 57 21 New
181 1499 98 21 Zealand
290 1499 72 28 hemp,
374 1505 23 15 at
496 1503 12 19 5
538 1503 26 20 10
604 1504 14 20 0

88 1534 27 20 So
126 1533 50 20 that
187 1532 35 21 the
232 1539 52 20 rope
294 1533 45 21 laid
350 1533 25 21 of
388 1533 54 21 New
453 1534 100 22 Zealand
569 1535 73 28 hemp,

61 1559 83 27 though
156 1565 42 14 one
209 1563 88 23 quarter
308 1560 26 20 of
339 1567 28 14 an
379 1560 49 21 inch
438 1561 89 22 smaller
536 1562 51 21 than
597 1562 49 22 that

60 1586 25 21 of
94 1586 94 21 Russian
199 1586 72 26 hemp,
283 1586 53 21 bore
346 1588 12 19 2
374 1590 48 17 tons
438 1588 47 21 and
501 1590 39 19 184
555 1588 47 27 lbs.,
619 1597 25 14 or

59 1613 67 21 about
136 1614 28 19 60
174 1619 38 19 per
222 1617 56 16 cent,
291 1620 61 14 move
363 1613 52 22 than
431 1613 37 22 the
485 1614 71 22 latter.
586 1616 22 21 It
625 1616 19 21 is

59 1644 45 22 not,
116 1638 116 27 therefore,
245 1639 87 26 against
341 1640 37 21 the
394 1641 93 25 positive
505 1642 99 26 strength
621 1643 27 21 of

59 1666 36 21 the
106 1666 56 21 New
172 1665 99 24 Zealand
289 1665 67 28 hemp
374 1666 47 22 that
437 1668 123 26 objections
576 1669 67 22 could

57 1693 27 21 be
95 1692 79 21 raised.

86 1719 44 21 But
139 1719 18 20 it
166 1718 39 21 has
216 1718 55 21 been
282 1719 49 21 said
341 1719 46 21 that
397 1727 64 20 ropes
478 1721 25 21 of
517 1721 41 22 thi3
574 1722 68 28 hemp

57 1746 50 26 give
118 1752 49 19 way
178 1750 22 15 at
210 1745 35 21 the
257 1750 60 22 parts
327 1746 70 21 which
407 1754 36 14 are
454 1748 62 21 often
526 1748 59 27 bent,
597 1750 45 21 and

59 1772 46 22 that
114 1772 53 26 they
178 1772 67 21 break
255 1778 23 15 at
289 1772 37 21 the
338 1773 12 10 '"
447 1774 53 22 Tiiis
510 1775 17 21 is
538 1776 102 27 poss.ble,

58 1800 121 26 supposing
190 1798 35 21 the
242 1798 68 27 hemp
326 1803 21 18 to
364 1800 55 21 have
435 1800 59 22 been
512 1806 37 17 cut
565 1802 76 23 before

59 1825 35 22 the
105 1825 60 27 right
174 1832 84 19 season,
271 1825 72 22 wh:ch
353 1826 18 21 is
381 1826 127 28 frequently
525 1828 36 21 the
577 1837 63 19 case;

57 1859 25 14 or
92 1852 47 21 that
149 1855 18 18 it
176 1851 38 22 has
224 1852 56 21 been
298 1853 133 27 improperly
449 1853 96 22 dressed.
573 1855 66 28 Now,

56 1879 56 21 from
123 1885 69 20 many
206 1879 149 29 experiments
372 1879 62 22 made
452 1880 29 26 by
499 1882 79 26 parties
595 1883 45 21 dis-

56 1906 67 47 Eojed
134 1912 22 14 to
165 1912 50 19 give
226 1912 12 13 a
254 1905 21 21 fa
284 1912 10 14 r
311 1906 49 21 trial
378 1909 20 18 to
416 1906 42 21 this
476 1906 72 28 hsinp,
567 1908 17 22 it
599 1909 41 22 has

73 1939 37 14 -en
122 1931 84 28 proved
216 1931 87 27 beyond
315 1939 13 14 a
337 1932 74 27 doubt,
427 1933 50 22 that
485 1934 105 26 provided
601 1936 39 22 the

56 1958 65 27 hemp
141 1959 28 20 be
189 1962 36 17 cut
242 1965 23 14 m
285 1965 86 16 propeii
391 1967 55 14 timk
463 1961 44 21 and
523 1969 116 16 properly

57 1992 105 17 dressed,
175 1983 36 21 the
222 1990 63 20 lopes
295 1985 65 21 made
372 1986 51 20 with
433 1986 24 26 it,
471 1986 61 21 when
544 1988 53 21 used
607 1996 30 13 on

54 2011 69 21 board
133 2010 51 26 ship
194 2017 24 14 or
228 2010 124 27 elsewhere,
371 2011 55 22 have
437 2012 122 28 invariably
576 2021 63 16 worn

55 2037 55 26 well,
121 2036 46 22 and
178 2037 28 26 by
216 2037 146 26 comparison,
384 2045 27 14 at
423 2046 69 16 least
508 2047 24 13 as
550 2040 46 22 well
614 2048 25 15 as

54 2071 63 20 ropes
127 2063 66 22 made
203 2063 56 21 from
270 2063 71 22 Baltic
352 2064 72 31 hemp.

83 2091 27 21 In
120 2094 91 23 support
221 2089 26 21 of
253 2090 29 20 all
294 2090 48 22 that
358 2091 39 21 has
412 2091 58 25 beep
487 2092 70 22 stated
574 2100 23 15 as
614 2098 24 17 to

54 2117 36 21 the
101 2117 85 26 facility
195 2116 26 21 of
228 2117 119 27 procuring
356 2117 66 28 hemp
432 2117 58 24 from
510 2119 54 25 New
581 2120 58 22 Zea-

53 2143 60 27 land,
124 2143 47 22 and
180 2143 22 21 in
215 2143 35 21 the
259 2150 97 19 greatest
365 2144 138 28 ab.m.lance,
522 2153 23 14 as
555 2147 46 21 well
614 2155 25 14 as

54 2174 23 18 to
87 2171 36 21 the
134 2169 146 23 suitableness
291 2171 26 20 of
325 2170 40 22 this
376 2171 76 24 article
462 2179 24 14 as
496 2180 12 13 a
519 2173 118 22 substitute

54 2197 33 21 for
99 2197 71 21 Baltic
180 2195 65 28 hemp
255 2197 44 21 and
310 2197 51 26 flax,
373 2204 38 18 we.
414 2205 52 20 may
476 2199 27 20 be
513 2199 91 23 allowed
615 2206 23 16 to

54 2228 65 23 quote
137 2224 38 20 the
192 2223 89 26 opinion
299 2224 26 20 of
338 2231 13 13 a
366 2224 128 26 gentleman
512 2226 48 21 who
571 2234 42 14 was
625 2235 14 14 a

53 2250 97 22 resident
160 2249 80 27 during
249 2250 78 26 nearly
343 2250 100 22 fourteen
461 2259 64 19 years
541 2253 23 21 in
581 2253 57 22 New

53 2277 106 24 Zealand,
162 2288 30 4 —
194 2283 31 14 we
235 2284 66 14 mean
313 2277 70 21 Lieut.
395 2277 45 22 Me.
452 2279 99 22 Donnell
567 2280 26 21 of
599 2280 38 23 the

53 2304 71 27 Royal
134 2303 66 26 Navy
208 2311 4 12 :—:
214 2315 30 4 —
650 2309 2 29 j

160 2335 45 21 flax
215 2336 62 26 plant
391 2345 49 19 says
451 2337 43 22 this
501 2338 134 29 gentleman,

113 2362 52 21 wild
181 2362 129 22 luxuriance
327 2363 134 27 throughout
479 2364 36 22 the
531 2366 60 21 three
607 2367 30 21 is-

53 2390 64 21 lands
127 2390 26 20 of
162 2388 53 21 New
226 2389 106 22 Zealand.
362 2390 59 21 With
431 2392 109 22 attention
552 2393 50 30 paid
612 2397 24 18 to

54 2417 37 20 the
102 2417 87 24 cutting
198 2415 25 21 of
236 2418 35 19 the
289 2416 52 27 flax,
361 2418 22 21 in
401 2417 36 22 the
455 2425 79 21 proper
549 2427 86 19 season,

53 2443 43 21 and
108 2449 102 15 common
223 2449 48 14 care
282 2443 52 26 paid
344 2447 22 18 to
375 2444 27 21 its
413 2444 137 28 cultivation,
571 2446 10 21 I
592 2446 45 22 feel

52 2468 125 23 convinced
188 2468 24 21 of
218 2473 27 17 .ts
255 2470 130 27 superiority
397 2477 53 15 over
459 2470 48 24 that
517 2472 24 21 of
555 2472 82 22 Russia

52 2496 45 21 and
109 2494 100 23 Manilla.
239 2495 21 21 It
276 2503 109 24 possesses
400 2497 28 22 all
440 2497 39 22 the
489 2498 115 29 flexibility
613 2500 27 21 of

53 2522 36 22 the
100 2523 83 21 former
184 2533 29 5 —
215 2521 16 22 it
240 2522 18 21 is
268 2522 47 22 free
326 2523 55 22 from
393 2523 35 22 the
440 2525 55 30 wiry
512 2525 125 23 bnttleness

52 2550 25 21 of
85 2549 35 21 the
130 2549 73 21 latter.
229 2548 9 22 I
250 2555 41 15 can
301 2549 56 22 have
368 2557 28 14 no
406 2550 118 23 hesitation
533 2552 22 21 in
567 2559 70 15 asser-

52 2577 47 25 ting
117 2576 50 21 that
187 2574 119 23 thousands
326 2576 25 21 of
366 2580 49 18 tons
433 2578 26 20 of
476 2577 43 22 this
534 2578 102 23 valuable
642 2580 3 3 '

51 2602 75 22 article
138 2601 27 22 of
169 2607 122 16 commerce
299 2609 51 21 may
358 2603 27 21 be
393 2603 92 27 shipped
494 2604 143 29 offannually
649 2601 2 33 j

51 2628 57 22 from
118 2628 58 21 New
187 2627 98 22 Zealand
294 2633 22 16 to
325 2630 35 20 the
369 2630 86 21 mother
463 2635 101 23 country.
588 2633 49 21 Nor

52 2655 28 22 d;>
91 2656 9 20 I
111 2658 72 18 assert
189 2653 41 22 this
238 2655 84 27 merely
331 2655 54 22 from
393 2663 37 21 my
438 2664 50 15 own
497 2658 138 23 observation

52 2682 45 21 and
106 2680 131 27 knowledge
247 2681 26 20 of
279 2681 39 22 the
328 2687 99 23 country,
438 2683 42 22 but
499 2684 9 21 I
520 2691 35 15 am
566 2685 70 22 borne
649 2685 2 18 !

52 2713 38 16 out
99 2708 29 27 by
144 2707 39 22 the
198 2707 143 24 information
361 2709 9 22 I
388 2709 56 23 have
461 2711 101 22 received
578 2712 57 22 from

52 2735 84 22 several
158 2734 26 22 of
197 2734 36 21 the
251 2734 70 23 chiefs
340 2735 43 24 and
400 2736 125 27 intelligent
540 2738 94 28 natives,

52 2762 51 21 wiih
124 2761 72 21 whom
219 2761 7 20 I
244 2761 57 21 have
320 2763 119 24 conversed
456 2771 29 13 on
496 2764 36 21 the
542 2765 93 27 subject.

52 2788 11 22 I
76 2795 48 20 may
135 2787 70 27 safely
216 2795 38 19 say
265 2788 49 22 that
324 2788 54 22 New
387 2789 54 22 Zeal
449 2790 38 21 .nd
503 2791 65 22 could
583 2799 53 21 sup-

51 2816 37 26 ply
108 2814 28 21 all
156 2814 42 21 Em
203 2821 40 20 ope
261 2815 52 21 with
331 2823 55 14 ease.
416 2816 50 21 Fair
482 2817 50 27 play
548 2818 38 21 has
595 2823 41 17 not

51 2842 113 26 generally
186 2841 53 21 been
256 2841 68 26 given
341 2846 21 17 to
381 2842 35 21 the
433 2842 46 22 flax
496 2848 49 17 sent
560 2844 74 23 home.

52 2870 41 19 Cut
103 2868 37 21 the
151 2867 63 28 plant
224 2872 22 16 at
256 2868 37 21 the
310 2868 59 27 right
384 2876 86 20 season,
489 2870 31 22 let
536 2870 36 22 the
588 2872 47 22 fl.ix

50 2895 28 22 be
88 2895 69 25 dried,
170 2894 106 27 carefully
285 2895 86 26 packed
378 2896 21 21 in
408 2896 88 27 lengths
504 2897 44 22 and
557 2905 66 15 screw

51 2921 33 26 ed,
103 2922 52 21 then
176 2920 35 23 the
228 2922 131 27 superiority
376 2922 26 21 of
414 2922 37 22 the
470 2923 54 22 New
535 2924 100 23 Zealand

50 2948 66 27 hemp
127 2954 54 15 over
191 2947 47 22 that
247 2948 26 21 of
280 2948 87 27 Europe
378 2948 42 23 w.ll
429 2950 28 21 be
468 2950 109 27 manifest,
588 2952 47 21 and

50 2975 37 22 the
98 2973 125 29 prejudices
232 2973 49 22 that
290 2982 56 15 once
357 2976 83 26 existed
451 2976 45 24 will
505 2977 77 23 vanish
599 2979 36 23 for

49 3009 57 14 ever.
546 3013 3 3 ■
646 3002 3 27 j

100 3027 38 22 All
150 3027 38 21 the
197 3027 105 26 standing
318 3028 44 21 and
378 3032 48 23 part
444 3029 26 21 of
483 3029 37 22 the
536 3030 99 28 running

49 3055 87 26 rigging
146 3053 27 22 of
180 3053 36 21 the
227 3054 34 21 Sir
271 3054 88 27 George
370 3055 100 27 Murray,
481 3063 13 14 a
503 3056 49 28 ship
562 3057 24 21 of
592 3058 43 21 400

49 3085 56 22 tons,
127 3080 119 26 belonging
266 3084 21 17 to
307 3081 85 27 myself,
414 3089 43 14 was
477 3082 45 22 laid
536 3090 29 20 up
575 3084 58 21 from

49 3108 54 21 New
115 3107 99 21 Zealand
225 3107 43 21 flax
276 3115 4 17 ;
297 3107 19 21 it
325 3108 43 21 had
378 3108 55 21 been
445 3115 54 15 over
512 3109 36 21 the
565 3115 69 16 mast-
646 3114 2 7 '

48 3134 67 21 heads
125 3135 36 20 for
171 3133 76 27 neaily
258 3133 62 22 three
331 3142 70 19 years.
431 3135 11 20 I
459 3142 42 14 can
519 3139 55 18 state
585 3136 49 21 that

47 3161 71 23 better
133 3167 54 20 rope
198 3167 67 14 never
281 3161 89 21 crossed
385 3168 14 14 a
416 3160 48 29 ship
473 3169 10 14 s
500 3162 132 21 mast-head.

49 3187 10 21 I
71 3187 54 21 have
137 3187 148 26 experienced
295 3194 60 14 some
374 3194 52 20 very
444 3188 71 27 heavy
532 3188 60 27 gales
608 3189 25 22 in

47 3213 38 22 the
96 3214 33 22 Sir
147 3213 88 27 George
253 3213 99 27 Murray,
371 3215 160 26 consequently
541 3215 37 22 the
588 3215 45 27 rig-

47 3241 53 26 ging
111 3240 44 22 had
165 3240 55 20 been
233 3240 47 21 well
291 3241 56 21 tried
354 3248 4 13 :
376 3240 62 22 when
459 3241 64 21 lifted
532 3242 44 21 and
593 3249 39 14 ex-

48 3267 96 26 amined,
165 3267 19 20 it
201 3274 42 13 wis
259 3267 77 26 found,
355 3267 89 26 barring
459 3267 68 27 being
543 3268 90 28 slightly-

48 3293 85 23 chafed,
146 3299 25 15 as
186 3293 56 25 good
252 3300 24 14 as
295 3293 63 22 when
376 3293 47 22 first
438 3298 41 22 put
496 3302 59 14 over.
583 3295 49 24 The

46 3321 98 25 running
155 3319 87 26 rigging
252 3326 58 15 wore
321 3321 159 26 uncommonly
491 3321 55 21 well.
576 3321 54 22 Cor-

48 3346 56 27 dage
113 3345 47 22 and
178 3345 147 27 fishing-lines
342 3347 63 21 made
423 3347 57 21 from
499 3347 58 27 good
574 3348 57 21 New

48 3373 100 21 Zealand
166 3371 66 27 hemp
258 3372 57 22 have
339 3373 82 27 proved
438 3373 37 22 far
493 3382 60 14 more
579 3374 53 22 dur-

46 3399 49 22 able
107 3399 53 21 than
173 3405 43 20 any
225 3399 64 23 made
300 3399 57 22 from
369 3400 116 27 European

75 3432 40 21 We
124 3439 41 15 can
174 3431 96 22 likewise
278 3432 59 21 refer
345 3437 21 16 to
374 3440 13 13 a
395 3437 47 23 part
451 3433 26 21 of
482 3433 36 22 the
526 3433 105 22 evidence

45 3466 65 24 £iven
122 3458 76 22 before
207 3465 12 14 a
228 3462 125 18 committee
362 3460 24 19 of
392 3460 34 21 the
437 3460 77 22 Hou>e
523 3460 25 21 of
554 3460 76 26 L.irds,

46 3493 24 14 in
89 3487 60 25 littH,
169 3484 28 27 by
216 3489 40 16 two
275 3490 126 22 competent
414 3486 89 30 j.idg^s,
522 3494 22 13 as
562 3492 21 16 to
594 3486 37 22 the

47 3512 99 27 strength
167 3510 44 22 and
230 3510 120 28 durability
367 3513 25 20 of
407 3518 37 15 tne
466 3513 54 21 New
531 3513 99 22 Zealand

47 3538 72 27 hemp.
155 3537 47 21 The
223 3537 45 22 first
289 3538 26 20 of
332 3539 58 21 those
409 3539 127 27 gentlemen
558 3540 73 21 whose

47 3565 106 20 evidence
175 3571 30 13 we
226 3564 23 21 sh
258 3564 22 21 ill
301 3571 73 21 quore,
395 3566 17 20 is
432 3566 93 26 Captain
548 3566 84 22 Robert

47 3591 97 27 Ficzroy,
157 3590 26 21 of
191 3590 34 21 the
238 3591 70 26 Itoyd
320 3590 71 28 Navy,
404 3591 48 21 who
463 3592 44 21 had
519 3592 35 21 the
569 3600 61 14 com-

48 3617 67 22 mand
126 3616 65 21 ofhis
198 3617 117 26 Majesty's
323 3617 47 27 ship
379 3618 110 26 ''Be..gle,
502 3619 3 6 '
515 3619 117 27 employed

48 3643 80 27 during
139 3643 38 21 the
188 3650 63 19 years
262 3645 24 18 of
295 3644 25 20 18
327 3645 19 19 35
364 3644 43 20 and
419 3645 53 20 1336
482 3651 28 14 mi
522 3644 37 23 the
569 3650 62 17 coast

47 3670 26 21 of
81 3670 53 21 New
145 3668 107 22 Zealand.
282 3669 92 28 Captain
385 3669 90 28 Fitzroy
484 3678 43 14 was
532 3671 67 22 asked
600 3684 31 4 —

95 3702 66 22 Have
171 3709 44 19 you
226 3709 51 14 ever
287 3702 43 21 had
341 3710 29 13 an
379 3704 148 27 opportunity,
538 3711 24 14 as
570 3712 60 14 com-

47 3730 92 21 mander
160 3728 27 21 of
202 3736 43 19 any
263 3729 26 20 of
301 3729 49 23 Her
368 3729 114 27 Majesty's
501 3731 86 26 vessels,
608 3731 24 21 of

45 3754 150 27 ascertaining
215 3755 36 21 the
271 3756 86 26 quality
377 3756 25 21 of
417 3763 53 20 rope
489 3757 64 22 made
572 3757 57 23 from

46 3783 55 21 New
111 3781 101 23 Zealand
222 3782 44 21 flax
272 3782 9 21 ?

96 3809 10 21 I
117 3809 58 21 have
183 3815 5 19 ;
204 3808 10 21 I
233 3808 57 21 have
301 3808 56 22 used
365 3808 18 21 it
392 3808 33 22 for
435 3808 63 22 three
507 3816 64 21 years
580 3817 50 15 suc-

44 3835 116 27 cessively.

73 3862 14 10 •'
94 3862 69 21 What
174 3860 17 21 is
200 3867 56 19 your
266 3861 91 27 opinion
369 3861 25 21 of
402 3861 29 22 it?

119 3887 67 22 think
196 3887 46 21 that
252 3887 19 20 if
278 3892 18 17 it
306 3894 56 15 were
379 3895 117 14 property
513 3888 115 23 manufac-

43 3915 70 27 tured,
124 3915 19 22 it
153 3913 73 23 would
235 3913 66 24 make
312 3921 53 21 very
374 3914 58 26 good
441 3921 55 21 rope
502 3923 5 19 ;
525 3915 39 23 but
579 3915 51 23 that

684 128 61 23 there
754 130 19 21 is
783 137 61 15 some
854 130 74 22 defect
936 130 23 22 in
970 130 38 22 the
1019 137 48 21 way
1076 130 25 22 in
1110 130 73 22 which
1193 131 18 21 it
1226 131 38 22 has

683 156 57 21 been
752 156 175 27 manufactured,
938 157 33 21 for
979 157 20 21 it
1007 156 80 23 breaks
1093 157 25 21 in
1130 156 39 22 the
1188 156 75 28 'nips,'

686 181 82 27 though
779 182 17 21 it
806 189 69 15 wears
884 191 14 14 a
907 190 53 20 very
967 182 55 28 long
1034 184 53 21 time
1103 183 25 22 in
1145 190 14 15 a
1174 183 91 27 straight

683 208 55 26 line;
754 212 45 24 yet,
811 216 22 15 as
844 208 36 22 the
891 210 85 21 natives
985 217 40 14 use
1035 209 18 22 it
1061 209 35 22 for
1104 213 51 18 nets
1166 208 59 23 three
1241 217 24 15 or

684 234 49 22 foxir
741 234 97 23 fathoms
848 235 62 28 deep,
922 236 44 21 and
975 236 127 21 sometimes
1115 238 44 19 two
1170 243 24 14 or
1204 236 59 22 three

683 261 100 22 hundred
793 262 96 21 fathoms
898 262 24 21 in
940 262 83 27 length,
1041 262 46 21 and
1102 262 18 21 it
1135 262 53 21 lasts
1205 262 56 22 them

684 294 66 20 many
759 295 71 19 years,
841 288 62 21 there
912 292 59 18 must
979 288 74 26 surely
1063 288 28 21 be
1101 295 62 14 some
1178 295 47 20 way
1241 288 26 22 of

683 315 117 26 preparing
808 314 99 22 it.which
917 314 75 21 would
999 313 65 23 make
1073 315 19 21 it
1105 314 109 23 available
1228 315 35 21 for

684 347 59 25 rope.

731 365 64 23 Have
814 374 44 19 you
876 367 71 21 found
965 365 49 23 that
1029 366 38 22 the
1083 374 55 19 rope
1153 367 109 22 increases

683 392 64 22 much
757 393 23 21 in
790 395 52 24 size,
854 393 45 21 and
908 394 105 21 becomes
1023 400 53 20 very
1086 393 59 21 stiff?

730 426 36 21 No
772 433 6 19 ;
794 426 10 21 I
816 424 56 23 liave
881 429 41 18 not
930 426 71 22 found
1009 426 48 21 that
1072 426 72 21 effect.
1174 426 21 21 It
1211 425 51 22 does

682 455 38 18 not
739 452 78 22 absorb
835 452 38 22 the
883 456 68 18 water
964 452 47 22 like
1027 452 76 27 hemp;
1120 459 45 20 you
1182 458 79 15 cannot

682 478 63 21 make
757 478 57 22 what
823 478 77 22 sailors
910 479 42 22 call
961 478 70 22 swabs
1040 479 72 27 (mops
1120 480 35 19 for
1162 478 101 28 cleaning

682 504 36 22 the
727 504 76 28 decks)
812 513 4 16 ;
832 505 40 22 but
882 512 24 15 as
917 505 36 22 the
963 506 86 21 natives
1065 504 66 22 make
1148 511 54 21 very
1219 505 42 21 line

681 531 92 27 cordage
793 532 25 21 of
833 532 30 21 all
880 532 72 26 kinds,
969 539 38 20 my
1025 532 130 26 impression
1172 532 25 24 is,
1216 531 44 22 that

681 556 60 23 there
752 559 16 20 is
779 565 58 14 some
846 565 82 15 defect
936 566 23 13 in
968 565 46 14 our
1020 565 48 14 way
1079 557 26 22 of
1112 558 149 21 manufactur-

680 584 38 26 ing
727 584 27 26 it;
770 584 69 22 either
849 585 37 21 the
896 584 63 28 plant
967 584 18 22 is
997 588 37 18 cut
1044 588 23 17 at
1082 591 14 14 a
1114 591 77 19 wrong
1207 584 51 22 time

680 610 26 21 of
720 610 37 22 the
775 618 59 20 year,
854 611 73 21 which
938 611 35 21 the
992 611 85 21 natives
1094 610 94 28 perhaps
1204 610 55 23 have

680 640 39 18 not
729 637 46 22 told
784 645 32 19 us,
828 645 25 14 or
861 638 18 21 it
888 638 18 21 is
917 645 43 14 not
977 637 90 22 worked
1083 644 30 20 up
1130 633 50 25 well
1195 637 65 22 after-

706 696 46 22 The
762 697 63 21 other
833 697 136 28 gentleman,
983 697 44 22 Mr.
1037 696 92 23 Charles
1146 696 110 28 Endarby,

680 722 36 22 the
725 723 58 21 head
792 724 26 20 of
825 731 13 13 a
847 723 49 23 firm
914 724 103 27 carrying
1033 731 29 14 on
1079 730 15 14 a
1108 723 151 23 considerable

680 749 61 21 trade
750 750 23 21 in
788 750 37 21 the
842 750 70 22 South
929 751 42 21 Sea
987 751 107 25 fisheries,
1111 750 149 22 corroborates

679 776 29 31 by
718 776 33 21 his
760 776 105 22 evidence
876 777 37 21 the
924 780 120 18 statement
1053 776 64 22 made
1128 777 29 26 by
1169 777 88 26 Captain

679 802 95 27 Fitzrby.
804 803 26 21 In
840 803 36 21 the
884 810 76 15 course
968 803 27 21 of
999 803 33 21 h.s
1040 803 137 21 examintion
1186 803 72 21 before

680 828 35 22 the
727 829 75 22 Lords'
814 830 130 27 Commitee,
963 829 38 22 the
1016 829 115 27 following
1148 836 110 21 quesaui-s

679 863 55 13 were
745 860 40 23 put
795 860 21 17 to
826 856 47 22 him
879 864 4 14 :
886 868 31 5 —

771 897 45 18 you
826 890 105 21 conceive
942 889 48 21 that
1004 889 36 21 the
1055 889 112 26 objection
1185 892 22 17 to
1223 889 35 22 the

678 914 54 21 New
743 915 99 21 Zealand
850 915 45 21 flax
901 915 40 21 has
949 915 72 21 arisen
1028 915 58 21 from
1094 915 36 21 the
1138 915 119 28 inferiority

678 941 25 20 of
711 941 35 21 the
757 941 82 27 article,
852 949 24 14 or
886 946 22 17 to
919 942 27 21 its
955 941 84 27 having
1053 941 56 21 been
1127 940 68 28 badly
1211 948 42 21 pre-

677 967 81 27 pared?

765 994 84 27 having
856 995 57 21 been
925 1002 72 14 badly
1007 993 115 28 prepared.

781 1028 44 25 you
844 1022 105 21 conceive
967 1021 49 22 that
1033 1021 18 21 it
1068 1020 44 22 will
1128 1021 93 22 become
1230 1029 26 14 an

677 1047 75 21 article
762 1049 23 19 of
793 1048 153 21 considerable
956 1048 91 27 export?

726 1073 10 21 I
748 1073 55 23 have
814 1082 29 14 no
854 1075 69 21 doubt
933 1075 26 21 of
963 1075 24 21 it.

774 1108 51 19 you,
846 1101 22 21 in
885 1108 56 20 your
957 1101 57 26 firm,
1033 1100 66 23 make
1115 1108 40 14 use
1172 1101 25 21 of
1204 1101 52 22 New

676 1125 99 23 Zealand
785 1127 58 21 flax?

726 1153 38 21 We
775 1152 38 28 do;
830 1160 32 15 we
872 1153 73 28 prefer
954 1154 17 22 it
981 1158 23 18 to
1015 1154 94 22 Russian
1120 1153 75 28 hemp.

724 1180 46 21 Can
781 1187 44 20 you
833 1184 39 23 get
880 1181 18 21 it
907 1181 67 21 much
985 1181 94 27 cheaper
1089 1181 54 21 than
1155 1181 36 21 the
1203 1181 53 23 Rus-

676 1206 46 22 sian
731 1206 79 28 hemp?

726 1233 19 21 It
754 1238 57 17 costs
818 1241 26 14 us
852 1233 42 22 less
903 1233 52 22 than
964 1233 38 23 the
1009 1233 94 23 Russian
1108 1233 69 29 hemp

702 1266 41 21 We
753 1266 55 22 have
819 1267 71 22 stated
901 1267 47 22 that
964 1267 104 27 England
1084 1268 19 21 is
1114 1268 95 28 entirely
1220 1269 35 21 de-

675 1293 98 26 pendent
783 1301 63 20 upon-
852 1294 86 26 foreign
948 1301 84 20 powers
1039 1294 34 21 for
1089 1294 40 21 her
1146 1296 78 26 supply
1234 1297 24 20 of

675 1318 52 23 both
734 1319 67 28 hemp
812 1320 44 21 and
866 1320 51 26 flax,
929 1320 44 21 and
983 1320 47 22 that
1039 1321 36 21 the
1082 1325 98 23 greatest
1187 1329 67 20 quan-

675 1346 40 27 tity
725 1353 18 14 is
753 1346 108 27 imported
872 1347 57 21 from
946 1347 86 22 Russia.
1062 1348 34 30 By
1106 1348 39 21 the
1156 1348 96 22 Custom-

675 1372 67 22 house
752 1377 94 23 returns,
865 1374 123 26 beginning
998 1374 58 21 from
1073 1372 36 23 the
1126 1382 53 19 year
1196 1377 56 25 1835,

674 1400 56 21 until
741 1400 36 21 the
849 1400 25 21 of
882 1400 133 27 November,
1027 1402 59 25 1839,
1103 1407 33 16 we
1153 1401 46 23 find
1210 1402 44 22 that

675 1426 37 21 the
722 1430 92 17 amount
824 1427 26 20 of
855 1426 67 28 hemp
933 1427 111 26 imported
1053 1428 24 26 is,

840 1460 52 17 Cwts.
1018 1461 52 16 Cwts.

715 1479 26 17 for
750 1480 39 16 1835
800 1488 21 4 —
831 1480 69 18 087,558
911 1481 21 15 of
937 1480 57 16 which
1006 1482 68 17 610,518
1085 1481 46 17 from
1140 1481 72 17 Russia.

750 1501 39 16 1836
800 1508 21 4 —
831 1501 70 17 586,032
1006 1501 69 17 556,458
1108 1501 52 16 ditto.

750 1521 39 15 1837
799 1529 22 3 —
832 1521 66 18 773,621
1005 1521 69 18 591,674
1117 1521 29 15 do.

750 1541 40 16 1838
800 1549 21 4 —
833 1541 67 18 730,375
1005 1542 68 17 580,y»9
1117 1541 29 16 do.

673 1562 47 16 llm.
726 1561 19 17 of
748 1562 39 16 1839
799 1569 21 4 —
832 1562 68 17 895,927
1006 1562 67 17 711,827
1117 1562 30 16 do.

734 1602 22 17 In
765 1602 30 20 all,
804 1604 85 17 3,673,513
895 1603 20 16 of
917 1602 57 17 which
980 1604 86 17 3,031,576
1072 1602 45 17 from
1123 1602 67 17 Russia
1197 1604 54 16 alone.

672 1630 38 16 The
717 1630 73 21 imports
799 1631 19 15 of
823 1630 37 16 flax
867 1631 36 16 and
911 1633 41 16 tow,
960 1630 66 21 during
1033 1631 30 16 the
1071 1635 49 12 same
1127 1631 67 20 period,
1203 1635 47 16 were,

840 1658 53 17 Cwts.
1020 1658 52 16 Cwts.

716 1678 27 16 for
751 1678 62 16 1835—
833 1679 70 18 740,814
914 1679 20 15 of
939 1678 58 16 which
1008 1680 69 18 438,483
1089 1678 47 17 from
1144 1679 72 17 Rassia.

750 1700 62 15 18J6—
814 1700 82 18 1,52J,115
989 1700 83 18 1,037,021
1105 1700 54 17 ditto.

750 1720 61 16 18J7—
813 1720 85 18 1,000,864
1004 1721 68 17 682,025
1115 1720 30 17 do.

750 1741 146 18 1838—1,625,276
989 1741 84 19 1.0b9,559
1116 1741 30 17 do.

671 1761 48 16 llm.
726 1760 20 17 of
750 1762 61 16 1839—
813 1762 83 17 1,138,799
1003 1762 68 18 763,862
1114 1762 29 17 do.

722 1802 22 16 In
755 1801 29 19 all,
796 1803 85 18 6,035,868
889 1802 19 17 of
913 1802 58 17 which
979 1804 86 17 4,010,950
1073 1803 46 16 from
1124 1803 67 17 Russia
1196 1804 54 16 alone.

696 1830 28 21 So
744 1829 47 22 that
816 1830 80 27 during
915 1830 36 22 the
976 1831 213 21 abjve-msntioned
1208 1831 42 22 five

668 1863 70 20 years,
750 1856 123 22 five-sixths
884 1857 26 22 of
916 1857 29 22 all
957 1856 36 22 the
1004 1857 66 27 hemp
1084 1858 111 26 imported
1206 1859 43 21 into

669 1882 43 22 this
722 1887 99 23 country,
833 1884 46 21 and
889 1884 70 21 which
969 1884 19 21 is
999 1884 80 21 almost
1094 1885 95 27 entirely
1198 1885 51 21 used

669 1909 32 22 for
712 1910 35 21 the
757 1910 109 27 shipping,
880 1917 44 14 was
931 1910 95 27 brought
1033 1910 57 22 from
1099 1911 87 27 Russia,
1197 1911 43 22 like

670 1936 50 22 wise
730 1936 124 22 two-thirds
865 1937 25 21 of
898 1937 36 22 the
944 1937 52 22 flax.

694 1963 99 27 Julfing
811 1964 56 21 from
887 1964 37 21 the
946 1967 87 18 returns
1049 1963 26 22 of
1095 1963 37 22 the
1150 1964 99 22 Cmto'n-

667 1988 75 26 house,
755 1989 80 26 du-inj
846 1990 36 20 the
892 1990 43 21 last
945 1993 83 23 twenty
1038 1997 70 19 years,
1128 1990 38 21 the
1182 1999 67 19 quan-

668 2015 40 27 tity
719 2016 25 20 of
750 2015 54 22 both
813 2016 87 21 articles
909 2016 116 28 imported,
1043 2016 39 21 has
1098 2016 151 29 considerably

666 2042 120 26 increased,

666 2068 49 16 form
723 2069 38 15 1820
769 2069 15 15 it
788 2072 38 13 was
833 2069 71 18 426,163
936 2068 60 22 hemp,
1004 2069 35 17 and
1047 2069 68 18 382,339
1123 2070 22 16 of
1149 2069 36 17 flax
1190 2070 15 16 &
1210 2072 38 17 tow,

666 2089 35 16 and
710 2089 24 16 for
744 2090 16 15 11
769 2089 74 16 months

687 2110 20 16 of
720 2111 39 15 183W
833 2110 70 19 895,227
914 2118 22 5 —
946 2110 52 19 ditto,
1003 2118 22 4 —
1029 2111 84 18 1,138,709
1121 2111 81 17 —ditt0.

694 2137 46 22 The
751 2138 70 21 whole
832 2138 26 21 of
864 2138 37 21 the
911 2138 67 27 hemp
989 2145 49 14 now
1047 2138 119 28 employed
1172 2139 34 21 for
1214 2139 34 22 the

666 2164 109 28 shipping,
787 2164 44 21 and
842 2165 37 21 the
889 2169 87 23 greater
986 2168 49 24 part
1043 2166 26 20 of
1073 2165 35 21 the
1117 2159 52 33 flax,
1180 2166 69 26 might

666 2191 27 22 be
704 2191 100 27 supplied
813 2192 29 26 by
853 2191 55 22 New
926 2192 106 26 Zealand,
1053 2192 45 21 and
1114 2196 24 17 at
1155 2200 12 13 a
1185 2200 61 14 much

666 2225 77 14 lower
754 2218 59 27 price
823 2218 53 21 than
888 2223 23 16 at
920 2222 90 23 present
1020 2218 62 26 paid;
1099 2218 50 22 thus
1160 2219 88 21 render-

665 2244 40 27 ing:
715 2244 101 27 England
826 2245 151 27 independent
987 2245 26 21 of
1018 2245 85 26 foreign
1119 2253 83 19 powrrs
1216 2246 33 22 for

665 2271 87 22 articles
761 2271 25 21 of
793 2271 54 22 such
856 2275 63 23 great
928 2272 137 26 importance
1073 2275 23 18 to
1105 2272 38 21 the
1150 2279 98 16 commu-

665 2298 48 26 nity
724 2302 22 17 at
755 2298 66 27 large,
833 2298 45 21 and
887 2298 141 27 particularly
1039 2302 22 17 to
1073 2306 39 14 our
1127 2306 66 20 navy.

694 2324 26 22 In
730 2332 152 20 consequence
893 2325 26 21 of
926 2325 36 21 the
974 2328 48 18 vast
1030 2324 143 28 importation
1180 2326 66 22 -from

665 2351 86 27 Russia,
762 2351 26 22 of
795 2351 52 22 both
858 2351 66 27 hemp
934 2352 44 21 and
995 2351 51 27 flax,
1067 2351 37 22 the
1122 2352 93 22 balance
1226 2353 24 21 of

665 2385 124 14 commerce
800 2378 52 21 with
862 2377 48 22 that
927 2378 83 27 empire
1026 2378 19 21 is
1061 2378 83 27 always
1162 2380 85 26 against

666 2404 109 27 England.
806 2404 23 21 If
835 2404 26 21 of
867 2404 29 21 all
906 2404 38 22 the
962 2405 83 26 variety
1061 2404 26 21 of
1097 2404 63 23 articl
1166 2413 19 13 .>s
1202 2406 44 21 fur-

665 2431 78 22 nished
749 2432 30 26 by
786 2431 85 26 Russia,
879 2439 33 14 we
918 2431 49 22 lake
973 2431 74 27 hemp,
1056 2430 51 27 flax,
1115 2432 44 21 and
1167 2432 79 28 tallow,

666 2465 31 14 we
716 2457 46 22 find
782 2458 48 21 that
845 2457 36 22 the
898 2465 48 14 sum
964 2458 52 26 paid
1025 2458 108 27 annually
1143 2458 34 22 for
1188 2460 22 20 th
1218 2467 28 13 -<c

665 2484 71 26 alone,
748 2488 92 18 amount
851 2489 21 16 to
882 2484 63 22 three
959 2486 65 20 times
1040 2484 38 22 the
1096 2491 49 16 sum
1162 2485 54 22 total
1225 2486 24 22 of

665 2518 41 15 our
715 2514 87 28 exports
813 2514 21 18 to
846 2510 47 22 that
900 2515 102 23 country.

692 2537 88 27 During
799 2537 35 22 the
853 2545 54 19 year
927 2539 59 25 1836,
1014 2545 40 14 our
1077 2537 94 27 imports
1190 2538 63 22 from'

665 2564 79 21 Russia
754 2571 55 14 were
811 2576 31 4 —

936 2590 22 17 £.
974 2595 14 11 s.
998 2590 17 16 d.
1073 2599 4 4 -
1140 2589 23 18 £.

726 2611 87 16 Tallow...
822 2611 83 18 1,314,085
913 2612 19 15 at
939 2612 20 15 40
980 2612 11 15 0
1002 2612 30 15 0a
1039 2612 31 15 ton
1082 2621 18 6 ...
1112 2611 87 18 2,628,170

726 2632 45 15 Flax
839 2632 67 17 802,186
914 2634 19 13 at
940 2632 19 15 4s)
971 2632 21 15 18
1002 2632 11 15 4
1029 2631 28 16 do.
1081 2632 116 18 ...2,102,103

726 2652 84 21 Hump...
837 2653 68 18 610,295
913 2654 19 14 at
939 2653 20 15 27
971 2653 21 15 13
1002 2653 11 15 4
1029 2652 28 16 do.
1081 2663 19 5 ...
1129 2653 69 17 851,876

1065 2700 7 6 •
1082 2691 23 18 £.
1112 2694 86 18 5,582,149

664 2712 58 17 While
729 2713 30 16 the
764 2715 74 16 amount
843 2714 20 16 of
865 2717 33 13 our
902 2715 72 19 exports
978 2715 19 15 to
1004 2713 66 17 Russia
1073 2717 35 12 was
1114 2714 85 19 1,742,433

692 2740 64 22 From
766 2740 38 22 the
814 2741 115 27 foregoing
941 2741 158 25 observations,
1116 2748 32 14 we
1157 2741 57 27 hope
1225 2745 21 19 to

663 2766 57 22 have
730 2767 64 21 made
810 2768 17 20 it
842 2768 90 20 evident
948 2768 48 21 that
1012 2766 105 28 England
1134 2768 72 21 would
1219 2768 29 22 do'

664 2794 48 21 well
723 2795 80 25 to'give
814 2798 188 23 encouragement
1016 2798 21 17 to
1051 2801 44 20 any
1105 2795 139 22 commercial

663 2820 136 22 intercourse
816 2820 70 22 which
905 2821 71 27 might
992 2821 27 21 be
1039 2821 85 21 carried
1146 2828 28 14 on
1195 2822 50 22 with

664 2847 56 21 New
729 2847 104 25 Zealand,
846 2847 44 21 and
905 2852 22 16 to
944 2851 98 23 promote
1060 2846 38 22 the
1112 2847 87 22 further
1213 2849 32 21 in-

663 2874 125 22 troduction
802 2874 44 22 and
861 2875 91 25 general
961 2881 40 14 use
1011 2874 24 21 of
1047 2874 37 21 the
1095 2874 67 27 hemp
1176 2875 68 22 which

663 2900 38 22 the
712 2901 79 27 colony
800 2901 108 27 produces
919 2901 22 21 in
952 2900 139 22 abundance.

691 2928 90 21 Besides
790 2928 36 21 the
837 2927 134 27 advantages
982 2926 72 22 which
1068 2927 75 22 would
1158 2928 56 21 arise
1225 2933 19 17 to

663 2954 103 27 England
776 2954 57 22 from
844 2954 36 21 the
890 2954 150 22 introduction
1051 2954 45 21 and
1105 2961 40 15 use
1155 2955 26 20 of
1192 2955 52 22 New

662 2981 108 28 Zealand,
779 2980 74 26 hemp,
869 2988 32 14 we
923 2988 51 20 may
992 2982 99 20 mention
1109 2980 38 22 the
1164 2981 81 23 benefit

662 3007 71 21 wnich
744 3007 72 22 would
825 3006 93 33 thereby
927 3015 79 14 accrue
1023 3011 21 17 to
1058 3015 29 17 so,
1092 3015 69 19 many
1171 3008 26 20 of
1207 3016 38 14 our

663 3038 145 23 countrymen
818 3034 80 21 settled
907 3035 24 20 in
942 3034 48 22 that
1004 3034 87 27 colony.
1119 3034 48 21 The
1185 3035 59 22 trade

662 3060 69 22 which
748 3067 49 15 now
814 3060 111 22 furnishes
941 3064 91 24 support
1047 3064 23 18 to
1087 3060 121 23 thousands
1224 3062 24 22 of

663 3087 125 27 foreigners,
807 3086 72 28 might
897 3088 51 21 thus
967 3088 27 21 be
1013 3088 134 21 transferred
1166 3091 22 18 to
1207 3095 38 17 pur

662 3114 83 28 people,
764 3117 23 18 at
803 3121 55 14 once
874 3114 100 27 insuring
992 3114 59 22 them
1069 3114 173 27 independence,

662 3140 86 24 wealth,
768 3140 45 22 and
832 3140 125 26 happiness.
995 3140 51 21 And
1064 3140 37 21 the
1122 3140 80 28 colony
1221 3149 23 13 so

662 3166 126 21 stimulated
793 3170 26 17 .to
830 3167 100 20 exertion
940 3166 44 21 and
1000 3166 130 21 mercantile
1148 3167 94 28 activity,

662 3192 64 21 could
736 3195 40 18 not
785 3192 37 21 fail
833 3192 25 21 of
870 3192 98 27 arriving
981 3199 55 15 soon
1046 3195 24 19 at
1079 3200 14 13 a
1102 3192 53 28 high
1166 3193 78 27 degree

662 3218 27 21 of
699 3218 127 28 prosperity.

691 3244 24 23 In
727 3244 90 28 making
832 3244 61 23 these
908 3245 160 22 observations,
1086 3252 31 15 we
1136 3244 64 24 claim
1216 3253 27 16 uo

662 3272 110 21 exclusive
783 3272 121 26 protection
910 3284 24 4 —
938 3279 31 14 we
979 3272 39 22 ask
1027 3272 33 21 for
1068 3279 29 14 no
1105 3273 139 22 commercial

662 3298 121 22 restriction
793 3299 23 21 in
826 3298 79 23 favour
921 3299 25 21 of
962 3298 37 22 the
1014 3298 83 27 article,
1115 3298 38 22 the
1169 3306 39 15 use
1223 3300 24 22 of

662 3324 69 22 which
746 3332 33 14 we
793 3332 37 15 are
844 3325 140 27 advocating.
1014 3324 23 22 If
1051 3332 98 14 foreign
1167 3326 77 23 Russia

662 3358 40 15 can
721 3351 78 27 supply
818 3352 71 21 better
913 3352 44 21 and
978 3351 95 27 cheaper
1098 3351 68 28 hemp
1191 3353 51 22 than

663 3378 93 21 British
767 3378 56 21 New
833 3378 107 27 Zealand,
950 3378 31 22 let
990 3378 46 21 her.
1066 3378 37 22 All
1114 3385 33 15 we
1157 3379 46 26 ask,
1216 3379 26 23 is.

662 3411 27 14 an
696 3404 158 28 unprejudiced
861 3404 151 23 examination
1018 3404 26 22 of
1051 3404 36 22 the
1097 3406 146 26 comparative

662 3430 132 26 advantages
805 3430 25 22 of
842 3430 36 23 the
889 3435 49 23 two,
959 3431 45 22 and
1020 3439 31 14 we
1067 3438 37 15 are
1122 3432 121 28 absolutely

662 3458 81 21 certain
754 3457 26 21 of
790 3465 13 14 a
814 3457 95 25 triumph
926 3465 27 14 on
971 3457 37 22 the
1027 3462 50 23 part
1094 3458 25 21 of
1136 3458 37 21 the
1190 3459 53 22 New

662 3484 97 22 Zealand
768 3484 74 27 hemp.
871 3485 41 21 We
924 3484 71 23 would
1006 3484 84 22 further
1099 3484 88 22 remark
1198 3485 45 22 that

662 3510 36 22 the
715 3510 41 22 evil
773 3511 17 21 is
807 3516 39 16 not
863 3519 24 13 so
906 3511 65 22 much
992 3511 47 22 that
1058 3518 31 15 we
1108 3511 89 27 depend
1214 3519 27 14 on

662 3537 119 27 foreigners
790 3537 33 22 for
833 3545 40 14 our
882 3538 79 28 supply
977 3538 27 21 of
1018 3538 75 27 hemp,
1109 3545 25 14 as
1149 3538 48 21 that
1211 3545 31 16 we

662 3564 91 26 depend,
765 3571 23 15 as
799 3571 31 14 we
840 3564 56 22 have
907 3564 128 28 repeatedly
1053 3564 84 26 hinted,
1153 3571 29 14 on
1201 3572 41 15 one

662 3590 82 27 foreign
755 3595 100 23 country.
885 3592 124 26 Supposing
1018 3591 36 21 the
1061 3594 90 24 present
1158 3591 84 22 restric-

662 3617 42 21 tive
715 3618 70 20 duties
799 3623 28 14 on
846 3617 80 21 timber
938 3617 102 27 repealed
1040 3629 32 5 —
1073 3624 121 20 supposing
1207 3617 35 22 the

662 3643 68 21 duties
741 3643 120 27 equalized,
874 3650 23 14 as
908 3643 51 31 they
969 3643 70 26 ought
1049 3647 21 17 to
1080 3643 35 26 be,
1124 3650 33 13 we
1166 3643 77 22 should

662 3669 84 27 depend
756 3676 28 15 on
795 3669 122 26 foreigners
925 3677 5 18 ;
945 3668 40 22 but
995 3676 23 14 as
1029 3669 79 21 timber
1118 3669 19 21 ia
1145 3670 98 27 supplied

662 3696 28 27 by
699 3703 63 14 many
774 3700 117 22 countries,
903 3695 49 22 that
960 3695 73 22 would
1047 3695 27 21 be
1090 3702 29 15 no
1133 3695 50 22 evil.
1211 3696 31 21 To

662 3730 91 23 suppose
762 3730 14 14 a
786 3722 150 22 combination
953 3722 26 21 of
996 3721 28 23 all
1039 3721 112 23 countries
1168 3725 22 18 *o
1206 3722 36 22 de-

662 3756 58 19 prive
731 3748 101 27 England
843 3748 25 22 of
879 3748 85 25 timber,
975 3749 20 21 is
1011 3752 22 18 to
1050 3756 94 19 suppose
1161 3755 37 15 an.
1206 3749 36 22 ab-

662 3775 88 27 surdity.
785 3775 26 21 In
827 3774 47 22 the.
880 3782 49 14 case
946 3774 25 22 of
988 3774 73 29 hemp,
1078 3774 112 27 however,
1207 3775 35 22 the

662 3804 76 19 matter
748 3802 18 21 is
776 3801 79 27 widely
865 3800 108 26 different,
985 3801 44 22 and
1046 3808 40 14 our
1101 3801 141 27 dependence

662 3835 25 15 on
698 3835 43 15 one
758 3834 105 15 country
879 3834 80 20 alone,
976 3827 78 28 might,
1066 3827 22 22 in
1099 3827 37 22 the
1147 3833 66 17 event
1222 3829 24 22 of

662 3861 47 19 war,
720 3857 93 19 amount
823 3858 23 18 to
855 3861 13 14 a
877 3854 83 22 serious
970 3854 51 26 evil,
1042 3853 26 23 of
1086 3853 80 26 which,
1185 3853 58 23 how-

662 3888 54 18 ever,
734 3880 54 22 New
806 3880 198 27 Zealand-happily
1014 3879 81 23 affords
1103 3887 30 15 an
1143 3881 99 24 effectual

662 3907 124 27 remedy,—
787 3905 55 25 New
854 3907 110 23 Zealand
973 3906 116 23 Journal.

770 47 126 33 THE
940 48 138 32 NEW
1120 48 307 32 ZEALAND
1472 47 325 33 GAZETTE.

1343 132 99 21 BANK
1456 132 44 20 OF
1514 132 91 20 PORT
1619 132 204 21 NICHOLSON.

1294 165 131 21 CAPITAL
1440 165 104 24 £50.000,
1564 165 44 23 IN,
1616 165 65 21 2.500
1698 165 124 24 SHARES.
1838 165 35 21 01

1503 191 48 21 £20
1564 190 98 27 EACH;

1294 222 29 23 To
1331 223 29 22 be
1369 223 116 22 increased
1495 227 24 18 at
1529 223 36 22 the
1576 223 118 22 discretion
1709 224 26 21 of
1747 224 36 22 the
1800 224 75 22 Direc-

1301 262 4 2 -
1318 253 52 23 tors,
1379 250 28 26 by
1416 250 38 21 the
1464 250 59 21 issue
1533 250 26 21 of
1569 250 83 22 £1.000
1659 250 121 22 additional
1788 250 87 28 Shares,

1318 280 22 15 to
1350 276 29 19 be
1388 275 47 20 sold
1444 276 35 19 for
1488 276 38 19 the
1536 276 84 19 benefit
1630 277 25 18 of
1667 277 36 18 the
1714 277 71 18 Bank.

1289 337 19 19 V
1324 330 51 24 The
1387 330 136 31 advantages
1534 331 114 32 produced
1658 332 31 31 by
1699 340 13 15 a
1719 331 72 25 Local
1799 332 68 23 Bauk
1869 350 7 11 %

1290 363 53 23 both
1366 372 24 14 as
1408 371 13 15 a
1442 365 119 29 profitable
1585 365 136 23 investment
1738 365 26 23 of
1785 365 89 30 capital,

1291 391 43 26 and
1395 403 13 14 a
1425 403 80 15 means
1530 398 25 20 of
1575 397 191 22 accommodation
1791 401 24 18 to
1839 397 37 22 the

1291 428 144 29 community,
1445 435 37 15 are
1495 433 37 17 too
1545 428 49 22 well
1607 429 138 22 established
1753 433 22 19 to
1787 429 89 30 require

1290 467 44 23 any
1352 464 112 18 comment
1482 465 24 17 at
1529 465 99 25 present.
1664 461 75 22 There
1762 462 20 21 is
1806 466 40 17 not
1863 469 13 14 a

1290 492 71 30 single
1375 492 86 23 British
1475 492 87 31 Colony
1575 493 26 23 of
1609 501 44 22 any
1661 494 140 29 importance
1808 493 67 23 with-

1290 529 38 19 out
1339 528 24 20 at
1373 525 57 23 least
1441 533 42 15 one
1496 526 57 22 such
1566 525 75 30 Bank,
1660 526 45 23 and
1716 527 23 22 in
1759 533 68 23 every
1840 527 35 22 in-

1289 563 76 18 stance
1378 558 61 23 these
1451 559 141 23 institutions
1602 567 37 15 are
1648 567 28 15 no
1688 559 43 23 less
1743 567 14 15 a
1764 566 81 16 source
1853 559 23 23 of

1289 591 66 30 profit
1367 595 22 19 to
1401 591 37 23 the
1451 591 164 25 Shareholders
1634 592 55 23 than
1707 592 26 22 of
1749 592 85 23 benefit
1853 596 23 20 to.

1290 622 36 25 the
1345 624 146 30 community.
1533 624 29 23 In
1581 625 53 27 fact,
1652 624 66 24 while
1736 625 39 24 the
1794 624 80 23 Banks

1290 656 71 24 which
1384 657 55 23 have
1467 657 58 23 been
1552 657 139 23 established
1716 658 30 31 by
1775 656 99 32 English

1289 689 80 31 capital
1381 690 22 22 in
1415 689 38 24 the
1466 690 161 23 Australasian
1639 690 106 24 Colonies
1765 690 76 23 divide
1852 695 21 18 at

1289 722 36 23 the
1336 727 84 19 utmost
1432 722 59 24 from
1505 725 13 23 7
1532 727 22 19 to
1569 725 30 21 10
1610 730 41 24 per
1663 728 68 24 cent.,
1750 723 39 23 the
1806 723 67 31 profit

1288 755 25 22 of
1327 755 37 23 the
1378 755 70 23 Local
1460 755 81 23 Banks
1557 763 96 23 average
1671 757 57 22 from
1750 758 29 22 15
1800 760 22 19 to
1842 758 31 22 20

1287 795 39 23 per
1338 793 59 18 cent.
1433 788 58 22 This
1504 788 119 24 difference
1635 789 20 23 is
1668 789 70 31 easily
1749 789 123 23 accounted

1289 821 32 22 for
1330 829 6 15 :
1361 829 65 22 every
1447 821 122 23 individual
1590 823 21 22 in
1631 830 13 15 a
1660 822 87 31 Colony
1759 822 112 31 naturally

1287 854 84 29 prefers
1393 862 13 14 a
1428 854 68 23 Bank
1515 854 54 24 with
1591 856 75 22 whose
1686 856 124 31 Managers
1829 856 41 22 and

1282 886 146 31 -Proprietors
1439 886 30 23 he
1488 888 20 21 is
1527 889 141 29 acquainted,
1689 889 44 23 and
1751 889 24 22 in
1799 888 71 23 which

1287 919 27 22 he
1327 919 90 24 himself
1432 927 52 23 may
1497 920 58 23 have
1566 929 14 15 a
1592 921 70 23 direct
1678 922 101 28 interest,
1793 925 22 18 to
1829 929 41 15 one

1287 951 121 24 conducted
1420 953 29 30 by
1467 958 125 26 strangers.
1629 955 29 22 In
1672 955 64 22 order
1751 959 22 18 to
1792 961 78 16 secure

1287 990 21 17 to
1321 984 36 24 the
1369 985 111 30 proposed
1495 986 67 23 Bank
1581 986 46 23 this
1645 986 126 31 advantage
1790 987 24 22 in
1833 986 37 23 the

1287 1017 74 23 fullest
1374 1017 87 32 degree,
1479 1017 38 24 the
1529 1018 78 24 shares
1618 1019 58 23 have
1695 1019 56 23 been
1770 1018 61 24 fixed
1848 1023 22 18 at

1285 1050 55 23 such
1352 1058 29 15 an
1393 1056 99 23 amount,
1506 1059 25 15 as
1542 1056 23 18 to
1578 1052 64 23 allow
1655 1059 44 23 any
1712 1050 122 33 Capitalist
1847 1052 23 22 in

1286 1083 35 23 die
1337 1083 86 31 Colony
1435 1088 23 18 to
1470 1083 92 24 become
1575 1092 13 15 a
1596 1084 159 24 Shareholder.
1792 1083 78 32 Every

1286 1123 47 21 one,
1347 1116 118 28 therefore,
1484 1117 47 22 will
1550 1117 56 23 have
1624 1125 29 15 an
1672 1118 94 23 interest
1789 1117 24 25 in
1832 1117 37 23 the

1284 1150 124 31 prosperity
1418 1149 46 23 and
1475 1150 101 31 stability
1588 1150 25 23 of
1628 1150 38 23 the
1679 1150 75 28 Bank,
1768 1149 43 24 and
1824 1150 44 23 will

1283 1183 50 30 give
1345 1183 18 22 it
1374 1190 14 15 a
1399 1183 130 30 preference
1541 1183 54 23 both
1614 1184 23 22 in
1656 1183 95 31 making
1768 1183 101 31 deposits

1284 1215 43 23 and
1339 1216 134 29 circulating
1484 1217 30 21 its
1526 1221 72 19 notes.

1317 1249 49 22 The
1380 1249 88 31 Capital
1481 1249 26 22 of
1522 1249 37 23 the
1572 1249 66 23 Bank
1651 1249 42 23 has
1703 1249 59 23 been
1773 1249 62 24 fixed
1846 1254 23 18 at

1283 1283 121 27 £50.000,
1416 1290 14 14 a
1441 1290 51 15 sum
1505 1282 73 23 which
1590 1283 18 21 it
1619 1283 19 22 is
1651 1283 106 23 assumed
1776 1282 44 22 will
1842 1283 25 22 be

1283 1315 111 23 sufficient
1413 1315 34 22 for
1466 1315 37 23 the
1515 1320 92 26 present
1618 1320 71 19 wants
1708 1317 25 22 of
1747 1315 38 24 the
1806 1323 61 15 com-

1283 1348 95 29 munity.
1414 1347 58 24 This
1485 1348 90 31 Capital
1587 1356 49 21 can,
1657 1348 109 29 however,
1787 1348 27 23 be
1832 1350 35 21 in-

1282 1381 90 23 creased
1387 1385 21 19 at
1420 1381 38 23 the
1470 1381 120 23 discretion
1604 1382 22 22 of
1644 1381 37 24 the
1696 1382 126 28 Directors,
1839 1382 28 30 by

1283 1414 36 22 the
1331 1414 61 23 issue
1408 1414 25 23 of
1452 1416 72 21 1.000
1543 1414 122 23 additional
1685 1415 92 27 Shares,
1797 1418 23 19 to
1840 1414 27 23 be

1282 1446 104 30 disposed
1408 1447 25 22 of
1460 1447 34 22 for
1517 1447 38 23 the
1578 1447 83 23 benefit
1680 1448 25 22 of
1724 1447 38 23 the
1782 1447 84 23 Share-

1282 1477 89 24 holders
1380 1488 6 18 ;
1405 1478 44 24 and
1461 1480 18 21 it
1493 1480 19 22 is
1531 1480 110 30 proposed
1656 1480 49 23 that
1717 1480 37 23 the
1767 1479 66 25 Deed
1846 1480 23 23 of

1280 1510 134 25 ■Settlement
1426 1511 58 24 shall
1498 1513 89 23 contain
1600 1520 13 16 a
1624 1514 122 29 provision,
1764 1513 101 23 authori-

1281 1544 50 30 sing
1343 1544 38 23 the
1392 1545 105 31 majority
1509 1546 25 22 of
1549 1546 38 23 the
1606 1546 163 23 Shareholders
1789 1551 22 17 to
1830 1547 35 22 in-

1281 1584 74 16 crease
1375 1578 36 23 the
1430 1578 90 31 Capital
1535 1583 22 19 to
1569 1579 57 23 such
1636 1579 88 23 further
1735 1584 95 18 amount
1841 1587 24 15 as

1281 1616 50 24 may
1344 1611 22 22 in
1379 1611 56 23 their
1448 1612 92 30 opinion
1552 1612 28 22 be
1594 1612 103 30 justified
1715 1612 30 31 by
1757 1612 37 23 the
1808 1620 56 23 aug-

1281 1643 89 23 mented
1382 1644 106 23 demands
1501 1645 25 23 of
1541 1644 37 24 the
1591 1644 95 30 Colony.

1314 1676 50 23 The
1377 1677 102 22 business
1492 1678 26 22 of
1533 1678 36 22 the
1583 1678 67 23 Bank
1666 1678 44 23 will
1728 1678 28 23 be
1776 1678 87 31 strictly

1281 1708 47 24 that
1347 1709 24 23 of
1393 1717 12 15 a
1428 1710 68 23 Bank
1515 1710 21 23 of
1562 1711 115 23 Discount
1695 1711 43 23 and
1757 1712 105 29 Deposit.

1280 1741 49 23 The
1343 1747 47 18 rate
1401 1743 24 22 of
1439 1743 104 22 discount
1555 1748 22 18 to
1590 1744 26 23 be
1633 1746 28 21 10
1672 1752 40 23 per
1724 1750 59 17 cent.
1793 1753 7 18 ;
1820 1745 43 22 and

1281 1784 11 13 •>
1307 1783 39 22 per
1354 1780 57 19 cent,
1421 1776 46 22 will
1479 1776 28 23 be
1519 1776 93 23 allowed
1624 1785 60 22 upon
1697 1778 99 30 deposits
1809 1778 35 22 for
1851 1786 12 14 a

1281 1816 76 22 .onger
1369 1809 76 30 period
1458 1809 53 23 than
1525 1817 12 15 a
1549 1809 86 28 month,
1639 1822 29 4 —
1672 1815 38 18 not
1722 1815 22 18 to
1757 1811 28 22 be
1798 1810 65 23 with-

1280 1840 74 24 drawn
1367 1842 69 23 under
1453 1844 28 21 10
1494 1842 62 29 days'
1569 1843 82 23 notice.

1936 132 238 22 COMMERCIAL
2189 134 65 20 INN
2269 134 21 20 &
2305 135 155 23 TAVERN.

1908 165 89 48 MR.
2003 182 3 4 .
2009 165 37 22 W.
2057 165 122 22 ELSDON
2185 166 54 27 begs
2245 171 22 17 to
2275 167 82 22 inform
2364 168 33 22 his
2406 169 85 23 friends

1980 191 45 22 and
2032 192 37 22 the
2079 193 79 31 public,
2165 193 48 23 that
2218 193 38 22 the
2263 194 70 21 above
2342 194 66 23 house
2415 196 19 21 is
2441 203 49 14 now

1905 224 64 21 open,
1983 219 45 21 and
2035 219 80 27 parties
2120 219 102 27 favoring
2227 219 47 22 him
2281 220 52 21 with
2341 222 55 21 their
2401 226 90 23 patron-

1905 251 40 20 age
1964 244 43 22 will
2028 245 47 21 iind
2093 253 68 20 every
2177 246 191 23 accommodation
2384 248 34 21 for
2433 248 58 23 their

1905 271 100 26 comfort,
2016 271 94 28 coupled
2120 273 52 21 with
2182 273 138 21 moderation
2330 274 23 21 in
2471 280 3 3 '

1932 297 83 27 Wines,
2028 299 79 26 spirits,
2118 299 45 21 and
2173 299 82 22 bottled
2270 299 35 22 ale
2319 301 47 20 and
2378 305 75 23 porter
2467 301 24 22 of

1905 325 113 21 excellent
2027 325 93 27 quality.

1932 351 56 21 Cold
1998 352 72 25 joints
2079 352 82 27 always
2170 352 75 27 ready.

1931 377 105 24 Genuine
2052 379 93 26 English
2159 379 80 21 cordial
2251 380 47 26 gin.

1931 403 125 21 Harmonic
2065 405 110 26 meetings
2189 412 67 19 every
2266 407 109 27 Saturday
2384 407 103 28 evening.

1987 457 143 24 QUEEN'S
2144 458 97 20 HEAD
2255 459 155 22 TAVERN.

1903 487 36 47 J
1973 487 111 23 HOWES
2107 489 54 27 begs
2170 495 23 15 to
2206 490 82 21 inform
2304 490 33 23 his
2347 492 82 23 friends
2443 492 44 24 arid

1943 524 11 10 •
1986 513 38 22 the
2034 515 81 27 public,
2132 516 48 21 that
2194 516 36 21 the
2241 516 71 23 above
2327 518 67 22 house
2404 520 18 21 ia
2437 527 49 15 now

1904 548 20 19 oj
1933 546 35 20 en,
1988 547 55 15 near
2058 541 37 22 the
2114 542 73 21 Police
2204 542 78 28 Office,
2293 543 127 29 Thorndon,
2442 546 44 22 and

1903 574 92 19 persons
2013 567 118 29 favouring
2149 569 46 21 him
2214 569 53 22 with
2287 570 56 22 their
2368 578 118 22 patronage

1904 593 43 21 will
1958 593 48 22 find
2016 601 67 21 every
2093 595 199 22 accommodation.

1930 619 83 27 Wines,
2029 622 81 27 spirits,
2126 622 45 21 and
2184 622 85 22 bottled
2278 623 34 22 ale
2322 624 45 21 and
2380 629 73 23 porter
2462 626 26 22 of

1902 647 101 26 superior
2011 648 93 27 quality.

1929 672 55 22 Cold
1990 674 72 26 joints
2072 676 81 26 always
2163 674 74 28 ready.

1903 742 218 27 WHOLESALE
2151 746 124 24 PRICES
2309 748 174 24 CURRENT.

2049 793 37 22 IM
2091 793 59 23 POR
2154 795 56 21 IED
2227 795 110 22 GOODS.

1971 833 132 16 CORRECTED
2119 835 28 14 UP
2162 835 27 14 TO
2205 835 83 15 FRIOAV
2304 836 105 16 EVENING.

2239 855 16 17 £
2278 860 14 12 8.
2317 857 18 16 d.
2389 857 16 18 H
2426 863 15 11 s.
2466 858 12 17 d

1902 872 51 22 Rum
1961 880 5 14 :
1983 872 25 22 P.
2018 874 27 21 B.
2058 874 31 27 P.,
2106 875 54 27 duty
2173 875 54 28 free,

2008 907 40 20 per
2056 901 74 26 gallon
2241 904 14 19 0
2283 905 14 19 9
2323 906 80 20 0..0
2418 906 25 19 12
2469 907 15 20 6

1901 925 58 21 Gin:
1982 927 51 21 Pale
2240 931 13 19 0
2281 931 13 19 8
2321 932 14 19 6
2352 944 19 6 ..
2389 932 12 19 0
2417 932 25 20 12
2469 933 14 20 0

1981 953 62 26 Case,
2058 956 14 19 4
2085 954 86 27 gallons
2180 956 45 20 4-5.
2241 956 10 20 1
2282 957 9 20 1
2321 958 14 19 0
2352 971 5 5 .
2365 971 6 6 .
2390 959 8 19 1
2427 959 14 19 5
2469 960 14 19 0

1900 977 107 23 Brandy:
2024 980 59 21 First
2088 981 91 26 quality,
2189 988 39 19 per

2048 1006 74 26 gallon
2239 1009 14 19 0
2269 1009 26 20 14
2322 1010 14 19 0
2353 1023 5 5 .
2366 1024 5 4 .
2389 1011 13 19 0
2417 1011 25 19 16
2469 1012 14 19 0

2020 1031 89 23 Second
2116 1033 106 26 quality..
2239 1035 14 19 0
2270 1035 23 20 13
2321 1036 14 20 0
2352 1049 19 6 ..
2389 1037 13 20 0
2418 1037 23 20 15
2469 1038 15 19 0

2020 1057 69 23 Third
2098 1059 56 21 ditto
2239 1063 14 19 0
2269 1062 25 20 12
2321 1063 14 19 0
2352 1076 6 6 .
2366 1076 5 6 .
2388 1064 13 19 0
2417 1064 24 19 13
2469 1065 14 19 6

1899 1083 91 23 Porter
1998 1092 5 14 :
2037 1085 94 27 Barclay
2140 1093 16 19 s,
2189 1093 40 20 per

2066 1111 112 27 hogshead
2204 1115 49 19 ..8
2281 1115 14 20 0
2321 1116 14 19 0
2352 1129 19 6 ..
2388 1117 13 20 8
2416 1117 26 20 10
2469 1118 14 19 0

2039 1137 101 28 Duubar,
2149 1139 22 21 in
2180 1139 44 21 bot.

2066 1172 39 20 per
2114 1165 41 21 doz
2237 1168 14 20 0
2266 1169 26 19 18
2319 1169 78 21 0..1
2426 1170 13 20 3
2467 1171 14 20 0

1898 1190 62 20 Ale:
1978 1190 26 22 In
2015 1191 75 27 bottle,
2107 1199 38 20 per
2156 1193 62 21 doz..
2237 1195 14 19 0
2267 1195 25 20 13
2319 1196 14 19 0
2351 1209 20 10 ...
2388 1197 9 19 1
2427 1197 14 20 0
2467 1198 14 19 0

1900 1216 78 22 Wine:
1995 1217 88 28 Sherry,
2094 1226 39 19 per
2142 1220 49 26 pipe
2202 1234 18 5 ..
2225 1221 26 20 28
2279 1222 14 20 0
2320 1223 14 19 0
2351 1224 49 20 ..40
2427 1224 14 19 0
2467 1226 15 18 O

2006 1245 70 26 Ditto,
2092 1253 39 19 per
2145 1246 78 21 dozen.
2239 1248 10 20 1
2278 1249 13 19 5
2319 1249 14 19 0
2350 1263 20 5 ..
2386 1250 13 20 2
2416 1250 25 20 10
2467 1252 15 19 0

1897 1270 86 22 Sugar:
2001 1271 117 22 Mauritius
2128 1280 39 19 per
2176 1277 49 17 cwt.
2239 1275 13 20 2
2279 1276 14 19 5
2321 1277 14 19 0
2352 1290 19 5 ..
2387 1277 13 20 2
2427 1278 14 18 8
2468 1278 15 19 0

2004 1298 81 22 Brown
2237 1303 14 19 0
2279 1303 13 19 0
2319 1303 14 19 0
2350 1317 18 5 ..
2387 1304 8 20 1
2414 1303 25 20 15
2467 1306 14 19 0

2005 1325 96 22 Refined
2116 1326 52 27 loaf,
2187 1334 39 19 per

2030 1351 23 22 lb
2237 1356 14 19 0
2279 1355 10 21 1
2320 1356 10 20 1
2350 1370 18 6 ..
2385 1358 13 19 0
2427 1357 10 19 1
2466 1358 13 19 3

1900 1378 57 20 lea:
1975 1378 87 26 Hyson,
2074 1386 38 20 per
2122 1379 62 22 chest
2200 1382 51 20 ..10
2265 1383 26 19 10
2318 1383 13 19 0
2349 1384 49 20 ..12
2413 1384 26 19 12
2466 1385 14 19 0

1896 1403 87 22 CorrEE
1990 1412 5 12 :
2006 1405 64 26 Java,
2082 1413 39 19 per
2130 1406 22 21 lb
2236 1409 14 19 0
2280 1409 8 19 1
2317 1409 14 20 3
2349 1423 19 6 ..
2385 1412 12 18 0
2426 1411 10 19 1
2465 1412 14 19 6

1896 1430 56 21 Rice
1960 1438 4 13 :
1978 1431 108 21 Common
2096 1439 39 19 per
2141 1437 48 16 cwt.
2201 1448 5 5 .
2213 1448 5 5 .
2239 1435 10 19 1
2277 1435 15 20 4
2318 1436 14 19 0
2350 1449 4 6 .
2363 1450 5 5 .
2387 1437 9 19 1
2425 1437 13 19 5
2466 1438 14 19 0

1978 1457 65 21 Good
2237 1461 10 19 1
2277 1462 13 19 8
2318 1462 14 20 0
2347 1476 20 6 ..
2386 1464 8 19 1
2413 1463 25 20 10
2465 1466 14 18 0

1898 1482 113 22 Tobacco:
2027 1484 141 28 Negrohead,
2185 1493 40 19 per

2054 1511 29 21 lb.
2237 1514 14 20 0
2279 1514 9 20 1
2317 1515 14 19 8
2349 1529 19 5 ..
2385 1518 13 19 0
2425 1515 13 20 2
2465 1517 14 20 3

1895 1536 85 22 Cigars
1988 1544 6 14 :
2005 1536 102 28 Manilla,
2114 1546 40 19 per
2162 1540 58 25 1000,

2030 1564 54 27 duty
2098 1566 53 25 free,
2168 1573 54 20 very

2029 1598 76 15 scarce
2232 1594 13 19 5
2274 1595 13 19 0
2314 1595 80 21 0..0
2421 1597 14 19 0
2464 1598 13 20 0

2004 1617 126 23 Havannah
2258 1627 59 15 none
2327 1621 23 21 in
2361 1621 93 22 market.

2003 1644 123 22 Chinsurah
2234 1648 15 19 4
2276 1649 13 19 0
2316 1650 79 20 0..5
2423 1652 14 18 O
2464 1651 13 19 0

1893 1670 71 21 Salt:
1983 1670 124 28 Liverpool,
2117 1679 40 20 per
2167 1677 37 17 ton
2213 1689 5 5 .
2234 1675 13 19 9
2275 1676 13 19 0
2316 1677 13 18 0
2347 1677 49 20 ..12
2411 1676 25 20 lJ
2464 1679 13 19 0

1893 1696 58 21 Soap
1960 1704 5 13 :
1994 1697 101 23 Hawes's
2118 1699 100 27 London,

2018 1732 40 20 per
2068 1729 38 17 ton
2223 1727 25 21 76
2276 1729 13 19 0
2316 1729 14 19 0
2346 1742 6 6 .
2359 1743 6 6 .
2371 1730 25 20 80
2423 1729 14 20 0
2464 1731 13 19 0

1893 1749 104 22 Candles
2005 1758 4 13 :
2018 1751 92 27 English
2119 1760 55 19 wax,
2182 1760 39 19 per

2037 1778 23 20 lb
2234 1781 13 19 0
2274 1781 13 20 3
2315 1783 14 18 0
2346 1796 18 6 ..
2382 1785 13 19 0
2422 1783 14 19 3
2464 1785 13 19 6

2023 1804 80 22 Mould
2232 1809 14 19 0
2276 1809 8 19 1
2314 1809 80 21 0..0
2423 1810 10 19 1
2462 1811 12 19 4

1893 1828 75 23 Pork:
1985 1830 65 28 Irish,
2062 1839 39 24 per
2111 1832 72 22 barrel
2196 1847 17 5 ..
2232 1835 12 19 5
2262 1835 24 20 15
2315 1835 13 19 0
2345 1849 18 5 ..
2382 1838 12 19 7
2421 1837 14 19 0
2463 1839 13 17 0

1893 1856 68 21 Hams
1990 1856 127 29 Yorkshire,
2133 1866 39 24 per
2183 1859 21 22 lb
2212 1875 5 6 .
2233 1862 13 18 0
2276 1862 8 20 1
2317 1862 9 19 1
2345 1875 6 6 .
2359 1876 5 5 .
2382 1866 13 18 o
2424 1863 9 19 1

1892 1882 105 23 Buttek:
2014 1884 65 27 Irish,
2089 1892 40 20 per
2133 1880 33 27 lb.
2198 1888 50 20 ..0
2277 1889 9 19 1
2316 1889 14 19 6
2347 1903 17 5 ..
2383 1891 13 19 0
2425 1890 9 19 1
2464 1891 13 19 9

1893 1909 129 23 Potatoes:
2044 1912 54 20 New
2113 1912 106 28 Zealand,

2069 1946 39 18 per
2117 1945 37 15 ton
2232 1941 12 19 5
2274 1943 13 19 0
2315 1943 79 22 0..7
2422 1943 14 20 0
2462 1945 14 19 0

1891 1962 103 23 Cheese:
2009 1964 106 22 Cheshire
2233 1969 13 19 0
2276 1969 8 19 1
2314 1969 80 22 3..0
2424 1971 52 19 110

2009 1991 54 21 Pine
2074 1992 73 27 Apple
2233 1995 13 19 0
2276 1995 8 19 1
2314 1996 80 21 4..0
2421 1999 14 17 O
2462 1999 14 17 0

1891 2015 89 21 Starch
1989 2023 5 13 :
2011 2017 42 20 Per
2062 2018 22 20 lb
2232 2021 14 19 0
2276 2022 8 18 1
2314 2022 14 19 9
2345 2036 5 4 .
2358 2037 5 5 .
2381 2025 13 19 0
2421 2024 14 18 2
2462 2025 14 17 0

1891 2040 56 22 Oil:
1963 2042 104 27 Linseed,
2079 2051 38 19 per
2126 2045 74 25 gallon
2210 2061 5 5 .
2232 2047 12 19 0
2272 2047 13 19 9
2314 2049 13 18 0
2344 2061 19 5 ..
2381 2051 13 19 0
2410 2049 22 19 11
2462 2051 14 17 0

1964 2068 77 28 Black,
2053 2077 38 19 per
2101 2071 55 21 dit-o
2232 2074 14 19 0
2273 2074 14 20 4
2314 2075 80 21 6..0
2420 2081 12 13 •>
2462 2077 14 18 0

1891 2094 70 22 Pitch
1976 2102 6 14 :
2014 2096 138 28 Stockholm,
2180 2106 40 20 per

2039 2123 71 22 barrel
2234 2127 8 19 1
2262 2127 23 20 15
2314 2128 14 19 0
2345 2141 18 6 ..
2382 2129 9 20 1
2411 2128 24 20 18
2462 2130 14 19 0

1890 2148 48 22 Tar
1945 2157 5 12 :
1966 2149 54 22 Coal
2032 2153 5 16 .'
2232 2154 52 20 115
2313 2155 14 19 0
2344 2169 5 4 .
2357 2169 6 5 .
2380 2158 14 18 2
2421 2157 14 18 0
2462 2157 14 19 0

1971 2176 122 23 American
2230 2181 14 19 3
2272 2182 14 19 0
2312 2182 82 21 0..4
2420 2183 14 19 0
2462 2183 13 19 0

1891 2201 126 23 Mustard:
2036 2204 40 21 Per
2086 2204 127 22 dozen....
2234 2207 8 20 1
2260 2208 26 20 16
2314 2210 13 18 0
2344 2223 19 5 ..
2381 2211 13 19 0
2421 2209 14 19 0
2462 2211 14 19 0

1892 2228 95 23 Pickles
1999 2237 5 14 :
2036 2231 114 27 Assorted,
2180 2239 39 20 per

2062 2257 57 26 doz.,
2143 2263 75 22 quarts
2233 2261 10 19 1
2273 2261 13 20 2
2314 2263 13 19 0
2344 2276 19 6 ..
2382 2263 8 20 1
2409 2262 26 20 10
2462 2263 13 20 0

1890 2282 122 22 Muskets:
2029 2283 92 23 Walnut
2128 2286 90 21 stocked
2233 2288 10 20 1
2274 2289 12 19 8
2314 2290 13 19 0
2344 2303 19 6 ..
2380 2291 13 19 0
2420 2290 14 19 0
2461 2291 13 19 0

1889 2309 72 22 Beep:
1979 2310 76 27 Fresh,
2076 2319 87 15 carcase
2178 2319 40 21 per

2006 2336 24 23 lb
2229 2342 14 20 0
2271 2342 10 20 1
2311 2343 14 20 0
2342 2357 19 5 ..
2378 2345 13 19 0
2418 2343 14 20 0
2460 2344 12 20 0

1891 2364 112 20 Mutton:
2025 2364 92 23 Carcase
2128 2373 39 19 per
2176 2366 23 21 lb
2210 2383 5 5 .
2230 2369 14 19 0
2273 2369 10 20 1
2312 2371 14 19 0
2343 2383 19 6 ..
2379 2373 13 18 0
2419 2371 14 19 0
2460 2372 13 18 0

1891 2388 73 23 Pork:
1981 2390 76 27 Fresh,
2076 2399 87 15 carcase
2178 2400 40 20 per

2006 2416 23 22 lb
2230 2423 13 19 0
2271 2423 13 19 0
2311 2423 15 20 4
2343 2437 18 5 ..
2379 2425 13 19 0
2419 2424 14 20 0
2460 2423 12 21 7

1889 2448 91 15 tlour:
1999 2445 42 20 Per
2051 2447 37 19 ton
2215 2449 27 19 45
2270 2449 14 20 0
2311 2451 13 19 0
2342 2451 50 20 ..50
2418 2451 14 19 0
2460 2452 12 19 0

1889 2469 77 21 Milk:
1983 2470 43 21 Per
2033 2471 49 26 pint
2230 2475 14 20 0
2270 2477 14 19 0
2311 2477 13 19 4
2343 2490 18 6 ..
2379 2479 13 19 0
2419 2478 14 19 0
2461 2479 13 19 0

1889 2496 93 21 Plank:
2009 2496 54 23 Port
2085 2498 130 28 Nicholson,

2037 2531 40 19 per
2087 2526 39 21 100
2135 2526 46 21 feet
2194 2541 17 6 ..
2231 2529 13 19 0
2258 2529 26 20 18
2312 2531 14 19 0
2343 2543 18 7 ..
2381 2531 7 19 1
2407 2531 25 19 10
2460 2532 13 20 0

2009 2549 122 29 Hokianga
2230 2555 14 20 2
2270 2557 14 18 5
2312 2558 14 19 0
2343 2571 19 5 ..
2378 2558 13 20 2
2408 2557 25 20 10
2460 2559 14 19 0

1889 2576 142 21 Scantling:
2048 2577 41 22 Per
2097 2580 39 20 100
2146 2580 53 21 feet.
2206 2594 5 6 .
2231 2583 13 19 0
2260 2583 25 19 18
2312 2584 14 20 0
2343 2597 19 6 ..
2380 2585 10 19 1
2418 2585 14 19 5
2460 2586 14 19 0

1889 2602 126 23 Shingles:
2032 2604 42 22 Per
2083 2607 52 20 1000
2232 2609 9 19 1
2258 2609 27 20 10
2312 2611 50 21 a..
2379 2612 13 20 2
2418 2611 14 19 5
2460 2613 14 19 0

1888 2655 62 22 Boat
1961 2656 75 23 Hire:
2051 2658 42 21 Per
2099 2658 50 35 day,
2155 2660 62 22 with-

2080 2689 38 18 out
2129 2686 70 22 hands
2209 2689 35 20 .0
2259 2689 26 21 16
2312 2691 14 19 0
2343 2704 6 5 .
2356 2704 6 6 .
2381 2691 8 20 1
2419 2691 14 20 5
2461 2693 13 19 0

1890 2709 84 22 Wages
1982 2717 4 14 :
2015 2710 139 30 Mechanics,
2180 2721 39 20 per

2043 2738 61 22 week
2234 2743 52 20 116
2314 2744 14 20 0
2345 2757 5 5 .
2357 2757 6 6 .
2380 2745 14 19 2
2421 2745 24 24 8.
2462 2747 14 19 0

2025 2764 125 24 Labourers
2233 2769 8 20 1
2262 2770 24 20 10
2314 2771 13 19 0
2345 2784 18 5 ..
2380 2773 14 19 0
2421 2763 24 29 0*
2462 2774 13 18 0

1922 2822 51 24 The
1993 2824 65 24 New
2077 2826 127 25 Zealand
2224 2828 123 24 Gazette
2371 2831 49 28 will,
2441 2832 35 23 for

1889 2855 37 23 the
1937 2863 100 23 present,
2051 2858 27 24 be
2084 2860 122 30 published
2213 2862 95 31 weekly,
2317 2870 67 24 every
2392 2864 82 24 Satur-

1889 2889 42 30 day
1943 2893 115 30 morning.
2094 2894 32 23 So
2145 2902 55 15 soon
2218 2903 26 15 as
2264 2896 17 22 it
2300 2896 19 23 is
2338 2898 136 31 suificiently

1888 2925 131 29 supported,
2043 2926 19 22 it
2084 2928 45 22 will
2154 2928 27 23 be
2206 2928 78 24 issued
2308 2931 166 31 semi-weekly.

1889 2957 127 32 Subjoined
2027 2968 38 15 are
2077 2960 38 23 the
2127 2966 70 19 terms
2206 2970 5 15 :
2213 2975 35 3 —

1923 2999 80 24 Price
2022 3008 31 16 of
2072 3009 51 16 the
2142 3002 97 25 Paper.
2242 3016 34 4 —
2277 3003 72 32 Forty
2372 3005 104 31 shillings

1888 3039 40 23 per
1940 3041 93 21 annum,
2052 3035 95 31 payable
2159 3036 23 23 in
2194 3036 99 24 advance
2302 3046 7 19 ;
2329 3046 25 14 or
2366 3046 40 16 one
2418 3039 57 23 shil-

1888 3066 48 30 ling
1946 3066 37 23 for
1995 3068 74 30 single
2076 3069 120 27 .numbers.

1921 3105 245 26 Advertisements.
2169 3121 34 3 —
2204 3109 42 22 Six
2263 3110 59 23 lines
2340 3112 44 23 and
2396 3112 78 29 under,

1888 3139 36 22 3s.
1936 3138 40 23 6d.
1990 3139 35 23 for
2037 3140 37 23 the
2086 3141 49 23 first
2146 3142 116 28 insertion,
2271 3143 45 23 and
2328 3151 43 16 one
2372 3151 3 8 1
2382 3145 93 31 shilling

1887 3171 35 23 for
1940 3171 56 23 each
2014 3173 140 31 subsequent
2171 3175 125 28 insertion;
2321 3176 57 25 from
2396 3179 37 22 six
2452 3185 22 17 to

1887 3208 38 19 ten
1937 3204 66 29 lines,
2015 3206 45 23 five
2071 3206 105 33 shillings
2187 3208 35 23 for
2236 3208 38 24 the
2293 3209 57 29 first,
2371 3211 42 23 and
2432 3220 42 16 one

1888 3237 94 32 shilling
2003 3239 46 23 and
2071 3241 107 31 sixpence
2200 3241 35 23 for
2257 3242 55 23 each
2336 3244 138 31 subsequent

1888 3272 108 23 insertion
2006 3281 5 18 ;
2032 3273 70 23 above
2114 3279 38 18 ten
2168 3274 66 29 lines,
2255 3276 43 22 five
2316 3275 104 33 shillings
2440 3279 34 23 for

1887 3306 38 23 the
1937 3307 50 22 first
1999 3311 37 18 ten
2049 3307 67 28 lines,
2128 3307 45 24 and
2184 3308 122 31 fourpence
2320 3317 41 23 per
2378 3310 43 23 line
2436 3311 38 24 for

1887 3341 37 23 the
1936 3348 80 16 excess
2029 3340 26 23 of
2070 3340 47 24 that
2126 3341 95 23 number
2230 3350 5 19 ;
2255 3343 44 23 and
2312 3348 113 27 twopence
2434 3352 39 23 per

1887 3375 44 22 line
1943 3375 36 22 for
1990 3373 57 24 each
2058 3375 139 31 subsequent
2210 3376 119 24 insertion.

1920 3415 197 24 Advertisements
2130 3415 45 23 will
2187 3422 40 17 not
2237 3424 84 23 appear
2335 3418 24 22 in
2378 3418 37 23 the
2434 3426 40 15 en-

1887 3448 67 31 suing
1965 3449 105 28 number,
2083 3449 20 22 if
2117 3449 101 23 received
2232 3449 57 23 later
2308 3449 55 24 than
2380 3450 93 32 Friday,

1889 3484 30 21 10
1942 3481 96 28 o'clock,
2063 3490 54 15 a.m.
2158 3482 198 23 Advertisements
2378 3484 44 23 will
2442 3484 33 31 \e

1887 3514 121 24 continued
2020 3515 43 22 and
2076 3514 99 31 charged
2186 3515 57 23 until
2258 3516 200 25 counter-ordered
2466 3527 6 20 ;

1887 3547 55 23 such
1954 3547 67 23 order
2033 3552 61 18 must
2106 3548 27 23 be
2152 3552 50 19 sent
2220 3552 22 19 to
2261 3548 39 23 the
2319 3549 73 24 Office
2411 3550 63 25 three

1887 3581 55 30 days
1948 3580 78 24 before
2034 3581 146 30 publication,
2189 3581 44 23 and
2239 3586 64 19 must
2309 3582 28 24 be
2344 3583 24 23 in
2376 3584 96 31 writing.

1920 3621 39 23 All
1972 3620 86 29 orders,
2073 3621 194 30 advertisements,
2286 3623 45 23 and
2349 3625 124 23 communi-

1887 3655 86 22 cations
1985 3660 23 18 to
2020 3654 38 23 the
2070 3655 91 28 Editor,
2175 3663 38 16 are
2228 3657 121 31 requested
2360 3662 22 19 to
2394 3657 27 24 be
2434 3657 40 24 ad-

1888 3688 94 23 dressed
1993 3691 22 19 to
2028 3688 46 23 this
2088 3688 83 24 Office.

1921 3727 67 23 Book
1999 3727 64 23 work
2075 3728 44 23 and
2133 3728 41 31 job
2186 3729 103 32 printing
2307 3730 26 24 of
2349 3738 66 23 every
2433 3730 40 23 de-

1888 3761 116 31 scription,
2016 3761 112 24 executed
2138 3761 54 24 with
2204 3761 112 33 dispatch,
2336 3763 44 24 and
2397 3764 22 22 in
2436 3763 37 23 th»

1887 3794 51 24 best
1949 3794 68 26 style.
2032 3816 5 4 ,

1270 3681 146 48 PAINTS,
1427 3683 48 25 oils,
1486 3683 45 21 and
1541 3684 115 21 varnishes
1662 3692 5 18 ;

1353 3707 61 22 Nails
1425 3708 45 22 and
1479 3709 62 21 locks
1553 3710 25 20 of
1588 3710 30 22 all
1628 3710 66 23 kinds
1702 3719 5 19 ;

1351 3733 102 23 Window
1462 3734 67 28 glass,
1540 3737 26 20 13
1575 3736 31 28 by
1614 3738 14 20 9
1634 3745 5 19 ;

1352 3760 63 27 Soap,

1352 3786 51 27 Tea,

1352 3813 61 27 Rice,

1352 3839 58 23 Rose
1420 3841 59 22 Cork
1489 3841 82 28 butter,

1352 3867 94 28 Arrack,
1458 3867 40 23 &c.
1509 3869 41 21 &c.

1470 3895 26 22 T.
1512 3895 34 24 M.
1562 3895 183 26 PARTRIDGE
1754 3897 47 24 and
1811 3898 45 22 CO.

1297 3919 64 25 June
1368 3921 22 23 9.
