2540 3989
1931 2620 45 24 Dr.
2000 2620 87 24 Hinds
2109 2618 109 25 returned
2235 2617 89 24 thanks.

1971 2653 29 24 he
2009 2653 58 28 said,
2138 2656 80 26 accept
2228 2651 39 23 the
2283 2650 138 32 compliment
2433 2657 24 15 as
2465 2658 15 15 a

1898 2687 141 30 recognition
2056 2686 26 22 of
2096 2693 14 15 a
2130 2689 65 27 great
2206 2684 109 31 principle
2315 2696 30 4 —
2346 2691 13 16 a
2370 2682 108 33 principle

1898 2719 75 24 which
1983 2719 13 23 I
2007 2719 84 31 rejoice
2101 2723 25 18 to
2136 2726 38 15 see
2187 2718 94 30 gaining
2289 2716 83 32 ground
2380 2716 55 24 with
2442 2715 37 23 the

1900 2752 88 24 British
1999 2752 78 31 public
2079 2764 33 4 —
2112 2751 49 23 that
2173 2751 147 23 colonization
2328 2750 44 23 and
2381 2749 37 24 the
2428 2756 51 24 pro-

1899 2787 107 30 pagation
2015 2785 27 24 of
2056 2785 38 24 the
2112 2784 80 31 gospel
2213 2783 71 31 ought
2301 2787 20 19 to
2336 2790 30 24 go
2378 2782 61 24 hand
2458 2781 22 24 in

1900 2820 74 27 hand;
1994 2818 50 24 that
2063 2818 66 23 when
2140 2825 54 16 men
2214 2818 49 30 quit
2282 2816 54 24 their
2348 2820 94 26 country
2459 2818 22 20 to

1900 2852 68 24 make
1980 2851 35 24 for
2024 2851 138 24 themselves
2171 2858 15 16 a
2194 2854 95 27 country
2299 2850 20 22 in
2325 2849 84 23 distant
2418 2847 61 25 lands

1901 2898 32 4 —
1935 2890 23 19 to
1969 2884 72 24 found
2061 2893 14 15 a
2094 2883 98 25 kindred
2213 2884 86 30 empire
2317 2882 102 32 perhaps,
2437 2879 45 33 (for

1901 2926 56 16 even
1969 2918 47 23 this
2034 2917 104 24 brilliant
2154 2916 147 31 anticipation
2311 2923 37 17 can
2359 2914 80 31 hardly
2455 2914 26 24 he

1903 2951 132 24 considered
2056 2952 24 22 in
2100 2950 40 23 the
2157 2954 92 27 present
2270 2950 98 22 instance
2383 2952 24 19 at
2416 2947 65 29 least,

1902 2993 25 15 as
1938 2984 128 31 altogether
2078 2981 107 32 fanciful)
2187 2995 33 4 —
2220 2982 49 24 that
2284 2989 47 16 men
2342 2981 71 31 going
2422 2980 59 24 forth

1901 3018 56 23 with
1968 3026 14 15 a
2001 3017 59 31 lofty
2080 3016 91 31 destiny
2182 3015 52 24 like
2240 3015 47 24 this
2305 3018 18 20 to
2333 3014 69 25 fulfil,
2411 3013 45 24 and
2470 3021 13 16 a

1901 3051 99 30 weighty
2006 3049 172 32 responsibility
2187 3048 47 24 like
2242 3048 47 24 this
2298 3053 21 17 to
2324 3048 75 23 future
2409 3047 72 28 times,

1903 3084 73 31 ought
1983 3087 42 19 not
2033 3088 25 19 to
2067 3082 29 24 be
2106 3081 120 25 furnished
2237 3081 82 30 merely
2328 3080 53 23 with
2392 3080 39 23 the
2440 3080 41 23 im-

1902 3117 113 31 plements
2024 3116 27 24 of
2057 3120 35 20 art
2103 3115 46 23 and
2157 3114 91 29 wealth,
2267 3121 26 16 or
2307 3121 52 16 even
2376 3112 55 24 with
2446 3111 36 24 the

1903 3157 117 17 resources
2030 3149 25 23 of
2070 3157 14 15 a
2091 3148 83 31 higher
2191 3147 84 24 mental
2288 3146 132 29 cultivation,
2442 3146 40 23 but

1903 3183 49 24 that
1963 3182 55 32 they
2029 3181 83 25 should
2122 3181 58 24 have
2199 3180 78 24 withal
2298 3188 12 15 a
2318 3180 114 31 provision
2449 3178 33 24 for

1904 3216 58 24 their
1971 3216 110 30 religious
2090 3218 81 25 wants,
2194 3213 44 24 and
2256 3213 37 24 for
2310 3213 55 23 their
2374 3212 107 23 advance-

1903 3254 64 20 ment
1977 3249 24 23 in
2013 3249 41 23 the
2068 3248 39 24 the
2116 3248 62 23 scale
2196 3246 26 24 of
2237 3244 246 32 Heaven-enlightened

1904 3282 45 24 and
1970 3281 170 24 Christianized
2159 3280 129 30 humanity.
2322 3279 35 23 To
2376 3277 82 25 render
2467 3285 14 15 a

1905 3315 90 24 scheme
2004 3315 26 22 of
2045 3314 150 24 colonization
2209 3312 94 31 perfect,
2314 3311 59 24 there
2381 3310 72 32 ought
2461 3315 21 18 to

1903 3348 30 23 be
1944 3356 13 15 a
1966 3347 99 24 transfer
2072 3347 26 23 of
2112 3346 37 23 all'
2153 3345 38 24 the
2198 3345 62 23 main
2266 3345 93 23 features
2368 3343 24 24 of
2401 3343 81 31 society

1904 3389 26 15 as
1955 3382 20 22 it
1992 3380 73 23 exists
2082 3380 26 22 in
2127 3379 39 23 the
2190 3378 127 30 coloniiing
2333 3381 106 27 country;
2459 3383 23 16 so

1905 3413 48 24 that
1971 3414 25 22 in
2011 3412 40 23 the
2069 3411 134 31 emigrant's
2219 3418 55 17 new.
2281 3410 64 24 abode
2354 3409 87 25 neither
2449 3409 33 23 his

1905 3453 94 24 eye-nor
2006 3445 38 24 his
2059 3445 67 24 heart
2136 3444 84 25 should
2237 3444 57 23 miss
2308 3451 40 23 any
2362 3451 42 16 one
2421 3442 63 30 thing

1905 3479 54 24 with
1978 3478 74 24 which
2070 3478 38 24 his
2126 3478 107 31 feelings,
2244 3477 47 23 and
2307 3476 116 28 character,
2440 3474 42 24 and

1905 3512 130 31 happiness,
2045 3511 58 24 have
2112 3511 61 24 been
2183 3510 99 24 hitherto
2294 3509 119 31 intimately
2422 3516 60 16 asso-

1905 3545 80 24 ciated.
2022 3545 25 23 It
2058 3552 52 23 may
2123 3552 69 16 never
2204 3544 28 23 be
2249 3543 94 31 possible
2354 3540 130 33 completely

1905 3583 23 19 to
1950 3578 83 24 realize
2056 3578 47 23 this
2126 3577 50 24 idea
2187 3585 6 20 ;
2223 3576 43 24 but
2294 3576 32 23 the
2347 3582 80 17 nearer
2448 3573 36 24 the

1905 3611 113 32 approach
2030 3619 34 15 we
2075 3610 68 24 make
2155 3614 23 19 to
2191 3610 26 28 it,
2229 3609 39 23 the
2286 3616 73 16 nearer
2377 3615 32 16 we
2421 3613 59 17 come

1905 3649 23 19 to
1940 3644 38 24 the
1988 3644 129 32 perfecting
2129 3643 26 24 of
2167 3651 15 15 a
2194 3642 90 23 scheme
2296 3641 22 24 of
2325 3640 143 24 colonization
2474 3647 7 19 ;

1907 3677 44 24 and
1960 3677 40 24 the
2009 3677 91 23 further
2110 3684 34 15 we
2156 3675 79 24 recede
2246 3675 59 23 from
2319 3674 23 28 it,
2355 3674 37 23 the
2408 3678 76 18 neater

1896 3716 2 18 i
1907 3719 32 16 we
1950 3711 69 30 bring
2030 3710 39 23 the
2079 3709 115 24 condition
2206 3708 26 23 of
2239 3708 40 23 the
2291 3707 104 31 emigrant
2403 3710 22 20 to
2437 3705 45 23 that

1907 3744 26 24 of
1947 3752 13 15 a
1972 3742 121 24 miserable
2105 3742 68 24 exile.
2209 3740 24 24 It
2244 3742 21 22 is
2275 3741 40 22 but
2324 3748 12 15 a
2344 3739 50 32 just
2404 3738 78 24 tribute

1907 3782 23 18 to
1941 3777 39 23 the
1992 3776 79 30 highly
2074 3775 84 31 -gifted
2169 3774 124 30 originator
2309 3773 21 23 of
2344 3772 37 24 the
2399 3771 52 32 plan
2462 3769 22 23 of

1908 3810 129 29 colonizing
2055 3808 58 23 New
2133 3806 109 28 Zealand,
2260 3806 44 23 and
2321 3810 20 19 to
2357 3805 63 23 those
2437 3802 46 23 who

1907 3843 57 24 have
1976 3850 26 15 so
2011 3841 54 31 ably
2077 3839 119 25 combined
2213 3839 54 23 with
2282 3839 43 23 him
2336 3843 23 19 to
2371 3836 61 24 work
2447 3839 37 19 out

1908 3877 50 23 that
1968 3875 62 31 plan,
2044 3879 23 18 to
2084 3881 41 24 say
2143 3873 50 23 that
2211 3872 46 23 this
2275 3871 68 24 oWect
2362 3870 52 30 they
2431 3869 53 23 have

1905 3908 100 30 steadily
2020 3907 58 31 kept
2094 3907 25 23 in
2136 3907 73 26 view;
2234 3904 47 25 and
2292 3901 192 30 'notwithstanding

1268 122 54 24 with
1333 121 41 25 the
1381 121 47 25 real
1442 121 148 24 interesWof
1603 120 39 24 the
1644 120 6 8 1
1654 119 127 32 aboriginal
1790 118 67 24 inha-

1268 155 85 24 bitants
1364 155 26 24 of
1402 154 38 24 the
1451 154 62 28 land,
1533 154 46 23 and
1589 153 104 24 likewise
1703 153 24 23 in
1739 160 14 15 a
1764 159 92 17 manner

1269 189 124 23 consistent
1402 187 54 23 with
1467 187 39 23 the
1518 186 91 24 welfare
1625 186 26 23 of
1673 185 39 23 the
1727 186 89 22 natives
1833 184 26 24 of

1270 220 45 24 this
1326 225 93 26 country
1428 219 51 24 who
1488 227 53 23 may
1553 227 29 23 go
1600 222 40 19 out
1658 222 25 19 to
1701 218 67 23 settle
1784 217 70 23 there.

1270 254 13 23 I
1295 261 37 16 am
1341 252 106 29 satisfied,
1465 252 13 24 I
1490 259 50 24 say,
1556 252 51 22 that
1625 250 38 24 the
1682 250 58 24 New
1759 250 97 23 Zealand

1270 286 118 31 Company
1398 285 47 24 will
1452 285 46 23 feel
1509 285 19 22 it
1536 288 41 19 not
1592 283 55 31 only
1658 283 59 24 their
1736 283 62 31 duty,
1816 282 41 24 but

1270 318 59 24 their
1339 320 101 26 interest,
1450 322 24 19 to
1486 317 99 24 conduct
1596 316 45 24 and
1656 324 66 23 carry
1741 320 40 19 out
1800 314 57 25 their

1270 351 104 24 schemes
1385 349 51 25 with
1448 358 14 16 a
1472 351 59 23 view
1541 354 23 19 to
1576 349 39 24 the
1626 349 72 24 moral
1716 348 46 24 and
1780 348 76 31 religi-

1271 392 49 21 ous,
1332 392 26 15 as
1377 383 48 24 well
1442 391 26 16 as
1487 383 39 23 the
1545 382 53 24 civil
1607 391 4 2 ~
1617 382 108 23 interests
1746 381 27 24 of
1793 381 64 23 those

1270 417 74 23 whom
1356 417 50 30 they
1418 424 52 23 may
1480 423 127 24 encourage
1617 419 23 19 to
1651 422 31 24 go
1698 419 48 19 out.
1788 414 68 23 lam

1272 450 100 23 satisfied
1385 449 47 24 that
1450 448 66 24 these
1531 448 133 31 gentlemen
1682 454 46 17 are-
1736 451 40 19 not
1797 454 61 16 mere

1271 483 136 30 speculators
1418 481 36 24 for
1466 489 91 23 money.
1595 481 21 28 I,
1637 480 122 29 therefore,
1776 479 81 32 rejoice

1272 520 22 19 to
1305 523 38 15 see
1354 515 38 23 the
1402 519 123 19 strenuous
1537 514 77 23 efforts
1625 513 53 31 they
1690 520 38 17 are
1746 512 94 30 making
1849 521 6 20 ;

1272 548 44 24 and
1327 548 14 23 I
1350 548 81 31 rejoice
1442 552 24 18 to
1478 554 39 16 see
1529 547 38 23 the
1579 546 122 31 sympathy
1712 546 45 23 and
1775 553 83 15 encou-

1272 585 116 26 ragement
1397 581 68 30 given
1477 585 24 18 to
1511 579 61 24 them
1585 580 31 30 by
1626 586 96 24 persons
1737 578 121 23 connected

1272 613 53 23 with
1336 613 39 24 the
1386 613 63 23 other
1460 613 99 23 colonies
1572 612 25 23 of
1611 612 40 24 the
1669 612 86 31 empire
1762 619 7 21 ;
1790 610 33 25 for
1840 611 18 23 it

1272 646 74 24 would
1357 647 24 22 in
1390 645 60 24 truth
1461 645 29 24 be
1499 654 14 15 a
1524 652 88 17 narrow
1627 644 46 24 and
1689 644 89 32 jealous
1793 644 66 30 spirit

1272 678 74 24 which
1362 678 64 24 could
1444 678 82 24 induce
1547 685 42 16 one
1611 681 52 27 part
1686 677 24 23 of
1738 676 37 23 the
1796 681 62 26 great

1272 711 89 24 British
1372 712 82 30 empire
1468 715 22 19 to
1503 718 58 23 envy
1573 710 39 23 the
1623 709 129 32 prosperity
1769 709 26 23 of
1815 716 44 23 any

1273 744 72 24 other.
1381 744 59 23 lam
1457 743 102 24 satisfied
1576 743 50 23 that
1640 742 40 23 the
1698 746 51 19 true
1767 742 92 23 interest

1273 777 25 24 of
1313 777 39 23 the
1364 776 85 25 British
1458 777 96 30 empire,
1571 780 24 18 at
1602 775 68 23 home
1682 774 44 24 and
1739 774 88 29 abroad,
1839 775 21 22 is

1273 815 22 18 to
1305 810 28 23 be
1344 810 68 23 found
1422 810 24 23 in
1458 809 68 31 equal
1545 808 93 32 justice,
1658 807 45 24 and
1720 808 25 23 in
1762 815 14 16 a
1797 807 61 28 wise,

1273 842 115 32 enlarged,
1414 842 89 28 liberal,
1534 842 46 22 and
1609 840 148 31 enlightened
1776 840 82 31 policy.

1274 876 78 23 Those
1363 883 36 16 are
1410 875 39 23 the
1461 875 54 31 only
1527 874 123 32 principles
1669 873 75 24 which
1759 873 101 23 coralline

1273 908 104 31 together
1397 908 38 24 the
1458 908 90 31 mighty
1566 908 72 22 fabric
1659 906 27 24 of
1710 906 39 24 the
1773 906 88 24 British-

1274 942 85 30 empire
1367 950 7 20 ;
1392 941 43 24 and
1447 941 13 23 I
1473 945 61 19 trust
1546 940 65 23 those
1622 939 124 33 principles
1758 939 46 23 will
1819 939 41 23 ad-

1274 982 75 16 vance'
1353 982 65 23 every
1425 974 52 31 day.
1504 974 13 23 I
1524 974 35 23 for
1569 981 51 21 one,
1628 972 67 24 while
1702 981 34 15 we
1742 972 57 23 have
1807 979 53 16 seen

1275 1015 66 23 every
1354 1007 62 24 other
1426 1011 66 27 great
1499 1006 98 23 colonial
1604 1006 85 30 empire
1703 1005 41 23 fall
1756 1010 23 18 to
1788 1005 73 31 pieces

1275 1040 45 24 and
1332 1040 74 31 decay,
1419 1040 47 23 will
1477 1043 62 19 trust
1550 1039 49 23 that
1609 1038 39 24 the
1658 1038 88 24 British
1756 1038 105 23 Colonies

1275 1073 45 23 will
1331 1073 54 31 long
1394 1073 54 23 hold
1459 1072 112 31 together,
1583 1076 41 19 not
1633 1071 55 31 only
1698 1071 35 23 for
1745 1070 58 24 their
1813 1078 48 16 own

1275 1106 113 29 interests,
1404 1110 41 19 not
1462 1105 55 31 only
1534 1105 35 23 for
1587 1104 39 24 the
1644 1105 107 22 interests
1774 1104 26 23 of
1822 1103 39 24 the

1275 1139 89 24 British
1375 1139 91 31 empire,
1477 1139 50 28 but,
1551 1146 25 15 as
1596 1137 12 24 I
1626 1137 76 31 firmly
1724 1137 87 23 believe
1825 1136 36 24 for

1275 1172 40 23 the
1326 1172 90 31 general
1428 1172 108 23 interests
1548 1170 25 24 of
1581 1170 87 23 human
1679 1174 89 19 nature.
1777 1168 84 32 (Much

1276 1204 125 32 cheering.)
1436 1205 62 23 lam
1511 1209 39 18 too
1560 1203 51 24 well
1629 1210 72 16 aware
1708 1202 27 24 of
1749 1202 37 24 the
1798 1202 63 24 value

1275 1238 26 23 of
1315 1246 58 23 your
1383 1238 52 23 time
1447 1242 24 19 to
1487 1237 77 24 detain
1581 1244 45 23 you
1644 1243 45 23 any
1701 1236 94 30 longer;
1814 1236 47 28 but,

1275 1271 104 30 gratified
1388 1279 23 15 as
1424 1270 12 24 I
1449 1270 58 24 have
1518 1270 58 24 been
1592 1270 30 30 by
1637 1269 40 23 the
1696 1269 57 23 kind
1771 1276 90 16 manner

1276 1304 23 23 in
1312 1304 73 23 which
1394 1311 45 24 you
1451 1303 58 24 have
1520 1303 105 23 received
1633 1302 42 23 the
1686 1301 77 24 health
1781 1301 25 23 of
1823 1301 38 23 the

1277 1337 154 23 Government
1442 1337 26 23 of
1482 1336 75 23 which
1571 1334 290 28 lamahumblemembor,

1277 1369 44 24 and
1332 1369 120 24 interested
1465 1377 24 16 as
1502 1369 14 24 1
1528 1377 37 15 am
1576 1369 25 23 in
1612 1368 39 23 the
1661 1372 66 26 great
1743 1367 44 24 and
1803 1367 58 31 truly

1277 1403 88 23 British
1376 1403 83 31 objects
1472 1402 50 24 that
1529 1402 57 24 have
1597 1401 99 31 brought
1706 1409 46 22 you
1762 1401 99 30 together

1277 1443 29 16 on
1317 1435 47 24 this
1374 1437 103 22 occasion
1477 1448 33 4 —
1512 1435 86 31 objects
1609 1435 24 22 in
1642 1434 76 23 which
1729 1442 68 22 every
1802 1442 59 20 man,

1276 1468 112 24 whatever
1395 1468 34 24 his
1439 1468 104 32 political
1554 1468 104 31 opinions
1669 1475 53 22 may
1740 1467 36 28 be,
1793 1466 68 31 ought

1277 1507 22 18 to
1312 1502 43 23 feel
1367 1510 27 15 an
1405 1503 94 22 interest
1499 1514 35 3 —
1535 1501 12 23 I
1565 1500 66 24 could
1648 1504 42 20 not
1711 1500 84 24 refrain
1805 1500 56 24 from

1277 1535 98 31 offering
1384 1535 62 23 these
1456 1535 43 23 few

1311 1565 79 34 [Here
1410 1576 14 15 a
1447 1568 73 23 comic
1544 1574 58 24 song
1624 1574 53 16 was-
1694 1574 59 23 sung
1769 1566 31 31 by
1812 1565 49 25 Mr.

1278 1600 151 29 Fitzwilliam,
1442 1608 30 16 on
1482 1600 40 23 the
1534 1599 89 32 subject
1634 1599 26 24 of
1675 1599 38 24 the
1731 1599 130 31 expedition

1278 1635 89 28 against
1378 1634 35 23 the
1425 1633 111 24 Celestial
1546 1631 119 32 Empire.]

1313 1667 47 24 Mr.
1374 1666 124 25 Alderman
1515 1666 144 23 Thompson
1673 1664 71 32 spoke
1755 1665 24 23 in
1790 1664 73 32 praise

1279 1700 28 23 of
1322 1700 38 23 the
1372 1700 96 23 services
1479 1698 111 24 rendered
1602 1703 23 18 to
1636 1697 40 24 the
1689 1706 66 15 cause
1764 1697 24 23 of
1804 1697 59 23 colo-

1278 1734 101 22 nization
1387 1734 24 22 in
1422 1732 57 24 New
1491 1731 104 24 Zealand
1605 1731 30 30 by
1647 1731 40 23 the
1705 1731 76 23 Lords
1794 1730 69 25 Com-

1278 1767 79 22 mittee
1379 1766 23 23 of
1419 1767 63 23 1838
1492 1774 6 19 ;
1519 1764 45 24 and
1583 1764 113 31 proposed
1714 1764 39 22 the
1772 1767 57 19 toast
1841 1763 24 23 of

1361 1798 54 24 Earl
1423 1798 25 23 of
1463 1798 91 28 Devon,
1567 1797 64 24 Lord
1639 1797 78 27 Petre,
1729 1796 63 23 Lord
1800 1796 63 23 Ash-

1278 1831 95 28 burton,
1386 1831 42 24 and
1437 1831 39 23 the
1489 1831 82 23 House
1585 1830 25 23 of

1314 1865 51 24 The
1379 1865 53 23 Earl
1445 1865 25 22 of
1484 1864 102 27 Devon,
1600 1864 25 22 in
1641 1863 121 30 returning
1773 1861 90 30 thanks,

1280 1898 49 24 said
1339 1898 50 23 that
1399 1898 62 23 there
1473 1905 47 15 was
1532 1905 29 15 no
1572 1896 60 31 body
1652 1896 25 22 of
1693 1903 52 16 men
1757 1900 24 18 to
1792 1895 71 23 whom

1280 1931 38 23 the
1330 1931 103 23 interests
1447 1930 25 23 of
1487 1930 73 23 Great
1579 1929 98 28 Britain,
1696 1930 24 21 in
1739 1929 125 22 connexion

1281 1964 53 22 with
1346 1964 38 23 the
1395 1964 116 28 Colonies,
1530 1970 46 15 was
1587 1969 64 16 mote
1662 1962 55 23 dear
1728 1961 54 24 than
1794 1965 22 19 to
1826 1960 39 24 the

1283 1997 81 22 House
1376 1996 23 22 of
1414 1996 80 22 Peers.
1527 1995 28 23 'It
1566 2002 47 16 was
1625 2002 13 15 a
1648 1999 66 25 great
1727 1994 103 30 pleasure
1842 1998 23 18 to

1281 2028 48 24 him
1341 2033 23 18 to
1373 2028 26 23 be
1409 2027 56 24 with
1477 2027 62 24 them
1555 2035 30 15 on
1597 2026 37 24 the
1650 2030 93 27 present
1754 2026 109 23 occasion.

1282 2061 24 24 It
1316 2069 48 15 was
1374 2061 35 23 his
1420 2061 33 23 lot
1465 2065 23 19 to
1499 2060 59 24 have
1576 2060 51 23 first
1639 2059 71 23 called
1722 2059 108 23 attention
1841 2059 24 23 in

1282 2094 38 23 the
1344 2094 79 23 House
1434 2094 26 23 of
1475 2093 73 24 Peers
1571 2098 24 18 to
1617 2092 38 24 the
1678 2092 81 30 colony
1770 2092 25 23 of
1809 2091 55 24 New

1283 2127 107 28 Zealand,
1402 2127 45 23 and
1458 2131 22 18 to
1492 2126 59 23 have
1562 2125 70 25 taken
1653 2133 29 16 an
1694 2125 72 23 active
1776 2130 49 25 part
1837 2132 28 16 on

1283 2160 41 23 the
1345 2160 88 32 subject
1454 2160 26 23 in
1505 2159 146 31 conjunction
1663 2158 65 24 .with
1747 2158 36 23 his
1800 2158 65 23 noble

1282 2193 86 24 friends
1386 2193 53 23 then
1449 2197 101 26 present,
1569 2192 76 24 Lords
1663 2192 69 23 Petre
1748 2191 45 23 and
1804 2190 59 24 Ash-

1284 2226 83 23 burton
1376 2235 6 19 ;
1400 2226 45 23 and
1456 2226 28 23 he
1496 2225 68 24 could
1575 2225 60 31 truly
1648 2233 49 23 say,
1716 2224 50 23 that
1781 2225 37 22 the
1828 2232 37 15 re-

1283 2259 46 23 sult
1341 2259 25 23 of
1381 2259 35 23 the
1432 2259 93 30 inquiry
1543 2258 45 24 had
1606 2258 58 23 been
1679 2258 59 30 fully
1753 2262 23 18 to
1788 2257 80 31 satisfy.

1284 2292 39 23 the
1335 2292 79 24 House
1422 2292 25 23 of
1456 2292 74 23 Peers
1538 2292 24 23 of
1578 2291 38 24 the
1625 2292 139 30 importance
1772 2291 25 22 of
1811 2289 56 25 New

1284 2325 101 23 Zealand
1404 2332 26 16 as
1452 2333 15 15 a
1487 2324 97 24 colonial
1607 2324 145 31 dependency
1775 2324 26 22 of
1821 2323 46 23 this

1284 2363 95 26 country
1386 2367 6 19 ;
1410 2357 45 24 and
1477 2358 52 23 that
1550 2359 18 22 it
1590 2357 85 24 offered
1695 2365 13 15 a
1728 2357 43 23 fair
1783 2355 51 24 field
1845 2356 25 23 of

1284 2392 121 30 enterprise
1413 2391 35 23 for
1461 2391 38 23 the
1509 2391 96 23 colonial
1613 2392 66 29 spirit
1687 2390 24 23 of
1720 2390 38 23 the
1766 2393 101 27 country,

1284 2425 24 22 in
1319 2424 73 23 which
1403 2424 59 23 their
1484 2424 88 31 objects
1595 2423 66 24 could
1682 2423 28 23 be
1731 2422 87 24 carried
1827 2430 40 16 out

1284 2457 54 23 with
1350 2458 44 23 less
1404 2458 26 22 of
1445 2457 86 31 danger
1542 2461 24 19 to
1577 2456 39 24 the
1634 2456 128 31 aboriginal
1780 2455 87 24 inhabi-

1285 2496 60 18 tants
1357 2491 52 23 than
1419 2491 26 22 in
1455 2498 46 23 any
1513 2490 65 23 other
1583 2489 74 32 place.
1694 2489 51 24 The
1751 2489 54 31 plan
1816 2488 52 24 then

1285 2524 109 31 proposed
1401 2523 46 23 had
1453 2528 41 18 not
1499 2524 58 22 been
1566 2522 97 31 adopted
1671 2531 6 19 ;
1697 2522 53 28 and,
1762 2521 106 31 although

1285 2557 28 24 he
1324 2557 46 23 had
1381 2556 122 31 supported
1520 2557 27 27 it,
1566 2555 29 24 he
1606 2563 47 15 was
1668 2554 105 32 gratified
1790 2555 49 23 that
1851 2555 18 22 it

1285 2590 51 23 had-
1341 2594 39 19 not
1388 2590 58 23 been
1457 2588 104 32 adopted,
1573 2589 98 23 because
1683 2588 29 23 he
1719 2588 41 23 felt
1771 2587 99 24 satisfied

1287 2623 48 23 that
1357 2623 19 23 it
1396 2622 44 24 had
1461 2622 59 23 been
1544 2621 138 32 superseded
1701 2621 30 30 by
1744 2620 126 31 something

1285 2663 63 16 more
1359 2654 122 25 calculated
1500 2660 24 18 to
1540 2654 97 24 forward
1655 2654 39 23 the
1712 2653 86 32 objects
1817 2653 53 31 they

1286 2689 32 23 all
1325 2689 47 23 had
1381 2689 22 23 in
1414 2689 65 23 view.

1320 2722 49 23 Mr.
1388 2721 29 24 G.
1430 2721 30 24 F.
1473 2720 96 25 Young
1579 2724 56 20 next
1658 2728 51 15 rose
1731 2724 23 19 to
1776 2726 94 25 propose

1310 2755 64 23 Lord
1384 2754 78 29 Elliot,
1475 2754 45 23 and
1530 2754 38 23 the
1576 2754 118 24 Members
1705 2754 25 22 of
1745 2753 38 23 the
1792 2752 78 24 House

1288 2788 25 24 of
1323 2788 128 28 Commons,
1464 2787 148 31 particularly
1625 2787 65 23 those
1701 2786 51 23 who
1762 2786 45 23 had
1814 2786 63 28 done,

1287 2821 63 24 them
1361 2821 36 23 the
1407 2821 81 23 favour
1499 2821 26 23 of
1541 2820 118 31 attending
1670 2820 50 23 that
1842 2818 35 24 In,

1287 2855 94 30 naming
1397 2854 64 23 Lord
1478 2853 66 24 Eliot
1560 2853 124 31 especially
1704 2861 25 15 as
1741 2860 43 15 one
1796 2852 23 23 of
1834 2851 38 24 the

1289 2887 115 24 Members
1416 2887 24 23 of
1455 2886 39 24 the
1507 2886 83 24 House
1597 2886 26 24 of
1637 2886 126 23 Commons
1770 2890 23 18 to
1800 2885 72 23 whom

1289 2921 53 30 they
1353 2927 56 16 were
1421 2919 104 24 desirous
1541 2920 26 23 of
1581 2920 86 30 paying
1685 2919 152 31 compliment,
1854 2919 19 22 it

1289 2961 45 15 was
1357 2961 119 22 necessary
1499 2952 28 24 he
1540 2952 83 24 should
1640 2952 79 23 advert
1727 2957 33 18 -to
1772 2951 38 24 the
1819 2959 53 24 par-

1289 2986 81 23 ticular
1381 2986 64 23 claim
1457 2986 51 23 that
1519 2985 67 24 noble
1597 2985 50 24 lord
1658 2985 47 23 had
1712 2990 22 18 to
1742 2985 38 23 the
1790 2984 83 24 thanks

1289 3020 26 23 of
1324 3019 38 23 the
1378 3019 106 30 meeting,
1501 3020 25 22 in
1539 3026 155 24 consequence
1703 3018 26 24 of
1737 3018 36 23 his
1788 3018 88 30 having

1289 3052 104 32 presided
1411 3060 54 15 over
1483 3060 15 15 a
1519 3051 136 24 Committee
1679 3051 26 24 of
1729 3051 38 24 the
1793 3051 80 23 House

1290 3086 86 30 during
1385 3085 36 23 the
1438 3085 46 23 last
1501 3085 97 28 session,
1616 3084 78 24 before
1705 3084 40 23 the
1762 3084 72 23 notice
1851 3084 26 23 of

1290 3119 74 22 which
1373 3122 38 19 not
1419 3117 53 31 only
1482 3117 40 24 the
1531 3118 80 23 claims
1623 3117 25 23 of
1657 3117 46 24 this
1722 3117 87 31 Colony
1818 3124 56 16 were

1289 3151 101 30 brought
1402 3150 104 30 forward,
1519 3151 41 23 but
1571 3151 31 30 by
1618 3150 75 24 whom
1709 3150 39 23 the
1764 3149 70 24 whole
1852 3149 25 24 of

1291 3185 38 23 the
1341 3188 174 20 circumstances
1525 3184 108 31 affecting
1642 3184 57 23 New
1709 3183 100 24 Zealand
1817 3190 58 17 were

1291 3217 149 32 prominently
1451 3216 125 24 submitted
1590 3222 24 18 to
1626 3217 39 23 the
1677 3216 164 24 consideration
1853 3215 25 24 of

1292 3250 146 24 Parliament.
1481 3249 25 24 It
1526 3257 44 16 was
1588 3258 14 15 a
1619 3249 116 24 condition
1753 3249 25 23 of
1792 3249 83 23 human

1292 3284 84 27 affairs,
1386 3282 61 25 Lord
1456 3283 80 23 Bacon
1545 3283 56 28 said,
1614 3282 50 24 that
1677 3282 69 24 much
1757 3281 118 24 difference

1287 3317 31 23 -of
1334 3317 89 30 opinion
1433 3323 47 16 was
1492 3321 24 18 to
1533 3315 28 24 be
1579 3315 111 32 expected
1707 3323 30 15 on
1747 3314 31 24 all
1793 3315 81 31 points,

1292 3350 41 23 but
1353 3350 18 22 it
1388 3357 43 15 was
1449 3357 14 15 a
1479 3349 104 31 glorious
1602 3349 68 30 thing
1686 3348 36 24 for
1740 3347 70 29 truth,
1826 3347 50 23 that

1292 3382 71 24 when-
1367 3390 49 16 men
1428 3382 94 23 entered
1538 3382 47 23 into
1602 3382 38 23 the
1653 3381 161 30 investigation
1823 3380 26 23 of
1863 3388 14 15 a

1294 3415 89 32 subject
1398 3415 25 23 of
1439 3415 56 30 deep
1507 3415 103 28 interest,
1629 3414 112 23 whatever
1758 3413 73 31 might
1847 3413 28 23 be

1293 3448 59 24 their
1364 3448 117 23 difference
1497 3448 28 22 of
1538 3448 98 31 opinion,
1650 3448 39 22 the
1698 3451 99 19 severest
1806 3445 69 24 shock

1294 3481 44 24 and
1357 3481 99 23 collision
1472 3480 26 24 of
1513 3481 124 22 sentiment
1656 3479 74 24 would
1746 3479 72 23 strike
1837 3482 40 20 out

1294 3522 63 16 some
1376 3513 68 32 spark
1453 3513 52 23 that
1517 3513 66 23 could
1593 3517 41 19 not
1652 3512 40 24 fail
1709 3517 24 18 to
1750 3512 69 23 break
1837 3516 40 18 out

1294 3549 48 22 into
1352 3547 37 23 the
1399 3547 64 23 blaze
1472 3546 26 23 of
1506 3546 72 23 truth.
1614 3545 51 24 The
1674 3545 81 30 angles
1767 3544 26 24 of
1800 3543 75 24 differ-

1294 3588 68 16 ences
1374 3580 21 23 in
1404 3580 93 30 opinion
1508 3586 59 16 were
1582 3578 88 24 rubbed
1686 3578 33 23 off
1727 3578 30 30 by
1768 3578 107 27 attrition,

1294 3613 45 24 and
1354 3620 50 16 men
1419 3611 93 25 learned
1527 3616 24 18 to
1561 3615 62 19 meet
1632 3612 25 22 in
1669 3610 117 31 harmony,
1796 3617 23 16 as
1828 3609 49 24 that

1295 3646 100 31 meeting
1404 3645 43 24 had
1456 3649 48 19 met
1513 3652 29 16 on
1552 3644 38 23 the
1599 3648 93 28 present
1702 3644 111 23 occasion.
1848 3643 29 23 In

1295 3680 38 23 the
1343 3679 143 31 compliment
1494 3677 56 31 they
1559 3685 57 15 were
1626 3677 87 31 paying
1722 3680 22 19 to
1754 3676 38 23 the
1802 3676 75 23 Mem-

1296 3713 52 23 bers
1359 3712 25 23 of
1392 3712 36 23 the
1439 3711 83 24 House
1531 3710 25 23 of
1566 3710 133 28 Commons,
1710 3709 28 23 he
1747 3716 46 16 was
1804 3709 73 31 happy

1296 3750 23 19 to
1331 3753 41 23 say
1381 3745 47 23 that
1439 3744 39 23 the
1490 3743 119 24 Directors
1622 3743 26 23 of
1661 3742 38 24 the
1712 3742 115 31 Company
1839 3742 41 23 felt

1296 3783 40 19 not
1353 3779 38 22 the
1406 3777 109 31 slightest
1526 3783 87 17 .reason
1631 3780 23 19 to
1671 3775 95 24 exclude
1784 3783 41 23 any
1837 3775 42 23 ho-

1297 3811 105 24 nourable
1416 3810 106 24 Member
1531 3810 120 22 whatever.
1688 3808 66 31 They
1764 3815 56 16 were
1828 3808 52 23 well

1297 3852 73 16 aware
1379 3844 47 23 that
1435 3843 57 24 such
1506 3843 118 24 Members
1637 3842 52 23 who
1699 3841 46 24 had
1756 3841 91 24 differed
1856 3841 24 23 in

1298 3877 92 32 opinion
1397 3876 53 24 with
1458 3876 64 24 them
1530 3876 44 23 had
1582 3875 95 24 differed
1683 3874 197 31 conscientiously.

1298 3910 40 24 On
1350 3910 38 24 the
1402 3914 52 26 part
1472 3909 25 24 of
1506 3909 40 24 the
1563 3908 131 29 Directory
1710 3907 31 24 he
1752 3907 90 31 begged
1859 3911 21 19 to

48 139 101 24 nization
169 136 83 30 which,
274 135 95 25 without
391 142 44 23 any
447 131 141 27 -distinction
609 132 27 24 of

47 175 75 27 party,
133 168 114 33 promised
257 173 24 19 to
292 175 64 24 carry
365 167 40 24 the
422 165 94 28 British.
517 184 5 9 v
520 165 54 31 -jßag
583 165 50 23 fur-

47 203 54 24 ther
111 203 55 24 than
175 203 20 23 it
205 201 45 25 had
260 205 38 27 yet
309 201 57 23 been
378 207 62 17 seen.
475 198 62 26 That
554 203 46 18 was
620 205 15 15 a

48 243 69 16 cause
127 236 25 23 in
163 234 73 24 which
246 234 37 24 the
301 233 67 24 noble
379 231 50 25 lord
445 229 78 33 might
526 229 69 32 glory
609 230 26 23 in

49 269 85 30 having
144 267 70 24 taken
225 275 13 15 a
249 271 59 27 part.
349 265 24 24 It
383 273 46 15 was
441 272 13 16 a
466 271 75 21 cause,
558 270 76 17 more-

50 308 61 21 over,
134 301 24 23 in
169 299 73 24 which
253 299 37 28 all,
313 298 104 23 however
438 296 100 28 humble,
561 295 74 31 might

48 333 57 24 bear
126 341 14 15 a
163 332 65 24 share
236 341 7 20 ;
262 331 45 24 and
324 338 62 24 upon
400 330 31 23 all
442 330 49 23 who
507 328 38 24 did
555 327 55 24 bear
621 335 14 16 a

48 371 54 27 part
112 374 14 15 a
136 373 39 23 ray
188 365 26 23 of
227 364 38 24 the
276 364 65 30 glory
362 362 104 24 attached
482 367 22 18 to
516 361 40 23 the
567 367 68 17 cause

50 399 73 23 would
145 398 85 23 reflect.
277 396 51 25 The
350 396 66 31 spirit
438 395 26 23 of
476 394 158 28 colonization,

50 440 64 15 more
125 430 55 24 than
191 430 31 24 all
233 438 41 15 our
285 429 111 28 victories,
408 435 63 16 more
479 427 58 23 .than
552 426 30 23 all
595 433 40 15 our

50 464 101 30 military
163 462 44 24 and
218 462 66 23 naval
302 461 120 31 triumphs,
433 460 45 23 had
497 459 86 24 carried
597 458 38 23 the

50 504 67 16 name
135 496 25 24 of
182 494 107 32 England
306 494 82 31 higher
407 494 53 22 than
478 492 48 23 that
544 492 26 22 of
591 499 45 22 any

48 529 68 24 other
133 529 76 23 nation
229 534 29 17 on
269 527 39 23 the
325 527 48 23 face
393 527 24 22 of
436 525 38 24 the
491 525 67 31 globe
566 533 6 20 ;
591 523 46 24 and

50 561 51 24 that
111 566 43 19 not
161 561 29 31 by
203 561 37 23 the
251 560 61 24 force
323 560 25 23 of
357 566 54 21 war,
422 558 42 23 but
475 558 29 30 by
511 564 125 17 commerce

51 595 46 22 and
108 594 37 23 the
159 598 46 19 arts
224 593 26 23 of
262 600 77 24 peace.
375 591 23 24 It
416 599 46 15 was
480 598 14 16 a
510 594 64 27 great
593 589 43 31 day

50 627 66 23 when
135 627 55 23 such
209 635 13 13 a
239 626 100 29 meeting
355 624 45 24 had
417 622 127 26 assembled
562 628 22 17 to
607 622 29 23 do

51 659 87 24 honour
151 665 23 16 to
186 666 13 15 a
210 662 123 19 statesman
346 657 47 23 who
407 656 44 24 had
463 656 68 23 taken
550 659 52 27 part
612 655 25 23 in

52 693 55 22 such
120 700 13 15 a
144 691 71 24 work.
253 690 37 24 He
301 690 74 31 hoped
387 690 49 23 that
446 688 55 25 such
513 696 14 15 a
537 688 105 30 meeting,

52 725 73 23 would
137 724 60 24 show
210 728 23 19 to
245 723 38 23 the
294 723 71 23 world
382 722 49 24 that
449 722 38 23 the
499 722 102 30 question
614 720 26 24 of

52 758 148 23 colonization
213 763 45 16 was
276 755 141 32 appreciated
435 756 31 29 by
477 754 160 31 Englishmen,

52 789 50 25 that
120 790 37 23 the
175 789 125 30 enterprize
325 788 26 24 of
372 788 58 23 their
452 792 115 18 ancestors
591 794 46 15 was

51 824 95 22 instinct
156 822 78 23 within
247 822 61 23 them
317 830 6 20 ;
337 821 44 23 and
390 821 47 23 that
445 821 37 22 the
489 821 66 30 spirit
564 819 73 23 which

52 855 46 23 had
109 859 51 19 sent
177 854 60 24 forth
255 855 38 22 the
311 854 51 31 ship
374 854 26 22 of
415 862 13 14 a
447 852 128 24 Cavendish
594 851 44 24 and

51 888 46 23 had
108 888 99 31 inspired
225 895 13 15 a
256 887 99 30 Raleigh
372 894 45 15 was
429 891 39 26 yet
485 885 66 24 alive.
587 884 51 24 The

50 921 72 23 world
134 929 45 15 was
190 920 62 29 large
264 920 89 29 enough
365 920 34 22 for
417 919 62 23 fresh
492 918 111 31 triumphs
616 918 25 23 of

51 954 48 23 this
111 953 56 23 kind
175 962 6 14 :
206 952 67 24 much
290 952 44 23 had
351 956 40 26 yet
409 956 21 18 to
448 952 28 23 be
496 951 57 23 done
562 960 7 19 ;
595 950 43 23 and

52 987 47 23 this
111 994 45 15 was
167 986 41 23 but
219 985 38 23 the
269 989 192 19 commencement
472 984 25 23 of
511 992 14 14 a
538 984 100 30 glorious

52 1027 85 20 career,
150 1019 22 23 in
186 1018 72 24 which
269 1017 28 23 he
317 1017 72 32 hoped
402 1017 55 28 that,
470 1017 29 30 by
512 1016 38 23 the
562 1016 36 23 aid
616 1016 25 23 of

52 1052 57 23 such
120 1059 95 24 persons
226 1059 26 15 a*
263 1050 44 23 had
319 1050 121 23 embarked
456 1050 24 23 in
497 1049 39 24 the
547 1054 92 26 present

53 1085 161 30 undertaking,
231 1083 38 24 the
288 1084 84 30 empire
391 1083 26 23 of
432 1083 88 23 Britain
538 1082 44 22 and
601 1082 37 22 the

53 1125 91 16 renown
161 1118 25 23 of
200 1116 40 23 her
259 1116 151 31 enterprising
424 1116 78 30 people
521 1115 74 30 might
612 1115 27 22 be

54 1155 40 26 yet
104 1158 62 16 more
178 1149 79 31 widely
269 1149 119 23 extended.

90 1183 47 24 Mr.
151 1182 24 23 H
181 1189 45 17 uti
238 1190 50 15 rose
297 1186 24 19 at
328 1182 37 23 the
374 1186 90 26 request
471 1181 25 23 of
504 1181 36 23 his
547 1180 92 23 brother

55 1216 119 24 Directors
186 1220 22 18 to
222 1223 96 23 propose
336 1214 37 24 the
392 1214 76 24 health
487 1214 24 22 of
525 1214 42 22 her
586 1213 53 23 Ma-

50 1249 84 31 jesty's
147 1249 126 23 Ministers.
376 1255 24 15 so
411 1247 63 31 large
485 1254 28 15 an
527 1247 113 29 assembly

55 1294 34 4 —
90 1282 106 22 collected
212 1281 35 23 for
259 1289 28 15 no
305 1288 98 23 purpose
421 1280 25 23 of
460 1284 65 27 party
543 1279 96 31 politics,

54 1315 45 22 and
112 1315 145 30 comprising,
269 1322 26 14 as
308 1313 12 23 I
334 1313 65 23 know
412 1314 17 22 it
439 1313 60 27 does,
511 1320 68 23 many
592 1312 47 23 dis-

56 1347 129 31 tinguished
206 1346 135 24 individuals
364 1346 49 23 who
436 1346 63 23 differ
521 1346 58 22 from
600 1345 40 23 her

57 1380 122 32 Majesty's
202 1379 118 23 Ministers
343 1387 29 15 on
398 1380 122 29 important
541 1378 100 23 national

56 1414 116 30 questions
174 1425 31 3 —
206 1413 18 22 it
242 1412 73 23 would
333 1412 27 23 be
378 1413 113 29 improper
511 1416 23 18 to
544 1419 97 23 propose

57 1447 46 22 this
115 1454 24 15 as
151 1445 136 31 embodying
302 1453 44 22 any
364 1445 121 23 sentiment
503 1443 26 23 of
543 1443 99 32 political

54 1479 118 24 adhesion.
220 1478 50 23 The
289 1478 145 30 compliment
452 1478 19 21 is
483 1477 42 22 due
544 1482 23 17 to
577 1477 65 23 these

57 1512 66 23 noble
135 1511 45 24 and
191 1511 60 30 right
262 1510 122 24 honorable
394 1518 95 23 persons
500 1517 25 15 as
538 1510 37 23 the
587 1517 55 16 con-

56 1544 102 24 fidential
169 1544 99 23 advisers
280 1543 26 23 of
321 1543 37 23 the
371 1544 91 22 Crown.
503 1542 76 23 There
596 1550 44 22 are,

57 1577 111 28 however,
181 1576 64 24 other
257 1576 44 23 and
313 1576 80 31 higher
403 1576 101 31 grounds
516 1576 54 22 than
577 1575 65 24 those

59 1611 24 23 of
99 1614 105 27 etiquette
228 1617 28 16 on
279 1609 73 23 which
375 1609 38 23 the
436 1609 117 23 Directers
570 1616 38 15 are
621 1609 24 22 of

58 1644 90 29 opinion
162 1643 48 23 that
221 1651 14 14 a
247 1643 82 22 tribute
341 1642 26 23 of
381 1647 89 25 respect
481 1642 19 22 is
513 1641 43 23 due
569 1645 22 19 to
602 1641 40 23 her

60 1676 112 31 Majestys
181 1675 154 23 Government
335 1687 32 4 —
368 1674 100 30 grounds
476 1682 27 15 on
511 1674 72 23 which
591 1682 51 15 men

58 1710 25 22 of
89 1709 29 23 all
125 1710 83 29 parties
216 1707 148 31 andpolitical
369 1706 103 33 opinions
476 1715 53 22 may
535 1707 52 23 with
591 1707 51 31 jus-

57 1743 45 22 tice
111 1742 42 23 and
162 1742 140 29 consistency
310 1748 90 16 concur.
424 1740 24 23 It
454 1748 52 23 may
513 1740 28 23 be
548 1740 96 31 thought

60 1775 49 23 that
131 1779 22 18 to
177 1774 42 23 call
242 1781 27 16 on
292 1774 129 30 gentlemen
443 1779 23 17 to
483 1772 160 32 acknowledge

59 1808 67 23 merit
137 1809 23 21 in
172 1815 44 22 any
233 1807 156 23 Government
409 1811 22 18 to
451 1805 71 24 which
542 1805 53 32 they
607 1814 36 15 are

61 1840 187 30 conscientiously
266 1839 106 31 opposed,
395 1839 21 22 is
433 1844 23 18 to
473 1838 63 24 tread
547 1846 28 15 on
588 1838 55 23 dan-

59 1880 83 24 gerous
154 1873 42 23 and
210 1873 93 23 delicate
315 1872 88 31 ground
410 1881 5 19 ;
434 1872 41 23 but
489 1871 10 23 I
513 1871 66 23 know
588 1871 55 29 that,

59 1906 102 23 however
172 1913 50 16 men
235 1906 25 22 of
274 1905 79 31 vulgar
371 1905 104 31 passions
493 1912 50 23 may
563 1905 81 31 rejoice

61 1941 23 21 in
97 1939 37 23 the
146 1938 176 24 indiscriminate
343 1938 180 31 disparagement
535 1938 25 22 of
574 1946 70 23 oppo-

61 1978 73 22 nents,
148 1971 88 24 exalted
249 1971 43 22 and
303 1978 113 23 generous
428 1971 73 22 minds
513 1978 38 15 are
563 1971 81 30 always

60 2005 39 22 the
111 2006 48 21 first
171 2009 22 17 to
205 2004 28 22 do
249 2004 83 30 justice
351 2011 56 15 even
426 2008 22 18 to
461 2003 54 23 rival
528 2011 25 14 or
565 2003 80 23 hostile

59 2037 136 28 excellence,
219 2037 44 22 and
275 2036 48 23 that
341 2036 45 23 this
402 2035 83 31 justice
503 2043 47 23 you
562 2036 44 23 will
617 2036 28 23 do

61 2070 87 31 to-day.
186 2069 41 30 My
250 2068 122 24 honorable
394 2068 73 23 friend
486 2068 37 23 the
541 2068 104 24 Member

61 2104 34 22 for
108 2102 113 24 Liskeard
237 2101 41 24 has
298 2102 47 23 said
363 2101 49 24 that
423 2101 45 23 this
485 2102 20 22 is
523 2110 14 14 a
547 2102 99 30 meeting

62 2136 25 23 of
101 2144 29 15 no
142 2136 105 29 ordinary
263 2135 114 23 character
387 2143 5 15 :
412 2134 12 23 I
442 2142 65 23 agree
523 2134 53 23 with
589 2134 54 24 him.

62 2169 13 24 I
93 2169 57 23 have
161 2176 49 16 now
222 2169 38 22 the
272 2168 88 23 honour
370 2172 23 19 to
406 2167 98 29 address,
522 2167 21 23 if
558 2172 39 18 not
608 2168 37 22 the

61 2207 61 18 most
132 2209 129 21 numerous,
278 2200 109 31 certainly
398 2200 38 23 the
448 2205 59 19 most
524 2201 123 30 important

62 2235 46 23 and
129 2234 126 24 influential
278 2233 58 32 body
348 2234 25 22 of
388 2241 52 17 men
459 2233 121 23 connected
593 2233 52 23 with

62 2268 39 23 the
115 2268 104 23 Colonies
231 2267 48 23 that
291 2274 52 15 ever
362 2270 37 27 yet
417 2266 134 23 assembled.
588 2266 57 23 Per-

62 2300 57 32 haps
131 2301 62 23 there
216 2301 20 21 is
255 2299 78 31 hardly
352 2307 42 15 one
413 2299 144 31 dependency
570 2299 25 23 of
609 2299 37 23 the

164 2334 81 23 Crown
257 2332 72 23 which
346 2331 73 24 would
437 2338 39 17 not
494 2332 118 31 recognize
623 2333 22 22 in

38 2360 70 30 ftlus
120 2374 62 16 room
193 2374 62 15 some
266 2371 66 25 party
344 2371 134 17 conversant
496 2365 52 23 with
560 2366 30 22 its
602 2366 44 22 cir-

62 2405 142 18 cumstances
233 2399 44 22 and
306 2398 122 23 interested
450 2399 22 22 in
496 2399 29 22 its
550 2398 95 23 welfare.

63 2433 68 26 Well,
156 2432 60 27 then,
240 2432 23 22 in
282 2431 38 23 the
338 2439 107 23 presence
458 2431 25 23 of
497 2431 56 23 such
570 2439 27 15 an
609 2439 37 15 as-

62 2466 96 30 sembly,
170 2473 25 15 so
208 2465 105 30 qualified
334 2469 22 18 to
372 2464 70 31 judge
454 2464 26 23 of
494 2464 37 23 the
550 2468 96 19 correct-

63 2506 53 16 ness
129 2499 24 22 of
169 2498 36 23 the
217 2502 121 19 statement
349 2497 13 23 I
374 2497 59 23 shall
444 2497 74 29 make,
538 2498 44 22 and
594 2497 51 23 with

62 2540 16 15 a
101 2531 111 31 thorough
235 2531 126 22 conviction
383 2530 50 23 how
454 2530 57 23 little
534 2531 19 22 it
574 2530 73 23 would

64 2565 92 23 become
186 2572 35 15 me
250 2569 23 18 to
302 2563 93 31 indulge
424 2564 23 22 in
470 2571 43 22 any
534 2563 113 30 language

62 2597 28 24 of
110 2597 150 31 exaggerated
291 2597 82 30 praise,
405 2595 12 25 I
441 2601 93 18 venture
564 2601 22 18 to
609 2604 38 15 as-

66 2636 53 22 sert,
142 2630 49 23 that
209 2630 62 23 there
290 2630 21 22 is
334 2637 28 16 no
386 2629 80 31 colony
484 2629 25 23 of
534 2628 38 24 the
595 2629 52 23 Bri-

64 2663 46 23 tish
134 2663 88 28 Crown,
246 2668 22 18 to
291 2662 81 29 which,
396 2663 24 22 in
444 2662 37 23 the
503 2662 45 22 last
570 2662 77 23 twelve

65 2696 98 28 months,
184 2703 61 16 some
262 2701 105 25 prospect
386 2695 25 23 of
424 2696 164 30 improvement
606 2695 41 23 has

66 2734 40 18 not
115 2729 57 23 been
189 2729 46 23 laid
255 2736 55 23 open
321 2738 5 18 ;
348 2733 38 19 not
397 2736 43 15 one
458 2727 73 24 which
549 2728 41 23 has
609 2733 38 18 not

66 2762 75 23 hailed
153 2762 22 23 in
188 2767 75 18 recent
275 2767 48 18 acts
342 2761 25 23 cf
382 2761 38 24 the
439 2761 156 23 Government
610 2761 37 23 the

68 2800 189 18 commencement
269 2795 25 22 of
304 2802 12 15 a
327 2802 57 19 new,
393 2802 15 15 a
418 2795 61 28 wise,
487 2794 45 22 and
539 2802 108 16 generous

66 2829 82 30 policy.
195 2827 78 31 (Loud
295 2827 100 31 cheers.)
442 2827 106 30 Looking
570 2828 77 21 imme-

68 2861 81 31 diately
168 2868 76 16 across
267 2860 38 24 the
327 2860 111 29 Atlantic,
455 2867 33 16 we
505 2860 83 23 behold
613 2860 34 22 the

69 2894 103 23 Canadas
191 2901 28 16 no
237 2894 80 30 longer
336 2893 121 23 distracted
477 2893 29 30 by
519 2893 128 22 differences

68 2927 26 23 of
109 2934 50 16 race
171 2926 44 24 and
232 2926 121 31 language,
367 2926 45 23 and
429 2927 133 30 impatience
582 2926 25 22 of
622 2926 25 22 its

69 2960 81 28 rulers,
162 2959 40 24 but
215 2959 83 31 quietly
311 2960 80 29 sitting
402 2959 64 22 down
485 2959 23 22 in
527 2966 68 23 peace
607 2959 40 22 and

68 2992 110 31 harmony
188 3001 25 14 as
225 3000 41 15 one
280 2992 85 24 British
384 2992 85 28 nation,
483 2991 70 23 under
565 3000 12 14 a
590 2999 57 15 com-

69 3033 53 16 mon
134 3026 174 30 representative
318 3029 155 27 government.
508 3023 45 24 We
565 3032 37 16 see
614 3024 33 24 the

69 3060 126 29 prosperity
218 3059 26 22 of
269 3058 37 23 the
329 3058 64 23 West
416 3057 78 24 Indies
495 3070 30 4 —
528 3057 38 23 the
593 3062 54 19 most

70 3096 97 23 ancient,
186 3091 97 31 perhaps
305 3091 38 23 the
361 3096 60 18 most
442 3090 102 24 valuable
563 3090 25 23 of
613 3098 34 16 our

71 3124 98 23 colonies
172 3136 30 4 —
203 3123 70 31 likely
286 3128 23 19 to
327 3124 28 23 be
373 3123 79 32 placed
471 3131 28 15 on
518 3131 14 15 a
550 3123 48 24 real
610 3123 37 23 and

71 3156 134 24 substantial
217 3157 61 23 basis
297 3157 30 30 by
339 3156 37 24 the
396 3157 152 30 immigration
567 3156 26 23 of
607 3155 40 25 free

71 3190 116 23 labourers
198 3190 87 23 natives
304 3190 25 23 of
344 3190 38 23 the
402 3189 104 31 Tropics.
544 3188 28 24 In
590 3189 57 23 Aus-

72 3223 74 28 tralia,
158 3222 38 24 the
208 3223 132 30 occupation
352 3222 44 24 and
409 3222 96 23 rewards
517 3221 26 23 of
551 3222 96 31 industry

71 3264 40 15 are
122 3263 29 16 no
163 3255 79 31 longer
254 3255 38 24 the
306 3263 116 23 appanage
441 3256 25 22 of
480 3255 38 22 the
539 3255 108 23 convicted

72 3289 73 23 felons
163 3289 25 23 of
210 3288 72 24 Great
301 3289 95 28 Britain,
417 3288 41 23 but
484 3295 38 15 are
547 3287 100 23 rendered

73 3321 71 31 freely
156 3321 126 24 accessable
294 3327 23 18 to
329 3321 38 23 the
379 3321 75 23 native
461 3320 104 30 working
572 3321 75 22 classes

73 3360 24 18 at
108 3355 74 23 home.
217 3354 58 24 Last
287 3354 25 23 of
321 3354 37 28 all,
371 3354 63 22 there
445 3354 21 22 is
478 3353 57 23 New
546 3354 101 28 Zealand,

73 3387 39 24 the
130 3387 66 23 latest
215 3388 133 30 acquisition
367 3387 25 23 of
415 3386 85 24 British
523 3387 124 30 enterprise,

73 3420 105 24 declared
189 3428 13 15 a
214 3420 80 31 colony
306 3420 24 23 of
345 3420 38 23 the
402 3419 87 23 British
510 3419 90 29 Crown,
613 3420 34 23 and

74 3453 25 24 in
116 3461 14 15 a
146 3453 42 23 fair
207 3460 49 23 way
275 3458 22 18 to
316 3453 91 23 become
428 3460 42 16 one
494 3453 24 22 of
540 3453 37 23 the
598 3458 49 17 mosl

73 3493 136 24 prosperous
228 3486 43 23 and
290 3487 129 30 important.
455 3484 58 24 This
531 3484 45 25 last
587 3490 36 19 act
635 3487 12 22 ol

75 3519 38 24 the
125 3518 66 24 noble
202 3519 48 23 lord
263 3527 45 15 was
320 3527 13 15 a
343 3518 60 23 work
416 3519 102 22 intricate
530 3518 44 24 and
597 3518 50 24 diffi-

76 3552 55 24 cult.
168 3552 72 30 Many
262 3552 174 23 circumstances
454 3550 44 24 had
516 3551 107 23 occurred
635 3556 12 18 tc

76 3585 80 23 render
167 3585 17 24 it
196 3592 33 16 so.
266 3584 64 23 Even
348 3583 39 24 the
406 3589 142 18 earnestness
566 3583 43 23 and
621 3592 26 15 re-

77 3618 96 23 solution
187 3617 55 23 with
255 3617 74 23 which
341 3617 38 23 the
392 3617 55 24 New
467 3616 100 24 Zealand
588 3616 59 24 Com-

75 3657 60 26 pany
148 3650 43 24 had
203 3650 91 24 entered
307 3658 28 15 on
352 3649 39 24 the
409 3649 128 24 settlement
555 3649 25 23 of
595 3649 52 23 thos<

76 3684 46 23 fine
133 3683 84 23 islands
229 3691 45 15 was
292 3688 40 18 not
349 3683 162 31 unproductive
529 3682 27 23 of
570 3682 77 24 embar-

76 3721 113 19 rassment
198 3720 24 18 to
234 3716 37 22 the
284 3716 90 22 Crown.
410 3716 47 22 But
468 3714 53 24 with
532 3714 49 24 that
593 3723 54 22 saga-

76 3750 47 30 city
135 3748 45 24 and
196 3748 152 23 self-reliance
360 3747 73 24 which
450 3747 82 31 belong
545 3752 22 18 to
585 3748 62 22 mind;

76 3783 28 22 of
118 3790 14 15 a
149 3782 82 23 certain
244 3781 72 28 order,
336 3781 37 23 the
393 3780 66 23 noble
477 3780 50 23 lord
545 3787 102 17 overcame

79 3822 66 22 every
165 3814 104 28 obstacle,
289 3813 44 24 and
350 3813 95 24 effected
457 3820 28 16 an
503 3820 144 24 arrangemen

78 3848 82 27 which,
172 3846 65 24 while
247 3847 17 23 it
276 3846 131 31 essentially
414 3845 115 32 promoted
541 3845 36 23 the
584 3846 63 31 publii

79 3881 113 28 interests,
216 3879 45 24 and
279 3879 39 23 did
332 3879 84 31 justice
429 3884 22 18 to
464 3878 30 24 all
503 3879 94 30 parties,
619 3878 28 24 ha:

78 3912 94 25 enabled
182 3912 47 30 the.
234 3912 57 25 New
302 3912 102 24 Zealand
415 3912 117 31 Company
544 3915 23 20 to
577 3912 70 24 under

659 130 54 24 take
723 130 39 24 the
772 128 66 25 work
848 128 26 25 of
887 127 136 33 systematic
1030 124 219 26 colonization-wiUf

659 163 39 24 the
716 163 103 24 sanction
837 161 45 25 and
898 160 73 24 under
988 167 15 16 a
1021 158 89 25 charter
1126 158 60 23 from
1204 158 39 23 the

660 196 90 24 Crown.
787 194 12 24 I
812 194 82 32 rejoice
904 193 50 24 that
964 200 34 16 we
1009 191 57 24 have
1078 190 46 24 this
1136 196 106 26 opportu*

659 228 51 31 nity
715 228 27 24 of
750 226 174 31 aknowledging
929 225 39 24 the
976 224 78 32 public
1065 224 99 23 services
1171 222 26 25 of
1205 223 44 24 the

661 260 65 24 noble
736 260 58 28 lord,
807 259 45 24 and
863 259 25 24 of
903 258 138 29 celebrating
1059 256 46 24 this
1117 260 66 19 event
1195 257 23 23 in
1230 264 14 15 a

659 300 94 17 manner
758 292 87 31 worthy
853 292 24 23 of
885 292 31 23 its
923 295 64 26 great
992 288 100 25 national
1096 288 146 31 importance,

661 325 45 26 a&d
713 326 24 23 of
746 326 39 23 the
791 325 55 31 long
851 323 168 24 remembrance
1026 321 73 25 which
1105 322 19 23 it
1131 320 45 24 will
1179 321 65 24 leave

660 358 92 24 behind.
788 358 52 24 The
862 361 122 19 statesman
1007 354 49 24 who
1082 353 95 24 extends
1205 354 38 23 the

661 391 70 25 limits
744 391 23 23 of
785 398 41 16 our
838 389 103 25 Colonial
959 388 93 31 empire,
1064 387 45 23 and
1127 386 76 32 places
1214 387 30 23 its

661 424 128 31 prosperity
795 431 30 15 on
833 422 71 24 sound
911 421 44 24 and
962 421 112 30 enduring
1085 419 144 25 foundations
1235 429 7 20 ;

675 481 3 3 .
689 463 49 17 care
749 461 41 19 not
799 455 62 24 what
876 455 74 30 badge
966 453 30 24 he
1007 461 52 23 may
1070 452 62 29 bear,
1145 460 26 15 or
1185 453 60 23 what

662 494 65 27 party
737 488 29 24 he
777 496 54 24 may
842 488 65 23 affect
907 499 33 5 —
942 487 73 23 'Tros
1026 484 155 32 Tyriusve'—
1184 485 30 24 he
1224 486 20 23 is

663 530 14 16 a
689 522 127 24 benefactor
826 525 25 19 to
862 521 35 23 his
909 523 104 26 country.
1048 512 81 37 (Loud
1145 517 100 32 cheers.)

663 554 45 32 My
717 554 62 24 lords
797 553 45 24 and
857 553 138 31 gentlemen,
1007 552 18 23 it
1041 551 21 23 is
1078 555 41 19 not
1132 558 39 23 my
1181 551 64 23 voice

663 587 73 24 which
748 586 83 32 speaks
831 599 33 4 —
865 587 19 23 it
893 586 20 23 is
925 585 39 23 the
974 585 64 23 voice
1049 584 24 23 of
1086 583 38 24 the
1136 583 108 25 industri-

664 628 42 16 ous
731 628 63 23 poor,
822 619 26 24 of
866 619 138 27 merchants,
1031 617 147 31 shipowners,
1201 616 44 24 and

663 654 179 23 manufacturers
864 656 23 21 at
903 652 80 27 home;
1012 651 18 22 it
1046 650 21 22 is
1085 649 39 24 the
1141 650 70 23 voice-
1223 649 24 24 of

664 687 151 31 enterprising
832 685 44 23 and
886 685 86 30 gallant
983 690 53 17 men
1054 682 106 30 dwelling
1174 682 71 24 under

664 719 39 23 the
720 719 124 31 protection
863 718 24 23 of
902 724 58 24 your
976 716 47 30 flag
1039 716 25 22 in
1078 715 81 24 almost
1179 723 66 23 every

664 753 79 29 region
750 751 25 24 of
783 751 37 24 the
831 751 66 30 globe
905 759 6 20 ;
929 750 19 22 it
957 750 19 22 is
984 749 39 23 the
1031 749 64 22 voice
1104 748 25 23 of
1136 748 113 23 millions.-

664 783 86 32 (Much
761 782 128 32 cheering.)
924 782 45 23 Let
980 789 37 16 me
1032 781 52 27 add,
1099 781 18 22 it
1128 781 88 23 confers
1233 788 13 16 a

665 817 48 24 title
720 818 34 23 far
765 822 37 18 too
814 816 66 24 noble
892 815 72 23 either
975 819 23 19 to
1011 814 27 23 be
1048 814 84 30 lightly
1143 814 68 29 given
1221 821 25 16 or

666 850 80 31 lightly
765 849 115 24 withheld.
917 848 29 23 In
964 847 140 32 performing
1121 845 45 24 this
1183 850 64 26 great

666 883 69 28 work,
748 882 38 24 the
798 882 66 24 noble
875 881 49 23 lord
936 881 41 23 has
988 879 135 31 recognized
1135 878 37 24 the
1183 880 62 31 prin-

666 916 56 32 ciple
745 916 25 23 of
790 914 95 31 making
903 913 135 30 Colonizing
1058 913 136 29 Companies
1211 913 35 22 in-

666 953 123 19 struments
800 948 26 23 of
836 948 37 22 the
885 947 72 23 State.
995 946 23 23 It
1029 946 28 28 is,
1068 946 26 22 in
1104 953 39 22 my
1155 946 90 23 estima-

666 983 54 27 tion,
740 989 14 16 a
771 981 53 23 wise
843 980 44 23 and
905 979 100 30 salutary
1023 977 110 32 principle
1142 986 6 16 :
1172 978 43 24 but
1230 979 17 22 it

667 1019 81 19 cannot
765 1018 51 27 stop
828 1013 54 23 with
902 1012 56 24 New
976 1011 109 24 Zealand.
1121 1010 51 24 The
1188 1010 59 32 good

666 1047 71 24 which
750 1047 38 24 the
798 1046 68 23 noble
875 1045 49 24 lord
935 1045 41 23 has
989 1045 56 23 done
1059 1044 37 23 for
1106 1049 42 18 one
1160 1044 86 31 colony,

666 1080 46 23 will
729 1084 74 20 create
821 1080 96 23 anxious
937 1078 126 31 applicants
1081 1077 35 22 for
1132 1084 14 15 a
1164 1077 83 23 similar

666 1113 58 23 boon
743 1118 21 18 to
783 1112 38 24 all.
857 1111 69 24 What
943 1115 61 19 most
1020 1110 100 23 colonies
1141 1114 60 19 want
1220 1111 26 27 is,

666 1154 61 15 more
750 1145 88 33 people,
859 1152 62 16 more
939 1144 87 28 labour,
1046 1150 63 16 more
1132 1150 79 16 means
1226 1143 25 23 of

668 1179 131 31 production
815 1177 44 25 and
873 1177 168 23 advancement.
1077 1176 58 22 This
1146 1176 33 22 for
1188 1175 60 24 them

668 1213 19 23 is
696 1212 29 23 all
735 1213 24 22 in
770 1210 40 25 all.
845 1210 83 28 When,
939 1210 119 26 therefore,
1071 1208 38 23 the
1120 1208 67 23 noble
1200 1209 49 23 lord

668 1257 31 4 —
700 1245 82 30 seeing
795 1245 50 22 that
856 1243 45 24 this
916 1248 67 25 great
998 1246 60 19 want
1075 1242 21 22 is
1114 1246 41 18 not
1165 1242 83 30 readily

668 1277 103 32 supplied
791 1277 30 31 by
840 1284 44 23 any
899 1276 132 30 machinery
1052 1275 26 22 of
1096 1274 37 23 the
1153 1275 63 23 State
1218 1287 31 4 —

668 1311 79 31 adopts
759 1311 38 23 the
809 1310 54 31 plan
874 1310 25 22 of
911 1309 155 30 encouraging
1077 1308 87 30 private
1175 1313 73 17 enter-

668 1344 59 31 prise
739 1348 23 19 to
775 1350 89 23 engage
875 1343 23 22 in
914 1343 26 27 it,
950 1341 28 24 he
990 1341 101 31 displays
1101 1348 14 15 a
1124 1340 48 30 flag
1179 1340 70 23 under

669 1377 72 23 which
756 1376 32 24 all
804 1375 103 25 Colonial
924 1375 105 23 interests
1047 1374 45 23 will
1110 1373 28 23 be
1156 1373 53 30 glad
1227 1378 22 19 to

668 1410 81 30 gather
766 1409 87 23 around
870 1408 54 28 him,
944 1407 46 23 and
1004 1410 91 28 prompt
1108 1406 50 23 him
1173 1411 23 18 to
1208 1406 41 24 ad-

670 1450 75 16 vance.
782 1440 119 32 (Cheers.)
937 1440 77 31 Every
1025 1440 80 30 colony
1118 1440 25 22 in
1158 1443 60 20 want
1229 1440 23 23 of

668 1476 79 23 labour
748 1488 33 4 —
782 1475 38 23 the
838 1474 65 23 West
922 1473 86 28 Indies,
1024 1472 39 23 the
1082 1471 111 29 Canadas,
1214 1472 35 24 the

670 1508 135 28 Australias,
827 1507 44 23 and
891 1506 74 24 South
983 1506 80 23 Africa
1068 1518 34 4 —
1107 1505 46 23 will
1172 1509 79 27 expect

670 1542 48 23 that
724 1542 38 23 the
770 1541 68 23 noble
846 1539 49 25 lord
904 1539 45 23 will
958 1543 40 19 not
1007 1538 74 24 refuse
1092 1543 21 18 to
1123 1537 62 24 them
1191 1538 59 24 what

670 1575 27 23 he
708 1574 40 24 has
757 1582 26 15 so
793 1573 77 31 wisely
879 1572 97 31 granted
992 1576 23 19 to
1027 1571 57 24 New
1094 1570 108 25 Zealand.
1237 1570 12 25 I

670 1612 65 24 trust,
751 1607 120 28 therefore,
887 1605 50 23 that
948 1605 13 25 I
980 1613 38 15 am
1028 1609 40 19 not
1086 1609 37 18 too
1140 1605 110 30 sanguine

670 1640 64 24 when
750 1640 13 23 I
780 1647 47 23 say,
840 1639 49 24 that
897 1646 33 15 we
942 1642 60 19 meet
1013 1642 22 19 to
1047 1637 112 23 celebrate
1175 1645 14 15 a
1202 1644 48 17 new

671 1681 44 16 aera
725 1675 24 21 in
758 1673 39 23 the
807 1672 84 31 history
901 1671 26 23 of
934 1670 87 25 British
1037 1670 158 28 colonization,
1209 1670 42 24 and

671 1706 48 24 that
730 1714 33 15 we
776 1713 45 16 owe
837 1709 23 19 to
875 1704 38 24 the
924 1704 67 23 noble
1002 1703 49 24 lord
1068 1703 43 24 and
1124 1707 23 19 to
1158 1703 36 23 his
1206 1703 45 23 col-

671 1739 101 31 leagues,
783 1746 24 16 as
817 1738 39 24 the
865 1738 92 22 authors
966 1737 26 23 of
998 1738 26 27 it,
1035 1736 37 24 the
1082 1736 83 24 tribute
1177 1736 25 23 of
1212 1744 39 16 our

672 1774 73 30 praise
757 1772 43 23 and
997 1790 3 5 ,
1068 1784 5 9 .-

706 1804 49 25 The
767 1808 59 20 toaat
837 1804 53 23 with
903 1803 72 23 which
987 1802 48 23 Mr.
1054 1802 63 23 Hutt
1131 1802 121 23 concluded

671 1838 84 30 having
765 1838 58 23 been
836 1836 145 30 exceedingly
994 1835 49 23 well
1055 1835 110 28 received,

708 1871 45 23 Mr.
762 1871 177 23 Labouchere
948 1877 50 15 rose
1006 1868 43 23 and
1058 1867 48 24 said
1106 1880 33 4 —
1164 1868 11 23 I
1188 1868 64 24 rould

672 1904 56 24 have
741 1903 87 24 wished'
833 1903 37 23 the
882 1902 52 23 task
946 1902 25 23 of
986 1902 118 30 returning
1122 1901 85 23 thanks

673 1937 38 23 the
718 1941 51 27 part
781 1937 25 22 of
819 1936 42 23 her
875 1935 122 31 Majesty's
1017 1934 127 28 Ministers,
1164 1934 35 23 for
1217 1932 39 25 the'

673 1970 145 31 Compliment
829 1969 72 23 which
913 1976 44 22 you
970 1968 56 22 have
1034 1967 51 31 just
1096 1966 57 24 been
1164 1967 89 30 pleased

674 2008 22 18 to
706 2011 49 22 pay,
776 2002 43 23 had
835 2002 68 22 fallen
923 2002 46 21 into
991 2000 37 23 the
1049 2000 73 22 hands
1145 2000 26 22 of
1193 2007 60 16 sorae
1254 2016 7 12 r

673 2043 81 23 person
764 2042 62 16 more
844 2034 108 31 adequate
972 2038 23 18 to
1012 2032 99 32 perform
1129 2032 38 24 the
1190 2032 62 30 duty.

674 2068 33 24 At
718 2068 37 23 the
767 2075 62 16 same
842 2068 60 27 time,
917 2066 12 24 I
941 2066 43 23 feel
993 2066 106 28 sensible,
1111 2065 148 30 considering,

674 2102 37 22 the
722 2101 65 23 office
799 2100 13 24 I
820 2101 56 22 have
888 2100 37 22 the
937 2099 72 23 honor
1021 2103 22 18 to
1056 2098 61 29 hold,
1127 2098 49 23 that
1184 2098 11 23 I
1205 2105 49 23 may

673 2137 40 21 not
724 2142 27 15 on
767 2134 46 23 this
833 2133 103 23 occasion
953 2132 28 23 be
1000 2131 125 31 altogether
1141 2131 38 23 the
1197 2135 57 19 most

675 2167 165 31 inappropriate
852 2174 69 23 organ
931 2174 6 20 ;
950 2165 43 28 for,
1005 2164 122 24 connected
1144 2172 25 15 as
1187 2164 13 23 I
1219 2171 35 16 am

676 2200 51 23 with
748 2200 38 23 the
803 2199 132 24 mercantile
952 2198 45 23 and
1020 2197 95 23 colonial
1135 2197 77 24 affairs
1233 2197 25 22 of

675 2233 38 23 the
724 2237 102 26 country,
846 2232 13 23 I
875 2236 82 18 cannot
972 2231 44 23 but
1033 2230 44 23 feel
1098 2230 96 31 especial
1213 2230 43 23 and

673 2266 121 32 particular
805 2266 94 23 interest
910 2265 24 22 in
946 2265 37 22 the
996 2264 74 30 object
1080 2263 49 24 that
1139 2263 79 30 brings
1227 2270 27 16 us

675 2299 101 31 together
788 2299 45 23 this
845 2298 103 30 evening.
988 2296 71 24 What
1069 2298 21 21 is
1102 2296 50 23 that
1163 2296 74 31 object
1245 2296 9 24 ?

675 2332 69 23 What
754 2332 20 23 is
787 2331 37 24 the
834 2331 74 31 object
920 2331 48 22 that
979 2330 41 23 has
1031 2329 128 24 assembled
1176 2329 80 23 within

675 2366 61 23 these
755 2363 64 25 walls
837 2364 38 23 the
892 2364 188 30 representatives
1099 2362 25 23 of
1145 2362 31 23 all
1193 2362 63 23 those

674 2404 63 25 great
755 2397 95 24 colonial
860 2398 105 22 interests
973 2396 50 23 that
1032 2403 38 15 are
1083 2395 112 23 scattered
1205 2402 52 16 over

675 2432 38 22 the
724 2432 48 22 face
785 2431 25 23 of
831 2430 39 24 the
891 2430 67 30 globe
965 2430 11 23 ?
1023 2428 12 24 I
1058 2428 130 31 apprehend
1211 2428 47 23 that

675 2465 73 31 object
758 2468 25 19 to
793 2464 31 23 be
833 2468 23 18 to
875 2463 106 23 welcome
993 2466 23 19 to
1033 2461 38 24 the
1091 2465 64 28 great
1171 2461 87 23 British

676 2498 75 30 family
763 2497 38 23 the
810 2497 81 30 colony
903 2496 24 23 of
943 2496 56 23 New
1012 2494 108 25 Zealand.
1163 2494 29 24 In
1211 2494 47 23 that

675 2531 73 31 object
759 2530 14 23 I
785 2534 60 19 most
856 2529 94 30 heartily
958 2535 91 17 concur.
1085 2527 76 24 There
1167 2535 52 24 may
1230 2527 27 23 be

675 2564 63 23 those
751 2563 49 24 who
812 2562 102 24 consider
926 2562 38 23 the
977 2560 104 25 Colonial
1099 2561 129 31 posessions
1237 2560 24 23 of

675 2597 38 23 the
732 2601 95 26 country
846 2600 23 18 to
892 2595 27 23 be
942 2595 25 23 of
993 2593 70 32 slight
1084 2601 173 24 consequences.

676 2630 44 28 Sir,
732 2630 22 23 if
762 2629 63 24 there
836 2628 29 23 be
878 2628 66 28 such,
958 2628 11 23 I
981 2628 57 23 have
1049 2634 70 16 never
1137 2628 67 29 given
1221 2634 37 24 my

676 2662 108 24 adhesion
800 2667 24 18 to
842 2661 49 23 that
902 2661 77 23 school
987 2661 26 23 of
1026 2660 137 31 politicians.
1198 2660 61 23 lam

676 2696 100 23 satisfied
804 2695 50 23 that
880 2701 59 16 were
972 2701 46 24 you
1045 2698 23 18 to
1098 2694 57 30 strip
1189 2693 70 23 Great

677 2729 87 23 Britain
781 2728 25 23 of
827 2727 42 24 her
880 2727 115 28 Colonies,
1011 2734 45 23 you
1067 2726 74 24 would
1162 2730 25 19 at
1205 2733 54 16 once

676 2762 80 23 reduce
783 2760 40 24 her
846 2766 23 17 to
891 2760 38 23 the
950 2759 59 24 rank
1028 2760 26 23 of
1080 2767 14 16 a
1117 2759 142 24 second-rate

677 2802 81 24 power.
784 2794 61 24 That
856 2800 81 16 reason
948 2793 42 23 has
1001 2800 51 16 ever
1064 2793 58 23 been
1134 2793 61 30 quite
1207 2800 52 15 con-

678 2828 84 23 clusive
782 2826 44 24 and
844 2827 120 28 sufficient,
976 2827 26 22 in
1019 2834 38 22 my
1067 2825 71 29 miud,
1151 2830 23 18 to
1195 2833 66 16 cause

678 2868 36 16 me
725 2865 24 19 to
759 2860 30 23 be
800 2860 39 23 the
852 2867 68 15 warm
941 2859 43 23 and
1003 2858 88 24 fervent
1108 2863 120 26 supporter
1240 2858 24 23 of

679 2893 159 28 colonization,
852 2892 44 24 and
916 2892 25 23 of
955 2892 40 23 the
1014 2891 102 24 Colonial
1137 2895 85 27 system
1240 2891 24 23 of

679 2927 45 23 this
736 2932 103 25 country.
875 2924 64 24 With
951 2924 80 31 regard
1050 2929 23 19 to
1092 2924 38 24 the
1140 2924 121 31 particular

680 2959 73 32 object
765 2959 50 23 that
825 2959 42 22 has
875 2958 99 30 brought
985 2966 29 15 us
1026 2957 104 31 together
1141 2957 45 24 this
1195 2964 66 17 even-

679 2993 46 30 ing,
739 2992 14 23 I
765 2992 73 23 would
851 2999 39 22 say
900 2991 50 23 that
960 2990 64 24 there
1035 2991 21 22 is
1074 2998 43 16 one
1135 2990 126 24 considera-

680 3026 45 22 tion
737 3025 51 23 that
798 3028 82 20 cannot
892 3023 39 24 fail
950 3028 23 19 to
995 3024 96 30 impress
1108 3023 64 24 itself
1184 3031 30 16 on
1226 3023 36 24 the

680 3058 63 24 mind
753 3058 26 23 of
793 3065 45 24 any
849 3065 42 16 one
909 3056 49 24 who
971 3056 41 24 has
1023 3056 52 32 paid
1087 3056 39 25 the
1141 3060 60 20 most
1213 3063 49 17 cur-

681 3099 51 23 sory
744 3092 111 22 attention
873 3095 23 19 to
907 3090 39 23 the
964 3091 175 22 circumstances
1141 3102 31 4 —
1174 3089 87 31 namely

681 3124 48 23 that
746 3124 54 23 with
820 3128 89 26 respect
925 3127 23 19 to
968 3122 40 24 the
1026 3123 115 28 situation,
1154 3122 50 29 soil,
1221 3121 42 25 and

681 3157 145 31 productions
839 3157 25 23 of
878 3156 64 23 these
953 3155 87 24 islands
1052 3155 26 23 of
1088 3155 56 23 New
1155 3155 108 28 Zealand,

682 3191 18 22 it
711 3190 18 23 is
742 3189 131 32 impossible
883 3193 41 19 not
935 3193 23 19 to
970 3189 59 23 form
1040 3188 38 24 the
1088 3192 60 19 most
1155 3189 109 30 sanguine

683 3223 153 31 expectations
859 3222 25 23 of
908 3222 60 23 their
990 3222 76 22 future
1088 3221 65 23 value
1174 3225 24 19 to
1228 3221 36 23 the

684 3256 86 23 British
783 3256 92 30 empire.
911 3255 14 23 I
938 3255 111 23 therefore
1061 3254 82 31 rejoice
1155 3258 23 19 to
1190 3262 46 18 see,
1240 3262 24 15 so

683 3288 165 31 distinguished
859 3288 44 24 and
920 3287 139 32 respectable
1075 3295 14 15 a
1104 3287 60 30 body
1175 3287 26 23 of
1209 3295 54 22 gen-

683 3322 82 23 tlemen
777 3329 25 16 as
814 3321 64 24 those
896 3320 127 24 assembled
1039 3320 54 23 here
1104 3320 87 31 to-day,
1204 3328 61 15 some

684 3355 107 32 applying
802 3354 59 24 their
867 3358 60 19 most
937 3354 73 23 active
1018 3354 114 22 exertions
1141 3354 24 22 in
1172 3358 94 26 support

685 3388 25 23 of
723 3388 38 23 the
781 3395 75 21 cause,
870 3387 45 23 and
931 3387 77 23 others
1026 3386 118 31 testifying
1160 3386 31 31 by
1209 3387 57 22 their

685 3429 106 22 presence
810 3420 38 24 the
868 3420 49 24 zeal
936 3420 44 23 and
998 3420 96 22 interest
1111 3419 54 31 they
1178 3419 45 23 feel
1243 3420 23 22 in

685 3453 93 31 making
789 3453 46 24 this
847 3458 94 25 country
952 3453 62 23 what
1028 3453 18 23 it
1058 3451 71 31 ought
1139 3457 24 18 to
1174 3452 38 29 be,
1223 3452 44 24 and

685 3486 59 24 what
764 3487 20 23 it
804 3490 61 20 most
885 3486 117 30 assuredly
1024 3485 46 23 will
1092 3485 37 24 be.
1180 3485 25 24 It
1226 3485 40 24 has

685 3519 98 24 hitherto
793 3519 58 24 been
863 3519 120 31 permitted
995 3522 23 20 to
1031 3517 108 32 England
1152 3522 23 20 to
1186 3517 80 32 spread

654 3559 3 15 )5)
667 3552 5 16 5
685 3552 79 31 widely
777 3560 51 15 over
841 3552 37 24 the
889 3551 63 24 earth
968 3551 43 24 her
1028 3557 59 23 race,
1097 3550 40 25 her
1147 3551 119 31 language,

654 3597 3 6 -
670 3590 3 25 ;
685 3585 39 24 her
734 3586 63 27 laws,
812 3585 44 23 and
866 3584 41 24 her
918 3584 95 31 religion
1023 3593 6 20 ;
1048 3584 46 24 and
1105 3583 12 24 I
1131 3591 35 17 am
1181 3584 54 31 glad
1245 3589 22 18 to

654 3630 3 5 -
670 3617 3 26 !
686 3626 36 16 see
732 3618 40 23 the
784 3618 52 23 task
848 3618 25 23 of
886 3618 134 30 continuing
1030 3617 45 24 and
1086 3617 124 31 extending
1221 3617 47 24 that

654 3657 4 15 2
686 3656 63 26 great
759 3651 75 31 object
844 3651 42 23 has
897 3650 108 24 devolved
1023 3657 61 24 upon
1102 3649 65 24 those
1183 3650 59 27 who,
1254 3650 13 23 I

654 3696 4 5 -
689 3692 34 15 am
736 3684 108 28 satisfied,
854 3683 43 24 will
908 3683 43 23 feel
964 3683 38 23 the
1014 3683 167 31 responsibility
1189 3683 49 23 that
1249 3684 19 22 is

654 3728 4 5 -
671 3729 2 14 i
687 3717 103 24 attached
800 3721 23 19 to
835 3716 61 24 them
908 3721 23 18 to
951 3719 94 20 execute
1063 3716 59 23 their
1141 3716 87 31 project
1245 3716 22 22 in

654 3756 5 15 s
671 3746 3 18 ;
687 3750 37 24 the
734 3750 66 31 spirit
812 3749 45 23 and
867 3756 94 16 manner
972 3749 24 22 in
1008 3748 72 23 which
1092 3749 18 22 it
1125 3748 70 31 ought
1207 3754 23 18 to
1241 3749 27 23 be

654 3787 5 17 c
671 3775 3 13 '
687 3783 86 23 carried
784 3788 40 17 out
835 3782 28 31 by
877 3781 160 31 Englishmen,
1050 3780 45 24 and
1105 3780 50 24 who
1170 3781 45 23 will
1225 3781 44 24 feel

654 3818 6 18 111
671 3823 4 11 1
687 3815 48 24 that
746 3816 18 23 it
776 3816 19 22 is
807 3815 44 23 due
862 3814 55 23 both
927 3818 23 19 to
962 3814 60 23 their
1040 3821 49 16 own
1101 3814 115 24 character
1226 3815 44 23 and

654 3853 7 16 o
672 3838 3 35 i
688 3849 36 23 the
748 3848 116 23 character
884 3848 22 22 of
929 3847 60 23 their
1012 3852 101 26 country,
1138 3851 22 19 to
1181 3855 87 15 accom-

654 3886 6 16 s
671 3876 6 38 {
687 3880 59 33 plish
764 3881 59 22 their
840 3880 73 30 object
924 3881 24 21 in
959 3888 15 14 a
988 3887 103 21 manner,
1103 3888 26 15 as
1146 3888 39 22 my
1204 3881 66 33 nople

654 3925 7 6 -
671 3914 89 28 Mriend
770 3914 43 23 hae
824 3913 51 24 well
891 3912 58 28 said,
961 3912 50 24 that
1021 3912 60 24 shall
1099 3912 35 31 bo.
1147 3913 123 27 consistent

296 41 321 43 SUPPLEMENT
635 46 66 36 TO
720 45 101 34 THE
841 44 109 34 NEW
968 42 226 36 ZEALAND
1194 49 3 18 i
1216 37 345 46 <$A3JBTI^ANB
1583 34 324 35 WELLINGTON
1929 33 294 36 SPECTATOR.

1882 126 80 16 assure
1978 117 40 24 the
2034 116 69 25 noble
2121 116 50 24 lord
2189 115 45 24 and
2251 115 63 31 right
2325 115 135 28 honourable

1882 151 140 31 gentlemen,
2034 150 50 23 that
2091 149 56 31 they
2156 148 38 24 did
2204 156 30 16 no
2249 156 62 16 more
2319 148 54 24 than
2377 149 83 31 justice

1884 188 23 19 to
1918 183 39 24 the
1968 183 119 24 Directors
2103 182 66 23 when
2181 181 54 31 they
2246 188 59 23 gave
2319 180 60 25 them
2393 183 67 25 credit

1883 216 36 24 for
1928 224 29 16 an
1968 215 99 25 anxious
2075 214 75 24 desire
2158 219 24 19 to
2192 218 94 20 execute
2298 213 51 23 their
2357 214 72 24 duties
2437 217 23 23 in

1884 257 15 15 a
1914 255 95 17 manner
2027 248 50 23 that
2096 247 84 24 should
2199 246 83 24 realize
2302 245 32 24 the
2359 246 57 31 hope
2435 256 25 17 so

1884 281 130 31 eloquently
2025 280 125 31 expressed
2159 280 32 30 by
2202 279 38 23 the
2251 278 65 24 noble
2322 278 56 24 lord.
2413 280 46 26 Mr.

1885 314 88 30 Young
1987 321 46 16 was
2049 313 105 31 justified
2169 313 26 22 in
2213 311 128 31 expressing
2357 311 38 24 the
2405 311 56 33 hope

1885 347 49 23 that
1943 347 38 23 the
1994 346 151 23 colonization
2162 345 26 23 of
2203 344 57 24 New
2279 343 94 24 Zealand
2389 346 72 24 would

1884 380 28 23 be
1924 378 139 25 established
2074 386 61 23 upon
2144 377 39 24 the
2195 376 74 25 sound
2277 376 41 24 and
2322 376 49 32 just
2379 378 82 30 princi-

1884 412 50 32 ples
1946 412 51 24 that
2011 411 59 23 have
2086 412 60 22 been
2162 409 139 32 recognized
2315 409 27 31 by
2359 408 102 26 the-Go-

1886 449 125 24 vernment,
2020 444 46 24 and
2076 452 25 16 so
2108 443 94 31 frankly
2210 441 171 32 acknowledged
2388 442 30 31 by
2425 443 36 25 the

1886 478 67 24 noble
1959 478 59 24 lord.
2050 476 39 24 He
2098 476 84 24 looked
2189 483 62 24 upon
2257 475 39 24 the
2303 479 85 27 present
2394 481 68 18 meet-

1886 512 42 31 ing
1937 519 26 15 as
1976 519 13 15 a
2000 509 109 32 triumph,
2122 513 40 20 not
2173 508 26 24 of
2209 508 58 24 New
2284 507 94 25 Zealand
2391 508 70 30 alone,

1886 544 42 24 but
1947 544 26 24 of
1990 542 52 25 that
2056 547 68 27 great
2142 541 119 33 principle,
2281 540 138 32 pronounced
2435 541 28 31 by

1884 585 16 15 a
1907 577 135 31 gentleman
2049 575 83 30 whom,
2142 575 29 23 he
2180 574 116 31 regretted
2305 577 17 22 to
2331 581 49 22 say,
2389 581 74 17 severe

1886 610 160 31 indisposition
2056 607 124 33 prevented
2192 608 57 23 from
2261 607 64 30 being
2341 610 91 27 present
2432 619 33 5 —

1886 643 29 23 he
1931 647 76 20 meant
2026 641 101 24 Edward
2152 641 93 23 Gibbon
2265 638 140 25 WakefieUL
2442 639 23 24 It

1886 683 47 16 was
1952 674 132 32 impossible
2103 678 41 19 not
2161 678 24 19 to
2203 673 55 24 look
2274 671 92 25 forward
2382 671 54 24 with
2454 681 13 16 a

1887 708 114 24 confident
2012 708 145 30 expectation
2167 706 26 24 of
2208 706 38 24 the
2257 704 122 25 beneficial.
2383 704 80 24 results

1887 741 72 23 which
1973 748 59 16 were
2050 739 72 31 likely
2134 744 23 18 to
2176 740 59 22 arise
2252 739 58 23 from
2324 737 44 28 the.
2381 737 82 25 coloni-

1888 774 75 23 zation
1982 773 26 23 of
2030 772 58 24 New
2108 772 109 28 Zealand,
2234 770 116 32 especially
2368 769 64 24 when
2449 772 16 23 it

1888 814 45 15 was
1945 805 97 32 coupled
2053 805 55 23 with
2126 805 38 23 the
2184 804 77 24 efforts
2279 803 45 25 that
2340 800 45 26 had
2399 803 66 32 lately

1887 839 58 23 been
1957 838 66 24 made
2035 839 25 23 in
2079 838 38 23 the
2134 837 133 24 mercantile
2285 836 72 24 world.
2392 836 73 24 There

1888 880 46 15 was
1945 880 14 15 a
1970 876 73 19 steam
2053 871 153 31 mail-packet
2217 869 131 25 established
2359 873 23 19 to
2390 868 73 25 Pana-

1889 911 37 18 ma
1933 915 6 19 ;
1959 904 64 24 there
2035 911 46 16 was
2091 904 50 24 also
2153 911 30 16 on
2201 903 38 24 the
2259 902 60 23 other
2329 901 47 24 side
2388 902 26 23 of
2428 902 36 23 the

1889 939 98 23 isthmus
1999 946 14 16 a
2020 936 170 33 steam-packet
2201 935 87 24 started
2298 935 25 31 by
2334 934 39 24 the
2385 934 81 24 Pacific

1889 972 78 23 Steam
1979 971 140 30 Navigation
2131 970 118 30 Company
2260 977 7 20 ;
2285 967 40 24 and
2334 967 39 24 the
2383 968 84 30 project

1888 1012 46 16 was
1945 1012 52 16 now
2013 1003 73 23 under
2104 1002 177 31 contemplation
2300 1005 19 19 to
2336 1000 106 23 establish
2455 1009 12 15 a

1889 1036 190 25 communication
2090 1036 61 23 from
2168 1035 39 23 the
2223 1038 94 21 western
2332 1033 48 23 side
2392 1033 24 23 of
2432 1033 35 24 the

1889 1070 98 24 isthmus
2005 1069 25 23 of
2054 1069 103 24 Panama
2174 1073 24 18 to
2221 1067 113 24 Australia
2350 1066 45 23 and
2413 1066 54 24 New

1889 1103 110 28 Zealand,
2000 1115 34 4 —
2034 1109 29 16 an
2082 1102 155 23 achievement
2258 1099 68 24 which
2350 1099 73 23 would
2440 1108 28 22 go

1889 1137 35 23 far
1936 1141 22 19 to
1970 1136 84 24 realize
2065 1135 39 23 the
2115 1134 79 24 dream
2206 1134 24 23 of
2240 1134 39 23 the
2285 1137 46 28 poet
2338 1140 31 15 on
2376 1132 91 24 another

1889 1170 45 23 and
1952 1177 14 16 a
1985 1176 55 23 very
2052 1168 106 23 different
2178 1167 96 31 subject,
2287 1167 28 29 by
2323 1165 145 31 annihilating

1889 1203 55 23 time
1955 1202 45 24 and
2019 1209 76 23 space.
2132 1200 70 24 Were
2220 1200 62 30 they,
2295 1199 57 28 then,
2364 1202 39 20 not
2418 1198 50 32 jus-

1889 1235 65 24 tified
1965 1236 25 22 in
2002 1234 151 31 anticipating
2163 1232 41 24 the
2214 1236 60 20 roost
2284 1231 96 25 brilliant
2390 1231 78 24 results

1891 1269 57 23 from
1959 1268 45 23 this
2017 1267 101 23 addition
2129 1271 25 19 to
2164 1266 40 23 the
2216 1265 88 24 British
2314 1264 80 30 empire
2402 1264 11 24 ?

1924 1301 63 24 Lord
2000 1300 89 29 Eliot,
2102 1300 25 22 in
2137 1299 123 30 returning
2266 1297 86 29 thanks,
2359 1297 111 31 regretted

1891 1334 49 23 that
1950 1333 89 24 several
2051 1332 118 25 Memhers
2181 1332 26 23 of
2221 1331 39 24 the
2272 1331 75 24 House
2364 1330 24 23 of
2403 1330 66 24 Com-

1891 1375 64 16 mons
1956 1379 33 5 —
1990 1374 85 23 among
2096 1365 75 24 whom
2198 1372 60 16 were
2287 1363 57 25 Lord
2372 1363 97 29 Sandon,

1891 1400 62 24 Lord
1965 1400 98 30 Ashley,
2076 1399 45 24 and
2138 1398 50 24 Mr.
2200 1398 103 23 William
2318 1395 147 24 Gladstone—
2465 1409 6 5 •

1890 1433 45 24 had
1953 1434 58 22 been
2028 1431 125 33 prevented
2170 1431 60 23 from
2248 1429 112 30 attending
2371 1429 29 31 by
2411 1428 57 24 their

1891 1470 151 27 engagement
2053 1470 23 19 to
2090 1465 53 24 dine
2161 1464 56 23 with
2235 1464 39 23 the
2294 1462 104 32 Speaker.
2435 1462 36 23 He

1891 1500 44 23 had
1962 1499 42 24 felt
2033 1499 50 23 that
2115 1498 39 23 the
2183 1497 145 24 colonization
2357 1495 24 23 of
2413 1494 57 24 New

1891 1532 101 24 Zealand
2020 1531 101 24 afforded
2150 1538 29 16 an
2210 1529 140 32 opportunity
2379 1528 25 23 of
2435 1536 35 15 es-

1891 1565 125 30 tablishing
2044 1572 42 16 our
2112 1563 90 25 mutual
2230 1562 122 32 prosperity
2373 1569 61 23 upon
2459 1569 12 15 a

1891 1598 58 24 solid
1960 1598 133 23 foundation
2094 1609 33 5 —
2128 1597 50 23 that
2190 1597 17 22 it
2219 1595 97 24 afforded
2323 1603 29 15 an
2368 1598 104 27 opportu-

1891 1633 50 30 nity
1957 1631 24 23 of
2007 1630 131 32 promoting
2161 1629 39 23 the
2222 1632 97 27 greatest
2338 1631 93 20 amount
2453 1627 23 24 of

1892 1665 135 30 emigration
2038 1668 23 19 at
2077 1663 39 23 the
2134 1662 103 24 smallest
2254 1661 94 31 possible
2367 1668 103 23 expense,

1891 1697 55 23 with
1957 1697 39 23 the
2006 1697 60 23 least
2077 1699 93 20 amount
2181 1695 26 23 of
2222 1694 77 31 injury
2310 1699 18 18 to
2344 1693 38 24 the
2401 1693 71 23 abori-

1891 1731 73 29 gines.
2001 1729 66 24 With
2078 1729 46 23 this
2135 1728 86 30 feeling
2232 1727 29 23 he
2279 1727 41 23 had
2334 1725 140 25 undertaken

1893 1768 22 18 to
1927 1767 92 27 present
2029 1762 40 23 the
2084 1762 96 31 petition
2197 1765 24 19 to
2240 1760 143 28 Parliament,
2402 1758 72 24 which

1893 1795 118 24 emanated
2021 1795 61 23 from
2100 1794 39 24 the
2158 1793 161 31 Metropolitan
2333 1792 100 31 meeting
2451 1791 24 24 of

1893 1829 43 23 last
1953 1836 63 23 year,
2036 1828 46 23 and
2100 1828 24 23 in
2140 1826 76 24 which
2235 1826 39 23 the
2298 1826 110 30 Company
2432 1824 41 24 had

1893 1862 83 30 sought
1987 1866 23 19 to
2020 1861 68 23 make
2105 1861 30 23 its
2154 1861 69 23 views
2242 1859 80 23 known
2340 1863 24 19 to
2387 1858 85 24 Parlia-

1893 1901 70 17 ment.
2000 1894 52 24 The
2063 1894 121 23 difference
2195 1892 54 24 then
2260 1892 95 30 existing
2362 1891 29 24 he
2403 1890 71 24 would

1893 1932 40 19 not
1949 1927 89 24 further
2058 1927 79 23 advert
2159 1931 24 19 to
2206 1925 54 23 than
2281 1929 21 19 to
2318 1932 46 23 say,
2376 1924 49 23 that
2437 1924 37 23 the

1893 1961 109 31 inquiries
2031 1964 140 27 consequent
2199 1967 30 14 on
2251 1958 47 23 this
2319 1958 92 31 petition
2432 1956 42 24 had

1893 1994 80 30 deeply
1980 1992 127 31 impressed
2124 1992 47 23 him
2188 1992 54 22 with
2256 1991 40 23 the
2308 1992 126 28 inportance
2455 1989 22 23 of

1894 2026 39 23 the
1953 2025 150 24 colonization
2122 2025 26 22 of
2162 2024 59 23 New
2238 2022 95 25 Zealand
2351 2030 25 15 as
2393 2030 14 15 a
2423 2021 52 24 field

1893 2059 36 23 for
1947 2058 89 24 British
2056 2058 80 23 labour
2152 2056 45 24 and
2220 2056 86 24 British
2324 2055 88 32 capital,
2434 2054 42 24 and

1894 2092 47 23 also
1964 2091 55 24 with
2040 2091 39 23 the
2093 2090 96 32 upright
2209 2089 96 25 conduct
2322 2089 25 23 of
2372 2089 38 23 the
2421 2095 54 24 gen-

1894 2125 84 23 tlemen
2000 2124 51 24 who
2077 2124 47 23 had
2154 2122 123 24 interested
2301 2121 129 24 themselves
2455 2121 21 23 in

1894 2158 39 23 the
1945 2159 113 30 question,
2070 2157 44 23 and
2126 2156 49 23 who
2187 2155 46 24 had
2249 2154 80 32 proved
2346 2155 39 23 the
2402 2153 74 25 excel-

1894 2192 64 23 lence
1976 2191 26 23 of
2023 2190 60 24 their
2100 2190 97 23 motives
2216 2189 24 23 in
2258 2188 38 24 the
2313 2195 74 16 course
2406 2186 71 24 which

1894 2225 54 30 they
1958 2224 46 23 had
2016 2223 70 24 taken
2097 2223 35 23 for
2144 2222 39 24 the
2194 2222 123 31 protection
2326 2221 26 23 of
2367 2221 37 23 the
2420 2225 57 19 tem-

1894 2257 64 32 poral
1969 2256 45 24 and
2030 2256 106 31 spiritual
2154 2256 106 23 interests
2276 2255 26 23 of
2322 2254 38 23 the
2381 2254 95 23 natives.

1897 2291 39 23 He
1948 2290 42 24 felt
2001 2289 102 24 satisfied
2114 2289 50 23 that
2175 2288 54 31 they
2235 2295 59 16 were
2302 2287 97 23 actuated
2406 2286 70 31 solely

1895 2323 31 32 by
1937 2324 97 22 motives
2047 2322 75 23 which
2138 2321 85 31 sought
2239 2320 41 24 the
2293 2320 78 24 benefit
2387 2320 24 23 of
2433 2319 44 23 this

1896 2361 96 24 country
2002 2355 46 24 and
2054 2355 39 24 the
2107 2355 97 30 Colony.
2240 2354 73 24 Profit
2326 2353 73 31 might
2408 2360 68 20 come,

1896 2390 45 23 and
1952 2390 19 23 if
1994 2390 18 23 it
2023 2388 40 24 did
2074 2396 64 16 come
2158 2388 19 23 it
2195 2386 76 25 would
2291 2387 26 23 be
2331 2386 80 23 indeed
2428 2385 49 23 well

1897 2422 123 29 deserved;
2044 2422 42 24 but
2104 2421 29 24 he
2155 2428 46 16 was
2220 2421 61 30 quite
2297 2427 46 16 sure
2361 2419 48 23 that
2418 2425 59 17 mere

1896 2456 68 31 profit
1976 2455 44 24 had
2030 2463 70 16 never
2110 2454 94 24 entered
2215 2454 49 22 into
2275 2453 53 23 their
2340 2451 136 33 contempla-

1897 2489 47 23 tion
1956 2490 25 22 in
1990 2489 39 23 the
2042 2488 79 24 efforts
2131 2487 55 29 they
2192 2486 45 24 had
2244 2486 71 24 made.

1931 2522 49 23 Mr.
1990 2521 98 24 Willis
2100 2520 113 32 proposed
2246 2519 50 24 The
2308 2517 116 25 Reverend
2433 2517 42 24 Dr.

1899 2554 85 29 Hinds,
1998 2553 45 25 and
2051 2554 38 24 the
2100 2553 94 25 Church
2208 2553 93 30 Society
2310 2552 21 23 of
2346 2551 56 24 New
2418 2550 57 24 Zea-
