2540 3989
1912 125 27 22 of
1949 125 79 23 wealth
2037 125 46 24 and
2089 126 69 23 naval
2168 134 97 21 power—
2265 128 31 22 -in
2303 127 67 29 short.
2385 128 28 24 Be
2422 127 77 28 in.tbV
2503 135 4 6 1

1912 151 119 23 Southern.
2036 152 88 23 Ocean,
2131 153 61 22 what
2206 153 37 22 the
2262 155 80 22 British
2359 156 55 23 Isles
2423 164 38 15 are
2469 159 25 21 ht

1910 178 38 22 the
1958 178 119 22 Northern.
2121 179 35 22 He
2173 180 171 27 complimented
2359 182 59 23 Lord
2433 183 62 23 John

1912 203 85 23 Russell
2013 205 35 21 for
2070 205 38 22 the
2124 207 99 26 sagacity
2241 207 52 22 with
2314 207 71 22 which
2402 209 29 22 he
2449 209 45 23 had

1910 231 138 26 appreciated
2065 231 38 22 the
2121 231 139 28 importance
2278 233 25 21 of
2322 234 62 21 these
2402 235 90 28 islands,

1910 256 44 22 and
1964 257 41 24 for,
2006 257 38 22 the
2049 257 113 31 judicious
2171 265 101 16 measure
2282 261 26 20 of
2319 261 82 26 setting
2409 268 32 21 up
2455 262 37 22 the

1910 282 80 22 British
2000 283 44 27 flag
2053 284 22 20 in
2086 283 68 23 them.
2184 283 61 23 With
2262 289 86 24 respect
2362 290 23 18 to
2402 288 39 21 the
2455 295 38 21 ap-

1911 308 128 27 prehended
2049 309 148 23 interference
2213 311 54 22 with
2282 311 37 23 the
2333 312 70 26 rights
2419 314 26 22 of
2455 315 38 22 the

1910 335 91 27 natives,
2011 335 28 22 be
2054 336 91 27 pointed
2161 340 38 18 out
2215 337 49 22 that
2273 338 37 22 the
2320 339 116 28 authority
2442 346 51 17 now

1910 361 132 22 established
2057 368 45 16 was
2119 362 35 22 the
2170 363 53 26 only
2240 371 77 15 means
2331 365 26 21 of
2369 367 124 27 protecting

1910 386 59 23 them
1980 388 55 22 from
2045 389 126 25 aggression
2182 389 44 21 and
2236 390 100 26 plunder.
2364 391 59 23 That
2431 392 62 23 these

1909 413 82 22 islands
2008 414 72 21 would
2097 414 28 21 be
2143 416 100 26 peopled,
2265 422 43 16 was
2326 424 29 14 an
2372 417 121 24 inevitable

1909 439 46 22 fact
1961 447 6 19 ;
1982 440 45 22 and
2036 440 30 22 all
2075 440 49 22 that
2133 440 36 22 the
2178 442 119 22 resolution
2309 443 24 21 of
2340 443 153 25 Government

1910 464 42 23 had
1967 466 57 22 done
2041 473 44 15 was
2100 470 23 18 to
2133 468 117 22 substitute
2268 469 137 23 settlements
2422 471 72 23 under

1908 492 117 27 authority,
2042 492 35 23 for
2094 493 37 22 the
2148 494 110 27 irregular
2272 496 126 22 settlement
2415 497 26 21 of
2455 498 38 22 the

1910 522 94 18 outcasts
2023 519 27 22 of
2064 520 30 21 all
2111 520 95 27 nations,
2224 522 27 20 of
2263 522 72 21 whom
2352 523 36 21 the
2408 523 86 23 natives

1908 551 57 16 were
1975 551 50 16 sure
2035 549 23 18 to
2067 545 34 27 be,
2113 553 24 14 as
2143 553 31 21 up
2184 551 23 17 to
2216 546 44 23 this
2269 548 53 22 time
2330 548 52 28 they
2392 549 101 23 unfortu-

1910 570 73 30 nately
1994 571 43 22 had
2048 572 65 27 been,
2124 572 38 22 the
2171 573 95 22 victims.
2295 574 59 22 Lord
2365 575 128 25 Ashburton

1909 597 66 22 dwelt
1984 598 52 22 with
2046 598 101 27 pleasure
2157 605 30 15 on
2196 598 38 23 the
2243 600 114 22 character
2366 601 26 22 of
2405 602 37 22 the
2451 609 42 15 na-

1910 623 42 22 tive
1964 624 134 26 population,
2110 632 24 13 so
2143 625 77 22 unlike
2230 625 49 22 that
2289 627 25 21 of
2323 626 37 22 the
2368 628 87 22 natives
2470 630 26 21 of

1910 650 118 26 Australia,
2046 650 26 21 of
2086 650 38 22 the
2140 652 66 26 Cape,
2223 652 45 22 and
2286 658 54 17 even
2357 654 25 21 of
2395 654 39 22 the
2442 655 51 22 Red

1909 682 51 15 men
1976 676 26 22 of
2017 676 72 23 North
2100 678 111 26 America,
2221 678 72 22 which
2310 679 45 22 had
2369 682 123 25 prevented

1908 702 37 21 the
1961 703 172 27 amalgamation
2146 704 53 21 with
2214 704 39 22 the
2269 706 81 21 British
2366 714 59 15 race.
2455 707 36 23 He

1908 728 134 28 anticipated
2058 729 49 22 that
2122 730 57 21 New
2192 730 100 23 Zealand
2309 732 69 26 might
2393 732 29 22 be
2432 733 60 22 colo-

1908 755 65 21 nized
1982 755 71 22 under
2062 756 51 21 wise
2122 756 61 26 laws,
2190 761 40 16 not
2240 758 53 26 only
2302 758 92 23 without
2402 759 90 28 leaving

1908 788 29 14 on
1947 780 34 22 his
1990 781 58 22 head
2063 788 45 21 any
2117 781 64 28 thing
2190 783 35 21 for
2237 782 37 23 the
2285 784 171 28 philanthropist
2469 789 22 19 to

1909 806 88 28 lament,
2013 807 39 23 but
2067 812 23 18 to
2108 808 35 22 the
2160 812 63 23 great
2237 809 164 28 improvement
2416 812 26 21 of
2453 812 38 23 the

1909 833 95 27 existing
2013 841 69 15 races.

1935 860 42 21 Mr.
1992 855 61 27 John
2065 859 64 23 Abel
2140 861 74 22 Smith
2229 863 109 26 proposed
2368 863 48 22 The
2424 863 67 24 Vice-

1910 885 113 23 President
2032 887 27 21 of
2068 887 39 21 the
2114 887 73 21 Board
2198 888 25 22 of
2359 889 23 22 If
2393 890 18 22 it
2418 891 73 22 would

1908 916 39 18 not
1956 913 29 21 be
1994 920 28 14 an
2032 913 76 22 undue
2119 917 94 24 trespass
2228 922 61 20 upon
2300 915 36 22 the
2354 917 52 20 time
2417 917 24 21 of
2453 918 37 21 the

1908 939 115 27 assembly,
2034 939 28 22 be
2069 939 80 22 should
2160 941 94 27 perhaps
2263 946 92 18 venture
2364 946 23 18 to
2402 943 89 22 intrude

1908 971 59 21 upon
1975 965 60 22 them
2046 974 61 14 some
2117 966 151 24 observations
2275 969 51 21 with
2335 969 78 27 regard
2422 974 20 17 to
2454 971 37 22 the

1908 995 49 17 vast
1964 992 137 27 importance
2111 993 102 23 attached
2223 997 24 18 to
2257 994 37 22 the
2304 1002 99 21 progress
2416 997 26 20 of
2453 997 38 22 the

1908 1017 80 23 British
1999 1019 99 22 Colonial
2109 1020 90 26 empire.
2228 1020 38 22 He
2284 1021 127 28 conceived,
2427 1023 63 22 when

1908 1044 37 22 the
1955 1045 96 21 markets
2061 1046 25 22 of
2097 1045 88 28 Europe
2203 1053 57 16 were
2275 1047 115 28 gradually
2406 1049 86 28 closing

1908 1070 85 27 against
2002 1071 37 22 the
2049 1073 120 26 enterprise
2180 1073 26 21 of
2216 1073 94 26 English
2320 1074 126 23 merchants
2461 1077 30 26 by

1907 1097 37 21 the
1955 1098 118 22 successful
2091 1099 143 26 competition
2250 1098 52 29 they
2318 1108 57 14 were
2391 1108 99 16 encoun-

1908 1124 77 27 tering,
1997 1124 49 22 that
2054 1124 38 22 the
2101 1125 119 22 formation
2231 1127 26 21 of
2268 1134 48 14 new
2334 1127 97 22 markets
2446 1136 45 15 was

1907 1157 43 14 one
1959 1150 26 22 of
1995 1150 62 22 those
2067 1151 96 27 subjects
2175 1152 72 22 which
2255 1158 57 17 most
2317 1153 125 23 demanded
2452 1155 37 23 the

1907 1177 108 21 attention
2025 1177 45 22 and
2079 1178 163 22 consideration
2253 1179 26 21 of
2289 1178 47 23 that
2350 1180 139 27 department

1906 1203 26 22 of
1943 1202 36 23 the
1990 1204 153 22 Government
2155 1204 36 22 the
2202 1205 81 21 official
2292 1205 71 23 duties
2380 1206 27 22 of
2418 1207 71 23 which

1906 1230 122 22 connected
2044 1230 27 22 its
2093 1231 112 21 Ministers
2218 1231 54 22 with
2287 1232 37 22 the
2348 1235 142 21 commercial

1905 1256 102 22 interests
2017 1256 26 22 of
2054 1256 37 22 the
2102 1261 101 24 country.
2234 1258 35 22 He
2275 1258 72 28 hoped
2354 1259 48 21 that
2411 1260 26 21 he
2446 1268 43 14 was

1905 1287 39 17 not
1955 1283 106 22 mistaken
2072 1284 24 21 in
2107 1284 141 27 considering
2257 1284 36 22 the
2304 1292 105 19 presence
2420 1287 24 21 of
2453 1287 36 22 the

1908 1309 114 22 President
2032 1309 45 22 and
2091 1309 184 23 Vice-President
2284 1313 26 20 of
2321 1311 36 23 the
2375 1312 72 22 Board
2465 1314 27 21 of

1905 1334 70 23 Trade
1986 1343 81 19 among
2077 1336 60 22 them
2147 1336 47 22 that
2208 1338 66 24 night
2283 1345 24 14 as
2322 1345 29 15 an
2366 1338 122 24 indication

1905 1362 27 21 of
1945 1361 37 22 the
2000 1362 92 23 interest
2112 1363 51 22 with
2183 1364 73 22 which
2273 1364 53 28 they
2346 1365 84 23 viewed
2450 1367 38 22 the

1905 1388 109 28 question.

1933 1414 41 23 Mr.
1986 1415 70 22 Sheil
2065 1414 55 27 said,
2130 1415 50 23 that
2188 1416 65 22 when
2263 1416 28 22 be
2306 1418 129 23 considered
2450 1419 38 23 the

1903 1440 45 22 late
1964 1441 56 22 hour
2036 1442 25 21 of
2077 1442 37 21 the
2131 1443 96 26 evening
2243 1449 23 16 at
2283 1444 71 22 which
2373 1444 54 29 they
2443 1445 45 23 had

1904 1467 92 27 arrived,
2008 1468 27 21 he
2045 1475 44 14 was
2099 1469 115 22 reminded
2221 1470 27 21 of
2254 1470 36 21 the
2300 1471 108 27 difficulty
2416 1472 73 22 which

1905 1493 43 22 had
1957 1494 56 22 been
2023 1494 90 23 alluded
2122 1499 21 18 to
2155 1496 28 26 by
2195 1496 44 21 Mr.
2250 1496 88 28 Young,
2347 1498 96 26 namely,
2451 1499 38 22 the

1904 1520 108 26 difficulty
2030 1521 27 22 of
2077 1521 150 28 annihilating
2247 1524 59 21 time.
2345 1524 141 28 (Laughter.)

1903 1546 48 22 The
1961 1546 55 27 task,
2027 1547 108 27 however,
2146 1548 71 23 which
2225 1549 28 22 he
2261 1550 45 22 bad
2312 1553 21 18 to
2341 1550 96 28 perform
2444 1559 45 15 was

1904 1572 108 23 rendered
2021 1578 23 17 at
2054 1581 55 15 once
2120 1574 86 23 shorter
2214 1576 46 21 and
2270 1577 70 22 easier
2355 1578 30 26 by
2401 1578 36 21 the
2453 1586 35 14 re-

1904 1599 117 23 collection
2035 1600 49 22 that
2099 1600 34 22 his
2147 1601 59 27 right
2220 1602 137 23 honourable
2373 1603 116 29 colleague

1903 1625 44 22 had
1956 1626 90 28 already
2054 1628 117 27 conveyed
2180 1632 22 17 to
2212 1628 38 23 the
2260 1630 116 28 assembly,
2394 1631 54 26 that,
2465 1635 23 18 to

1903 1652 38 22 the
1958 1657 82 18 utmost
2055 1658 78 17 extent
2150 1655 132 31 compatible
2300 1656 51 22 with
2368 1656 35 22 his
2415 1658 73 26 public

1904 1679 60 27 duty,
1985 1680 28 21 he
2032 1680 73 22 would
2122 1680 27 22 be
2167 1680 58 22 their
2242 1682 72 21 active
2331 1682 46 22 and
2399 1684 90 22 zealous

1903 1705 79 23 friend.
2009 1706 47 22 The
2063 1710 64 24 great
2133 1707 109 27 principle
2249 1708 48 22 that
2302 1708 44 22 had
2353 1709 56 22 been
2418 1717 71 16 enun-

1903 1732 73 22 ciated
1980 1733 28 27 by
2014 1740 41 14 one
2062 1733 71 22 whom
2140 1739 28 16 lie
2175 1734 72 26 might
2254 1734 42 22 call
2303 1735 37 22 the
2348 1735 142 28 philosopher

1903 1758 27 21 of
1940 1766 130 19 commerce,
2086 1760 37 21 the
2138 1760 43 21 late
2199 1760 43 22 Mir.
2261 1761 151 22 Huskisson—
2415 1763 71 27 (hear)

1902 1795 29 5 —
1932 1785 44 22 still
1989 1786 115 27 prevailed
2117 1786 22 21 in
2152 1786 47 21 that
2208 1787 140 28 department
2358 1788 26 21 of
2395 1789 37 22 the
2443 1790 46 21 Go-

1903 1816 118 18 vernment
2037 1813 23 20 in
2079 1813 72 21 which
2170 1813 27 21 he
2216 1813 46 22 had
2278 1814 92 23 effected
2385 1823 24 14 so
2423 1816 66 22 much

1902 1838 65 27 good.
1997 1839 73 26 Every
2081 1839 42 27 day
2133 1839 48 22 that
2192 1840 78 27 passed
2279 1841 29 27 by
2319 1841 98 22 afforded
2427 1850 61 15 some

1903 1865 105 22 evidence
2025 1866 26 21 of
2063 1865 37 22 the
2116 1866 99 28 sagacity
2231 1868 27 21 of
2271 1867 46 22 that
2327 1868 162 28 distinguished

1903 1898 59 18 man,
1974 1891 44 22 and
2028 1892 37 21 the
2076 1893 123 21 soundness
2204 1893 27 21 of
2237 1894 37 21 the
2282 1894 119 28 principles
2408 1895 27 21 he
2444 1895 45 22 had

1903 1917 45 22 laid
1964 1918 71 22 down.
2063 1919 49 21 The
2128 1919 149 22 colonization
2288 1920 26 22 of
2326 1920 104 28 England
2445 1929 43 15 was

1903 1944 85 27 rapidly
1998 1946 122 26 extending
2128 1953 4 18 ;
2150 1946 45 21 and
2209 1946 95 27 perhaps
2321 1947 35 22 the
2374 1948 53 21 time
2446 1956 43 14 was

1903 1975 39 17 not
1951 1971 33 21 far
1995 1971 83 22 distant
2087 1971 65 22 when
2170 1973 62 20 those
2243 1973 65 22 noble
2322 1974 84 22 islands
2416 1975 72 22 would

1903 1997 27 21 be
1947 1997 94 26 peopled
2054 1998 54 22 with
2122 2005 13 14 a
2154 1998 83 22 British
2255 2006 57 19 race,
2323 2000 108 27 speaking
2451 2001 37 22 the

1902 2030 60 15 same
1973 2024 115 27 language,
2098 2025 43 21 and
2152 2025 107 28 enjoying
2267 2025 35 22 the
2312 2033 59 15 same
2381 2027 60 26 laws,
2451 2027 37 22 the

1902 2057 60 14 same
1972 2050 136 22 institutions
2119 2051 52 21 with
2189 2053 117 26 ourselves,
2318 2053 44 21 and
2378 2053 38 22 the
2425 2054 64 26 spirit

1902 2076 27 21 of
1935 2076 105 26 England
2049 2077 73 23 would
2132 2078 27 21 be
2170 2077 89 23 infused
2275 2079 46 21 into
2333 2079 61 22 these
2405 2080 83 23 newly-

1902 2103 128 21 discovered
2039 2104 94 27 regions.
2163 2104 74 27 Might
2246 2105 28 21 he
2284 2105 54 28 also,
2348 2114 24 13 as
2380 2114 28 14 an
2421 2107 67 22 Irish-

1902 2136 59 20 man,
1973 2129 48 27 add,
2034 2130 48 22 that
2091 2131 36 21 the
2138 2130 94 27 English
2242 2135 81 24 system
2338 2133 26 21 of
2376 2133 112 22 coloniza-

1903 2156 46 21 tion
1966 2156 48 22 that
2032 2164 43 15 was
2092 2164 24 14 so
2132 2157 86 28 rapidly
2234 2159 121 27 extending
2369 2159 73 22 would
2459 2160 29 23 be

1902 2183 64 21 aided
1976 2183 45 21 and
2035 2183 123 22 forwarded
2173 2184 29 27 by
2213 2184 38 22 the
2267 2186 146 27 enterprising
2425 2187 63 26 spirit

1902 2209 26 21 of
1943 2209 35 22 the
1999 2209 56 23 Irish
2073 2211 79 26 people
2152 2221 28 5 —
2181 2211 49 21 that
2246 2211 36 22 the
2299 2212 150 22 combination
2464 2214 27 21 of

1902 2235 92 27 English
2005 2244 157 19 perseverance
2173 2237 53 22 with
2241 2238 78 22 Scotch
2335 2239 97 28 sagacity
2442 2240 45 22 and

1903 2262 58 22 Irish
1979 2263 39 21 fire
2039 2263 72 22 would
2129 2264 62 22 work
2209 2264 108 22 miracles.
2355 2265 37 22 He
2413 2267 74 22 would

1901 2288 52 27 add,
1967 2289 47 21 that
2037 2290 94 27 nothing
2154 2291 44 21 had
2214 2291 66 27 given
2304 2291 45 22 him
2375 2299 13 14 a
2409 2292 79 28 higher

1902 2315 79 26 degree
2010 2316 25 22 of
2059 2316 102 27 pleasure
2188 2317 54 22 than
2271 2321 22 19 to
2328 2318 92 22 observe
2448 2320 37 21 the

1901 2341 112 23 universal
2031 2343 146 22 acclamation
2197 2344 52 22 with
2275 2344 68 22 which
2363 2345 39 21 the
2421 2346 65 22 noble

1901 2368 49 22 lord
1965 2369 43 21 had
2026 2369 58 22 been
2100 2371 103 21 received
2220 2371 31 27 by
2268 2370 47 22 that
2334 2372 98 27 meeting
2452 2380 34 15 as-

1901 2395 99 22 sembled
2009 2403 25 14 as
2044 2395 17 22 it
2072 2396 42 22 had
2124 2397 57 21 been
2192 2397 35 21 for
2240 2397 36 22 the
2293 2405 93 20 purpose
2401 2399 25 21 of
2436 2406 51 15 ren-

1901 2421 78 28 dering
1987 2426 22 18 to
2018 2422 47 22 him
2077 2423 55 21 their
2141 2427 151 23 spontaneous
2301 2424 102 28 homage.
2441 2426 45 22 No-

1901 2448 64 27 thing
1974 2449 43 22 had
2028 2449 97 22 afforded
2136 2449 46 23 him
2192 2458 14 14 a
2216 2450 79 27 higher
2304 2451 68 22 moral
2383 2452 103 27 pleasure

1901 2474 53 23 than
1962 2475 37 21 the
2006 2482 94 16 manner
2107 2476 22 22 in
2139 2477 71 21 which
2218 2476 37 22 the
2261 2477 131 23 sentiments
2397 2479 88 22 uttered

1901 2501 29 27 by
1949 2501 36 22 the
2004 2502 66 22 noble
2089 2503 50 22 lord
2157 2503 43 22 had
2218 2503 57 22 been
2290 2504 104 22 received
2402 2506 30 26 by
2448 2505 37 22 the

1901 2528 103 27 meeting.
2034 2528 37 22 He
2080 2529 90 22 alluded
2179 2533 22 19 to
2218 2529 38 23 the
2267 2529 104 29 eloquent
2384 2536 45 18 and
2443 2532 42 22 im-

1900 2555 95 27 pressive
2014 2562 94 15 manner
2124 2557 24 21 in
2166 2556 72 22 which
2251 2556 37 22 the
2303 2557 65 23 uoble
2382 2557 49 23 lord
2440 2558 46 22 had

1900 2581 106 23 adverted
2021 2586 23 18 to
2061 2582 38 22 the
2118 2587 111 23 necessity
2248 2583 24 21 of
2285 2583 36 22 the
2332 2584 88 23 welfare
2439 2585 46 22 and

1900 2609 121 26 prosperity
2039 2608 26 22 of
2076 2608 37 22 the
2123 2609 124 27 aboriginal
2263 2609 136 23 inhabitants
2417 2611 69 28 being

1900 2635 108 27 carefully
2016 2635 108 27 regarded
2135 2635 45 23 and
2190 2636 101 22 watched
2301 2644 59 15 over.
2388 2638 48 22 The
2446 2640 41 20 ad-

1900 2665 133 18 vancement
2042 2662 26 21 of
2079 2662 82 22 British
2171 2663 150 22 colonization
2332 2671 44 14 was
2394 2665 37 21 the
2446 2665 39 22 ad-

1900 2692 132 18 vancement
2041 2688 27 22 of
2079 2688 37 22 the
2126 2689 49 22 best
2190 2689 103 23 interests
2304 2690 25 21 of
2338 2691 148 28 humanity—

1900 2714 37 21 the
1945 2714 162 22 advancement
2115 2715 26 21 of
2152 2715 94 28 religion
2248 2727 26 5 —
2275 2716 37 22 the
2323 2718 163 23 advancement

1899 2741 26 21 of
1931 2741 36 22 the
1978 2741 85 28 dignity
2072 2743 19 21 &
2099 2743 123 26 prosperity
2228 2743 27 21 of
2260 2743 36 22 the
2303 2743 81 22 British
2392 2745 91 26 empire.

1926 2767 61 23 Lord
1996 2768 75 22 Petre
2081 2769 109 33 proposed
2233 2769 48 23 The
2296 2770 53 22 East
2364 2770 66 22 India
2444 2772 40 22 Di-

1898 2797 83 19 rectors
1999 2794 49 22 who
2066 2795 44 22 had
2124 2790 118 28 honoured
2262 2795 37 23 the
2322 2797 116 28 Company
2454 2798 35 29 by-

1900 2820 57 22 their

1929 2847 42 23 Mr.
1983 2848 85 26 Lyall,
2079 2848 106 23 returned
2194 2848 90 23 thanks.

1924 2874 48 22 The
1981 2874 127 27 Chairman,
2122 2875 61 22 Lord
2197 2876 63 21 John
2273 2876 95 27 Russell,
2386 2877 46 22 and
2447 2877 37 22 the

1898 2900 162 28 distinguished
2067 2907 76 21 guests
2150 2902 56 22 then
2216 2902 86 27 quitted
2312 2903 36 22 the
2358 2910 71 21 room,
2440 2904 45 22 and

1898 2927 39 22 the
1946 2931 63 24 party
2018 2929 117 27 separated
2143 2929 69 21 about
2221 2929 107 28 half-past
2336 2929 86 23 eleven.

63 117 42 25 the
115 116 84 32 charge
210 116 51 25 that
269 116 44 24 has
324 124 26 17 so
365 116 80 33 rashly
461 118 46 24 and
525 117 129 32 ignorantly

64 150 60 24 been
141 149 100 32 brought
256 149 93 31 against
365 149 63 25 them
451 148 48 33 (for
514 149 16 26 I
548 151 49 24 will
614 156 40 19 not

66 182 78 32 assign
160 189 45 23 any
222 189 73 16 worse
311 182 102 31 grounds
428 182 38 24 for
483 182 30 32 it)
515 196 33 4 —
548 183 106 24 notwith-

66 214 108 31 standing
183 214 40 24 the
233 215 137 30 imputation
380 215 50 24 that
440 214 43 25 has
495 216 60 24 been
565 221 49 19 cast
624 224 30 16 on

65 247 71 28 them,
148 247 49 23 that
209 247 54 31 they
280 247 57 24 have
356 247 58 24 been
431 250 114 30 pursuing
562 257 14 15 a
591 256 63 17 mere

65 279 192 31 money-making
278 280 148 31 speculation,
445 281 56 23 with
521 290 14 14 a
553 282 100 24 reckless

65 312 117 30 disregard
193 313 26 23 of
233 312 31 24 all
275 312 40 24 the
325 312 82 31 higher
417 313 110 24 interests
544 315 26 22 of
588 315 65 23 those

64 344 75 25 whom
149 344 55 31 they
215 344 58 25 have
282 345 60 24 been
353 346 108 31 inducing
473 351 23 19 to
515 351 97 27 migrate
629 351 24 20 to

64 377 39 25 the
113 377 101 24 furthest
224 379 123 30 extremity
357 378 26 24 of
397 378 39 24 the
447 379 76 31 globe,
530 379 44 24 and
583 388 15 15 a
605 379 47 24 still

62 417 63 18 more
137 409 112 25 heartless
259 418 130 17 unconcern
400 411 70 24 about
480 412 39 23 the
530 412 83 24 results
623 421 29 15 on

64 442 39 25 the
106 443 83 23 -native
196 443 141 25 inhabitants
344 444 26 24 of
377 443 40 25 the
422 449 96 26 country
525 445 47 23 into
579 445 73 24 which

63 475 55 31 they
127 475 58 24 have
196 475 60 25 been
266 476 147 32 represented
424 485 25 16 as
458 478 99 31 pouring
565 485 14 16 a
585 478 66 23 ruth-

62 508 47 24 less
120 508 46 24 and
177 508 130 32 desolating
317 509 46 24 tide
374 510 26 23 of
414 509 138 25 civilization
552 522 32 5 —
585 510 13 24 I
615 518 37 17 am

61 540 78 26 bound
148 545 26 20 to
183 540 98 30 declare,
297 541 58 29 that,
373 542 59 25 from
449 542 38 25 the
505 543 52 24 first
574 550 77 18 move-

61 577 73 25 ment,
145 572 14 26 I
172 574 56 24 have
240 581 70 19 never
320 575 121 25 witnessed
457 583 46 23 any
521 574 66 32 thing
603 576 48 24 like

62 607 137 31 opposition,
220 614 46 24 any
283 607 67 31 thing
366 607 49 24 like
431 607 154 30 indifference,
605 616 46 23 any

63 638 65 33 thing
139 639 66 24 short
215 640 27 23 of
255 640 39 24 the
311 644 62 20 most
393 640 85 24 cordial
494 645 96 20 consent
605 641 46 24 and

62 673 164 30 co-operation,
238 673 120 24 whenever
369 680 45 24 any
424 673 108 32 proposal
541 673 42 24 has
593 674 58 24 been

48 725 1 5 .
61 704 66 26 made
139 709 23 20 to
179 706 131 31 transplant
326 705 39 24 the
383 706 109 31 religious
510 707 140 24 institutions

61 737 27 25 ef
102 737 46 25 this
156 751 4 12 ;
166 743 98 26 country
274 743 25 19 to
320 738 39 24 the
379 746 68 17 scene
458 740 27 23 of
499 740 60 23 their
574 745 75 18 enter-

60 770 70 32 prise,
143 770 45 24 and
198 775 24 20 to
233 770 70 25 make
312 771 65 24 those
388 772 142 24 institutions
542 773 108 24 available

61 803 61 24 alike
134 803 36 24 for
183 803 40 25 the
241 805 60 30 good
319 805 26 23 of
360 805 38 23 the
419 805 110 24 colonists
548 805 44 25 and
612 806 38 24 the

59 837 97 24 natives.
192 836 31 24 In
235 842 95 27 support
341 838 27 23 of
381 838 46 24 this
444 839 111 25 assertion
575 838 13 24 I
604 839 47 24 will

60 870 104 23 mention
185 873 45 21 two
252 870 67 25 facts.
365 871 50 23 Mn
439 871 109 32 Baring's
565 871 42 25 bill
626 873 26 23 of

62 903 64 23 1838
138 903 121 23 contained
276 907 44 19 two
333 903 88 24 clauses
441 903 76 24 which
534 911 58 16 were
609 904 40 23 de-

60 934 67 24 voted
139 939 24 19 to
173 943 118 16 measures
303 936 26 23 of
337 936 117 24 character
464 945 7 19 ;
487 944 44 16 one
543 937 26 23 of
576 936 73 25 which

59 974 47 17 was
118 967 38 24 the
169 968 143 25 endowment
330 968 27 24 of
370 976 16 16 a
395 968 85 24 church
499 969 27 23 of
542 969 107 31 England

60 1000 129 31 Bishopric,
202 1000 55 24 with
275 1000 40 24 the
336 1009 161 24 concurrency,
510 1002 102 28 observe,
626 1004 26 22 of

59 1042 14 15 a
90 1033 60 31 body
161 1033 26 24 of
201 1041 53 16 men
273 1034 28 23 of
314 1042 68 23 every
393 1034 106 24 different
517 1034 131 25 denomina-

59 1066 47 24 tion
118 1066 26 23 of
159 1066 119 24 Christian
294 1066 66 25 faith.
397 1066 46 25 Let
452 1067 46 24 this
510 1067 29 24 be
550 1075 97 17 remem-

57 1099 79 25 bered.
171 1099 57 25 And
238 1104 24 19 at
273 1099 46 25 this
330 1104 109 25 moment,
449 1108 85 23 among
544 1101 39 23 the
593 1109 55 15 con-

57 1132 122 24 tributions
203 1132 76 25 which
301 1141 42 15 our
372 1132 94 25 Church
494 1134 93 30 Society
607 1134 40 23 has

59 1165 110 29 received,
189 1173 44 16 one
253 1165 27 24 of
298 1166 42 23 the
358 1166 99 29 earliest,
479 1165 46 25 and
548 1167 36 23 far
608 1167 39 23 the

57 1198 93 31 largest,
162 1198 31 31 by
203 1206 56 24 very
270 1198 36 24 far
316 1198 39 24 the
367 1204 60 19 most
438 1198 106 32 splendid
562 1200 85 23 contri-

57 1231 87 28 bution,
157 1239 78 16 comes
245 1231 59 26 from
322 1231 39 24 the
379 1231 58 24 New
456 1231 103 25 Zealand
577 1233 70 23 Com-

57 1271 70 25 pany.
147 1282 3 3 ■
163 1265 40 23 On
214 1265 38 23 the
263 1272 108 24 progress
383 1265 73 23 which
468 1265 47 24 this
523 1265 91 32 Society
623 1266 26 24 of

57 1305 53 16 ours
122 1297 42 23 has
174 1298 59 23 been
242 1298 103 31 making,
359 1298 13 23 I
384 1298 56 23 have
452 1306 68 23 every
532 1306 80 16 reason
623 1303 24 19 to

58 1330 156 31 congratulate
233 1330 38 25 the
293 1330 86 24 friends
403 1332 26 23 of
449 1331 98 31 religion
562 1332 46 23 sind
624 1332 26 24 of

59 1363 56 24 New
138 1363 102 24 Zealand
263 1364 159 24 colonization.
474 1365 25 23 It
521 1364 81 29 would,
624 1365 26 24 of

58 1404 88 21 course,
158 1396 30 23 be
198 1397 134 30 impossible
343 1397 36 23 for
396 1405 37 16 me
453 1401 24 19 to
494 1405 31 23 go
543 1398 48 23 into
605 1397 40 24 de-

57 1430 52 22 tails
117 1437 8 21 ;
150 1429 43 23 but
210 1429 39 23 the
266 1430 113 31 principal
397 1438 106 16 measure
522 1430 74 24 which
613 1438 33 16 we

57 1462 56 24 have
125 1462 58 24 been
195 1463 179 31 contemplating
384 1463 20 22 is
417 1463 38 23 the
474 1463 172 24 establishment

57 1495 26 24 of
96 1495 146 32 Episcopacy
252 1496 26 23 in
289 1495 39 24 the
339 1495 74 24 island
421 1505 7 20 ;
442 1496 44 23 and
497 1496 15 23 I
524 1504 43 16 am-
570 1496 77 32 happy

58 1532 24 20 to
92 1528 30 24 be
137 1528 51 24 able
207 1533 23 19 to
249 1533 60 19 state
320 1536 59 22 now,
391 1536 25 16 as
434 1537 14 15 a
467 1531 119 29 certainty,
598 1529 49 24 that

57 1560 50 25 that
117 1569 106 16 measure
242 1562 47 23 will
300 1562 29 23 be
349 1562 88 23 carried
453 1562 50 23 into
518 1562 73 24 effect.
631 1562 13 24 I

57 1602 37 16 am
115 1593 78 33 happy
215 1599 24 19 to
263 1595 29 23 be
321 1594 133 24 authorized
475 1599 25 20 to
530 1602 115 17 announce

57 1635 26 16 as
105 1635 15 16 a
142 1628 119 30 certainty,
284 1628 51 24 that
363 1628 39 23 the
431 1629 104 23 sanction
557 1628 26 24 of
608 1628 37 24 the

59 1659 93 25 Church
164 1661 45 23 and
221 1661 38 23 the
271 1665 94 19 consent
377 1661 26 23 of
411 1661 38 23 the
462 1661 101 24 advisers
574 1662 25 23 of
608 1661 37 24 the

59 1693 82 24 Crown
163 1693 58 24 have
243 1693 60 24 been
332 1694 68 30 given
429 1699 23 18 to
479 1694 39 23 the
541 1695 103 30 appoint-

58 1731 64 19 ment
131 1727 25 23 of
165 1734 14 16 a
191 1726 88 32 Bishop
287 1727 37 24 for
334 1727 57 24 New
400 1727 102 23 Zealand
512 1736 6 19 ;
539 1727 49 24 that
597 1727 48 25 that

48 1779 1 3 .
57 1760 157 30 appointment
225 1760 46 23 will
283 1760 101 31 speedily
395 1760 29 23 be
440 1760 66 24 made
515 1769 6 19 ;
541 1760 44 23 and
597 1760 48 25 that

57 1800 12 14 a
88 1792 185 32 Parliamentary
290 1798 70 25 grant
376 1800 53 24 may
447 1793 27 23 be
492 1793 109 32 expected
620 1794 24 24 in

57 1825 101 24 addition
169 1830 23 19 to
209 1826 38 23 the
263 1826 121 31 voluntary
395 1826 165 23 contributions
571 1826 73 25 which

56 1858 55 24 have
123 1858 60 24 been
194 1863 36 19 set
241 1866 30 16 on
288 1859 48 23 foot
353 1858 35 24 for
407 1859 38 23 the
464 1858 141 26 endowment
621 1861 26 23 of

56 1891 38 24 the
103 1891 129 31 Bishopric.
270 1891 58 24 This
337 1893 21 22 is
366 1900 15 15 a
389 1900 105 15 measure
503 1892 27 23 of
535 1893 109 23 immense

56 1924 139 31 importance
205 1929 23 19 to
242 1924 39 24 the
297 1926 95 22 interest
403 1924 26 23 of
437 1924 99 31 religion
551 1926 23 22 in
588 1925 55 23 New

56 1957 101 24 Zealand
158 1969 32 5 —
191 1961 23 20 to
230 1957 39 24 the
284 1957 111 31 religious
403 1957 91 24 welfare
504 1957 27 24 of
536 1957 106 25 colonists

56 1990 46 23 and
109 1990 140 31 aborigines.
286 1990 24 23 It
318 1991 21 22 is
347 1997 30 17 no
387 1990 165 31 exaggeration
561 1995 23 18 to
595 1999 46 22 say,

56 2023 49 23 that
122 2023 66 23 while
205 2023 19 23 it
241 2023 47 23 will
299 2023 134 31 strengthen
450 2022 38 24 the
503 2030 48 17 arm
564 2023 27 24 of
604 2023 38 24 the

55 2055 143 32 missionary,
208 2056 18 23 it
235 2056 45 23 will
290 2056 54 30 give
355 2064 14 15 a
383 2056 137 30 missionary
529 2061 76 26 aspect
620 2061 22 19 to

56 2089 36 23 the
104 2089 103 23 Colonial
219 2089 186 23 establishments
414 2089 146 24 themselves.
596 2089 47 24 But

56 2121 13 24 I
81 2122 27 23 do
126 2127 39 18 not
183 2122 60 23 limit
254 2122 31 23 its
303 2122 139 32 importance
461 2127 23 18 to
501 2122 31 23 its
548 2122 94 25 obvious

54 2155 104 32 bearing,
177 2162 57 16 even
252 2163 30 15 on
299 2155 64 24 these
381 2155 80 23 sacred
478 2155 115 25 interests.
628 2155 14 25 I

55 2195 36 16 see
101 2188 24 23 in
134 2188 38 23 the
184 2188 89 32 Bishop
285 2188 38 24 the
331 2193 114 27 promoter
458 2188 26 23 of
489 2196 69 24 many
567 2197 14 15 a
588 2189 54 24 wise

55 2221 44 23 and
117 2221 61 30 good
195 2221 163 31 undertaking,
371 2225 39 19 not
428 2221 91 31 exactly
536 2221 26 24 of
576 2230 15 15 a
604 2229 38 17 re-

54 2253 83 32 ligious
145 2254 125 30 character,
280 2254 35 24 for
327 2254 82 28 which,
419 2255 23 23 in
452 2253 38 25 the
499 2254 59 32 busy
567 2255 42 23 stir
619 2255 26 24 of

54 2294 15 16 a
83 2294 49 17 new
148 2287 140 29 settlement,
303 2287 43 24 few
358 2295 42 16 can
411 2287 59 24 have
481 2286 39 24 the
536 2288 106 31 requisite

55 2319 90 31 leisure,
161 2321 46 24 and
222 2320 26 23 of
259 2321 68 23 those
335 2321 43 23 few
388 2328 30 16 no
431 2328 42 16 one
484 2321 40 23 the
534 2321 108 31 requisite

54 2354 119 24 influence.
210 2354 14 23 I
233 2361 39 17 see
282 2354 24 23 in
316 2354 49 24 him
381 2362 14 15 a
403 2358 66 26 great
480 2354 73 23 moral
566 2359 76 20 centre

54 2386 26 23 of
87 2387 70 23 social
172 2388 144 22 intercourse
322 2396 8 19 ;
348 2395 14 15 a
374 2390 126 28 guarantee
509 2390 24 21 to
544 2388 98 30 emigra-

55 2420 49 31 ting
115 2420 97 24 families
223 2420 50 24 that
283 2420 55 31 they
354 2420 46 24 will
416 2420 48 23 find
476 2421 25 22 in
511 2420 39 24 the

54 2460 14 15 a
76 2456 53 20 tone
137 2453 25 23 of
170 2454 87 30 society
268 2453 127 31 congenial,
404 2458 41 18 not
454 2453 85 31 merely
550 2457 23 20 to
589 2460 53 17 men

55 2486 25 22 of
102 2486 128 29 education,
247 2487 43 23 but
311 2491 24 19 to
361 2486 82 24 female
463 2486 135 24 refinement
618 2486 26 24 of

52 2519 84 24 morals
145 2519 44 24 and
204 2528 118 17 manners.
357 2519 46 24 Let
416 2526 37 16 me
464 2519 103 29 observe,
579 2519 61 24 colo-

54 2552 99 24 nization
172 2552 78 24 differs
269 2557 61 19 most
350 2552 131 31 essentially
497 2552 58 24 from
577 2552 64 25 other

54 2588 64 28 great
136 2586 137 30 enterprises
273 2597 34 6 —
307 2586 60 23 from
385 2593 54 21 war,
459 2593 25 16 or
502 2585 58 24 from
578 2594 62 15 com-

54 2625 81 21 merce,
146 2618 35 24 for
192 2619 105 31 example
298 2632 32 3 —
330 2620 25 22 in
364 2618 53 30 this,
431 2618 50 24 that
492 2619 18 23 it
521 2620 20 22 is
552 2624 40 18 not
599 2619 39 24 the

54 2650 103 25 business
167 2651 26 24 of
199 2651 39 24 the
247 2652 100 30 rougher
357 2660 42 15 sex
410 2652 74 29 alone,
494 2652 42 24 but
551 2660 14 15 a
577 2651 64 25 work

54 2683 49 25 that
113 2685 21 22 is
143 2684 83 25 shared
235 2689 24 20 at
274 2685 58 24 least
341 2686 25 23 in
375 2685 67 31 equal
452 2685 145 31 proportions
609 2685 31 31 by

54 2716 54 25 both
119 2725 75 17 sexes.
231 2718 24 24 It
270 2719 25 25 is.
302 2718 81 31 hardly
393 2718 102 31 possible
504 2722 23 20 to
538 2722 102 20 overrate

53 2750 39 24 the
104 2750 66 25 value
184 2751 26 24 of
223 2759 14 16 a
247 2759 105 16 measure
363 2751 75 24 which
452 2750 44 25 has
505 2759 15 16 a
529 2750 111 33 tendency

53 2787 23 19 to
86 2784 52 31 give
156 2792 14 15 a
188 2784 101 31 security
305 2789 24 19 to
343 2783 38 25 the
396 2789 60 18 most
466 2783 81 32 highly
555 2785 87 23 refined

53 2823 88 18 woman
151 2816 51 24 that
210 2816 41 25 she
261 2816 45 24 will
315 2820 42 20 not
369 2817 29 23 be
414 2816 88 24 thrown
514 2822 39 19 out
562 2818 25 23 of
599 2816 42 25 her

52 2856 82 25 proper
155 2849 83 32 sphere
261 2849 32 31 by
316 2849 121 32 becoming
462 2857 32 16 an
519 2850 118 30 emigrant.

54 2882 62 24 Such
132 2891 15 16 a
161 2882 103 32 security
281 2882 13 24 I
305 2890 40 16 see
358 2883 25 23 in
400 2882 38 24 the
455 2881 117 25 residence
588 2883 26 23 of
627 2891 16 16 a
642 2890 3 6 1

55 2915 86 32 Bishop
152 2915 46 25 and
207 2924 15 15 a
235 2916 109 31 Bishop's
352 2915 79 32 family
443 2916 25 22 in
477 2923 15 15 a
502 2922 48 16 new
562 2916 79 23 settle-

54 2953 70 20 ment.
159 2949 15 24 I
183 2957 39 16 see
233 2949 26 23 in
273 2949 49 24 him
333 2948 48 24 also
399 2956 14 15 a
430 2948 111 32 powerful
554 2949 86 23 instru-

54 2987 63 19 ment
136 2982 36 23 for
189 2980 111 33 diffusing
317 2981 100 31 through
434 2981 47 24 this
495 2986 99 27 country
612 2989 30 17 an

56 3015 160 31 acquaintance
234 3015 56 24 with
306 3015 40 24 the
364 3015 97 31 colony,,
467 3014 51 27 and.
530 3022 20 17 a.
561 3014 81 32 kindly

56 3047 93 25 interest
158 3048 26 24 in
198 3049 30 23 its
246 3048 157 33 proceedings,
422 3048 32 32 by
459 3048 91 24 fxd§ans
567 3048 26 23 of
604 3047 38 25 his

54 3081 192 32 correspondence
268 3082 55 23 with
346 3082 91 23 various
463 3081 109 31 religious
596 3081 47 24 and

56 3112 180 35 philanthrophic
252 3115 114 25 societies.
407 3114 83 24 Above
499 3114 38 29 all,
561 3114 23 24 in
601 3114 40 24 the

57 3146 107 30 rivalries,
172 3148 45 24 and
222 3148 135 32 jealousies,
365 3147 194 28 and:dissensions
567 3147 75 24 which

56 3187 37 16 are
104 3188 25 15 so
141 3185 39 27 apt
196 3185 24 19 to
234 3181 82 25 rankle
327 3181 66 24 when
406 3183 57 30 pent
475 3188 32 24 up
516 3181 23 23 in
551 3188 14 15 a
574 3180 68 24 small

57 3215 143 30 community,
210 3215 47 23 and
267 3218 41 20 not
314 3214 54 32 only
376 3219 24 18 to
409 3213 106 24 embitter
523 3214 30 23 its
564 3221 76 23 peace,

57 3244 40 25 but
115 3250 23 19 to
157 3247 116 32 endanger
293 3248 39 24 the
351 3255 56 23 very
424 3246 121 25 essentials
565 3246 25 24 of
609 3247 31 23 its

55 3279 87 29 growth
151 3280 45 24 and
206 3282 137 30 prosperity,
358 3280 55 24 here
424 3281 21 22 is
456 3280 40 23 the
506 3287 55 16 man
574 3284 24 19 to
611 3279 34 24 be>

56 3310 38 25 the
109 3314 150 29 peacemaker
259 3326 33 5 —
293 3314 39 24 the
344 3313 113 25 mediator
474 3313 102 24 between
587 3321 58 16 mam

57 3350 40 17 ane
108 3352 60 22 man,
177 3351 66 27 party
255 3347 45 24 and
306 3351 76 27 party.
417 3347 137 31 Important,
564 3345 81 25 there-;

56 3375 53 31 fore,
122 3385 25 16 as
155 3378 15 25 I
179 3380 81 31 regard
278 3380 45 24 this
334 3387 106 17 measure
455 3384 25 19 to
497 3379 39 24 the
548 3378 96 27 Church,

57 3415 51 18 over
117 3411 73 25 which
201 3413 38 23 the
256 3413 88 32 Bishop
359 3413 46 24 will
416 3413 100 32 preside,
535 3412 13 24 I
561 3412 28 24 do
600 3417 45 22 not!

57 3443 99 25 consider
178 3446 19 23 it
217 3453 14 16 a
249 3454 106 17 measure
371 3446 111 31 affecting
498 3445 93 25 Church
602 3446 43 24 in-,

57 3478 80 22 terests
157 3478 148 32 exclusively,
328 3486 27 17 or
375 3479 41 24 the
433 3480 109 23 interests
558 3479 25 24 of
597 3486 43 17 one

56 3507 58 33 body
125 3511 24 23 of
164 3519 54 16 men
225 3512 25 23 in
259 3512 39 23 the
310 3512 80 32 colony
397 3512 147 31 exclusively.
581 3512 64 24 Pro-,

56 3540 129 35 fessionally
196 3544 46 24 and
253 3545 114 31 officially,
389 3545 39 24 the
438 3545 87 32 Bishop
540 3544 53 30 will,
609 3553 31 16 no

56 3572 76 32 doubt,
150 3576 85 32 belong
245 3578 141 31 exclusively
395 3582 24 19 to
436 3578 39 24 the
492 3578 112 23 members
616 3578 26 24 of

59 3605 47 25 that
114 3608 59 32 body
182 3610 74 24 which
264 3611 19 23 it
293 3611 21 23 is
325 3611 38 23 his
373 3610 66 24 office
457 3615 25 19 to
493 3611 147 32 superintend

57 3639 23 23 in
91 3641 102 31 spiritual
203 3648 94 19 matters
304 3653 7 19 ;
330 3643 37 24 his
379 3643 105 31 spiritual
492 3651 59 21 care,
567 3644 71 23 inter-

56 3671 94 33 ference,
163 3676 45 24 and
217 3676 88 24 control
313 3681 70 24 must,
394 3683 30 16 no
437 3676 78 28 doubt,
532 3676 30 23 be
572 3684 66 16 exer-

59 3704 61 25 cised
141 3708 139 32 exclusively
299 3709 38 24 for
354 3709 60 24 their
430 3709 97 23 benefit:
553 3709 45 23 but
614 3710 24 23 in

56 3744 66 25 every
143 3741 63 24 other
224 3742 98 24 relation
339 3740 75 25 which
428 3741 97 24 subsists
538 3741 100 25 between

59 3768 35 26 the
112 3773 112 26 members
242 3775 28 23 of
283 3782 44 17 one
346 3774 148 31 community,
518 3774 121 31 especially

57 3801 98 28 between
166 3806 39 25 the
215 3808 115 24 members
338 3808 25 23 of
368 3831 3 2 .
378 3815 14 16 a
410 3806 67 25 small
492 3807 146 30 community,

59 3836 26 22 he
101 3837 43 25 will
158 3839 29 23 be
207 3839 39 25 the
256 3848 105 16 common
368 3843 108 29 property
488 3839 30 23 of
527 3838 32 24 all
569 3839 69 24 alike.

59 3866 28 25 In
99 3876 65 26 every
173 3872 91 25 scheme
275 3872 36 25 for
319 3872 93 32 general
426 3872 68 31 good,
512 3871 45 24 and
566 3871 24 24 in
601 3871 39 24 the

58 3903 99 24 ■exercise
169 3905 26 23 of
203 3912 75 24 every.
276 3906 91 31 private
372 3905 91 30 charity
468 3904 46 24 and
522 3904 123 29 kindness,;

1924 2986 45 21 The
1985 2986 163 28 Parliamentary
2162 2989 138 25 proceedings
2316 2995 36 14 are
2368 2989 116 27 singularly

1897 3013 160 27 uninteresting.
2088 3015 56 20 Lord
2155 3015 105 27 Stanley's
2269 3016 57 20 Irish
2341 3016 142 26 Registration

1897 3041 39 20 bill
1945 3041 38 20 had
1993 3041 53 21 been
2063 3043 125 25 superseded
2197 3043 30 26 by
2235 3049 14 14 a
2264 3043 38 20 bill
2315 3043 126 22 introduced
2455 3045 29 26 by

1898 3068 57 20 Lord
1964 3068 108 27 Morpeth.
2102 3069 25 21 In
2145 3076 14 13 a
2176 3070 40 20 full
2232 3070 66 20 house
2314 3070 109 21 Ministers
2433 3073 51 25 only

1897 3095 114 21 succeeded
2019 3096 22 20 in
2060 3096 108 26 obtaining
2178 3103 12 14 a
2205 3097 98 26 majority
2321 3098 24 19 of
2362 3098 49 21 five.
2439 3099 45 21 The

1897 3123 124 20 excitement
2037 3123 23 20 in
2076 3123 85 20 Ireland
2183 3131 28 14 on
2228 3125 35 20 the
2286 3124 80 26 subject
2380 3125 19 20 is
2415 3127 69 19 main-

1897 3150 77 21 tained.
2003 3150 21 20 It
2033 3150 19 21 is
2061 3150 37 21 the
2107 3151 88 26 opinion
2211 3152 48 20 that
2273 3151 58 22 Lord
2347 3152 86 27 Stanley
2442 3154 42 20 and

1898 3177 34 20 Sir
1943 3176 25 21 R.
1980 3176 50 21 Peel
2037 3178 64 20 could
2110 3180 39 18 not
2160 3181 34 18 act
2209 3179 97 26 together
2323 3179 22 20 in
2361 3179 94 27 forming
2472 3187 11 14 a

1898 3204 107 26 Ministry.
2034 3204 46 21 The
2096 3204 51 21 time
2159 3206 19 20 is
2193 3206 125 21 considered
2330 3213 50 14 near
2390 3210 22 17 at
2428 3208 56 20 hand

1897 3232 59 19 when
1966 3238 13 13 a
1988 3232 65 21 union
2070 3232 93 21 between
2181 3232 49 21 Peel
2247 3233 41 20 and
2305 3234 35 19 the
2358 3234 74 26 Whigs
2442 3235 42 20 will

1897 3258 49 20 take
1955 3259 66 26 place.
2045 3258 63 21 'Lord
2123 3260 59 20 John
2199 3260 86 21 Russell
2300 3260 40 21 bad
2356 3261 99 22 obtained
2472 3269 12 13 a

1897 3285 124 21 Committee
2038 3286 26 20 of
2081 3287 35 20 the
2135 3287 80 24 House,
2233 3290 23 17 to
2276 3288 86 26 enquire
2379 3288 45 21 into
2447 3290 35 19 the

1897 3313 108 20 condition
2024 3313 25 20 of
2071 3314 67 21 South
2158 3314 113 21 Australia.
2309 3316 67 25 Being
2395 3316 87 21 anxious

1896 3340 65 20 about
1970 3340 36 21 the
2015 3343 99 23 payment
2122 3342 26 19 of
2159 3342 36 20 the
2211 3342 50 20 bills
2269 3342 71 21 drawn
2356 3343 29 26 by
2395 3343 87 23 Colonel

1898 3367 86 23 Gawler,
1995 3368 89 20 without
2100 3368 84 26 waiting
2192 3368 36 22 for
2244 3370 55 20 their
2308 3372 79 24 report,
2399 3371 28 19 he
2441 3370 41 21 had

1896 3394 89 26 applied'
1990 3394 34 21 for
2033 3401 13 14 a
2054 3398 62 23 grant
2132 3396 50 21 with
2197 3397 67 20 which
2280 3397 49 27 they
2338 3397 68 26 might
2415 3398 25 20 be
2450 3404 32 14 re-

1898 3422 76 20 turned
1988 3422 117 21 forthwith.
2141 3423 65 27 Upon
2223 3424 37 20 the
2276 3425 121 25 suggestion
2413 3425 24 19 of
2449 3425 34 20 Sir

1898 3448 26 21 B.
1938 3448 45 21 Peel
1992 3449 36 20 the
2037 3456 77 19 money
2123 3457 41 13 was
2176 3453 21 18 to
2208 3451 26 20 be
2245 3450 62 22 taken
2314 3457 56 20 upon
2380 3458 12 13 a
2403 3454 46 18 vote
2459 3451 25 21 of

1897 3476 73 20 credit.
2009 3477 19 20 A.
2045 3476 73 21 debate
2134 3484 54 20 grew
2206 3481 38 17 out
2260 3478 24 20 of
2296 3479 35 19 the
2347 3479 134 26 application,

1897 3504 60 19 when
1967 3502 35 21 the
2011 3505 92 19 enemies
2112 3505 26 20 of
2143 3505 37 20 the
2190 3505 116 21 Wakefield
2317 3509 78 22 system
2406 3506 75 20 endea-

1896 3530 80 21 voured
1985 3532 23 19 to
2018 3531 102 21 condemn
2130 3532 18 20 it
2157 3532 33 21 for
2199 3533 38 21 the
2247 3533 100 21 misdeeds
2357 3532 25 21 of
2394 3533 87 20 Colonel

1898 3557 88 24 Gawler,
1994 3558 50 20 with
2050 3559 67 20 which
2123 3559 17 20 it
2148 3559 37 21 has
2195 3566 30 14 no
2233 3566 107 19 necessary
2347 3560 133 20 connection.

1898 3584 45 21 The
1957 3585 78 20 friends
2051 3586 25 20 of
2094 3586 37 21 the
2146 3589 79 24 system
2239 3587 94 21 however
2354 3587 128 21 maintained

1898 3611 55 21 their
1961 3612 81 26 ground
2058 3613 50 20 with
2124 3614 115 26 efficiency,
2250 3615 40 19 and
2305 3613 35 21 Sir
2355 3613 35 20 W.
2402 3613 79 21 Moles-

1898 3638 66 20 worth
1973 3639 128 22 maintained
2110 3641 47 20 that
2167 3643 37 18 not
2218 3641 49 26 only
2277 3640 75 21 should
2361 3641 37 19 the
2408 3641 72 21 House

1898 3672 41 20 pay
1955 3666 35 20 the
2006 3672 50 15 over
2071 3667 69 21 drawn
2157 3668 56 23 bills,
2230 3668 38 20 but
2284 3667 73 21 refund
2373 3667 106 26 .£56,000,

1898 3693 67 20 which
1974 3693 42 21 had
2025 3693 52 21 been
2086 3694 64 21 taken
2159 3695 54 20 from
2223 3695 36 20 the
2276 3694 130 25 Emigration
2418 3695 61 24 fund,

1898 3726 13 14 a
1925 3720 52 20 fund
1988 3721 120 21 subscribed
2126 3722 22 20 in
2163 3722 56 26 good
2234 3721 52 21 faith
2301 3722 46 20 that
2361 3721 19 21 it
2393 3728 41 14 was
2446 3728 34 14 so-

1898 3747 63 26 lemly
1975 3748 89 26 pledged
2074 3751 22 18 to
2106 3750 35 20 the
2152 3755 90 20 purpose
2257 3748 34 21 for
2300 3749 68 21 which
2385 3749 37 20 the
2431 3755 50 20 pur-

1898 3775 82 20 chasers
1994 3775 24 20 of
2028 3775 51 21 land
2088 3777 41 19 had
2142 3776 52 20 been
2203 3775 90 21 induced
2310 3779 22 17 to
2342 3775 106 21 subscribe
2458 3778 23 19 to

1898 3802 24 20 it.
1958 3801 135 28 Fortunately
2112 3803 35 20 for
2172 3803 52 20 New
2249 3801 97 26 Zealand,
2362 3803 61 20 when
2444 3804 37 20 the

1899 3829 133 26 expenditure
2055 3829 26 21 of
2098 3829 89 28 Captain
2209 3829 96 21 Hobson-
2319 3836 70 14 comes
2410 3830 72 22 beforo

1899 3855 130 25 Parliament,
2041 3856 37 21 the
2088 3858 117 26 opponents
2225 3857 24 21 of
2260 3857 43 21 the'
2310 3856 117 22 Wakefield
2435 3864 46 21 syi.

1898 3885 42 18 tern
1950 3883 43 20 will
2001 3883 26 21 be
2041 3884 75 23 unable
2126 3887 24 18 to
2164 3885 103 20 associate
2282 3885 37 20 the
2328 3890 41 15 one
2385 3885 51 20 with
2445 3886 36 20 the

1898 3910 68 20 other.

654 126 2 5 •
680 130 33 5 —
713 119 26 23 in
750 118 153 32 befriending!
913 119 112 32 advising*
1036 120 119 33 releiving,
1178 120 46 26 and
1232 128 38 18 re-

654 160 2 15 ;
681 151 114 31 conciling
795 163 32 5 —
828 151 21 24 if
863 151 29 24 he
905 152 22 23 is
935 151 39 24 the
990 160 55 17 man
1061 153 31 24 he
1110 154 73 31 ought
1197 159 24 19 to
1231 154 37 28 be,

681 183 29 24 he
733 184 47 23 will
802 183 68 24 know
891 192 31 16 no
943 184 120 26 difference
1083 186 27 24 of
1142 187 86 29 creeds,
1246 188 25 22 of

654 229 2 11 i
680 215 99 32 politics,
799 224 26 16 or
843 217 26 23 of
882 224 73 17 races.
997 216 65 26 With
1078 219 58 24 such
1148 228 14 15 a
1175 227 55 16 man
1244 220 26 23 in

654 259 2 12 i
681 249 65 23 office
747 261 31 5 —
781 249 45 24 and
837 249 57 24 such
905 258 15 15 a
929 257 54 17 man
992 258 61 24 may,
1075 251 13 24 I
1107 252 83 24 should
1202 252 66 31 hope,

654 291 2 13 ;
680 281 29 23 be
717 281 170 31 readily-found
900 283 36 23 for
948 283 38 24 the
997 283 66 24 office
1064 296 34 5 —
1098 292 30 16 no
1145 292 42 16 one
1205 292 64 17 mear

654 325 2 12 i
680 320 53 17 sure
743 314 20 23 is
774 314 72 31 likely
858 319 22 19 to
889 315 30 23 be
929 315 132 31 productive
1073 316 26 25 of
1113 317 58 24 such
1188 324 81 17 exten-

654 358 2 9 >
680 346 49 23 sive
740 346 44 24 and
796 347 152 24 multifarious
960 348 58 31 good
1030 349 24 23 in
1066 349 59 24 New
1132 349 101 25 Zealand
1243 358 26 15 as

680 377 38 25 the
730 379 159 31 appointment
906 380 26 23 of
946 388 14 15 a
978 381 96 31 Bishop.
1117 382 59 24 Now
1193 384 21 22 is
1231 382 38 23 the

680 411 63 24 time.
779 411 79 24 Never
868 420 43 16 can
923 413 38 23 the
974 414 64 23 office
1050 414 28 23 be
1087 415 106 31 required
1206 422 63 17 more

680 443 56 26 than
747 445 25 23 in
783 444 38 24 the
830 445 106 31 growing
953 446 47 23 and
1010 446 100 32 forming
1129 452 57 19 state
1205 448 26 23 of
1238 448 31 23 its

680 476 110 25 colonies.
833 477 25 24 If
872 478 58 23 New
947 478 103 25 Zealand
1067 480 20 23 is
1102 484 27 20 to
1146 480 58 24 have
1222 480 46 23 this

678 508 61 24 boon
760 509 119 25 conferred
901 518 30 17 on
951 511 20 23 it
971 523 33 6 —
1004 512 45 24 and
1077 513 51 23 that
1156 514 112 31 question,

679 541 74 24 thank
765 542 60 29 God,
835 543 21 23 is
864 549 52 17 now
927 543 82 24 settled
1009 556 33 5 —
1043 552 30 16 on
1085 553 68 24 every
1164 544 104 26 conside-

678 575 82 28 ration,
774 574 38 24 the
823 583 84 16 sooner
924 576 38 24 the

712 607 50 24 Mr.
785 607 85 24 Ward
889 616 52 16 rose
956 613 24 19 to
997 610 52 30 give
1245 614 23 20 to

678 639 39 24 the
882 641 38 23 He
931 642 74 30 began
1015 642 30 31 by
1057 650 29 17 an
1094 643 98 24 allusion
1200 649 24 19 to
1231 643 38 24 the

677 673 101 24 lateness
788 673 26 24 of
828 673 39 24 the
885 674 59 23 hour
952 682 6 16 :
982 675 147 32 fortunately,
1151 676 37 24 his
1210 681 60 19 toast

678 706 88 23 carried
787 706 56 24 with
870 707 19 23 it
916 708 30 22 its
976 715 49 16 own
1052 710 214 23 recommendation.

703 739 134 31 Prosperity
849 743 22 20 to
883 740 38 23 the
935 740 106 24 Colonies
1050 741 15 11 '•
1076 743 19 22 is
1106 743 129 31 prosperity
1245 746 23 19 to

678 772 125 24 ourselves.
839 772 67 31 They
917 781 38 16 are
967 781 40 16 our
1025 774 52 23 best
1094 775 103 23 markets
1204 784 7 20 ;
1235 783 33 15 we

677 812 38 16 are
727 805 59 23 their
804 805 51 24 best
871 810 137 20 customers.
1050 807 68 31 They
1136 807 56 24 have
1211 808 59 24 been

678 837 38 24 the
727 845 97 25 nursery
835 838 35 24 for
882 846 42 16 our
943 847 92 16 seamen
1044 848 7 20 ;
1073 840 55 30 they
1150 848 57 23 gave
1230 840 38 23 the

677 870 51 24 first
739 871 98 31 impulse
849 875 22 19 to
890 879 42 16 our
949 871 110 24 domestic
1079 873 106 31 industry
1193 882 6 20 ;
1224 873 44 23 and

678 902 54 32 they
743 903 58 24 have
810 911 14 16 a
833 904 61 30 right
907 908 22 19 to
943 911 55 25 reap
1015 905 25 23 in
1052 909 78 19 return
1143 906 38 23 the
1200 906 71 26 fruits,,

677 936 26 22 of
718 943 42 15 our
777 936 56 31 high
852 936 146 25 civilization.
1038 937 74 24 Their
1129 939 139 30 importance

677 975 52 23 may
740 968 58 23 have
807 969 56 22 been
876 969 46 23 lost
932 969 63 31 sight
1005 969 25 24 of
1052 970 34 23 for
1104 979 15 15 a
1136 972 62 28 time,
1220 976 22 19 at
1254 979 13 15 a

661 993 3 41 j
677 1000 79 31 period
768 1000 69 24 when
854 1002 39 23 the
904 1002 121 31 monopoly
1037 1003 26 23 of
1078 1003 39 24 the
1134 1004 101 24 markets
1244 1004 26 24 of

661 1036 3 25 !
677 1033 94 31 Europe
781 1041 47 16 was
838 1035 24 22 ill
873 1042 42 15 our
926 1035 73 24 hands
1007 1044 7 20 ;
1035 1036 43 23 but
1094 1037 20 22 it
1132 1037 21 23 is
1169 1037 98 31 brought

661 1062 3 27 I
677 1065 66 24 home
755 1071 23 19 to
796 1074 28 17 us
841 1067 53 24 with
912 1068 83 23 double
1010 1068 63 24 force
1091 1077 51 15 now
1159 1070 50 23 that
1228 1070 38 23 the

661 1091 3 33 !
677 1104 95 27 country
790 1099 22 24 is
828 1099 88 25 thrown
932 1108 64 24 upon
1017 1101 30 24 its
1071 1110 51 15 own
1139 1110 126 16 resources.

661 1125 3 40 |
677 1131 37 24 No
725 1139 63 16 more
802 1133 143 24 remarkable
956 1134 69 31 proof
1037 1134 28 24 of
1078 1135 47 23 this
1138 1143 41 15 can
1191 1136 28 22 be
1226 1135 39 23 de-

676 1164 61 24 sired
748 1165 58 23 than
818 1165 37 24 the
866 1166 109 31 bringing
985 1167 111 30 together,
1106 1169 25 22 in
1142 1168 45 23 this
1194 1176 71 20 room,

660 1202 3 23 i
676 1197 26 24 of
716 1205 53 16 men
781 1198 75 24 whose
867 1200 104 30 pursuits
982 1200 24 23 in
1018 1200 40 24 life
1070 1209 38 15 are
1117 1208 25 16 as
1153 1200 78 25 varied
1240 1209 25 15 as

660 1235 4 19 !
679 1230 59 24 their
748 1231 103 31 political
868 1233 112 30 opinions,
994 1236 22 20 to
1027 1238 61 19 meet
1104 1233 39 24 the
1161 1233 104 25 Colonial

661 1276 3 11 :
676 1263 109 24 Minister
804 1265 26 22 of
851 1265 38 23 the
912 1265 43 31 day
978 1273 26 16 as
1025 1266 41 23 the
1085 1271 68 26 guest
1176 1267 26 24 of
1227 1266 38 24 the

675 1296 120 24 Directors
812 1298 27 23 of
858 1306 15 15 a
883 1298 88 31 private
988 1299 144 29 association,
1155 1299 110 32 engaged,

675 1329 71 24 under
756 1329 38 24 the
814 1331 104 23 sanction
932 1331 26 23 of
976 1331 39 23 the
1032 1331 92 29 Crown,
1141 1333 24 23 in
1183 1339 43 17 one
1242 1332 26 24 of

675 1362 40 24 the
740 1367 62 19 most
821 1364 101 31 gigantic
941 1365 138 30 enterprises
1100 1365 50 23 that
1171 1365 94 24 modern

675 1395 89 31 history
775 1397 100 28 records,
877 1409 33 4 —
910 1404 30 16 an
957 1398 124 30 enterprise
1091 1398 101 25 founded
1202 1405 62 24 upon

659 1442 3 16 i
673 1424 127 35 principles
811 1430 27 22 of
851 1429 74 24 which
936 1437 29 17 no
979 1437 54 17 man
1050 1430 46 24 had
1105 1431 69 23 heard
1185 1432 79 22 twelve

659 1463 3 5 '
673 1468 67 23 years
753 1470 51 22 ago,
815 1462 45 23 and
876 1463 74 23 which
969 1464 36 22 six
1019 1471 67 23 years
1101 1472 44 22 ago
1161 1464 45 24 few
1223 1464 40 23 be-

674 1494 74 23 lieved
759 1499 23 19 to
799 1495 29 24 be
838 1496 145 30 practicable,
1004 1501 40 26 yet
1061 1496 74 24 which
1155 1505 38 15 are
1213 1504 53 21 now,

673 1528 136 30 recognized
820 1528 30 31 by
861 1529 39 23 the
914 1529 157 24 Government
1088 1529 70 30 itself,
1182 1538 25 15 as
1225 1529 38 24 the

674 1567 80 17 source
764 1560 60 25 from
833 1561 80 29 which,
920 1562 73 23 under
999 1570 83 23 proper
1089 1562 174 30 modifications,

675 1593 96 24 suitable
788 1598 23 20 to
828 1594 38 24 the
882 1595 59 23 local
958 1596 176 23 circumstances
1152 1596 26 23 of
1198 1595 72 30 each,,

673 1633 68 24 every
763 1627 166 31 improvement
948 1628 26 23 in
1002 1628 106 24 Colonial
1135 1629 129 30 legislation

674 1665 64 17 must
762 1665 113 20 emanate.
928 1661 70 23 What
1016 1661 43 24 has
1075 1661 115 31 produced
1218 1661 45 25 this

672 1693 128 31 unanimity
809 1694 10 23 ?
861 1694 25 24 A
902 1693 84 32 feeling
1001 1694 51 24 that
1070 1694 116 32 England,
1214 1695 49 23 rich

673 1733 25 15 as
718 1725 43 24 she
783 1727 22 22 is
819 1727 24 23 in
865 1726 90 24 natural
978 1726 139 33 advantages
1118 1740 32 4 —
1150 1727 42 24 her
1214 1733 50 18 vast

673 1759 82 30 capital
756 1771 33 4 —
789 1759 42 24 her
854 1759 58 31 high
938 1760 73 23 moral
1026 1768 77 24 power
1103 1773 33 4 —
1136 1760 42 23 her
1197 1768 65 16 ener-

671 1792 61 29 getic
744 1792 46 23 and
802 1792 140 24 industrious
954 1793 131 31 population
1086 1806 34 4 —
1120 1801 52 23 may
1183 1793 44 23 live
1239 1797 23 20 to

673 1831 38 16 see
722 1824 38 24 the
772 1825 44 31 day
828 1825 66 24 when
905 1826 31 23 all
947 1825 65 24 these
1023 1826 111 24 elements
1146 1826 25 23 of
1185 1826 77 24 weak-

673 1865 52 15 ness
737 1858 44 23 and
793 1858 93 31 danger,
901 1858 77 24 unless
985 1858 40 24 she
1033 1866 42 16 can
1082 1858 49 25 find
1138 1859 38 23 the
1184 1867 78 16 means

672 1889 26 24 of
713 1891 115 31 widening
840 1891 38 24 the
889 1891 53 23 field
958 1891 35 24 for
1011 1891 40 23 the
1069 1892 153 31 employment
1240 1893 31 22 of.

671 1922 84 31 capital
765 1924 45 22 and
817 1924 80 23 labour
897 1936 33 5 —
931 1924 25 22 of
964 1924 116 31 lessening
1087 1924 39 24 the
1134 1924 127 31 disparities
1267 1943 3 4 .

670 1955 50 24 that
731 1956 60 24 exist
802 1956 101 24 between
913 1956 73 24 whole
997 1956 85 24 classes
1094 1957 26 24 of
1134 1957 38 23 the
1188 1966 73 23 popu-

664 1987 77 24 *Hnic\i
741 2001 34 5 —
775 1989 30 30 by
821 1989 97 30 nfaking
934 1988 113 32 industry-
1057 1997 64 16 more
1138 1991 85 22 certain
1239 1992 26 21 of

670 2020 30 24 its
712 2021 93 29 reward,
818 2021 44 24 and
880 2022 110 31 diffusing
1006 2029 64 16 more
1088 2022 90 31 equally
1197 2023 64 23 those

670 2053 103 32 physical
785 2055 108 24 comforts
904 2054 73 24 which
989 2054 72 32 ought
1071 2059 23 19 to
1102 2055 29 23 be
1138 2054 79 25 within
1223 2055 39 25 the

670 2086 68 24 reach
746 2087 25 24 of
779 2094 68 25 every
854 2095 54 16 man
915 2087 49 24 who
971 2088 21 23 is
1000 2087 89 32 willing
1099 2092 24 19 to
1134 2096 53 16 earn
1199 2088 62 24 them

670 2119 30 31 by
705 2119 83 25 honest
796 2120 86 25 labour.
910 2120 49 25 Are
969 2120 56 31 they
1036 2129 25 15 so
1071 2129 51 16 now
1129 2121 10 24 ?
1164 2120 26 24 Is
1199 2121 62 24 there

670 2160 45 24 any
727 2154 66 23 other
804 2160 95 25 country
911 2155 25 23 in
954 2153 38 24 the
1012 2154 71 23 world
1102 2155 24 22 in
1143 2154 73 23 which
1235 2162 26 16 so

669 2185 63 32 large
744 2195 14 15 a
768 2188 133 30 proportion
912 2187 26 24 of
952 2186 39 24 the
1007 2187 133 31 population
1152 2188 20 22 is
1183 2188 78 23 forced

670 2223 22 19 to
716 2219 88 32 depend
823 2227 62 24 upon
908 2220 40 24 the
973 2220 186 24 labour-market
1176 2220 36 24 for
1230 2221 30 23 its

670 2251 61 32 daily
742 2253 78 28 bread,
834 2261 24 16 or
870 2253 74 24 where
957 2253 49 24 that
1025 2253 92 24 market
1137 2254 19 23 is
1169 2261 25 16 so
1206 2261 53 23 pre-

670 2286 88 23 carious
769 2286 10 24 ?
814 2286 99 24 Victims
925 2286 26 23 of
964 2286 136 24 fluctuation
1119 2286 73 24 which
1206 2286 54 33 they

670 2323 83 19 cannot
770 2319 147 29 understand,
929 2320 25 23 in
973 2319 72 29 trade,
1058 2320 24 23 in
1101 2327 117 24 currency,
1235 2321 24 22 in

669 2352 184 31 manufacturing
871 2352 105 29 demand,
995 2352 51 24 who
1065 2360 44 16 can
1127 2352 75 25 blame
1219 2352 40 24 the

669 2384 117 24 readiness
803 2385 56 24 with
870 2385 75 24 which
962 2385 54 31 they
1029 2386 89 23 ascribe
1129 2390 23 19 to
1172 2387 86 30 misgo-

668 2422 120 19 vernment
800 2418 44 24 and
861 2418 59 24 class
939 2422 98 28 tyranny
1049 2418 40 24 the
1108 2419 41 23 sad
1168 2419 90 23 vicissi-

669 2451 65 24 tudes
746 2451 26 23 of
786 2459 14 15 a
811 2451 33 24 lot
854 2452 90 30 against
955 2451 74 24 which
1047 2451 90 24 neither
1153 2452 105 31 industry

667 2491 44 16 nor
729 2483 59 32 good
800 2484 105 24 -conduct
922 2491 38 17 are
976 2493 14 15 a
1009 2486 101 29 security
1118 2484 9 24 ?
1145 2484 62 24 Who
1216 2493 42 15 can

668 2517 92 24 wonder
775 2521 24 19 at
811 2517 38 24 the
866 2517 68 24 bitter
945 2517 96 32 feelings
1052 2518 56 23 with
1120 2517 73 24 which
1205 2518 53 31 they

669 2557 63 17 come
744 2554 24 19 at
778 2550 46 25 last
834 2555 24 19 to
869 2550 82 32 regard
961 2550 39 25 the
1011 2551 142 24 institutions
1165 2551 26 24 of
1199 2551 60 24 their

666 2588 106 27 country,
784 2591 27 16 or
830 2583 71 26 doubt
911 2583 40 25 the
967 2583 116 33 prudence
1095 2584 26 24 of
1135 2585 100 31 opening
1245 2593 13 15 a

668 2616 153 32 safety-valve
848 2616 67 25 while
936 2617 19 23 it
976 2617 19 24 is
1018 2621 39 27 yet
1079 2618 70 23 time?
1197 2617 62 24 That

668 2649 151 32 safety-valve
837 2649 40 25 the
896 2650 107 24 Colonies
1028 2650 47 24 will
1096 2650 90 32 supply,
1203 2651 55 23 with

668 2683 67 31 equal
752 2682 86 25 benefit
855 2688 24 19 to
899 2683 136 24 themselves
1054 2682 45 25 and
1119 2688 23 19 to
1159 2691 45 22 us;
1221 2684 37 23 for

666 2716 63 24 what
739 2723 33 17 we
783 2715 59 25 have
851 2721 62 19 most
922 2717 26 23 in
965 2724 81 16 excess
1058 2715 55 32 they
1123 2721 60 19 want
1199 2723 59 17 most

667 2761 34 5 —
701 2749 16 24 I
727 2756 68 17 mean
811 2749 89 24 labour.
934 2749 44 24 All
993 2749 51 24 that
1061 2750 21 23 is
1099 2750 110 32 requisite
1228 2750 28 28 is,

667 2786 24 19 to
700 2782 51 24 deal
762 2782 56 24 with
828 2782 63 24 them
902 2789 62 24 upon
982 2782 65 24 those
1062 2782 53 31 just
1131 2782 45 24 and
1187 2790 70 24 gene-

668 2822 54 16 rous
732 2815 129 31 principles,
867 2815 74 24 which
951 2815 77 31 public
1035 2821 54 18 men
1098 2823 62 16 seem
1165 2815 94 33 happily

668 2848 111 31 prepared
791 2852 23 20 to
826 2848 69 31 adopt
902 2856 7 20 ;
921 2848 44 28 for,
976 2856 24 16 as
1011 2848 43 24 has
1064 2848 60 24 been
1131 2849 74 32 justly
1216 2849 41 24 ob-

669 2881 81 23 served
769 2880 111 32 to-night,
892 2881 19 23 if
926 2886 34 19 we
978 2881 54 24 look
1048 2885 24 20 to
1091 2882 40 23 the
1146 2882 115 32 principal

669 2913 164 32 dependencies
847 2914 26 24 of
888 2913 116 32 England,
1022 2922 34 16 we
1073 2915 49 24 find
1139 2916 77 31 proofs
1236 2915 27 24 of

668 2947 165 31 improvement
842 2947 24 24 in
874 2946 32 25 all
914 2947 121 31 springing
1041 2947 60 24 from
1109 2956 14 15 a
1131 2949 67 22 wiser
1205 2956 53 23 sys-

668 2983 47 20 tem
724 2980 26 24 of
757 2978 138 32 legislation.
932 2980 13 24 I
955 2981 71 31 speak
1035 2981 25 23 in
1067 2980 41 24 the
1117 2989 108 23 presence
1235 2981 26 24 of

668 3020 70 24 many
748 3013 125 24 connected
881 3013 55 24 with
945 3013 63 24 these
1020 3013 108 30 colonies,
1138 3014 43 23 and
1192 3015 13 23 I
1214 3015 43 23 ask

668 3046 56 23 with
739 3046 131 24 confidence
881 3046 72 29 those,
963 3047 36 23 for
1009 3048 104 22 instance
1124 3048 51 23 who
1191 3048 67 23 know

668 3078 40 25 the
717 3078 106 25 Canadas
832 3079 60 29 best,
905 3079 99 24 whether
1014 3080 54 32 they
1084 3088 57 16 were
1161 3088 52 16 ever
1232 3088 25 16 so
1263 3097 2 5 ■

668 3112 52 23 well
731 3112 100 24 satisfied
849 3112 56 24 with
922 3112 45 24 the-
976 3118 118 27 prospects
1112 3113 74 23 which
1204 3114 61 31 they

668 3149 93 27 present
768 3145 10 24 ?
814 3145 51 25 The
875 3153 46 17 war
931 3145 25 24 of
971 3154 63 16 races
1045 3147 20 23 is
1075 3150 24 20 at
1108 3154 28 16 an
1145 3147 45 23 end
1199 3156 5 19 ;
1218 3146 39 24 the

668 3183 66 26 great
751 3178 113 32 principle
884 3179 25 23 of
932 3178 59 25 local
1012 3179 205 32 self-government
1237 3180 20 23 is

669 3211 176 32 acknowledged
854 3221 6 20 ;
871 3212 46 24 and
927 3212 21 23 if
956 3213 19 23 it
980 3212 28 24 be
1019 3212 39 24 the
1065 3213 113 23 intention
1188 3213 24 23 of
1218 3212 39 24 the

669 3244 162 25 Government,
843 3243 39 33 (as
894 3244 13 25 I
926 3250 83 19 cannot
1024 3245 83 32 doubt)
1124 3250 23 19 to
1158 3246 64 31 place
1234 3250 24 19 at

668 3277 39 24 the
724 3276 102 33 disposal
844 3278 27 24 of
894 3277 38 25 the
951 3277 90 25 United
1056 3278 145 31 Legislature
1217 3279 40 23 the

668 3310 110 33 proceeds
794 3311 28 24 of
835 3310 40 25 the
892 3311 84 24 Crown
991 3311 75 29 lands,
1091 3316 24 19 to
1125 3312 28 23 be
1166 3312 92 32 applied

666 3349 26 19 to
707 3345 135 30 emigration
858 3344 48 24 and-
920 3344 77 31 public
1015 3344 85 30 works,
1116 3345 40 24 the
1167 3344 90 25 natural

668 3377 139 31 advantages
826 3377 27 24 of
868 3376 101 30 Canada,
997 3378 92 23 marred
1099 3378 100 24 hitherto
1226 3377 32 32 by

668 3411 44 23 bad
730 3412 156 29 government,
905 3410 46 24 will
962 3411 30 23 be
1011 3410 130 33 developed,
1166 3411 44 23 and
1226 3411 30 23 its

667 3444 141 31 importance
828 3447 24 20 to
875 3451 28 16 us
912 3465 4 6 r
925 3443 98 24 doubled
1040 3444 24 23 in
1082 3449 85 26 twenty
1179 3451 75 25 years.

668 3476 51 24 The
731 3477 67 23 West
809 3477 80 24 Indies
899 3482 93 26 present
1002 3485 16 15 a
1033 3477 89 24 similar
1139 3482 115 27 prospect.

659 3509 39 29 .In
709 3509 59 25 New
780 3510 74 24 South
870 3507 78 26 Wales
958 3510 40 23 the
1011 3517 62 17 same
1084 3510 123 32 principles
1217 3517 39 16 are

666 3544 25 23 in
703 3544 124 31 operation.
863 3542 79 25 White
957 3544 89 30 slavery
1056 3544 22 23 is
1089 3543 116 31 following
1216 3542 41 24 the

666 3576 47 25 fate
729 3577 26 24 of
772 3576 84 25 Black.
901 3575 96 25 Convict
1014 3576 82 24 labour
1114 3576 81 24 ceased
1211 3575 46 24 last

666 3617 54 23 year
739 3610 37 24 for
790 3617 62 17 ever.
887 3609 72 24 What
977 3617 42 15 can
1036 3609 84 32 supply
1134 3610 31 22 its
1182 3608 73 33 place,

666 3643 42 23 but
719 3650 15 15 a
744 3650 135 16 recurrence
891 3646 22 20 to
924 3642 40 24 the
974 3642 124 32 principles
1109 3650 62 23 upon
1183 3641 73 24 which

665 3683 59 23 your
734 3683 52 16 own
805 3676 137 23 association
958 3676 20 23 is
996 3675 108 29 founded,
1116 3675 23 23 in
1152 3674 39 24 the
1207 3674 49 24 dis-

665 3709 66 30 posal
743 3709 26 23 of
784 3712 68 20 waste
861 3709 65 23 lands
937 3717 7 20 ;
963 3708 95 23 without
1068 3716 16 15 a
1103 3708 65 23 strict
1185 3707 71 24 adhe-

744 3745 24 20 to
781 3740 82 30 which,
873 3741 38 24 the
923 3740 140 25 destruction
1085 3739 25 24 of
1124 3740 40 23 the
1183 3740 73 23 whole

666 3774 72 23 fabric
748 3773 28 24 of
790 3773 97 24 colonial
894 3774 137 31 prosperity,
1044 3780 26 16 as
1078 3772 51 24 well
1138 3780 26 16 as
1176 3772 26 24 of
1217 3772 40 24 the

666 3805 123 24 land-fund
798 3806 70 28 itself,
878 3806 20 23 is
909 3806 130 23 inevitable.
1062 3805 38 24 To
1110 3805 75 23 South
1192 3805 64 23 Aus-

667 3838 67 24 tralia
744 3838 14 24 I
770 3838 48 24 will
827 3843 41 19 not
878 3838 84 28 allude,
974 3838 63 23 sine*
1047 3846 15 14 a
1074 3837 182 31 Parliamentary

666 3871 92 31 inquiry
767 3870 44 24 has
819 3871 59 23 been
889 3870 83 32 agreed
983 3874 23 19 to
1014 3879 6 20 ;
1033 3870 51 29 but,
1096 3870 96 23 without
1201 3878 55 24 pre-

667 3903 99 31 teadiag.
782 3907 29 19 t#-
825 3902 177 33 •nticipat»«H*
1014 3904 31 23 ite
1066 3902 93 26 results.
1178 3902 14 24 I
1202 3909 54 24 may
1260 3908 6 11 j

1297 130 94 25 express
1450 121 59 35 hope
1524 125 51 24 that
1591 125 39 24 the
1647 126 203 27 •mbarrassmeaH
1860 131 24 24 of

1298 155 37 24 the
1353 156 80 32 colony
1451 158 47 23 will
1515 157 30 24 be
1562 158 80 24 shown
1651 159 33 30 by
1692 160 18 23 it
1720 165 25 18 to
1762 160 58 26 have
1828 170 53 23 pro-

1297 188 82 24 ceeded
1390 194 40 19 not
1444 189 56 25 from
1512 198 44 24 any
1567 191 160 24 unsoundness
1740 193 22 24 in
1772 194 37 24 the
1817 196 64 30 prin-

1297 221 58 31 ciple
1366 229 62 24 upon
1439 222 74 23 which
1524 223 19 24 it
1552 231 47 16 was
1611 224 146 31 established,
1772 227 44 23 but
1824 228 57 24 from

1296 260 75 17 errors
1382 254 27 23 of
1416 262 14 16 a
1440 262 56 24 very
1506 255 105 25 different
1620 255 66 30 kind,
1694 257 74 25 which
1776 260 19 23 it
1801 261 20 22 is
1828 268 53 23 per-

1296 284 70 32 fectly
1383 292 127 26 competent
1525 288 36 24 for
1577 289 37 23 the
1625 289 154 26 Goverement
1799 296 23 20 to
1832 300 49 16 cor-

1296 323 56 19 rect.
1387 319 59 24 New
1461 320 108 29 Zealand,
1588 321 39 24 the
1647 330 73 23 queen
1732 324 25 24 of
1770 324 43 24 her
1832 333 49 16 own

1296 349 177 33 hemisphere—
1473 353 39 23 the
1533 354 88 23 Britain
1640 355 27 22 of
1682 355 37 24 the
1731 356 73 25 South
1807 370 30 5 —
1839 358 41 23 has

1296 382 58 24 been
1365 384 80 30 added,
1462 384 30 32 by
1504 387 86 30 private
1603 386 84 30 efforts,
1707 393 22 18 to
1741 389 38 24 the
1791 389 90 25 domain

1296 416 26 22 of
1328 416 40 24 the
1379 417 91 28 Crown,
1482 419 96 23 without
1585 419 100 24 violence
1687 433 31 5 —
1718 422 55 23 with
1781 431 15 14 a
1802 422 78 25 tender

1297 455 51 17 care
1355 449 26 23 of
1393 451 76 22 native
1477 450 72 32 rights
1550 463 34 5 —
1584 451 53 24 with
1646 457 67 28 every
1720 456 96 23 rational
1822 456 59 31 hope

1297 481 25 23 of
1336 482 130 31 combining
1473 483 37 24 the
1520 484 165 31 improvement
1693 487 45 23 and
1745 487 136 25 civilization

1298 513 24 24 of
1336 515 31 22 its
1383 515 97 31 original
1496 516 141 25 inhabitants
1653 518 54 24 with
1724 527 40 16 our
1780 529 51 15 own
1840 522 41 23 ad-

1297 551 96 28 vantage
1401 556 25 16 as
1440 556 13 16 a
1463 553 66 26 great
1546 549 132 32 colonizing
1696 559 83 24 power.
1826 555 54 23 And

1297 579 59 24 what
1367 581 19 23 is
1399 580 38 25 the
1447 582 111 32 principle
1566 590 61 24 upon
1643 584 74 24 which
1735 585 64 24 these
1816 593 65 24 great

1298 611 75 32 things
1384 613 59 23 have
1453 614 58 24 been
1522 616 58 22 done
1586 616 10 23 ?
1631 616 61 23 Who
1710 617 19 23 is
1746 619 94 23 entitled
1858 622 22 21 tb

1296 644 37 24 the
1345 646 71 23 credit
1424 647 25 23 of
1463 647 31 23 iis
1505 647 116 31 discovery
1627 649 10 22 ?
1673 649 14 23 I
1698 657 40 23 say
1749 650 62 30 here,
1826 653 53 23 with

1296 684 39 24 my
1346 678 73 25 friend
1431 679 48 24 Mr.
1492 680 93 31 Young,
1598 681 49 23 that
1657 689 29 15 no
1695 690 53 16 man
1759 691 41 16 can
1808 685 71 30 speak

1296 710 25 22 of
1336 710 38 24 the
1385 711 91 24 modem
1487 718 86 25 system
1585 713 25 24 of
1625 713 149 26 colonization
1787 717 94 24 without

1296 744 83 30 paying
1391 744 38 24 the
1441 745 83 24 tribute
1541 745 26 24 of
1581 746 36 23 his
1636 746 133 26 admiration
1788 753 23 20 to
1831 750 47 25 Mr.

1298 775 127 25 Wakefield
1446 785 25 15 as
1481 779 30 21 its
1524 779 130 30 originator,
1673 781 44 22 and
1736 784 143 28 congratula-

1296 809 49 30 ting
1356 809 47 23 him
1418 817 61 24 upon
1491 810 39 24 the
1541 812 85 30 speedy
1643 814 141 30 recognition
1801 816 27 22 of
1842 816 38 24 the

1295 845 64 26 great
1371 842 74 24 fruths
1460 843 74 24 which
1552 844 28 23 he
1601 845 130 31 developed.
1767 847 37 23 No
1827 856 52 16 man

1296 874 66 23 could
1371 875 71 24 better
1450 877 104 30 exemply
1562 877 39 24 the
1608 878 64 24 truth
1679 878 25 24 of
1709 878 62 25 Lord
1782 880 98 31 Byron's

1294 906 58 24 lines
1353 920 33 4 —

1306 938 5 10 «
1315 937 38 18 But
1360 938 56 17 word*
1423 943 30 12 art
1460 939 83 21 things—
1543 940 37 17 and
1588 944 12 13 a
1606 941 54 17 small
1667 942 43 21 drop
1717 942 20 16 of
1743 943 32 17 ink

1358 958 75 21 Palling,
1440 959 37 18 like
1484 960 44 19 dew,
1538 965 48 16 upon
1594 965 10 12 a
1611 962 83 20 thought,
1701 964 88 19 producw

1315 979 47 16 That
1369 979 59 17 which
1435 980 62 17 makes
1505 981 121 17 thousands—
1625 983 77 20 perhaps
1709 984 85 20 millions,
1799 986 66 20 think/

1296 1007 47 24 Mr.
1356 1008 130 25 Wakefield
1497 1010 41 23 has
1546 1011 64 24 made
1622 1011 109 32 England
1743 1014 65 23 think
1819 1023 60 23 upon

1295 1040 37 23 the
1355 1043 104 29 question
1479 1042 25 24 of
1525 1044 191 33 self-supporting
1736 1048 142 29 emigration.

1296 1073 39 23 All
1353 1073 35 25 his
1401 1075 112 31 triumphs
1525 1076 56 24 have
1593 1077 59 24 been
1670 1077 63 24 those
1748 1080 26 23 of
1788 1082 90 22 convic-

1294 1107 56 22 tion.
1385 1107 14 24 I
1417 1108 58 24 have
1491 1116 54 16 seen
1563 1109 36 23 his
1611 1110 79 31 theory
1707 1111 111 25 broached
1830 1114 49 24 first

1294 1139 23 23 in
1327 1139 112 32 England
1454 1141 47 23 end
1517 1141 107 24 America
1625 1155 33 5 —
1659 1143 68 24 taken
1743 1153 30 23 up
1786 1146 30 31 by
1829 1146 47 25 Mr.

1297 1172 60 23 Hutt
1376 1174 24 22 in
1423 1176 64 21 1830
1489 1186 32 4 —
1521 1175 106 31 partially
1649 1176 96 32 adopted
1765 1178 30 31 by
1815 1179 63 25 Lord

1295 1204 97 24 Howick
1411 1207 24 22 in
1455 1208 98 22 1831—
1554 1207 122 33 developed
1687 1210 30 30 by
1729 1211 48 23 Mr.
1791 1211 87 25 Wake-

1292 1237 53 24 field
1367 1239 25 23 in
1412 1239 39 24 the
1474 1240 104 24 Colonial
1603 1240 67 25 Land
1695 1243 137 25 Committee
1853 1247 24 22 in

1296 1272 71 27 1836,
1380 1271 26 23 of
1421 1272 74 24 which
1515 1273 13 23 I
1546 1273 46 24 had
1606 1273 40 25 the
1661 1275 87 24 honour
1767 1277 26 22 of
1809 1278 70 32 being

1294 1303 131 31 Chairman,
1439 1305 64 24 when
1520 1306 28 23 its
1566 1306 81 25 author
1662 1315 46 16 was
1720 1309 99 31 brought
1830 1311 47 24 into

1293 1341 88 19 contact
1393 1338 53 24 with
1458 1346 68 23 many
1535 1339 25 23 of
1568 1340 37 23 the
1614 1339 96 25 keenest
1720 1343 75 22 minds
1806 1343 25 23 of
1839 1344 38 24 the

1292 1375 91 25 present
1395 1370 42 31 day
1439 1383 32 4 —
1473 1369 25 33 (I
1510 1372 57 23 need
1578 1372 54 32 only
1643 1375 100 22 mention
1755 1375 49 25 Mr.
1813 1376 64 24 Roe-

1292 1402 68 30 buck,
1380 1403 50 24 Mr.
1451 1404 134 29 Gladstone,
1604 1406 46 24 and
1673 1406 47 25 Mr.
1743 1409 99 31 Baring)
1844 1423 31 4 —

1292 1435 47 24 still
1350 1436 88 24 further
1455 1437 128 24 illustrated
1599 1439 23 23 in
1642 1439 38 24 the
1700 1440 55 24 New
1776 1441 101 25 Zealand

1292 1468 136 25 Committee
1448 1470 72 24 under
1541 1471 63 24 Lord
1630 1472 64 24 Eliot
1696 1485 31 4 —
1729 1475 86 23 carried
1837 1481 40 18 out

1291 1502 132 32 practically
1433 1503 25 23 in
1469 1503 73 24 South
1559 1505 125 28 Australia,
1697 1506 44 23 and
1759 1508 54 23 with
1830 1509 47 23 still

1291 1541 62 17 more
1362 1536 99 31 striking
1468 1544 84 24 energy
1559 1538 31 30 by
1594 1538 130 31 yourselves
1726 1552 32 5 —
1758 1541 117 32 gradually

1291 1568 101 31 triumph
1403 1576 53 16 over
1473 1576 67 25 every
1557 1571 107 29 obstacle,
1681 1572 45 23 and
1744 1573 78 24 obtain
1839 1574 36 25 the

1291 1602 103 23 sanction
1406 1602 26 23 of
1439 1609 68 24 every
1519 1603 107 32 thinking
1636 1612 53 16 man
1708 1606 49 23 who
1773 1606 43 24 has
1831 1607 45 24 had

1291 1632 82 26 leisure
1383 1639 24 19 to
1419 1634 79 24 devote
1517 1635 35 24 his
1565 1637 63 23 mind
1639 1642 23 19 to
1680 1639 26 23 it.
1743 1639 65 24 Thus
1820 1641 19 22 it
1856 1642 19 22 is

1291 1666 49 24 that
1358 1668 91 31 opinion
1466 1668 72 24 forms
1555 1670 65 23 itself
1635 1671 24 22 in
1677 1670 115 32 England,
1810 1673 65 25 when

1290 1704 66 27 great
1365 1701 75 23 truths
1456 1708 38 16 are
1512 1710 55 16 once
1583 1702 120 25 launched.
1738 1703 138 27 Discussion

1291 1733 144 31 strengthens
1458 1734 69 25 them.
1565 1735 135 32 Opposition
1723 1736 72 24 clears
1814 1746 62 25 away

1291 1766 69 24 doubt
1369 1775 5 20 ;
1395 1767 59 23 until
1469 1772 24 18 at
1510 1767 44 24 last
1572 1768 37 24 the
1627 1770 102 30 question
1741 1771 20 22 is
1776 1771 48 32 ripe
1840 1772 36 24 for

1290 1798 102 25 decision
1411 1800 30 31 by
1457 1800 38 24 the
1512 1801 165 25 Government.
1713 1802 68 24 Then
1800 1813 75 15 comes

1291 1832 6 11 '
1305 1832 40 24 the
1355 1832 66 29 hour,
1433 1833 46 24 and
1490 1833 37 24 the
1539 1841 54 16 man
1599 1834 7 10 '
1606 1847 35 4 —
1643 1835 36 23 the
1695 1843 60 22 man,
1769 1836 13 24 I
1800 1846 75 21 mean,

1290 1865 76 24 whose
1384 1865 74 32 proud
1478 1866 34 23 lot
1530 1868 18 22 it
1567 1868 21 22 is
1605 1872 23 18 to
1648 1868 51 30 give
1717 1868 38 25 the
1775 1872 100 22 national

1290 1899 103 23 sanction
1412 1904 23 18 to
1453 1899 39 24 the
1511 1900 91 31 general
1623 1901 63 28 wish,
1706 1902 44 23 and
1770 1907 23 19 to
1811 1903 64 31 place

1289 1930 94 25 himself
1399 1936 24 19 at
1433 1931 38 24 the
1482 1932 58 24 head
1552 1933 25 23 of
1586 1933 38 24 the
1635 1934 101 24 national
1747 1942 129 18 movement

1288 1976 5 9 =
1293 1976 29 5 —
1322 1972 26 15 as
1371 1964 63 24 Lord
1454 1965 61 23 John
1536 1966 94 24 Russell
1653 1967 41 23 has
1723 1967 65 30 done,
1818 1969 57 24 after

1289 1997 96 31 gaining
1395 2004 14 16 a
1426 1997 67 24 noble
1513 1999 86 30 victory
1611 2006 54 16 over
1680 1999 37 24 his
1727 2007 51 16 own
1793 2001 82 24 doubts

1289 2029 45 23 and
1362 2037 63 16 some
1453 2031 81 23 official
1563 2031 135 31 prejudices,
1724 2033 31 31 by
1783 2035 92 31 coming

1288 2067 105 27 amongst
1407 2071 44 23 you
1463 2063 47 24 this
1521 2064 72 30 night.
1632 2063 80 32 (Loud
1726 2067 101 31 cheers.)
1861 2068 13 24 I

1289 2095 56 24 wish
1357 2100 22 19 to
1394 2096 67 24 make
1473 2104 29 16 no
1513 2097 96 23 allusion
1621 2101 23 20 to
1656 2098 109 24 domestic
1776 2101 97 30 politics.
1883 2106 2 6 '

1289 2127 57 25 This
1358 2129 19 23 is
1388 2129 89 24 neutral
1477 2142 34 5 —
1512 2130 18 24 is
1543 2130 78 24 sacred
1639 2132 97 29 ground.
1778 2133 48 24 But
1844 2134 32 24 let

1279 2165 2 4 '
1287 2160 40 25 the
1338 2162 67 23 noble
1416 2162 50 23 lord
1477 2162 63 24 leave
1552 2164 64 23 office
1636 2164 64 23 when
1718 2165 29 23 he
1767 2174 61 24 may,
1846 2167 29 23 he

1287 2194 46 24 will
1342 2199 39 19 not
1393 2195 38 24 the
1449 2195 46 24 less
1513 2195 58 25 have
1591 2196 63 24 fixed
1675 2197 38 24 the
1729 2198 62 24 basis
1814 2207 60 23 upon

1287 2227 73 24 which
1374 2227 32 24 all
1424 2228 76 24 future
1518 2229 129 31 legislation
1663 2230 35 23 for
1713 2230 37 25 the
1768 2232 107 24 Colonies

1286 2265 62 19 must
1359 2265 56 20 rest.
1450 2261 36 24 As
1498 2269 42 16 one
1559 2263 26 23 of
1600 2263 39 24 the
1657 2263 116 26 humblest
1789 2266 26 23 of
1838 2266 37 23 his

1285 2293 211 30 fellow-labourers,
1510 2294 12 25 I
1541 2296 154 30 congratulate
1708 2297 46 25 him
1766 2306 61 23 upon
1837 2300 37 23 the

1286 2327 78 24 result.
1407 2327 14 24 I
1440 2329 155 30 congratulate
1612 2329 73 29 those,
1698 2335 44 24 too,
1756 2331 50 24 who
1818 2331 56 25 have

1285 2359 66 24 aided
1360 2360 49 24 him
1416 2361 31 31 by
1458 2361 59 24 their
1526 2361 99 24 labours.
1670 2362 55 25 Few
1742 2364 58 24 have
1816 2364 58 25 done

1285 2400 62 16 more
1368 2394 97 23 towards
1486 2394 45 24 this
1553 2394 56 24 than
1628 2403 43 16 one
1689 2395 73 26 whom
1782 2397 13 24 I
1818 2399 56 22 miss

1285 2426 102 32 to-night
1387 2439 34 5 —
1421 2435 56 23 your
1484 2427 96 31 Deputy
1586 2425 127 33 Governor,
1722 2429 49 25 Mr.
1778 2430 96 24 Francis

1284 2458 88 31 Baring
1380 2468 7 20 ;
1400 2468 15 15 a
1425 2468 53 16 man
1489 2460 73 24 whom
1574 2461 11 23 I
1597 2460 58 25 have
1664 2461 54 32 long
1730 2462 84 26 known
1829 2465 45 23 and

1285 2493 114 24 esteemed
1409 2500 26 16 as
1447 2501 14 15 a
1470 2494 89 30 private
1568 2493 83 30 friend,
1664 2495 65 24 while
1737 2496 14 24 I
1759 2498 115 30 regretted

1284 2525 59 29 that;
1354 2526 55 24 with
1419 2526 37 24 his
1467 2527 102 30 singular
1581 2533 119 18 acuteness
1713 2528 26 24 of
1754 2530 71 28 mind,
1844 2530 29 24 he

1284 2558 81 24 should
1376 2564 42 19 not
1423 2559 54 24 take
1487 2559 49 24 that
1547 2561 72 22 active
1630 2565 51 27 part
1696 2561 24 25 in
1739 2562 39 23 the
1796 2562 77 25 affairs

1285 2591 25 24 of
1319 2591 36 24 his
1374 2596 96 27 country
1487 2597 24 19 to
1528 2593 72 23 which
1620 2593 36 24 his
1673 2601 87 24 powers
1778 2596 95 24 entitled

1284 2623 55 26 him.
1376 2625 48 24 His
1447 2625 54 24 debt
1522 2630 23 19 to
1569 2625 108 31 England
1700 2628 19 23 is
1736 2635 52 17 now
1810 2630 60 30 paid.

1284 2657 78 24 Those
1373 2658 51 24 who
1435 2658 58 25 have
1505 2660 120 23 witnessed
1637 2660 35 23 his
1684 2662 105 29 previous
1806 2670 66 16 ener-

1284 2691 49 30 gies
1345 2691 53 24 here
1419 2692 46 24 will
1483 2691 71 24 admit
1571 2693 49 23 that
1639 2701 28 15 no
1684 2693 125 25 individual
1830 2695 42 24 has

1284 2724 143 25 contributed
1447 2733 63 16 more
1527 2725 87 32 largely
1633 2726 53 23 than
1708 2726 47 24 Mr.
1776 2727 96 25 Francis

1285 2756 86 33 Baring
1383 2762 23 19 to
1418 2757 38 25 the
1468 2759 136 23 annexation
1623 2759 27 24 of
1667 2759 58 26 New
1736 2761 101 23 Zealand
1849 2767 23 18 to

1283 2790 40 23 the
1339 2790 89 25 British
1443 2791 91 29 Crown,
1548 2792 45 23 and
1606 2792 48 24 will
1665 2792 46 24 feel
1732 2794 39 23 the
1788 2794 84 32 justice

1280 2823 59 23 'with
1350 2823 74 25 which
1436 2824 13 24 I
1461 2829 96 19 connect
1562 2824 38 24 his
1611 2833 67 16 name
1689 2826 54 24 with
1762 2826 38 24 the
1814 2832 59 19 toast

1285 2856 73 24 which
1366 2856 13 25 I
1387 2865 36 16 am
1431 2858 69 23 about
1510 2861 24 20 to
1543 2858 51 31 give
1595 2870 35 6 —
1697 2859 79 24 health
1788 2860 26 24 of
1822 2861 48 23 Mr.

1285 2889 95 32 Baring,
1392 2890 44 24 and
1447 2892 130 30 prosperity
1586 2894 25 21 to
1632 2891 40 25 the
1691 2892 89 25 British
1802 2893 69 24 Colo-

1393 2923 82 32 (Loud
1486 2923 100 33 cheers.)
1637 2929 4 10 '

1319 2956 62 24 Lord
1392 2957 161 24 Ashburton
1564 2957 108 25 returned
1683 2957 85 25 thanks
1788 2967 30 15 on
1830 2959 41 24 be-

1284 2988 51 25 half
1350 2990 26 23 of
1390 2989 36 24 his
1447 2997 50 22 son,
1510 2990 48 24 Mr.
1573 2990 95 24 Francis
1689 2991 95 31 Baring,
1796 2992 75 24 whose

1284 3029 68 17 name
1371 3023 46 24 had
1435 3023 61 24 been
1512 3023 103 25 received
1635 3024 25 23 in
1677 3032 25 16 so
1722 3024 115 32 flattering
1858 3034 19 17 ai

1284 3062 102 19 manner.
1423 3056 47 24 His
1482 3063 42 17 son
1541 3056 75 24 would
1627 3057 57 23 have
1702 3057 58 24 been
1778 3063 94 26 present

1284 3093 30 15 on
1331 3086 44 23 this
1389 3088 111 26 occasion,
1515 3088 41 22 but
1571 3088 35 21 for
1621 3088 149 22 unavoidable
1793 3089 84 28 family

1284 3113 186 29 circumstances,*
1502 3114 41 22 but
1564 3114 62 22 Lord
1649 3114 130 22 Ashburton
1804 3116 73 22 could'

1279 3156 2 7 ,
1284 3146 75 16 assure
1375 3141 39 22 the
1428 3142 117 26 Company
1555 3142 25 21 of
1590 3141 39 22 the
1644 3142 122 22 continued
1781 3142 96 22 zealous'

1284 3168 112 21 exertions
1407 3168 26 21 of
1444 3167 33 23 his
1486 3175 41 15 son
1541 3168 22 21 in
1581 3168 127 27 promoting
1717 3168 38 22 the
1767 3168 104 23 interests

1284 3193 27 21 of
1322 3192 37 23 the
1369 3201 49 15 new
1428 3194 87 27 colony.
1545 3194 94 26 Though
1656 3194 33 22 his
1705 3201 66 16 name
1780 3194 44 24 had
1842 3203 29 15 on

1284 3220 44 21 this
1338 3221 102 22 occasion
1449 3221 57 22 been
1517 3221 123 22 connected
1651 3220 52 23 with
1717 3220 38 23 the
1770 3222 101 22 Colonial

1283 3246 103 23 interests
1402 3248 27 22 of
1440 3247 37 23 the
1495 3247 89 28 empire,
1595 3247 30 22 he
1640 3247 72 22 would
1728 3251 41 19 not
1784 3252 24 18 at
1823 3248 49 23 that

1282 3272 46 23 late
1343 3273 64 28 hour,
1423 3275 46 22 and
1484 3274 59 22 after
1559 3274 38 22 the
1614 3274 87 31 subject
1717 3274 45 22 had
1778 3274 57 23 been
1846 3283 25 14 so

1283 3299 53 28 ably
1346 3301 85 22 treated
1442 3301 28 27 by
1482 3300 81 28 others,
1574 3304 64 19 enter
1652 3303 47 20 into
1715 3308 14 14 a
1738 3301 93 23 defence
1848 3302 27 22 of

1284 3326 59 22 what
1353 3334 44 15 waß
1407 3327 102 27 disputed
1517 3328 31 26 by
1557 3334 30 15 no
1597 3334 44 15 one
1642 3338 28 5 —
1670 3327 38 22 the
1717 3331 63 23 great
1788 3328 83 28 impor-

1283 3354 66 21 tance
1358 3354 27 22 of
1395 3361 42 15 our
1451 3354 99 22 colonies
1565 3357 23 19 to
1603 3354 37 22 the
1657 3354 123 28 prosperity
1797 3355 26 22 of
1840 3355 29 22 all

1284 3380 38 22 the
1331 3379 103 24 interests
1444 3380 26 23 of
1476 3380 37 23 the
1521 3384 103 23 country,
1633 3380 44 23 and
1684 3388 61 15 more
1752 3381 119 27 especially

1283 3408 23 20 to
1316 3406 37 23 the
1362 3407 105 28 shipping
1475 3407 110 27 interests,
1596 3414 61 20 upon
1667 3407 71 22 which
1749 3415 41 15 our
1804 3415 67 15 mari-

1284 3433 54 22 time
1347 3441 79 20 power,
1437 3434 44 21 and
1490 3434 161 28 consequently
1658 3433 37 23 the
1703 3434 167 28 independence

1283 3460 27 22 of
1320 3459 37 23 the
1368 3461 90 33 empire,
1470 3467 43 15 was
1529 3460 107 23 founded.
1666 3460 59 23 Lord
1740 3461 130 23 Ashburton

1282 3486 106 23 followed
1397 3483 62 26 these
1470 3486 152 23 observations
1637 3487 30 32 by
1680 3486 105 28 dwelling
1795 3495 29 15 on
1833 3488 38 22 the

1283 3513 121 32 particular
1412 3513 98 28 aptitude
1520 3514 27 21 of
1555 3513 38 22 the
1604 3513 80 23 British
1691 3521 50 15 race
1748 3514 35 21 for
1791 3514 81 23 found-

1282 3547 41 20 ing
1337 3540 105 26 colonies,
1458 3540 46 22 and
1518 3540 128 22 contrasted
1661 3540 37 22 the
1715 3540 113 23 condition
1849 3542 26 21 of

1282 3566 39 23 the
1336 3570 64 24 great
1414 3566 99 23 colonies
1527 3566 101 22 founded
1639 3567 31 27 by
1686 3566 61 23 them
1757 3567 24 22 in
1799 3567 72 23 North

1283 3593 107 22 America
1409 3592 52 23 with
1480 3592 38 23 the
1540 3592 145 23 unfortunate
1711 3592 114 24 condition
1849 3595 26 21 of

1283 3619 77 28 nearly
1371 3620 29 21 all
1411 3619 62 23 those
1483 3618 98 23 founded
1591 3620 31 21 by
1637 3618 64 23 other
1714 3620 113 22 countries
1842 3628 28 15 on

1284 3646 38 22 the
1332 3653 60 15 same
1406 3646 123 23 continent.
1558 3644 62 23 With
1634 3645 80 27 regard
1727 3650 24 17 to
1767 3646 38 22 the
1821 3654 51 20 par-

1282 3672 81 23 ticular
1373 3672 86 28 colony,
1471 3672 37 22 the
1517 3672 132 22 foundation
1659 3672 27 21 of
1694 3671 72 24 which
1773 3680 33 15 we
1814 3681 57 15 were

1284 3699 44 22 this
1338 3700 41 26 day
1388 3699 86 23 invited
1485 3703 21 18 to
1515 3700 179 25 commemorate,
1703 3698 60 23 Lord
1770 3699 102 23 Ashbur-

1282 3728 41 20 ton
1332 3726 91 27 pointed
1432 3730 40 18 out
1479 3726 28 21 its
1517 3724 120 29 particular
1645 3725 123 27 advantage
1779 3733 54 16 over
1842 3727 30 22 all

1284 3752 132 28 enterprises
1425 3752 27 22 of
1462 3760 14 14 a
1485 3752 84 22 similar
1577 3751 142 27 description.
1748 3752 48 23 The
1813 3754 59 26 posi-

1283 3779 48 22 tion
1340 3779 27 22 of
1378 3778 37 23 the
1425 3778 56 23 New
1498 3778 97 22 Zealand
1611 3778 88 21 Islands
1715 3785 30 15 on
1760 3778 39 23 the
1811 3787 59 21 map,

1283 3805 58 22 their
1350 3805 96 26 climate,
1456 3805 99 27 fertility,
1573 3804 117 22 abundant
1698 3804 115 28 harbours,
1824 3814 48 15 sur-

1283 3831 101 23 rounded
1408 3831 53 22 with
1485 3831 37 22 the
1545 3838 48 15 seas
1617 3834 58 19 moat
1696 3831 73 22 suited
1793 3836 23 18 to
1835 3833 37 22 the

1284 3857 188 27 whale-fisheries,
1487 3857 46 22 and
1549 3857 72 22 above
1641 3857 37 26 all,
1700 3857 38 23 the
1758 3858 114 24 character

1283 3884 28 24 i\>{
1322 3883 37 24 the
1369 3884 75 22 native
1453 3883 137 28 population,
1601 3883 38 22 led
1653 3883 47 23 him
1714 3887 23 19 to
1752 3885 120 29 anticipate

1282 3905 51 40 'jhat
1348 3911 64 22 thfl*e
1526 3910 73 22 would
1613 3910 94 23 become
1719 3918 13 14 a
1746 3916 63 22 great
1825 3916 47 19 seat

327 33 320 35 SUPPLEMENT
666 34 67 33 TO
755 34 103 34 THE
873 35 111 33 NEW
995 37 231 34 ZEALAND
1244 38 227 35 GAZETTE
1489 41 101 32 AND
1611 38 321 41 WELLINGTON
1955 45 289 34 SPECTATOR.
