2540 3989
1903 3850 72 16 Printed
1980 3850 34 16 ,tiid
2020 3849 94 20 puiilisiieU
2121 3852 55 16 every
2183 3847 85 20 Saturday
2276 3846 89 19 morning,
2374 3845 20 20 by
2402 3844 79 16 Samubi

1924 3871 87 16 UEVA.VB.
2022 3873 18 13 at
2051 3870 32 15 the
2094 3869 56 16 Office
2162 3869 19 16 of
2192 3869 31 15 the
2235 3867 152 17 NhwZeaiavb
2394 3864 87 16 Gazetti.

1924 3895 40 12 and
1972 3891 133 16 Wellington
2113 3890 121 16 S*ectatob,
2241 3887 151 21 Taranaki-place,
2402 3884 79 18 Welling-

1922 3913 38 17 ton,
1968 3912 44 16 Pert
2018 3911 106 19 Nicholson,
2133 3910 46 17 N«v
2185 3908 87 19 Zealand.

261 21 422 74 Wn-BMRftr^Q
703 51 103 36 THE
823 50 111 33 NEW
952 45 227 37 ZEALAND
1197 41 225 36 GAZETTE
1439 40 101 33 AND
1559 32 328 38 WELLINGTON
1911 30 297 35 SPECTATOR.

1361 124 69 21 Xfevr
1444 121 120 22 Zealand
1579 121 150 25 Company.

1254 157 95 28 Capital,
1362 157 118 26 £100,000,
1494 155 23 21 in
1526 156 56 20 4000
1590 153 82 22 Shares
1680 152 27 21 of
1717 150 47 23 £25
1774 148 62 29 each,

1477 181 29 22 all
1515 180 54 27 paid
1578 186 36 21 up.

1387 216 101 17 Governor:
1502 214 75 16 JoixrH
1584 213 70 17 Souii,
1663 211 43 20 Eaq.

1318 243 180 22 Deputy-Governor:
1509 241 49 17 Hon.
1562 239 73 18 Francis
1642 239 74 20 Bartaf.
1723 237 53 19 M.P.,

1489 271 108 14 DIRECTORS
1602 272 5 12 :

1340 296 87 17 Viscount
1433 296 87 20 Ingestre,
1527 294 54 19 M.P.,

1341 317 46 17 Lord
1395 317 56 18 Petre,
1616 328 3 6 ,
1647 332 3 3 .

1341 338 62 19 Henry
1410 338 21 15 A.
1439 336 92 21 Aglionby,
1539 335 49 20 Esq.,
1595 334 56 19 M.P.,

1340 358 46 16 John
1396 357 80 17 EUorker
1482 356 89 18 Boulcott,
1583 355 47 20 Esq.,

1341 378 47 17 John
1396 378 78 15 William
1480 376 75 20 Buckle,
1560 376 49 20 Etq.,

1343 399 71 16 Russell
1423 397 59 19 Ellice,
1491 395 47 22 Esq.',

1341 419 61 16 James
1409 419 66 16 Robert
1482 418 71 18 Gowea,
1561 417 49 20 Esq.,

1341 440 47 16 John
1397 439 53 18 Hine,
1459 439 46 19 Esq.,

1343 459 79 17 William
1428 459 52 18 Hutt,
1489 459 47 19 Esq.,
1549 457 53 19 M.P.,

1343 481 74 16 Stewart
1424 479 126 20 Majoribanks,
1561 479 49 19 Esq.,

1342 501 102 16 Alexander
1451 499 61 19 Nairn,
1520 499 49 20 Esq.,

1342 521 48 16 John
1398 520 51 19 Pirie,
1458 520 47 19 Esq.,
1512 519 104 19 Alderman,

1343 542 27 16 Sir
1378 541 66 19 George
1452 540 79 19 Sinclair,
1540 539 54 19 Bart.,
1603 538 53 19 M.P.,

1344 562 28 16 Sir
1378 562 28 16 W.
1414 560 56 18 Moles
1473 560 60 19 worth,
1541 560 54 18 Bart.,
1605 559 52 19 M.P.,

1343 583 47 15 John
1397 582 44 16 Abel
1447 581 64 19 Smith,
1519 581 50 19 Esq.,
1580 580 52 19 M.P.,

1343 603 46 16 Wm.
1400 603 108 19 Thompson,
1522 602 49 19 Esq.,
1586 600 104 18 Alderman,
1705 598 53 20 M.P.,

1343 623 47 16 Hon.
1399 622 93 17 Frederick
1499 622 37 16 Jas.
1543 621 120 18 Tollemache,
1673 620 54 19 M.P.,

1345 644 75 16 Edward
1427 644 20 15 G.
1456 642 101 19 Wakefield,
1563 642 37 19 Esq
1607 652 6 8 ,

1345 664 26 16 Sir
1379 664 62 19 Henry
1449 663 60 18 Webb,
1518 663 57 18 Bart.,

1345 684 67 17 Arthur
1419 684 63 18 Willis,
1491 684 48 18 Esq.,

1345 705 67 20 George
1421 703 94 17 Frederick
1523 703 69 19 Young,
1602 702 42 19 Esq.

1406 732 90 19 Secretary
1501 736 4 11 :
1517 730 54 16 John
1579 729 68 18 Ward,
1656 728 43 20 Esq.

1265 759 88 21 -TIHE
1361 759 61 21 main
1431 759 95 20 features
1534 757 26 21 of
1566 755 37 22 the
1611 760 82 22 system
1703 753 24 22 of
1734 753 111 21 coloniza-

1269 778 29 29 JL
1336 786 46 21 tion
1393 783 95 28 adopted
1496 783 30 27 by
1536 783 38 21 the
1586 783 123 25 Company,
1726 787 44 19 are,
1772 792 28 4 —
1800 780 43 26 -Ist,

1262 813 36 20 the
1308 812 47 21 sale
1364 811 26 22 of
1399 811 71 26 lands,
1484 813 22 18 at
1520 816 30 15 an
1563 808 98 22 uniform
1676 807 46 21 and
1734 806 112 22 sufficient

1263 839 70 27 price;
1351 837 45 22 and
1409 837 75 26 2ndly,
1500 836 37 22 the
1553 835 153 27 employment
1720 833 25 21 of
1758 840 14 14 a
1785 832 60 27 large

1263 865 86 26 portion
1359 865 26 21 of
1391 864 37 22 the
1436 862 208 29 purchase-money,
1656 868 23 14 as
1689 867 30 15 an
1729 859 117 27 Immigra-

1263 892 44 20 tion
1319 891 71 21 Fund.
1421 891 26 21 In
1458 889 60 21 these
1528 891 104 24 respects,
1648 887 38 21 the
1696 886 118 28 principles
1825 886 24 21 of

1264 917 68 23 South
1346 917 112 22 Australia
1472 916 55 21 have
1543 915 57 22 been
1615 914 104 21 followed
1732 920 23 14 as
1769 912 77 27 nearly

1264 952 21 14 as
1304 944 171 22 circumstances
1491 941 78 28 would,
1588 941 25 21 in
1628 940 37 22 the
1683 943 90 24 present
1789 946 56 20 case,

1265 971 87 24 permit.
1578 988 3 6 ,

1288 997 50 21 The
1352 997 71 26 grand
1436 995 73 28 object
1524 995 26 21 of
1564 997 38 19 the
1617 1001 56 19 new,
1687 1000 26 14 or
1724 992 122 28 improved,

1263 1028 83 23 system
1357 1023 25 21 of
1393 1023 36 21 the
1440 1021 94 28 disposal
1549 1021 27 21 of
1591 1019 96 23 colonial
1701 1019 72 27 lands,
1790 1019 19 22 is
1825 1023 21 17 to

1263 1050 99 27 regulate
1377 1049 37 21 the
1428 1048 78 27 supply
1522 1047 26 22 of
1563 1054 50 15 new
1628 1046 60 26 land,
1705 1046 29 35 by
1750 1046 38 21 the
1801 1045 46 21 real

1265 1080 69 18 wants
1346 1076 25 22 of
1385 1076 38 22 the
1437 1075 116 26 Colonists,
1569 1081 24 14 so
1608 1073 48 21 that
1671 1069 38 24 the
1723 1072 55 21 land
1792 1071 55 22 shall

1265 1110 67 14 never
1350 1103 26 21 be
1395 1101 71 23 either
1482 1100 190 28 superabundant,
1693 1107 26 13 or
1736 1098 110 26 deficient,

1263 1129 73 22 either
1350 1132 37 18 too
1404 1129 75 26 cheap,
1497 1135 24 14 or
1539 1131 39 17 too
1595 1127 60 21 dear.
1694 1126 22 21 It
1733 1125 41 22 has
1791 1125 56 21 been

1263 1156 78 21 shown
1350 1155 48 21 that
1407 1155 37 21 the
1455 1154 41 22 due
1508 1154 129 27 proportion
1653 1153 101 21 between
1769 1152 79 27 people

1264 1183 44 21 and
1315 1182 54 22 land
1374 1189 52 20 may
1432 1182 27 20 be
1468 1180 125 26 constantly
1599 1179 93 22 secured
1699 1179 29 26 by
1734 1178 115 21 abandon-

1265 1209 38 26 ing
1312 1209 38 21 the
1360 1208 37 22 old
1406 1211 82 24 system
1499 1207 26 21 of
1536 1214 95 18 grants,
1642 1205 45 22 and
1697 1205 114 27 requiring
1820 1212 27 14 an

1264 1236 98 21 uniform
1372 1235 59 27 price
1441 1241 39 20 per
1489 1241 56 19 acre,
1560 1233 34 22 for
1604 1233 29 21 all
1644 1239 49 15 new
1703 1231 71 26 lands,
1786 1231 63 22 with-

1266 1261 171 28 outexception.
1466 1260 25 22 If
1501 1260 37 21 the
1548 1260 61 27 price
1620 1260 28 21 be
1661 1262 42 18 not
1716 1261 36 18 too
1767 1256 49 28 low,
1832 1258 18 21 it

1265 1289 74 21 deters
1346 1288 134 26 speculators
1489 1287 57 21 from
1561 1286 118 26 obtaining
1692 1284 61 28 land,
1769 1284 53 21 with
1837 1293 13 13 a

1266 1315 54 21 view
1328 1319 25 17 to
1362 1315 89 26 leaving
1459 1314 57 21 their
1524 1317 106 28 property
1638 1313 22 21 in
1673 1319 13 14 a
1698 1312 73 21 desert
1784 1315 64 23 state,

1265 1342 45 21 and
1322 1342 52 20 thus
1388 1343 103 26 prevents
1501 1340 108 26 injurious
1619 1338 121 28 dispersion
1748 1346 5 18 ;
1769 1338 17 21 it
1796 1338 52 26 also,

1266 1373 28 22 by
1304 1368 135 27 compelling
1447 1374 65 20 every
1519 1366 104 22 labourer
1630 1369 23 18 to
1659 1365 61 22 work
1728 1365 36 21 for
1771 1372 78 19 wages,

1266 1395 55 21 until
1332 1394 28 22 he
1369 1394 41 22 has
1419 1394 67 21 saved
1499 1393 37 21 the
1547 1393 53 27 only
1611 1399 78 14 means
1699 1392 25 21 of
1736 1392 115 26 obtaining

1266 1421 59 25 land,
1337 1422 86 20 insures
1436 1427 14 14 a
1465 1420 77 27 supply
1558 1420 25 21 of
1593 1419 80 22 labour
1687 1418 35 21 for
1736 1418 55 21 hire.
1821 1418 28 26 If,

1266 1456 28 13 on
1305 1448 38 21 the
1354 1448 63 21 other
1426 1447 66 26 hand,
1508 1446 37 22 the
1555 1446 60 26 price
1625 1446 28 21 be
1661 1449 42 18 not
1712 1449 36 17 too
1758 1444 60 28 high,
1834 1444 17 21 it

1266 1474 87 22 neither
1362 1474 98 21 confines
1470 1473 36 22 the
1517 1474 87 20 settlers
1619 1472 75 21 within
1710 1479 14 14 a
1737 1479 65 19 space
1817 1471 34 21 in-

1266 1500 159 28 conveniently
1440 1507 92 19 narrow,
1549 1506 41 15 nor
1605 1498 53 22 does
1672 1498 19 21 it
1706 1502 94 24 prevent
1813 1498 38 21 the

1266 1528 79 26 thrifty
1359 1527 102 22 labourer
1475 1527 56 21 from
1545 1525 119 27 becoming
1679 1533 14 13 a
1705 1524 145 27 land-owner,

1268 1554 56 22 after
1334 1554 99 26 working
1443 1561 60 14 some
1513 1553 54 21 time
1578 1552 34 21 for
1621 1559 81 19 wages.

1296 1582 19 20 A
1333 1580 117 26 sufficient,
1468 1580 39 21 but
1526 1583 39 17 not
1584 1586 62 14 more
1665 1578 54 21 than
1740 1578 112 21 sufficient

1268 1608 59 26 price
1340 1608 32 21 for
1385 1607 28 21 all
1428 1613 47 14 new
1491 1606 59 26 land,
1567 1606 18 21 is
1600 1605 37 21 the
1654 1606 60 20 main
1731 1605 83 21 feature
1830 1605 25 20 of

1268 1634 37 21 the
1324 1641 48 14 new
1387 1637 81 23 system
1484 1633 26 21 of
1526 1632 156 22 colonization.
1717 1632 21 21 It
1753 1631 99 21 obviates

1268 1668 67 18 every
1346 1667 83 20 species
1444 1659 26 22 of
1483 1659 112 26 bondage;
1615 1658 31 27 by
1659 1658 120 28 providing
1793 1665 59 13 com-

1268 1686 89 22 binable
1365 1686 85 26 labour,
1461 1685 18 22 it
1487 1686 91 21 renders
1585 1685 103 26 industry
1696 1692 52 19 very
1759 1684 94 27 produc-

1268 1714 51 24 tive,
1331 1713 44 22 and
1384 1712 119 22 maintains
1512 1712 54 21 both
1578 1711 51 27 high
1646 1719 78 19 wages,
1741 1710 44 21 and
1802 1710 51 27 high

1269 1740 87 28 profits;
1378 1740 19 21 it
1411 1739 76 21 makes
1505 1738 37 21 the
1560 1738 81 26 colony
1657 1745 24 14 as
1698 1737 115 22 attractive
1830 1745 23 13 as

1270 1766 100 28 possible,
1385 1765 55 22 both
1456 1769 21 18 to
1492 1764 121 28 capitalists
1628 1764 45 21 and
1689 1767 21 18 to
1725 1764 113 21 labourers
1847 1772 5 17 ;

1268 1794 45 21 and
1323 1797 41 18 not
1372 1792 84 26 merely
1466 1796 21 17 to
1497 1792 69 25 these,
1580 1791 40 21 but
1629 1791 53 25 also,
1693 1791 29 26 by
1734 1791 120 24 bestowing

1270 1827 28 14 on
1314 1820 37 21 the
1362 1820 87 25 colony,
1466 1818 36 21 the
1513 1818 72 21 better
1599 1817 117 22 attributes
1732 1817 25 21 of
1774 1824 28 13 an
1818 1816 35 21 old

1269 1847 90 26 society,
1370 1850 23 17 to
1401 1846 62 21 those
1472 1845 47 21 who
1526 1844 57 21 have
1592 1851 13 14 a
1611 1844 92 21 distaste
1710 1844 33 20 for
1752 1843 58 21 what
1814 1843 41 22 has

1271 1873 123 22 heretofore
1403 1872 57 21 been
1471 1872 36 21 the
1521 1871 112 27 primitive
1644 1870 113 21 condition
1769 1870 26 21 of
1807 1877 46 14 new

1271 1900 105 21 colonies.

1296 1926 49 22 The
1354 1928 63 24 great
1425 1926 72 26 object
1506 1924 26 21 of
1543 1924 37 21 the
1590 1924 61 27 price
1659 1924 19 21 is
1691 1928 22 17 to
1727 1930 77 15 secure
1818 1923 37 21 the

1272 1957 56 17 most
1338 1951 107 22 desirable
1455 1951 138 28 proportions
1603 1950 100 21 between
1720 1950 77 27 people
1811 1950 43 21 and

1272 1979 52 22 land
1330 1987 6 17 ;
1352 1979 40 21 but
1401 1978 36 21 the
1449 1978 49 27 plan
1510 1978 40 20 has
1560 1977 36 20 the
1604 1977 86 21 further
1698 1977 69 20 vesult
1774 1977 26 20 of
1808 1983 47 20 pro-

1272 2006 83 24 ducing
1364 2013 12 12 a
1386 2011 104 18 revenue,
1508 2003 70 21 which
1594 2003 43 20 will
1654 2008 39 15 not
1709 2003 52 26 only
1778 2002 78 27 supply

1273 2032 36 21 the
1321 2031 105 27 requisite
1440 2030 65 27 profit
1519 2032 22 19 to
1557 2029 36 21 the
1609 2028 155 22 shareholders
1778 2029 26 20 of
1820 2028 36 22 the

1273 2059 122 26 Company,
1419 2057 40 21 but
1481 2056 110 21 furnishes
1614 2055 38 22 the
1675 2062 77 15 means
1771 2055 35 21 for
1828 2062 28 14 an

1275 2084 152 27 Immigration
1439 2083 69 26 Fund,
1510 2095 31 4 —
1541 2090 15 14 a
1562 2082 57 23 fund
1626 2082 127 27 constantly
1761 2081 97 28 applica-

1273 2111 35 22 ble
1325 2114 23 18 to
1364 2110 38 21 the
1418 2117 92 20 purpose
1527 2109 26 22 of
1566 2109 106 27 bringing
1686 2109 78 21 labour
1781 2112 23 18 to
1820 2108 37 22 the

1273 2138 81 26 colony
1355 2149 30 5 —
1386 2137 48 21 that
1448 2137 25 26 is,
1490 2136 22 21 in
1530 2135 92 26 causing
1639 2135 37 22 the
1693 2135 49 21 best
1750 2143 3 3 •
1760 2142 56 14 sort
1835 2135 26 21 of

1274 2164 148 22 colonization
1432 2166 23 18 to
1465 2163 94 31 proceed
1568 2165 22 18 at
1602 2161 37 22 the
1653 2165 97 24 greatest
1762 2161 96 28 possible

1275 2195 52 18 rate.
1357 2190 53 22 And
1418 2189 42 22 this
1468 2197 17 14 is
1492 2189 37 21 the
1536 2189 82 22 second
1629 2189 86 21 feature
1726 2189 24 21 of
1762 2188 37 22 the
1810 2195 48 15 new

1267 2239 3 4 .
1275 2223 89 21 system.

1299 2244 49 21 The
1358 2244 150 27 employment
1517 2243 26 20 of
1559 2243 36 20 the
1612 2242 207 27 purchase-money,
1835 2249 23 13 or

1277 2273 35 19 die
1322 2270 106 28 principal
1439 2273 48 24 part
1497 2269 25 22 of
1534 2269 22 26 it,
1567 2270 22 20 in
1602 2276 52 14 com
1659 2269 68 27 eying
1736 2268 86 22 settlers
1837 2274 21 15 to

1276 2298 35 21 the
1322 2298 87 26 colony,
1421 2297 39 20 has
1470 2296 36 21 the
1516 2296 114 26 following
1640 2297 82 20 effects.
1752 2295 21 21 It
1784 2295 75 21 make.-,

1276 2325 36 20 the
1327 2324 131 27 purchasers
1472 2323 25 21 of
1512 2323 52 21 land
1581 2330 35 14 see
1630 2323 93 26 plainly,
1738 2322 50 20 that
1804 2321 56 21 their

1277 2358 80 20 money
1369 2350 41 21 will
1421 2350 26 21 be
1458 2349 104 22 returned
1572 2349 20 21 in
1609 2349 38 21 the
1659 2349 69 27 shape
1741 2349 26 21 of
1783 2348 77 22 labour

1277 2378 43 21 and
1329 2377 136 27 population.
1495 2377 20 20 It
1525 2375 70 27 tends,
1612 2376 22 20 in
1647 2375 51 28 fact,
1714 2380 22 16 to
1745 2375 67 21 lower
1823 2375 36 21 the

1277 2411 116 20 necessary
1411 2403 104 22 standard
1534 2403 26 21 of
1576 2403 67 26 price,
1658 2402 103 27 because,
1780 2401 52 22 with
1847 2408 13 15 a

1276 2435 103 18 constant
1388 2429 71 22 influx
1469 2430 25 20 of
1506 2428 77 26 oeople
1593 2432 22 18 to
1626 2429 36 21 the
1673 2429 88 26 colony,
1771 2428 37 22 the
1818 2428 42 22 due

1277 2462 126 23 proportion
1410 2463 98 15 Between
1515 2462 78 21 people
1601 2455 45 22 and
1654 2455 52 22 land
1714 2462 52 20 may
1773 2455 27 21 be
1809 2455 52 27 kept

1277 2492 28 19 up
1315 2484 31 27 by
1356 2491 11 14 a
1378 2484 66 21 lower
1454 2483 65 27 price,
1532 2482 52 21 than
1595 2482 21 21 if
1627 2482 63 22 there
1701 2489 56 14 were
1767 2489 30 14 no
1806 2481 54 23 such

1277 2511 148 26 immigration
1431 2526 5 5 .
1458 2509 20 21 It
1487 2509 110 21 therefore
1603 2508 131 22 diminishes
1741 2508 37 22 the
1785 2508 76 27 period

1277 2538 80 26 during
1367 2536 71 22 which
1448 2535 36 22 the
1493 2535 103 22 labourer
1611 2539 59 17 must
1683 2535 58 21 work
1756 2535 36 21 for
1806 2535 54 24 hire,

1278 2564 42 22 <md
1330 2564 30 27 by
1370 2563 37 21 the
1423 2563 60 26 rapid
1498 2569 100 20 progress
1614 2561 72 22 which
1701 2562 18 20 it
1733 2562 92 27 imparts
1839 2566 22 16 to

1278 2591 35 22 the
1324 2591 48 21 best
1381 2593 46 18 sort
1435 2589 26 21 of
1472 2589 155 25 colonization,
1643 2589 17 20 it
1675 2587 102 28 explains
1792 2591 22 18 to
1824 2587 37 22 the

1278 2617 116 26 labouring
1403 2617 55 21 class
1468 2615 26 22 of
1499 2615 147 26 immigrants,
1656 2615 50 21 that
1715 2622 66 19 every
1790 2622 42 14 one
1840 2614 23 22 of

1278 2645 61 21 them
1352 2643 49 21 who
1417 2643 18 21 is
1450 2641 135 23 industrious
1602 2641 45 21 and
1663 2641 84 27 thrifty,
1766 2648 52 19 may
1834 2641 27 21 be

1278 2679 48 14 sure
1338 2675 21 17 to
1369 2671 90 21 become
1472 2672 40 18 not
1526 2667 84 28 merely
1626 2675 28 14 an
1670 2675 75 14 owner
1760 2667 26 21 of
1801 2667 60 26 land,

1278 2699 39 20 but
1334 2697 45 21 also
1395 2697 23 21 in
1429 2696 4 4 '
1439 2695 33 22 his
1491 2699 58 22 turn,
1571 2702 28 14 an
1621 2694 114 27 employer
1753 2694 27 21 of
1800 2694 63 22 hired

1278 2725 119 24 labourers,
1409 2730 20 14 a.
1430 2725 82 19 master
1522 2721 25 21 of
1557 2726 108 16 servants.

1306 2751 65 21 From
1381 2749 61 22 these
1452 2748 181 26 considerations,
1649 2747 38 21 the
1698 2748 115 27 Company
1824 2748 39 21 has

1278 2777 96 28 adopted
1393 2775 36 22 the
1447 2782 59 15 same
1523 2779 83 23 system
1623 2774 26 22 of
1664 2774 116 27 disposing
1793 2775 27 21 of
1835 2775 29 21 its

1280 2808 65 18 waste
1357 2803 71 26 lands,
1444 2809 23 14 as
1482 2801 40 22 has
1536 2801 92 28 already
1642 2801 85 27 proved
1740 2801 78 27 highly
1831 2801 33 21 fa-

1279 2830 104 22 vourable
1398 2832 22 18 to
1433 2826 39 24 tKe
1485 2827 185 28 productiveness'
1682 2827 26 22 of
1722 2828 104 27 industry
1839 2828 24 22 in

1279 2857 69 22 South
1359 2855 120 23 Australia.
1508 2855 26 21 In
1545 2862 14 14 a
1569 2862 50 14 new
1630 2854 89 32 colony,
1732 2855 94 31 planted
1839 2855 24 21 in

1279 2892 12 13 d
1301 2883 72 22 fertile
1383 2882 45 22 and
1442 2881 114 23 extensive
1571 2881 111 27 territory,
1698 2885 20 17 it
1731 2888 18 15 is
1764 2881 99 28 obvious,

1280 2911 47 21 that
1346 2909 37 22 the
1399 2908 167 22 establishment
1581 2908 26 21 of
1623 2908 54 21 such
1693 2915 14 14 a
1721 2913 83 22 system
1819 2909 18 21 is
1853 2916 12 14 a

1280 2940 79 18 matter
1376 2936 26 21 of
1418 2935 38 21 the
1472 2935 90 27 deepest
1581 2938 100 18 moment
1698 2938 22 18 to
1738 2935 37 21 the
1792 2935 73 21 future

1281 2964 86 21 welfare
1379 2963 26 21 of
1418 2962 89 27 society.
1640 2961 18 21 it
1673 2961 38 21 the
1726 2961 50 22 best
1791 2962 75 21 effects

1280 2998 50 19 may
1341 2989 51 21 with
1403 2988 129 22 confidence
1541 2988 27 22 be
1579 2988 136 27 anticipated
1722 2995 5 14 :
1743 2996 12 13 a
1763 2992 104 18 constant

1284 3016 40 23 md
1333 3016 88 27 regular
1430 3015 78 27 supply
1519 3014 26 22 of
1555 3022 50 14 new
1614 3014 55 22 land
1679 3015 24 21 in
1717 3014 43 22 due
1774 3022 93 20 propor-

1279 3045 46 22 tion
1335 3046 23 18 to
1367 3042 38 22 the
1425 3046 68 17 wants
1502 3041 26 21 of
1537 3048 14 14 a
1559 3041 130 28 population
1703 3041 125 28 increasing
1837 3042 30 27 by

1279 3071 70 21 births
1359 3069 45 21 and
1417 3069 149 26 immigration
1569 3076 10 19 ,•
1596 3068 31 21 all
1642 3067 37 22 the
1694 3068 137 27 advantages
1844 3073 23 17 to

1280 3096 72 23 which
1360 3095 102 23 facilities
1471 3095 25 21 of
1506 3099 113 24 transport
1626 3095 45 21 and
1678 3095 189 21 communication

1280 3132 37 14 ,ire
1327 3121 103 23 essential
1438 3130 5 19 ;
1459 3122 108 27 certainty
1582 3121 26 22 of
1617 3121 77 28 limits,
1710 3121 46 23 and
1771 3128 95 21 security

1280 3151 25 21 of
1317 3149 48 23 title
1375 3153 23 17 to
1407 3151 103 25 property
1519 3148 23 22 in
1558 3148 64 25 land;
1639 3148 37 22 the
1686 3152 99 23 greatest
1797 3149 70 21 facili-

1281 3178 39 21 ties
1331 3184 28 13 on
1369 3175 116 28 acquiring
1494 3175 36 21 the
1541 3175 44 21 due
1594 3175 103 27 quantity
1705 3183 4 18 ;
1725 3175 37 21 the
1772 3179 96 23 greatest

1280 3207 188 22 encouragement
1480 3205 23 17 to
1511 3202 150 26 immigration
1673 3202 46 21 and
1728 3202 128 22 settlement
1861 3211 5 15 ;

1282 3230 43 22 and
1339 3229 37 21 the
1392 3231 57 19 most
1463 3228 61 27 rapid
1539 3235 103 20 progress
1657 3228 27 21 of
1699 3228 37 21 the
1750 3229 79 27 people
1844 3229 22 21 in

1282 3255 99 24 material
1391 3255 95 21 comfort
1494 3255 44 21 and
1548 3255 68 21 social

1282 3299 143 50 PUBLIC.
1435 3298 120 22 NOTICE.
1571 3298 61 22 -The
1643 3299 91 21 Settlers
1741 3306 38 14 are
1784 3299 83 27 hereby

1354 3325 116 22 informed-
1483 3325 46 21 that
1549 3325 36 22 the
1606 3325 53 21 New
1684 3325 99 22 Zealand
1804 3326 62 21 Com-

1283 3353 77 28 pany's
1370 3353 56 21 flour
1437 3352 42 22 will
1489 3352 117 27 hereafter,
1619 3352 56 22 until
1686 3352 86 22 further
1781 3353 87 21 intima-

1282 3381 55 25 tion,
1358 3380 27 21 be
1404 3379 47 21 sold
1470 3382 22 18 at
1510 3386 70 14 threi
1588 3386 71 14 pence
1680 3386 40 19 per
1741 3379 83 27 pound,
1844 3379 23 21 in

1282 3406 120 28 quantities
1411 3406 24 21 of
1442 3413 13 13 a
1465 3405 77 26 barrel,
1553 3407 26 20 28
1588 3405 50 26 lbs.,
1649 3406 26 21 56
1686 3405 48 27 lbs.,
1745 3407 28 20 84
1784 3405 49 26 lbs.,
1844 3413 25 13 or

1284 3435 39 20 112
1329 3433 50 27 1b5.,
1389 3431 94 29 payable
1493 3432 21 21 in
1526 3432 53 22 cash
1588 3439 29 14 on
1628 3427 106 32 delivery.
1764 3432 104 27 Applica-

1284 3461 58 20 tions
1352 3464 22 17 to
1384 3459 27 22 be
1425 3458 62 22 made
1498 3458 52 27 only
1561 3462 23 18 at
1593 3459 37 21 the
1642 3459 134 26 Company's
1787 3460 80 25 Stores,

1284 3488 98 21 between
1392 3485 38 22 the
1439 3485 66 21 hours
1515 3486 26 21 of
1549 3487 25 19 10
1584 3485 45 21 and
1637 3487 16 19 4
1661 3485 92 21 o'clock.

1414 3518 57 22 Geo.
1488 3518 105 26 Hunter,
1607 3518 261 28 Storekeeper-General.

1312 3546 143 26 Wellington,
1468 3545 47 22 17th
1526 3545 71 27 April,
1611 3546 60 20 1841.

1392 3589 43 23 CE.
1437 3600 29 5 —
1468 3589 92 21 Persons
1566 3588 99 22 desirous
1674 3588 27 21 of
1703 3588 68 27 being
1775 3588 95 22 married

1365 3617 29 26 by
1407 3617 37 21 the
1456 3616 52 22 Rev.
1520 3616 61 21 John
1592 3615 136 24 M'Farlane,
1740 3615 47 21 first
1795 3615 70 21 minis-

1285 3649 33 17 ter
1328 3644 26 21 of
1365 3644 37 21 the
1410 3643 79 22 Scotch
1499 3642 87 22 Church
1597 3643 24 20 in
1637 3641 56 22 New
1710 3641 106 27 Zealand,
1834 3649 36 14 are

1285 3670 117 29 requested
1412 3674 22 17 to
1444 3669 91 27 register
1545 3669 59 21 their
1617 3676 78 14 names
1711 3668 53 21 with
1778 3668 37 21 the
1830 3676 41 14 un-

1285 3697 118 27 dersigned
1412 3701 22 17 at
1444 3696 64 22 latest
1518 3695 37 22 the
1564 3695 109 27 Saturday
1685 3694 103 27 previous
1803 3699 22 17 to
1835 3695 36 21 the

1285 3731 127 20 ceremony,
1425 3723 21 21 in
1458 3722 62 22 order
1528 3726 22 17 to
1559 3721 161 28 proclamation
1729 3721 24 21 of
1762 3721 71 21 banns
1843 3728 27 14 on

1285 3751 105 21 Sabbath.
1422 3751 90 20 Persons
1521 3749 46 21 also
1576 3748 99 22 desirous
1686 3748 26 21 of
1723 3748 84 27 having
1816 3748 57 21 their

1285 3777 100 22 children
1405 3776 106 28 baptised,
1530 3779 59 18 must
1607 3775 103 27 previous
1728 3774 85 22 thereto
1822 3775 50 26 give

1286 3805 38 21 the
1335 3804 101 27 requisite
1447 3802 141 23 information
1600 3802 23 21 in
1634 3801 66 22 order
1710 3805 22 17 to
1746 3801 93 28 registry
1851 3807 21 15 to

1556 3836 94 22 Robert
1664 3835 29 22 R.
1708 3836 98 26 Strang,

1349 3870 107 28 Solicitor,
1473 3869 112 28 Registrar
1593 3869 35 21 for
1639 3869 37 21 the
1687 3869 81 22 Scotch
1778 3869 94 22 Church.

1287 3904 230 26 Woolcombe-BtreeV
1526 3902 52 25 19th
1586 3902 70 28 June,
1666 3904 63 21 1841.
1735 3927 3 3 .

2044 113 66 21 Just
2123 110 149 25 Received,-
2475 102 16 29 \

1870 147 66 48 AT
1948 146 65 23 THE
2025 145 111 22 OFFICE
2150 143 40 23 OF
2209 143 73 22 THIS
2296 142 107 28 PAPER,
2418 151 29 15 an
2484 132 27 33 V

1952 172 112 22 extensive
2081 171 100 21 addition
2190 169 33 24 .of
2238 169 89 22 various
2344 169 65 22 kinds
2425 169 27 23 of
2495 167 16 22 >-

1870 200 129 26 Stationery,
2011 198 120 26 consisting
2141 197 34 21 of:
2176 207 28 5 —

1893 226 99 26 Ledgers
2001 224 44 22 and
2052 226 96 19 account
2155 222 77 26 books,
2242 221 89 22 various
2340 228 62 19 sizes,

1894 252 85 22 Pocket
1987 250 85 27 ledgers
2082 249 45 23 and
2137 247 171 24 memorandum
2320 247 76 26 books,

1894 278 108 26 Foolscap
2013 276 43 22 and
2065 276 90 26 writing
2162 282 75 21 paper,
2248 273 88 22 various
2341 273 108 27 qualities,

1894 303 120 28 Engraved
2022 310 57 19 copy
2088 302 53 27 slips
2151 302 46 21 and
2206 300 77 26 books,

1894 331 55 21 Best
1957 329 79 22 Welch
2045 329 74 26 slates,
2129 327 62 28 large
2202 327 46 23 and
2256 325 73 28 small,

1895 355 63 23 Lead
1967 356 46 21 and
2021 355 55 22 slate
2086 352 92 29 pencils,

1895 383 88 26 Rulers,
1994 381 71 22 round
2075 381 44 21 and
2128 381 50 25 flat,

1896 410 96 27 Sponge,
2004 408 77 21 wafers
2090 407 23 21 in
2122 408 14 20 2
2147 414 35 14 oz.
2195 406 76 25 boxes,
2288 404 67 22 India
2366 404 88 27 rubber,

1870 436 82 22 Albata
1961 433 150 29 pen-holders,
2123 440 55 19 very
2187 432 100 27 superior
2297 430 86 27 sealing
2398 437 56 20 wax,

1870 462 97 27 blotting
1976 468 75 20 paper,
2060 461 40 21 &c.
2112 459 40 23 &c.

2011 493 136 18 WHOLESALE
2162 493 45 13 AND
2223 491 90 15 RETAIL.

1926 525 45 21 EW
1987 523 150 23 ZEALAND
2148 521 153 26 JOURNAL,
2310 519 116 29 published
2432 520 25 21 in

1938 551 94 22 London
2043 547 177 28 semi-monthlyj
2232 552 23 17 at
2265 548 44 21 13s.
2318 553 40 21 per
2364 552 92 15 annum.

1871 579 104 26 Agent—
1977 578 36 21 the
2027 578 53 20 New
2096 576 94 21 Zealand
2207 576 86 19 Gazette
2303 576 2 6 '
2313 573 70 26 office,
2404 573 54 20 Port

1872 605 130 21 Nicholson.
2216 610 24 25 _^

1872 655 218 24 WHOLESALE
2120 653 124 24 PRICES
2279 647 177 28 CURRENT.

1944 693 130 15 CORRECTED
2090 693 28 14 UP
2133 693 29 14 TO
2176 691 84 16 FRIDAY
2275 689 110 16 EVENING.

2186 708 2 5 '
2211 710 16 17 £
2249 715 15 11 8.
2289 709 18 16 d.
2362 707 16 17 £
2401 711 15 12 ••
2441 707 19 15 <J.

1873 733 70 22 Ale:.
1954 732 27 21 In
1990 731 76 28 bottle,
2080 732 115 27 perdoz..
2213 733 15 19 0
2242 732 26 20 13
2296 731 14 20 0
2328 740 18 9 .*
2364 730 14 20 0
2406 729 14 19 0
2446 729 14 19 0

1954 759 100 27 Taylor's
2213 759 13 19 5
2242 759 25 19 10
2296 758 14 19 0
2328 769 17 7 ..
2364 757 14 19 0
2406 755 14 20 0
2447 755 14 20 0

1874 785 113 21 Arrack:
2003 785 41 21 Per
2053 785 75 26 gallon
2153 785 77 19 ....'0
2257 784 13 19 3
2297 783 82 20 3..0
2406 782 14 20 0
2446 785 15 19 0

1873 812 80 21 Bread
1962 819 4 13 :
1984 811 41 21 Per
2034 811 43 22 21b.
2090 811 50 21 loaf
2154 812 78 19 ....0
2258 811 13 19 0
2299 809 81 20 8..0
2406 808 14 20 0
2448 808 13 20 0

1875 838 73 22 Beef:
1964 837 76 26 Fresh,
2060 844 89 15 carcase
2165 844 40 20 per

1992 864 22 22 lb
2213 865 14 19 0
2254 863 11 20 1
2294 863 15 19 0
2326 874 19 6 ..
2363 862 14 20 0
2406 860 10 20 1
2445 860 14 20 2

1983 890 52 24 Salt,
2046 898 40 20 per
2100 890 67 22 tierce
2181 905 6 5 .
2194 904 5 5 .
2218 889 13 21 7
2259 890 12 19 0
2299 889 14 19 0
2331 902 5 5 .
2343 901 5 6 .
2367 888 14 20 0
2408 887 13 20 0
2449 887 14 20 0

1983 917 42 21 Do.
2036 924 39 20 per
2089 916 73 22 barrel
2180 931 5 5 .
2192 931 5 5 .
2216 917 12 19 5
2258 917 12 19 0
2298 916 14 19 0
2330 928 5 5 .
2342 928 5 6 .
2366 915 14 19 0
2407 914 13 19 0
2449 914 13 19 0

1876 945 105 21 Butter:
1999 944 61 26 Irish,
2071 943 78 28 perlb.
2181 944 51 20 ..0
2260 943 9 19 1
2300 941 13 21 9
2331 954 17 6 ..
2367 941 14 20 0
2408 939 13 21 2
2449 940 15 19 0

1997 971 66 21 Fresh
2218 971 14 19 0
2259 969 14 20 4
2300 969 14 19 6
2332 981 18 6 ..
2368 968 14 19 0
2409 967 14 20 0
2450 966 14 20 0

1876 998 96 21 Brandy
1980 1005 5 13 :
2001 997 57 21 First
2064 996 93 28 quality,
2166 1003 39 20 per

2023 1023 75 27 gallon
2216 1024 14 19 0
2258 1022 13 20 6
2299 1021 82 21 0..0
2408 1020 13 19 9
2449 1020 14 19 0

1876 1051 85 21 Brown
1981 1051 86 21 Stout:
2091 1056 40 21 per
2146 1049 53 21 hhd.
2214 1049 14 20 5
2244 1049 25 20 10
2297 1049 15 19 0
2329 1060 18 7 ..
2368 1047 14 20 0
2409 1047 14 19 0
2450 1047 15 19 0

1876 1077 100 22 Cigars:
1988 1077 100 26 Manilla,
2098 1083 38 21 per
2143 1077 60 26 1000,
2217 1076 14 20 3
2246 1076 26 20 10
2299 1075 14 19 0
2331 1087 17 6 ..
2366 1072 14 21 5
2408 1073 13 19 0
2449 1074 14 18 0

1986 1103 94 21 Inferior
2098 1093 12 30 f
2217 1102 14 21 2
2258 1103 13 19 0
2299 1101 13 20 0
2331 1113 17 6 ..
2367 1100 14 19 0
2408 1100 13 19 0
2449 1100 14 19 0

1987 1129 133 27 liavannah,
2126 1129 76 27 perlb.
2218 1130 13 19 0
2248 1128 23 20 12
2299 1128 14 20 0
2331 1140 17 5 ••
2367 1127 14 19 0
2408 1126 13 19 0
2449 1126 14 19 0

1985 1156 124 22 Chinsurah
2221 1156 8 20 1
2247 1155 24 20 15
2300 1155 14 19 0
2332 1166 17 6 ..
2368 1154 13 19 0
2408 1152 13 20 0
2449 1153 14 19 0

1985 1182 153 22 Alexandrian
2152 1181 119 21 ....110
2298 1180 82 21 0..0
2408 1179 13 20 0
2449 1180 14 19 0

1878 1210 88 21 CoFrEE
1973 1216 5 14 :
1990 1209 63 26 Java,
2063 1216 41 19 per
2112 1208 22 22 lb
2220 1209 14 19 0
2262 1208 9 19 1
2301 1208 14 19 0
2333 1220 5 5 .
2344 1220 6 5 .
2368 1206 15 19 0
2411 1205 9 20 1
2450 1206 14 19 3

1877 1237 103 21 Cheese:
1996 1235 105 22 Cheshire
2218 1235 15 20 0
2261 1234 9 20 1
2300 1234 13 19 8
2332 1246 17 6 ..
2368 1233 14 20 0
2409 1232 14 19 0
2450 1233 15 19 0

1996 1262 53 21 Pine
2060 1261 73 28 Apple
2155 1275 46 6 ....
2219 1262 14 20 0
2260 1261 14 20 0
2300 1261 15 20 0
2333 1272 17 7 ..
2368 1260 15 19 0
2411 1258 9 20 1
2450 1259 14 19 6

1995 1288 74 22 Dutch
2220 1289 14 19 0
2261 1288 12 20 0
2301 1288 14 19 0
2333 1299 17 6 ..
2368 1286 15 20 0
2411 1284 10 21 1
2451 1286 14 19 0

1879 1316 105 22 Candles
1992 1322 5 14 :
2004 1314 92 28 English
2105 1321 56 20 wax,
2168 1321 39 20 per

2022 1331 30 32 l£
2220 1342 13 19 0
2261 1341 13 19 0
2301 1340 14 19 0
2333 1352 17 6 ..
2369 1340 14 19 0
2410 1338 14 20 0
2451 1339 12 19 0

2009 1368 79 21 Mould
2219 1369 14 19 0
2261 1367 9 20 1
2301 1367 14 19 0
2333 1379 17 6 ..
2369 1366 14 19 0
2412 1365 8 19 1
2451 1365 14 20 2

2011 1395 54 27 Dips
2219 1395 14 20 0
2260 1395 13 19 0
2289 1394 26 20 10
2333 1406 17 6 ..
2368 1393 15 19 0
2410 1392 13 19 0
2451 1393 14 18 0

1882 1422 92 21 Flour:
1983 1422 131 26 Istquality,
2124 1425 82 23 perton

2003 1448 25 21 of
2037 1449 55 21 2000
2102 1448 33 21 lbs
2206 1449 28 20 30
2261 1448 13 19 0
2301 1447 14 20 0
2333 1445 50 21 ..33
2411 1445 13 20 0
2452 1446 13 19 0

1979 1475 44 21 2nd
2034 1474 55 22 ditto
2207 1475 28 20 24
2261 1475 13 19 0
2302 1474 13 19 0
2334 1472 50 20 ..26
2411 1472 13 19 0
2452 1472 14 19 0

1880 1502 61 22 Gin:
1962 1502 52 21 Pale
2221 1502 14 19 0
2261 1500 12 20 5
2302 1500 14 19 0
2334 1512 17 6 ..
2369 1500 14 19 0
2411 1498 12 19 6
2452 1500 13 18 0

1961 1529 61 25 Case,
2037 1529 14 20 4
2064 1528 88 26 gallons
2161 1529 44 20 4-5.
2223 1528 9 19 1
2263 1528 12 19 8
2303 1527 14 19 0
2334 1538 18 7 ..
2373 1526 10 19 1
2400 1524 25 20 12
2453 1526 14 19 0

1882 1555 80 21 Hams:
1978 1554 128 26 Yorkshire,
2121 1554 85 27 perlb.
2221 1555 14 19 0
2263 1554 12 19 0
2303 1554 14 19 0
2334 1566 18 5 ..
2371 1554 14 18 0
2414 1551 9 20 1
2453 1552 14 19 2

1881 1582 126 21 Mustard:
2024 1582 41 20 Per
2074 1581 71 21 dozen
2159 1581 74 20 ....1
2263 1580 12 20 2
2304 1580 81 19 0..0
2413 1578 12 19 0
2454 1579 14 19 0

1881 1608 114 22 Mutton:
2015 1608 93 21 Carcase
2119 1614 40 20 per
2168 1607 22 21 lb
2201 1623 5 5 .
2222 1608 13 19 0
2263 1608 12 19 0
2304 1606 13 20 9
2335 1619 17 6 ..
2371 1606 14 19 0
2413 1605 12 19 0
2441 1605 22 20 11

1881 1635 122 21 Muskets:
2021 1634 90 21 Walnut
2117 1633 92 22 stocked
2223 1635 13 19 0
2263 1634 13 19 0
2303 1633 14 19 0
2334 1632 51 24 ...0
2401 1631 24 20 15
2453 1632 14 19 0

1882 1662 77 20 Milk.
1977 1661 40 21 Per
2026 1661 46 27 pint
2222 1662 14 18 0
2263 1661 13 18 0
2303 1659 13 20 5
2335 1672 18 6 ..
2371 1660 14 18 0
2413 1658 12 19 0
2453 1658 14 19 0

1882 1689 56 20 Oil:
1957 1688 99 26 Liu>eed,
2067 1694 40 20 per
2115 1687 75 27 gallon
2202 1702 5 6 .
2222 1688 13 19 0
2263 1686 12 19 5
2304 1686 13 19 0
2336 1698 18 7 ..
2372 1686 13 19 0
2413 1684 12 20 7
2455 1686 13 18 0

1959 1714 73 26 Black,
2037 1714 22 21 in
2065 1713 172 27 cask.pertonlG
2265 1714 13 19 0
2306 1713 13 19 0
2336 1725 18 6 ..
2373 1712 13 19 0
2413 1712 14 19 0
2454 1712 14 19 0

1885 1741 61 21 Pork
1954 1748 5 13 :
1976 1740 73 26 Fresh,
2067 1747 89 14 carcase
2172 1747 39 20 per

2000 1767 21 20 lb
2222 1768 14 19 0
2263 1766 13 20 0
2303 1766 14 19 5
2336 1778 18 6 ..
2372 1766 13 18 0
2413 1765 13 19 0
2454 1764 13 19 6

1886 1794 73 21 Pork:
1978 1793 62 26 Irish,
2052 1801 39 19 per
2101 1793 72 21 barrel
2186 1796 25 17 ..'
2222 1794 13 19 5
2263 1794 14 19 0
2305 1791 80 21 0..5
2402 1791 24 20 10
2455 1792 13 19 0

1886 1821 115 21 Potatoes
2009 1836 4 5 .
2034 1820 55 21 New
2105 1820 105 26 Zealand,

2058 1854 40 20 per
2107 1851 37 16 ton
2223 1848 14 19 6
2264 1848 13 18 0
2306 1846 13 19 0
2336 1858 5 7 .
2348 1858 7 6 .
2373 1845 13 20 8
2414 1845 13 19 0
2455 1844 13 20 0

1886 1874 92 21 Porter
1987 1881 5 14 :
2021 1874 101 26 Dunbar,
2134 1874 23 21 in
2166 1873 45 21 hot.

2050 1907 39 20 per
2100 1900 41 21 doz
2224 1901 13 19 0
2253 1900 25 19 13
2307 1899 80 20 0..0
2415 1898 13 19 0
2456 1898 14 19 0

1887 1927 95 21 Pickles.
1994 1934 5 13 :
2030 1926 114 26 Assorted!
2176 1933 38 20 per

1994 1964 3 4 •
2054 1953 58 25 doz.,
2137 1957 75 21 quarts
2228 1954 8 19 1
2266 1953 13 20 2
2308 1952 13 20 0
2339 1964 18 7 ..
2376 1952 12 19 0
2416 1951 14 20 0
2457 1951 14 19 0

1887 1980 70 21 Pitch
1970 1987 6 13 :
2009 1980 136 25 Stockholm,
2176 1987 38 18 per

2034 2006 69 20 barrel
2228 2007 13 18 0
2268 2006 14 19 0
2309 2006 13 19 0
2340 2017 19 6 ..
2378 2004 9 19 1
2406 2003 23 20 15
2458 2004 14 18 0

1887 2032 79 21 Plank
1975 2039 5 14 :
2009 2031 51 22 Port
2084 2031 130 27 Nicholson,

2034 2065 38 20 iwr
2084 2060 38 19 100
2132 2060 46 19 feet
2191 2073 17 5 ..
2228 2059 53 20 019
2309 2058 13 19 0
2340 2070 19 6 ..
2378 2058 7 19 1
2420 2057 7 19 1
2458 2058 14 18 0

1886 2085 71 22 Rice:
1968 2085 107 21 Common
2086 2092 40 19 per
2131 2088 50 19 cwt.
2192 2100 18 5 ..
2229 2088 13 17 0
2259 2086 24 19 14
2310 2085 14 20 0
2341 2097 19 6 ..
2380 2084 7 20 1
2418 2085 13 18 0
2459 2084 14 19 0

1968 2111 64 22 Good
2230 2113 7 19 1
2267 2112 14 19 2
2310 2112 12 19 0
2340 2124 19 6 ..
2380 2111 7 19 1
2416 2109 12 20 5
2458 2111 14 18 0

1888 2138 52 21 Rum
1949 2146 5 13 :
1973 2138 22 21 P.
2006 2138 25 21 B.
2042 2138 33 26 P.,
2091 2145 38 21 per
2138 2138 76 27 gallon
2229 2140 13 18 0
2268 2139 32 19 5.
2310 2138 14 20 6
2341 2151 5 6 .
2354 2150 6 6 .
2378 2138 13 19 0
2418 2137 13 19 9
2458 2138 15 19 0

1887 2166 87 21 Sugak:
1992 2165 116 22 Mauritius
2119 2173 40 19 per
2166 2168 48 19 cwt.
2228 2167 14 18 0
2268 2166 15 19 0
2310 2166 14 19 0
2341 2177 19 7 ..
2378 2164 13 20 0
2418 2164 13 19 0
2459 2164 14 19 0

1998 2192 145 21 8r0wn....:
2228 2192 13 21 2
2268 2193 15 19 0
2310 2192 13 19 0
2341 2204 18 6 ..
2377 2192 13 19 0
2418 2190 14 20 0
2459 2191 14 19 0

1999 2218 92 22 Refined
2107 2218 53 26 loaf,
2178 2226 38 18 per

2022 2245 22 21 U>
2230 2247 12 19 0
2270 2246 14 19 0
2312 2244 12 21 7
2342 2258 19 6 ..
2379 2245 13 19 0
2419 2244 13 19 0
2460 2243 15 20 0

1999 2272 91 21 Manilla
2228 2274 13 19 0
2268 2272 15 19 0
2310 2271 81 20 0..2
2418 2270 13 20 5
2460 2271 14 19 0

1888 2300 55 19 Sn.-i
1956 2307 4 12 :
2113 2306 39 20 per
2162 2304 37 16 ton
2209 2315 5 4 .
2230 2300 12 19 2
2258 2299 26 20 10
2311 2300 13 18 0
2342 2311 19 6 ..
2378 2298 14 19 4
2419 2298 13 19 0
2460 2299 14 17 O

1889 2328 84 19 SO'Xi*:'
1993 2326 96 21 Hawes's
2115 2326 101 25 London,

2015 2357 83 21 perton
2214 2353 28 20 36
2268 2354 26 17 0.
2310 2353 14 18 0
2341 2351 50 20 ..42
2418 2352 14 18 0
2460 2352 13 17 0

1889 2380 104 20 Starch:
2012 2379 70 21 Perlb
2232 2382 12 17 0
2273 2382 12 16 (J
2313 2380 13 18 9
2343 2391 19 6 ..
2381 2381 13 17 0
2422 2377 10 20 1
2461 2377 15 20 0

1889 2406 142 21 Scantlino:
2049 2406 41 21 Per
2099 2407 38 20 100
2147 2406 66 21 feet..
2232 2407 13 19 0
2263 2406 23 20 17
2314 2406 14 19 0
2345 2418 17 5 ..
2381 2405 14 19 0
2411 2404 23 20 18
2462 2405 13 19 0

1889 2433 127 20 Shingles:
2035 2432 40 21 Per
2083 2434 60 24 1000,
2154 2433 27 20 N.
2192 2432 24 21 Z.
2235 2433 6 20 1
2273 2432 13 21 7
2314 2433 13 19 0
2344 2444 18 6 ..
2382 2432 13 19 0
2421 2432 14 18 0
2462 2431 14 18 0

2020 2460 69 25 Ditto,
2112 2459 27 21 V.
2150 2460 30 21 D.
2192 2459 24 21 L.
2232 2460 12 19 2
2272 2460 12 18 5
2307 2459 21 20 -0
2345 2472 5 5 .
2358 2471 5 5 .
2381 2459 14 19 0
2421 2458 14 20 0
2462 2459 13 17 0

1889 2486 63 21 Tau.
1967 2486 53 21 Coal
2141 2491 7 14 :
2234 2486 7 20 1
2263 2486 22 19 15
2314 2486 14 19 0
2345 2498 19 6 ..
2383 2486 13 18 0
2423 2486 14 18 0
2464 2485 13 18 0

1971 2512 128 22 Stockholm
2235 2514 9 19 1
2263 2513 24 19 15
2315 2513 14 19 0
2346 2525 18 6 ..
2383 2513 13 18 0
2423 2512 14 19 0
2463 2511 15 19 0

1889 2539 63 22 Tea:
1971 2540 85 26 Hyson,
2068 2546 39 20 per
2117 2539 63 22 chest
2197 2540 50 20 ..0
2274 2541 14 18 0
2315 2539 14 20 0
2346 2538 49 20 ..15
2414 2538 22 20 15
2465 2537 12 19 0

1889 2566 105 21 Tobacco
2002 2574 5 13 :
2023 2566 143 26 Negrohead,
2184 2573 38 19 per

2049 2592 21 21 lb
2235 2594 13 18 0
2277 2594 7 18 1
2315 2592 14 20 0
2346 2605 6 5 .
2360 2605 4 5 .
2384 2592 13 20 0
2426 2592 7 19 1
2465 2591 14 20 6

1889 2619 163 21 Turpentine:
2070 2620 42 20 Per
2116 2619 98 26 gallon..
2234 2621 14 18 0
2275 2621 13 18 8
2317 2620 14 18 0
2347 2631 19 6 ..
2385 2619 14 19 0
2425 2619 13 19 0
2465 2618 14 20 0

1893 2646 158 21 Whalebone:
2069 2646 41 21 Per
2121 2652 38 15 ton
2220 2647 28 19 90
2274 2647 14 19 0
2315 2646 14 19 0
2347 2658 18 6 ..
2384 2646 13 18 0
2424 2646 14 18 0
2465 2645 13 19 0

1893 2672 80 21 Wine:
1989 2672 87 27 Sherry,
2089 2679 37 20 per
2136 2679 51 20 pipe
2197 2674 50 19 ..28
2274 2673 14 20 0
2316 2672 82 20 0..40
2425 2672 13 20 0
2465 2672 14 18 0

2000 2696 70 30 Dittoi
2086 2706 39 20 per
2140 2699 78 21 dozen.
2236 2700 7 19 1
2274 2700 14 19 4
2316 2700 14 19 0
2347 2712 18 6 ..
2384 2699 13 19 2
2425 2699 13 19 0
2465 2699 13 19 0

1893 2753 120 21 Poultry:
2029 2752 79 27 Fowls,
2115 2759 40 20 per
2162 2752 48 27 pair
2216 2768 5 5 .
2237 2754 13 19 0
2277 2752 14 21 8
2319 2750 14 22 0
2349 2765 18 5 -.
2386 2752 14 20 0
2415 2752 25 19 16
2467 2751 13 20 0

1998 2790 4 3 •
2027 2779 85 27 Ducks,
2123 2779 57 21 ditto
2199 2780 47 19 ..1
2277 2780 14 19 0
2318 2780 15 19 0
2349 2792 18 5 ..
2387 2779 9 19 1
2416 2779 25 19 10
2467 2778 13 19 0

2029 2806 79 26 Geese,
2121 2806 55 21 ditto
2199 2820 5 6 .
2213 2820 5 6 .
2236 2806 13 20 2
2277 2806 14 20 0
2317 2806 15 20 0
2348 2819 6 5 .
2362 2819 5 5 .
2386 2806 13 19 0
2425 2806 14 19 0
2466 2805 13 19 0

2028 2832 102 28 Turkeys
2147 2833 104 20 ......2
2277 2834 14 19 0
2319 2832 81 20 0..0
2427 2832 14 20 0
2467 2832 13 19 0

2030 2860 103 26 Piprcons,
2143 2859 78 27 (wild,)

2056 2894 39 20 per
2105 2886 49 27 pair
2175 2887 76 19 ....0
2278 2886 13 20 3
2319 2886 82 20 0..0
2427 2885 14 19 0
2467 2885 14 19 0

1977 2928 4 4 .
2031 2913 82 26 Ducks,
2122 2912 37 22 do.
2169 2913 51 21 do..
2239 2914 14 19 0
2279 2912 13 20 5
2320 2913 49 19 0..
2387 2913 14 19 0
2427 2912 15 20 0
2468 2911 13 19 0

1898 2940 71 22 lioos:
1987 2940 41 21 Per
2037 2940 72 21 dozen
2239 2940 14 20 0
2279 2940 14 19 6
2320 2940 14 19 0
2350 2952 19 6 ..
2388 2940 13 18 0
2427 2939 15 19 0
2468 2938 13 20 0

1895 2994 76 21 Cows:
1989 2993 68 22 Milch
2225 2994 28 19 20
2279 2994 14 19 0
2320 2993 14 19 0
2350 2992 51 20 ..30
2427 2992 14 20 0
2467 2991 13 19 0

1897 3020 94 22 Mares:
2007 3019 73 22 Brood
2223 3020 28 21 50
2278 3021 13 19 0
2319 3019 82 20 0..90
2427 3019 14 19 0
2467 3018 14 19 0

1898 3047 113 21 Working
2028 3046 119 21 Bullocks
2155 3053 5 14 :
2185 3046 41 21 Per

1922 3074 48 26 pair
2148 3087 6 13 :
2225 3074 28 20 40
2279 3074 14 19 0
2320 3073 15 20 0
2351 3073 51 19 ..60
2428 3073 14 19 0
2468 3071 13 19 0

1898 3100 62 22 Hire
1970 3107 27 14 of
2009 3107 65 14 ditto
2082 3107 5 13 :
2103 3100 43 21 Per
2154 3099 50 27 day,
2213 3106 22 15 a.

1924 3133 58 15 team
1993 3126 44 21 and
2044 3126 73 21 driver
2241 3126 9 21 1
2280 3126 14 20 0
2321 3126 14 20 0
2352 3139 18 6 ..
2388 3126 14 20 2
2428 3125 14 20 0
2468 3125 14 19 0

1896 3154 88 21 Sheep:
2000 3153 59 22 Each
2240 3154 8 19 1
2279 3153 13 20 6
2320 3153 14 20 0
2350 3165 19 7 ..
2389 3153 9 19 1
2416 3152 25 20 15
2468 3151 13 19 0

1897 3181 62 22 Boat
1971 3180 71 22 Hire:
2058 3180 43 21 Per
2107 3180 50 26 day,
2163 3179 63 22 with-

2086 3210 40 18 out
2135 3205 72 22 hands
2217 3222 6 5 .
2238 3207 55 20 010
2320 3207 14 19 0
2351 3219 6 6 .
2364 3219 5 6 .
2390 3206 9 19 1
2428 3206 14 19 0
2467 3205 13 18 0

1899 3260 96 23 Wages:
2023 3259 139 28 Mechanics,
2190 3267 38 20 per

2050 3287 61 21 week
2240 3287 14 20 2
2268 3287 27 20 14
2322 3287 80 20 0..3
2429 3285 13 20 6
2468 3285 13 19 0

2034 3313 125 22 Labourers
2176 3327 45 7 ....
2241 3314 8 20 1
2268 3314 26 20 10
2321 3314 15 19 0
2352 3326 19 6 ..
2392 3313 8 19 1
2418 3312 24 20 16
2468 3311 13 19 0

1917 3372 39 15 The
1968 3372 47 15 New
2025 3372 99 15 Zealand
2135 3372 92 15 Gazette
2239 3370 42 19 will,
2291 3370 28 17 for
2331 3370 31 16 the
2373 3370 77 20 present,

1897 3393 94 19 published
1999 3392 72 20 weekly,
2079 3396 54 15 every
2140 3391 87 21 Saturday
2236 3391 89 20 morning.
2347 3391 22 16 So
2374 3394 42 13 soon
2423 3394 20 11 as
2449 3387 19 17 itt

1896 3413 109 20 sufficiently
2012 3412 101 21 supported,
2124 3412 15 16 it
2146 3412 37 16 will
2194 3413 21 15 be
2222 3412 61 16 issued
2290 3411 127 20 semi-weekly.
2438 3409 43 17 Sub-

1895 3434 61 20 joined
1963 3438 31 11 are
2002 3433 29 16 the
2038 3435 56 14 terms
2100 3438 4 10 :
2105 3440 22 4 —

1919 3454 62 16 Trice
1988 3458 25 12 of
2018 3457 40 12 the
2067 3454 74 15 Pai'er.
2141 3461 23 4 —
2164 3453 54 20 Forty
2224 3452 84 21 shillings
2315 3457 31 16 per
2356 3455 73 15 annum,
2441 3454 41 17 pay-

1897 3475 40 16 able
1943 3474 19 16 in
1969 3476 79 15 advance
2053 3480 4 13 ;
2069 3479 20 11 or
2096 3478 34 12 one
2138 3474 75 20 shilling
2220 3474 27 16 for
2253 3474 58 20 single
2319 3474 90 16 numbers.

1919 3497 187 15 Advertisements.
2107 3503 20 3 —
2128 3495 33 16 Six
2171 3494 46 17 line*
2228 3495 37 16 and
2275 3494 63 19 under,
2350 3495 25 14 3s.
2383 3494 28 15 6d.
2418 3492 26 16 for
2451 3491 29 16 the

1898 3516 38 16 first
1948 3516 92 19 insertion,
2052 3516 35 16 and
2100 3520 34 12 one
2145 3515 75 21 shilling
2227 3516 27 16 for
2260 3516 45 15 each
2312 3516 108 18 subsequent
2425 3513 56 15 inser-

1898 3537 38 16 tion
1941 3541 4 14 ;
1958 3537 46 16 from
2011 3537 27 16 six
2047 3539 18 14 to
2072 3539 31 14 ten
2112 3537 52 19 lines,
2173 3536 33 17 five
2214 3536 84 20 shillings
2310 3536 27 15 for
2347 3535 31 16 the
2390 3535 42 18 first,
2444 3532 35 17 and

1898 3561 34 12 one
1943 3557 74 20 shilling
2027 3558 36 16 and
2074 3557 87 20 sixpence
2172 3557 27 16 for
2210 3557 44 16 each
2265 3558 110 18 subsequent
2386 3553 93 18 insertion;

1897 3579 56 15 above
1964 3580 31 14 ten
2006 3578 52 19 lines,
2070 3578 35 16 live
2116 3577 85 21 shillings
2213 3578 28 16 fur
2251 3577 30 16 ths
2292 3577 39 16 first
2342 3579 29 13 ten
2382 3575 52 18 lines,
2445 3573 34 16 and

1898 3599 97 20 fourpence
2002 3603 30 16 per
2039 3598 36 17 line
2084 3599 26 16 for
2118 3598 30 17 the
2157 3603 62 12 excess,
2226 3598 20 17 of
2254 3598 40 16 that
2301 3598 84 17 number;
2397 3596 35 16 and
2439 3596 41 14 two-

1898 3623 57 17 pence
1961 3624 32 16 per
1999 3619 36 17 line
2042 3620 28 15 for
2077 3619 44 17 each
2129 3620 111 19 subsequent
2246 3619 94 15 insertion.

1920 3640 154 16 Advertisements
2082 3640 36 16 will
2124 3641 34 15 not
2164 3644 65 17 appear
2239 3639 19 16 in
2268 3640 33 15 the
2312 3641 77 16 ensuing
2401 3636 78 16 number,

1899 3661 16 15 if
1924 3661 82 16 received
2013 3661 44 16 later
2063 3661 45 16 than
2119 3661 71 19 Friday,
2204 3661 18 15 10
2234 3659 73 19 o'clock,
2317 3663 42 12 a.m.
2381 3656 100 18 Advertise-

1899 3685 60 13 ments
1966 3681 37 17 will
2011 3682 20 16 be
2037 3681 99 17 continued
2143 3682 37 15 and
2187 3681 76 20 charged
2267 3680 48 16 until
2318 3677 161 18 counter-ordered;

1899 3703 46 15 such
1952 3702 51 17 order
2010 3705 48 13 must
2066 3703 21 15 be
2094 3704 42 15 sent
2143 3704 18 14 to
2169 3702 89 16 theOiTice
2265 3701 51 16 three
2322 3701 43 19 days
2373 3698 30 17 bef
2408 3702 22 12 >ie
2437 3697 44 20 pub-

1899 3723 80 18 lication,
1988 3723 33 16 and
2030 3725 49 14 must
2087 3724 21 15 be
2114 3723 21 16 in
2141 3723 79 19 writing.
2241 3721 153 17 Advertisements
2401 3718 78 16 received

1900 3743 52 21 after
1959 3745 21 16 10
1987 3743 65 17 o'clock
2059 3748 24 12 on
2094 3744 65 19 Friday
2171 3742 83 21 morning
2265 3742 36 16 will
2312 3742 22 16 be
2344 3739 76 21 charged
2430 3741 49 14 tvrice

1900 3765 31 16 the
1940 3765 51 16 usual
1999 3767 52 14 rates.

1923 3785 28 16 All
1958 3786 65 17 orders,
2035 3785 157 17 advertisements,
2204 3783 35 16 and
2251 3783 160 15 communications
2422 3781 19 14 to
2452 3781 29 12 tne

1902 3806 67 18 Editor,
1976 3810 30 12 Ata
2014 3805 94 20 requested
2115 3807 18 14 to
2141 3805 21 16 be
2170 3803 95 17 addressed
2272 3805 18 14 to
2298 3803 37 15 thi»
2341 3801 60 17 Oilice.

645 148 14 8 
681 150 32 7 ,
819 132 44 21 Esc

650 163 71 51 ON
735 165 46 22 sale
790 167 24 19 at
825 164 38 22 the
873 164 74 22 Stores
957 162 25 22 of
992 161 38 22 the
1039 158 187 28 undersigned:—

726 192 116 26 Superfine
850 197 49 14 new
910 188 95 23 colonial
1013 187 64 27 flour,

675 218 99 22 Seconds
855 216 36 22 do.
946 214 35 22 do.
1037 214 36 21 do.

676 244 74 22 Coffee
758 244 25 21 in
793 242 57 28 good
861 241 120 26 condition,

677 270 95 22 Refined
781 269 48 22 loaf
833 276 66 19 sugar
908 268 25 21 in
943 267 63 22 hhds.

676 297 70 21 Moist
752 302 65 20 sugar
826 296 23 21 in
859 295 60 27 bags.

677 324 82 26 Cigars,
770 322 69 27 prime
850 318 100 28 Manilla,
961 319 47 22 first
1017 318 91 28 quality,

677 348 97 27 Brandy,
786 349 10 20 1
807 348 53 21 hhd.
871 354 54 20 very
934 346 105 27 superior,

678 375 102 22 Jamaica
789 381 48 14 rum
892 373 35 22 do.
979 372 35 21 do.

678 402 53 21 Pale
741 407 38 20 gin
789 400 23 21 in
823 399 64 22 hhds.

677 430 41 19 150
728 434 61 15 cases
798 426 26 21 of
830 425 109 26 hollands,

676 456 41 20 300
729 453 78 22 cheese
816 453 21 20 in
848 452 58 27 good
917 451 69 26 order,

677 480 54 21 Port
740 479 44 22 and
794 479 76 26 sherry
878 478 24 21 in
913 477 63 22 wood
986 475 44 23 and
1038 475 78 26 bottle,

678 506 142 27 Champagne
830 505 23 21 in
863 506 14 20 6
886 504 72 22 dozen
967 510 68 19 cases,

678 533 90 21 Bottled
777 531 34 22 ale
821 531 45 22 and
875 534 80 23 porter,

678 559 70 21 Black
757 562 38 18 tea
804 559 22 20 in
835 559 27 20 35
871 557 30 21 lb.
912 556 117 27 packages,

666 600 5 3 -
678 585 92 28 Ginger,
786 584 85 26 raisins,
887 586 73 19 castor
978 582 36 27 oil,
1030 581 73 22 white-
1112 586 83 21 pepper
1207 586 18 15 v

652 612 60 26 bags,

679 639 131 20 Arrowroot
817 636 23 22 in
851 639 128 22 cannisters,

657 677 3 4 ■
679 664 91 27 Shingle
781 663 62 26 nails,
855 662 44 22 and
915 669 29 14 an
959 663 133 19 assortment
1105 659 27 21 of
1144 658 57 22 nails
1210 658 22 22 of

654 691 27 21 all
693 690 151 27 descriptions,

681 717 70 27 Large
762 724 57 19 rugs,
827 717 50 30 lO^
882 714 102 22 blankets
990 713 73 27 heavy
1069 713 45 21 and
1121 713 109 25 coloured,

680 743 166 26 Counterpanes
856 741 22 21 in
889 741 68 23 bales,
966 741 50 21 b^st
1024 742 86 24 regatta
1120 737 71 27 shirts,

680 770 125 25 Osnaburg,
816 770 54 19 1000
878 767 67 28 yards
954 767 35 21 for
998 766 72 26 lining
1078 765 87 26 houses,

680 796 82 26 Prints,
786 802 14 14 a
821 797 63 24 great
906 793 91 27 variety,
1023 792 45 22 and
1096 790 137 23 fashionable

654 825 106 24 patterns,

681 848 113 27 Sheeting,
806 846 98 27 shirting,
916 846 45 21 and
969 844 139 23 unbleached
1118 844 77 26 calico,

681 875 75 21 Men's
767 874 63 21 white
841 873 72 26 shirts,
924 873 70 26 socks,
1005 872 61 21 linen
1077 870 76 26 check,

682 901 73 22 Men's
766 900 92 21 woollen
870 899 71 27 shirts,

682 927 111 22 Moleskin
805 926 44 22 and
859 926 52 21 cord
922 929 106 20 trowsers,
1038 922 146 27 bed-ticking,

681 954 110 26 Flushing
801 956 98 18 trowsers
917 951 97 26 monkey
1021 950 92 28 jackets,

682 981 45 21 Pea
734 980 93 26 jackets,
838 978 93 22 woollen
942 978 100 25 drawers,

666 1006 4 3 '
682 1006 66 22 Duck
758 1005 80 25 frocks,
851 1004 134 26 comforters,
997 1004 44 21 aiid
1052 1007 105 21 trowsers,

682 1034 87 24 Chintz,
783 1031 101 22 coloured
896 1031 45 21 and
950 1030 64 22 black
1024 1030 104 25 merinos',

682 1059 47 22 Kid
739 1059 75 27 gloves
823 1058 25 21 of
855 1058 28 21 all
895 1058 152 26 descriptions,

683 1086 57 22 Rich
751 1085 82 27 figured
844 1084 93 28 poplins-,

682 1113 66 25 Long
756 1112 61 21 scarf
828 1111 85 26 shawls,
923 1110 54 23 davk
985 1107 247 26 moussclane-de-laine

657 1139 91 23 dresses,

682 1166 63 21 Satin
755 1164 74 26 scarfs,
840 1164 58 21 book
908 1163 88 26 muslin,

683 1192 69 21 Black
764 1190 44 22 and
817 1190 103 22 coloured
929 1197 51 18 gros
990 1188 38 27 de'
1028 1188 89 27 Naples,

683 1218 120 22 Cashmere
827 1216 84 26 shawls,
936 1216 75 21 ladies'
1030 1216 44 21 and
1097 1214 53 27 girls
1172 1216 61 19 stiaw

657 1244 101 25 bonnets,
770 1244 54 26 boys
833 1243 74 22 velvet
916 1249 58 20 caps,
1005 1258 5 2 -
1056 1260 8 7 ,

684 1270 69 23 Black
764 1277 69 19 crape,
844 1270 77 21 ladies'
932 1265 45 28 and
985 1268 54 27 girls
1049 1272 66 23 stays,

683 1298 116 21 Women's
807 1296 59 26 hose,
864 1298 5 4 1
878 1303 13 14 a
899 1296 85 26 variety
994 1295 25 21 of
1026 1295 97 26 ribbons,

684 1326 27 19 10
721 1324 72 26 pieces
805 1322 63 22 India
878 1322 42 21 silk
929 1320 176 27 handkerchiefs,

685 1351 75 21 Men's
769 1350 135 25 comforters,
916 1348 78 21 lamb's
1004 1348 56 21 wool
1070 1347 72 26 shirts,

683 1376 157 23 Gentlemen's
849 1380 64 21 ves,ts,
927 1375 46 24 fir.st
984 1375 92 26 quality,

685 1403 154 22 Gentlemen's
856 1401 64 22 black
935 1402 81 21 beaver
1025 1401 55 26 hats,
1092 1398 146 29 gentlemen's

658 1430 80 21 oilskin
749 1430 56 24 hats,
817 1428 93 22 Manilla
920 1428 56 25 hats,

684 1456 133 25 Umbrellas,
842 1455 82 21 tailors'
944 1454 131 26 trimmings,
1092 1452 45 22 and
1159 1452 78 22 haber-

658 1483 94 27 dasher}'
764 1483 25 20 of
800 1482 28 21 all
836 1485 63 21 sorts,

687 1509 64 22 India
760 1509 82 22 rubber
851 1508 45 21 and
904 1511 75 18 cotton
990 1507 83 25 braces,

685 1536 154 21 Gentlemen's
867 1535 99 26 superior
992 1533 109 22 buckskin
1130 1536 107 21 trowsers,

657 1562 60 27 good
726 1562 74 27 shape,

685 1589 80 22 Cotton
777 1587 170 22 handkerchiefs
958 1587 21 21 in
991 1587 79 26 pieces,

685 1616 105 26 Superior
819 1613 141 23 broad-cloth
988 1613 43 21 and
1061 1612 118 22 Cashmere
1207 1611 33 21 for

659 1645 107 24 trowsers,

683 1670 14 19 3
707 1669 61 21 bales
779 1668 25 21 of
811 1667 52 26 sok,
873 1667 45 26 kip,
931 1666 45 22 and
984 1665 47 23 calf
1040 1665 92 26 leather,

685 1695 59 21 Boat
751 1695 58 21 nails
819 1696 21 20 of
852 1694 28 21 all
892 1693 157 26 descriptions,'

685 1723 74 20 Men's
769 1724 76 23 strbng
855 1721 69 24 boots,
935 1720 63 26 boy's
1008 1719 44 21 and
1063 1718 106 22 women's
1179 1717 34 22 do.

687 1748 153 21 Gentlemen's
864 1746 98 27 superior
989 1745 112 27 kangaroo
1127 1744 111 27 liluchers,

659 1775 66 22 made
736 1779 21 17 to
768 1775 70 24 order,

687 1801 78 22 Mould
776 1801 95 25 candies,

686 1829 57 21 Boat
752 1827 100 26 anchors,

685 1855 105 26 Superior
797 1853 108 22 furniture
917 1853 24 21 of
950 1852 28 22 all
989 1851 151 28 descriptions,

686 1880 133 28 Negrohead
830 1881 97 24 tobacco,

685 1909 51 20 One
750 1908 46 27 i)ipe
807 1907 55 26 light
875 1911 50 22 port
936 1906 62 20 wine.
1026 1922 4 3 .
1038 1923 3 3 .

917 1940 34 21 W.
970 1940 24 21 B.
1010 1939 93 21 Rhodes
1119 1938 44 21 and
1178 1938 37 21 Co.

705 1985 99 21 Choice
814 1985 153 23 Furniture,
978 1989 35 15 ex

661 2018 71 49 ON
744 2017 82 27 SALE;
836 2024 28 13 an
873 2019 132 18 assortment
1012 2016 26 21 of
1045 2015 75 22 choice
1129 2014 113 26 furniture,

725 2044 120 26 consisting
856 2043 33 21 of:

742 2077 59 22 Four
809 2079 74 25 4-post
892 2076 123 26 bedsteads,

738 2105 63 25 .Four
810 2104 56 21 wool
876 2107 133 22 mattrasses,

704 2149 4 4 .
742 2131 58 21 Four
811 2130 88 22 Marina
909 2134 133 21 mattrasses,

743 2158 59 21 Four
811 2157 69 21 railed
891 2156 100 26 couches,

743 2185 70 21 Three
825 2184 56 21 wash
885 2183 68 21 -hand
964 2182 82 27 stands,

743 2211 71 21 Three
824 2210 99 26 dressing
934 2210 74 26 tables,

743 2237 71 21 Three
823 2240 45 18 sets
878 2237 19 21 D
909 2236 76 26 tables,

743 2264 72 22 Three
825 2268 43 16 sets
879 2263 100 25 drawers,

744 2290 86 22 Twelve
842 2293 132 22 mattrasses,

744 2317 86 21 Twelve
841 2317 91 27 pillows,
955 2322 3 3 '

729 2351 3 3 •
745 2345 49 20 One
804 2348 32 16 set
846 2344 90 26 dummy
946 2342 65 27 table,

744 2370 87 22 Twelve
841 2370 78 26 chairs,

744 2397 76 27 Thirty
830 2404 67 14 seven
908 2403 58 19 rugs,

745 2425 53 21 Five
809 2423 47 21 hair
866 2423 101 25 couches,

744 2451 71 21 Three
824 2450 124 22 bedsteads.

693 2485 30 22 At
733 2485 37 21 the
781 2485 73 21 Stores
863 2483 34 22 of'

1016 2509 22 21 J.
1049 2509 45 21 and
1104 2509 28 21 G.
1142 2509 79 21 Wade.

742 2556 61 21 Van
817 2555 136 20 Diemari's
968 2554 76 20 Land
1059 2554 115 20 Timber.

682 2594 17 18 A
727 2590 104 22 LARGE
847 2589 102 27 quantity
960 2589 24 20 of
998 2587 51 22 Van
1061 2587 115 22 Dieman's
1187 2586 62 22 Land

668 2618 49 21 JT3I
745 2617 80 21 timber
844 2616 25 21 of
887 2615 87 21 various
991 2614 136 22 dimensions
1138 2622 5 17 ;
1169 2613 51 27 also,
1237 2621 12 14 a

665 2645 61 26 large
736 2643 101 28 quantity
848 2643 25 20 of
884 2641 100 22 Colonial
995 2641 85 26 timber,
1098 2639 120 28 consisting
1228 2639 23 22 of

668 2671 102 26 weather,
783 2669 76 26 lining,
875 2669 45 21 and
929 2668 95 26 flooring
1032 2667 81 21 boards
1122 2667 45 21 and
1178 2674 72 14 scant-

666 2698 47 26 ling
723 2697 25 21 of
759 2697 28 21 all
799 2697 55 21 sizes
864 2695 44 21 and
918 2695 87 26 lengths
1014 2702 5 19 ;
1041 2701 49 15 now
1104 2701 27 14 on
1150 2693 59 23 hand
1226 2700 22 16 at

668 2724 36 21 the
715 2728 69 17 stores
795 2723 24 21 of
828 2722 36 22 the
874 2721 158 26 undersigned.

692 2757 63 27 They
767 2756 42 22 will
819 2756 47 21 also
875 2756 28 20 be
918 2754 75 27 happy
1004 2758 22 17 to
1037 2754 77 27 supply
1126 2754 62 22 those
1200 2754 49 22 who

667 2784 78 22 intend
754 2782 98 26 erecting
861 2781 112 27 buildings
983 2780 51 21 with
1045 2780 36 22 the
1087 2781 69 21 above
1164 2780 83 23 article,

668 2814 37 18 cut
724 2815 23 16 to
767 2809 70 26 order,
859 2808 26 21 of
907 2813 45 21 any
972 2807 136 22 dimensions
1129 2808 52 26 they
1200 2815 49 19 may

668 2837 93 27 require,
782 2835 44 22 and
848 2834 133 22 deliverable
1000 2837 23 18 at
1042 2841 41 20 any
1105 2838 50 23 part
1172 2834 26 21 of
1212 2834 39 21 the

669 2864 70 21 beach
749 2871 28 14 on
790 2864 38 20 the
836 2862 95 21 shortest
939 2861 82 21 notice.

891 2900 8 13 r
929 2895 61 21 John
1007 2901 45 14 and
1068 2893 59 22 Geo.
1142 2893 81 23 Wade.

668 2943 39 20 To
729 2942 45 19 the
795 2940 167 23 Merehaiafcs,
983 2938 195 26 Ship-owners,
1197 2938 54 21 and

764 2968 91 20 others
875 2966 29 20 of
917 2966 66 20 Port
996 2965 159 21 Nicholson.

675 3004 18 18 -•
701 3003 28 29 /f
734 3001 94 22 ESSRS.
852 2999 98 22 PRATT
969 2998 45 22 and
1033 2998 105 22 BEVAN
1161 2998 43 27 beg
1217 3005 34 15 re-

675 3022 55 28 LVX
760 3027 117 28 spectfully
904 3029 22 17 to
950 3025 81 21 inform
1055 3025 37 21 the
1117 3025 133 25 merchants,

669 3055 152 27 ship-owners,
840 3052 44 22 and
901 3052 81 26 others,
998 3052 49 21 that
1059 3051 52 27 they
1129 3051 56 22 have
1202 3059 53 16 now

670 3081 144 23 commenced
831 3080 37 21 the
888 3080 154 20 manufacture
1065 3078 26 21 of
1106 3085 59 21 rope,
1186 3078 63 22 lines,

670 3109 66 21 twine
750 3109 26 21 of
783 3107 29 22 all
826 3106 152 27 descriptions,
991 3109 58 17 mats
1063 3105 26 21 of
1102 3104 29 22 all
1148 3105 62 26 sizes,
1222 3104 28 22 oil

670 3135 78 24 cloths,
767 3135 38 21 &c.
815 3142 4 18 ;
837 3133 80 26 fishing
936 3136 47 17 nets
998 3131 65 22 made
1080 3132 44 21 and
1142 3132 108 27 repaired,

670 3161 43 23 and
730 3168 68 20 every
809 3160 132 26 description
962 3159 25 21 of
1003 3158 75 22 article
1094 3158 22 21 in
1134 3158 37 21 the
1182 3158 70 21 above

670 3189 52 25 line,
739 3188 29 21 all
786 3187 54 21 from
859 3187 54 21 New
928 3184 99 23 Zealand
1044 3184 51 25 flax,
1112 3185 43 21 and
1171 3191 29 15 on
1215 3185 37 21 the

670 3219 57 18 most
736 3213 128 23 reasonable
875 3213 99 25 charges.
1004 3212 74 26 -Apply
1090 3214 21 18 to

887 3247 89 20 Messrs.
992 3245 78 21 Pratt
1084 3245 45 21 and
1146 3245 86 27 Bevan,

670 3282 43 22 No.
731 3283 20 26 1,
777 3279 227 25 Molesworth-street,
1035 3278 142 27 Wellington,
1204 3278 49 22 Port

898 3305 130 22 Nicholson.

679 3354 48 20 \J
736 3353 93 21 ESSRS.
844 3349 144 24 JOHNSON
1005 3348 46 22 and
1070 3349 109 21 MOORE
1199 3349 55 21 have

676 3371 56 30 i>jL
761 3378 109 26 received,
882 3384 28 15 ex
922 3376 101 26 Transfer
1033 3384 35 12 :—

697 3413 58 21 Pilot
765 3415 73 23 coats,'
844 3419 41 20 pea
891 3410 96 28 jackets,

698 3440 54 21 Blue
760 3438 94 28 jackets,
863 3437 95 27 monkey
969 3437 62 27 ditto,

698 3466 108 26 Flushing
814 3468 108 21 trowsers,
932 3464 40 21 red
981 3463 73 24 shirts,

700 3492 60 22 Dark
770 3492 65 26 fancy
846 3492 70 26 prints
925 3490 45 22 and
979 3497 59 19 navy
1049 3490 70 27 blues,

697 3519 105 27 Superior
810 3518 111 26 blankets,
934 3516 93 23 Manilla
1037 3516 56 27 hats,

699 3546 106 24 Ribbons,
814 3544 100 21 artificial
924 3544 93 26 flowers,

698 3572 70 22 Black
778 3571 41 22 silk
830 3570 176 26 handkerchiefs,
1018 3572 74 19 cotton
1103 3570 62 27 ditto,
1251 3570 4 9 '

700 3598 67 22 Wash
777 3598 101 26 leathers,
890 3604 100 20 sponges,

699 3626 88 26 Combs,
798 3624 100 27 shaving,
906 3624 68 26 teeth,
984 3623 45 22 and
1038 3622 49 23 hair
1096 3622 99 27 brushes,

703 3652 91 25 Violins,
805 3652 59 20 bows
875 3650 43 22 and
928 3651 88 26 strings,

700 3678 63 22 Deed
773 3678 44 21 and
828 3677 51 22 cash
891 3678 74 24 boxes,

698 3706 77 24 20,000
785 3705 99 27 superior
893 3704 93 21 Manilla
996 3704 77 26 cigars,

701 3732 68 21 Black
780 3735 35 17 tea
823 3731 23 21 in
857 3730 49 23 half
920 3730 79 26 chests,
1015 3730 44 22 and
1070 3730 43 22 fine
1122 3730 85 26 butter,
1221 3730 35 21 &c

674 3759 46 25 X:c.,
732 3765 101 14 common
846 3757 115 22 tumblers.

701 3795 5 13 >'
713 3795 22 17 Mi
747 3791 45 21 *ale
809 3791 49 21 with
874 3791 36 21 the
927 3791 77 25 above,
1016 3797 12 15 a
1043 3790 102 28 quantity
1154 3789 26 23 of
1192 3789 71 23 hard-,

675 3826 55 14 ware
741 3818 44 21 and
795 3817 140 27 agricultural
945 3817 148 27 implements.

704 3852 17 20 \
741 3859 52 19 very
814 3851 98 31 superior
931 3851 33 21 six
981 3850 67 22 oared
1068 3850 113 23 Canadian
1203 3850 56 23 built

676 3878 68 22 wtmie
754 3878 59 26 boat,
820 3878 51 21 with
882 3878 60 21 brass
950 3877 114 28 rowlocks,
1075 3885 56 20 oars,
1141 3880 66 24 mast,
1214 3876 45 24 and

674 3904 47 22 sail.
1244 3906 5 24 j

68 146 28 19 T.
109 145 37 20 JVI.
155 141 172 28 3Partridge.&
337 141 44 20 Co.
394 139 65 21 offer
469 138 42 21 for
521 137 72 23 Sale,

40 175 170 51 BOTTLED
233 178 75 24 porter
329 172 52 23 and-
390 169 61 31 pale'
459 171 35 22 ale
511 170 24 22 in
558 169 61 21 three

116 203 71 21 dozen
201 201 71 26 casks,

70 229 65 22 Good
144 229 75 25 sherry
229 228 23 21 in
263 230 88 24 quarter
362 225 71 26 casks,

68 256 79 21 Mouid
155 254 99 25 candles,

68 281 109 26 Windsor,
189 280 92 25 toilette,
291 278 45 22 and
345 277 78 28 yellow
430 282 62 21 «oap,

66 308 102 21 Window
177 307 58 25 glass
246 307 24 19 13
280 306 28 25 by
319 306 20 25 9,

68 334 156 21 Earthenware
235 332 22 21 in
268 336 77 21 crates,

68 360 104 27 Cooper's
182 365 64 18 ware,

69 386 81 26 Paints,
162 385 98 24 brushes,
273 384 47 26 &c,

68 413 52 28 Slop
130 407 106 30 clothing,

68 433 94 32 Pickles,
172 444 84 19 sauces,
267 435 86 23 French
363 441 83 22 capers,
461 437 99 22 cayenne
570 437 42 21 pep

40 470 47 23 per,
98 464 109 25 mustard,

69 491 66 21 India
144 490 81 22 rubber
234 488 110 27 blacking,
356 488 39 21 &c.
406 487 40 21 &c.

69 517 54 21 And
132 524 50 14 now
191 515 99 26 landing,
301 515 54 21 from
364 514 37 21 the
409 512 114 22 Katherint
532 511 91 20 Stewart

39 545 84 24 Forbes,

69 569 117 28 Superfine
196 567 95 23 Dantzic
299 567 47 21 kiln
356 566 46 22 drie
416 564 76 27 iflour,

66 599 15 19 5
92 600 51 18 tons
152 596 58 24 zinc,
221 594 34 21 for
263 593 90 27 roofing.

207 641 85 20 Boots
302 639 53 21 and
365 639 90 19 Shoes.

40 674 145 49 LADIES
202 672 58 23 cloth
276 672 70 26 boots,
363 671 49 21 best
435 668 94 23 London
544 673 82 16 manu-

104 701 91 26 facture,

68 727 68 25 Satin,
148 727 45 25 kid,
205 725 93 25 enamel,
309 723 42 22 and
363 722 100 27 prunella
471 722 71 25 shoes,

69 753 101 26 Leather,
182 752 70 26 single
262 750 44 22 and
317 749 79 22 double
406 749 64 25 soles,

69 780 58 22 Cork
137 779 64 26 soles,
213 778 43 21 and
266 778 35 21 fur
309 776 60 22 lined
379 776 38 21 boc
423 780 26 21 ts,

70 806 54 22 Also
144 813 28 14 an
198 806 132 20 assortment
348 802 24 21 of
391 801 147 28 gentlemen's
564 800 62 21 dress

42 833 65 21 shoes
117 837 24 17 at

231 857 97 22 Bowler
338 855 43 22 and
391 855 73 21 Smith
475 861 17 19 s,
502 854 32 20 Tp
544 854 55 20 Aro.

132 910 89 20 Dutch
230 908 99 21 Clocks
340 907 52 20 and
402 906 134 20 Watches.

44 942 164 51 SEVERAL
219 941 73 22 Dutch
308 940 80 25 clocks,
403 939 45 21 and
464 938 72 21 sound
545 936 83 22 second

95 969 60 22 hand
165 969 66 21 silver
243 967 99 25 watches,
353 966 33 21 for
395 965 45 22 sale
451 968 22 17 at

152 995 97 21 Bowler
259 993 43 21 and
313 992 91 22 Smith's
415 992 81 25 Stores,
503 990 32 21 Te
546 990 54 21 Aro.

166 1041 189 24 Second-hand
371 1041 135 26 Clothing.

48 1079 69 49 AN
133 1081 132 19 assortment
281 1076 25 22 of
318 1074 145 29 gentlemen's
473 1072 155 23 second-hand

124 1105 105 26 clothing,
248 1104 23 20 of
285 1103 96 26 superior
395 1101 64 21 make
474 1100 44 22 and
535 1100 92 27 quality,

45 1132 84 27 worthy
141 1131 36 22 the
187 1129 108 23 attention
305 1129 27 21 of
337 1128 126 22 mechanics
473 1127 43 21 and
527 1126 81 22 others.

355 1155 96 21 Bowler
462 1153 42 21 and
516 1154 82 20 Smith.

99 1195 74 23 OPES
184 1195 44 22 and
242 1193 72 23 SHIP
329 1191 191 24 CHANDLERY
530 1191 35 21 for
575 1191 52 22 sale.

125 1227 24 17 at
168 1221 86 22 Bowler
268 1221 45 21 and
328 1220 88 22 Smith's
434 1220 79 24 Stores,
525 1218 31 21 Te
572 1219 56 25 Aro,

45 1249 123 26 consisting
178 1249 25 21 of
209 1256 5 13 :
216 1259 27 4 —

101 1276 73 27 Ropes
186 1274 23 22 of
218 1275 29 21 all
257 1274 62 26 sizes,

101 1302 106 26 Canvass,

101 1329 77 21 Paints
188 1328 45 21 and
243 1327 47 25 oils,

101 1354 135 22 House-line
247 1354 43 22 and
301 1352 110 26 mar-line,

102 1382 96 24 Oakum,

102 1409 135 30 Spun-yarn,

101 1434 88 22 Thread
200 1434 88 25 ratling,

102 1460 106 27 Seaming
218 1459 44 22 and
271 1459 84 27 roping,

102 1487 128 21 Stockholm
241 1491 40 21 tar,

102 1513 83 22 Round
194 1512 43 23 and
248 1512 39 21 flat
296 1512 39 21 bar
344 1512 56 25 iron,

102 1540 89 26 Blocks,
203 1539 27 22 all
242 1539 62 21 sizes.

76 1566 54 22 Also
148 1573 61 14 some
223 1565 111 22 excellent
348 1567 57 18 tents
415 1564 34 21 for
459 1570 89 20 persons
563 1562 68 27 going

47 1592 48 23 into
107 1593 37 21 the
153 1592 64 22 buih.

153 1637 84 25 SALE,
256 1640 23 17 at
295 1635 37 21 the
351 1635 75 21 Stores
449 1634 26 21 of
492 1634 37 21 the
549 1633 82 22 under-

49 1662 30 24 S.
109 1663 90 28 signed:
203 1674 26 4 —

76 1691 59 21 First
143 1690 64 26 flour,

76 1717 62 26 Rice,

76 1743 91 27 Brandy
176 1743 24 21 in
211 1743 67 26 pipes,
289 1741 69 27 hhds.,
370 1740 45 22 and
426 1743 87 25 quarter
522 1739 71 26 casks,

76 1771 59 21 Rum
146 1771 22 19 in
179 1769 72 25 hhds.,

76 1796 45 22 Gin
131 1797 22 20 in
166 1803 50 14 case
225 1800 43 16 and
279 1794 68 26 wood,

76 1823 87 21 Elliot's
173 1825 59 18 stout
242 1822 21 21 in
275 1821 70 25 hhds.,

76 1850 113 26 Barclay's
198 1852 59 18 stout
265 1848 23 21 in
299 1847 75 24 bottle,

75 1876 102 26 Taylor's
187 1875 48 27 pale
246 1874 34 22 ale
290 1874 23 21 in
323 1874 75 26 bottle,

76 1902 54 22 Port
140 1902 44 21 and
193 1901 75 27 sherry
280 1901 21 20 in
312 1900 75 24 bottle.

76 1928 82 28 Sherry
169 1929 22 20 in
203 1928 54 26 butt,
268 1927 64 26 hhds,
343 1926 44 22 and
396 1933 67 19 cases,

77 1956 59 26 Cape
148 1955 56 21 wine
214 1955 21 21 in
249 1954 67 25 wood,

78 1982 95 26 Pickles,
185 1988 82 18 sauces,
279 1977 44 24 and
333 1978 104 26 mustard,

77 2009 141 20 Arrow-root
227 2006 44 22 and
281 2013 59 19 sago,

78 2034 113 25 Blankets,
211 2031 125 27 moleskins,
353 2031 59 26 silks,
429 2030 96 27 ribbons,
543 2029 87 28 shawls,

49 2060 172 26 haberdashery,
232 2060 56 26 hats,
299 2058 96 22 assorted
404 2058 65 26 slops,

77 2087 65 22 Pitch
151 2087 47 21 and
208 2090 39 23 tar,

77 2114 55 21 Fine
144 2113 48 26 salt,

77 2140 48 22 Ash
136 2147 56 18 oars,

78 2166 71 23 Cedar
158 2166 89 22 boards.

351 2189 81 24 Waitt
442 2189 43 22 and
496 2189 82 22 Tyser.

49 2219 146 27 Wellington,
207 2219 53 26 July
270 2220 34 24 31,
316 2219 59 20 W4l.

166 2265 144 19 Contracts
324 2262 41 21 for
379 2262 137 21 Potatoes.

49 2297 144 48 WAITT
208 2297 43 21 and
265 2295 97 22 TYSER.
378 2295 43 21 will
438 2295 85 21 receive
543 2293 90 22 tenders

146 2324 35 21 for
191 2328 42 16 two
241 2322 101 22 hundred
351 2326 49 17 tons
413 2321 88 26 English
513 2320 121 22 cultivated

48 2354 108 46 Sotatoes,
177 2349 91 28 packed,
290 2348 130 22 deliverable
440 2352 23 16 at
481 2347 58 21 their
560 2348 75 20 Stores

67 2378 65 25 urinjr
142 2377 37 21 the
189 2380 89 23 potatoe
289 2382 83 14 season.

78 2404 144 26 Wellington,
235 2402 53 27 July
298 2403 32 25 15,
343 2403 57 19 1811.

52 2446 177 51 LANDING
257 2446 57 21 from
343 2445 34 22 the
400 2446 114 20 Katherine
542 2446 91 19 Stewart

129 2475 83 23 Forbes,
224 2473 44 22 and
278 2474 33 20 for
321 2472 43 22 sale
364 2483 29 4 —

78 2504 14 19 2
111 2502 71 26 hhds.,
202 2500 128 26 containing
347 2507 11 14 a
376 2503 64 22 great
458 2498 86 28 variety,
561 2498 27 21 of
603 2498 31 21 tin

80 2555 80 22 Brown
171 2557 65 23 stout,
429 2552 87 21 Packed
544 2552 23 21 in
597 2551 40 22 red

83 2581 51 22 Pale
145 2581 41 26 ale,
378 2580 92 25 V')«>\e-,
502 2579 72 20 suited
603 2578 34 21 for

83 2608 72 21 Men's
165 2608 63 21 boots
240 2606 44 22 and
297 2606 68 27 shoes,
373 2603 9 30 J
403 2607 70 20 v*:k\
486 2605 67 22 trade.

82 2635 65 27 Soap,

83 2661 106 22 Blankets
191 2672 28 4 —
220 2660 64 21 white
295 2659 42 22 and
348 2660 45 26 red,

83 2688 112 26 Clothing,

80 2715 84 21 Cotton
174 2714 77 31 piints,

83 2741 82 24 Sherry
172 2748 24 14 m
207 2743 89 25 quarter
304 2740 69 26 casks,

84 2766 210 23 Double-barrelled
302 2766 126 27 percussion
438 2773 63 19 guns,

84 2793 135 27 Negrohead
228 2794 97 21 tobacco.

433 2820 92 21 Samuel
537 2819 101 21 Revans.

84 2846 62 22 June
158 2846 31 26 16,
202 2848 60 19 1811.

197 2892 39 19 To
252 2890 246 27 Agriculturalists.

63 2924 85 22 T^OR
157 2924 85 26 SALE,
251 2931 12 13 a
271 2923 63 22 small
343 2923 100 27 quantity
450 2923 25 21 of
482 2930 52 19 very
541 2922 100 27 superior

61 2951 28 22 JL
89 2945 4 15 1
132 2951 51 21 seed
195 2951 76 25 wheat,
284 2950 46 21 also
339 2958 12 13 a
362 2949 64 22 small
440 2949 100 28 quantity
551 2950 27 20 of
590 2949 50 21 seed

57 2977 72 27 hariej
146 2978 90 21 without
246 2977 62 25 husk,
321 2976 50 22 both
381 2984 75 19 grown
474 2977 23 21 in
515 2977 36 21 the
567 2976 73 27 valky

59 3008 21 17 ot
96 3004 37 21 the
145 3005 64 24 Hutt,
221 3003 43 22 and
275 3003 120 21 warranted
406 3003 25 21 of
443 3003 35 21 the
490 3003 46 21 first
547 3003 91 26 qualiiy.

59 3031 56 21 Also
125 3038 14 14 a
149 3031 83 26 variety
243 3031 25 21 of
278 3030 82 27 garden
371 3030 68 26 seeds,
454 3029 36 22 the
507 3030 96 26 pro-luce

62 3055 35 24 the
108 3057 85 26 Colony
230 3057 42 21 for
283 3056 133 28 particulars,
428 3056 65 28 apply
504 3060 21 17 to

222 3084 24 20 C.
259 3083 24 22 E.
296 3083 47 22 Vo.\
355 3084 115 25 Alzdokf,
487 3083 85 25 Petoni,
584 3090 23 14 or
620 3088 20 15 t<:

222 3111 25 21 E.
261 3111 76 25 Dwis,
349 3116 21 15 at
383 3110 87 21 Messrs.
487 3109 94 22 Hanson
597 3109 43 21 and

249 3136 45 22 and
303 3137 95 21 Al/.dorf
401 3137 22 25 's,
436 3135 143 27 Wellington.

102 3180 127 21 Woollen
245 3180 118 26 Drapery
377 3180 223 24 Establishment,

88 3214 101 20 Lambton
202 3220 58 20 quay,
281 3215 103 24 adjoining
403 3215 101 19 Lambton
524 3215 88 19 Tavern.

62 3248 35 47 J
131 3246 137 23 JACKSON
290 3248 54 26 begs
363 3247 140 27 respectfully
520 3252 21 16 to
559 3247 37 21 inf
603 3255 37 13 >rm

104 3284 10 10 ■
154 3273 36 21 the
210 3274 133 21 inhabitants
360 3274 25 21 of
401 3273 134 27 Wellington
555 3274 43 21 and
614 3274 28 21 its

64 3300 98 27 vicinity,
177 3299 48 21 that
239 3300 28 21 he
282 3300 40 21 has
337 3300 100 22 received
456 3300 55 21 from
530 3301 35 21 the
583 3301 58 20 Wist

64 3327 84 25 Riding
167 3327 24 20 of
213 3326 119 22 Yorkshire
350 3334 26 14 an
396 3327 113 21 extensive
533 3328 64 21 stock
620 3328 22 21 ot

64 3353 110 27 superfine
190 3352 69 22 broad
274 3353 75 27 cloths,
360 3353 156 27 kerseymeres,
530 3353 40 21 dof
572 3354 68 23 skins,

64 3379 87 26 tweeds,
170 3379 67 26 drills,
255 3379 64 28 fancy
332 3384 111 22 canloous,
460 3380 68 25 cords,
540 3380 100 23 fustians,

64 3406 44 21 and
131 3405 161 27 waistcoatings
301 3402 10 31 ;*
336 3406 43 22 also
403 3414 29 14 an
460 3410 133 18 assortment
620 3410 20 19 oi

64 3432 105 23 merinos.

90 3457 58 24 N.B.
151 3469 26 5 —
177 3458 134 27 Trimmings
321 3458 24 22 of
352 3466 63 21 every
427 3458 130 29 description
569 3459 26 21 of
606 3460 36 21 the

62 3486 49 22 best
121 3485 93 28 quality.

90 3512 54 27 July
155 3513 33 21 16.
202 3513 58 20 1841.

65 3556 119 49 OIL.-—
184 3555 47 22 The
249 3555 121 22 subscriber
386 3556 18 20 is
423 3556 104 26 prepared
545 3560 22 17 to
593 3564 49 20 pur-

142 3583 67 22 chase
228 3589 24 14 or
270 3582 65 21 make
353 3582 75 21 libeial
451 3582 109 23 advances
584 3591 58 19 upon

64 3610 37 22 Oil
111 3608 121 28 consigned
243 3614 21 16 to
275 3608 33 21 his
320 3608 90 21 London
426 3616 60 14 corre
500 3610 115 26 ponderits.

428 3635 26 21 A.
472 3636 72 26 Hurt,
562 3638 53 20 Jun.

90 3663 145 25 Wellington,
247 3661 53 27 July
309 3662 20 25 9,
341 3662 23 19 18
370 3662 28 19 U.

66 3707 86 49 OIL.
154 3718 28 3 —
183 3705 47 22 The
254 3704 146 27 undersigned
425 3704 40 21 will
489 3706 106 25 purchase
618 3714 21 13 05

142 3734 65 21 make
217 3732 77 21 liberal
429 3739 27 12 on
475 3732 26 20 <iil
521 3734 120 24 consigned

64 3763 21 19 to
97 3760 54 22 their
162 3758 181 28 ••om'spou.lea's
355 3758 22 21 in
390 3757 106 22 London.'

388 3783 78 22 Waitt
478 3784 42 21 and
530 3783 83 23 Tvs-eu.

92 3813 143 25 WJlrjiOi\
246 3812 154 33 J<__2,_Sll_

68 3843 120 34 ~A~7-~
198 3843 14 32 7
223 3843 15 28 r
246 3864 5 10 ,
259 3861 4 14 ;
268 3866 3 9 ,
280 3854 59 21 Ap,i
346 3855 5 19 i
355 3855 17 20 C
402 3854 51 21 Viti
457 3854 25 19 W
516 3854 18 21 O
543 3854 10 21 7
583 3855 41 21 Til
630 3856 15 20 E

70 3885 45 19 jTjl
147 3892 4 10 k
159 3885 4 17 j
172 3883 16 19 A
195 3890 6 12 :
205 3896 4 3 •
223 3898 7 4 -
280 3885 17 16 1-.
306 3881 54 20 frcui
391 3880 143 28 lnakori-hill,
552 3885 34 17 tor
600 3882 45 21 dale

64 3914 25 17 At
98 3910 38 22 tUe
146 3916 64 16 ouiue
219 3908 25 22 oi'
254 3910 39 19 toe
307 3908 15 10 *'
473 3907 62 23 Price
544 3909 32 21 2s.
