2529 4020
763 1419 274 18 METEOROLOGICAL
1050 1419 101 17 TABLE.

685 1447 42 18 For
736 1447 34 18 the
778 1447 54 18 week
847 1447 74 21 ending
933 1447 114 21 Thursday,
1059 1447 54 18 Nov.
1126 1447 34 21 11,
1173 1447 56 18 1841.

999 2056 123 16 REMARKS.

667 2074 84 20 Friday...
789 2076 10 15 8
868 2076 65 20 Strong
939 2076 63 16 breeze
1010 2077 36 16 and
1053 2076 85 20 showery.
1257 2085 4 8 s

788 2117 52 21 Ip.m.
910 2118 33 17 Do.
986 2118 35 17 Do.
1063 2118 35 17 Do.

787 2160 11 15 5
909 2160 34 16 Do.
985 2160 34 16 Do.
1061 2161 32 16 but
1102 2160 41 17 fine.
1260 2150 2 31 j

668 2199 37 17 5at.
711 2210 38 6 ......
788 2202 9 15 8
868 2202 55 16 Fresh
930 2202 38 20 gale
976 2202 36 16 and
1018 2203 58 20 heavy
1084 2202 85 16 showers.
1186 2209 3 4 ■
1260 2200 2 25 j

1260 2227 2 14 I

788 2244 52 19 Ip.m.
910 2244 33 16 Do.
986 2244 34 16 Do.
1052 2250 3 3 •
1063 2244 33 16 Do.
1255 2248 4 8 '

788 2286 9 15 5
910 2286 33 16 Do.
985 2286 34 16 Do.
1061 2290 43 17 very
1110 2285 50 17 fine..

667 2325 83 20 Sunday..
788 2328 10 15 8
867 2327 55 21 Light
928 2328 27 16 air
962 2328 36 16 and
1005 2328 41 17 fine.

788 2370 53 19 Ip.m.
910 2370 33 16 Do.
985 2370 35 16 Do.
1062 2370 33 17 Do.

788 2411 10 15 5
909 2411 34 17 Do.
985 2412 35 17 Do.
1062 2412 34 16 Do.

668 2450 83 20 Monday.
789 2453 10 16 8
868 2453 65 21 Strong
938 2454 69 18 breeze,
1017 2454 86 16 overcast.

705 2504 5 3 -
722 2498 3 4 '
789 2495 53 20 Ip.m.
910 2495 34 16 Do.
986 2495 34 17 Do.
1063 2495 33 17 Do.

788 2537 10 15 5
910 2537 34 16 Do.
985 2537 89 21 inclining
1080 2538 20 16 to
1107 2537 46 17 rain.

668 2576 84 20 Tuesday
789 2579 10 15 8
881 2573 12 23 I
899 2578 45 17 'Do.
986 2579 41 17 fine.

789 2620 53 21 Ip.m.
884 2619 4 5 '
896 2616 5 4 '
911 2620 34 17 Do.
986 2620 34 17 Do.
1063 2622 35 15 Do.

790 2663 9 15 5
911 2662 34 17 Do.
986 2664 87 15 overcast.

668 2702 44 17 Wed
790 2704 10 16 8
870 2704 64 20 Strong
941 2704 62 17 breeze
1011 2705 35 16 and
1053 2705 84 21 veryflne.

791 2746 53 20 Ip.m.
858 2762 3 4 .
913 2747 33 16 Do.
988 2746 34 17 Do.
1065 2747 34 16 Do.

791 2789 9 14 S
912 2789 34 15 Do.
988 2789 34 16 Do.
1065 2789 33 16 Do.

670 2829 83 16 Thurs...
792 2830 8 16 8
872 2830 49 16 Calm
927 2830 36 16 and
969 2830 107 21 beautifully
1084 2831 42 16 fine.

791 2872 53 19 Ip.m.
913 2872 33 16 Do.
988 2872 34 17 Do.
1065 2872 35 17 and
1107 2873 41 16 fine.

791 2914 9 14 5
913 2914 33 16 Do.
988 2914 35 16 Do.
1047 2911 7 8 v
1065 2914 33 17 Do.

1274 118 19 23 is
1312 125 29 16 an
1360 118 118 30 important
1497 118 65 30 point
1566 113 38 35 /in
1623 117 178 31 deciding'upon
1809 116 49 23 -the

1274 151 47 23 real
1341 155 72 19 wants
1430 150 22 23 of
1465 150 38 24 the
1519 150 105 30 Colony.-
1651 150 27 23 If
1687 150 56 23 'that
1753 150 65 30 point
1828 149 30 23 be

1275 188 45 19 not.
1324 183 57 31 fully
1394 183 139 28 established,
1542 174 45 34 .ttfe
1606 182 89 30 Colony
1707 190 52 23 may
1770 190 25 15 or
1799 190 61 22 .may

1274 221 40 18 not
1331 217 89 30 require
1435 216 89 23 further
1543 216 36 22 aid
1588 225 6 19 ;
1618 216 42 22 but
1679 216 20 22 if
1715 216 18 22 it
1753 216 29 22 he
1794 215 66 23 made

1275 249 138 31 abundantly
1431 249 94 28 evident,
1540 249 54 22 then
1613 249 18 22 it
1646 256 52 22 may
1712 248 28 23 be
1752 247 69 24 taken
1834 256 26 15 as

1275 291 17 14 a>
1300 283 86 22 certain
1398 286 39 19 test
1456 282 49 22 that
1526 289 29 15 an
1574 282 119 22 extension
1715 280 24 24 of
1755 280 106 31 banking

1275 315 37 23 aid
1324 316 18 22 is
1353 315 115 33 required^
1497 315 24 23 It
1532 322 51 23 may
1595 315 28 22 be
1636 314 114 29 assumed,
1764 314 49 23 that
1829 313 32 23 all

1275 348 73 23 banks
1361 348 70 23 desire
1481 348 55 23 loan
1541 345 49 26 '''to'
1597 347 38 24 the
1641 351 94 26 iujtmost
1747 350 79 20 extent
1838 346 25 23 of

1275 381 59 23 their
1345 388 92 19 means,,
1438 381 60 28 and,.
1502 381 19 23 it
1539 388 58 23 may,
1602 380 76 31 safely,
1683 380 32 24 .be
1746 379 122 29 resumed,-,

1276 414 49 23 that
1336 414 52 30 they
1400 414 70 23 refuse
1482 414 37 23 aid
1539 421 59 23 upon
1616 418 43 18 two
1679 412 100 32 grounds
1797 412 62 31 only.

1276 447 89 24 Either-,
1369 447 49 23 that
1425 447 45 37 ,&£.
1474 448 100 30 security
1577 447 27 26 .is
1617 451 39 29 no^
1668 447 152 29 sufficient,qr
1826 465 4 5 .
1839 446 24 23 of

1276 480 43 23 the-
1333 480 61 30 right
1397 479 7 17 ;
1404 493 4 5 *
1415 476 177 35 des'cription^o'r
1606 475 112 28 Ibecause'
1802 478 66 25 have,

1276 518 39 18 not
1334 513 38 23 the
1383 514 117 28 means...oj:
1517 513 113 30 granting,
1644 513 38 23 the
1701 512 105 31 required
1823 520 38 24 as-

1276 547 106 22 sistance.
1418 546 23 23 In
1454 554 64 15 cases
1531 546 24 23 of
1566 546 101 30 refusing
1679 553 29 16 on
1727 546 37 23 the
1776 546 86 23 former

1276 579 96 30 ground,
1383 579 60 29 Jthe/
1451 579 80 23 defect-
1537 580 31 22 'in
1581 579 44 23 -the
1644 579 118 23 character
1769 588 6 9 -■
1782 578 25 24 of
1823 578 39 23 tlie

1277 613 99 30 security
1396 612 19 23 is
1432 612 127 31 commonly
1575 612 81 29 stated,
1676 617 26 18 to
1722 611 79 24 enable
1822 611 40 23 the

1276 651 66 25 party
1359 650 24 18 to
1394 649 38 27 put
1440 646 19 22 it
1468 646 25 22 in
1502 652 92 24 proper'
1602 644 78 32 shape;
1687 653 32 15 -or
1724 649 45 19 "to'
1776 645 52 23 add-
1837 649 25 19 to
1867 654 2 4 •

1277 679 37 22 the
1326 679 140 30 securityyas
1485 679 43 22 the-
1536 682 56 19 case'
1604 685 54 23 may
1668 678 46 28 be-;
1733 675 49 30 but,
1795 677 67 24 when

1277 712 122 30 deficiency
1412 712 21 22 of
1439 713 82 30 power'
1526 712 21 22 is
1559 712 37 22 the
1608 712 48 22 sole
1755 712 18 22 it
1785 712 19 21 is
1821 715 42 18 not

1277 749 134 26 customary,
1417 749 17 18 to
1444 745 67 22 make
1524 752 45 22 any
1580 744 154 32 explanation,
1748 752 25 15 as
1785 743 76 24 banks

1276 778 46 23 will
1334 786 51 15 ever
1394 778 27 22 be
1429 778 116 30 unwilling
1552 782 23 18 to
1583 777 66 32 plead
1659 778 114 29 inability.
1809 776 53 24 Ex-

1275 812 117 30 pressions
1414 819 47 23 may
1484 811 28 23 be
1534 811 99 31 dropped
1656 811 140 29 concerning
1823 810 39 23 the

1277 844 111 23 hardness
1399 844 23 23 of
1434 844 37 23 the
1482 845 68 22 times
1569 844 44 22 and
1625 845 98 29 scarcity
1735 843 26 23 of
1770 851 91 22 money,

1278 878 57 23 from
1353 877 73 23 which
1440 878 86 30 parties
1617 877 68 28 infer,
1709 877 106 29 inability
1839 881 23 18 to

1276 915 60 18 meet
1355 910 39 24 the
1412 910 42 24 real
1472 910 45 24 and
1533 910 71 23 sound
1616 915 73 18 wants
1703 910 23 23 of
1742 910 38 23 the
1799 917 63 16 com-

1275 945 89 29 munity
1373 953 6 19 ;
1393 944 42 29 but,
1444 943 90 31 beyond
1544 943 56 23 such
1607 943 98 23 indirect
1717 943 145 28 admissions,

1276 978 104 30 nothing-
1399 977 84 23 further
1510 977 83 23 should
1616 984 52 15 ever
1689 977 30 22 be
1743 976 119 31 expected.

1276 1009 44 24 We
1333 1014 93 27 suggest
1434 1010 48 23 this'
1496 1011 66 30 point
1583 1011 35 22 for
1637 1009 38 23 the
1696 1009 166 24 consideration

1277 1044 25 22 of
1310 1044 38 22 the
1366 1044 128 31 applicants,
1507 1051 26 15 as
1550 1043 52 31 they
1618 1051 53 22 may
1682 1044 30 22 be
1722 1042 106 31 required
1839 1047 23 18 to

1275 1077 90 23 furnish
1376 1077 55 23 facts
1439 1078 24 22 in
1476 1081 95 27 support
1583 1077 24 23 of
1616 1077 38 23 the
1666 1076 131 31 allegation,
1811 1075 51 24 that

1277 1110 38 23 the
1338 1111 123 22 settlement
1482 1110 43 23 has
1548 1115 39 18 not
1616 1110 115 23 sufficient
1750 1109 112 30 .banking

1277 1143 92 31 capital.
1654 1143 2 8 '

1311 1184 34 23 To
1358 1184 75 23 enable
1442 1192 28 15 us
1480 1188 22 19 to
1512 1183 71 31 judge
1589 1183 107 24 V.hether
1708 1183 39 23 the
1759 1183 104 30 banking

1277 1217 105 23 facilities
1395 1225 35 15 are
1438 1218 128 28 sufficient,-
1576 1225 33 15 we
1621 1216 82 23 should
1717 1218 88 29 require
1818 1221 45 18 two

1277 1251 75 31 pieces
1373 1251 24 23 of
1411 1251 149 28 information,
1580 1250 22 23 of
1714 1258 33 14 we
1764 1257 38 15 are
1822 1249 40 23 de-

1274 1284 88 23 .ficient.
1399 1284 64 28 Eirst,
1484 1284 38 23 the
1540 1287 102 24 amount.
1649 1283 39 23 the
1701 1283 81 23 Union
1794 1282 69 23 Bank

1278 1317 42 23 has
1333 1326 28 14 on
1381 1317 49 23 loan
1446 1318 23 22 in
1482 1317 54 23 this.
1541 1317 102 30 Colony,.
1648 1316 64 24 with.
1716 1324 13 15 a
1740 1320 124 19 statement

1280 1351 110 30 showing,
1413 1352 48 28 Ist.,
1480 1350 55 23 how-
1547 1350 69 23 much
1635 1350 24 23 of
1675 1350 51 23 that
1737 1354 94 18 amount
1843 1350 20 22 is

1279 1384 82 30 capital
1379 1383 126 24 introduced
1526 1384 62 22 into
1595 1383 38 23 the
1658 1383 90 30 Colony
1765 1383 31 30 by
1815 1383 49 22 that

1280 1417 134 24 Institution
1423 1426 5 20 ;
1444 1416 90 31 2ndly.,
1555 1416 39 23 the
1605 1420 94 19 amount
1717 1416 24 23 of
1752 1416 59 23 their
1823 1416 40 23 de-

1278 1451 60 30 posit
1348 1454 91 20 account
1447 1460 6 19 ;
1474 1451 44 22 and
1530 1450 82 31 3rdly.,
1625 1450 47 23 the.
1677 1454 80 19 extent
1769 1449 25 23 of
1804 1449 59 23 their

1278 1484 83 23 issues.
1397 1484 59 23 With
1465 1484 64 23 these
1538 1484 52 23 data
1596 1491 32 16 we
1637 1482 82 25 should
1730 1483 28 23 be
1768 1482 96 23 enabled

1279 1521 22 19 to
1316 1517 60 23 form
1394 1525 56 15 some
1469 1517 93 31 opinion
1630 1517 39 23 the
1679 1523 3 4 '
1690 1516 96 31 subject,
1805 1517 58 21 irre-

1279 1551 100 30 spective
1392 1550 25 23 of
1425 1550 33 24 the
1468 1550 86 23 refusal
1567 1554 22 19 to
1609 1550 73 31 grant'
1698 1550 117 23 discounts
1834 1557 30 15 on

1279 1584 31 23 all
1317 1585 113 22 occasions
1435 1584 65 23 when
1508 1583 92 31 sought.
1623 1583 58 24 The.
1688 1583 64 23 other
1762 1583 63 30 piece
1841 1582 23 23 of

1279 1617 143 24 information
1430 1617 16 23 is
1456 1617 38 23 the
1502 1617 116 23 character
1625 1617 25 23 of
1659 1616 40 23 the
1707 1617 106 22 business
1824 1616 39 23 the

1274 1672 5 9 f
1279 1649 62 25 b'ank
1364 1651 20 23 is
1405 1650 102 31 expected
1526 1655 22 18 to
1567 1649 135 24 undertake.
1748 1649 63 23 That
1833 1650 30 27 is,

1280 1683 100 24 whether
1397 1684 17 22 it
1426 1684 21 31 is^
1460 1682 26 24 of
1499 1684 18 22 a'
1524 1683 136 31 description
1673 1682 138 31 universally
1823 1683 40 22 ad-

1280 1717 80 23 mitted
1369 1722 22 18 to
1404 1724 57 16 come
1474 1717 78 23 within
1564 1717 37 23 the
1612 1717 109 31 province
1733 1716 26 23 of
1768 1716 56 23 such
1835 1724 29 15 an

1282 1750 142 29 Institution*
1434 1758 26 15 or-
1469 1750 100 23 whether
1581 1750 44 23 the-
1630 1750 72 23 whole
1716 1757 24 16 or
1754 1757 44 23 any
1809 1757 55 23 por-

1272 1784 57 25 ,tion
1342 1784 24 23 of
1376 1784 18 22 it
1411 1784 23 23 be
1447 1784 98 30 -strictly
1555 1783 39 23 the
1605 1783 109 23 business
1726 1783 24 23 of
1766 1791 14 15 a
1797 1782 67 24 Loan

1281 1817 126 31 Company.
1437 1816 25 24 It
1483 1817 20 22 is
1524 1825 54 23 very
1599 1818 124 30 important
1745 1816 50 23 that
1818 1816 46 23 this

1280 1851 134 24 distinction,
1421 1850 77 24 should
1514 1850 28 24 be
1560 1850 72 29 made,
1645 1850 46 23 and
1706 1858 34 15 we
1755 1849 60 32 hope
1827 1857 37 15 ere

1279 1884 55 30 long
1344 1888 23 19 to
1378 1884 29 23 be
1418 1884 19 23 in
1447 1884 131 31 possession
1590 1884 25 23 of
1629 1884 147 23 information
1789 1882 75 24 which

1280 1917 46 23 will
1337 1922 94 19 warrant
1440 1926 41 14 our
1491 1917 118 31 returning
1625 1921 23 19 to
1661 1917 39 23 the
1712 1916 101 31 subject.,
1834 1916 30 24 In

1280 1950 131 24 conclusion
1421 1959 28 15 ive
1469 1959 53 23 may
1534 1950 49 28 add,
1597 1950 48 23 that
1665 1950 40 23 the
1727 1950 137 23 resolutions

1270 2008 2 4 ,
1279 1992 58 16 were
1356 1984 107 31 proposed
1486 1983 45 24 and
1552 1983 112 24 seconded
1736 1983 128 23 influential

1280 2017 44 23 and
1344 2018 72 22 active
1432 2017 141 22 commercial
1750 2016 49 25 and.
1815 2016 49 22 that

1280 2049 155 32 consequently
1447 2049 38 24 the
1496 2049 104 32 'opinion,
1609 2049 119 31 generally
1739 2048 84 31 sought
1834 2049 29 30 by

1280 2083 81 29 banks,
1369 2078 42 29 lias
1416 2083 52 24 been
1474 2082 135 30 sufficiently
1620 2082 130 31 expressed,
1760 2089 34 16 we
1805 2082 58 22 have

1281 2125 29 16 no
1323 2117 76 28 doubt,
1413 2121 19 19 to
1441 2124 80 16 secure
1531 2123 67 24 every
1609 2116 112 24 attention
1730 2120 23 18 to
1769 2114 38 24 the
1819 2116 44 22 im-

1280 2154 91 27 portant
1382 2150 90 31 subject.
1491 2156 4 3 '
1712 2175 3 3 ,
1832 2161 9 4 -

839 2980 122 21 LATEST
976 2981 109 20 DATES.

666 3115 94 63 New
791 3115 219 63 Zealand
1041 3115 218 63 Gazette

717 3179 66 21 AND
799 3178 213 23 WELLINGTON
1026 3179 186 23 SPECTATOR.

762 3233 129 25 Saturday,
911 3232 129 23 November
1055 3234 34 25 13,
1105 3235 60 20 1841.

1886 118 122 31 satisfying
2020 118 37 23 the
2064 118 74 25 .claim
2149 118 34 23 for
2196 118 67 29 land,,
2270 118 73 24 where
2363 120 18 23 it
2398 122 72 24 would

1885 151 58 23 have
1955 152 58 22 been
2024 151 100 30 possible
2136 155 23 19 to
2171 151 56 23 have
2241 152 109 30 surveyed
2361 152 52 24 land
2417 159 29 18 -at
2458 164 13 15 a

1880 191 61 23 .very
1952 184 63 30 rapid
2027 179 55 33 ral£,
2103 184 89 27 instead
2210 184 114 28 of^in^tjie
2335 185 135 31 neighbour-

1886 217 59 23 hood
1957 217 25 23 of
2002 217 58 23 Port
2072 216 133 29 Nicholson,
2227 217 75 23 where
2314 214 37 27 the
2363 218 107 33 difficulty

1887 250 25 23 of
1926 250 143 30 discovering
2080 250 37 22 the
2129 249 62 31 right
2202 258 79 23 passes
2298 251 34 22 for
2348 251 64 23 roads
2427 253 43 22 im-

1886 291 68 22 poses
1964 283 38 22 the
2012 282 51 23 task
2072 282 25 23 of
2106 282 119 31 exploring
2231 291 62 22 upon
2303 283 36 23 the
2345 291 125 23 surveyors,

1888 315 43 23 and
1944 315 55 23 adds
2010 316 53 22 nine
2084 315 77 23 tenths
2182 320 22 18 to
2223 315 39 24 the
2284 320 49 19 cost
2355 317 44 22 and
2418 318 53 23 time

1888 355 126 24 necessary-
2019 348 36 23 for
2067 348 38 23 the
2122 348 157 31 performance
2298 349 25 23 of
2343 349 39 23 the
2400 349 71 25 duties

1880 389 1 9 v
1889 381 32 27 of,
1929 381 37 25 the
1973 381 95 30 'S,uryey
2078 381 161 31 Department.

1923 421 67 23 Prior
2002 425 22 19 to
2037 422 105 30 entering
2151 429 62 23 upon
2223 421 38 23 the
2270 422 55 30 plan
2331 423 24 22 in
2363 425 107 28 question,

1889 454 39 24 the
1951 454 131 31 deputation
2100 454 108 24 returned
2225 454 60 23 from
2303 454 98 32 Sydney,
2420 458 52 22 with

1881 487 153 23 'information
2046 487 139 30 restricting,
2195 487 38 23 the
2253 487 147 31 preliminary
2418 497 54 23 pur-

1889 521 102 23 chasers-
2001 525 24 19 to
2044 528 46 16 one,
2105 520 104 23 hundred
2234 520 54 28 and,
2303 525 39 19 ten
2353 541 3 7 ,
2364 520 110 27 thousand

1889 562 63 15 acres
1964 553 84 24 around
2063 553 57 23 Port
2131 553 127 24 Nicholson
2271 553 45 23 and
2334 562 14 14 a
2358 554 83 24 refusal
2451 560 22 19 to

1889 587 111 24 entertain
2012 595 43 23 any
2075 587 141 31 proposition
2232 586 35 23 for
2285 586 37 27 the.
2339 586 94 28 folders
2452 590 24 22 of

1889 620 83 23 second
1984 621 70 22 series
2070 620 85 29 orders,
2176 619 43 24 and
2232 623 23 19 to
2272 619 48 23 this
2331 627 143 24 arrangment

1880 654 3 5 *
1889 653 38 23 the
1938 654 146 30 preliminary
2093 653 90 23 holders
2196 652 142 31 agreedyall
2348 652 129 32 thoughtof

1889 686 96 31 seeking
1996 686 53 23 land
2056 686 36 23 f6r
2102 686 46 23 this
2157 686 59 23 class
2229 686 25 23 of
2256 686 125 23 -claimants
2389 686 86 31 beyond

1889 718 39 24 the
1940 719 106 31 specified
2056 719 138 23 boundaries
2205 727 47 15 was
2263 719 37 24 for
2309 719 92 24 months
2407 720 67 23 aban-

1890 752 81 24 doned.
2016 752 58 23 This
2095 752 136 23 terminated
2243 748 49 27 'the'
2307 752 115 24 Taranaki
2434 755 42 23 and

1889 785 132 31 Wanganui
2033 785 91 24 scheme
2135 794 7 19 ;
2162 785 44 24 and
2222 789 24 20 at
2264 784 39 24 the
2316 785 54 24 time
2383 785 92 25 Colonel

1889 818 138 29 Wakefield,
2031 823 69 18 wrote
2111 819 18 22 it
2142 822 39 19 not
2193 818 53 30 only
2256 818 46 23 had
2314 826 28 15 an
2354 819 120 30 existence,

1889 852 42 23 but
1941 860 13 14 a
1962 856 65 26 great
2037 859 70 23 many
2118 859 96 23 persons
2226 851 169 24 considered>its
2406 853 70 30 appli-

1891 886 75 22 cation
1989 884 73 24 would
2081 886 29 22 be
2123 885 25 22 of
2169 884 38 23 the
2219 889 88 19 utmost
2317 884 65 24 value
2401 889 22 19 to
2441 886 36 24 the

1891 918 91 30 Colony
1992 918 59 23 from
2063 918 39 23 the
2120 926 96 15 manner
2232 918 26 24 in
2269 918 81 25 .which
2405 920 72 23 would

1891 951 105 31 expedite
2020 952 137 28 settlement,
2179 947 74 27 which
2270 950 104 31 justified
2390 951 48 23 him
2454 953 23 23 in

1891 985 134 31 expressing
2044 984 95 23 himself
2154 985 24 22 in
2197 993 14 14 a
2229 984 123 23 somewhat
2371 986 106 30 sanguine

1889 1026 104 15 manner.

1926 1058 153 31 Considering
2091 1058 51 23 that
2143 1078 4 6 s
2145 1066 22 15 -a
2180 1058 47 23 like
2239 1066 103 15 measure
2355 1058 25 23 of
2397 1058 80 31 justice

1889 1091 76 23 would
1982 1091 28 23 be
2028 1091 103 24 awarded
2149 1095 23 19 to
2190 1092 38 22 the
2248 1091 99 24 holders,
2352 1091 25 23 of
2382 1104 3 6 >
2397 1094 81 23 second

1891 1126 70 22 series
1974 1124 84 29 orders,
2074 1124 95 24 Colonel
2187 1124 131 24 Wakefield
2330 1124 95 32 adopted
2441 1126 36 23 the

1891 1158 174 23 determination
2088 1159 24 22 of
2142 1159 123 29 surveying
2293 1157 130 31 Wanganui
2444 1159 33 24 for

1891 1192 58 22 their
1956 1192 92 23 benefit.
2073 1191 60 23 This
2145 1195 159 26 arrangement
2314 1199 44 15 was
2364 1191 115 25 forthwith

1891 1225 92 22 entered
2001 1232 69 23 upon,
2088 1225 44 22 and
2154 1225 21 22 it
2197 1232 46 15 was
2263 1225 103 22 believed
2385 1232 92 23 persons

1891 1258 93 22 entitled
1997 1262 21 18 to
2037 1258 55 22 land
2109 1257 64 23 there
2193 1257 76 23 would
2286 1258 57 22 have
2363 1258 44 22 had
2426 1259 52 23 land

1891 1295 92 26 open-to
1997 1291 77 23 choice
2090 1295 23 19 at
2131 1298 15 15 a
2163 1298 62 23 very
2239 1291 62 30 early
2319 1291 91 30 period;
2436 1293 42 22 and

1891 1324 50 23 that
1953 1324 58 23 such
2022 1324 74 23 would
2108 1324 57 23 have
2176 1324 61 23 been-
2246 1324 38 23 the
2306 1332 58 21 case,
2377 1324 45 23 had
2440 1326 37 22 tl.e

1891 1365 82 22 survey
1977 1358 62 22 .been
2051 1357 134 31 prosecuted
2197 1357 54 23 with
2263 1357 51 23 zeal
2324 1357 30 31 by
2363 1357 38 23 the
2408 1359 69 22 assis-

1891 1395 49 18 tant
1952 1398 107 23 surveyor
2072 1390 54 24 then
2143 1392 23 21 in
2171 1390 90 31 'charge
2274 1390 26 23 of
2322 1390 49 23 that
2382 1390 94 30 district,

1891 1425 20 22 is
1928 1424 85 30 proved
2025 1424 30 30 by
2067 1424 38 23 the
2121 1428 65 26 great
2326 1423 73 31 'being
2414 1425 62 23 made

1891 1458 72 22 under
1982 1457 38 23 the
2039 1457 50 24 able
2108 1457 45 23 and
2171 1456 90 24 zealous
2280 1462 158 26 management
2456 1460 23 22 of

1891 1490 139 24 Lieutenant
2040 1491 110 23 Thomas.
2187 1490 90 31 Nearly'
2281 1491 78 22 fifteen
2368 1491 109 24 thousand

1892 1531 63 16 acres
1966 1526 3 6 '
1978 1524 56 23 have
2055 1524 57 23 been
2136 1523 84 24 offered
2241 1524 64 23 there
2326 1524 96 31 already,
2435 1526 42 22 and

1891 1557 78 23 fifteen
1982 1557 113 23 thousand
2107 1565 61 15 more
2180 1557 47 23 will
2236 1557 27 23 be
2272 1565 59 23 open
2339 1561 23 19 to
2373 1557 105 24 selection

1893 1599 29 14 on
1933 1591 38 22 the
1985 1591 57 24 15th
2053 1591 129 23 December
2194 1594 63 20 next.
2298 1590 44 25 We
2353 1590 57 25 have
2421 1591 56 24 little

1892 1624 70 24 doubt
1973 1632 52 16 now
2041 1624 50 24 that
2109 1624 39 23 the
2167 1631 93 24 surveys
2281 1625 26 22 in
2321 1623 54 28 .that
2394 1624 84 24 district

1887 1658 51 22 .will
1949 1658 59 31 keep
2020 1657 85 24 a-head
2123 1657 25 24 of
2170 1657 39 24 the
2227 1662 73 18 wants
2319 1657 24 24 of
2363 1658 115 23 claimants

1891 1691 35 23 for
1938 1691 62 23 land.

1926 1724 68 23 After
2027 1724 38 23 the
2096 1724 133 31 Wanganui
2247 1748 3 4 ,
2255 1729 158 26 arrangement
2434 1733 44 15 was

1893 1758 92 22 entered
2003 1766 69 22 upon,
2085 1766 63 15 news
2163 1758 24 24 of
2208 1757 38 23 the
2265 1757 122 24 formation
2402 1759 23 23 of
2442 1759 37 23 the

1893 1791 125 31 Plymouth
2046 1792 130 23 settlement
2198 1799 46 15 was
2273 1791 110 23 received.
2430 1792 50 23 The

1892 1824 126 31 Plymouth
2027 1825 118 30 Company
2151 1832 45 16 was
2202 1824 89 24 formed
2298 1828 23 19 to
2329 1824 43 24 add
2379 1825 102 31 strength

1893 1863 22 18 to
1926 1858 38 23 the
1976 1858 98 23 London
2088 1858 126 31 Company,
2226 1858 49 23 into
2288 1858 73 23 which
2371 1858 18 23 it
2401 1859 19 23 is
2431 1867 50 15 now

1892 1891 100 31 merged,
2012 1891 44 23 and
2067 1891 39 23 the
2119 1891 89 30 Colony
2220 1891 140 24 determined
2377 1900 67 22 upon,
2457 1893 24 22 in

1893 1926 122 29 ignorance
2033 1924 25 23 of
2075 1924 38 24 the
2131 1924 149 31 proceedings
2293 1924 31 23 of-
2335 1924 37 24 the
2390 1925 91 31 Sydney

1893 1958 105 24 Council.
2033 1958 77 23 When
2123 1958 39 23 the
2176 1959 89 29 Survey
2281 1958 62 23 Staff
2358 1959 93 28 arrived,
2464 1960 18 22 it

1893 1999 45 15 was
1950 1999 120 23 necessary
2083 1996 23 18 to
2118 1991 125 24 determine
2256 1999 29 15 on
2295 1999 61 16 some
2370 1992 59 30 plan,
2439 1992 43 23 and

1892 2032 14 14 a
1917 2024 86 22 similar
2112 2026 24 19 to
2215 2024 102 28 pursued
2328 2024 23 20 in
2369 2024 112 22 reference

1893 2060 22 19 to
1932 2056 37 23 the
1987 2056 132 30 Wanganui
2134 2055 91 24 holders
2248 2062 45 15 was
2312 2055 94 31 adopted
2417 2065 6 19 ;
2443 2056 38 23 the

1892 2089 71 24 result
1974 2097 46 15 was
2030 2089 37 23 the
2079 2089 130 23 settlement
2221 2088 25 23 of
2255 2088 125 24 Taranaki.

1926 2131 68 23 After
2015 2130 62 24 these
2090 2134 87 24 events,
2189 2129 146 23 information
2348 2129 25 23 of
2389 2129 38 23 the
2444 2138 37 15 ar-

1893 2168 155 27 rangements,
2058 2163 54 24 with
2125 2163 158 24 Government
2300 2171 46 14 was
2362 2163 101 23 received
2472 2173 6 19 ;

1893 2198 45 23 and
1949 2206 63 15 some
2023 2197 92 23 months
2126 2197 58 23 later
2197 2196 99 31 Captain
2309 2196 96 23 Hobson
2417 2196 64 24 made

1893 2231 36 24 his
1939 2239 138 23 appearance
2088 2240 5 19 ;
2108 2230 45 23 and
2165 2230 37 23 the
2213 2229 132 31 Wanganui
2356 2230 45 23 and
2408 2230 71 23 Tara-

1882 2264 2 4 '
1893 2265 210 23 naki-settlements
2114 2272 59 15 were
2187 2263 133 24 confirmed.

1929 2305 95 24 Colonel
2046 2304 130 24 Wakefield
2196 2307 23 20 at
2243 2312 12 15 a
2265 2304 103 31 meeting
2385 2303 25 23 of
2428 2303 53 23 land

1895 2339 118 24 claimants
2037 2338 73 23 stated
2131 2338 50 23 that
2199 2337 30 23 he
2241 2336 82 24 .would
2347 2337 75 23 obtain
2444 2337 36 23 the

1895 2373 95 30 largest,
1996 2371 100 32 possible
2108 2372 104 30 quantity
2225 2370 26 24 of
2259 2370 61 27 .land
2330 2370 73 24 which
2416 2371 63 30 Capt.

1896 2406 99 23 Hobson
2011 2405 73 24 would
2096 2404 105 29 concede,
2218 2408 39 19 out
2269 2404 26 23 of
2291 2424 17 11 o
2310 2403 72 24 which
2393 2404 34 23 for
2445 2404 36 23 the

1895 2439 92 24 holders
1998 2439 25 23 of
2037 2439 147 31 preliminary
2196 2437 55 24 land
2268 2437 77 24 orders
2357 2442 22 18 to
2399 2437 66 23 select
2474 2446 5 19 ;

1896 2472 44 24 and
1951 2473 34 23 he'
1997 2473 42 23 has
2051 2472 106 23 obtained
2170 2479 12 16 a
2194 2475 61 20 most
2270 2471 211 31 importantexten-

1897 2507 86 23 sion.of
1992 2502 38 28 the
2040 2505 119 31 boundary
2171 2505 25 23 of
2205 2504 39 24 the
2253 2504 137 29 settlement,
2403 2504 80 31 having

1897 2540 53 23 thus
1967 2540 59 23 been
2042 2538 113 25 extended
2163 2542 4 3 '
2174 2543 22 19 to
2214 2538 39 23 the
2265 2543 51 18 east
2333 2538 63 23 bank
2406 2538 24 23 of
2445 2537 36 23 the

1899 2573 139 23 Manawatu.
2076 2572 69 24 Until
2163 2571 45 24 this
2225 2580 45 16 was
2290 2571 137 29 authorized,
2446 2571 35 23 the

1898 2615 94 22 surveys
1999 2606 57 23 have
2063 2606 65 23 been'
2134 2605 122 25 continued
2263 2603 78 25 within
2350 2605 37 23 Sir
2396 2604 86 30 George

1899 2637 81 34 Gipp's'
1994 2640 66 27 limit,
2082 2639 44 23 and
2133 2639 58 23 have
2201 2639 139 30 necessarily
2351 2638 57 23 been
2421 2638 59 23 slow.

1899 2674 46 23 But
1952 2672 103 32 splendid
2064 2669 105 26 districts'
2178 2679 37 16 are
2227 2672 31 30 liy
2270 2672 47 22 this
2329 2675 154 27 arrangement

1898 2704 99 33 brought
2015 2706 80 23 within
2105 2705 39 23 the
2157 2705 52 23 first
2226 2705 138 28 settlement,
2385 2705 45 23 and
2450 2712 33 16 ar-

1899 2745 145 25 rangements
2062 2747 38 15 are
2117 2738 98 31 making
2225 2738 34 23 for
2279 2738 123 31 surveying
2417 2738 66 27 them,

1899 2773 73 23 which
1982 2773 45 23 will
2045 2773 27 23 be
2085 2771 88 24 carried
2180 2781 3 6 ■
2189 2772 48 22 into
2255 2771 66 23 effect
2336 2771 148 30 immediately

1900 2806 56 24 after
1968 2806 38 24 the
2018 2806 44 31 day
2072 2813 63 24 upon
2147 2803 74 25 which
2232 2803 38 25 the
2279 2804 55 25 land
2344 2813 52 15 now
2406 2804 78 24 offered

1899 2841 36 23 for
1947 2840 109 24 selection
2066 2839 43 23 has
2119 2838 84 32 passed
2214 2838 39 31 by.

1934 2874 43 23 We
1999 2873 87 24 believe
2109 2873 70 23 about
2201 2872 74 31 thirty,
2289 2871 115 24 .thousand
2426 2879 58 16 acres

1900 2907 57 24 have
1974 2907 63 28 been,
2044 2906 122 31 .surveyed
2166 2919 33 4 —
2199 2905 45 25 and
2258 2905 56 23 .'that
2324 2909 39 20 ten
2373 2913 61 15 more
2446 2904 38 23 will

1893 2949 56 21 ,now
1962 2941 28 23 be
2003 2940 92 24 offered.
2131 2940 45 23 We
2183 2937 68 26 think
2260 2939 103 24 .another
2375 2943 36 19 tea
2423 2938 61 23 thou-

1901 2974 110 25 sand.will
2016 2973 126 25 be'offered
2149 2974 24 22 in
2178 2973 38 23 the
2222 2972 186 32 neighbourhood
2416 2972 25 23 of
2445 2972 39 22 this

1902 3009 63 27 Port,
1978 3008 96 30 making
2084 3007 52 31 fifty
2149 3006 112 24 thousand
2268 3006 131 31 altogether
2409 3006 25 22 in
2445 3005 39 22 this

1901 3050 54 22 very
1977 3041 96 23 difficult
2083 3041 103 27 .district.
2223 3040 46 24 To^
2277 3039 47 24 this
2344 3039 102 32 quantity
2456 3045 28 15 we

1900 3075 46 24 feel
1957 3075 113 23 confident
2088 3082 33 15 we
2133 3081 52 23 may
2197 3081 40 23 say
2248 3073 50 24 that
2316 3071 168 33 fifty-thousand

1902 3116 62 16 acres
1976 3109 46 23 will
2040 3108 36 23 be-
2087 3107 73 24 added
2180 3108 23 22 in
2220 3116 14 15 a
2245 3107 44 23 few
2306 3106 92 24 months
2409 3106 23 22 in
2449 3104 35 23 the

1902 3150 48 15 new
1971 3142 108 23 districts.
2127 3141 44 23 We
2194 3140 113 24 therefore
2323 3147 37 16 are
2380 3139 104 30 sanguine

1894 3176 58 23 'that
1969 3175 39 24 the
2020 3175 56 31 days
2100 3175 25 23 of
2142 3174 38 24 the
2192 3182 81 23 survey
2286 3174 70 29 being
2373 3173 29 23 irr
2415 3179 69 17 arrear

1902 3210 25 22 of
1943 3210 59 23 sales
2016 3210 18 22 is
2049 3213 23 19 at
2089 3208 61 24 hand
2154 3221 29 3 —
2185 3207 44 24 and
2241 3207 2 4 '
2250 3207 49 28 tha,t
2317 3206 79 24 within
2411 3205 73 24 twelve

1901 3243 92 24 months
2002 3243 60 23 from
2079 3241 47 24 this
2138 3241 51 24 date
2204 3241 138 31 purchasers
2361 3248 29 15 on
2407 3237 77 25 arrival

1891 3281 2 4 '
1902 3285 52 22 may
1964 3276 29 24 be
2011 3281 42 26 put
2072 3276 24 22 in
2114 3276 144 30 possession-
2258 3278 4 12 11
2262 3287 17 4 —
2281 3274 26 23 of
2312 3270 62 27 'land
2385 3272 68 29 ejther
2463 3271 21 22 in

1902 3306 253 35 the/^neighbourhood
2172 3308 31 31 pi
2219 3306 3 5 '
2227 3308 60 24 Port
2309 3307 123 23 Nicholson
2434 3318 28 3 —
2465 3309 19 17 at

1903 3344 72 23 Otaki
1976 3356 34 3 —
2012 3343 133 23 Manawatu
2145 3354 33 4 —
2178 3341 133 30 Wanganui
2324 3348 25 15 or
2366 3337 118 26 Taranaki.

1936 3384 44 23 We
1992 3384 58 31 hope
2061 3383 46 23 this
2119 3382 147 31 explanation
2279 3389 53 22 may
2342 3388 68 23 prove
2422 3379 62 23 satis-

1902 3418 95 30 factory.
2033 3417 44 22 We
2097 3423 43 15 can
2150 3415 58 30 fully
2223 3413 141 32 sympathise
2380 3413 55 23 with
2451 3411 34 23 the

1903 3452 93 29 anxiety
2006 3450 41 23 felt
2063 3450 33 33 by
2106 3455 95 25 persons
2214 3447 108 24 desirous'
2330 3447 24 24 of

1903 3485 58 22 their
1973 3483 61 29 land,
2048 3483 81 28 having
2140 3482 83 27 td.wait
2230 3481 59 25 .thus
2296 3481 62 30 long,
2371 3480 42 22 and
2423 3480 16 22 it
2446 3478 37 22 has!

1903 3518 56 22 been
1978 3514 42 26 bur
2038 3514 119 32 agreeable
2169 3513 63 33 duty',
2251 3522 29 15 on
2293 3522 64 18 more
2375 3513 52 23 than
2447 3517 38 16 one

1904 3551 111 28 occasion,
2029 3554 22 18 to
2060 3549 55 23 offer
2123 3557 13 15 a
2149 3546 83 26 tribute
2239 3548 30 29 pi
2279 3548 73 31 praise
2364 3551 22 20 to
2399 3546 35 23 the
2446 3551 37 15 ex-

1903 3584 101 30 emplary
2027 3583 104 30 patience
2157 3581 74 24 which
2260 3581 56 30 they
2336 3581 57 23 have
2415 3578 71 24 shown

1903 3617 72 23 under
1987 3617 63 23 these
2063 3616 77 30 trying
2152 3616 184 23 circumstances.

705 3281 25 25 A
746 3283 100 29 meeting
856 3289 29 15 on
898 3281 37 24 the
948 3282 88 31 subject
1047 3282 26 23 of
1088 3282 118 32 obtaining
1218 3291 40 15 ex-

672 3315 82 24 tended
764 3315 110 31 Banking
884 3315 106 23 facilities
1002 3323 44 16 was
1056 3315 54 24 held
1119 3324 29 15 on
1169 3316 89 24 Thurs-

672 3349 43 30 day
726 3349 52 28 last,
790 3349 24 23 in
826 3348 37 24 the
876 3348 135 32 Exchange,
1023 3349 24 23 in
1059 3349 135 31 conformity
1206 3350 52 23 with

672 3382 38 23 the
722 3382 174 23 advertisement
906 3382 100 31 inviting
1016 3390 28 15 an
1065 3383 141 30 assemblage
1224 3384 34 22 for

672 3415 38 23 the
722 3416 165 23 consideration
899 3415 25 23 of
939 3415 49 24 that
1005 3415 96 32 subject.
1137 3416 51 23 The
1206 3425 52 23 pro-

672 3448 105 32 ceedings
789 3448 74 25 which
880 3448 56 24 took
953 3449 65 31 place
1036 3457 37 16 are
1093 3450 118 30 explained
1230 3451 28 30 by

672 3482 38 24 the
721 3483 71 23 series
804 3483 24 23 of
843 3482 136 24 resolutions
993 3483 73 23 which
1078 3491 89 23 appear,
1178 3484 24 23 in
1220 3492 38 15 our

672 3515 139 30 advertising
821 3515 112 24 columns.

706 3549 51 24 The
769 3549 87 30 ground
867 3549 36 23 for
915 3549 143 31 considering
1066 3549 49 23 that
1123 3549 39 24 the
1169 3554 92 27 present

672 3578 104 35 banking
786 3582 105 23 facilities
903 3590 59 16 were
974 3588 40 18 not
1025 3584 65 29 equal
1103 3587 23 20 to
1139 3584 39 23 the
1190 3588 70 19 wants

672 3616 26 24 of
713 3616 38 23 the
764 3615 95 32 Colony,
873 3624 44 15 was
938 3617 74 23 stated
1032 3621 21 18 to
1074 3616 28 24 be
1123 3617 39 23 the
1181 3617 79 23 Union

673 3649 69 24 Bank
753 3653 40 19 not
803 3648 84 32 haying
899 3650 113 31 complied
1023 3650 53 23 with
1089 3650 37 23 the
1138 3655 92 26 request
1239 3650 24 23 of

672 3683 85 31 parties
770 3683 33 23 for
944 3691 62 23 upon
1025 3683 61 23 what
1103 3691 47 15 was
1169 3683 93 24 deemed

673 3716 114 23 sufficient
798 3716 99 30 security
909 3716 44 23 and
966 3716 25 23 of
1007 3724 13 15 a
1037 3716 139 31 description
1188 3718 22 22 in
1224 3725 37 15 ac-

674 3749 109 24 cordance
795 3749 54 23 with
860 3750 38 22 the
910 3751 166 29 requirements
1091 3751 25 22 of
1122 3758 28 15 an
1164 3750 98 24 Institu-

674 3784 48 21 tion
740 3783 26 22 of
783 3782 37 24 the
837 3782 65 23 kind.
939 3783 91 23 Parties
1042 3783 61 23 often
1108 3779 117 35 '[disagree
1238 3792 24 15 as

675 3820 23 18 to
709 3815 36 23 the
758 3816 131 30 sufficiency
901 3816 25 24 of
936 3817 125 28 securities,
1074 3817 45 23 and
1131 3817 38 23 the
1180 3824 81 23 person

675 3849 101 22 desirous
790 3848 24 24 of
830 3848 132 32 borrowing
973 3850 20 22 is
1006 3850 113 30 naturally
1131 3850 98 23 inclined
1242 3855 21 18 to

675 3881 64 31 place
751 3890 13 14 a
782 3881 56 31 high
849 3882 66 23 value
926 3890 61 23 upon
1000 3883 64 23 those
1076 3883 75 23 which
1166 3883 29 23 he
1213 3888 50 18 ten-

676 3915 52 22 ders
739 3923 60 23 upon
812 3914 73 23 which
898 3920 22 18 to
933 3916 76 23 obtain
1021 3925 13 14 a
1051 3916 62 23 loan.
1149 3916 24 23 A
1185 3916 75 23 know-

676 3947 65 30 ledge
754 3948 24 22 of
788 3947 37 23 the
839 3948 130 30 sufficiency
982 3949 25 23 of
1017 3949 37 23 the
1067 3950 100 28 security
1182 3949 82 24 offered

1314 2203 33 24 At
1359 2203 38 24 the
1407 2203 91 31 especial
1509 2208 92 26 request
1609 2204 26 22 of
1642 2203 51 23 Mr.
1707 2203 111 29 Burgess,
1830 2208 34 16 we

1280 2237 93 30 publish
1383 2245 13 15 a
1402 2237 60 23 letter
1473 2236 121 24 addressed
1604 2237 31 30 by
1643 2236 50 24 him
1703 2241 24 18 to
1736 2236 38 22 the
1786 2242 77 24 paper,

1281 2270 38 23 the
1338 2270 74 31 object
1418 2270 24 23 -of
1458 2270 73 23 which
1543 2277 33 16 we
1595 2270 91 23 confess
1697 2277 34 16 we
1748 2269 58 23 have
1818 2273 48 18 .not

1280 2303 58 23 been
1354 2303 50 23 able
1421 2308 18 18 to
1458 2303 82 24 detect.
1576 2303 109 23 Between
1703 2303 39 23 the
1765 2306 100 19 extracts

1282 2335 110 33 (forming
1402 2336 58 24 three
1472 2336 89 24 fourths
1573 2336 24 23 of
1605 2336 38 23 the
1653 2335 213 31 communication,)

1282 2370 68 23 taken
1366 2370 59 23 from
1438 2370 96 24 Colonel
1553 2370 149 23 Wakefield's
1722 2369 103 31 dispatch
1844 2369 26 22 of

1282 2403 134 29 December,
1424 2408 3 11 1
1433 2405 73 28 ,1840,
1526 2409 24 17 to
1567 2403 37 24 the
1618 2403 129 31 Company,
1766 2403 45 22 and
1828 2402 39 23 the

1282 2436 135 31 concluding
1432 2438 87 30 portion
1531 2437 24 23 of
1573 2437 36 23 the
1622 2437 76 28 latter,
1719 2437 59 23 their
1797 2436 21 22 is
1837 2444 30 14 no

1282 2474 110 28 apparent
1414 2471 135 23 connection.
1585 2470 50 23 The
1655 2474 100 19 extracts
1776 2470 92 23 contain

1283 2504 84 22 certain
1377 2507 135 26 statements,
1531 2504 74 23 which
1615 2504 19 23 it
1651 2504 77 30 might
1740 2503 58 23 have
1809 2503 60 23 been

1282 2537 115 31 supposed
1420 2545 36 16 oar
1477 2537 180 31 correspondent-
1672 2537 87 31 copied,
1778 2537 36 22 for
1830 2537 39 22 the

1282 2578 98 23 purpose
1392 2570 25 24 of
1430 2571 150 30 commenting
1597 2577 77 25 upon;;
1693 2570 43 24 'but
1748 2570 20 23 if
1784 2578 33 20 so,
1830 2570 39 22 the

1283 2604 111 23 intention
1405 2604 34 23 has
1449 2608 41 19 not
1496 2604 57 23 been
1561 2603 134 24 caried'-into
1703 2604 74 23 effect.
1808 2603 61 23 Pos-

1284 2637 57 30 sibly
1352 2637 19 23 it
1381 2644 45 16 was
1434 2642 22 18 to
1466 2637 59 23 have
1536 2637 58 23 been
1609 2637 122 31 explained
1742 2638 24 22 in
1778 2644 14 16 a
1802 2641 67 26 post-

1284 2670 77 31 script,'
1373 2670 67 23 which
1453 2671 19 22 it
1489 2671 19 22 is
1520 2671 84 22 known
1610 2671 32 31 tis
1653 2675 42 18 not
1707 2670 163 30 uufrequently

1284 2704 59 23 alike
1355 2704 37 23 the
1405 2709 54 18 most
1470 2704 135 30 interesting
1616 2704 43 22 and
1672 2704 125 30 important
1815 2711 54 22 por-

1284 2738 48 22 tion
1343 2737 26 23 of
1378 2745 14 15 a
1402 2737 61 23 letter
1472 2746 7 20 ;
1493 2737 95 31 nothing
1596 2737 25 23 of
1630 2737 38 23 the
1681 2737 65 28 kind,
1755 2737 114 27 however,

1284 2770 158 31 accompanied'
1448 2771 38 23 the
1497 2771 198 23 communication.
1732 2770 30 23 In
1773 2770 66 31 place
1848 2770 25 22 of

1286 2803 111 32 affording
1408 2811 38 24 any
1454 2812 82 15 reason
1547 2804 34 23 for
1593 2804 86 30 having
1688 2803 66 24 made
1762 2808 108 24 extracts,

1285 2846 41 15 our
1338 2837 169 32 correspondent
1524 2837 109 31 proceeds
1648 2842 22 18 to
1690 2841 93 27 request
1801 2845 27 15 us
1848 2842 23 18 to

1285 2875 57 19 state
1361 2871 34 23 for
1415 2871 32 23 the
1465 2871 146 24 information
1623 2871 26 23 of
1669 2871 92 23 distant'
1775 2878 97 24 persons

1285 2904 114 32 supposed
1411 2909 19 18 to
1439 2905 28 23 be
1475 2905 126 23 interested
1606 2905 24 23 in
1639 2904 64 27 New,
1710 2903 109 30 Zealand,
1832 2904 40 23 the

1285 2944 49 17 cost
1352 2938 26 23 of
1397 2938 71 31 living,
1482 2946 30 15 on
1528 2938 38 23 the
1585 2937 73 24 beach
1674 2938 31 23 of.
1717 2938 154 30 Wellington.

1284 2972 43 23 We
1340 2980 46 19 are,
1400 2979 30 15 we
1437 2979 115 24 presume,
1564 2977 23 18 to
1596 2977 58 18 state
1665 2972 40 22 the
1715 2972 94 22 relative
1822 2975 51 19 rent

1286 3005 24 23 of
1319 3013 14 15 a
1343 3006 73 22 mauri
1427 3005 66 24 and-a
1503 3005 94 24 wooden
1607 3005 81 29 house,
1701 3005 46 23 and
1758 3005 59 23 their
1834 3012 38 15 re-

1285 3039 98 31 spective
1395 3039 73 23 merits
1478 3048 6 19 ;
1504 3039 39 23 the
1555 3043 49 24 goat
1614 3047 41 23 per
1664 3039 74 23 dozen
1749 3039 36 23 for
1797 3038 73 23 wash-

1285 3073 40 31 ing
1336 3072 78 23 babies
1425 3072 80 23 clothes
1582 3072 77 24 brown
1673 3080 55 24 soap
1739 3081 6 19 ;
1759 3071 38 24 the
1809 3072 63 30 price

1286 3106 24 23 of
1318 3106 55 29 fuel,
1388 3105 42 23 and
1439 3105 38 24 the
1489 3107 103 30 quantity
1604 3106 107 31 required
1722 3106 35 22 for
1768 3114 14 14 a
1793 3105 80 31 family

1286 3140 82 30 during
1380 3139 77 24 twelve'
1472 3140 92 23 months
1575 3149 5 19 ;
1601 3139 38 24 the
1744 3144 22 18 to
1778 3139 28 23 be
1818 3140 64 30 pre-

1286 3173 79 23 sumed
1385 3178 33 18 to-
1426 3174 81 22 consist
1520 3173 37 23 of,
1562 3173 50 30 live;
1625 3181 104 23 persons,
1748 3180 61 25 papa
1828 3172 46 23 and

1286 3214 105 21 mamma,
1409 3210 37 20 two
1458 3206 103 26 children
1580 3206 59 26 who,
1641 3214 52 17 can,
1698 3213 41 16 use
1752 3206 58 23 their
1823 3213 50 16 own
1875 3206 5 9 1

1285 3240 57 31 legs,
1355 3239 45 24 and
1412 3248 35 15 one
1460 3241 118 30 requiring
1596 3235 38 28 the
1646 3248 42 15 use
1700 3240 25 23 of
1738 3239 38 23 the
1788 3239 50 31 legs
1851 3239 24 23 of

1286 3281 61 16 some
1357 3273 64 24 other
1431 3274 88 31 person,
1533 3274 69 24 aird,a
1602 3287 5 18 ;
1611 3278 101 19 servant.
1750 3272 50 24 The
1810 3274 69 30 price,

1286 3307 26 23 of
1320 3307 30 23 all
1357 3307 64 23 other
1430 3308 137 22 necessaries
1580 3307 43 23 and
1632 3307 38 23 the
1680 3307 103 23 luxuries
1793 3307 25 23 of
1825 3301 57 34 lifef?

1286 3342 22 21 in
1328 3340 68 23 detail
1406 3349 5 19 ;
1431 3340 98 23 whether
1550 3336 53 36 they
1616 3348 48 18 can,
1677 3345 23 18 at
1712 3340 31 23 all
1759 3340 67 23 times
1845 3339 29 24 be

1286 3373 44 24 had
1339 3379 10 24 ;'
1364 3373 46 23 and
1420 3381 36 16 our
1463 3375 98 30 'opinion
1574 3382 24 15 as
1615 3379 22 18 to
1649 3374 40 23 the
1700 3373 140 32 probability
1852 3373 25 23 of

1286 3408 59 23 their
1355 3408 73 30 prices
1437 3407 126 31 advancing
1581 3415 25 16 or
1624 3407 116 31 declining
1754 3407 120 23 hencefor-

1286 3441 75 28 ward';
1385 3436 49 37 and',
1440 3448 41 16 our
1500 3448 93 16 reasons
1605 3445 23 19 at
1639 3441 82 31 length
1732 3441 36 23 for
1779 3440 96 31 holding

1287 3474 56 23 such
1355 3481 29 16 an
1397 3474 95 31 opinion.
1529 3474 35 23 To
1580 3474 52 29 this,
1646 3474 25 23 of
1689 3482 88 20 course,
1790 3481 33 16 we
1836 3481 38 15 are

1287 3513 22 18 to
1322 3507 43 23 add
1377 3515 43 22 any
1431 3507 61 23 other
1503 3507 145 24 information
1658 3515 35 15 we
1705 3515 53 22 may
1771 3507 104 23 consider

1286 3541 70 31 likely
1366 3546 21 17 to
1401 3541 26 22 be
1434 3541 74 22 useful
1521 3546 22 18 to
1555 3541 39 23 the
1605 3542 137 29 interesting
1757 3540 116 23 absentee.

1287 3574 44 23 We
1349 3582 38 15 are
1400 3582 47 23 very
1460 3573 108 25 thankful
1587 3580 21 17 to
1628 3582 40 16 our
1688 3573 186 31 correspondent,

1287 3608 35 23 for
1333 3608 119 31 proposing
1469 3612 23 19 to
1508 3615 30 16 us
1550 3607 37 24 the
1601 3608 120 23 execution
1733 3607 26 23 of
1773 3607 46 22 this
1838 3608 36 21 in-

1288 3642 111 30 teresting
1411 3641 46 23 task
1468 3650 6 19 ;
1501 3641 43 23 but
1562 3648 32 16 we
1605 3645 62 19 must
1679 3640 68 31 plead
1763 3640 56 22 both
1839 3641 36 21 in-

1289 3675 78 30 ability
1387 3674 43 23 and
1444 3674 177 29 disinclination,
1635 3682 25 15 as
1674 3681 41 16 our
1731 3681 94 15 reasons
1841 3673 34 23 for

1289 3708 114 31 declining
1413 3707 29 23 his
1456 3707 125 31 challenge.
1595 3714 2 6 '

1324 3749 50 23 The
1398 3751 95 21 extracts
1515 3748 58 23 from
1600 3747 95 24 Colonel
1724 3747 151 23 Wakefield's

1290 3777 111 36 despatch*
1410 3782 54 23 refer
1477 3786 23 19 to
1513 3781 38 23 the
1564 3785 160 27 arrangement
1735 3780 74 23 which
1830 3780 46 23 had

1291 3816 52 22 then
1355 3815 59 24 been
1427 3815 58 23 made
1498 3815 35 23 for
1553 3814 107 31 marking
1682 3814 34 23 off
1733 3814 99 23 sections
1855 3820 22 18 at

1291 3849 129 31 Wanganui
1431 3848 42 23 and
1485 3848 123 28 Taranaki,
1623 3848 74 23 which
1717 3855 58 16 were
1796 3847 81 23 adver-

1291 3883 58 23 tised
1368 3890 25 15 as
1417 3890 53 23 open
1493 3887 22 18 to
1540 3882 106 22 selection
1671 3882 22 22 in
1718 3881 38 23 the
1780 3881 98 31 ensuing

1291 3916 127 30 February.
1458 3916 24 23 It
1501 3923 46 15 was
1561 3914 104 24 assumed
1679 3915 49 23 that
1741 3914 44 23 this
1798 3923 79 18 course

1293 3949 72 23 would
1378 3949 54 23 have
1439 3949 90 30 greatly
1542 3949 119 30 expedited
1674 3949 38 23 the
1725 3956 102 23 surveys,
1849 3949 29 31 by

1938 3684 99 24 Messrs.
2059 3683 74 24 Wade
2150 3681 106 32 disposed
2276 3681 24 23 of
2321 3680 29 24 all
2370 3680 36 24 the
2425 3676 61 25 cattle

1905 3718 51 30 they
1966 3718 83 23 offered
2057 3718 35 22 for
2103 3717 47 23 sale
2159 3724 27 15 on
2195 3714 143 30 Wednesday
2346 3713 51 23 last:
2427 3711 59 28 They

1904 3760 58 15 were
1981 3751 112 31 imported
2110 3751 23 22 hi
2148 3749 36 24 the
2204 3747 112 29 Matilda,
2334 3746 44 24 and
2397 3741 89 27 realized

1904 3794 54 23 very
1975 3784 113 24 excellent
2103 3784 82 31 prices.
2229 3781 51 24 The
2299 3779 130 25 attendance
2447 3783 39 17 was

1905 3826 129 21 numerous,
2055 3817 45 23 and
2116 3817 39 23 the
2171 3815 95 30 bidding
2283 3813 89 24 showed
2385 3812 46 23 that
2451 3810 34 23 the

1905 3853 84 30 ieeling
2009 3852 24 22 in
2044 3851 80 23 favour
2137 3850 26 23 of
2178 3848 73 28 stock,
2270 3854 21 17 to
2305 3846 72 24 which
2389 3853 30 15 we
2435 3844 51 22 have

1905 3887 68 29 lately
1993 3884 96 28 alluded,
2110 3891 46 15 was
2168 3882 50 23 well
2237 3880 145 24 maintained.
2418 3876 68 25 There

1906 3928 57 14 were
1976 3918 76 23 orders
2067 3918 58 22 from
2140 3915 128 31 Wanganui
2277 3923 6 19 ;
2305 3914 38 23 the
2354 3915 75 20 recent
2444 3909 42 23 dis-

1907 3960 80 22 covery
2003 3951 27 23 of
2046 3958 54 23 very
2111 3950 46 23 fine
2175 3949 53 23 land
2246 3947 70 28 there,
2335 3946 82 29 having
2427 3941 59 26 made

522 40 101 30 THE
645 39 110 31 NEW
773 39 229 31 ZEALAND
1025 38 223 32 GAZETTE
1269 37 100 31 AND
1391 37 320 31 WELLINGTON
1736 37 294 31 SPECTATOR.

718 112 83 34 SHIPPING
801 112 415 34 INTELLIGENCE.

680 179 22 22 t>
799 189 6 5 •
1051 200 7 2 _
1123 200 6 1 .
1162 179 16 22 if

685 210 57 18 Nov.
769 210 33 22 10,
826 210 105 18 schooner
952 210 61 21 Jane,
1037 210 56 17 from
1119 210 126 21 Wanganui.

662 235 122 25 Passengers
786 235 116 20 —Messrs.
914 235 106 23 Churton,
1030 234 102 23 Jackson,
1143 234 42 19 and
1195 233 50 21 Fell..

686 262 60 20 Same
757 263 45 25 day,
812 263 103 19 schooner
922 262 73 22 Mana,
1004 261 98 24 Scanlon,
1112 261 54 20 from
1173 259 72 21 Mana'.

897 309 114 14 SAILED.

687 335 56 20 Nov.
761 335 38 23 '10,
816 335 108 19 ichooner:
934 335 68 19 Black
1018 335 59 22 Joke,
1099 335 100 23 Croseby,
1214 335 31 17 for

664 360 71 22 Queen
746 361 128 21 Charlotte's
886 361 79 21 Soundl

884 406 34 20 IN
932 406 84 20 PORT.
1110 423 5 3 ,
1138 425 2 1 .

697 461 2 4 ,
716 443 106 20 Schooner
837 443 61 23 Lady
908 443 65 23 Leigh
976 456 7 10 t
993 443 65 23 King.
1108 459 3 5 ,

699 468 1 7 '
715 470 82 25 Barque
809 463 256 31 Clyderide)M!ith.\zson.
1075 469 32 26 .\'
1132 463 36 33 \,S
1228 485 6 4 ,

717 497 51 26 Ship
778 497 65 23 Arab,
856 496 97 19 Sumner.

715 524 83 26 Barque
806 524 82 20 Amelia
900 524 121 24 Thompson,
1027 523 109 19 -Dawson.
1143 535 13 6 ,►
1165 536 31 6 .^-,
1204 536 9 5 -
1220 536 6 5 v

717 551 121 26 Brigantine
852 550 107 24 Adelaide,
971 550 122 25 Hurburgh.

716 579 82 26 Barque
811 578 109 26 Gertry.de,
932 578 71 19 Stead.
1136 589 7 15 ;
1154 583 8 19 ;.
1186 577 9 22 ,'

808 605 99 24 Matilda,
920 605 98 20 Roberts.

717 634 52 25 Brig
779 633 101 23 Caroline,
892 632 99 20 Coombs.
1161 647 5 5 .
1175 649 3 3 .
1202 639 59 14 -*-.•:

718 661 107 20 Schooner
833 660 84 25 Bailey,
929 659 97 20 Sinclair.
1153 671 3 6 .
1177 675 2 7 ,

835 687 110 20 Susannah
952 687 56 24 Ann,
1019 686 119 20 Andersou.
1173 699 6 12 :
1196 692 6 3 -

835 715 61 22 Jane,
908 714 84 26 Lundy.

829 743 81 23 -Mana,
922 742 98 20 Scanlon.

758 787 170 21 IMPORTANT
938 787 38 20 TO
990 786 163 21 MARINERS.
1182 790 3 7 ■

666 821 88 14 ERRORS
766 821 26 14 IN
802 821 98 14 SAILING
918 819 141 15 DIRBCTIONS
1070 819 47 14 FOR
1130 819 119 14 THEWAI-

691 849 97 14 TKMATA
807 849 50 13 AND
877 848 77 14 GULPH
972 847 29 14 OV
1019 847 153 18 SHOtJRAKER,
1183 838 3 6 '
1195 847 55 14 NEW

694 876 117 14 ZEALAND.

691 898 45 19 The
745 897 106 26 following
864 898 37 19 has
911 898 52 19 been
978 896 94 21 received
1081 898 22 17 at
1119 896 86 26 Lloyd's
1215 903 5 12 :—:
1222 907 28 4 —

666 922 13 14 ''
686 925 65 20 Office
759 925 22 20 of
795 924 124 21 Committee
928 924 24 20 of
964 924 62 25 Privy
1035 924 89 19 Council
1133 924 34 19 for
1174 924 77 24 Trade;-

666 952 119 24 Whitehall,
795 952 56 20 Juae
863 953 33 23 12,
908 952 61 20 1841.
972 962 28 4 —
1001 951 40 24 Sir,
1042 962 28 3 —
1070 951 59 20 With
1144 947 116 24 reference'

666 983 20 16 to
699 986 35 19 my
744 979 60 20 letter
816 981 23 18 to
848 986 43 19 you
905 979 25 20 of
941 980 35 19 the
991 979 50 20 29th
1052 978 25 21 of
1089 978 61 26 April
1163 979 47 23 last,
1222 985 27 14 on

666 1008 34 19 the
714 1007 80 25 subject
803 1007 24 19 of
840 1007 35 19 the
889 1007 76 25 sailing
975 1007 114 19 directions
1102 1006 34 19 for
1145 1006 37 19 the
1192 1006 57 20 AVai-

666 1037 76 17 temata
751 1035 41 19 and
806 1034 71 26 Gulph
887 1035 24 19 of
924 1034 125 24 Shouraker,
1060 1033 54 20 New
1126 1033 99 26 Zealand,
1237 1033 12 21 I

666 1068 32 14 am
712 1062 91 20 directed
817 1062 31 25 by,
861 1062 36 20 the
911 1061 67 20 Lords
1034 1061 36 19 the
1089 1060 124 20 Committee
1229 1060 24 20 of

666 1089 63 26 Privy
736 1089 87 20 Council
833 1089 34 20 for
876 1089 74 24 Trade,
962 1091 21 17 to
994 1089 77 19 inform
1085 1094 42 19 you
1138 1089 45 19 that
1194 1089 56 19 since

666 1117 46 21 that
721 1117 61 20 letter
790 1122 41 15 was
845 1117 91 22 written,
947 1119 40 17 two
1000 1121 69 15 errors
1083 1117 52 19 have
1146 1117 51 18 been
1208 1116 42 19 dis-

666 1145 87 19 covered
762 1145 21 19 in
795 1145 58 19 those
863 1144 113 20 directions
978 1154 27 4 —
1005 1143 90 26 namely,
1106 1143 32 20 for
1150 1145 30 17 'to
1190 1143 70 20 avoid*

666 1178 11 14 a
687 1172 61 20 small
757 1172 64 25 rocky
834 1171 55 24 islet,
901 1171 70 26 laying
985 1177 40 14 one
1035 1171 72 25 league
1118 1170 27 20 N.
1161 1171 27 19 53
1199 1171 61 22 W.,'-

667 1199 49 20 read
731 1199 32 20 for
773 1199 34 20 the
822 1199 103 24 latter,'S.
936 1200 27 18 53
973 1199 28 19 E.
1010 1199 16 24 ;'
1038 1198 41 20 and
1089 1198 33 20 for
1135 1198 126 26 'Pirogues,'

666 1227 23 19 in
698 1227 28 20 39
738 1227 11 19 7
761 1226 38 24 S.,'
810 1226 50 20 read
877 1226 122 26 'Pirogues;'
1004 1226 26 20 36
1042 1226 26 20 16
1079 1225 30 20 S.
1124 1235 4 8 .
1138 1226 50 19 And
1198 1226 54 20 lam

667 1257 22 16 to
700 1256 83 24 request
794 1254 45 19 that
848 1260 43 20 you
900 1254 43 20 will
953 1254 60 19 make
1023 1254 35 19 the
1068 1259 56 14 same
1133 1253 77 20 known
1219 1254 43 19 for'

667 1282 35 19 the
712 1281 135 20 information
861 1281 25 20 of
890 1282 68 19 -those
968 1281 74 25 sailing
1056 1282 23 18 to
1087 1280 55 20 -New
1152 1280 108 20 Zealand/

668 1308 9 20 I
689 1315 42 18 am,
739 1309 35 23 sir,
785 1315 54 19 your
846 1309 98 20 obedient
951 1311 90 22 servant,
1049 1308 23 20 J.
1080 1308 56 19 Mac
1145 1308 106 20 Gregor.

667 1347 27 3 —
694 1336 32 20 To
875 1336 94 23 Dobson,
999 1336 59 26 Esq.,
1093 1335 109 27 Secretary
1230 1339 23 16 at

667 1364 110 26 Lloyd's."
778 1374 27 4 —
806 1364 90 20 Journal
910 1364 27 24 of
949 1364 119 24 Commerce,
1080 1362 56 21 June
1148 1364 34 19 19.

686 1526 47 16 1841.

771 1505 49 16 Time
827 1505 21 15 of

767 1526 86 16 Observa-

786 1547 43 16 tion.

882 1515 55 16 Baro-

877 1537 63 15 meter.

957 1515 85 16 Thermo-

968 1538 63 14 meter.

1069 1493 20 18 if
1090 1489 37 24 ai

1162 1524 66 17 /VVina.

667 1604 82 20 Friday...

667 1666 30 16 Sat

667 1729 83 21 Sunday..

667 1791 83 21 Monday.

789 1605 10 16 8

788 1626 53 20 Ip.m.

789 1668 10 15 8

789 1689 47 19 lp.m

788 1710 10 14 5

789 1731 10 15 8

789 1752 53 19 lp.m.

789 1773 9 15 5

789 1794 10 15 8

790 1814 52 20 lp.m.

789 1835 10 15 5

790 1856 9 16 8

788 1877 54 20 lp.m.

788 1898 10 15 5

789 1919 10 15 8

789 1940 53 20 lp.m.

790 1982 9 15 8

790 2002 52 20 lp.m.

776 2024 23 15 «5
825 2030 5 4 -

882 1605 59 16 29.664

882 1626 58 16 29.626

882 1647 59 16 29.624

882 1667 58 17 29.742

882 1689 58 16 29.855

882 1710 58 16 29.830

884 1731 57 16 30.008

884 1752 57 16 30.020

883 1773 58 16 29.976

883 1794 58 16 29.916

882 1814 21 16 29
911 1814 30 17 825
949 1822 3 3 •

883 1836 58 16 29.850

883 1856 58 17 29.790

883 1877 58 16 29.800

883 1898 59 16 29.804

882 1919 59 17 29.950

883 1940 58 17 30.000

884 1962 57 16 30.002

883 1983 58 15 29.856

883 2003 60 16 29.924

882 2024 59 16 29.800
954 2019 2 14 '

983 1605 37 16 56.5

983 1626 27 15 62.

983 1647 28 15 59.

983 1668 28 15 56.

983 1689 27 16 55.

983 1710 27 16 So.

983 1731 27 16 59.

983 1752 27 15 61.
1027 1751 1 6 '

983 1773 28 15 60.

983 1794 37 15 63.5

983 1814 37 16 62.5

983 1835 33 17 61.-

983 1856 28 17 60.

983 1878 27 16 62.

983 1899 28 16 61.

983 1919 28 17 63.

983 1941 38 16 64.5

983 1961 28 16 64.

983 1982 28 17 63.

969 2003 42 17 ..66.

983 2025 27 15 65.

1079 1627 38 16 0.08
1127 1637 3 5 .

1079 1691 38 16 0.52

1079 1753 38 16 0.13

1079 1816 37 16 0.05

1148 1604 23 17 N.
1179 1605 22 20 by
1208 1605 27 16 W.

1148 1625 23 16 N.
1180 1626 21 20 by
1208 1627 28 15 W.

1148 1646 23 16 N.
1180 1647 22 20 by
1208 1647 28 16 W.

1148 1667 63 17 South.

1148 1688 63 17 South.

1148 1709 63 17 South.

1148 1730 63 17 South.

1148 1752 63 16 South.

1148 1772 63 17 North.

1148 1793 63 17 North.

1148 1814 63 17 North.
1253 1820 10 9 >.

1148 1835 63 16 North.

1148 1856 64 16 North.

1148 1877 64 17 North.

1148 1898 64 17 North.
1243 1898 6 6 '

1149 1919 99 21 Southerly.

1149 1940 100 20 Southerly.
1259 1938 3 5 '

1150 1961 99 20 Southerly.
1255 1962 3 15 1

1150 1982 46 17 N.E.
1254 1974 7 25 I

1150 2002 87 21 N-by,W.
1249 1995 14 25 &

1150 2023 85 21 N.byW.
1249 2015 17 24 1

667 1854 83 21 Tuesday

1068 1878 58 16 None.

668 1917 43 16 Wed

1079 1941 39 16 0.02

668 1980 60 16 Thurs
733 1992 16 5 ...

1069 2004 58 17 None,

680 3007 80 17 London
845 3007 46 22 July

680 3027 77 22 Sydney
845 3028 43 19 Oct.

680 3049 42 17 Van
747 3049 98 18 Dieman's

702 3071 54 17 Land
847 3071 43 17 Oct.

929 3008 17 17 6.
974 3008 43 21 Bay
1023 3008 21 18 of
1053 3008 93 18 Islands..
1152 3008 49 22 Aug.
1219 3010 28 16 25.

919 3030 27 17 23.
974 3029 82 18 Thames
1151 3030 41 17 Oct.
1220 3031 27 16 21.

975 3050 45 17 Port
1028 3050 70 22 Phillip
1109 3050 92 22 ....Sept.
1221 3052 26 16 12.

928 3073 18 17 9.
974 3071 90 18 Adelaide
1151 3071 42 22 Sep.
1217 3074 30 15 28.

150 125 55 22 New
220 124 99 22 Zealand
337 124 135 32 Company's
489 122 114 28 Principal

294 151 96 26 Agent's
405 150 78 26 Ofhce,
501 169 4 2 .
537 167 2 4 ,
572 165 4 7 ,

204 176 144 28 Wellington,
361 177 97 21 October
467 179 23 23 B,'
498 177 71 23 1841..
608 186 4 3 ■
633 196 3 4 ,

42 212 25 49 I
67 214 17 23 >
93 212 73 26 ILLS,
181 216 21 17 at
219 212 70 26 thirty
299 211 61 27 days'
377 211 64 26 sight,
459 210 76 21 drawn
552 210 31 27 by
593 209 37 21 the

67 241 20 19 J
122 239 108 26 Principal
248 239 75 26 Agent
338 245 28 14 on
378 238 37 20 the
426 238 115 25 Secretary
557 237 26 21 of
593 236 37 22 the

42 266 54 22 New
115 265 99 22 Zealand
231 266 122 25 Company,
373 264 102 27 London,
487 270 42 15 can
546 263 28 22 be
587 262 43 23 had

40 301 30 13 on
80 292 135 28 application
225 295 23 18 at
258 291 36 22 the
305 291 70 22 above
385 290 71 21 office.

288 324 28 21 D.
331 324 82 26 Lewis,

244 351 65 22 Clerk
318 355 23 17 to
351 350 38 22 the
400 348 110 30 Principal
521 350 83 26 Agent.

277 403 238 28 Surveyor-General's
526 401 78 28 Office,

385 430 59 22 Nov.
454 431 20 25 5,
488 430 61 21 1841.

119 467 39 20 To
174 466 184 20 Landowners
374 465 54 20 and
442 465 116 26 Agents.

42 500 146 49 NOTICE
204 499 26 21 IS
248 498 124 22 HEREBY
388 497 106 27 GIVEN,
511 497 49 21 that
568 496 65 22 lands

125 527 42 21 will
177 527 28 21 be
216 525 82 22 offered
308 525 35 21 for
351 524 105 22 selection
463 528 24 17 at
496 523 135 27 Wanganui,

44 562 28 14 on
92 553 124 26 Thursday,
235 553 50 21 16th
303 552 125 21 December
441 554 61 20 next,
521 550 64 21 when
604 550 28 21 all

43 588 93 20 persons
153 579 127 23 concerned
292 586 37 14 are
342 578 111 27 earnestly
472 576 121 28 reqxiested
612 579 21 18 to

44 607 85 26 attend,
150 614 24 14 or
190 606 57 22 their
258 605 86 22 choices
360 605 45 21 will
421 605 26 21 be
464 603 132 22 considered
611 611 23 14 as

45 633 110 22 reserved.

243 658 35 22 W.
294 659 32 21 M.
343 659 81 25 Smith,
435 658 62 27 Capt.
510 658 69 24 R.A.,

378 684 228 27 Surveyor-General.

279 729 240 27 Surveyor-General's
527 728 78 27 Office,

340 757 97 21 October
445 757 35 24 26,
492 757 61 20 1841.

45 791 146 50 NOTICE
224 791 28 21 IS
285 790 127 22 HEREBY
445 788 109 27 GIVEN,
588 788 47 21 that

127 822 95 23 country
231 818 54 21 land
296 818 42 21 will
348 817 28 22 be
386 816 84 22 offered
479 816 34 21 for
529 816 105 21 selection

45 854 28 14 on
84 845 124 27 Thursday,
220 845 38 21 the
271 845 47 20 18th
331 844 135 21 November.

74 879 67 21 Plans
150 886 52 19 may
217 878 28 21 be
255 885 52 14 seen
322 880 24 19 at
358 877 43 21 this
412 876 71 22 Office
493 883 30 15 on
535 875 101 27 Monday

46 910 61 23 next,
119 906 44 21 and
173 905 114 26 following
300 904 62 27 days.

257 938 34 22 W.
303 938 30 22 M.
345 938 83 26 Smith,
440 937 63 27 Capt.
513 937 73 26 R.A.,-

380 962 229 29 Surveyor-General.

67 1013 86 19 Town
169 1011 55 21 and
239 1012 122 25 Country
375 1011 77 20 Land
466 1011 29 19 to
510 1010 35 20 be
562 1010 56 20 Let.

50 1045 168 49 SECTIONS
235 1044 46 21 and
296 1044 99 26 portions
412 1043 26 22 of
451 1043 102 22 Sections
569 1043 24 21 in
607 1042 30 21 all

120 1075 59 24 parts
197 1071 26 22 of
238 1071 38 21 the
294 1071 75 22 Town,
381 1070 28 22 of
424 1070 147 27 Wellington,
591 1069 46 22 also

49 1100 99 30 Country
159 1098 100 22 Sections
275 1098 22 21 in
309 1098 37 21 the
362 1097 96 22 districts
475 1096 26 22 of
515 1097 37 21 the
571 1096 64 26 Hutt,

50 1126 37 21 the
101 1126 85 25 Kaiori,
198 1124 37 23 the
246 1124 75 27 Ohiro,
334 1124 46 22 and
392 1124 38 21 the
444 1124 99 21 Porirua.
573 1122 65 27 Long

49 1152 71 22 leases
131 1152 24 21 of
163 1152 37 21 the
217 1155 94 21 country
320 1151 55 22 land
391 1150 45 22 will
452 1151 28 21 be
494 1150 96 27 granted
608 1157 29 14 on

49 1179 130 21 reasonable
191 1183 74 17 terms.
294 1180 44 19 For
348 1178 130 27 particulars
488 1177 67 27 apply
566 1180 22 18 to

243 1205 97 22 Hanson
351 1205 46 21 and
412 1205 112 20 Alzdomv

277 1232 120 21 Thorndon
409 1232 69 26 Quay,
492 1230 145 26 Wellington.

51 1275 198 51 MAIZE!
289 1276 153 22 MAIZE!
482 1275 154 23 MAIZE!

143 1312 29 14 on
183 1304 45 22 sale
239 1307 23 18 at
273 1303 35 23 the
320 1305 73 20 Stores
405 1303 26 21 of

323 1330 22 22 J.
357 1330 33 22 M.
400 1330 102 25 Taylor,
514 1329 32 21 Te
557 1329 54 21 Aro.

263 1375 162 21 Education.

52 1409 108 49 MRS.
180 1408 45 22 and
245 1407 70 23 MISS
339 1407 190 23 WAKEFIELD
553 1407 86 22 receive

143 1436 73 27 pupils
226 1443 29 14 on
266 1435 37 22 the
312 1435 114 27 following
436 1439 67 17 terms
510 1442 4 14 :
516 1446 29 3 —

80 1463 44 22 For
141 1463 77 26 board,
238 1463 53 21 with
309 1462 101 26 washing
424 1462 44 21 and
484 1462 33 21 in-

107 1490 106 22 struction
219 1490 23 21 in
247 1489 91 27 general
343 1488 95 27 English
443 1489 74 21 litera-

106 1521 56 23 ture,
179 1517 96 26 writing,
289 1515 44 22 and
346 1515 115 27 aritmetic,
468 1522 50 21 ,per

107 1547 90 24 quarter
518 1544 13 20 8
560 1544 12 20 8
600 1544 13 20 0

78 1571 79 21 Under
166 1572 12 21 7
188 1578 65 20 years
264 1570 25 21 of
300 1577 41 20 age
518 1569 13 22 7
560 1569 12 22 7
600 1571 14 19 0

79 1598 53 27 Day
141 1597 105 22 boarders
517 1597 15 21 4
558 1597 15 21 4
600 1597 14 20 0

81 1625 51 27 Day
141 1624 73 28 pupils
518 1625 14 19 2
559 1625 13 19 2
600 1625 14 19 0

80 1652 81 21 Junior
171 1651 55 21 ditto
520 1651 10 20 1
547 1651 24 20 11
600 1651 14 20 6

52 1679 96 27 French,
165 1678 89 27 Italian,
270 1677 42 23 and
327 1677 114 26 Drawing,
451 1677 33 21 jgl
500 1678 45 20 lis.
555 1677 37 21 6d.
600 1684 40 20 per

297 1708 96 24 quarter.

81 1733 89 21 Private
179 1732 86 21 lessons
275 1732 22 21 in
308 1731 77 26 music,
397 1738 25 14 or
431 1738 45 19 any
487 1730 25 22 of
522 1730 38 22 the
571 1730 69 22 above

52 1759 111 23 branches
173 1759 26 21 of
210 1759 124 25 education,
350 1765 43 14 one
407 1757 77 22 hour's
498 1757 141 28 instruction,

52 1787 52 21 four
112 1787 85 21 lessons
214 1785 37 22 for
260 1792 43 15 one
311 1785 89 27 guinea.

80 1814 136 21 References
225 1816 23 18 to
258 1812 37 22 the
304 1811 114 27 following
423 1811 218 27 gentlemen^kindly

52 1840 121 28 permitted
181 1848 4 13 :
186 1851 30 4 —

82 1868 62 27 Capt.
155 1867 35 21 W.
202 1867 33 21 M.
247 1865 77 28 Smith,
336 1865 67 27 R.A.,
412 1864 227 29 Surveyor-General,

81 1895 27 21 T.
120 1895 31 20 M.
164 1893 122 28 Partridge,
298 1893 52 28 Esq.

82 1922 22 21 S.
115 1921 97 26 Revans,
224 1921 53 26 Esq.

52 1947 183 27 Tinakore-road,
248 1948 88 25 August
345 1947 33 26 24,
390 1947 61 21 1841.

57 1992 73 47 ON
145 1992 85 27 SALE,
243 1995 23 18 at
275 1992 37 21 the
322 1991 71 22 Office
405 1991 26 21 of
438 1990 44 22 this
491 1991 114 23 Paper:—

136 2019 88 20 Double
244 2018 111 27 elephant,
369 2018 150 27 antiquarian,
530 2017 109 28 imperial,

56 2045 47 22 and
112 2044 63 34 royal
185 2044 101 28 drawing
295 2051 75 21 paper,

83 2071 72 22 Black
174 2071 56 27 edge
247 2071 46 22 and
307 2070 111 23 bordered
434 2070 67 23 letter
523 2070 47 23 and
588 2074 52 19 note

53 2106 78 22 paper,

84 2125 73 22 Black
166 2125 52 22 lead
226 2124 86 28 pencils
324 2125 64 27 (very
395 2124 117 28 superior),

83 2152 140 28 Carpenters'
234 2152 63 26 ditto,

82 2179 91 27 Oblong
183 2178 90 32 clasped
283 2178 168 23 memorandum
464 2178 79 27 books,

82 2206 89 22 French
181 2209 88 23 tracing
278 2213 67 20 paper
356 2205 76 26 (black
439 2205 46 22 and
494 2205 85 28 white),

82 2232 90 23 Ladies'
182 2232 45 23 and
237 2232 148 27 gentlemen's
394 2232 52 22 card
461 2239 69 20 cases,

82 2260 65 22 Ditto
212 2259 36 22 do.
304 2259 72 22 tinted
386 2259 45 22 and
440 2259 119 22 embossed
568 2259 70 27 cards,

82 2286 68 23 Sheet
159 2286 130 23 almanacks
295 2286 34 21 for
335 2287 49 20 1841
389 2303 6 11 ,

84 2314 92 21 Invoice
186 2314 78 26 books,
275 2312 52 23 with
336 2313 101 27 indexes,
448 2313 90 22 various
548 2312 64 28 sizes,

84 2341 59 23 Cash
151 2340 78 27 books,
240 2340 63 21 ruled
312 2340 89 26 double,
412 2340 89 22 various
511 2340 64 26 sizes,

82 2368 128 27 Envelopes
223 2368 71 26 (note,
304 2366 74 28 letter,
389 2367 46 22 and
444 2366 83 22 official
536 2366 76 28 sizes),

84 2396 72 26 Large
166 2398 85 24 pewter
259 2394 124 26 inkstands,
394 2394 53 21 with
456 2394 79 28 plates,

84 2423 82 26 Ebony
175 2421 124 27 inkstands,
311 2420 54 23 with
375 2421 101 26 drawers,

82 2448 75 24 Broad
167 2448 45 22 and
221 2455 87 14 narrow
317 2455 69 19 green
397 2448 42 21 silk
449 2448 88 26 ribbon,

82 2477 64 21 Ditto
202 2475 56 22 ditto
312 2474 41 22 red
363 2477 58 25 tape,

82 2503 65 22 Brief
153 2502 47 22 and
209 2502 57 22 deed
275 2509 75 24 paper,

82 2530 75 22 Ruled
166 2537 69 20 paper
244 2530 36 20 for
287 2528 41 22 bill
338 2528 76 27 heads,

82 2557 106 21 Nautical
198 2556 129 22 almanacks
337 2556 34 21 for
381 2556 60 26 1842,
633 2573 6 8 ,

83 2584 73 27 Royal
170 2584 68 26 hand,
256 2582 80 22 double
350 2582 62 22 hand
424 2582 85 27 brown,
524 2581 45 22 and
579 2578 62 31 royal

53 2611 62 23 hand
126 2611 76 21 brown
211 2610 114 27 wrapping
332 2617 78 20 paper,

82 2638 98 27 Ledgers
190 2637 45 22 and
243 2639 95 19 account
345 2636 76 26 books,
432 2636 88 21 various
531 2635 63 27 sizes,

82 2665 85 22 Pocket
174 2664 88 27 ledgers
273 2663 43 22 and
325 2662 170 22 memorandum
508 2662 78 26 books.

81 2692 109 27 Foolscap
200 2691 45 21 and
255 2690 87 27 writing
350 2697 75 20 paper,
435 2690 86 21 various
527 2689 113 28 qualitiey.

82 2718 120 28 Engraved
212 2725 58 20 copy
280 2717 50 27 slips
341 2716 46 22 and
395 2716 76 27 books,

82 2747 55 21 Best
145 2745 80 22 Welch
235 2745 73 26 slates,
318 2744 61 27 large
390 2744 45 21 and
444 2743 72 26 small,

83 2774 95 26 Sponge,
190 2771 80 22 wafers
278 2771 23 22 in
310 2773 13 19 2
333 2777 35 15 oz.
382 2771 76 26 boxes,
474 2770 68 22 India
553 2770 87 26 rubber,

55 2801 84 21 Albata
148 2798 151 29 pen-holders,
311 2805 53 20 very
373 2798 100 27 superior
484 2797 87 27 sealing
586 2804 54 20 wax,

54 2827 97 26 blotting
160 2832 75 22 paper,
245 2826 42 21 &c.
297 2825 39 22 &c.

197 2859 135 15 WHOLESALE
353 2858 40 15 VND
409 2858 90 15 BETAIL.

223 2898 67 20 Port
304 2897 30 21 of
350 2897 125 21 London.
553 2891 2 16 :

108 2933 88 21 Notice
216 2939 29 14 to
264 2938 45 14 the
330 2931 93 21 Public.
425 2942 27 3 —
452 2930 127 22 Travellers
599 2930 44 22 and

54 2959 75 23 others
139 2960 49 21 who
198 2958 56 23 send
263 2958 106 27 baggage,
381 2958 71 21 works
462 2958 26 20 of
499 2962 41 22 art,
548 2965 25 13 or
580 2957 63 22 other

54 2986 66 22 value
130 2990 103 24 property
245 2989 23 18 to
278 2984 110 28 England,
406 2984 81 22 should
501 2984 94 27 consign
605 2985 37 21 the

54 3013 111 28 packages
176 3017 21 17 to
208 3013 38 21 the
257 3019 49 15 care
313 3012 25 21 of
345 3019 13 13 a
364 3012 99 22 licensed
471 3012 172 21 Custom-house

54 3044 75 23 agent,
145 3048 24 14 as
186 3039 89 22 articles
289 3046 36 14 are
341 3038 129 28 frequently
483 3038 97 27 injured,
599 3038 44 22 and

54 3067 101 22 needless
166 3074 98 19 expense
280 3065 109 27 incurred,
406 3065 35 22 for
456 3065 38 21 the
510 3068 61 19 want
588 3065 26 22 of
630 3073 14 14 a

53 3102 82 19 proper
144 3101 80 20 person
235 3097 23 17 to
270 3093 49 21 take
330 3092 81 27 charge
421 3092 25 22 of
463 3092 61 22 them
540 3099 29 15 on
586 3092 58 22 their

54 3121 88 23 arrival,
153 3121 44 21 and
207 3128 37 14 see
259 3120 60 21 them
338 3119 98 26 entered,
454 3119 127 28 examined,
599 3119 44 22 and

54 3148 108 27 carefully
177 3147 117 28 repacked.
328 3146 48 22 The
397 3146 80 27 charge
494 3146 18 22 is
528 3144 38 24 the
583 3154 59 15 same

55 3175 98 21 whether
162 3182 24 14 so
197 3173 122 28 consigned
329 3180 25 14 or

106 3201 171 22 Custom-house
287 3200 117 26 Chamber,
417 3199 102 28 London,

57 3255 138 49 DEVOY
206 3255 45 21 and
261 3255 52 25 CO.,
328 3255 46 19 who
388 3261 37 14 are
441 3255 35 19 the
491 3255 153 20 LICENSED

137 3283 124 20 AGENTS
271 3282 27 26 of
305 3283 48 20 Her
360 3283 111 26 Majesty's
479 3283 172 29 Commissioners^,

56 3310 26 24 of
95 3310 98 24 Customs,
204 3309 43 21 and
259 3311 66 19 under
334 3311 64 24 heavy
407 3311 63 20 hands
477 3310 42 25 for
529 3311 36 20 the
574 3310 70 27 safety

56 3337 27 24 of
89 3339 102 24 property
207 3338 110 25 consigned
331 3339 20 19 to
368 3339 63 23 them,
450 3337 44 27 beg
513 3337 64 22 those
595 3337 49 22 who

56 3363 55 22 send
122 3364 109 26 packages
241 3368 22 18 to
274 3364 56 22 their
341 3372 57 19 care,
414 3368 22 18 to
446 3372 37 14 see
494 3364 49 22 that
552 3364 55 22 each
616 3362 31 24 be'

56 3390 114 27 distinctly
187 3391 95 21 marked
329 3391 80 22 Devoy
427 3391 45 22 and
492 3391 47 27 Co.,
555 3390 89 23 Xower

55 3417 201 27 Thames-street,
395 3418 87 21 andthe
489 3418 40 21 bill
536 3418 27 21 of
567 3418 77 28 lading

56 3451 26 14 or
95 3444 84 27 receipt
193 3443 124 23 forwarded
333 3448 24 19 to
376 3445 62 22 them
456 3445 71 21 direct
541 3445 31 26 by
586 3449 56 24 post,

55 3471 55 21 with
119 3471 143 21 instructions
272 3471 48 22 how
331 3472 55 21 such
395 3471 70 28 goods
474 3479 38 14 are
522 3475 23 18 to
558 3473 28 20 be
601 3472 43 22 dis-

56 3497 69 26 posed
136 3497 24 21 of
172 3504 30 14 on
211 3497 78 22 arrival
298 3506 5 19 ;
320 3499 44 21 and
371 3506 24 15 as
404 3506 66 20 every
477 3499 101 27 package
585 3503 60 18 must

55 3525 29 21 be
103 3523 84 28 opened
209 3527 23 18 at
250 3524 37 22 the
304 3525 179 26 Custom-house,
501 3526 22 21 if
543 3533 46 21 any
607 3533 37 15 are

56 3551 87 27 locked,
155 3551 37 21 the
202 3550 56 28 keys
267 3551 79 22 should
353 3552 30 21 be
392 3553 131 21 forwarded.

85 3579 77 21 Goods
172 3577 44 22 and
226 3577 109 28 packages
345 3586 37 14 are
391 3579 124 22 forwarded
524 3579 30 27 by
565 3579 79 27 Devoy

56 3605 46 21 and
113 3605 37 22 Co.
161 3608 23 18 to
194 3603 30 23 all
238 3608 60 23 parts
311 3605 26 21 of
350 3605 36 22 the
404 3606 128 27 Continent,
544 3606 37 21 the
593 3607 52 21 East

56 3632 46 21 and
113 3632 62 21 West
183 3631 83 24 Indies,
276 3631 109 28 Colonies,
396 3633 39 20 &c.
447 3633 40 21 &c.
496 3641 6 18 ;
515 3633 52 26 and,
578 3633 21 21 if
611 3641 34 14 re-

56 3658 86 28 quired,
153 3662 52 18 sent
219 3661 22 19 to
252 3657 37 22 the
301 3666 50 14 care
367 3659 25 21 of
402 3660 137 26 responsible
557 3660 87 27 hotises,

57 3685 49 22 who
122 3685 44 22 will
183 3693 36 14 see
237 3685 38 21 the
291 3685 143 22 instructions
449 3690 51 17 sent
514 3687 54 21 with
585 3687 60 22 them

57 3712 131 27 punctually
200 3711 105 23 attended
315 3714 30 19 to.

84 3739 39 22 All
134 3739 69 27 goods'
212 3739 46 21 and
267 3738 109 28 packages
386 3739 34 21 for
429 3738 114 28 shipment
548 3743 61 18 must
617 3741 28 21 be

57 3765 161 28 accompanied
227 3766 31 27 by
275 3765 85 22 written
376 3765 216 27 instructions/with
607 3767 38 22 the

56 3800 68 14 name
134 3793 44 21 and
188 3792 91 22 address
289 3792 24 22 of
327 3791 38 22 the
374 3792 82 26 parties
464 3792 30 27 by
506 3792 71 22 whom
594 3793 53 27 they

57 3827 47 13 aro.
109 3822 62 24 sent,,
182 3819 45 22 and
244 3819 38 22 the
296 3821 102 20 contents
412 3818 43 22 and
472 3819 74 22 value.
555 3820 26 20 of
593 3822 54 19 each

35 3859 2 2 ■
57 3845 100 28 package
167 3846 80 22 stated.
277 3846 45 21 The
339 3845 55 27 duty
404 3845 111 22 outwards
528 3845 19 22 is
558 3847 42 20 10s.
609 3854 38 20 per

57 3873 63 21 £100
136 3873 71 21 value.
246 3872 48 22 The
309 3876 48 18 rate
374 3872 26 21 of
412 3872 119 22 iusurance
549 3872 98 28 depends

35 3914 2 7 ,
58 3906 60 20 upon
131 3899 180 22 circumstances.
341 3899 44 21 For
401 3898 87 22 further
502 3899 145 22 information

57 3925 68 27 apply
151 3929 22 17 to
197 3926 45 21 Mr.
262 3926 92 21 Samuel
383 3926 98 27 Revans,
501 3925 146 29 Wellington,

59 3953 54 21 Port
123 3952 130 22 Nicholson.
