2529 3970
60 267 315 32 THE
480 267 314 32 NEW
899 267 734 32 ZEALAND
1738 267 734 32 GAZETTE

60 299 2412 71 AND

60 370 1206 70 WELLINGTON
1387 370 1085 70 SPECTATOR

2299 535 100 40 [Vol.
2423 536 49 31 11.

59 535 65 31 No.
146 534 66 39 56.]

625 531 130 32 PORT
778 532 285 39 NICHOLSON,
1086 531 259 33 SATURDAY
1364 532 240 40 MORNING,
1625 536 109 31 MAY
1757 539 30 35 8,
1811 539 90 28 1841.

761 625 94 21 Union
867 626 80 21 Bank
961 625 29 21 of
1007 625 149 22 Australia.

666 659 96 21 London
780 658 92 28 Office,
888 658 45 22 No.
947 660 35 26 33,
1000 659 50 22 Old
1066 659 183 22 Broad-street.

720 691 94 28 Capital,
825 691 122 28 £500,000;
966 692 52 27 paid
1025 699 38 21 up,
1079 692 117 27 £300,000.

900 729 108 13 DIRECTORS
1013 731 6 11 :

772 752 69 21 George
848 752 37 17 Fife
893 752 66 22 Angas,
968 753 48 21 Esq.,

771 773 69 17 Robert
846 773 74 20 Brooks,
930 774 48 20 Esq.,

771 793 61 18 James
841 794 47 17 John
896 794 98 20 Cummins,
1002 794 48 20 Esq.,

771 814 68 17 Robert
846 815 96 20 Gardener,
953 816 48 19 Esq.,
1013 814 122 20 Manchester,

771 835 49 16 John
828 835 46 17 Gore
888 835 49 20 Esq.,

770 856 50 16 John
826 856 79 16 William
912 856 74 18 Buckle,
992 856 47 21 Esq.,

770 876 96 20 Benjamin
874 877 21 16 E.
901 876 63 20 Lindo,
971 876 49 20 Esq.,

771 897 73 16 Charles
852 897 76 16 Edward
935 896 86 21 Mangles,
1029 896 48 21 Esq.,

771 917 114 20 Christopher
892 917 83 19 Rawson,
982 917 49 20 Esq.,
1041 917 83 20 Halifax,

769 937 80 16 Thomas
856 938 63 19 Sands,
927 938 48 20 Esq.,
982 938 100 20 Liverpool,

769 958 62 16 James
839 958 55 20 Bogle
901 958 64 19 Smith,
971 958 49 20 Esq.,

769 978 62 17 James
839 978 78 17 Ruddell
924 979 55 19 Todd,
987 979 42 20 Esq.

663 1005 95 17 Trustees:
775 1005 82 16 George
868 1005 56 17 Carr
935 1006 60 19 Glyn,
1007 1006 48 20 Esq.,
1066 1006 54 16 John
1131 1004 59 21 Gore,
1201 1005 47 21 Esq.,

811 1026 37 16 and
855 1027 65 15 James
926 1026 18 16 J.
950 1027 100 19 Cummins,
1060 1027 43 19 Esq.

691 1053 81 17 Bankers
778 1058 5 11 :
794 1053 75 17 Messrs.
876 1053 60 19 GiYsr,
948 1053 113 20 Hahifax,
1070 1053 71 19 Miils,
1149 1053 35 16 and
1191 1053 31 16 Co.

785 1080 99 21 Secretary:
896 1080 83 17 Samuel
985 1080 94 21 Jackson,
1088 1080 41 21 Esq.

755 1108 80 17 Colonial
842 1108 93 21 Inspector
940 1113 4 11 :
956 1108 17 16 J.
980 1108 19 16 C.
1006 1108 103 19 M'Laren,
1116 1107 43 21 Esq.

786 1155 69 21 New
873 1155 121 21 Zealand
1012 1155 116 21 Branch.

663 1188 54 18 Local
724 1188 91 17 Directors
821 1194 4 12 :
841 1188 46 18 Geo.
899 1189 18 16 S.
928 1189 72 18 Evans,
1013 1189 47 20 Esq.,
1074 1188 70 20 D.C.L.,
1155 1189 36 17 and
1203 1188 45 18 Geo.

884 1209 91 20 Hunter,
987 1210 42 20 Esq.

663 1237 87 21 Manager
755 1242 4 12 :
771 1237 49 17 John
828 1237 71 19 Smitii,
907 1237 48 20 Esq.,
964 1237 36 16 late
1007 1237 20 16 of
1035 1237 32 16 the
1074 1236 116 17 Commercial
1197 1236 53 17 Bank

832 1258 21 16 of
861 1258 88 20 England,
961 1258 121 17 Manchester.

773 1285 114 22 Branches
898 1288 23 19 at
936 1286 96 26 Sydney,

936 1308 88 26 itobart
1032 1312 77 27 Town,

937 1339 149 27 Launceston,
1097 1338 46 23 and

936 1366 12 21 I
955 1368 34 19 ort
999 1366 80 27 Philip.

663 1392 54 22 Port
725 1392 132 28 Nicholson,
868 1392 80 22 March
957 1394 33 25 24,
1002 1394 61 20 1840.

664 1445 91 22 rriHE
772 1446 114 22 Directors
903 1446 26 21 of
943 1446 39 21 the
999 1446 56 21 New
1072 1445 100 22 Zealand
1185 1445 65 22 Land

670 1468 30 26 _L
737 1472 118 28 Company
868 1472 85 28 hereby
969 1472 50 28 give
1034 1472 82 26 notice,
1134 1472 49 21 that
1196 1472 53 27 they

661 1498 58 23 have
726 1506 114 15 effected
851 1507 29 14 an
889 1507 172 14 arrangement
1069 1495 53 26 with
1129 1498 38 22 the
1174 1499 75 22 Union

661 1525 66 22 Bank
740 1526 28 21 of
784 1526 119 26 Australia,
920 1526 44 21 No.
981 1527 33 25 38,
1030 1526 44 21 Old
1091 1525 157 26 Broad-street,

662 1552 102 26 London,
775 1552 35 22 for
820 1552 38 22 the
870 1552 167 22 establishment
1050 1552 27 22 of
1090 1559 13 14 a
1119 1552 130 21 BRANCH

661 1578 89 23 BANK
765 1579 36 22 IN
815 1579 71 22 NEW
900 1579 158 27 ZEALAND,
1071 1578 97 27 through
1177 1578 72 22 which

661 1606 39 21 the
708 1606 103 21 business
823 1606 27 21 of
862 1606 38 21 the
917 1606 56 22 New
988 1605 102 22 Zealand
1103 1605 65 22 Land
1184 1605 65 22 Com-

661 1639 61 20 pany
729 1632 47 21 will
784 1632 29 21 be
822 1632 134 22 transacted.
983 1632 48 21 The
1046 1632 115 22 Directors
1176 1632 73 21 there-

660 1660 48 21 fore
717 1659 146 22 recommend
872 1663 23 18 to
912 1659 110 22 Colonists
1036 1658 39 23 the
1092 1658 77 22 Union
1184 1658 65 22 Bank

661 1686 27 21 of
706 1685 115 22 Australia
838 1693 23 14 as
880 1693 28 14 an
935 1685 168 23 establishment
1124 1686 125 26 possessing

661 1712 57 21 their
734 1712 72 21 entire
828 1712 137 28 confidence,
985 1712 45 22 and
1048 1712 50 22 able
1117 1715 23 18 to
1158 1712 91 27 provide

661 1738 127 28 effectually
803 1739 36 22 for
854 1739 37 22 the
905 1739 105 22 financial
1024 1742 71 19 wants
1112 1738 26 22 of
1149 1738 36 22 the
1202 1738 49 22 first

661 1765 136 22 settlement.

830 1792 35 26 By
874 1792 66 22 order
948 1792 27 21 of
984 1792 39 21 the
1032 1792 80 26 Board,

907 1819 84 21 JOHN
1006 1818 104 26 WARD,
1127 1818 122 27 Secretary.

661 1845 57 22 New
728 1844 100 23 Zealand
838 1845 65 22 Land
912 1846 134 26 Company's
1056 1844 79 28 Office,

689 1873 19 22 1,
719 1872 161 26 Adam-street,
891 1872 104 27 Adelphi,
1005 1872 53 21 27th
1068 1872 68 26 Aug.,
1148 1872 60 21 1839.

896 1914 240 28 Surveyor-General's
1147 1914 75 21 Office.

987 1940 65 28 April
1061 1942 34 24 24,
1109 1942 60 19 1841.

729 1966 40 21 To
785 1967 197 20 Land-owners
997 1968 54 20 and
1066 1968 116 25 Agents.

660 1999 147 49 NOTICE
822 2000 27 22 IS
864 2000 128 22 HEREBY
1006 1999 107 26 GIVEN,
1122 2000 49 21 that
1180 2007 23 15 as
1212 1999 38 22 the

740 2027 99 21 sections
849 2034 29 14 on
888 2026 37 22 the
935 2027 54 21 road
999 2030 23 18 to
1029 2027 94 21 Porirua
1132 2030 83 18 cannot
1222 2027 28 21 be

660 2053 46 22 laid
715 2056 39 18 out
762 2053 60 22 until
832 2053 38 21 the
879 2053 46 22 line
935 2053 26 22 of
971 2053 54 22 road
1034 2054 19 21 is
1063 2053 131 27 completed,
1213 2053 37 22 the

660 2080 107 22 selection
778 2080 26 21 of
813 2080 54 21 land
875 2079 20 23 is
903 2080 151 27 unavoidably
1063 2080 124 27 posTJoned
1193 2079 58 23 until

659 2106 125 27 Thursday,
798 2107 42 21 3rd
849 2107 26 21 of
884 2106 68 22 June.

832 2133 35 22 W.
882 2133 33 22 M.
931 2133 105 28 SMITH,
1053 2133 62 27 Capt.
1127 2133 67 27 R.A.,

995 2159 228 28 Surveyor-General.

807 2211 192 27 Immigration
1015 2212 88 20 Office.

662 2246 29 20 TT
711 2244 62 23 ISTS
785 2244 26 21 of
816 2244 73 27 newly
899 2244 87 23 arrived
995 2245 147 27 Immigrants
1152 2251 36 15 are
1195 2244 54 28 kept

672 2270 9 23 8
693 2271 15 21 A
736 2274 25 19 at
779 2271 44 22 this
844 2271 77 27 Office,
941 2272 73 21 where
1033 2271 82 28 parties
1135 2271 114 27 requiring

660 2298 115 22 workmen
787 2305 24 14 or
827 2301 99 18 servants
936 2305 42 14 can
994 2298 87 22 receive
1095 2298 151 26 information,

661 2325 46 22 and
722 2324 65 23 those
803 2328 39 19 out
856 2324 25 22 of
892 2324 151 28 employment
1057 2331 43 16 can
1115 2324 58 22 have
1190 2324 59 22 their

660 2359 77 14 names
747 2351 129 27 registered,
888 2359 29 14 on
928 2352 106 27 applying
1041 2355 24 18 to

838 2385 93 22 Daniel
945 2386 138 27 Riddiford,

988 2411 157 28 Immigration
1161 2411 85 28 Agent.

660 2458 66 20 Port
743 2457 155 20 Nicholson
914 2457 147 26 Exchange
1082 2457 55 20 and
1151 2455 95 22 Public

892 2483 120 26 Library.

687 2519 61 20 THE
764 2518 177 20 COMMITTEE
957 2519 37 20 OF
1004 2517 224 21 MANAGEMENT

661 2552 92 49 BEG
762 2552 143 28 respectfully
915 2555 23 19 to
947 2552 81 21 inform
1035 2552 39 22 the
1081 2552 113 22 Members
1206 2551 43 22 and

724 2579 80 22 Public
818 2578 122 28 generally,
957 2579 50 22 that
1020 2579 45 22 this
1080 2578 170 22 establishment

660 2607 19 22 is
689 2613 49 15 now
748 2613 68 20 open.
846 2606 21 21 A
878 2606 115 27 catalogue
1004 2606 25 21 of
1042 2606 39 22 the
1098 2605 70 22 books
1176 2605 25 22 in
1211 2605 38 22 the

661 2633 94 27 Library
771 2633 41 21 has
827 2633 58 22 been
900 2632 115 32 prepared,
1027 2633 46 22 and
1088 2632 38 21 the
1143 2632 106 21 librarian

660 2660 45 22 will
720 2659 89 22 furnish
825 2667 67 20 every
901 2659 143 22 information
1062 2659 47 22 and
1123 2658 86 28 facility
1225 2662 23 18 to

660 2687 38 22 the
708 2686 111 22 Colonists
828 2686 46 22 and
883 2686 74 22 others
967 2686 93 27 wishing
1069 2690 24 18 to
1107 2686 60 21 avail
1176 2685 72 22 them-

660 2714 71 21 selves
740 2713 27 22 of
773 2713 38 22 the
820 2713 118 27 privileges
948 2714 25 21 of
978 2713 38 22 the
1027 2712 139 23 Institution.

687 2740 50 21 Wai
746 2740 83 21 Peraro
841 2740 104 26 Reserve,
955 2740 40 22 4th
1004 2740 61 27 May,
1077 2740 62 21 1841.

782 2784 172 27 Wellington
968 2785 156 26 Exchange.

661 2820 91 50 THE
766 2820 113 22 PUBLIC
895 2827 38 15 are
948 2820 112 22 informed
1075 2819 50 23 that
1140 2820 37 22 the
1191 2822 57 20 tem-

733 2854 82 20 porary
830 2847 84 22 Rooms
928 2847 26 22 of
968 2847 37 22 the
1025 2847 132 22 Institution
1173 2854 37 15 are
1225 2850 23 19 at

660 2875 38 22 the
714 2874 75 22 Stores
806 2874 26 21 of
844 2874 43 21 Mr.
902 2874 93 22 Robert
1012 2874 90 27 Waitt,
1120 2873 74 23 where
1209 2874 38 22 the

658 2901 67 22 latest
733 2900 102 28 English,
844 2900 135 28 Australian,
986 2900 46 23 and
1038 2900 124 23 American
1169 2900 79 23 News-

660 2935 78 23 papers
758 2927 46 22 and
822 2927 131 27 Magazines
971 2927 45 22 will
1035 2928 29 21 be
1082 2926 79 23 found.
1198 2927 48 22 The

661 2954 152 28 Subscription
821 2954 21 22 is
851 2954 39 23 £2.
905 2955 32 21 2s.
947 2961 39 21 per
999 2961 94 19 annum,
1114 2954 95 28 payable
1223 2955 24 21 in

661 2982 109 22 advance.

852 3008 29 21 G.
895 3008 27 21 B.
936 3008 72 27 Earp,

896 3034 119 22 Chairman
1026 3034 26 22 of
1058 3034 38 23 the
1107 3034 140 23 Committee.

660 3079 153 49 NOTICE.
814 3090 30 5 —
844 3079 94 21 Persons
946 3078 97 23 desirous
1048 3079 26 22 of
1077 3078 70 28 being
1152 3079 97 22 married

721 3106 31 27 by
761 3106 39 22 the
809 3106 56 22 Rev.
877 3105 61 22 John
948 3105 138 28 M'Farlane,
1097 3106 60 21 First
1165 3106 83 22 Minis-

659 3136 34 19 ter
703 3133 25 22 of
737 3132 40 22 the
788 3132 81 23 Scotch
879 3132 89 22 Church
975 3132 24 22 in
1015 3132 57 22 New
1081 3132 108 27 Zealand,
1209 3139 39 15 are

658 3159 120 29 requested
787 3162 22 20 to
818 3159 93 28 register
921 3158 57 22 their
987 3166 78 15 names
1080 3159 55 21 with
1151 3159 38 22 the
1205 3166 43 15 un-

659 3186 121 27 dersigned
787 3189 23 19 at
818 3186 66 22 latest
893 3186 38 22 the
941 3186 109 27 Saturday
1058 3186 105 27 previous
1177 3189 22 19 to
1209 3186 38 22 the

659 3220 127 21 ceremony,
797 3213 24 22 in
831 3213 65 22 order
902 3215 24 19 to
935 3212 161 27 proclamation
1105 3212 26 22 of
1136 3213 72 21 banns
1218 3220 29 14 on

658 3239 105 23 Sabbath.
793 3240 95 22 Persons
898 3239 47 22 also
955 3239 99 22 desirous
1064 3239 27 22 of
1097 3238 85 28 having
1190 3239 58 22 their

658 3267 102 22 children
778 3267 109 27 baptised,
906 3269 61 19 must
981 3266 105 27 previous
1100 3265 88 23 thereto
1196 3266 52 27 give

658 3294 39 22 the
706 3293 107 28 requisite
821 3293 145 23 information
976 3292 23 22 in
1014 3293 65 21 order
1088 3295 24 19 to
1121 3293 95 27 registry
1225 3295 23 20 to

952 3319 93 23 Robert
1055 3320 28 22 R.
1094 3320 100 27 Strano,

686 3347 102 23 Solicitor
797 3346 46 22 and
853 3346 113 27 Registrar
975 3346 34 22 for
1018 3347 40 21 the
1064 3346 82 22 Scotch
1152 3346 96 23 Church.

658 3373 226 27 Woollcomb-street,
894 3373 54 22 24th
957 3373 78 22 March
1045 3374 62 21 1841.

889 3418 128 25 Wanted,

675 3446 18 21 A
719 3444 186 23 PRECENTOR
914 3445 36 21 for
963 3445 38 21 the
1018 3443 82 24 Scotch
1116 3443 90 23 Church
1223 3444 23 22 in

658 3477 51 17 XJL
736 3472 148 27 Wellington.
912 3471 23 22 A
945 3471 72 28 salary
1027 3471 26 22 of
1059 3475 39 18 ten
1107 3471 93 27 guineas
1208 3478 40 21 per

658 3506 84 15 annum
752 3499 47 22 will
807 3499 28 21 be
844 3498 144 28 guaranteed,
996 3498 53 22 with
1059 3506 15 14 a
1079 3497 136 29 probability
1225 3497 23 22 of

657 3527 29 22 its
696 3526 67 27 being
771 3525 124 22 increased.
924 3525 66 22 None
1004 3525 41 22 but
1053 3532 94 21 persons
1157 3524 26 22 of
1192 3524 55 22 irre-

658 3552 135 29 proachable
803 3552 114 22 character
926 3552 59 22 need
994 3552 74 32 apply.

686 3579 156 28 Applications
858 3579 45 22 and
917 3578 147 23 testimonials
1080 3580 23 20 to
1119 3577 30 22 be
1164 3577 82 27 lodged

658 3607 54 22 with
721 3606 38 22 the
768 3605 153 28 undersigned
928 3605 57 22 until
1000 3605 37 22 the
1048 3607 34 20 Ist
1092 3605 25 21 of
1129 3605 63 26 May.

891 3633 94 21 Robert
996 3632 29 22 R.
1035 3632 101 25 Strano,

843 3659 114 27 Registrar
966 3659 33 21 for
1009 3659 38 21 the
1058 3657 81 23 Scotch
1149 3656 97 22 Church.

686 3686 145 27 Wellington,
843 3685 51 25 14th
904 3685 72 28 April,
987 3687 72 20 1841.'

888 3730 23 21 A
925 3729 91 22 CARD.

825 3765 52 20 Mr.
891 3764 34 20 H.
940 3764 29 20 B.
984 3763 97 26 Relph,

759 3798 106 14 SURGEON
879 3796 156 19 ACCOUCHEUR,
1051 3794 92 16 PETONI.

810 3834 172 25 Promissory
995 3834 95 20 Notes.

658 3860 139 49 BLANK
806 3861 69 20 forms
889 3860 35 21 for
941 3860 138 27 Promissory
1095 3858 78 27 Notes,
1183 3861 23 19 to
1216 3858 30 22 be

719 3887 45 22 had
783 3890 24 19 at
825 3887 38 22 the
882 3887 64 22 office
966 3887 24 22 of
1013 3887 36 21 the
1069 3885 56 23 New
1144 3885 100 23 Zealand

658 3914 101 23 Gazette.

1280 624 96 22 Public
1390 625 166 22 Auction.—
1557 625 138 21 Schooner
1714 625 150 21 ''Jewess."

1280 657 100 48 THE,
1385 658 62 27 Hull,
1456 658 72 27 Spars,
1536 657 105 28 Rigging,
1650 658 45 22 and
1702 659 74 21 Stores
1786 658 26 21 of
1822 657 43 23 this

1353 685 77 27 vessel,
1442 691 25 15 as
1476 684 52 27 they
1536 691 53 20 may
1599 685 29 21 be
1637 685 77 27 found,
1722 684 107 22 stranded
1836 691 28 15 on

1278 709 39 23 the
1326 710 74 23 Beach
1409 714 24 19 at
1442 710 115 27 Pakarika,
1569 711 100 27 opposite
1677 711 84 27 Kapiti,
1770 713 26 20 12
1801 710 64 23 miles

1278 736 67 23 north
1355 737 26 22 of
1392 737 96 27 Porirua,
1503 736 47 22 will
1557 737 28 22 be
1596 737 49 22 sold
1653 738 31 26 by
1692 737 76 27 public
1778 738 52 26 sale,
1842 740 23 19 at

1277 762 40 23 the
1328 764 71 21 Stores
1415 764 26 21 of
1451 763 39 22 the
1503 763 159 28 undersigned,
1677 764 25 21 in
1717 764 145 26 Wellington,

1277 792 24 19 at
1311 791 25 20 12
1347 790 83 22 o'clock
1440 797 30 15 on
1479 789 117 28 Saturday,
1614 790 38 22 the
1662 790 52 22 15th
1723 790 56 28 May
1785 799 5 18 ;
1809 789 53 27 also,

1277 815 39 22 the
1325 816 65 27 Long
1398 817 57 22 Boat
1463 816 46 22 and
1517 816 169 28 Chronometer,
1703 817 122 27 belonging
1840 819 23 19 to

1277 842 39 22 the
1334 843 49 22 said
1397 843 79 27 vessel,
1492 842 72 23 which
1583 850 54 20 may
1652 843 29 22 be
1696 850 55 15 seen
1770 846 23 19 at
1810 842 54 23 Port

1277 868 129 23 Nicholson.

1437 896 113 22 Bethune
1560 896 46 22 and
1617 896 107 27 Hunter,

1518 923 149 22 Auctioneers
1677 923 44 22 and
1730 922 104 23 Brokers.

1305 948 53 23 Port
1366 949 129 27 Nicholson,
1505 949 65 27 April
1579 951 35 25 29,
1625 951 61 20 1841.

1277 993 89 48 FOR
1395 993 83 27 SALE,
1503 1000 14 15 a
1539 993 157 23 well-finished
1717 993 145 22 native-built

1350 1023 92 24 cottage,
1450 1020 84 27 having
1540 1020 74 27 floors,
1622 1020 59 27 glass
1686 1020 115 27 windows,
1811 1020 49 26 &c,

1275 1046 130 28 beautifully
1423 1046 95 22 situated
1536 1049 23 19 at
1582 1047 38 21 the
1637 1049 39 24 top
1693 1047 26 21 of
1737 1047 125 26 Margaret-

1276 1076 74 24 street,
1360 1073 240 27 Wellington-terrace,
1618 1073 122 27 consisting
1753 1073 26 21 of
1790 1080 13 14 a
1811 1079 51 21 par-

1276 1100 56 27 lour,
1342 1100 61 22 three
1411 1100 128 22 bed-rooms
1549 1099 45 22 and
1603 1100 99 26 kitchen,
1717 1100 55 21 with
1786 1107 13 14 a
1812 1106 51 20 gar-

1277 1126 44 22 den
1337 1126 27 22 of
1374 1126 49 22 half
1437 1133 30 15 an
1481 1133 50 15 acre
1547 1126 83 22 fenced
1646 1126 44 22 and
1707 1126 72 22 under
1794 1133 54 20 crop
1855 1134 5 18 ;

1276 1153 39 27 pig
1330 1153 53 21 sties
1398 1153 43 22 and
1456 1153 90 27 poultry
1561 1152 82 22 houses
1657 1152 113 22 enclosed.
1798 1152 63 27 Also,

1277 1179 38 22 the
1324 1180 60 27 right
1393 1180 25 22 of
1427 1180 108 27 cropping
1542 1179 63 22 three
1612 1187 62 15 acres
1680 1180 25 21 of
1711 1178 152 29 landjalready

1277 1206 96 22 cleared.

1303 1235 21 20 2.
1326 1244 28 4 —
1354 1233 23 21 A
1392 1232 87 23 smaller
1493 1235 89 24 cottage
1599 1232 115 28 adjoining
1730 1232 38 22 the
1784 1233 78 25 above,

1277 1260 122 27 consisting
1406 1260 26 22 of
1443 1259 62 23 three
1515 1262 144 24 apartments,
1670 1259 54 22 with
1733 1267 13 14 a
1761 1259 63 27 piece
1841 1258 26 23 of

1277 1286 89 22 cleared
1375 1286 81 27 garden
1465 1286 87 26 ground
1561 1286 113 21 attached.

1304 1314 20 21 3.
1326 1324 28 4 —
1356 1313 74 22 About
1438 1315 27 19 10
1474 1312 47 28 logs
1530 1312 45 22 fine
1585 1312 108 22 seasoned
1703 1312 86 22 timber.

1304 1341 21 20 4.
1326 1351 28 4 —
1354 1341 28 21 20
1390 1340 47 27 pigs
1445 1339 25 22 in
1479 1339 44 22 fine
1535 1338 124 23 condition.

1304 1368 21 20 5.
1326 1378 28 4 —
1354 1367 22 21 A
1387 1366 100 28 quantity
1497 1366 26 21 of
1533 1365 99 27 poultry.
1640 1368 13 10 r

1304 1393 72 23 These
1391 1392 97 28 grounds
1503 1393 46 21 and
1563 1392 109 27 premises
1686 1392 124 28 (presently
1825 1398 38 15 oc-

1277 1420 81 27 cupied
1366 1420 30 27 by
1405 1420 44 22 Mr.
1460 1419 29 22 A.
1500 1418 83 27 Millar,
1602 1418 49 23 who
1661 1419 20 21 is
1690 1419 68 21 about
1768 1421 22 19 to
1799 1419 63 21 leave

1277 1446 40 22 the
1333 1447 127 21 settlement
1474 1446 35 21 for
1524 1453 14 14 a
1554 1446 64 25 time)
1636 1446 67 26 being
1723 1445 96 22 situated
1834 1451 29 15 on

1277 1472 39 23 the
1332 1481 87 14 reserve
1436 1472 85 23 outside
1537 1472 39 21 the
1587 1475 66 23 town,
1665 1479 45 20 any
1724 1472 105 31 occupier
1844 1472 19 21 is

1277 1502 42 19 not
1326 1500 70 27 likely
1403 1502 22 19 to
1435 1500 29 21 be
1478 1498 113 23 disturbed
1601 1499 24 21 in
1641 1498 39 22 the
1694 1505 126 21 possession
1829 1498 35 21 for

1278 1533 61 15 some
1349 1527 59 21 time.

1305 1552 303 28 Agriculturalimplements,
1615 1551 123 22 household
1745 1552 117 25 furniture,

1278 1580 48 26 &c,
1337 1583 22 18 to
1369 1580 28 21 be
1405 1578 49 23 sold
1462 1579 29 27 by
1501 1578 74 28 public
1586 1579 90 21 auction
1685 1578 24 21 in
1719 1585 14 14 a
1744 1578 43 21 few
1801 1578 62 26 days,

1278 1606 27 21 of
1315 1606 73 22 which
1397 1606 72 22 notice
1478 1603 45 24 will
1531 1604 28 22 be
1566 1605 75 27 given.
1670 1605 75 27 Apply
1756 1608 22 18 to

1547 1632 112 21 Bethune
1672 1632 44 21 and
1727 1632 109 21 Hunter.

1305 1658 142 28 Wellington,
1459 1657 64 28 April
1531 1658 33 26 28,
1576 1660 62 20 1841.

1279 1704 40 20 To
1340 1703 46 21 the
1406 1703 166 25 Merchants,
1594 1702 196 27 Ship-owners,
1808 1702 56 21 and

1375 1730 90 20 others
1485 1729 31 21 of
1527 1730 67 20 Port
1608 1729 160 21 Nicholson.

1281 1762 156 48 MESSRS.
1459 1762 100 21 PRATT
1578 1761 47 22 and
1643 1761 108 22 BEVAN
1772 1761 43 27 beg
1829 1768 35 15 re-

1371 1789 115 27 spectfully
1513 1792 23 18 to
1559 1789 84 21 inform
1665 1788 39 21 the
1726 1788 136 27 merchants,

1280 1815 151 27 ship-owners,
1449 1815 45 22 and
1511 1815 81 27 others,
1609 1815 49 22 that
1669 1815 54 27 they
1740 1815 57 21 have
1813 1822 51 13 now

1281 1842 142 21 commenced
1440 1841 39 22 the
1497 1842 156 21 manufacture
1677 1842 25 21 of
1716 1848 62 21 rope,
1797 1841 65 26 lines,

1281 1869 66 22 twine
1361 1869 26 21 of
1394 1869 28 21 all
1436 1869 153 26 descriptions,
1602 1871 58 18 mats
1674 1868 26 21 of
1713 1868 31 21 all
1759 1869 63 26 sizes,
1834 1868 30 21 oil

1280 1895 77 27 cloths,
1378 1895 37 22 &c.
1424 1903 6 13 :
1445 1895 82 26 fishing
1543 1898 49 18 nets
1608 1895 66 21 made
1691 1895 45 21 and
1754 1894 108 27 repaired,

1270 1921 56 22 Vind
1341 1928 66 19 every
1417 1921 134 26 description
1570 1922 27 20 of
1613 1921 77 21 article
1704 1922 24 20 in
1745 1921 38 21 the
1793 1921 71 21 above

1281 1947 52 26 line,
1350 1947 30 21 all
1395 1947 56 22 from
1468 1947 55 21 New
1536 1946 103 22 Zealand
1653 1947 53 26 flax,
1721 1947 47 21 and
1782 1953 29 15 on
1825 1945 39 23 the

1281 1976 57 20 most
1347 1973 128 23 reasonable
1484 1973 99 27 charges.
1612 1973 77 28 Apply
1698 1976 22 18 to

1495 2006 91 23 Messrs.
1603 2006 78 23 Pratt
1695 2006 46 22 and
1755 2006 87 26 Bevan,

1281 2040 43 22 No.
1342 2042 19 25 1,
1385 2040 229 27 Molesworth-street,
1641 2040 146 27 Wellington,
1811 2039 54 22 Port

1505 2067 132 22 Nicholson.

1357 2113 59 21 Van
1430 2112 135 21 Dieman's
1580 2114 78 20 Land
1672 2113 117 20 Timber.

1297 2146 18 22 A
1340 2146 104 22 LARGE
1460 2146 101 27 quantity
1571 2147 27 21 of
1611 2146 51 22 Van
1673 2147 116 21 Dieman's
1799 2146 65 22 Land

1281 2168 51 26 XjL
1359 2173 78 21 timber
1456 2173 27 21 of
1499 2173 89 21 various
1606 2173 135 23 dimensions
1751 2182 6 19 ;
1781 2173 54 26 also,
1852 2180 13 14 a

1279 2199 61 27 large
1350 2200 101 27 quantity
1461 2199 25 22 of
1497 2199 102 22 Colonial
1608 2200 85 27 timber,
1710 2200 122 27 consisting
1843 2199 22 22 of

1281 2225 103 28 weather,
1396 2226 76 27 lining,
1488 2226 45 22 and
1542 2226 96 27 flooring
1646 2227 80 22 boards
1736 2227 46 22 and
1791 2229 73 20 scant-

1279 2252 49 27 ling
1336 2253 25 21 of
1373 2253 28 21 all
1410 2253 57 22 sizes
1477 2253 44 21 and
1529 2253 91 26 lengths
1627 2261 6 13 :
1653 2261 52 15 now
1717 2261 30 15 on
1763 2253 62 23 hand
1841 2256 24 19 at

1279 2279 38 22 the
1327 2283 69 19 stores
1404 2280 26 22 of
1437 2279 37 23 the
1484 2279 159 28 undersigned.

1305 2314 64 27 They
1378 2314 44 23 will
1431 2314 46 23 also
1486 2314 28 22 be
1530 2314 78 28 happy
1617 2318 22 19 to
1650 2315 80 28 supply
1739 2315 64 22 those
1813 2314 50 23 who

1279 2340 78 23 intend
1367 2341 96 27 erecting
1472 2341 112 27 buildings
1593 2342 54 21 with
1657 2342 37 22 the
1699 2342 71 22 above
1777 2342 83 27 article,

1280 2370 37 19 cut
1335 2370 23 19 to
1378 2368 69 27 order,
1469 2368 25 21 of
1516 2375 45 20 any
1581 2368 137 22 dimensions
1738 2369 54 28 they
1808 2376 54 20 may

1278 2394 93 28 require,
1392 2394 43 22 and
1456 2394 134 23 deliverable
1610 2398 24 19 at
1651 2403 46 20 any
1714 2399 51 24 part
1783 2396 26 22 of
1824 2395 38 22 the

1278 2420 71 23 beach
1359 2429 30 14 on
1397 2422 37 21 the
1442 2420 96 23 shortest
1544 2422 85 21 notice.

1537 2448 64 22 John
1616 2457 46 13 and
1678 2449 58 22 Geo.
1750 2449 83 22 Wade.

1279 2495 38 21 To
1333 2495 159 21 Gentlemen
1510 2494 87 27 going
1611 2496 29 20 to
1655 2495 157 28 Wanganui
1832 2501 31 18 or

1496 2522 46 20 the
1556 2522 81 21 Bush.

1279 2554 88 49 FOR
1381 2554 83 27 SALE,
1479 2557 24 19 at
1520 2554 38 22 the
1578 2555 74 22 Stores
1672 2556 25 22 of
1716 2556 39 22 the
1773 2557 89 22 Under-

1350 2582 84 27 signed,
1445 2589 14 14 a
1467 2581 61 27 large
1544 2582 102 31 quantity
1663 2584 26 20 of
1698 2583 56 27 first,
1770 2585 90 26 second,

1279 2608 45 21 and
1346 2608 58 22 third
1427 2608 86 28 quality
1530 2608 89 28 biscuit,
1639 2610 124 22 warranted
1788 2611 74 27 newly

1278 2634 79 28 baked,
1369 2635 44 22 and
1422 2638 23 19 at
1452 2634 114 23 moderate
1575 2636 80 27 prices.

1305 2669 54 31 Any
1368 2669 126 26 gentleman
1505 2676 42 14 can
1556 2669 59 22 have
1624 2669 35 23 his
1669 2678 48 15 own
1724 2671 58 22 flour
1790 2671 75 22 baked

1279 2695 47 22 into
1335 2695 85 28 biscuit,
1430 2695 22 22 if
1462 2695 109 28 required.

1542 2723 145 22 Archabald
1697 2724 139 23 Anderson.

1304 2748 143 28 Wellington,
1458 2749 80 22 March
1549 2751 32 25 18,
1591 2752 62 20 1841.

1371 2794 117 21 Thomas
1502 2795 55 20 and
1570 2795 111 22 Samuel
1694 2797 80 20 Cook

1277 2827 92 49 BEG
1378 2830 22 19 to
1408 2827 82 23 inform
1500 2827 38 23 the
1546 2828 84 28 public,
1641 2829 49 22 that
1703 2829 86 28 having
1803 2837 61 15 com-

1352 2854 75 27 pleted
1443 2854 58 22 their
1523 2855 116 23 extensive
1657 2856 207 23 weather-boarded

1277 2881 70 27 Store,
1357 2881 52 27 they
1417 2881 59 22 have
1492 2888 68 21 every
1575 2883 153 22 convenience
1744 2884 35 21 for
1794 2890 70 15 ware-

1276 2907 97 28 housing
1380 2908 75 27 goods,
1466 2911 24 19 at
1498 2916 14 14 a
1519 2916 56 20 very
1583 2909 115 23 moderate
1709 2910 88 27 charge.

1304 2941 111 22 Lambtoq
1425 2942 71 26 Quay,
1507 2941 146 29 Wellington,
1667 2942 52 23 Jan.
1729 2945 34 25 29,
1775 2945 61 20 1841.

1385 2986 41 21 Ex
1439 2987 46 21 the

1277 3020 177 50 BONNETS,

1354 3046 90 28 Shawls,

1359 3074 103 27 Hosiery,

1358 3100 94 28 Thread,
1464 3102 83 26 cotton,
1557 3103 59 25 tape,
1629 3101 47 27 &c,

1359 3126 91 23 Powder
1460 3127 45 22 and
1514 3127 56 28 shot,

1359 3154 54 21 Sash
1423 3154 63 26 lines,
1497 3154 82 27 fishing
1587 3154 64 28 lines,
1660 3154 37 28 log
1705 3154 65 28 lines,
1782 3155 48 27 &c,

1358 3180 76 23 Twine
1444 3179 45 24 and
1497 3180 57 28 pack
1563 3180 87 28 thread,

1359 3208 113 26 Corderoy
1481 3207 44 22 and
1533 3208 129 27 beverteen,

1360 3234 85 28 Copper
1454 3234 56 21 nails
1521 3234 106 22 assorted.

1418 3261 124 25 Wallace,
1552 3260 92 28 White,
1655 3260 46 23 and
1709 3261 125 22 Wallace.

1305 3287 146 28 Wellington,
1462 3287 81 22 March
1552 3288 33 26 27,
1597 3289 62 20 1841.
1810 3291 3 5 '

1278 3333 74 48 EX
1365 3333 38 22 the
1411 3333 87 26 Bailey:
1498 3343 28 4 —
1526 3332 53 22 Two
1590 3339 61 15 cases
1662 3332 98 22 metallic
1769 3332 96 22 window

1356 3360 80 26 sashes,
1447 3359 79 28 glazed
1531 3366 7 20 ;
1554 3358 94 22 suitable
1657 3359 36 21 for
1702 3361 106 25 cottages.

1420 3386 123 26 Wallace,
1554 3385 92 27 White,
1658 3386 44 21 and
1711 3386 125 22 Wallace.

1279 3435 89 48 FOR
1391 3433 83 27 SALE,
1494 3440 14 15 a
1526 3433 104 27 quantity
1647 3433 25 21 of
1693 3433 54 21 OIL
1761 3433 103 22 BUTTS.

1351 3461 75 28 Apply
1436 3464 23 18 to

1447 3487 130 26 Ridgways,
1591 3486 104 27 Guyton,
1709 3486 45 21 and
1763 3486 73 21 Earp.

1278 3532 88 49 FOR
1380 3531 83 26 SALE,
1477 3534 23 19 at
1509 3530 38 22 the
1556 3530 56 27 shop
1623 3531 25 21 of
1660 3530 35 22 the
1705 3529 159 28 undersigned,

1350 3566 78 15 corner
1437 3558 27 22 of
1477 3557 73 22 Willis
1563 3564 47 15 ana
1624 3558 198 21 Manners-streets
1830 3563 6 14 :
1838 3567 28 5 —

1305 3593 94 27 Pickles,
1409 3599 83 20 sauces,
1503 3591 110 26 mustard,
1623 3591 70 26 hams,

1304 3619 90 22 Bottled
1402 3619 70 26 fruits,
1483 3618 77 27 spices,
1571 3624 84 21 capers,

1304 3646 110 22 Muscatel
1423 3645 46 22 and
1481 3644 106 22 Valencia
1595 3644 80 21 raisins
1690 3643 59 26 (new
1754 3643 83 27 fruits,)

1305 3673 77 22 Currie
1391 3671 94 29 powder,
1495 3671 68 21 moist
1568 3671 47 21 and
1623 3671 49 21 loaf
1683 3677 72 20 sugar,

1304 3700 53 27 Tea,
1370 3699 73 26 coffee,
1455 3698 99 26 tobacco,
1564 3697 79 26 cigars,

1269 3746 3 7 ,
1305 3727 86 25 Butter,
1403 3725 83 26 cheese,
1497 3723 75 28 bread,
1581 3721 65 29 flour,

1267 3756 3 27 j
1306 3752 85 27 Starch,
1401 3752 58 26 blue,
1469 3750 112 27 blacking,
1593 3749 97 27 candles,

1305 3779 55 22 And
1368 3778 122 29 provisions
1500 3777 25 21 of
1536 3784 69 20 every
1613 3776 142 27 description.

1595 3810 33 22 H.
1638 3810 94 22 Taylor
1742 3808 46 23 and
1796 3810 40 21 Co.

1264 3856 3 5 ,
1304 3839 66 28 April
1378 3838 31 28 27,
1422 3839 61 22 1841.

1288 3883 81 51 FUST
1383 3881 130 27 OPENED,
1531 3881 90 23 various
1636 3880 66 22 kinds
1717 3880 27 22 of
1761 3879 103 23 WRAP-

1340 3910 76 23 PING
1430 3908 108 24 PAPER.

1274 3934 2 6 1

1898 625 133 35 qiHREE
2044 626 172 23 THOUSAND
2231 626 78 22 FEET
2316 627 101 27 superior
2425 626 58 23 half-

1905 649 28 24 JL
1970 652 53 22 inch
2043 653 76 27 Cedar,
2138 654 35 21 for
2189 652 103 28 building
2310 655 45 20 and
2371 654 112 26 repairing

1897 677 69 23 boats.

2224 704 81 23 Waitt
2316 705 45 22 and
2369 705 86 23 Tyser.

1923 731 144 28 Wellington,
2078 732 80 22 March
2166 733 35 24 18,
2212 732 61 21 1841.

1897 774 72 48 ON
1992 774 84 28 SALE,
2088 775 37 22 the
2149 774 70 23 entire
2239 781 66 21 cargo
2323 775 27 22 of
2365 775 38 22 the
2420 776 61 26 Lady

1958 802 128 25 Nugent.—

1933 827 28 22 50
1970 828 85 21 barrels
2064 828 58 22 Irish
2128 827 64 33 pork,

1933 854 28 22 50
1971 854 36 23 do.
2017 854 102 23 Hambro
2128 854 57 26 beef,

1921 880 40 23 150
1970 888 62 15 cases
2041 881 84 27 pickles
2135 880 45 23 and
2187 887 84 20 sauces,

1947 909 14 20 6
1971 908 35 21 do.
2017 908 86 21 bottled
2112 908 71 25 fruits,

1933 934 28 21 36
1970 934 36 22 do.
2017 934 127 23 maccaroni
2154 933 45 23 and
2208 933 128 27 vermicelli,

1934 961 27 21 10
1970 960 54 27 kegs
2034 961 63 27 tripe,

1933 988 27 20 10
1970 987 35 22 do.
2016 990 102 24 tongues,

1933 1014 27 21 10
1965 1014 48 25 jars
2019 1014 41 21 red
2069 1013 108 28 herrings,

1932 1041 28 20 24
1968 1039 55 28 kegs
2031 1040 85 27 barley,
2129 1039 102 27 oatmeal,
2239 1039 52 28 split
2299 1046 60 21 peas,
2370 1044 82 24 groats,

1920 1067 41 21 100
1970 1066 61 22 York
2041 1067 45 21 and
2093 1065 137 29 Westphalia
2238 1065 72 28 hams,

1945 1094 14 20 2
1970 1100 61 15 cases
2043 1093 80 27 bacon,

1933 1120 27 21 10
1970 1127 61 14 cases
2040 1119 50 22 loaf
2095 1119 45 22 and
2149 1118 53 29 pine
2206 1117 86 28 cheese,
2300 1126 54 21 very
2362 1120 105 28 superior,

1947 1148 13 19 8
1970 1145 65 23 hhds.
2045 1146 46 22 and
2100 1148 25 20 18
2135 1152 32 22 qr.
2178 1144 63 23 casks
2253 1145 85 28 sherry,

1933 1174 28 20 60
1970 1180 61 14 cases
2040 1173 100 27 superior
2150 1171 100 27 Geneva,

1933 1200 28 20 40
1971 1202 51 18 tons
2031 1199 46 22 fine
2086 1199 49 27 salt,

1933 1226 28 21 50
1970 1225 84 22 barrels
2062 1224 127 23 Stockholm
2200 1227 40 24 tar,

1933 1253 28 21 25
1971 1252 36 22 do.
2017 1252 68 27 pitch,

1922 1279 76 26 15,000
2006 1279 50 22 best
2065 1279 63 21 stock
2137 1277 80 26 bricks,

1948 1307 11 20 1
1971 1312 49 15 case
2030 1305 100 27 superior
2138 1303 202 24 double-barrelled
2353 1304 52 23 flint
2417 1312 65 21 guns,

1921 1333 55 21 8000
1983 1332 47 22 feet
2039 1333 11 21 1
2061 1331 53 23 inch
2124 1330 72 23 Baltic
2204 1330 87 28 boards,

1922 1359 53 21 1000
1994 1358 49 22 doz.
2063 1358 27 22 of
2104 1357 101 29 Taylor's
2224 1357 66 22 India
2312 1357 51 28 pale
2379 1358 34 22 ale
2438 1358 45 23 and

1893 1388 81 25 porter.

2225 1410 82 22 Waitt
2317 1411 46 22 and
2370 1411 85 23 Tyser.

1899 1445 3 4 •
1921 1437 145 28 Wellington,
2077 1438 54 22 25th
2139 1436 87 27 March,
2238 1438 62 20 1841.

1896 1482 86 48 FOR
1997 1482 84 22 SALE.
2098 1484 25 20 11
2140 1486 51 18 tons
2206 1481 49 22 best
2270 1482 95 22 seconds
2380 1482 64 28 flour,
2461 1486 23 19 at

1966 1508 37 22 3d.
2013 1516 40 20 per
2062 1509 30 22 lb.
2102 1509 31 27 by
2142 1509 38 22 the
2187 1507 51 27 bag.

2223 1534 81 22 Waitt
2316 1535 45 22 and
2368 1535 86 22 Tyser.

1922 1561 145 27 Wellington,
2082 1562 61 27 April
2152 1562 33 25 29,
2198 1562 59 20 1841.

1897 1606 86 22 TT^OR
1992 1606 127 22 immediate
2130 1605 52 27 sale,
2193 1604 76 28 cheap,
2277 1606 28 21 20
2312 1605 65 22 hhds.
2384 1607 100 27 superior

1896 1628 29 26 S.
1968 1639 91 21 cognac,
2071 1632 45 23 and
2123 1634 28 21 40
2161 1631 63 22 casks
2233 1632 86 21 bottled
2328 1635 67 19 stout.

2224 1658 81 21 Waitt
2316 1658 47 22 and
2370 1659 84 23 Tyser.

1922 1685 145 27 Wellington,
2079 1686 65 26 April
2153 1686 35 26 29,
2199 1686 59 20 1841.

1897 1730 70 48 ON
1981 1730 85 26 SALE,
2078 1734 23 18 at
2110 1730 37 22 the
2158 1729 74 22 Stores
2240 1729 27 21 of
2276 1729 39 22 the
2321 1729 159 29 undersigned,

1972 1764 29 14 ex
2013 1758 89 25 Bailey:
2102 1768 28 4 —

1922 1785 39 20 180
1970 1782 244 24 mousseline-de-laine
2227 1782 44 21 and
2286 1782 90 27 printed
2391 1783 90 27 Saxony

1895 1809 91 28 dresses,
1998 1810 36 22 the
2041 1811 67 21 latest
2114 1810 45 22 and
2165 1811 59 19 most
2228 1808 138 22 fashionable
2373 1813 108 23 patterns.

2262 1835 111 22 William
2382 1836 73 22 Lyon.

2079 1880 117 22 General
2210 1880 85 20 Store.

1896 1914 90 47 MR.
2001 1914 144 21 TELFORD
2159 1913 84 25 having
2255 1913 103 27 recently
2368 1913 66 22 made
2445 1921 38 14 ex-

1985 1940 87 21 tensive
2088 1940 127 26 purchases,
2233 1939 53 25 begs
2297 1942 21 18 to
2328 1946 123 15 announce
2459 1943 24 19 to

1894 1966 35 21 his
1937 1966 85 22 friends
2032 1966 49 22 that
2090 1966 28 21 he
2128 1966 39 21 lias
2178 1971 30 16 on
2218 1964 54 28 sale,

1922 1992 189 23 HARDWARE
2123 1993 24 21 of
2159 1992 37 21 the
2206 1991 47 22 first
2262 1991 93 28 quality,
2365 1992 118 28 includiMg

1896 2027 12 14 a
1916 2022 63 24 great
1985 2019 87 27 variety
2082 2019 26 22 of
2118 2018 64 23 nails.

1921 2046 104 21 FLOUR
2035 2047 27 20 of
2072 2046 47 21 first
2128 2045 45 22 and
2183 2044 82 22 second
2275 2044 96 27 quality.

1923 2072 181 23 GROCERIES.
2105 2084 32 5 —
2137 2073 52 25 Tea,
2203 2078 85 20 sugars,
2305 2072 78 26 coflee,
2398 2072 83 28 butter,

1895 2106 59 20 soap,
1966 2099 98 27 candles,
2074 2100 54 26 rice,
2142 2105 66 19 curry
2224 2096 95 29 powder,
2336 2098 89 27 pickles
2438 2100 45 22 and

1895 2133 83 19 sauces,
1990 2126 110 26 spiceries,
2112 2126 39 21 &c.

1921 2152 101 22 WINES
2036 2152 68 22 AND
2114 2150 155 24 SPlßlTS.—
2269 2150 94 23 Besides
2370 2151 41 22 the
2418 2152 65 23 usual

1896 2179 79 32 supply
1984 2179 27 22 of
2020 2180 70 21 wines
2098 2179 46 22 and
2153 2177 80 28 spirits,
2246 2176 64 23 there
2319 2178 19 21 is
2347 2185 14 14 a
2370 2179 114 21 consider-

1895 2206 49 21 able
1950 2206 103 27 quantity
2058 2206 25 21 of
2091 2206 87 21 Scotch
2187 2203 112 22 Whiskey
2308 2212 6 19 ;
2325 2204 46 22 and
2377 2213 14 14 a
2396 2205 89 23 limited

1895 2232 103 27 quantity
2008 2232 25 22 of
2044 2233 116 21 Colonial
2170 2230 122 22 Whiskey.

1921 2259 97 22 BOOTS
2032 2259 69 22 AND
2116 2257 137 24 SHOES.—
2253 2257 73 22 There
2335 2257 42 22 has
2383 2258 58 23 been
2448 2266 35 15 re-

1895 2285 77 22 ceived
1991 2293 13 14 a
2022 2286 103 27 quantity
2146 2284 26 23 of
2192 2283 140 28 Wellington
2353 2285 66 22 boots
2438 2286 46 22 and

1895 2312 113 22 Warren's
2014 2312 113 27 blacking.

1921 2339 170 22 BLANKETS.
2093 2352 31 4 —
2125 2337 71 24 Fresh
2210 2338 92 21 arrivals
2318 2338 58 21 have
2386 2346 64 15 come
2460 2342 22 19 to

1894 2365 60 23 hand
1963 2366 24 22 in
1998 2368 38 20 8-4
2044 2366 46 22 and
2099 2368 57 25 11-4,
2174 2364 27 22 of
2213 2364 89 22 various
2318 2365 103 27 qualities
2438 2366 45 22 and

1894 2392 78 28 prices.

1921 2418 265 23 HABERDASHERY.
2187 2429 32 5 —
2219 2417 73 22 There
2307 2418 19 22 is
2341 2425 14 15 a
2365 2418 69 23 select
2442 2419 41 22 but

1892 2445 87 23 limited
2004 2446 104 29 quantity
2131 2453 29 15 on
2185 2444 67 27 hand,
2276 2444 118 28 including
2412 2448 69 26 tapes,

1894 2472 96 28 threads,
2001 2472 66 23 black
2078 2472 45 23 and
2138 2471 105 24 coloured
2256 2479 88 14 sewing
2359 2479 63 15 silks
2438 2472 45 23 and

1894 2500 63 26 twist,
1980 2500 96 26 darning
2095 2502 82 23 cotton,
2195 2497 98 27 needles,
2312 2498 82 28 combs,
2416 2499 67 23 India

1894 2526 42 21 silk
1943 2526 46 21 and
1996 2528 76 19 cotton
2078 2524 179 27 handkerchiefs,
2264 2524 87 28 braces,
2359 2526 42 21 &c.

1920 2552 264 23 DRAPERY.—White
2205 2554 76 19 cotton
2303 2551 102 28 shirting,
2424 2556 62 19 stout

1893 2579 143 22 unbleached
2049 2582 82 24 cotton,
2145 2578 61 23 40in.
2220 2578 65 27 wide,
2302 2581 77 20 cotton
2394 2578 89 29 checks,

1896 2606 55 22 dark
1959 2606 79 26 prints,
2049 2607 41 21 &c.
2101 2606 40 22 &c.

1923 2632 52 22 OIL
1998 2633 67 22 AND
2089 2631 197 23 LAMPS.—This
2303 2631 68 22 latter
2389 2631 40 23 has
2448 2639 36 15 re-

1895 2659 77 22 ceived
1981 2667 29 14 an
2020 2660 99 21 increase
2130 2659 26 22 of
2166 2658 38 21 the
2213 2658 48 21 best
2276 2658 86 27 quality
2379 2658 48 23 that
2443 2659 41 23 has

1894 2688 39 25 yet
1940 2686 60 22 been
2009 2686 84 22 offered
2100 2686 25 21 in
2136 2686 36 21 the
2184 2684 92 27 Colony.

1921 2712 72 23 There
2003 2712 40 22 has
2052 2712 47 23 also
2110 2719 62 16 come
2183 2714 23 19 to
2225 2711 62 21 hand
2302 2718 15 15 a
2332 2711 65 23 small
2410 2712 34 22 lot
2460 2712 27 22 of

1895 2742 64 19 straw
1977 2740 58 25 hats,
2060 2740 48 21 sou'
2133 2742 96 23 westers,
2252 2738 82 22 Scotch
2352 2746 61 20 caps,
2432 2747 52 19 unv-

1894 2766 87 26 brellas,
1993 2767 39 21 &c.

2120 2811 53 21 For
2188 2810 69 24 Sale,

1912 2832 18 33 i
1955 2844 72 23 NEW
2036 2843 164 22 London-built
2208 2843 58 26 boat,
2283 2843 26 22 of
2322 2845 28 20 20
2365 2843 46 22 feet
2424 2843 57 28 keel,

1895 2866 50 27 jljL
1973 2871 52 22 with
2035 2874 60 19 mast
2102 2871 45 22 and
2155 2869 40 23 sail
2203 2869 117 28 complete.
2349 2870 76 28 Apply
2433 2873 24 19 to

2111 2898 26 21 F.
2151 2897 117 26 Sinclair,
2285 2897 69 22 River
2363 2896 66 23 Hutt.

1923 2925 64 27 April
1996 2923 33 28 27,
2041 2926 61 20 1841.
2471 2942 9 17 :

2110 2969 39 20 To
2165 2968 34 20 be
2213 2968 58 24 Let,

1912 2996 18 21 A
1955 2994 158 23 Commodious
2123 2994 165 23 three-roomed
2294 2994 95 22 wooden
2395 2994 86 28 House,

1895 3022 50 22 XjL
1972 3022 25 21 in
2013 3029 29 14 an
2058 3021 88 30 eligible
2163 3020 111 26 situation,
2285 3020 101 28 fronting
2399 3020 84 23 Willis-

1895 3052 73 24 street,
1984 3048 159 27 commanding
2162 3053 28 15 an
2210 3046 111 23 excellent
2336 3047 58 22 view
2408 3048 27 21 of
2445 3048 38 22 the

1895 3075 103 22 harbour.
2025 3075 35 22 To
2076 3075 28 22 be
2121 3075 68 22 taken
2206 3072 52 23 with
2273 3081 26 14 or
2312 3074 94 23 without
2420 3074 61 23 land.

1895 3102 77 28 Apply
1981 3104 23 19 to

2082 3128 27 22 R.
2125 3129 65 25 Seed,
2202 3126 57 23 Boot
2269 3126 47 23 and
2323 3126 60 23 Shoe
2393 3128 88 23 Maker.

1922 3162 189 28 Lambton-quay,
2122 3161 65 28 April
2196 3162 34 25 30,
2243 3162 61 20 1841.

2131 3208 39 20 To
2185 3206 59 26 Let,

1895 3243 50 47 A
1959 3239 213 25 SUBSTANTIAL
2183 3239 74 22 native
2265 3239 60 22 built
2330 3233 152 34 house/situa-

1973 3268 39 22 ted
2026 3267 25 22 in
2068 3267 38 22 the
2121 3273 50 16 rear
2187 3266 27 21 of
2225 3266 138 27 Wellington
2379 3267 103 23 Terrace.

1895 3295 47 23 The
1951 3295 71 22 house
2039 3294 102 22 contains
2150 3292 64 24 three
2224 3300 74 15 rooms
2307 3293 45 22 and
2361 3300 14 14 a
2384 3293 97 23 kitchen.

1895 3322 47 22 The
1961 3321 72 23 whole
2051 3321 46 22 will
2115 3321 28 21 be
2159 3322 44 32 put
2220 3319 25 22 in
2268 3319 111 28 complete
2401 3321 80 27 repair.

1895 3349 71 22 There
1982 3349 19 21 is
2017 3347 47 23 also
2080 3355 14 14 a
2102 3347 64 23 small
2182 3347 84 26 garden
2284 3346 103 22 attached
2403 3349 22 19 to
2445 3347 36 21 the

1895 3376 113 27 premises.
2036 3375 45 21 For
2097 3373 118 23 directions
2231 3373 67 28 apply
2314 3376 23 18 at
2352 3373 44 22 this
2410 3373 70 28 office,

1895 3402 45 22 and
1948 3402 35 22 for
1991 3401 131 28 particulars
2131 3404 23 19 to
2165 3400 45 22 Mr.
2221 3400 28 22 A.
2260 3400 85 22 Millar.

2107 3447 39 20 To
2162 3445 33 21 be
2210 3446 57 24 Let,
2285 3452 2 4 ■
2332 3437 5 6 J
2337 3439 15 5 ~

1897 3480 95 22 nnWO
2003 3480 151 22 commodious
2163 3485 75 15 rooms
2246 3478 46 22 and
2300 3486 15 14 a
2322 3478 102 28 spacious
2432 3478 47 26 loft,

1904 3500 28 28 JL
1968 3507 69 26 being
2046 3509 51 25 part
2105 3506 26 22 of
2142 3507 37 21 the
2189 3506 63 21 Store
2261 3504 46 23 and
2318 3508 22 19 at
2352 3507 91 25 present
2457 3504 23 23 in

1895 3534 38 22 the
1942 3533 133 28 occupation
2085 3533 27 22 of

2259 3558 27 21 T.
2296 3557 45 22 and
2351 3558 21 21 S.
2384 3558 69 21 Cook.

1923 3587 188 27 Lambton-quay,
2122 3585 143 27 Wellington,

1976 3613 31 28 2.9
2007 3613 21 28 th
2037 3614 74 27 April,
2121 3614 61 22 1841.

2078 3659 57 21 Boot
2141 3656 44 24 and
2196 3655 56 22 Shoe
2258 3654 89 27 Maker,
2357 3655 25 21 in
2391 3657 88 20 return-

1952 3695 10 11 •
2006 3685 40 29 ing
2069 3685 80 21 thanks
2172 3686 24 18 to
2214 3681 37 22 the
2275 3681 136 22 Gentlemen

1897 3711 76 22 Public
1982 3711 35 22 for
2026 3712 58 21 their
2093 3714 121 25 patronage
2229 3707 44 23 and
2284 3711 96 24 support,
2391 3708 54 26 begs
2455 3711 22 19 to

1895 3737 82 23 inform
1987 3738 63 22 them
2060 3738 48 21 that
2123 3737 28 22 he
2161 3735 40 23 has
2214 3734 47 28 just
2276 3732 104 24 received
2394 3742 13 14 a
2420 3735 60 22 fresh

1895 3765 80 28 supply
1984 3765 26 21 of
2017 3765 102 21 Leather.

1933 3799 68 21 Boots
2011 3798 44 21 and
2066 3797 69 22 Shoes
2144 3794 76 28 neatly
2229 3794 101 28 repaired
2338 3801 24 15 as
2371 3794 73 23 usual.

1923 3831 188 27 Lambton-quay,
2123 3829 65 28 April
2196 3830 35 24 30,
2243 3829 59 21 1841.

1896 3876 70 50 ON
1981 3876 86 26 SALE,
2081 3879 24 18 at
2113 3875 44 22 this
2167 3873 78 28 Office,
2255 3873 49 23 files
2314 3873 26 22 of
2350 3873 38 24 the
2425 3874 58 23 New

1971 3902 101 23 Zealand
2369 3902 3 16 ;

157 627 69 21 New
240 625 121 22 Zealand
376 626 148 25 Company.

48 660 93 27 Capital,
155 659 119 27 £100,000,
289 659 25 21 in
322 659 55 21 4000
386 658 81 22 Shares
477 658 25 21 of
512 658 46 22 £25
569 658 63 28 each,

272 686 31 21 all
312 686 52 27 paid
372 692 39 20 up.

180 720 92 16 Governor
277 724 4 12 :
296 719 75 17 Joseph
378 718 71 19 Somes,
458 717 42 21 Esq.

109 747 183 22 Deputy-Governor:
303 746 49 17 Hon.
355 746 74 16 Francis
437 745 73 21 Baring,
517 745 52 21 M.P.,

282 777 110 13 directors
397 778 5 11 :

129 801 91 17 Viscount
226 802 89 20 Ingestre,
322 800 52 20 M.P.,

131 822 48 17 Lord
186 823 59 18 Petre,

129 843 66 20 Henry
200 843 23 17 A.
230 842 94 21 Aglionby,
333 841 48 21 Esq.,
388 841 54 21 M.P.,

129 864 49 16 John
185 863 83 17 Ellorker
275 863 88 17 Boulcott,
374 862 49 20 Esq.,

129 884 51 16 John
186 883 81 17 ■William
273 883 74 19 Buckle,
353 882 49 20 Esq.,

131 903 73 18 Russell
212 903 63 19 Ellice,
282 903 50 20 Esq.,

129 926 63 15 James
199 924 69 17 Robert
274 924 71 19 Gowen,
352 922 50 21 Esq.,

129 945 50 17 John
186 945 54 19 Hine,
248 945 49 19 Esq.,

129 966 81 16 William
216 966 55 19 Hutt,
278 965 49 20 Esq.,

129 987 76 16 Stewart
212 985 129 20 Majoribanks,
352 984 49 21 Esq.,

127 1006 105 17 Alexander
239 1006 63 19 Nairn,
311 1006 47 19 Esq.,

128 1028 50 16 John
185 1027 53 19 Pirie,
247 1027 48 20 E6q.,
303 1027 103 17 Alderman,

129 1049 30 16 Sir
166 1048 67 20 George
240 1047 82 20 Sinclair,
330 1047 55 19 Bart.,
393 1046 53 19 M.P.,

130 1069 30 17 Sir
167 1068 28 17 W.
202 1068 58 16 Moles
263 1068 60 18 worth,
331 1067 54 19 Bart.,
393 1067 53 19 M.P.,

128 1089 50 17 John
185 1089 45 16 Abel
237 1088 64 20 Smith,
310 1088 47 20 Esq.,
368 1087 54 19 M.P.,

129 1110 49 16 Wm.
189 1109 109 20 Thompson,
313 1109 47 19 Esq.,
375 1108 104 18 Alderman,
494 1107 53 20 M.P.,

129 1131 50 16 Hon.
186 1129 96 18 Frederick
289 1129 37 16 Jas.
334 1129 118 19 Tollemache,
462 1127 53 21 M.P.,

129 1151 77 16 Edward
214 1150 21 17 G.
243 1150 103 19 Wakefield,
351 1149 37 20 Esq
395 1160 5 9 ,

129 1173 30 15 Sir
166 1172 63 19 Henry
236 1171 62 18 Webb,
306 1171 54 18 Bart.,

128 1193 71 16 Arthur
204 1191 66 20 Willis,
277 1192 50 19 Esq.,

130 1213 69 20 George
206 1212 97 17 Frederick
310 1212 70 19 Young,
388 1210 43 21 Esq.

192 1239 101 21 Secretary:
305 1239 52 16 John
364 1237 69 20 Ward,
443 1237 43 21 Esq.

47 1274 88 30 HpiHE
145 1274 61 22 main
215 1273 98 22 features
321 1272 26 22 of
352 1272 37 21 the
397 1275 84 23 system
489 1271 25 22 of
520 1271 112 22 coloniza-

53 1306 29 18 JL
119 1301 48 21 tion
178 1299 96 28 adopted
282 1300 31 26 by
323 1299 36 22 the
373 1298 122 27 Company,
511 1305 44 19 are,
557 1310 31 5 —
589 1300 41 26 Ist,

46 1329 36 21 the
93 1328 45 22 sale
148 1327 26 21 of
184 1327 72 26 lands,
270 1329 24 18 at
307 1333 29 14 an
349 1325 98 22 uniform
462 1324 45 22 and
520 1324 113 23 sufficient

46 1355 71 28 price;
134 1354 45 22 and
193 1353 76 26 2ndly,
286 1352 38 22 the
339 1352 152 27 employment
505 1352 26 21 of
544 1359 13 14 a
570 1352 62 26 large

46 1382 85 27 portion
142 1381 26 21 of
174 1380 37 21 the
220 1379 209 27 purchase-money,
440 1385 24 14 as
475 1385 28 14 an
513 1378 119 27 Immigra-

46 1410 43 20 tion
101 1408 72 21 Fund.
202 1407 29 21 In
241 1406 62 21 these
313 1408 103 24 respects,
432 1405 38 22 the
479 1405 118 27 principles
608 1406 27 21 of

46 1435 68 22 South
127 1434 114 22 Australia
255 1432 58 22 have
327 1433 58 21 been
399 1431 104 22 followed
515 1439 24 14 as
552 1432 80 28 nearly

44 1469 22 15 as
86 1462 172 21 circumstances
272 1458 80 28 would,
372 1459 24 21 in
411 1458 38 22 the
467 1461 90 25 present
573 1465 57 21 case,

46 1488 86 28 permit.

68 1521 49 22 The
131 1520 72 27 grand
218 1519 75 28 object
307 1519 27 21 of
347 1517 38 23 the
400 1525 56 20 new,
470 1525 26 15 or
506 1518 124 28 improved,

45 1551 81 24 system
136 1547 26 22 of
173 1547 37 21 the
221 1546 98 27 disposal
332 1545 25 22 of
374 1545 96 21 colonial
484 1545 70 27 lands,
571 1546 19 21 is
606 1548 24 20 to

44 1575 97 26 regulate
157 1573 37 22 the
208 1573 81 27 supply
304 1573 26 21 of
346 1579 49 15 new
409 1571 61 26 land,
487 1572 30 33 by
531 1572 38 22 the
582 1572 49 22 real

44 1604 69 19 wants
125 1600 25 22 of
164 1600 37 21 the
217 1599 118 26 Colonists,
350 1606 24 14 so
389 1597 50 23 that
453 1595 38 25 the
505 1598 54 22 land
573 1598 58 22 shall

45 1635 65 14 never
127 1627 29 21 be
175 1626 71 22 either
265 1625 188 28 superabundant,
475 1632 25 14 or
517 1625 111 28 deficient,

44 1654 69 21 either
127 1657 39 18 too
183 1653 77 28 cheap,
277 1660 25 14 or
321 1656 36 18 too
376 1652 60 21 dear.
474 1652 23 21 It
513 1651 41 23 has
571 1653 59 21 been

44 1681 75 21 shown
127 1680 51 21 that
186 1680 38 21 the
234 1679 43 22 due
289 1679 131 28 proportion
432 1679 103 21 between
550 1679 80 28 people

45 1708 43 21 and
94 1707 55 22 land
154 1714 52 19 may
211 1707 29 21 be
248 1705 126 26 constantly
380 1705 94 22 secured
479 1705 30 27 by
515 1705 115 23 abandon-

45 1735 36 26 ing
91 1734 36 21 the
138 1733 38 22 old
186 1736 84 24 system
280 1733 27 21 of
318 1739 95 18 grants,
424 1731 44 22 and
478 1732 114 27 requiring
601 1740 29 14 an

43 1761 97 21 uniform
149 1760 61 27 price
219 1766 41 21 per
269 1766 57 19 acre,
341 1758 34 22 for
384 1758 30 22 all
423 1766 51 14 new
483 1758 72 27 lands,
566 1759 65 21 wilh-

49 1787 169 27 outexception.
247 1785 26 22 If
283 1785 38 21 the
330 1785 60 28 price
400 1785 28 21 be
442 1787 42 19 not
496 1787 37 19 too
548 1787 49 24 low,
612 1786 20 21 it

47 1815 71 20 deters
125 1813 138 27 speculators
271 1812 58 22 from
344 1811 116 27 obtaining
473 1811 60 28 land,
550 1812 52 21 with
618 1820 14 14 a

46 1841 53 21 view
106 1843 24 19 to
139 1840 92 26 leaving
240 1839 58 21 their
306 1841 105 24 property
420 1838 24 22 in
454 1846 14 13 a
479 1838 73 22 desert
564 1841 66 25 state,

46 1867 43 22 and
99 1867 54 21 thus
167 1869 105 25 prevents
280 1865 109 27 injurious
399 1864 122 28 dispersion
527 1872 6 19 ;
548 1865 18 21 it
576 1865 53 27 also,

47 1894 26 27 by
82 1892 136 28 compelling
225 1899 69 20 every
299 1892 103 21 labourer
410 1893 22 19 to
439 1891 61 21 work
507 1891 36 21 for
550 1899 79 20 wages,

46 1920 53 22 until
109 1920 28 20 he
147 1919 41 21 has
197 1919 69 21 saved
279 1918 38 20 the
327 1917 54 26 only
389 1924 79 14 means
479 1917 25 21 of
514 1918 117 27 obtaining

46 1945 57 25 land,
113 1945 86 20 insures
213 1950 14 14 a
242 1943 81 27 supply
337 1943 25 21 of
373 1943 78 21 labour
465 1943 35 21 for
514 1943 55 21 hire.
598 1944 30 26 If,

47 1978 24 14 on
82 1971 38 21 the
129 1970 64 22 other
202 1969 68 27 hand,
287 1969 37 21 the
333 1969 60 27 price
402 1969 28 21 be
440 1972 41 18 not
491 1972 35 18 too
536 1969 61 27 high,
611 1970 20 21 it

46 1997 82 22 neither
137 1997 100 21 confines
247 1996 38 22 the
296 1994 86 24 settlers
397 1996 77 21 within
489 2003 12 14 a
515 2004 65 19 space
594 1997 37 21 in-

46 2023 155 28 conveniently
215 2030 96 19 narrow,
326 2029 42 15 nor
383 2022 53 22 does
450 2023 18 21 it
484 2026 94 23 prevent
590 2023 40 22 the

46 2051 74 26 thrifty
133 2051 104 21 labourer
251 2049 59 22 from
323 2048 119 28 becoming
456 2056 14 14 a
481 2049 147 28 land-owner,

47 2078 53 21 after
109 2077 100 26 working
219 2084 61 14 some
292 2077 53 21 time
354 2076 35 21 for
399 2083 80 20 wages.

73 2112 20 21 A
110 2111 117 26 sufficient,
244 2110 42 21 but
303 2113 40 18 not
360 2116 63 15 more
442 2109 55 22 than
517 2110 114 22 sufficient

47 2138 56 26 price
113 2138 35 21 for
160 2137 31 22 all
202 2144 51 15 new
267 2136 61 28 land,
344 2136 18 22 is
377 2136 38 21 the
430 2136 62 22 main
506 2136 86 22 feature
607 2137 27 21 of

49 2165 33 21 the
99 2172 49 14 new
163 2167 83 23 system
261 2164 26 21 of
303 2163 157 22 colonization.
493 2163 22 21 It
529 2164 102 21 obviates

48 2199 62 19 every
122 2198 83 20 species
220 2190 26 22 of
259 2190 101 27 bondage
367 2197 6 19 ;
392 2190 31 26 by
436 2190 119 27 providing
571 2197 60 15 com-

47 2218 84 21 binable
139 2218 86 26 labour,
235 2217 19 21 it
263 2217 90 22 renders
361 2216 105 27 industry
472 2223 54 21 very
534 2217 97 27 produc-

49 2245 45 25 tive,
106 2244 44 22 and
159 2244 120 21 maintains
289 2244 55 21 both
352 2243 55 27 high
421 2251 80 19 wages,
517 2243 45 22 and
576 2244 55 26 high

47 2272 82 26 profits;
151 2271 20 21 it
185 2270 78 22 makes
280 2270 39 21 the
337 2270 81 27 colony
433 2277 24 14 as
474 2270 115 22 attractive
606 2278 24 15 as

48 2298 96 26 possible,
159 2297 54 22 both
228 2300 24 19 to
268 2297 120 27 capitalists
404 2297 45 21 and
463 2299 24 19 to
500 2297 129 27 labourers;

48 2325 40 20 and
97 2328 39 18 not
145 2324 85 27 merely
239 2326 23 19 to
272 2324 69 26 these,
353 2323 42 21 but
404 2323 53 27 also,
467 2323 31 27 by
507 2324 124 27 bestowing

48 2359 24 13 on
87 2351 36 22 the
134 2351 87 27 colony,
238 2350 39 21 the
287 2350 72 22 better
373 2350 118 21 attributes
506 2350 25 21 of
548 2357 30 15 an
592 2350 40 23 old

47 2379 72 25 societ3
119 2385 6 9 r
126 2394 5 10 ,
142 2381 23 18 to
173 2377 62 22 those
244 2377 50 22 who
300 2377 57 22 have
365 2384 13 14 a
385 2377 92 21 distaste
484 2377 34 21 for
524 2377 60 22 what
588 2377 43 22 has

47 2404 118 22 heretofore
174 2404 59 22 been
242 2404 38 22 the
294 2403 113 28 primitive
417 2403 115 22 condition
543 2404 26 21 of
579 2411 51 16 new

48 2431 98 22 colonies.

70 2465 44 21 The
124 2467 62 25 great
196 2464 74 27 object
279 2464 26 21 of
316 2464 36 22 the
361 2464 62 27 price
431 2464 20 21 is
463 2466 23 20 to
500 2471 78 15 secure
590 2464 40 22 the

47 2495 52 18 most
108 2491 107 23 desirable
225 2491 141 27 proportions
374 2491 102 21 between
490 2491 79 27 people
583 2491 47 22 and

47 2518 48 22 land
101 2526 5 19 ;
120 2519 42 21 but
171 2518 36 22 the
217 2517 55 28 plan
280 2518 42 21 has
331 2517 38 21 the
375 2517 87 22 further
468 2518 70 22 result
546 2518 25 21 of
577 2526 53 19 pro-

49 2545 76 27 ducing
133 2552 15 14 a
156 2552 106 19 revenue,
278 2544 72 22 which
364 2544 47 22 will
425 2547 41 19 not
481 2544 53 27 only
550 2545 80 28 supply

49 2571 31 22 the
92 2572 103 27 requisite
208 2571 69 28 profit
291 2574 22 19 to
327 2571 37 21 the
380 2570 154 23 shareholders
550 2571 25 22 of
590 2571 39 23 the

51 2599 113 27 Company,
188 2599 41 21 but
251 2598 111 22 furnishes
385 2598 38 21 the
446 2605 78 15 means
541 2598 35 22 for
599 2606 31 14 an

50 2624 147 28 Immigration
206 2625 73 26 Fund,
281 2637 32 4 —
314 2632 13 14 a
333 2624 57 22 fund
397 2625 127 26 constantly
531 2625 99 27 applica-

50 2651 29 22 ble
94 2655 23 18 to
131 2652 39 21 the
185 2658 96 21 purpose
298 2651 26 22 of
336 2651 105 27 bringing
454 2651 80 22 labour
550 2655 24 18 to
589 2652 40 22 the

50 2679 72 26 colony
122 2691 31 4 —
153 2678 49 22 that
215 2679 27 26 is,
258 2679 24 21 in
300 2678 92 26 causing
409 2678 37 22 the
462 2679 50 21 best
529 2686 57 14 sort
605 2679 27 21 of

50 2705 140 22 colonization
199 2708 23 18 to
232 2705 97 32 proceed
338 2707 22 19 at
370 2704 39 22 the
421 2707 98 24 greatest
530 2705 98 28 possible

49 2735 45 19 rate.
122 2732 55 22 And
183 2731 45 23 this
233 2739 21 15 is
260 2731 38 23 the
305 2731 83 23 second
397 2731 87 22 feature
494 2732 26 21 of
530 2731 39 23 the
578 2739 51 15 new

50 2762 80 23 system.

68 2792 45 22 The
124 2792 153 28 employment
286 2792 26 21 of
326 2791 38 22 the
377 2791 210 27 purchase-money,
604 2799 26 14 or

49 2817 31 22 the
88 2818 108 28 principal
204 2821 52 25 part
265 2818 26 21 of
300 2818 24 26 it,
334 2818 24 22 in
369 2818 127 27 conveying
504 2818 86 22 settlers
604 2821 24 18 to

50 2845 30 22 the
89 2846 86 27 colony,
185 2845 41 22 has
235 2845 39 21 the
283 2844 115 27 following
408 2845 83 21 effects.
519 2845 23 21 It
552 2845 77 22 makes

51 2871 29 22 the
93 2872 131 27 purchasers
238 2872 27 21 of
279 2871 55 22 land
348 2878 36 15 see
399 2871 93 27 plainly,
507 2871 49 22 that
570 2871 60 22 their

51 2904 73 22 money
131 2899 47 22 will
186 2899 28 22 be
222 2897 109 23 returned
339 2897 24 22 in
376 2897 39 22 the
428 2898 69 27 shape
509 2898 26 21 of
549 2898 80 22 labour

52 2925 36 22 and
96 2926 136 27 population.
261 2925 23 22 It
293 2925 71 26 tends,
379 2925 25 20 in
413 2924 52 27 fact,
481 2927 23 19 to
512 2925 69 22 lower
590 2925 39 22 the

51 2957 108 27 necessary
176 2952 107 22 standard
303 2952 25 21 of
343 2951 68 28 price,
426 2951 102 28 because,
547 2951 54 22 with
615 2959 15 14 a

51 2982 93 19 constant
152 2979 73 22 influx
235 2979 26 22 of
271 2978 79 28 people
359 2981 23 18 to
392 2974 38 25 the
440 2978 88 28 colony,
536 2978 38 22 the
585 2979 44 22 due

50 3006 119 26 proportion
173 3007 102 21 between
281 3010 79 23 people
367 3004 46 22 and
418 3005 56 22 land
480 3013 53 19 may
538 3005 29 22 be
574 3005 56 27 kept

51 3037 24 21 up
83 3032 29 27 by
121 3040 13 15 a
141 3032 68 23 lower
216 3032 69 28 price,
298 3032 54 22 than
360 3032 22 21 if
392 3031 64 22 there
465 3039 58 15 were
532 3039 30 15 no
573 3032 55 23 such

51 3056 139 30 immigration
196 3076 5 5 .
220 3061 23 20 It
252 3059 110 22 therefore
369 3059 131 22 diminishes
506 3059 39 22 the
551 3059 79 28 period

51 3083 72 29 during
130 3086 73 22 which
211 3086 39 22 the
258 3086 103 22 labourer
374 3088 61 19 must
446 3086 62 22 work
522 3086 35 22 for
570 3086 57 28 hire,

51 3111 38 22 and
96 3112 30 27 by
133 3112 39 23 the
185 3112 64 28 rapid
262 3119 101 21 progress
378 3112 73 23 which
465 3113 19 22 it
496 3112 93 28 imparts
603 3116 25 19 to

51 3137 31 22 the
90 3139 46 22 best
145 3142 46 19 sort
199 3140 26 21 of
235 3139 157 27 colonization,
406 3139 20 22 it
440 3139 101 28 explains
555 3142 24 19 to
588 3140 40 22 the

51 3162 107 31 labouring
167 3166 54 22 class
232 3166 26 22 of
263 3166 148 28 immigrants,
421 3166 49 22 that
479 3173 68 21 every
554 3173 42 15 one
604 3167 28 22 of

51 3189 54 24 them
116 3192 48 23 who
179 3193 20 22 is
212 3193 138 22 industrious
365 3192 46 22 and
427 3192 85 28 thrifty,
529 3200 54 20 may
597 3194 30 21 be

50 3223 43 16 sure
101 3221 22 18 to
131 3220 91 22 become
234 3223 41 18 not
289 3219 85 27 merely
381 3226 37 17 ,an
433 3227 75 14 owner
523 3220 27 21 of
564 3220 62 26 land,

51 3242 33 23 but
99 3245 43 22 also
158 3246 24 22 in
199 3246 35 22 his
253 3250 60 23 turn,
334 3253 28 15 an
383 3246 116 28 employer
516 3247 27 21 of
561 3246 67 23 hired

50 3269 110 31 labourers,
172 3281 13 14 a
193 3276 82 19 master
284 3274 27 21 of
321 3276 108 19 servants.

73 3304 61 23 From
143 3306 61 22 these
214 3307 182 26 considerations,
411 3306 38 22 the
460 3307 116 27 Company
585 3307 42 21 has

52 3329 86 29 adopted
155 3333 38 22 the
208 3340 62 16 same
286 3337 82 24 system
385 3333 27 23 of
427 3333 114 28 disposing
556 3334 26 21 of
596 3334 31 22 its

52 3361 58 18 waste
121 3359 70 28 lands,
206 3367 24 15 as
244 3360 41 22 has
300 3360 90 27 already
404 3360 85 27 proved
502 3360 79 27 highly
591 3361 36 21 fa-

51 3385 96 22 vourable
160 3389 23 19 to
197 3386 36 22 the
247 3387 183 27 productiveness
444 3387 26 21 of
484 3387 103 27 industry
600 3388 25 21 in

51 3408 62 24 South
123 3412 117 23 Australia.
270 3414 28 22 In
307 3422 14 14 a
331 3421 49 15 new
391 3413 89 28 colony,
493 3414 94 32 planted
600 3415 26 21 in

51 3441 10 14 a
69 3436 67 24 fertile
146 3440 44 21 and
204 3441 115 21 extensive
332 3440 111 28 territory,
458 3441 21 21 it
491 3448 19 14 is
524 3441 101 28 obvious,

51 3463 42 21 that
110 3464 35 23 the
160 3466 168 23 establishment
343 3467 25 21 of
383 3467 56 21 such
453 3474 14 14 a
482 3471 82 24 system
579 3468 19 21 is
612 3475 15 15 a

51 3492 72 20 matter
137 3492 26 21 of
179 3492 37 22 the
233 3493 91 28 deepest
340 3497 102 19 moment
457 3497 24 19 to
498 3494 36 22 the
551 3495 76 21 future

51 3516 79 23 welfare
141 3519 25 21 of
178 3520 91 27 society.
320 3521 66 21 From
400 3520 19 22 it
432 3520 39 22 the
486 3521 49 22 best
550 3521 77 22 effects

52 3546 44 22 may
104 3544 50 22 with
164 3546 129 22 confidence
301 3547 28 22 be
339 3547 136 26 anticipated
482 3554 5 14 :
502 3554 13 15 a
522 3551 105 19 constant

51 3568 39 22 and
97 3572 85 26 regular
190 3573 80 27 supply
280 3573 26 21 of
317 3580 49 15 new
374 3573 56 21 land
437 3573 25 21 in
477 3573 43 22 due
533 3582 94 20 propor-

47 3595 42 22 tion
96 3599 23 19 to
127 3597 37 23 the
182 3603 70 18 wants
261 3600 26 21 of
298 3607 13 14 a
319 3599 129 28 population
459 3600 127 28 increasing
597 3601 31 27 by

51 3622 59 22 births
120 3625 44 21 and
175 3626 151 27 immigration
333 3634 5 20 ;
355 3626 31 21 all
400 3626 38 22 the
453 3626 135 28 advantages
602 3631 25 18 to

50 3648 64 22 ■which
122 3650 98 24 facilities
230 3654 26 20 of
266 3655 112 26 transport
385 3652 45 22 and
436 3654 190 22 communication

51 3678 31 17 arc
92 3678 98 22 essential
197 3687 5 19 ;
217 3680 110 26 certainty
341 3679 26 21 of
376 3678 77 28 limits,
469 3680 45 21 and
528 3681 99 26 security

51 3700 21 20 of
82 3701 45 23 title
135 3707 22 18 to
167 3709 103 28 property
278 3707 24 21 in
313 3700 57 28 land
376 3713 5 20 ;
397 3706 38 21 the
444 3709 97 23 greatest
554 3707 73 22 facili-

49 3728 35 19 ties
94 3735 26 14 on
129 3732 113 27 acquiring
251 3733 37 21 the
300 3733 43 22 due
352 3732 104 28 quantity
461 3740 6 19 ;
483 3732 37 22 the
529 3736 99 24 greatest

51 3757 175 27 encouragement
237 3762 24 19 to
269 3760 152 27 immigration
431 3759 46 22 and
486 3760 127 22 settlement
620 3769 5 18 ;

52 3781 39 19 and
102 3781 34 22 the
151 3788 56 19 most
219 3786 64 27 rapid
298 3793 102 21 progress
414 3786 26 21 of
456 3785 38 22 the
507 3786 79 27 people
600 3787 25 22 in

51 3808 90 22 material
150 3812 93 22 comfort
251 3813 46 21 and
306 3813 67 22 social

188 3855 69 23 Bills
272 3857 30 21 of
319 3857 156 26 Exchange.

54 3879 150 49 PRINTED
218 3890 104 22 FORMS
338 3890 61 21 FOR
413 3889 78 22 SALE
505 3890 42 22 AT
560 3889 65 23 THE

119 3912 104 26 OFFICE
237 3917 39 22 OF
290 3916 71 23 THIS
377 3916 109 23 PAPER.
635 3920 1 19 I
