2529 3970
758 123 274 19 METEOROLOGICAL
1046 123 104 18 TABLE.

692 158 41 18 For
742 158 34 18 the
785 158 56 18 week
850 158 72 19 ending
934 158 117 19 Thursday,
1061 158 52 19 May
1126 158 20 19 6,
1159 158 57 17 1841.

860 760 3 12 I
997 755 125 18 REMARKS.

664 775 82 20 Friday...
784 776 11 16 8
866 776 65 20 Strong
936 776 41 21 gale
983 776 45 17 with
1034 776 74 21 beating
1116 776 83 18 showers.

785 797 53 20 Ip.m.
906 797 33 16 Do.
983 797 34 16 Do.
1059 797 35 16 Do.

784 818 10 14 5
906 817 34 16 Do.
984 817 33 17 Do.
1060 818 34 16 Do.

664 837 28 17 Sat
785 838 10 15 8
907 837 33 16 Do.
984 837 34 17 Do.
1061 838 34 17 Do.

784 858 54 21 Ip.m.
907 858 34 16 Do.
985 858 33 17 Do.
1061 858 33 17 Do.

784 879 10 15 5
906 879 34 16 Do.
958 879 44 16 °with
1010 880 83 15 constant
1100 879 59 21 heavy
1167 880 82 17 showers.

664 898 82 21 Sunday..
785 900 10 15 8
866 898 56 17 Fresh
932 899 46 20 gale,
986 899 56 20 flying
1049 900 68 19 clouds,
1125 900 35 16 fine
1169 901 80 17 weather.

784 920 53 20 Ip.m.
866 919 92 17 Moderate
965 921 68 19 breeze,
1040 920 86 21 showery.

784 941 10 14 5
906 940 34 16 Do.
983 940 34 17 Do.
1038 941 33 16 hut
1078 941 44 16 line,
1145 941 49 20 [with
1202 946 47 12 snow

664 960 82 21 Monday.
784 961 11 15 8
865 960 53 21 Light
925 961 32 19 air,
965 961 41 16 fine.
1029 961 37 17 The
1077 961 90 17 Tarrarua
1177 963 72 16 covered

785 982 52 20 Ip.m.
906 981 34 16 Do.
962 982 36 15 and
1005 985 44 16 very
1054 982 37 16 fine
1098 982 83 17 weather.

784 1002 9 15 5
898 1001 33 17 Do.
953 1001 33 17 Do.
1009 1001 33 17 Do.
1065 1002 117 21 [earthquake
1188 1003 9 17 7
1202 1003 47 17 A.M.

664 1022 82 20 Tuesday
784 1022 10 15 8
865 1022 53 20 Light
925 1022 32 19 air,
963 1022 69 20 cloudy,
1038 1023 40 16 line.
1091 1024 10 15 3
1106 1023 48 20 light
1161 1024 64 16 shocks
1233 1025 16 16 of

784 1043 53 20 Ip.m.
866 1042 63 17 Gentle
935 1043 63 16 breeze
1005 1043 37 16 and
1049 1047 44 16 very
1101 1044 35 16 fine
1145 1044 83 17 weather.

784 1063 10 16 5
906 1063 33 16 Do.
983 1063 34 16 Do.
1060 1063 34 18 Do.

664 1082 41 17 Wed
784 1084 10 15 8
865 1084 55 16 Fresh
929 1084 61 16 breeze
998 1084 36 16 and
1042 1084 69 21 cloudy,
1119 1086 33 15 but
1159 1086 40 16 fine.

784 1104 53 20 Ip.m.
906 1105 33 15 Do.
983 1104 33 17 Do.
1059 1106 37 16 and
1103 1105 42 17 fine.

784 1125 9 15 5
906 1124 33 17 Do.
982 1125 34 16 Do.
1059 1125 33 17 Do.

664 1144 57 17 Thurs
726 1156 18 6 ...
784 1145 9 16 8
865 1145 54 19 Calm,
925 1145 70 21 cloudy,
1003 1145 36 17 fine
1044 1146 59 16 before
1111 1147 10 15 8
1126 1150 41 13 a.m.
1172 1147 47 17 wind
1227 1148 22 16 N.

784 1166 53 20 Ip.m.
866 1166 52 20 Light
924 1166 27 16 air
959 1166 36 16 and
1001 1168 83 15 constant
1091 1167 46 16 rain.

784 1187 9 14 5
865 1186 55 16 Fresh
926 1186 40 17 gale
972 1186 44 16 with
1024 1187 57 16 heavy
1088 1187 74 16 beating
1170 1189 43 14 rain.

837 1224 116 19 LATEST
967 1225 110 18 DATES.

662 1252 98 24 London
1025 1253 57 24 Dec.
1105 1256 41 26 20,
1173 1257 74 22 1840.

663 1286 92 30 Sydney
777 1302 6 6 .
794 1303 6 6 .
1025 1286 61 24 Mar.
1124 1289 24 27 4,
1174 1291 72 21 1841.

662 1319 51 29 Bay
724 1319 25 23 of
764 1318 92 24 Islands
1027 1319 55 24 Feb.
1107 1321 40 27 27,
1174 1323 73 22 1841.

661 1352 54 23 Van
725 1352 121 23 Dieman's
858 1351 66 24 Land
946 1368 56 7 ....
1027 1352 61 24 Mar.
1110 1355 38 26 19,
1175 1356 71 22 1841.

664 1385 57 22 Port
733 1385 87 31 Phillip
1027 1385 62 24 Mar.
1126 1388 22 27 8,
1175 1389 72 22 1841.

661 1416 110 24 Adelaide
1025 1418 52 24 Jan.
1106 1421 39 26 19,
1171 1421 73 23 1841.

664 1475 92 57 New
786 1475 214 57 Zealand
1031 1475 214 57 Gazette

709 1533 68 20 AND
791 1532 213 21 WELLINGTON
1019 1533 183 20 SPECTATOR.

793 1587 129 26 Saturday,
938 1587 57 22 May
1010 1589 21 24 8,
1046 1588 60 22 1841.

1921 941 50 25 The
1983 942 54 24 mail
2049 943 25 23 of
2089 943 39 23 the
2139 942 113 24 Portenia
2263 950 48 16 was
2322 943 113 23 delivered
2445 950 30 18 on

1888 975 102 31 Monday
2002 976 52 23 last.
2097 975 44 24 We
2158 976 58 23 have
2234 976 106 23 obtained
2355 984 13 15 a
2385 976 90 24 curious

1887 1008 118 24 collection
2027 1009 26 23 of
2078 1009 137 23 admissions
2232 1009 31 31 by
2281 1016 96 24 persons
2395 1009 80 30 deeply

1886 1041 123 24 interested
2021 1042 25 23 in
2063 1041 39 24 the
2114 1049 90 16 success
2217 1041 25 24 of
2260 1041 134 24 Auckland.
2425 1042 50 23 The

1887 1082 43 15 one
1943 1075 81 23 admits
2039 1074 49 24 that
2099 1075 38 23 the
2149 1075 54 23 land
2218 1075 21 23 is
2251 1074 118 31 decidedly
2381 1074 94 24 inferior

1886 1112 23 18 to
1921 1107 38 23 the
1966 1107 54 24 land
2032 1112 22 19 at
2065 1107 58 24 Port
2132 1107 136 24 Nicholson.
2308 1107 107 24 Another
2426 1107 49 24 that

1887 1140 38 23 the
1935 1140 49 31 Bay
1996 1141 20 22 is
2029 1141 109 30 certainly
2151 1148 54 23 very
2223 1140 103 24 shallow.
2368 1140 107 24 Another

1886 1173 60 23 fears
1958 1182 13 14 a
1982 1174 130 29 gentleman
2124 1174 60 23 from
2195 1173 46 23 this
2260 1173 48 23 will
2326 1173 59 23 form
2400 1182 13 14 a
2429 1173 46 24 bad

1887 1206 91 31 opinion
2002 1206 26 23 of
2051 1206 132 29 Auckland,
2206 1206 99 23 because
2322 1207 19 22 it
2357 1206 44 23 has
2415 1206 59 24 been

1886 1238 99 31 blowing
2001 1238 59 24 hard
2084 1246 51 16 ever
2159 1239 62 23 since
2240 1239 30 23 he
2289 1239 89 23 arrived
2401 1239 71 24 there.

1886 1271 105 24 Another
2003 1276 71 19 states
2087 1271 49 24 that
2145 1271 30 23 he
2188 1271 103 24 believed
2302 1271 95 24 himself
2410 1276 22 19 to
2444 1272 30 23 be

1886 1304 39 23 the
1948 1305 53 30 only
2023 1304 48 24 real
2091 1305 79 23 settler
2192 1305 71 28 there,
2288 1305 45 23 and
2354 1305 121 24 otherwise

1886 1337 83 29 writes,
1991 1337 104 30 showing
2112 1337 29 23 he
2165 1337 20 23 is
2204 1342 42 19 not
2263 1337 111 24 satisfied.
2421 1337 53 24 The

1886 1370 78 23 letters
1976 1378 38 15 are
2026 1370 28 31 by
2067 1378 96 23 persons
2175 1370 52 23 who
2243 1370 59 24 have
2312 1370 59 24 been
2382 1375 24 19 at
2416 1371 58 24 Port

1887 1403 134 28 Nicholson,
2034 1403 45 24 and
2090 1411 38 15 are
2140 1403 113 24 therefore
2265 1403 96 24 enabled
2371 1408 23 18 to
2406 1404 68 23 make

1886 1444 14 14 a
1917 1437 150 30 comparison.
2110 1436 66 23 Thus
2193 1436 39 23 the
2248 1436 54 24 land
2317 1436 44 24 and
2374 1436 100 25 harbour

1887 1476 39 15 are
1938 1469 108 23 admitted
2061 1473 24 19 to
2103 1469 29 24 be
2151 1469 102 29 inferior,
2273 1469 39 23 the
2331 1470 89 23 climate
2434 1474 41 19 not

1886 1502 111 31 superior.
2045 1502 86 24 Indeed
2154 1502 39 24 the
2211 1503 76 23 native
2306 1510 66 16 name
2391 1503 25 23 of
2435 1503 39 23 the

1886 1535 74 31 place,
1973 1535 66 23 when
2057 1535 125 24 translated
2201 1542 80 17 means
2329 1543 40 23 eye
2390 1536 25 23 of
2435 1535 40 24 the

2008 1567 66 24 while
2099 1568 63 23 there
2180 1570 21 21 is
2217 1576 31 15 no
2274 1569 142 30 comparison
2432 1569 42 23 be-

1886 1605 73 18 tween
1971 1601 38 23 the
2027 1601 85 30 facility
2130 1601 26 23 of
2175 1601 114 31 approach
2307 1601 43 23 and
2366 1602 106 30 position,

1885 1634 36 23 for
1932 1634 93 30 general
2035 1642 120 23 purposes,
2169 1635 25 22 of
2210 1634 38 23 the
2261 1634 157 24 Government
2430 1635 45 23 and

1887 1667 138 29 Company's
2039 1667 149 23 settlements.

109 3137 169 22 SHIPPING
295 3137 274 22 INTELLIGENCE.

269 3187 141 15 ARRIVED.

75 3216 54 24 May
145 3216 20 22 6,
182 3216 101 18 schooner
303 3216 60 18 Anne
382 3216 71 24 Otayo,
464 3216 58 24 Jose,
534 3216 94 24 Akaroa;

52 3241 81 22 general
143 3247 68 16 cargo.

285 3286 112 16 SAILED.

76 3315 53 24 May
151 3315 22 22 3,
198 3315 103 19 schooner
331 3315 92 23 Success,
447 3315 129 24 M'Farlane,
599 3315 32 20 for

50 3340 91 21 Akaroa.

76 3368 53 25 May
138 3368 22 24 5,
167 3367 103 21 schooner
279 3368 107 25 Lapwing,
398 3368 87 25 Barker,
496 3368 33 21 for
541 3368 90 27 Sydney.

50 3393 240 28 Passengers—Messrs.
306 3394 114 25 M'Hattie,
438 3395 112 25 Cameron,
569 3396 62 25 Platt,

50 3422 73 26 Capts.
134 3421 109 26 Campbell
252 3421 42 20 and
304 3421 92 21 Rhodes.

77 3450 60 19 Same
156 3449 47 25 day,
213 3448 79 25 barque
308 3448 123 26 Brougham,
443 3449 49 25 227,
506 3450 125 25 Kettlewell,

50 3476 32 21 for
97 3476 91 20 London
203 3476 74 19 direct.
306 3475 214 27 Passengers—Capt.
530 3476 101 26 Chaffers,

50 3504 39 20 Dr.
100 3503 84 24 Hillier,
195 3502 88 20 Messrs.
293 3502 74 26 Tyser,
377 3502 105 26 Nattrass,
497 3504 42 20 and
554 3504 77 26 Brady.

50 3530 134 27 Cargo—oil,
194 3530 62 23 bone,
266 3530 38 19 &c.

274 3575 32 15 IN
322 3575 78 15 PORT.

103 3603 85 26 Barque
196 3602 61 24 Lady
266 3602 93 24 Nugent,
371 3602 83 25 Santry.

105 3630 107 20 Schooner
222 3629 69 24 Eliza,
304 3628 108 20 Sheridan.

103 3656 191 26 —————Bailey,
306 3655 95 20 Sinclair.

215 3683 60 20 Sand
283 3683 48 25 Fly.

104 3711 84 26 Barque
198 3711 104 25 Olympus,
311 3709 79 20 White.

104 3738 112 20 American
225 3738 47 25 ship
285 3737 80 24 Triton,
376 3736 84 20 Bowen.

105 3765 51 25 Brig
166 3765 108 23 Portenia,
283 3765 84 19 Frazer.

105 3792 107 20 Schooner
221 3793 60 19 Anne
293 3792 72 25 Otago,
376 3790 57 21 Jose.

76 3846 46 20 The
133 3846 74 20 Teresa
216 3851 43 15 was
268 3847 22 17 to
302 3844 39 21 sail
354 3844 55 20 from
423 3843 134 21 Talcuhanoe
572 3850 28 14 on
610 3850 21 14 or

52 3873 63 21 about
127 3873 35 20 the
179 3873 33 20 Ist
228 3872 24 20 of
266 3871 89 28 August,
365 3871 33 21 for
415 3871 51 21 New
484 3871 91 21 Zealand
593 3871 38 21 and

52 3901 88 23 Sydney.

1913 1723 58 24 -The
1988 1728 103 27 potatoes
2108 1724 117 32 produced
2243 1732 29 15 on
2290 1724 39 24 the
2348 1724 63 24 Hutt
2427 1726 47 24 this

1885 1764 55 23 year
1957 1757 52 23 lead
2027 1758 38 22 the
2084 1757 190 32 agriculturalists
2290 1762 23 18 to
2336 1762 82 27 expect
2435 1759 39 24 the

1884 1790 99 30 produce
2000 1797 41 23 per
2058 1798 51 15 acre
2128 1795 24 18 to
2169 1790 28 23 be
2220 1790 59 23 from
2302 1798 69 16 seven
2389 1795 22 20 to
2435 1796 39 19 ten

1885 1827 53 19 tons
1947 1832 5 19 ;
1972 1823 45 23 and
2028 1827 43 19 two
2091 1830 65 25 crops
2168 1831 14 15 a
2199 1830 61 24 year,
2275 1830 25 16 or
2319 1832 41 15 one
2380 1832 52 23 crop
2451 1826 24 23 of

1885 1856 74 30 grain,
1971 1856 45 23 and
2028 1864 42 15 one
2089 1864 53 23 crop
2155 1856 25 23 of
2197 1860 112 27 potatoes,
2322 1865 51 22 may
2384 1857 29 23 be
2432 1858 42 23 ob-

1886 1889 76 23 tained
1983 1890 79 30 yearly
2084 1889 59 23 from
2167 1890 39 22 the
2228 1897 63 15 same
2313 1890 62 23 land.
2422 1890 52 25 The

1885 1921 67 24 lands
1974 1930 30 15 on
2025 1922 39 23 the
2088 1921 63 24 Hutt
2176 1930 39 15 are
2237 1922 63 31 daily
2321 1923 69 30 being
2411 1931 63 16 more

1884 1954 80 31 highly
1977 1956 149 29 appreciated,
2135 1955 46 23 and
2190 1955 38 23 the
2239 1956 139 29 proprietors
2390 1956 85 31 having

1885 1991 48 17 met
1950 1987 38 21 the
2008 1987 133 22 inclination
2159 1991 23 18 to
2202 1987 106 21 cultivate
2328 1988 63 22 these
2413 1989 24 21 in
2460 1997 14 13 a

1884 2018 80 23 liberal
1983 2019 73 30 spirit,
2076 2018 62 23 there
2158 2026 37 15 are
2215 2018 91 31 already
2325 2020 69 22 about
2411 2020 63 30 sixty

1886 2051 96 23 families
2008 2051 81 23 settled
2107 2051 45 23 and
2175 2051 120 31 employed
2317 2052 23 23 in
2364 2060 13 15 a
2399 2053 73 29 mode,

1884 2084 75 23 which
1970 2092 33 15 we
2014 2084 72 23 doubt
2097 2089 46 24 not,
2157 2084 46 23 will
2215 2084 63 23 show
2289 2092 14 15 a
2313 2084 81 32 highly
2405 2086 68 23 satis-

1884 2117 87 29 factory
1982 2118 72 22 result
2065 2118 31 28 by
2107 2117 47 23 this
2164 2118 56 22 time
2231 2122 56 18 next
2298 2125 90 17 season.

1919 2166 50 24 The
1981 2166 131 32 Brougham
2124 2166 71 25 sailed
2208 2167 34 23 for
2250 2167 97 24 London
2360 2175 29 16 on
2401 2168 71 23 Wed-

1884 2199 85 32 nesday
1981 2199 52 29 last,
2054 2199 53 24 with
2127 2208 14 15 a
2161 2208 67 23 cargo
2241 2200 25 23 of
2283 2200 31 23 oil
2332 2201 45 23 and
2389 2201 83 23 whale-

1883 2232 67 24 bone.
1987 2232 58 24 This
2057 2234 20 21 is
2090 2232 36 25 the
2138 2233 51 23 first
2201 2241 67 23 cargo
2288 2233 109 31 exported
2413 2234 59 24 from

1885 2265 58 24 Port
1960 2265 135 29 Nicholson,
2114 2267 64 22 since
2196 2266 38 23 the
2252 2266 123 24 formation
2394 2267 24 23 of
2433 2267 39 24 the

1883 2298 138 29 settlement,
2040 2307 52 15 now
2107 2299 79 23 fifteen
2208 2299 94 23 months
2324 2299 145 26 established.

1884 2331 51 23 The
1947 2332 98 31 whaling
2063 2340 82 16 season
2161 2332 43 24 has
2223 2332 152 29 commenced,
2389 2333 83 24 whales

1883 2364 58 24 have
1952 2365 59 24 been
2023 2372 54 16 seen
2088 2366 24 23 in
2123 2365 39 24 the
2175 2366 91 28 Straits,
2280 2365 44 24 and
2336 2373 13 16 a
2361 2365 52 24 boat
2423 2374 47 15 was

1883 2397 46 23 fast
1947 2402 22 18 to
1989 2406 14 14 a
2021 2398 72 23 whale
2110 2398 35 23 off
2161 2398 90 31 Cloudy
2266 2398 51 31 Bay
2333 2399 45 22 last
2397 2399 72 24 week.

1884 2430 52 23 The
1948 2432 154 30 preparations
2117 2436 24 19 at
2159 2431 38 24 the
2215 2431 105 24 fisheries
2337 2431 58 23 have
2411 2432 59 23 been

1883 2465 125 28 extensive,
2021 2464 44 24 and
2077 2472 14 15 a
2103 2464 61 31 good
2181 2472 82 16 season
2281 2465 20 22 is
2320 2464 149 32 anticipated;

1882 2497 44 22 but
1936 2497 99 31 whaling
2047 2497 46 23 will
2103 2505 70 16 never
2183 2498 30 23 be
2225 2497 85 23 carried
2323 2506 29 15 on
2359 2498 54 23 with
2420 2498 50 23 that

1882 2537 92 15 success
1985 2530 74 23 which
2070 2530 21 23 is
2104 2535 23 19 to
2139 2530 29 23 be
2187 2530 89 23 desired
2293 2531 59 23 until
2372 2531 100 31 whaling

1882 2562 64 31 brigs
1962 2571 38 15 are
2019 2563 79 23 owned
2115 2571 25 15 or
2159 2563 71 23 sailed
2248 2568 41 18 out
2306 2564 25 23 of
2346 2563 47 24 this
2409 2568 61 27 port.

1884 2595 50 23 The
1952 2596 125 23 American
2093 2596 84 23 whaler
2192 2596 115 23 describes
2325 2601 65 26 great
2403 2604 67 16 num-

1881 2627 54 24 bers
1948 2628 24 23 of
1980 2628 45 23 fish
2037 2633 23 19 to
2081 2628 38 24 the
2138 2629 137 28 southward,
2288 2633 23 19 to
2329 2629 75 24 which
2421 2630 18 23 it
2451 2630 21 23 is

1883 2661 120 30 suspected
2016 2661 37 23 the
2065 2661 84 24 whales
2161 2669 38 16 are
2218 2662 113 31 resorting
2342 2670 63 16 more
2416 2662 56 24 than

1882 2693 136 24 heretofore.
2053 2694 50 24 The
2117 2693 80 25 Triton
2208 2694 41 24 has
2269 2695 107 23 obtained
2394 2695 78 31 nearly

1884 2735 14 14 a
1920 2726 43 24 full
1985 2735 75 23 cargo,
2074 2728 44 23 and
2146 2727 42 24 has
2216 2728 59 23 been
2303 2728 82 24 absent
2412 2728 60 24 from

1883 2760 109 23 America
2009 2760 40 24 but
2068 2765 122 19 seventeen
2208 2761 101 23 months.
2357 2761 75 24 There
2451 2762 21 23 is

1882 2793 60 22 little
1954 2793 69 23 doubt
2035 2793 30 24 all
2078 2793 37 24 the
2127 2794 31 22 oil
2171 2794 106 23 obtained
2293 2794 25 23 in
2335 2794 40 23 the
2390 2794 81 31 neigh-

1882 2825 117 24 bourhood
2011 2827 45 23 will
2074 2827 27 23 be
2121 2827 100 31 brought
2239 2826 61 29 here,
2312 2826 108 32 provided
2437 2835 34 16 we

1884 2867 38 15 are
1933 2860 111 30 prepared
2059 2864 23 19 to
2093 2859 113 32 purchase
2218 2860 18 23 it
2247 2864 23 19 at
2281 2868 15 15 a
2305 2860 63 31 price
2387 2864 39 19 not
2435 2860 37 24 far

1882 2892 94 24 inferior
1994 2897 23 18 to
2035 2892 51 24 that
2096 2893 54 31 paid
2169 2897 23 19 at
2211 2893 101 31 Sydney,
2325 2901 25 16 or
2368 2897 24 19 to
2404 2893 68 23 make

1882 2925 81 23 liberal
1974 2925 112 24 advances
2096 2933 65 23 upon
2178 2927 30 22 its
2225 2927 71 30 being
2307 2927 123 29 consigned
2448 2930 24 19 to

1883 2958 117 31 England.
2036 2959 40 23 On
2088 2958 64 24 these
2163 2963 71 19 terms
2245 2967 34 15 we
2291 2959 70 23 doubt
2371 2964 40 18 not
2421 2960 25 22 in
2458 2967 14 15 a

1882 2991 44 23 few
1947 2991 92 23 months
2060 2991 73 24 hence
2155 2992 64 23 there
2246 2992 49 23 will
2322 2993 30 22 be
2385 2992 87 23 several

1884 3031 92 24 cargoes
1987 3024 69 31 ready
2067 3024 34 23 for
2119 3028 82 27 export
2211 3028 24 19 to
2253 3024 95 32 Europe
2356 3033 6 21 ;
2382 3025 45 23 and
2437 3033 34 15 we

1883 3057 29 23 do
1922 3057 59 31 hope
1995 3057 31 30 by
2037 3057 51 23 that
2103 3058 57 22 time
2178 3057 39 24 the
2237 3064 107 24 progress
2361 3057 67 24 made
2445 3058 26 23 in

1882 3090 122 31 preparing
2015 3090 48 23 flax
2073 3090 46 23 will
2136 3090 49 23 find
2204 3090 38 23 the
2261 3090 131 24 settlement
2401 3090 70 31 ready

1882 3127 24 19 to
1917 3123 50 30 give
1980 3122 55 24 each
2046 3122 27 24 of
2081 3121 38 25 the
2131 3122 87 24 vessels
2230 3131 14 15 a
2261 3123 44 24 few
2322 3123 65 24 bales
2399 3123 25 24 of
2439 3131 31 16 an

1883 3154 78 25 article
1973 3163 25 16 so
2016 3155 129 31 intimately
2156 3156 126 24 connected
2298 3156 57 24 with
2373 3164 40 17 our
2428 3157 42 24 be-

1883 3189 90 30 coming
1983 3196 15 16 a
2009 3188 96 31 wealthy
2117 3188 46 24 and
2173 3189 111 30 powerful
2296 3190 148 29 community.

1917 3245 50 24 The
1985 3246 115 32 following
2122 3247 178 24 advertisement
2321 3248 20 23 is
2363 3247 105 24 obtained

1881 3279 60 23 from
1951 3279 39 24 the
2009 3278 74 25 South
2098 3280 139 24 Australian
2256 3279 117 32 Register,
2387 3280 43 24 and
2448 3281 20 23 is

1882 3320 49 16 now
1954 3313 101 23 inserted
2077 3321 24 15 as
2124 3313 96 31 bearing
2242 3320 62 24 upon
2327 3321 14 16 a
2364 3314 104 30 question

1881 3345 74 24 which
1966 3346 42 23 has
2017 3353 51 16 now
2077 3346 94 24 become
2179 3346 25 23 of
2214 3353 25 16 so
2249 3346 70 24 much
2329 3347 139 31 importance

1882 3382 23 19 to
1916 3379 46 22 this
1974 3378 136 23 settlement.

1908 3409 94 27 Fisher,
2013 3410 40 21 Ma
2054 3417 53 14 you.
2107 3421 29 4 —
2137 3408 81 23 Notice
2227 3410 19 21 is
2255 3409 85 29 hereby
2346 3410 67 26 given
2421 3410 48 22 that

1881 3436 24 21 in
1915 3443 124 21 pursuance
2049 3436 26 21 of
2082 3436 101 22 Sections
2192 3438 28 20 28
2229 3436 46 22 and
2291 3438 33 24 29,
2336 3437 26 22 of
2369 3436 38 23 the
2415 3437 52 21 Mu-

1881 3462 82 27 nicipal
1973 3463 46 20 Act
2027 3462 35 21 for
2078 3462 37 22 the
2126 3462 50 27 City
2187 3462 26 21 of
2225 3462 118 28 Adelaide,
2354 3463 38 22 the
2403 3464 65 22 Com-

1881 3496 53 14 mon
1938 3515 5 5 _
1952 3489 94 21 Council
2067 3488 58 23 have
2144 3489 118 22 estimated
2281 3490 49 22 that
2353 3490 54 28 they
2422 3490 46 22 will

1881 3515 86 27 require
1977 3518 24 18 to
2011 3515 57 22 raise
2076 3515 36 22 for
2127 3515 39 22 the
2180 3516 96 22 services
2291 3516 26 22 of
2329 3516 39 22 the
2378 3520 90 19 current

1881 3544 88 25 quarter
1979 3541 27 22 of
2011 3549 13 14 a
2032 3549 61 19 year,
2103 3542 40 21 the
2156 3549 50 15 sum
2216 3542 26 22 of
2255 3543 62 22 £500
2324 3544 31 26 by
2364 3550 15 15 a
2388 3547 46 18 rate
2445 3542 26 22 of

1881 3570 132 19 assessment
2025 3568 24 21 in
2067 3572 67 19 terms
2150 3569 26 21 of
2188 3568 40 23 the
2244 3569 49 22 said
2309 3570 52 26 Act,
2379 3569 33 22 for
2428 3569 37 22 the

1880 3602 94 20 purpose
1984 3595 26 21 of
2015 3595 83 27 paying
2108 3595 39 22 the
2157 3596 96 21 Salaries
2262 3596 27 21 of
2295 3595 37 23 the
2343 3596 92 22 Officers
2446 3595 25 22 of

1881 3621 37 21 the
1933 3621 151 28 Corporation,
2094 3622 69 27 Rent,
2174 3622 95 27 Fittings
2279 3623 45 22 and
2339 3622 125 27 Furniture,

1881 3647 132 28 Stationery,
2024 3645 200 35 A^irvertisementSj
2236 3649 108 27 Printing,
2352 3649 114 28 Expenses

1881 3674 26 21 of
1913 3672 110 29 Election,
2035 3675 46 22 and
2091 3675 63 22 other
2164 3676 174 26 contingencies.
2350 3687 4 3 ■
2378 3679 9 4 *
2467 3682 18 10 '••

1882 3707 8 17 r
1907 3700 34 28 By
1950 3701 72 27 order,
2168 3701 111 23 Wicliam
2291 3702 118 27 Edwards,

2267 3729 66 22 Clerk
2338 3736 42 18 pro
2390 3731 48 20 tern.

694 1648 26 23 A
730 1656 122 16 numerous
870 1648 45 24 and
932 1648 80 32 highly
1024 1650 140 31 respectable
1176 1655 71 20 meet-

663 1689 40 29 ing
714 1688 25 23 of
747 1688 38 23 the
797 1688 139 24 inhabitants
948 1689 25 23 of
988 1689 57 23 Port
1056 1690 126 24 Nicholson
1195 1691 52 25 took

662 1728 63 31 place
738 1736 29 15 on
778 1728 145 31 Wednesday
941 1729 52 28 last,
1007 1733 23 19 at
1044 1730 111 23 Barrett's
1169 1730 77 30 Hotel,

663 1768 34 23 for
710 1768 37 23 the
764 1775 99 24 purpose
882 1768 24 23 of
920 1769 115 30 receiving
1051 1768 59 24 from
1128 1770 38 23 the
1178 1770 69 24 Com-

663 1808 78 23 mittee
751 1808 39 23 the
803 1808 58 23 draft
873 1809 25 23 of
906 1817 14 15 a
932 1808 42 24 bill
992 1813 22 19 to
1030 1810 28 22 be
1076 1811 171 23 recommended

664 1851 21 19 to
696 1846 37 25 his
744 1847 141 31 Excellency
896 1848 38 23 the
948 1848 118 24 Governor
1078 1849 26 23 of
1120 1849 56 23 New
1189 1850 58 23 Zea-

663 1886 59 29 land,
736 1895 24 15 as
773 1886 39 25 the
828 1888 61 23 basis
901 1888 25 23 of
935 1888 39 23 the
988 1888 130 31 Municipal
1136 1890 111 30 Corpora-

663 1928 47 22 tion
722 1931 22 19 to
756 1927 28 23 be
795 1928 96 28 granted
907 1932 23 19 to
941 1928 47 23 this
999 1932 60 19 town
1071 1929 46 23 and
1129 1929 94 24 district.

696 1966 50 23 The
771 1966 134 23 Committee
927 1975 59 15 were
1008 1972 41 18 not
1066 1969 136 22 unanimous
1214 1985 4 5 ,
1225 1970 29 29 in>

664 2005 183 30 recommending
858 2005 36 22 the
906 2005 60 24 draft
977 2005 73 24 which
1064 2014 46 15 was
1128 2008 117 30 prepared.

663 2043 57 23 This
732 2043 37 24 led
781 2048 23 19 to
816 2051 29 16 an
856 2044 110 31 irregular
985 2045 45 23 and
1047 2045 89 24 tedious
1155 2054 92 15 conver-

663 2083 95 24 sational
780 2083 133 30 discussion,
927 2084 45 23 and
990 2084 38 24 the
1046 2085 136 31 submitting
1194 2086 26 23 of
1235 2095 12 14 a

663 2123 123 23 resolution
804 2123 73 24 which
898 2125 70 29 begot
986 2132 14 15 a
1018 2125 69 23 series
1112 2125 24 24 of
1155 2126 92 23 amend-

662 2168 81 24 ments,
755 2164 39 23 the
805 2164 44 23 last
861 2165 25 22 of
893 2165 75 22 which
985 2172 46 16 was
1043 2165 87 24 carried
1139 2174 5 20 ;
1164 2166 43 23 and
1218 2167 28 28 is,

662 2204 56 23 from
731 2204 38 23 the
781 2205 177 23 conversational
971 2205 114 23 character
1093 2205 26 23 of
1127 2205 37 24 the
1176 2211 71 18 meet-

662 2245 46 29 ing,
721 2244 37 23 the
778 2245 53 30 only
842 2246 90 29 portion
943 2246 26 23 of
977 2245 39 24 the
1033 2246 148 32 proceedings
1198 2248 18 22 it
1227 2248 20 23 is

663 2283 71 24 either
751 2284 111 23 desirable
874 2292 24 15 or
917 2292 120 24 necessary
1049 2290 21 19 to
1089 2286 100 31 publish.
1224 2286 24 25 It

661 2323 19 22 is
693 2323 145 30 accordingly
851 2323 119 30 subjoined
970 2337 34 4 —

687 2363 59 22 That
755 2364 38 21 the
801 2364 68 22 heads
879 2365 26 20 of
916 2364 38 23 the
964 2365 59 21 draft
1037 2372 50 15 now
1101 2366 107 27 prepared
1218 2366 29 28 by

662 2391 43 21 Mr.
717 2391 96 22 Hanson
822 2391 29 21 be
861 2391 96 28 adopted
971 2392 30 27 by
1018 2392 43 21 this
1077 2393 106 27 meeting,
1203 2394 46 21 and

662 2417 48 22 that
721 2425 14 14 a
751 2418 133 21 Committee
899 2419 30 20 be
945 2418 125 27 appointed,
1088 2419 121 27 consisting
1225 2420 25 22 of

662 2444 36 21 the
709 2452 67 13 seven
786 2444 113 27 following
911 2445 136 26 gentlemen,
1064 2448 23 18 to
1101 2450 75 22 report
1187 2453 60 21 upon

661 2471 37 21 the
717 2471 87 21 several
819 2471 84 22 clauses
922 2471 26 22 of
962 2471 55 22 such
1036 2471 65 28 draft,
1121 2472 54 22 with
1193 2473 55 22 such

662 2497 110 22 additions
788 2505 25 14 or
828 2498 155 21 amendments
1002 2505 24 14 as
1040 2498 55 28 they
1112 2506 52 20 may
1183 2499 64 23 deem

661 2531 126 20 necessary;
804 2525 50 26 viz.,
870 2525 44 21 Mr.
925 2524 82 26 White,
1026 2525 43 21 Mr.
1088 2525 101 27 Hanson,
1205 2526 41 21 Dr.

661 2551 81 27 Evans,
754 2551 91 22 Messrs.
856 2551 87 27 Strang,
950 2551 135 27 Wicksteed,
1096 2552 96 28 Hunter,
1202 2553 46 22 and

661 2577 67 26 Earp.

694 2615 51 24 The
762 2617 102 29 meeting
882 2615 124 24 concluded
1024 2616 30 30 by
1066 2616 114 32 thanking
1196 2617 48 25 Mr.

662 2656 98 23 Hanson
771 2656 36 23 for
825 2656 37 23 his
881 2656 66 29 draft,
960 2656 44 23 and
1024 2657 66 31 Capt.
1110 2657 91 24 Daniell
1212 2659 36 23 for

660 2696 36 23 his
710 2696 96 23 conduct
816 2697 26 22 in
852 2696 37 23 the
902 2696 70 23 chair.

695 2736 50 24 The
762 2736 149 31 proceedings
930 2736 25 23 in
974 2736 96 24 relation
1094 2741 22 20 to
1135 2737 37 24 the
1194 2746 53 23 pre-

661 2777 103 31 paration
774 2777 26 23 of
809 2785 14 15 a
833 2777 58 23 draft
903 2777 24 23 of
944 2786 13 14 a
977 2777 150 32 Corporation
1139 2779 47 24 Bill
1199 2779 48 24 had

661 2817 58 23 been
735 2817 123 30 unusually
869 2816 126 31 expedited,
1008 2818 24 22 in
1051 2826 153 23 consequence
1225 2821 24 22 of

661 2857 19 23 it
690 2857 85 30 having
785 2857 59 23 been
856 2857 133 23 announced
995 2857 49 23 that
1054 2857 95 24 Colonel
1160 2859 87 24 Wake-

661 2896 52 24 field
724 2904 46 16 was
782 2897 69 23 about
861 2900 23 20 to
894 2897 98 30 proceed
1004 2897 24 23 in
1040 2897 38 23 the
1087 2898 81 32 Bailey
1177 2903 22 20 to
1207 2900 40 24 the

662 2937 108 29 Thames,
780 2937 46 24 and
835 2937 19 23 it
863 2937 87 31 having
959 2937 60 24 been
1030 2938 94 23 deemed
1136 2939 112 25 desirable

661 2981 23 19 to
694 2976 64 31 place
771 2977 19 23 it
800 2978 24 22 in
835 2976 36 24 his
881 2977 74 23 hands
966 2977 35 23 for
1012 2979 162 28 presentation.

694 3015 92 25 Letters
798 3017 103 23 received
917 3017 32 31 by
960 3016 38 24 the
1017 3016 118 31 Portenia,
1148 3019 66 24 dated
1223 3020 26 23 in

661 3056 90 29 March,
764 3064 117 16 announce
896 3057 20 23 it
934 3060 23 20 to
979 3056 30 24 be
1030 3056 38 24 the
1091 3058 111 24 intention
1226 3059 24 24 of

662 3096 96 31 Captain
778 3096 99 24 Hobson
898 3100 24 19 to
945 3104 45 23 pay
1009 3097 57 23 Port
1085 3097 127 25 Nicholson
1235 3107 13 16 a

660 3136 62 24 visit.
758 3135 59 25 This
828 3135 146 25 information
985 3135 43 25 has
1041 3136 100 25 induced
1155 3139 93 24 Colonel

661 3175 130 24 Wakefield
807 3180 24 19 to
849 3175 28 24 be
894 3175 115 32 governed
1026 3176 31 31 by
1067 3176 77 24 future
1161 3179 86 23 intelli-

661 3223 71 24 gence
742 3215 62 24 from
814 3215 38 24 the
860 3215 109 30 Thames,
982 3223 26 15 as
1016 3219 22 20 to
1051 3215 39 25 the
1096 3219 117 30 propriety
1226 3219 24 23 of

661 3255 137 32 proceeding
818 3255 70 29 there,
901 3263 26 15 or
946 3256 106 30 awaiting
1071 3256 39 24 the
1128 3259 81 22 arrival
1225 3259 25 24 of

660 3295 37 24 his
708 3295 141 31 Excellency
857 3304 6 19 ;
882 3295 54 23 thus
948 3296 55 23 time
1013 3295 43 24 has
1073 3296 58 24 been
1150 3298 99 25 afforded

661 3335 35 23 for
713 3339 90 27 greater
821 3335 147 23 deliberation
985 3343 62 24 upon
1065 3335 40 25 the
1117 3337 89 32 subject
1225 3339 25 24 of

661 3383 14 15 a
698 3375 156 30 Corporation,
878 3374 26 24 of
922 3374 82 29 which,
1025 3375 31 30 by
1075 3375 38 24 the
1130 3376 118 34 foregoing

661 3416 132 29 resolution,
805 3417 18 23 it
840 3417 21 22 is
876 3424 55 16 seen
948 3417 39 23 the
1005 3418 101 31 meeting
1117 3419 92 24 decided
1229 3422 18 22 it

661 3456 74 24 would
761 3456 29 23 be
812 3455 51 25 well
885 3456 51 24 that
965 3457 127 31 advantage
1114 3458 81 25 should
1218 3460 29 24 be

663 3496 76 23 taken.

696 3535 95 24 Instead
809 3535 26 24 of
848 3536 97 31 sending
963 3536 38 24 the
1012 3537 40 23 bill
1071 3541 23 19 to
1115 3537 130 31 Auckland,

661 3576 39 24 the
710 3576 78 31 public
798 3575 58 24 have
867 3575 78 25 before
964 3576 62 24 them
1044 3577 39 24 the
1101 3584 105 26 prospect
1225 3580 24 23 of

661 3616 86 31 having
758 3616 19 22 it
788 3615 120 32 presented
920 3622 22 17 to
960 3616 37 23 his
1009 3617 141 31 Excellency
1160 3626 30 16 on
1207 3619 39 24 the

662 3660 59 27 spot,
732 3655 75 24 which
816 3656 19 22 it
852 3655 20 23 is
891 3655 25 23 of
932 3655 39 24 the
989 3661 86 19 utmost
1093 3664 154 25 consequence

661 3695 82 24 should
760 3699 41 19 not
818 3695 29 23 be
864 3695 126 31 neglected.
1033 3695 24 24 It
1075 3697 20 23 is
1111 3705 49 16 now
1177 3706 69 24 many

661 3735 75 23 weeks
748 3736 63 22 since
823 3734 38 24 the
879 3735 173 24 determination
1072 3736 25 23 of
1111 3736 37 24 his
1159 3737 87 25 Excel-

660 3776 67 29 lency
738 3779 22 19 to
773 3782 63 16 come
847 3774 53 24 here
918 3782 47 16 was
983 3776 130 24 committed
1131 3781 22 19 to
1167 3786 77 23 paper,

661 3815 83 23 and~he
756 3822 53 23 may
820 3814 112 24 therefore
943 3815 28 23 be
983 3816 109 30 expected
1104 3821 22 19 to
1138 3818 72 23 arrive
1221 3819 25 23 in

661 3863 14 15 a
685 3854 64 23 week
768 3862 25 15 or
811 3858 38 20 ten
867 3854 62 30 days,
942 3854 67 24 while
1019 3856 25 22 in
1061 3855 32 24 all
1110 3857 136 32 probability

660 3894 30 22 he
701 3893 45 23 will
758 3894 86 23 remain
859 3894 52 29 only
922 3902 15 16 a
955 3902 54 21 very
1021 3894 64 24 short
1104 3896 60 24 time.
1200 3896 44 24 We

1277 127 58 19 trust
1347 122 111 24 therefore
1469 122 39 24 the
1517 123 130 23 Committee
1658 123 49 23 will
1719 127 38 19 act
1767 122 56 24 with
1835 131 15 15 a

1277 162 68 23 much
1361 162 155 31 promptitude
1535 170 25 16 as
1572 162 39 24 the
1632 162 141 31 gentleman,
1785 162 76 24 whose

1277 202 59 23 draft
1357 202 54 30 they
1433 202 58 23 have
1515 202 38 23 the
1576 202 127 31 advantage
1731 202 26 23 of
1776 202 86 31 having

1277 241 77 24 before
1366 240 69 30 them,
1446 241 43 24 has
1508 241 87 24 evinced
1615 242 24 23 in
1658 242 31 23 its
1708 242 153 31 preparation.

1278 280 46 24 For
1334 280 21 23 if
1363 280 53 32 they
1427 280 98 32 proceed
1536 281 50 24 with
1606 281 40 24 the
1665 282 127 30 important
1809 281 53 24 task

1279 319 100 24 confided
1401 324 24 19 to
1447 320 60 24 their
1536 325 160 27 management,
1720 321 75 23 under
1823 320 39 24 the

1277 359 50 24 idea
1338 359 48 24 that
1404 360 54 23 time
1469 361 21 22 is
1508 365 25 19 at
1550 360 51 24 tlieir
1622 360 128 29 command,
1769 368 30 16 an
1818 369 43 23 op-

1277 399 116 31 portunity
1393 412 35 4 —
1428 399 39 24 the
1500 400 52 23 best
1572 400 25 23 of
1631 400 166 32 opportunities
1825 400 37 24 for

1277 439 105 31 pressing
1391 438 39 24 the
1442 439 160 24 consideration
1614 440 26 23 of
1649 440 38 23 the
1700 440 89 31 subject
1800 447 62 24 upon

1279 477 37 24 the
1327 479 110 22 attention
1449 479 26 23 of
1482 479 37 23 his
1532 479 140 29 Excellency,
1684 479 47 24 will
1742 479 29 24 be
1783 479 52 24 lost.

1311 517 44 24 We
1373 518 109 30 gathered
1499 518 58 24 from
1568 518 38 23 the
1622 520 104 30 meeting
1743 527 30 16 on
1788 519 71 23 Wed-

1278 557 91 31 nesday,
1379 557 51 24 that
1438 559 90 22 various
1540 559 98 30 ojinions
1649 566 59 16 were
1719 558 54 24 held
1784 566 30 15 on
1820 558 39 24 the

1279 596 88 32 subject
1384 597 25 23 of
1425 605 41 16 our
1486 597 68 32 being
1566 598 164 31 incorporated.
1773 599 25 22 It
1814 606 45 17 was

1279 636 123 24 submitted
1423 637 50 23 that
1495 637 38 24 the
1556 638 123 23 settlement
1701 646 46 16 was
1770 640 24 21 in
1821 644 38 18 too

1278 676 74 23 infant
1362 684 13 15 a
1386 680 59 20 state
1454 681 24 19 to
1490 676 72 24 derive
1569 677 125 32 advantage
1706 678 59 23 from
1776 678 83 31 having

1278 715 39 23 the
1327 722 75 24 power
1414 715 24 23 of
1453 717 156 30 organization,
1626 725 25 15 so
1664 722 22 18 to
1704 718 29 23 be
1744 718 114 23 obtained.

1279 754 104 24 Another
1406 755 94 31 opinion
1516 763 44 17 was
1575 761 23 18 to
1616 756 40 24 the
1674 757 67 23 effect
1757 757 51 23 that
1826 765 33 15 we

1278 794 70 31 ought
1359 798 22 19 to
1392 794 58 24 have
1462 795 57 23 such
1531 803 12 15 a
1553 795 35 24 ljill
1600 803 25 15 as
1633 796 77 23 would
1722 796 71 24 entail
1803 804 56 23 very

1278 834 66 23 small
1356 842 98 23 expense
1463 844 7 19 ;
1490 835 94 28 another,
1596 835 50 24 that
1663 843 34 16 we
1710 835 81 25 should
1802 835 57 25 have

1278 874 55 23 such
1345 882 14 15 a
1368 881 105 17 measure
1484 882 25 16 as
1521 875 67 24 would
1599 875 71 24 entail
1681 875 67 24 small
1760 883 99 24 expense

1277 921 57 22 now,
1347 914 45 24 and
1407 922 93 23 possess
1512 916 116 31 expansive
1645 923 88 23 powers
1744 916 27 24 of
1780 924 13 16 a
1805 916 54 24 cha-

1277 958 73 19 racter
1360 958 23 19 to
1395 955 47 23 suit
1453 955 38 23 the
1508 959 65 21 wants
1593 956 25 24 of
1634 955 39 25 the
1693 956 88 32 Colony
1791 957 67 24 here-

1277 994 64 24 after.
1375 995 86 30 Again,
1469 995 64 24 there
1543 1003 39 17 was
1594 995 97 25 another
1701 997 100 30 opinion,
1813 997 46 23 and

1276 1035 18 22 it
1306 1034 111 31 appeared
1433 1039 25 19 to
1475 1035 58 24 have
1545 1035 31 24 the
1587 1035 108 32 majority
1707 1036 116 32 decidedly
1834 1038 25 22 in

1275 1074 31 22 its
1317 1074 78 24 favour
1403 1083 6 20 ;
1430 1074 19 24 it
1466 1082 46 17 was
1525 1079 21 19 to
1561 1075 36 23 the
1609 1075 73 30 effect,
1696 1077 50 23 that
1762 1085 33 15 we
1813 1077 45 24 had

1275 1113 73 23 better
1366 1114 77 23 obtain
1461 1123 14 15 a
1491 1114 42 24 bill
1633 1123 47 16 was
1694 1115 79 25 rather
1784 1116 75 24 suited

1276 1157 23 19 to
1310 1154 38 23 the
1359 1154 76 24 future
1446 1155 55 23 than
1513 1154 38 24 the
1562 1159 101 27 present,
1675 1156 46 23 and
1738 1157 85 23 submit
1834 1161 23 19 to

1276 1201 29 15 an
1317 1194 146 30 expenditure
1475 1195 126 30 surpassing
1613 1202 41 16 our
1667 1195 88 24 income
1767 1196 35 23 for
1814 1201 44 19 two

1276 1241 25 15 or
1319 1234 62 23 three
1399 1241 74 23 years,
1485 1234 73 23 rather
1572 1234 56 24 than
1644 1235 58 23 have
1713 1243 29 15 an
1754 1236 54 29 Act,
1820 1244 38 16 re-

1277 1275 89 29 quiring
1377 1274 131 23 alterations
1520 1278 23 20 at
1553 1282 24 16 no
1588 1274 86 24 distant
1682 1275 51 23 date
1741 1284 7 20 ;
1761 1276 97 24 because

1275 1314 94 23 interest
1383 1314 76 30 might
1477 1314 59 24 have
1553 1314 70 24 arisen
1639 1316 25 22 in
1675 1315 38 23 the
1726 1316 130 29 meantime,

1275 1352 73 24 which
1359 1354 73 30 might
1444 1354 106 23 interfere
1559 1354 50 23 ivith
1627 1362 42 15 our
1683 1354 119 32 obtaining
1820 1356 38 23 the

1275 1393 155 23 amendments
1449 1394 105 23 essential
1565 1398 23 19 to
1606 1394 39 24 the
1663 1394 134 31 well-being
1813 1396 45 23 and

1275 1441 104 22 progress
1392 1434 26 23 of
1426 1433 39 24 the
1477 1434 130 24 settlement.

1298 1474 24 23 It
1327 1474 111 31 appeared
1443 1478 22 20 to
1472 1474 28 23 be
1506 1474 24 23 in
1537 1474 30 23 the
1573 1474 65 24 mind
1645 1475 24 23 of
1675 1475 65 23 those
1745 1476 50 22 who
1804 1483 54 17 con-

1275 1514 61 24 sider
1346 1515 18 22 it
1374 1519 130 26 premature
1515 1514 35 24 for
1557 1515 35 22 the
1605 1515 91 23 district
1707 1519 23 19 to
1741 1516 29 23 be
1781 1516 76 24 incor-

1275 1554 100 30 porated,
1388 1554 57 28 that,
1458 1555 25 22 in
1500 1554 37 24 the
1550 1554 89 24 absence
1658 1555 26 23 of
1700 1555 56 23 such
1771 1563 87 23 powers

1275 1597 22 19 to
1310 1597 36 20 act
1356 1593 36 24 for
1403 1594 123 29 ourselves,
1534 1593 58 24 when
1604 1596 25 21 in
1642 1602 13 15 a
1667 1595 114 23 condition
1794 1599 22 19 to
1829 1596 28 23 do

1275 1641 33 21 so,
1320 1633 39 24 the
1377 1633 156 24 Government
1549 1634 67 23 would
1634 1634 58 23 have
1710 1634 38 24 the
1766 1635 52 23 task
1835 1643 24 23 of

1273 1673 121 31 providing
1404 1673 36 24 for
1458 1674 38 23 the
1515 1674 141 31 exjenditure
1675 1679 23 18 to
1712 1674 28 23 be
1752 1676 107 24 incurred

1273 1713 32 31 by
1317 1721 14 15 a
1349 1713 156 31 Corporation,
1527 1713 36 23 and
1584 1714 51 23 that
1651 1714 19 23 it
1688 1714 74 23 would
1780 1714 27 24 do
1821 1723 35 16 so.

1275 1752 99 24 Therein
1392 1760 33 15 we
1446 1753 102 23 consider
1555 1753 61 24 there
1633 1754 20 22 is
1666 1762 14 15 a
1690 1759 65 25 great
1766 1754 90 32 fallacy,

1274 1793 45 23 and
1331 1792 47 24 that
1390 1793 19 23 it
1419 1793 47 23 will
1478 1793 27 23 be
1517 1792 63 24 found
1592 1801 33 15 we
1633 1798 63 19 must
1705 1794 29 23 be
1747 1796 111 30 prepared

1275 1837 23 18 to
1315 1832 92 32 provide
1418 1832 36 24 for
1473 1840 40 15 our
1526 1840 41 16 omu
1580 1837 78 25 wants,
1672 1841 26 16 or
1714 1834 64 24 leave
1796 1834 62 25 them

1274 1872 141 22 unsatisfied.

1308 1905 24 24 A
1342 1905 133 24 formidable
1486 1905 40 24 list
1546 1906 18 23 of
1580 1905 39 25 the
1633 1907 68 23 items
1720 1907 25 23 of
1760 1907 38 24 the
1816 1916 41 15 ex-

1273 1945 119 30 penditure
1402 1953 122 22 necessary
1534 1945 65 24 under
1611 1945 38 24 the
1663 1947 60 23 draft
1734 1947 123 24 submitted

1274 1985 31 29 by
1315 1985 47 23 Mr.
1377 1985 100 23 Hanson
1483 1992 46 15 was
1541 1985 96 30 arrayed,
1651 1986 103 31 showing
1765 1994 30 14 an
1805 1991 52 19 out-

1273 2024 38 30 lay
1327 2024 25 23 of
1360 2024 58 23 from
1430 2032 70 16 seven
1512 2028 22 20 to
1550 2028 35 20 ten
1606 2025 115 23 thousand
1736 2026 90 31 pounds
1844 2036 13 15 a

1274 2071 55 22 year
1337 2073 5 19 ;
1357 2064 41 23 but
1406 2064 38 23 the
1451 2065 102 30 probable
1563 2065 88 23 income
1664 2073 45 15 was
1721 2071 40 19 not
1774 2067 82 27 stated*

1275 2112 24 15 so
1326 2104 48 23 that
1396 2104 38 24 the
1456 2105 96 31 meeting
1574 2112 59 17 were
1656 2110 41 20 not
1719 2107 24 23 in
1767 2115 12 15 a
1802 2115 54 16 con-

1275 2144 70 23 dition
1366 2148 24 19 to
1410 2144 124 23 determine
1552 2145 35 23 the
1609 2145 134 31 magnitude
1767 2147 26 23 of
1818 2147 38 24 the

1273 2184 107 31 probable
1392 2184 130 31 deficiency,
1532 2192 20 16 or
1560 2188 23 19 to
1593 2189 64 19 enter
1669 2194 62 23 upon
1738 2187 38 23 the
1788 2187 68 24 mode

1274 2224 24 22 in
1312 2223 71 24 which
1399 2224 19 22 it
1435 2224 74 31 might
1525 2224 25 23 be
1557 2225 67 23 made
1641 2226 68 29 good.
1748 2226 42 24 We
1801 2234 55 16 con-

1275 2263 59 24 sider
1345 2263 38 23 the
1402 2264 104 23 estimate
1517 2264 31 23 far
1562 2265 135 31 surpassing
1714 2265 38 25 the
1764 2272 93 18 amount

1273 2304 74 22 which
1364 2304 75 22 would
1455 2304 29 23 be
1494 2304 63 24 found
1574 2312 122 24 necessary
1708 2310 22 19 to
1741 2306 64 24 work
1816 2307 40 24 the

1274 2343 47 24 Bill
1339 2344 129 31 efficiently,
1487 2344 62 24 while
1567 2344 38 24 the
1624 2346 140 31 community
1780 2347 77 24 would

1274 2387 39 20 not
1331 2384 26 22 be
1380 2384 78 23 bound
1480 2388 23 19 at
1525 2392 48 16 once
1594 2389 24 19 to
1642 2386 101 24 exercise
1764 2387 31 23 all
1816 2387 40 24 the

1273 2431 86 24 powers
1378 2424 25 23 of
1421 2423 75 24 which
1513 2424 47 31 they
1576 2424 47 24 had
1640 2425 79 30 wisely
1734 2427 122 30 possessed

1274 2464 142 23 themselves.
1465 2464 35 24 To
1528 2472 22 16 us
1573 2465 18 23 it
1613 2465 21 23 is
1658 2465 64 32 plain
1745 2466 50 24 that
1815 2467 40 24 the

1274 2503 91 23 salaries
1384 2511 37 15 are
1440 2505 117 28 excessive,
1570 2505 44 23 and
1632 2504 50 24 that
1696 2513 70 24 many
1776 2506 26 24 of
1816 2507 39 23 the

1274 2544 75 22 offices
1365 2542 81 30 stated,
1465 2543 35 23 for
1512 2551 54 16 some
1582 2552 75 22 years,
1670 2545 68 23 could
1754 2546 27 23 be
1793 2546 62 24 filled

1273 2583 31 30 by
1314 2591 41 15 one
1373 2591 93 23 person,
1484 2583 50 23 who
1548 2584 73 23 would
1638 2585 27 22 be
1683 2585 61 31 paid,
1763 2590 39 19 not
1818 2587 37 23 for

1273 2622 38 24 the
1328 2623 86 30 variety
1426 2623 25 23 of
1466 2623 37 23 his
1520 2623 167 32 employments,
1705 2625 42 23 but
1764 2626 35 23 for
1815 2626 39 24 the

1273 2666 92 20 amount
1376 2662 26 24 of
1409 2662 63 24 work
1481 2662 45 24 and
1536 2663 73 23 labour
1629 2663 67 25 done.
1731 2664 44 24 We
1787 2665 69 25 know

1275 2707 38 18 not
1324 2702 37 23 the
1373 2706 78 20 extent
1463 2702 25 24 of
1497 2702 39 24 the
1544 2710 83 23 powers
1646 2704 118 24 exercised
1773 2705 31 30 by
1816 2706 39 23 the

1275 2742 148 31 Corporation
1441 2742 26 24 of
1482 2742 111 30 Adelaide,
1606 2744 42 22 but
1666 2752 34 15 we
1719 2744 69 24 know
1804 2746 51 23 that

1273 2782 38 23 the
1323 2786 58 19 town
1390 2783 21 22 is
1423 2783 65 23 twice
1500 2790 24 15 as
1536 2782 56 31 large
1604 2791 26 15 as
1640 2782 152 33 Wellington,
1804 2786 52 24 that

1273 2821 63 24 there
1347 2829 38 16 are
1401 2822 80 23 twelve
1499 2822 107 25 thousand
1621 2831 98 23 persons
1736 2826 26 22 in
1771 2826 26 27 it,
1811 2826 45 23 and

1273 2860 49 24 that
1333 2860 37 23 the
1382 2868 121 27 necessary
1515 2869 104 24 expenses
1637 2862 26 24 of
1678 2863 75 32 living
1764 2872 37 16 are
1820 2865 35 23 far

1273 2905 88 27 greater
1376 2900 56 24 than
1443 2901 54 24 here
1506 2910 6 20 ;
1532 2902 38 23 and
1586 2906 41 27 yet
1638 2910 29 17 an
1679 2903 177 25 advertisement

1273 2940 73 24 which
1356 2948 34 15 we
1402 2948 58 24 copy
1472 2949 29 16 on
1512 2941 33 24 the
1555 2942 90 32 subject
1656 2943 26 23 of
1696 2944 30 23 its
1741 2944 114 31 Corpora-

1273 2980 48 23 tion
1332 2980 155 31 expenditure,
1500 2980 66 25 shours
1578 2980 50 25 that
1646 2982 40 23 the
1705 2984 102 23 estimate
1818 2984 37 23 for

1273 3020 38 24 the
1322 3020 52 23 first
1385 3025 92 26 quarter
1489 3020 25 24 of
1522 3021 31 24 the
1565 3022 51 23 first
1628 3023 74 30 year's
1712 3031 111 24 expenses
1834 3025 20 23 is

1273 3060 44 24 five
1334 3060 104 23 hundred
1454 3061 91 31 pounds,
1557 3069 24 16 or
1600 3066 25 19 at
1642 3062 40 25 the
1701 3067 49 20 rate
1769 3064 26 23 of
1809 3067 45 21 two

1274 3099 111 24 thousand
1395 3101 89 28 pounds
1496 3108 14 15 a
1519 3108 55 21 year.

1307 3139 24 24 It
1342 3140 112 31 appeared
1465 3140 38 23 the
1514 3141 85 31 opinion
1612 3141 25 24 of
1647 3149 63 17 some
1721 3143 132 30 gentlemen

1273 3181 49 23 that
1332 3188 32 15 we
1376 3181 46 22 had
1433 3184 23 20 to
1468 3181 73 24 decide
1548 3181 40 24 the
1600 3184 110 30 question
1720 3184 27 23 of
1761 3184 38 23 the
1811 3192 42 16 ex-

1273 3220 109 31 pediency
1407 3219 25 24 of
1456 3221 84 31 having
1551 3229 15 16 a
1588 3222 161 32 Corporation.
1792 3224 61 24 That

1273 3260 101 23 however
1385 3260 21 23 is
1417 3264 41 19 not
1470 3260 38 23 the
1527 3269 51 21 case,
1590 3262 37 23 for
1647 3270 35 16 we
1701 3270 39 17 are
1759 3267 23 20 to
1794 3262 59 26 have

1273 3300 140 23 institutions
1426 3300 25 23 of
1460 3299 38 24 the
1509 3299 62 31 kind;
1585 3302 46 23 and
1639 3301 40 24 the
1689 3302 49 24 real
1749 3304 104 30 question

1257 3353 2 3 •
1273 3341 28 27 is,
1319 3339 99 24 whether
1446 3348 34 15 we
1508 3341 52 24 shall
1588 3349 83 17 ensure
1700 3342 60 25 their
1785 3344 68 31 being

1273 3379 137 31 thoroughly
1421 3380 99 23 efficient
1530 3380 28 24 for
1569 3381 39 24 the
1625 3382 87 29 future,
1724 3390 26 16 as
1767 3383 36 24 for
1814 3384 39 23 the

1272 3422 99 28 present,
1383 3426 26 16 or
1419 3419 101 24 whether
1536 3428 28 16 we
1582 3421 61 24 shall
1660 3422 33 23 let
1712 3422 44 32 slip
1767 3422 39 24 the
1816 3424 37 23 fa-

1273 3459 106 24 vourable
1389 3463 102 20 moment
1501 3459 35 24 for
1546 3460 120 32 obtaining
1677 3461 61 24 what
1756 3471 33 15 we
1799 3471 54 23 may

1272 3502 41 20 not
1329 3498 28 24 be
1376 3498 50 24 able
1444 3502 23 20 to
1486 3499 71 24 obtain
1578 3504 24 20 at
1620 3501 31 23 all
1672 3501 120 30 hereafter,
1810 3503 43 24 but

1263 3538 89 29 .which,
1369 3538 21 23 if
1406 3538 113 29 obtained,
1539 3539 42 24 will
1600 3541 29 22 be
1649 3542 96 23 secured
1763 3542 58 23 after
1839 3551 14 15 a

1263 3575 2 11 '
1273 3578 54 31 long
1338 3582 88 19 contest
1437 3578 44 24 and
1491 3579 49 23 witli
1550 3583 65 26 great
1627 3580 121 29 difficulty.

1306 3617 31 24 In
1357 3617 115 24 reference
1495 3622 23 20 to
1536 3619 112 31 obtaining
1668 3628 15 15 a
1701 3619 151 32 Corporation

1273 3657 55 25 with
1355 3659 122 30 expansive
1501 3666 89 24 powers,
1609 3659 124 31 rendering
1754 3661 19 22 it
1790 3661 61 24 alike

1273 3697 72 25 suited
1364 3702 23 20 to
1406 3697 38 24 the
1466 3703 93 26 present,
1578 3699 46 23 and
1646 3699 98 24 suitable
1767 3704 22 19 to
1812 3701 39 24 the

1272 3737 83 30 future,
1374 3746 33 16 we
1424 3738 75 24 would
1518 3739 81 31 merely
1614 3739 96 24 observe
1727 3740 51 24 that
1793 3735 60 32 it'iV

1272 3778 68 23 much
1351 3782 23 19 to
1384 3778 29 24 be
1425 3778 95 31 desired,
1527 3779 35 24 kit
1572 3787 34 16 we
1618 3784 93 27 suspect
1720 3781 25 23 in
1756 3780 96 32 making

1272 3817 38 25 the
1322 3822 95 28 attempt
1429 3818 38 24 the
1478 3819 53 24 task
1538 3819 71 24 would
1620 3820 29 23 be
1667 3820 73 24 found
1754 3829 24 15 so
1790 3821 61 24 diffi-

1256 3861 7 19 /
1272 3858 54 28 cult,
1338 3865 24 16 as
1376 3863 22 18 to
1410 3859 79 23 entitle
1501 3859 18 23 it
1531 3863 15 20 to
1558 3859 28 24 be
1606 3859 88 25 classed
1711 3868 83 24 among
1813 3861 38 24 the

1256 3890 9 46 |j
1272 3896 75 31 things
1359 3897 72 24 called
1442 3899 132 30 impossible.

1912 3772 44 25 We
1972 3774 44 23 call
2029 3776 112 22 attention
2154 3779 22 19 to
2195 3782 31 16 an
2243 3775 175 24 advertisement
2435 3775 28 30 by

1879 3806 39 23 the
1929 3806 136 25 Post-office
2079 3808 23 23 in
2119 3807 102 31 to-day's
2238 3816 79 23 paper.
2354 3808 50 23 The
2421 3807 42 24 fol-

1879 3840 82 31 lowing
1972 3843 89 21 extract
2068 3848 27 16 on
2105 3840 38 24 the
2151 3841 89 31 subject
2246 3841 43 23 has
2296 3841 57 24 been
2361 3839 102 26 obtained

1879 3873 57 23 from
1949 3881 29 15 an
1990 3873 99 31 English
2100 3881 69 23 paper
2178 3882 5 15 :
2185 3886 35 4 —

1930 3904 47 22 The
1992 3904 52 22 Post
2061 3904 70 23 Office
2145 3904 130 23 authorities
2295 3904 99 27 recently
2413 3906 49 21 sent

512 40 100 31 THE
628 39 112 32 NEW
757 39 229 32 ZEALAND
1002 39 224 32 GAZETTE
1246 39 102 32 AND
1366 39 323 32 WELLINGTON
1710 40 294 31 SPECTATOR.

1927 124 32 23 So
1977 131 56 16 soon
2051 132 24 15 as
2095 124 38 24 the
2154 124 61 24 draft
2233 125 27 23 of
2274 133 15 15 a
2306 126 41 23 bill
2365 126 21 22 is
2398 127 81 30 agreed

1892 171 62 23 upon
1963 163 31 31 by
2005 163 38 23 the
2056 163 144 30 Committee,
2211 164 77 24 which
2305 172 33 16 we
2358 169 58 20 trust
2434 166 44 24 will

1892 203 28 23 be
1943 202 95 31 shortly,
2061 211 34 15 we
2117 204 47 23 will
2175 205 129 23 endeavour
2322 209 23 19 to
2364 205 77 24 obtain
2465 214 14 16 a

1892 249 115 24 summary
2019 243 24 22 of
2060 243 31 23 its
2109 244 132 31 principles,
2253 244 45 24 and
2314 245 86 23 submit
2416 245 63 25 them

1891 286 23 19 to
1933 289 40 16 our
1990 282 101 23 readers.
2138 283 90 24 Should
2251 292 68 23 space
2336 285 90 30 permit,
2443 292 34 16 we

1891 322 47 24 will
1946 326 23 19 at
1976 322 39 23 the
2034 330 62 15 same
2103 323 63 29 time,
2175 324 45 23 and
2228 331 34 16 we
2272 324 61 30 hops
2344 331 62 16 some
2423 324 56 30 days

1890 361 130 32 previously
2042 366 23 19 to
2084 362 38 24 the
2141 363 141 31 assembling
2302 363 25 24 of
2346 363 39 24 the
2402 364 76 31 public

1890 403 100 30 meeting
2008 406 24 19 to
2042 402 29 23 be
2084 402 72 23 called
2176 406 24 20 to
2220 402 68 31 adopt
2300 402 38 25 the
2355 403 67 29 draft,
2435 403 44 24 add

1890 441 103 24 remarks
2011 448 61 24 upon
2090 446 40 19 not
2142 442 54 31 only
2207 442 39 23 the
2262 442 78 23 merits
2355 450 26 15 or
2393 442 84 25 defects

1890 480 26 24 of
1919 480 101 31 peculiar
2025 481 131 31 principles,
2163 481 41 24 but
2211 481 49 24 also
2267 489 62 23 upon
2336 482 39 23 the
2382 481 79 24 details
2469 491 6 19 ;

1889 520 35 23 for
1936 520 87 30 though
2034 520 18 23 it
2063 520 20 23 is
2101 520 133 32 impossible
2244 520 37 24 for
2291 520 51 25 that
2353 522 90 30 portion
2454 522 25 23 of

1889 568 14 15 a
1913 559 77 31 public
2001 567 104 16 measure
2120 564 23 19 to
2155 560 30 23 be
2197 560 118 24 discussed
2326 561 116 31 generally
2453 566 24 19 at

1889 607 14 15 a
1913 599 62 31 large
1992 600 141 31 assemblage
2145 600 26 23 of
2178 608 104 24 persons,
2295 604 46 27 yet,
2356 608 26 16 as
2392 601 31 31 by
2434 601 18 22 it
2463 609 14 14 a

1889 639 45 23 bad
1950 647 101 16 measure
2068 647 53 23 may
2140 641 28 22 be
2185 640 111 24 rendered
2313 640 115 29 tolerable,
2451 648 27 16 or

1889 679 50 22 that
1955 679 74 23 which
2046 680 21 22 is
2086 679 59 31 good
2162 680 25 23 in
2208 680 112 31 principle
2334 680 102 23 defeated
2451 681 27 22 in

1888 719 106 29 practice,
2006 719 19 22 it
2041 719 75 22 would
2133 719 29 23 be
2176 727 84 23 proper
2271 725 24 18 to
2309 721 70 22 invite
2391 720 38 23 the
2440 724 36 18 at-

1889 758 86 22 tention
1987 757 25 23 of
2027 757 38 23 the
2076 759 100 30 meeting
2187 763 22 19 to
2225 759 39 24 the
2277 759 165 23 consideration
2454 759 25 22 of

1889 805 44 22 any
1945 801 164 27 arrangement,
2121 806 25 15 so
2167 799 108 29 peculiar,
2289 806 25 15 as
2332 803 40 19 not
2390 798 87 30 readily

1889 841 23 19 to
1934 837 28 23 be
1980 837 139 23 maintained
2140 837 31 30 by
2189 842 132 26 arguments
2340 838 25 23 of
2385 846 14 15 a
2421 846 54 15 con-

1888 877 92 30 vincing
1992 877 124 24 character.

684 240 46 16 1841.

769 219 52 16 Time
827 219 21 16 of

764 240 88 17 Observa-

784 260 45 17 tion.

880 229 55 17 Baro-

875 251 63 15 meter.

955 230 86 16 Thermo-

967 251 62 15 meter.

1167 239 61 17 Wind.

672 317 75 20 Friday...

672 378 22 15 iat

672 439 74 20 lunday..

672 499 74 21 rlonday.

787 317 10 15 8

786 337 52 20 Ip.m.

785 358 10 15 S

786 378 10 15 8

786 398 48 20 Ip.m

786 439 9 15 8

787 459 52 20 Ip.m.

786 500 10 15 8

787 520 52 20 Ip.m.

786 560 10 16 8

786 581 53 21 Ip.m.

786 602 9 15 5

786 622 10 15 8

787 643 53 20 Ip.m.

786 664 9 15 5

786 684 11 15 8

787 705 51 19 Ip.m.

786 726 9 14 5

880 317 58 15 30.250

879 337 58 16 30.300

880 357 56 16 30.333

879 378 59 15 30.350

880 398 57 16 30.300

880 418 57 16 30.333

880 439 58 15 30.393

880 459 58 16 30.360

880 479 58 16 30.372

880 500 59 15 30.404

880 520 58 16 30.350

880 541 59 16 30.344

880 561 58 16 30.522

880 582 58 15 30.413

880 602 56 16 30.401

881 623 57 16 30.253

880 644 58 15 30.153

880 664 58 15 30.150

880 684 58 16 30.163

880 705 57 16 30.122

879 725 56 16 30.161

979 317 28 15 49.

980 337 38 16 51.5

981 358 37 15 50.5

981 378 26 15 50.

981 399 26 14 51.

980 419 27 15 51.

980 439 26 15 49.

981 459 37 16 50.5

981 480 37 15 49.5

980 500 27 15 47.

981 520 26 16 55.

981 541 26 15 56.

980 562 27 15 49.

981 582 26 15 59.

981 602 26 16 65.

981 623 27 16 54.

981 644 27 16 50.

981 663 37 16 56.5

980 684 27 16 56.

980 705 27 16 56.

981 725 26 16 53.

1076 339 39 16 0.60

1077 400 38 16 0.22

1077 461 38 16 0.18

1063 520 59 18 None.

1146 316 63 17 South.

1146 336 62 17 South.

1147 357 62 17 South.

1147 378 61 16 South.

1147 398 62 17 South.

1147 418 18 17 S.
1173 420 22 19 by
1202 419 20 16 E.

1147 439 39 17 S.E.
1195 439 23 21 by
1225 439 22 17 E.
1255 454 3 4 .

1147 460 38 16 S.E.

1147 480 39 16 S.E.

1147 500 51 17 N.V.

1147 520 51 17 N.V.

1147 541 76 16 N.N.W.

1146 561 83 21 N.lyW.

1146 582 65 17 North.

1147 602 105 21 N.W.byW.

1147 623 76 17 N.N.W.

1147 643 76 17 N.N.W.

1147 664 51 17 N.W.

1146 684 63 17 South.

1146 705 18 17 S.
1170 707 23 19 by
1199 706 20 16 E.

1146 726 99 20 Southerly.

672 560 73 21 Tuesday

1063 582 58 17 None.

672 621 34 16 Yed

1063 642 59 18 None.

672 683 50 17 ?hurs
728 695 18 6 ...

1063 705 58 16 None.

348 123 73 20 Police
432 123 78 23 Office,

223 147 54 23 Port
285 147 130 27 Nicholson,
425 148 39 21 sth
473 147 63 28 May,
547 148 61 21 1841.

258 182 67 20 Post
339 181 87 21 Office.

52 214 91 49 THE
165 215 91 31 Deputy
278 215 134 21 Postmaster
435 214 84 27 having
540 213 96 27 brought

125 241 73 22 under
205 241 74 21 notice
289 241 36 21 the
336 241 95 27 practice
442 240 72 22 which
522 240 19 21 is
554 240 82 21 under-

50 267 65 22 stood
124 270 22 19 to
156 267 84 27 prevail
250 267 26 21 of
282 267 54 27 bags
346 273 26 15 or
379 266 64 23 mails
453 266 26 21 of
484 266 76 22 letters
570 266 66 27 being

50 294 66 21 made
125 300 31 21 up
164 294 31 26 by
204 293 127 22 merchants
346 293 45 22 and
405 292 73 22 others
487 293 35 21 for
531 292 105 27 despatch

50 320 30 26 by
96 320 83 22 vessels
198 320 79 27 sailing
295 320 35 21 for
348 319 68 22 Great
435 319 85 22 Britain
539 326 25 14 or
581 319 55 22 else-

50 346 81 21 where.

78 373 80 21 Notice
174 373 19 20 is
209 372 84 27 hereby
303 372 74 27 given,
388 371 49 22 that
449 371 71 22 under
534 371 38 22 the
584 379 51 20 pro-

50 399 83 22 visions
144 399 25 21 of
179 399 38 21 the
228 399 45 21 Act
282 399 25 21 of
314 398 37 22 the
362 399 116 21 Governor
488 398 45 22 and
543 398 93 22 Council

50 426 12 20 5
73 425 59 21 Wm.
144 425 40 22 IV.
196 425 43 21 No.
249 426 33 25 24,
295 425 83 21 section
388 426 32 25 22,
429 432 44 19 any
480 431 80 20 person
570 425 65 21 send-

49 451 40 27 ing
97 451 76 22 letters
183 459 25 13 or
223 451 85 28 parcels
324 451 130 26 chargeable
470 451 54 21 with
535 454 98 23 postage,

50 477 115 23 otherwise
176 477 53 22 than
240 478 30 26 by
278 480 56 24 post,
344 478 19 20 is
377 477 66 22 liable
454 480 22 18 to
485 484 14 14 a
511 477 92 27 penalty
612 477 24 21 of

50 507 39 18 not
98 504 45 21 less
152 503 54 22 than
221 504 40 26 £2,
273 510 40 15 nor
322 511 61 15 more
397 504 53 21 than
459 503 55 27 £20,
524 503 34 21 for
569 510 66 21 every

50 531 55 21 such
113 530 67 22 letter
189 538 25 13 or
223 530 74 27 parcel
307 538 24 13 so
341 533 56 19 sent.

77 557 80 21 Notice
163 557 20 21 is
191 556 85 22 further
283 557 74 26 given,
367 556 47 22 that
420 559 94 18 masters
522 555 24 22 of
552 555 83 22 vessels

49 583 81 21 render
139 583 134 21 themselves
281 582 67 22 liable
357 586 20 18 to
388 583 36 21 the
435 588 59 16 same
504 582 92 27 penalty
604 582 31 27 by

50 609 112 27 receiving
178 616 45 19 any
232 609 65 21 letter
314 616 25 14 or
347 609 74 27 parcel
438 616 28 14 on
475 608 71 22 board
555 612 80 23 except

49 635 97 28 through
156 635 37 23 the
205 636 51 21 Post
266 635 78 21 Office.

278 661 145 22 MICHAEL
440 661 139 27 MURPHY,

339 688 67 22 Chief
412 688 74 22 Police
496 688 137 27 Magistrate.

49 733 182 47 NOTICE.—
231 732 47 22 The
288 733 56 21 Rev.
355 732 42 22 Mr.
407 731 145 28 Macfarlane,
565 732 25 22 of
597 733 37 21 the

130 759 80 22 Scotch
234 759 96 26 Church,
355 759 44 21 will
424 759 98 26 perform
551 759 84 21 Divine

49 785 95 26 Service,
162 786 24 21 in
202 785 80 25 future,
301 788 23 19 at
339 785 37 22 the
392 785 80 21 Native
489 785 90 27 Chapel,
602 785 32 21 Te

48 812 47 22 Aro
103 812 57 22 Flat.
189 812 88 21 Service
285 811 45 22 will
339 818 128 15 commence
475 814 23 18 at
508 813 23 20 11
541 811 93 23 o'clock.

76 838 144 27 Wellington,
231 838 55 27 May
298 839 20 26 5,
331 839 60 21 1841.

48 879 228 51 WAKEFIELD
297 882 115 21 CLUB.—
412 881 46 22 The
472 882 111 21 members
597 889 37 14 are

144 908 116 27 requested
271 911 23 19 to
308 908 76 21 attend
401 915 13 14 a
430 908 90 27 general
536 909 100 26 meeting

48 938 23 19 at
79 935 38 22 the
132 935 143 26 Club-house,
294 942 28 14 on
339 935 108 27 Saturday
463 938 62 24 next,
541 935 38 22 the
596 936 39 21 Bth

48 962 59 26 inst.,
118 965 24 18 at
151 964 44 19 two
204 961 86 22 o'clock
303 961 114 27 precisely.

270 988 107 21 Richard
388 988 85 27 Baker,
485 987 61 22 Hon.
558 988 48 22 Sec.

75 1015 144 27 Wellington,
231 1015 56 26 May
296 1016 19 25 6,
330 1016 61 19 1841.

48 1059 94 48 JUST
155 1059 158 22 RECEIVED
323 1062 23 19 at
356 1059 37 22 the
401 1058 63 23 office
471 1058 26 22 of
509 1058 37 23 the

116 1086 102 22 Zealand
372 1093 12 14 a
402 1085 41 22 few
460 1086 73 26 copies
550 1085 26 22 of
596 1086 38 21 the

48 1112 114 27 following
170 1113 79 26 works,
260 1112 27 21 of
296 1112 44 21 last
349 1112 70 27 year's
430 1112 144 27 publication,
590 1112 45 22 and

48 1140 23 21 in
82 1138 112 23 excellent
202 1138 121 22 condition.

75 1166 48 21 The
133 1165 98 22 Poetical
246 1164 81 22 Works
343 1165 26 21 of
383 1164 89 27 Milton,
489 1165 54 21 with
558 1172 14 14 a
587 1173 47 14 me-

49 1192 56 21 moir
128 1192 45 21 and
199 1199 67 14 seven
292 1191 188 22 embellishments
501 1191 31 28 by
551 1191 82 27 Fuseli,

48 1218 100 28 Westall,
179 1218 45 21 and
247 1218 92 21 Martin.
381 1218 62 26 Also,
468 1225 30 14 an
523 1218 112 22 excellent

48 1245 94 27 portrait
158 1245 26 21 of
196 1244 90 27 Milton,
308 1244 111 27 engraved
434 1244 30 26 by
480 1244 23 21 J.
524 1244 109 27 Cochran,

48 1272 58 21 from
121 1279 13 14 a
143 1272 118 26 minature,
273 1270 117 28 originally
400 1270 23 22 in
433 1270 37 22 the
477 1271 126 26 possession
611 1272 25 21 of

49 1298 76 22 Oliver
135 1298 123 22 Cromwell.
294 1300 10 19 1
315 1297 44 22 vol.
370 1299 56 25 Bvo.,
445 1297 79 22 bound
531 1297 24 22 in
565 1298 67 26 cloth,

49 1325 60 27 price
120 1326 43 20 15s.

74 1351 48 22 The
132 1350 63 28 Holy
205 1350 70 27 Bible,
287 1350 129 26 containing
423 1350 36 21 the
470 1350 45 21 Old
522 1350 45 22 and
577 1350 57 22 New

48 1377 147 27 Testaments,
220 1377 52 22 with
297 1380 71 24 notes,
391 1377 32 27 by
441 1376 36 21 the
497 1376 55 23 Rev.
558 1391 4 3 -
572 1377 61 22 John

49 1404 89 22 Hobart
147 1404 103 26 Caunter,
262 1404 65 26 8.D.,
339 1403 78 22 author
435 1403 24 21 of
470 1403 39 22 the
551 1404 83 27 Poetry

48 1431 26 20 of
84 1430 38 22 the
311 1430 45 21 and
367 1429 144 22 embellished
521 1430 53 21 with
584 1431 50 21 four

48 1464 63 20 maps
127 1457 45 22 and
188 1458 40 20 144
247 1457 132 26 engravings
397 1456 58 21 from
472 1457 114 26 paintings
603 1457 31 27 by

48 1483 94 22 Westall
155 1483 47 22 and
211 1483 91 27 Martin,
314 1484 49 20 Bvo.
375 1482 65 28 cloth,
451 1482 32 22 £l
496 1484 19 21 8.

74 1510 48 21 The
133 1510 131 26 Beginner's
273 1509 88 22 French
370 1509 69 26 Book,
450 1509 46 22 and
511 1510 37 21 the
565 1510 69 21 Scho-

48 1536 51 22 lar's
110 1536 88 22 French
215 1536 69 26 Book,
297 1536 32 27 by
344 1536 61 21 Ren6
424 1535 73 28 Aliva,
515 1536 80 22 author
611 1537 25 21 of

48 1563 37 22 the
184 1563 99 27 Spelling
406 1564 31 19 6s.
447 1562 36 22 6d.
495 1563 61 21 each.

75 1590 132 21 Montacute
216 1597 4 14 :
236 1597 25 13 or
275 1596 14 15 a
301 1589 57 21 New
367 1589 66 21 horne
434 1601 26 3 —
460 1589 74 22 who'll
543 1589 74 22 follow
624 1590 10 21 ?

48 1616 34 28 By
92 1617 55 21 Mrs.
158 1617 67 26 Mary
235 1615 97 22 Clavers.
360 1617 14 20 2
384 1615 54 22 vols.
448 1618 58 25 Bvo.,
517 1616 31 22 £1
557 1617 32 21 3s.
597 1617 36 21 Od.

75 1643 111 27 Voyages,
197 1643 149 26 Adventures,
362 1642 45 21 and
421 1643 96 26 Escapes
534 1643 26 21 of
570 1643 62 27 Capt.

48 1669 98 22 Richard
155 1669 114 26 Falconer,
282 1669 86 21 written
377 1669 30 27 by
414 1669 97 22 himself.
549 1670 11 20 1
580 1670 53 26 vol.,

48 1697 13 20 5
71 1696 109 27 shillings.

120 1741 41 20 On
175 1741 67 27 Sale,
257 1746 36 15 ex

50 1768 98 49 SALT
161 1767 58 27 beef,

100 1794 110 21 Hambro'
219 1793 62 28 pork,

102 1820 89 22 Pickles
200 1821 45 21 and
252 1827 84 20 sauces,

102 1847 54 22 Port
165 1847 45 22 and
219 1847 77 27 sherry
304 1847 25 21 in
339 1846 67 21 bottle
417 1846 44 22 and
470 1847 71 27 wood,

101 1874 80 21 Porter
189 1874 45 21 and
244 1874 34 21 ale
288 1874 23 21 in
321 1873 76 26 bottle,

101 1900 66 22 Pitch
176 1900 45 22 and
230 1903 41 24 tar,

101 1926 56 23 Fine
167 1927 49 22 salt.

228 1954 36 21 Ex

101 1980 59 26 Cape
172 1979 44 22 and
224 1980 129 25 Tarragona
362 1980 63 25 wine,

101 2006 129 21 Maccaroni
241 2005 45 21 and
296 2005 127 26 vermicelli,

101 2032 97 21 Manilla
207 2039 72 19 sugar,

103 2058 70 21 Cedar
184 2058 23 21 in
216 2058 55 27 logs,

102 2084 108 22 Assorted
219 2092 56 19 oars,

102 2111 112 22 Hollands
222 2112 24 21 in
257 2111 70 22 wood.

238 2138 37 21 Ex
416 2150 27 4 —

102 2165 98 22 Seconds
210 2165 63 27 flour,

101 2191 92 27 Brandy
202 2191 22 22 in
235 2191 63 22 hhds.

101 2218 120 21 Mauritius
234 2225 73 21 sugar.

377 2245 81 22 Waitt
468 2245 46 22 and
522 2245 83 22 Tyser.

72 2271 146 27 Wellington,
228 2272 40 21 6th
278 2272 63 26 May,
357 2273 59 20 1841.

210 2317 54 19 The
280 2316 189 26 Undersigned

48 2349 124 47 HAVE
191 2349 157 21 RECEIVED
369 2356 40 20 per
426 2349 43 22 last
488 2349 146 22 arrrivals:—

126 2375 75 22 Men's
210 2379 77 23 strong
294 2376 64 21 boots
368 2375 44 22 and
424 2376 72 27 shoes,

75 2402 121 21 Gossamer
206 2402 44 21 and
259 2402 82 22 beaver
350 2401 55 28 hats,

73 2429 156 21 Gentlemen's
247 2428 93 28 figured,
364 2429 111 27 coloured,
501 2429 43 21 and
566 2429 67 22 black

48 2454 60 22 dress
118 2455 80 26 stocks,

73 2481 70 21 Black
154 2481 45 22 and
209 2481 104 22 coloured
322 2489 50 20 gros
382 2482 27 22 de
419 2482 91 27 Naples,

73 2507 59 23 Rich
141 2508 87 27 figured
236 2509 86 21 bonnet
330 2509 75 26 satins,

73 2534 90 22 Bonnet
174 2535 45 21 and
227 2542 68 19 gause
304 2535 96 26 ribbons,

73 2561 59 21 Rich
150 2561 86 27 figured
251 2561 172 23 handkerchiefs
438 2562 46 22 and
499 2562 61 28 plaid
574 2562 58 22 satin

48 2588 75 26 scarfs,
133 2587 77 23 ladies'
220 2588 43 22 silk
273 2588 60 27 hose,

73 2614 266 28 Mousseline-de-laines,
352 2615 67 22 latest
427 2615 95 28 designs,

73 2641 78 27 Fandy
160 2641 77 27 prints,
249 2641 105 27 assorted,

73 2667 104 22 Cambric
186 2668 45 21 and
241 2668 105 25 jacconet
356 2668 98 27 muslins,

72 2694 96 26 Bobbin,
179 2694 89 27 blonde,
280 2695 44 21 and
334 2695 93 27 quilling
441 2698 58 23 nets,
514 2695 67 28 laces,
597 2696 36 22 in-

48 2721 100 26 sertions,
159 2721 49 26 &c,

74 2747 23 21 A
107 2747 102 27 quantity
219 2747 26 22 of
254 2747 86 22 bottled
350 2748 70 22 fruits.

49 2802 157 4 _^
358 2775 99 21 Waters
467 2775 46 22 and
522 2776 82 22 Smith.

48 2817 88 47 FOR
149 2818 84 27 SALE,
252 2826 14 13 a
278 2819 45 21 fine
340 2819 43 27 Gig
397 2819 62 27 Boat,
479 2820 26 21 16
520 2819 45 22 feet
578 2820 55 27 long

120 2843 29 28 by
158 2845 28 24 4£
196 2844 45 22 feet
249 2845 64 21 wide.
342 2845 76 28 Apply
427 2848 22 19 to

357 2873 99 20 Waters
466 2872 45 21 and
522 2873 82 21 Smith.

223 2917 53 20 For
290 2916 164 27 Wanganui.

80 2956 71 27 SJtSS*.
161 2949 91 22 HPHE
262 2949 109 21 schooner
381 2949 104 27 Surprise,
501 2950 24 22 T.
541 2949 90 28 Lundy,

61 2972 94 38 oSSgj^
168 2972 29 24 J-
221 2978 89 24 master,
320 2975 45 22 will
373 2977 104 21 continue
487 2984 24 15 as
521 2984 13 14 a
543 2977 90 27 regular

50 3002 184 26 gdgss&trader
252 3003 101 21 between
371 3003 133 28 Wanganui,
524 3003 45 22 and
592 3003 41 22 sail

48 3030 57 22 from
112 3029 143 27 Wellington,
263 3029 53 21 Port
322 3029 128 28 Nicholson,
459 3029 78 23 within
548 3037 12 15 a
570 3030 63 22 week

49 3058 27 20 of
85 3057 42 21 her
136 3057 80 21 arrival
227 3055 55 23 each
291 3056 61 21 time.

357 3082 99 22 Waters
466 3083 45 21 and
522 3083 82 22 Smith.
