2510 4010
559 621 130 32 PORT
711 605 284 55 NICHOLs6I<
1018 620 296 35 WEDNESDAT
1334 606 234 56 itOlttsrikG,
1590 609 264 51 DECliiVtBEk
1879 632 48 35 U,
1941 633 102 29 ;1842.

714 673 3 2 ■
750 663 3 21 '.
798 663 127 18 '-''•.
968 670 53 14 -...T>.
1067 670 2 4 •
1081 679 1 2 .
1112 677 2 3 .
1136 671 3 5 '
1166 667 29 10 "*'
1206 662 24 18 '.'/'
1294 656 11 29 1}
1347 666 10 11 -•*
1388 675 4 5 .
1501 670 4 8 '
1562 662 168 21 ■'..',
1784 679 55 6 ,
1849 682 3 3 .
1921 663 38 21 .''
1971 666 11 9 ''
1995 666 1 8 '
2025 682 4 2 .

2248 634 97 39 [Vol.
2367 634 68 33 111.

110 622 61 31 No.
186 622 87 38 202.]

99 59 144 442 THE
291 59 144 442 NEW
483 59 336 442 ZEALAND
867 59 336 442 GAZETTE
1251 59 144 442 AND
1443 59 480 442 WELLINGTON
1971 59 480 442 SPECTATOR.

616 509 217 36 PUBLISHED
877 509 131 36 EVERY
1051 509 255 36 WEDNESDAY
1339 509 83 36 AND
1466 509 226 38 SATURDAY
1736 511 206 37 MORNING.

219 714 52 20 For
285 713 115 20 London
416 713 93 25 direct,
532 721 21 8 *-

187 749 30 20 To
230 747 40 21 sail
289 747 34 20 the
338 747 41 19 end
391 747 28 25 of
429 747 119 27 December,
606 769 3 8 t
634 762 3 5 .

216 783 102 34 'npHE
342 783 55 22 well
411 783 80 23 known
507 783 50 24 ,fast
576 783 71 27 sailing

98 806 116 38 tlnmCh..
233 818 31 14 -*-
276 816 7 10 "'
303 809 73 29 -kara,!
376 816 20 16 16
432 811 110 26 Clydeside,
575 810 72 22 Alfred

77 832 144 35 <^BaS^E3BP
240 836 85 22 Adams
334 837 149 23 commander.
491 858 4 7 ,
510 836 55 23 This
573 837 45 21 will
626 836 21 22 be

75 859 149 38 wBB^Bm
265 871 11 14 a
318 865 21 19 st
353 863 31 21 °^
401 863 49 29 B^p
491 871 10 14 s
513 870 77 16 season
592 879 7 11 J
610 863 37 22 an^

75 886 147 31 VMSSi^
239 896 25 16 as
281 893 50 24 part
349 890 27 21 of
390 889 42 23 Her
449 898 64 19 cargo
531 890 19 21 is
564 889 83 28 already

240 916 106 27 engaged,
362 917 100 28 shippers'
468 917 51 22 will'
530 916 87 27 require
630 919 17 19 to

74 941 66 23 make
159 942 62 27 early
238 943 146 28 application..
397 955 4 5 >
414 943 46 23 The
469 957 3 4 ■
480 943 117 27 Clydeside,,
602 942 45 27 wiU,

73 968 153 30 immediately
235 976 28 15 on
274 969 138 28 discharging
425 970 38 22 her
480 977 65 20 cargo
553 969 25 22 in
594 969 53 21 Lon-

76 994 51 28 don,
136 1003 93 20 prepare
238 999 23 19 to
276 999 77 19 return
367 999 23 18 to
404 996 55 22 New
473 995 106 23 Zealand.
609 995 38 21 She

73 1021 45 22 will
134 1022 110 22 therefore
259 1022 68 22 afford
343 1029 29 15 an
387 1022 113 22 excellent'
513 1021 134 28 opportunity

71 1048 35 21 for
124 1048 76 27 goods'
211 1049 100 27 required
328 1051 25 19 at
365 1048 39 21 the
424 1048 91 22 earliest'
527 1047 77 28 period
621 1048 26 26 by

71 1077 82 24 parties
162 1074 61 26 here,
231 1075 49 21 who
290 1082 36 14 are
336 1074 116 27 requested
459 1077 23 18 to
491 1075 93 21 instruct
593 1073 54 22 their

71 1103 77 24 agents
157 1100 46 22 and
211 1101 84 22 friends
304 1104 23 18 at
336 1100 66 22 home
411 1103 23 19 to
444 1101 49 27 give
500 1101 43 22 this
550 1100 97 23 Colonial

70 1126 73 23 trader
160 1126 39 23 the
216 1127 128 27 preference
360 1134 28 15 on
405 1126 39 23 all'
453 1128 119 21 occasions.
606 1127 41 22 For

69 1153 82 27 freight
159 1161 25 14 or
193 1161 99 20 passage,
302 1153 65 28 apply
377 1156 23 19 to

368 1185 95 23 'Waitt
478 1185 45 22 and
536 1185 84 23 Tyser.

96 1218 142 28 Wellington,
250 1219 96 22 October
355 1220 12 21 1
371 1221 8 20 1
383 1235 13 11 ,,
401 1221 58 21 1842.

69 1265 60 23 For.
136 1263 115 27 Sydney,
266 1263 44 21 via
324 1264 146 21 Auckland
484 1264 55 21 and
553 1264 57 26 Bay
621 1264 26 21 of

302 1290 119 21 Islands.

228 1327 90 24 'T^HE
329 1334 53 21 very
388 1328 44 21 fast
438 1328 79 28 sailing
524 1329 123 27 brigantine

95 1350 105 37 JPR.
235 1350 30 25 JL
301 1355 85 25 Sisters,
398 1356 40 21 150
451 1358 57 20 tons.
529 1356 31 21 H.
571 1355 76 23 Clarke

74 1377 148 37 >M|PjP%^
241 1383 90 25 master,
347 1381 47 22 will
404 1399 5 5 ,
412 1381 39 22 sail
469 1382 34 21 for
522 1382 38 22 the
578 1383 69 21 above

71 1403 152 35 BgSMUm
240 1413 14 21 P
256 1410 44 19 orts
318 1414 30 15 on
368 1411 24 18 tn
393 1415 12 24 f
492 1408 85 23 instant
586 1417 6 19 ;
614 1409 33 21 for

239 1440 99 20 passage,
348 1434 86 27 having
442 1441 53 21 very
505 1436 99 26 superior
612 1442 35 15 ac-

94 1471 5 10 ;
240 1457 169 31 commodation;
416 1461 65 28 apply
486 1464 23 19 to
513 1462 38 22 the
557 1462 90 28 Captain

70 1491 29 15 on
107 1485 77 28 board,
195 1493 26 15 or
229 1489 23 19 to
358 1490 4 4 '

390 1514 81 22 Waitt
481 1514 139 23 and.TYSER.

95 1545 142 28 Wellington,
248 1546 124 23 December
382 1547 20 26 7,
413 1549 59 21 1842.

69 1590 39 20 To
123 1591 46 20 the
184 1591 137 21 Creditors
332 1591 32 21 of
375 1590 107 28 Wright
492 1592 55 21 and
557 1592 90 22 Clark.

85 1624 18 22 A
132 1624 160 22 DIVIDEND
299 1625 28 22 of
331 1625 44 22 five
385 1625 99 27 shillings
489 1625 24 23 in
524 1625 38 23 the
571 1625 76 26 pound

67 1651 51 21 jIX
145 1651 45 25 wiU
208 1651 27 22 be
249 1651 52 28 paid
312 1654 30 19 'to"
354 1652 38 22 the
405 1651 105 23 creditors
522 1653 26 21 of
561 1652 86 27 Wright

67 1676 43 22 and
131 1677 71 28 Clark,
222 1684 29 16 on
270 1678 41 22 and
331 1678 57 22 after
407 1678 105 29 Monday,
532 1679 39 23 the
593 1679 54 23 28th

65 1703 90 28 instant,
167 1707 24 19 at
200 1704 37 22 the
252 1705 75 21 offices
343 1705 27 21 of
389 1705 89 23 Messrs.
489 1705 91 25 -.Waitt
599 1714 46 14 and

65 1730 83 22 Tyser.
285 1737 2 7 '
342 1744 4 3 •
452 1738 5 3 ■
475 1744 6 8 r
587 1741 2 8 <
623 1731 4 4 '

92 1747 143 38 Wellington,
252 1758 48 22 Oct.
461 1761 11 28 ;.
480 1775 5 3 ■

172 1803 166 27 Survey-office,
349 1803 56 22 New
414 1803 99 22 Zealand
523 1803 119 29 Company,

252 1829 143 28 Wellington,
407 1830 48 21 Oct.
465 1830 20 27 7,
496 1832 61 20 1842.

64 1860 147 49 NOTICE
225 1862 28 22 IS
268 1862 128 23 HEREBY
410 1863 105 27 GIVEN,
537 1863 48 22 that
605 1863 39 22 the

145 1888 103 28 Country;
253 1888 65 23 Land
327 1887 50 24 how
385 1890 72 22 under
465 1897 81 20 survey
554 1890 45 22 will
614 1890 28 22 be

63 1912 86 23 thrown
161 1921 55 21 open
226 1916 32 21 for
273 1916 105 21 selection
393 1916 41 22 for.
443 1916 37 22 the
496 1916 147 28 Preliminary

64 1940 106 27 Sections,
188 1944 23 19 at
228 1945 88 23 present
332 1943 125 26 remaining
473 1942 120 28 uncKoseri,
614 1951 28 14 on

63 1966 107 27 Monday,
181 1968 37 21 the
226 1969 47 21 2nd
282 1969 106 27 January,
401 1970 58 25 1843,
474 1969 45 22 and
528 1970 115 27 following

62 1992 54 27 days
116 2003 27 5 —
143 1995 153 24 commencing
305 1997 23 17 at
343 1995 26 20 11
384 1996 50 19 a.rh.
431 1998 7 9 4
436 2008 6 11 ,
451 1996 52 19 -and
520 1996 84 24 closing
616 1999 31 16 at-

61 2019 15 20 4
84 2025 60 20 p.m.,
155 2019 115 27 precisely,
280 2019 45 22 and
333 2019 68 27 being
409 2026 23 15 as
442 2019 85 22 follows
534 2028 5 14 :
540 2031 30 4 —

482 2053 33 16 No.
527 2054 20 16 of
560 2053 80 18 Sections

459 2071 6 10 X
490 2074 58 17 under
555 2074 74 21 Survey.

88 2099 112 22 District
211 2106 26 15 of
244 2107 43 14 the
294 2099 103 26 Ohariu,
402 2099 36 22 the
445 2099 101 22 Sections

115 2133 38 14 are
162 2126 94 21 situated
270 2126 22 21 in
310 2126 38 21 the
357 2126 78 28 valley,
454 2125 92 27 parallel

114 2152 54 22 with
186 2152 48 23 that
251 2152 66 27 given
337 2155 39 19 out
394 2156 23 19 at
438 2152 39 22 the
500 2152 44 22 last

113 2179 112 27 selection,
236 2179 44 22 and
289 2179 107 27 comprise
406 2182 22 19 at
435 2179 66 22 least.
508 2194 33 6 ...
585 2181 27 20 44

96 2206 79 26 [Plans
184 2213 57 20 open
254 2206 33 21 for
300 2205 124 27 inspection
433 2209 23 18 at
465 2206 36 21 the
512 2206 89 26 Office.]

86 2239 113 22 District
213 2247 27 15 of
255 2246 45 15 the
314 2239 70 23 Hutt

112 2266 48 22 The
178 2266 98 22 Sections
294 2273 38 15 are
352 2266 47 22 laid
412 2269 37 19 out
464 2269 23 19 at
506 2267 38 21 the

111 2299 70 21 upper
189 2296 49 25 part
243 2293 26 21 of
275 2292 38 22 the
321 2292 66 27 river,
395 2292 43 23 and
447 2300 37 14 are
491 2300 53 15 con-

111 2319 86 22 nected
210 2319 53 22 with
283 2319 63 22 those
370 2319 89 28 already
477 2320 67 27 given
554 2327 5 5 -

112 2349 46 19 out.
186 2346 67 22 Plans
262 2349 22 19 to
292 2346 29 22 be
329 2346 70 27 ready
409 2346 134 22 lstDecem-
553 2358 2 8 1
569 2353 2 3 '

110 2372 48 28 ber,
169 2374 61 22 1842.
319 2395 6 5 _

85 2406 115 25 District,
207 2414 28 14 of
244 2406 103 26 Horoki,
358 2406 121 28 extending
487 2406 54 23 from

111 2440 54 14 near
176 2433 89 22 Section
274 2435 32 25 10,
317 2433 115 27 Kinapora
442 2433 99 27 District,

110 2460 94 21 towards
225 2459 40 22 the
287 2462 62 19 coast
371 2463 23 18 at
417 2460 127 22 Wai-kanai

109 2486 107 27 probably
224 2501 6 6 .
237 2501 5 6 .
251 2500 5 7 .
263 2495 5 12 ;
569 2486 40 23 150
639 2495 5 5 -

98 2512 81 28 [Plans
188 2516 23 19 to
218 2513 30 22 be
256 2513 70 27 ready
336 2514 33 21 Ist
378 2513 130 26 December,
520 2513 74 29 1842.]

83 2546 113 22 District
225 2554 27 14 of
284 2545 82 23 Lo%ry
400 2547 54 26 Bay,
489 2547 54 22 Port

110 2572 121 23 Nicholson
595 2575 13 20 5

172 2600 23 24 ./
228 2599 78 28 [Plans
314 2607 52 15 now
375 2599 88 28 ready.]

81 2633 113 27 Porir.ua,
206 2634 132 27 Kinapora,
345 2634 45 22 and
394 2634 83 27 sundry
482 2636 59 25 parts

108 2660 85 22 around
203 2660 54 23 Port
265 2660 122 23 Nicholson
470 2673 11 8 -.
491 2676 5 5 .
504 2676 5 5 .
518 2675 6 6 .
531 2675 5 6 .
583 2662 26 22 18

96 2687 78 26 [Plans
183 2690 22 19 to
214 2687 31 22 be'
251 2687 72 27 ready
330 2687 184 27 lst,.November,.
520 2687 73 28 1842.]

80 2713 114 22 District
204 2713 184 27 OF~MAN£wATu,
391 2735 4 8 <
395 2713 38 21 the
442 2714 100 21 Sections

107 2740 93 22 extend,
218 2739 67 25 along
311 2739 39 22 the
372 2738 60 22 bank'
453 2740 26 21 of
503 2740 38 21 the

107 2765 71 22 River
185 2765 71 22 above
265 2768 63 18 those
336 2765 67 27 given
412 2768 39 19 out
465 2768 23 19 at
503 2765 38 22 the

106 2792 45 22 last
164 2791 112 27 selection,
295 2791 81 23 thence
393 2794 21 19 to
434 2791 38 23 the
489 2791 54 23 hills

107 2819 45 22 and
161 2818 106 28 comprise
284 2821 24 18 at
323 2817 56 23 least
567 2821 42 20 300

99 2845 80 27 [Plans
186 2847 25 19 to
220 2845 28 21 be
256 2844 113 27 readylst
377 2845 136 26 December,-
519 2845 72 27 1842.]

79 2878 50 22 The
137 2876 65 23 Field
213 2876 61 22 Plots
283 2883 53 20 may
346 2876 30 21 be
389 2883 51 15 seen
458 2878 23 20 at
491 2876 39 23 the
546 2880 90 24 present

52 2904 55 22 time
116 2907 24 18 at
149 2903 37 22 the
195 2903 85 27 Survey
290 2902 98 22 Stations
402 2902 26 23 of
436 2902 39 23 the
483 2903 93 22 .several
590 2904 45 23 dis-

52 2931 63 22 tricts
123 2928 152 30 respectively.

81 2958 28 21 In
116 2956 68 28 order,
190 2958 24 19 to
223 2954 165 23 accommodate
397 2955 37 22 the
442 2955 90 23 holders
541 2956 26 23 of
573 2956 62 29 early

52 2983 97 27 choices,
160 2985 165 24 arrangements
332 2981 58 22 have
404 2982 58 23 been
475 2982 66 23 made
551 2983 35 22 for
595 2983 39 23 the

51 3012 67 26 parly
126 3009 125 27 possessing
265 3008 39 22 the
320 3008 49 22 first
377 3008 64 23 erder
457 3010 26 21 of
489 3009 83 28 choice,
584 3017 51 16 sue-
640 3028 4 4 .

51 3036 110 27 cessively
169 3035 90 27 making
273 3035 59 22 their
346 3035 105 22 selection
461 3039 23 19 at
498 3036 38 22 the
550 3034 94 32 Surveyt

53 3063 72 22 Office
135 3069 25 16 as
169 3069 58 21 soon,
231 3069 25 15 as
264 3061 38 22 the
312 3061 113 26 Plans.are
432 3062 76 30 ready.

181 3088 40 34 '3
293 3094 93 22 Samuel
394 3113 3 5 ,
400 3095 108 21 Charles
517 3095 89 28 ,Brees,
623 3113 3 9 ,

142 3120 2 5 '
200 3120 5 14 ;
205 3118 27 26 -%
393 3120 240 29 Principal-Surveyor.
640 3139 4 3 .

219 3165 77 21 Meat
317 3164 148 27 Company.
546 3163 18 21 !*•

51 3197 92 50 THE
163 3197 243 28 UNDERSIGNED,;
414 3197 86 28 having
517 3198 66 25 been,
595 3207 38 21 ap-

125 3224 89 29 pointed
229 3224 110 27 Manager
348 3224 26 22 of
386 3224 37 23 the
435 3225 65 22 Meat
509 3225 122 29 Company,

49 3251 54 27 begs
111 3254 25 20 to
144 3257 117 16 announce
270 3250 50 22 that
332 3258 15 14 a
356 3251 88 27 regular
452 3251 78 28 supply
538 3252 26 22 of
572 3252 58 26 beef,

50 3280 94 26 mutton,
165 3278 45 22 and
225 3277 126 29 porkjmay
368 3277 81 28 always
513 3278 119 29 depended

48 3311 62 21 upon
120 3308 24 19 at
151 3304 46 23 this
205 3304 174 23 establishment.

75 3331 32 22 As
131 3331 43 23 this
193 3332 120 26 .Company
329 3337 107 21 purposes
454 3330 80 28 selling
551 3335 29 21 at.
592 3332 38 22 the

48 3356 77 24 lowest
133 3358 71 28 prices
213 3361 24 19 at
249 3357 75 22 which
331 3360 20 19 it
364 3357 19 22 is
390 3356 71 23 found
469 3357 37 22 the
515 3361 61 19 meat
583 3366 47 17 jean

48 3383 29 23 be
86 3384 107 28 afforded,
203 3384 37 23 the
248 3383 150 29 undersigned
405 3384 20 21 is
438 3382 53 29 only
501 3384 127 23 authorized

48 3413 23 20 to
81 3410 51 28 give
137 3418 53 20 very
195 3410 86 23 limited
290 3410 77 28 credit,
374 3410 45 22 and
425 3410 40 22 has
469 3410 58 23 been
536 3412 94 21 ordered

47 3440 23 19 to
85 3440 50 26 stop
149 3437 31 23 all
192 3440 103 20 accounts
310 3436 80 25 which'
395 3444 43 19 are,
448 3440 44 21 not.
502 3437 53 27 paid
568 3445 59 21 upon

47 3463 102 24 demand.
302 3485 6 4 .
327 3475 3 3 •
449 3464 9 10 '
491 3484 3 3 .

73 3490 48 23 The
129 3490 102 23 business
239 3490 27 26 of.
271 3490 39 23 the
319 3490 113 28 Company
440 3489 20 24 is
470 3490 85 23 carried
564 3498 30 15 on
602 3492 24 21 in

47 3516 56 23 their
118 3524 50 15 new
181 3516 108 28 building;
301 3518 87 21 erected
404 3517 101 22 between
524 3517 103 22 France's

46 3542 69 23 Hotel
126 3543 51 23 'and
195 3542 39 23 the
249 3541 61 24 head
325 3544 27 21 of
364 3543 38 23 the
416 3544 56 28 Bay,
491 3543 45 23 and
548 3544 79 28 nearly

46 3570 98 28 opposite
154 3573 24 20 to
186 3569 46 23 Mr.
241 3569 83 27 Lyori's
334 3570 68 23 Store.
453 3584 4 2 -
567 3572 4 7 '

315 3602 37 22 W.
365 3603 100 28 Flyger,
481 3604 117 28 Manager.

73 3630 129 26 November
209 3630 34 27 23,
254 3630 84 21 1842..-
369 3647 73 6 ...

43 3678 187 50 WILLIAM
245 3678 108 23 ALLEN
374 3680 141 29 respectfully
532 3681 93 23 informs

139 3706 39 22 the
186 3704 137 23 inhabitants
338 3705 26 22 of
373 3706 52 23 Port
435 3707 129 29 Nicholson,
576 3708 49 22 that

43 3731 30 23 he
89 3732 42 23 has
149 3731 90 26 entered
253 3732 53 21 into
323 3737 173 23 nrrangements-
506 3734 54 23 with
578 3735 45 22 Mr.

44 3758 106 28 Waft.for
158 3757 110 29 a,regular
276 3758 81 28 supply,
365 3758 25 23 of
400 3759 58 28 beef,
467 3764 96 26 mutton,
574 3762 48 27 &c,

43 3785 74 24 which
125 3785 46 22 will
180 3784 79 23 enable
268 3784 47 25 hfm
325 3788 23 19 to
357 3784 45 26 sell,
410 3788 23 19 at
447 3786 99 24 reduced
552 3789 72 27 prices

43 3812 37 23 for
87 3812 71 28 ready
166 3818 83 20 money
259 3810 60 27 only.

70 3838 36 23 W.
116 3837 31 24 A.
155 3837 56 26 begs
217 3837 49 22 that
272 3835 34 24 all
317 3838 142 28 outstanding
466 3844 108 20 accounts
581 3842 42 22 due

43 3868 23 19 to
73 3865 50 22 him
131 3871 52 21 may
192 3864 28 23 be
228 3863 80 23 settled
315 3864 120 28 forthwith,
441 3872 29 15 -as
478 3866 35 23 his
525 3868 98 22 business

43 3891 44 24 will
95 3892 27 25 in
129 3892 78 22 future,
211 3889 29 26 be
249 3890 124 26 conducted
381 3892 72 24 under
461 3894 95 23 another
562 3896 59 22 firm.

43 3944 4 5 .
69 3925 104 27 October,
184 3925 62 23 1842.
268 3945 3 3 .
358 3946 3 3 .
398 3946 4 5 ,

898 708 73 25 THIS
986 710 74 23 DAY.
1129 729 2 6 ,

809 743 59 21 Sale
893 742 31 21 of
943 736 202 28 Merchandise.

687 769 159 49 MESSRS.
860 769 148 22 BETHUNE
1023 776 46 15 and
1084 766 130 24 HUNTER
1224 768 46 22 will

778 796 48 22 .Bell
842 795 32 28 by
893 795 92 32 Public^.
990 795 104 26 Auction,
1114 798 24 18 at
1157 795 111 22 Lambton

686 822 73 27 Quay,
769 830 30 14 on
809 822 142 27 Wednesday
962 825 61 24 next,
1033 822 39 22 the
1081 822 52 21 14th
1141 822 26 21 of
1173 822 96 22 Decem-

685 849 40 21 ber
734 852 110 20 current—
844 859 6 5 •
856 869 5 3 .
969 849 10 20 1
1207 864 3 5 .
1249 865 4 4 .

712 882 59 22 Beef
776 882 24 22 in
803 882 97 27 .barrels,
900 881 4 5 '
913 887 10 9 *
999 884 112 28 '*■.-,

712 909 75 26 Sugary
799 908 74 27 coffee,
884 909 54 26 rice,
949 907 97 28 candles,
1056 909 45 21 and
1111 915 59 21 soap,

685 940 3 3 '
712 935 66 21 Glass
787 935 46 22 and
841 934 157 27 earthenware,
1263 932 5 8 '

699 970 4 6 ■
711 961 105 27 Vinegar,
826 960 106 27 mustard;
944 960 46 22 and
996 967 84 21 sauces,
1097 974 4 4 •
1210 972 13 6 -•
1244 966 19 13 'j-

692 1006 2 5 ,
708 989 14 19 3
733 988 64 20 casks
806 987 64 25 wine,
879 987 59 22 wine
950 987 70 26 corks,
1113 991 3 4 '
1162 999 3 12 ;
1208 992 5 21 \
1226 999 3 6 ■
1241 992 20 21 /■>_

710 1015 14 19 2
733 1020 66 17 .cases
818 1013 104 27 clothing,
943 1013 127 28 containing
1087 1021 14 15 a
1119 1014 49 22 well
1181 1033 5 11 r
1187 1015 78 22 varied

682 1037 143 29 assortment,'
959 1038 3 5 '
1042 1041 6 5 *
1077 1058 3 3 •

678 1073 4 3 •
707 1067 14 20 2
731 1071 66 17 cases'
802 1066 56 27 hats,
953 1064 4 4 '
995 1073 2 4 ■
1110 1073 4 4 '
1139 1070 2 4 '
1204 1065 5 7 '
1216 1066 3 12 :
1241 1069 3 7 '
1258 1070 2 8 '

671 1099 4 4 ■
708 1093 23 21 A
740 1093 100 27 quantity
849 1091 27 23 of
882 1093 98 22 assorted
988 1093 157 28 ironmongery
1155 1094 45 22 and
1206 1091 57 25 tools

680 1118 25 22 in
713 1119 58 26 good
781 1119 123 22 condition.
1204 1128 3 4 -
1228 1134 10 9 ■,
1258 1133 3 3 ■

815 1146 53 22 And
883 1145 88 23 various
980 1146 64 22 other
1051 1147 76 26 goods.
1203 1165 3 3 .
1241 1164 4 7 ,
1247 1162 13 16 :}

941 1180 63 19 also,
1183 1174 6 3 '
1264 1181 4 4 •

708 1199 65 21 Some
788 1198 94 28 articles,
892 1198 38 23 the
946 1202 103 25 property
1059 1200 27 21 of
1096 1208 14 14 a
1124 1203 64 24 party
1202 1200 59 22 forth
1254 1196 4 9 1

677 1246 5 5 r
681 1225 27 21 of
714 1224 38 22 the
762 1225 91 27 Colony.
887 1244 2 6 ,
1018 1227 7 3 '
1057 1228 4 3 '
1103 1244 4 4 .
1197 1245 5 3 .
1218 1249 2 4 ,
1269 1225 2 34 j

810 1258 58 16 SALE'
879 1258 29 16 AT
922 1259 91 15 TWELVE
1027 1252 103 23 o'cLOCK.
1184 1254 3 4 '
1204 1249 16 14 J
1269 1262 2 12 I

708 1278 188 27 Lambton-quay,,
903 1278 56 22 Dec.
969 1281 19 24 8,
999 1280 60 21 1842.
1254 1286 2 7 •

679 1323 54 20 For
742 1323 71 28 Sale^
823 1323 45 20 the
880 1328 82 21 cargo
974 1323 30 21 of
1015 1324 45 21 the

685 1357 101 30 Ofifi
806 1354 78 21 tons
904 1354 76 22 best
997 1350 136 27 Chilian
1148 1356 112 28 flour;

680 1377 34 28 O
814 1380 59 22 fresh
882 1381 88 27 ground
979 1381 70 22 direct
1058 1382 57 22 from
1117 1389 4 9 j
1122 1382 136 29 Valparaiso,

788 1410 24 19 at
820 1407 46 22 £20
876 1414 40 20 per
929 1410 45 25 ton,
985 1408 60 22 cash.
1072 1410 4 4 '

915 1439 9 12 '
943 1464 3 3 .
1028 1442 87 22 Waitt.
1121 1442 46 22 and
1175 1443 84 22 Tyser'.

680 1467 143 28 Wellington,
833 1467 131 23 November
972 1470 20 26 4,
1002 1469 63 21 1842.
1251 1476 3 19 ;

679 1513 53 20 For
743 1512 71 25 Sale,
823 1512 50 20 the:
886 1517 82 22 cargo
985 1512 30 21 of
1026 1513 45 20 the

687 1543 15 24 1
721 1543 62 27 KA
812 1544 79 22 TONS
914 1545 28 21 of
960 1543 37 24 the
1019 1545 62 26 best,
1090 1545 60 23 fresh
1171 1547 89 26 ground

684 1568 98 23 JLtlv
799 1570 87 22 Chilian
901 1571 65 28 flour,
980 1579 51 15 now
1044 1572 90 27 landing
1148 1573 57 21 from
1213 1578 3 16 :
1221 1573 37 22 the

800 1597 101 28 Cheerful,
919 1597 70 23 direct
1002 1598 57 22 from
1079 1599 128 28 Valparaiso
1207 1610 28 5 —
1237 1604 23 17 at

678 1622 48 22 £20
733 1630 40 20 per
785 1626 42 20 ton.

715 1653 3 4 '
731 1653 3 8 '
746 1658 3 4 '
988 1651 84 23 Waitt
1086 1659 45 15 and
1145 1653 86 22 Tyser.

706 1676 47 22 Oct.
763 1678 34 26 23,
809 1678 60 21 1842.

852 1723 44 21 Ex

680 1753 66 24 OA
762 1754 79 23 TONS
854 1756 49 21 first
919 1756 59 22 fresh
991 1756 87 28 ground
1094 1757 90 28 Sydney
1194 1757 59 22 flour

776 1783 28 20 15
817 1781 73 24 chests
898 1782 71 28 hyson
979 1786 43 24 tea,

762 1810 48 21 100.
817 1808 72 23 chests
898 1817 68 19 green
975 1812 43 24 tea,

778 1836 26 21 10
816 1836 55 26 bags
880 1836 75 28 coffee,

763 1883 3 5 ,
788 1862 14 21 5
816 1862 54 27 bags
879 1870 88 20 pepper,

987 1889 83 23 Waitt
1084 1890 44 22 and
1143 1890 84 23 Tyser.

703 1913 139 29 0et0ber25,
853 1916 67 26 1842.,
1121 1918 8 6 *

885 1962 27 25 V_
921 1961 89 21 Seeds,
1016 1975 8 19 j
1063 1976 12 13 A
1212 1968 32 7 ••

673 2013 47 23 V-/
750 2019 23 18 to
779 2015 44 22 suit
831 2016 138 28 purchasers,
979 2017 39 22 the
1026 2017 112 29 following
1146 2019 63 22 seeds
1218 2027 5 14 :
1225 2030 28 4 —

699 2042 76 22 Sword
783 2042 108 28 long-pod
899 2043 65 28 bean,

666 2078 4 3 -
700 2068 118 28 Lopg-pod
827 2069 65 26 bean,

698 2095 109 27 Speckle.d
815 2095 74 23 dwarf
896 2096 82 29 kidney
987 2097 65 27 bean,

698 2121 73 23 Broad
781 2122 65 27 bean,

698 2147 73 23 Horse
780 2148 64 28 bean,

698 2175 87 21 Scarlet
792 2182 90 20 runner,

698 2201 67 27 Early
774 2201 108 23 Warwick
891 2210 48 20 pea,

697 2227 69 28 Early
774 2228 115 22 Mazarine
899 2237 49 20 pea,
1075 2234 2 5 '
1077 2227 17 13 >v

681 2271 5 5 ,
698 2253 102 23 Prussian
810 2255 51 22 blue
870 2262 50 20 pea,

697 2281 106 22 Nonsuch
811 2288 50 20 pea.

696 2307 56 22 Blue
761 2307 101 28 imperial
870 2315 50 21 pea,

696 2334 95 27 Spanish
800 2335 73 21 dwarf
877 2342 49 20 pea,

696 2361 72 26 Large
778 2361 97 27 cabbage
884 2362 87 27 lettuce,

694 2387 132 22 Drumhead
835 2388 99 27 cabbage
943 2389 88 28 lettuce,
1043 2400 3 6 ■

696 2413 113 23 Battersea
818 2414 106 28 cabbage,

695 2440 130 22 Drumhead
834 2441 106 28 cabbage,

695 2467 50 22 Red
755 2467 74 22 Dutch
839 2468 106 27 cabbage,

694 2493 76 23 Puller
772 2495 23 24 'sj
798 2494 60 27 early
868 2495 105 28 cabbage,

694 2520 104 22 Prussian
807 2521 67 22 white
884 2523 79 26 turnip,
987 2537 3 9 ,

694 2547 85 22 Yellow
790 2547 78 23 Swede
879 2549 80 28 turnip,

694 2574 80 27 Purple
785 2579 36 22 top
831 2575 78 22 Swede
919 2576 79 27 turnip,

692 2601 75 21 White
770 2605 71 18 ~stone
852 2602 82 28 turnip,

693 2627 75 23 White
778 2627 55 22 horn
843 2629 82 28 turnip,
954 2645 5 7 v

693 2655 73 21 Silver
773 2654 79 22 leaved
860 2655 59 27 beet,

692 2681 50 21 Red
751 2681 56 27 beet,

692 2707 110 28 Mangold
813 2708 96 27 wurtsel,

692 2733 142 27 AltringKam
844 2738 80 25 carrot,

683 2760 76 27 •Early
769 2761 56 21 horn
835 2765 80 24 carrot,

692 2786 66 27 Long
768 2794 81 20 orange
860 2791 78 24 carrot,

692 2812 75 22 White
777 2814 106 26 nhistard,

693 2839 81 22 Curled
783 2846 66 20 cress,

659 2863 4 9 '
692 2865 65 27 Long
766 2866 79 21 scarlet
853 2866 81 28 radish,

692 2891 74 23 White
775 2892 76 28 turnip
857 2893 81 27 radish,

691 2918 51 22 Red
749 2918 74 27 turnip
833 2918 82 28 radish,

669 2958 3 3 •
692 2945 132 27 Strasburgh
833 2945 76 28 onion,
929 2957 16 16 v
980 2956 2 5 '
993 2952 3 4 '
1021 2960 3 4 -
1137 2968 4 4 .
1185 2964 3 3 ■

654 2967 7 27 i'
691 2969 82 24 Brown'
782 2971 97 29 Spanish
888 2972 71 28 onion,
1006 2977 33 16 ■'.

692 2998 96 28 Parsnip,
807 3015 4 5 .

660 3036 4 5 •
692 3024 82 23 Curled
783 3024 94 29 parsley,

692 3051 75 22 Green
777 3051 81 23 curled'
865 3052 85 28 endive,
969 3058 4 7 '

658 3086 3 6 ■
675 3084 2 5 '
691 3078 107 23 Batavian
807 3078 89 29 endive,

691 3104 69 28 Leek,
833 3104 4 12 ;
997 3118 13 12 >
1021 3130 6 5 ,
1067 3118 5 5 -

659 3140 3 6 •
691 3131 135 28 Asparagus;
957 3130 70 14 «<••'■

691 3158 44 22 Sea
743 3158 52 26 kail,

661 3194 3 6 >
692 3184 72 23 Globe
774 3191 86 21 savoys.

691 3210 82 23 Curled
781 3211 91 28 brocoli,

689 3237 51 22 Red
748 3238 56 21 solid
813 3239 76 27 celery
898 3240 43 22 and
950 3239 66 23 white
1027 3241 79 28 celery,

690 3264 102 28 Cabbage
801 3264 93 29 Jlettuce,

690 3291 103 22 Summer
802 3298 87 22 savory,

656 3322 4 7 '
687 3316 89 23 Winter
785 3324 86 22 savory,

688 3344 71 28 Sage,-
804 3348 16 15 *
926 3348 12 16 ;,

654 3377 14 19 Z
687 3370 77 23 White
772 3370 57 28 beet,
929 3381 4 4 •
1053 3389 9 4 ,

655 3398 11 8 '"
738 3405 21 14 m
761 3405 18 28 %'
1105 3420 13 13 *

686 3424 99 22 Brussels
795 3427 94 26 sprouts,
1103 3424 15 11 X

654 3460 8 13 4
670 3456 3 6 '
686 3450 93 28 Borage,

666 3500 4 4 ,
685 3478 117 26 Angelica,
834 3494 3 5 .
1054 3480 8 4 ~
1101 3493 21 17 ■&

685 3503 76 23 White
770 3504 79 23 selesia
856 3504 89 29 lettuce,
976 3518 11 9 v

684 3530 83 23 Brown
774 3531 47 22 and
830 3531 66 23 white
905 3540 54 20 goss,
963 3532 90 30 lettuce,
1121 3534 16 21 /

684 3556 92 29 Salsafy,
800 3576 4 7 ,
928 3556 5 7 '
1010 3558 48 32 'j#>"

684 3584 73 22 Vanal
766 3584 104 28 cabbage,
882 3591 8 4 ~
1075 3603 5 4 .

654 3616 2 7 1
683 3610 78 28 Sorell,
1052 3607 6 5 v
1077 3610 4 5 '
1110 3611 5 6 '

682 3637 93 27 Fennel,

666 3668 4 5 '
682 3664 122 28 Lavender,
912 3670 3 6 '
938 3681 3 3 •

654 3694 2 9 '
682 3690 67 28 Long
757 3690 85 29 prickly
851 3692 126 28 cucumber,
1025 3694 2 6 '
1137 3697 3 4 •
1166 3699 5 5 .
1214 3699 2 5 .

683 3718 72 21 Sweet
763 3718 55 22 basil
827 3718 46 23 and
881 3719 56 22 bush
945 3719 64 27 basil,

682 3744 96 28 Hyssop,

681 3770 70 28 Early
760 3770 141 24 cauliflower.

681 3797 57 23 Also
748 3804 13 15 a
774 3797 89 28 variety
872 3799 26 21 of
903 3798 75 23 flower
988 3797 72 28 seeds,
1069 3798 58 23 both
1136 3798 108 23 Colonial,

655 3824 45 23 and
709 3824 102 27 English.

681 3850 128 23 December
816 3852 21 26 8,
848 3852 62 21 1842.
1001 3870 8 7 ,
1043 3871 8 6 ,

654 3895 94 49 JUST
761 3894 135 27 OPENED,
902 3895 44 22 and
955 3902 30 15 on
996 3895 51 22 Sale
1056 3899 23 18 at
1088 3895 38 22 the
1136 3896 71 22 Office
1217 3897 26 22 of

719 3922 42 22 this
770 3922 80 28 Paper,
860 3921 40 26 ink
909 3922 77 23 stands
995 3922 28 23 of
1028 3922 88 24 various
1125 3923 63 23 ilzes.

1296 706 31 40 i^
1338 712 39 23 ■*>'
1395 712 55 20 Fdr
1463 706 69 30 Safe,
1547 712 36 20 eafc
1597 710 155 24 "NTelsbn;'*'

1294 740 6 10 '
1307 742 83 27 g>ALE
1404 742 96 22 INDIA
1514 742 62 22 AJuE
1590 743 25 22 in
1629 743 76 29 Bottle',
1717 745 85 28 Bryant
1817 746 44 23 and

1294 773 23 27 jL
1355 769 96 26 Davis's,

1293 802 5 15 (
1315 796 63 27 Stout,
1388 795 87 28 Bryant
1484 795 44 22 and
1536 795 96 28 Davis's,
1656 815 4 7 ,
1679 809 14 11 -,
1717 802 4 4 '

1294 822 3 28 |
1313 822 58 26 Ba?s'
1379 822 86 22 Burton
1475 821 42 27 ale,
1592 839 3 8 ,

1294 846 2 23 i
1303 859 5 4 •
1314 848 48 24 Pale
1379 846 87 36 sherry'
1477 848 44 22 arid
1536 848 111 29 Madeira,
1666 849 136 27 R'ufherford
1816 851 45 23 and

1294 882 2 20 ;
1303 876 71 27 >rury's
1380 875 81 27 brand,
1477 883 2 4 ■
1512 877 3 6 '

1294 907 2 14 i
1313 902 57 27 Very
1377 902 39 21 old
1425 901 112 27 Madeira,-
1543 905 51 24 port
1607 902 45 23 and
1666 902 76 29 sherry
1749 904 26 23 in
1773 909 3 8 1
1789 904 71 29 wood,

1289 934 4 4 '
1304 928 111 26 .uthprford
1424 927 44 23 and
1477 928 94 28 Drury's
1571 930 3 13 l
1580 929 79 28 brand,

1314 955 38 22 Old
1362 962 85 20 cognac
1455 954 86 28 brandy
1550 955 24 23 in
1583 956 76 27 bottle,
1752 965 3 5 ■
1785 968 26 12 .1

1312 982 78 26 Cherry
1400 980 119 29 brandy'in
1527 990 68 20 cases,

1293 1016 2 4 •
1307 1008 118 28 'Sparkling
1434 1008 144 29 champagne,
1608 1010 3 6 '
1808 1006 2 7 '
1833 1016 4 4 •

1294 1035 7 30 I
1304 1034 144 23 -Maraschion
1459 1035 44 22 and
1510 1036 75 27 punch
1594 1037 97 26 essence,
1756 1044 11 9 •■■
1794 1046 2 3 •

1311 1061 44 23 Eau
1366 1062 28 22 de
1407 1062 103 27 Cologne,
1545 1079 3 7 ,

1303 1089 20 20 il
1334 1096 45 16 case
1388 1088 89 22 French
1486 1096 58 20 rugs.

1289 1138 4 6 (
1311 1114 103 24 Assorted
1424 1116 100 26 anchors,

1312 1141 71 23 Chain'
1388 1143 79 25 cables,
1478 1143 88 21 various
1576 1142 63 27 sizes,

1289 1174 5 10 1
1301 1168 85 23 .Patent
1396 1172 91 25 carpets,
1534 1180 2 3 ■
1839 1176 7 8 •

1307 1220 123 30 •Tumblers,

1313 1247 95 29 Pickles/

1301 1295 6 4 ,
1312 1274 73 23 Butter
1393 1277 23 21 in
1423 1276 53 27 jars,

1312 1301 49 23 Pine
1371 1302 85 27 cheese,
1470 1303 40 21 &c.
1521 1303 40 21 &c.

1557 1337 2 3 ■
1588 1330 81 22 Waitt
1684 1330 46 22 and
1745 1331 87 23 Tyser.

1312 1361 152 29 Wellington,
1464 1361 126 29 September
1599 1364 34 25 30,
1645 1364 60 21 1842.
1786 1375 3 3 -

1312 1406 35 21 To
1358 1406 197 27 Ship-builders
1570 1408 55 21 and
1638 1408 194 26 Ship-owners.

1368 1438 77 22 SALE
1460 1439 29 26 by
1500 1439 35 22 the
1545 1439 188 28 undersigned:—

1345 1465 102 22 Anchors
1459 1467 26 19 of
1495 1465 30 22 all
1533 1465 62 28 sizes,

1312 1490 67 23 Chain
1388 1491 73 23 cables
1471 1492 43 22 and
1529 1492 60 22 short
1603 1492 76 22 linked
1693 1492 85 28 chains,
1788 1493 72 23 tested

1294 1526 21 19 >y
1323 1525 10 15 a
1341 1518 133 27 hydrostatic
1484 1519 87 27 engine,
1578 1519 98 22 assorted
1686 1519 55 23 sizes
1750 1520 45 22 and
1804 1527 55 15 war-
1860 1536 2 4 .

1296 1545 66 27 anted,
1712 1545 3 2 '
1851 1544 10 15 *'

1303 1571 110 22 'Bitlieads
1422 1571 44 22 and
1475 1578 62 20 spare
1547 1571 107 28 shackles,
1695 1577 4 8 '•
1721 1575 5 4 '

1297 1601 6 5 '
1312 1597 106 23 Windlass
1427 1599 67 21 metal
1503 1599 24 21 in
1537 1598 108 28 complete
1655 1601 58 25 setts,

1312 1624 107 22 Mariners
1428 1632 128 20 compasses,
1588 1634 4 4 -

1312 1651 40 22 Sail
1361 1658 92 15 canvass
1463 1651 44 22 and
1516 1652 73 26 twine,

1311 1677 67 27 Pitch,
1389 1681 40 23 tar,
1441 1678 39 22 &c.
1492 1678 39 22 &c.

1638 1704 87 23 Willis
1735 1713 47 15 and
1792 1706 39 22 Co.

1286 1728 92 27 October
1388 1731 31 26 11,
1430 1732 61 20 1842.

1283 1768 6 33 /
1332 1775 54 21 For
1405 1775 60 21 Sale
1488 1777 28 19 at
1537 1775 45 21 the
1597 1776 106 20 Nelson
1721 1777 83 26 Dairy

1455 1822 6 5 -
1471 1799 5 12 ''
1496 1822 9 10 j
1555 1803 28 20 at

1455 1827 108 22 Nelson'
1572 1829 102 21 Haven.

1287 1864 59 21 OA
1362 1859 133 22 COWS-IN
1510 1860 86 27 CALF,
1618 1877 3 4 .

1282 1880 64 32 OH
1375 1888 27 20 30
1410 1886 82 22 heifers
1500 1886 24 21 in
1533 1886 51 28 calf,

1283 1910 4 24 1
1302 1923 10 18 -_
1374 1914 28 20 50
1410 1919 76 21 young
1493 1912 89 28 heifers,
1604 1917 5 3 '

1303 1940 18 21 '4
1327 1938 114 23 half-bred
1450 1940 102 21 Durham
1561 1940 68 27 .bulls,

1278 1971 8 24 '[
1309 1966 105 26 ll*steers,

1309 1991 259 26 ...6^orkifleLhullocksj
1614 2003 9 16 •_
1624 2008 13 11 Ji
1642 2008 13 5 -.
1663 2005 30 10 ....
1798 2010 13 10 t
1844 2011 4 3 .

1329 2015 15 20 4
1354 2013 62 22 stock
1423 2013 84 27 horses,
1611 2016 9 3 ~
1682 2020 12 3 -
1695 2020 32 4 —
1727 2022 6 10 ?
1733 2022 31 4 —
1765 2013 34 18 ~E
1843 2014 18 19 _£

1331 2041 42 21 100
1381 2046 64 19 ewes,

1330 2067 27 21 50
1366 2065 101 28 wethers,

1308 2094 42 23 The
1365 2092 70 22 above
1449 2100 37 14 are
1500 2093 56 22 from
1571 2092 42 22 Dr.
1623 2092 92 27 Imlay's
1731 2092 127 22 celebrated

1282 2121 56 22 stock
1347 2122 24 18 at
1380 2119 100 22 Twofold
1491 2119 56 34 Bay.
1575 2119 48 22 The
1634 2119 70 21 cattle'
1713 2126 37 15 are
1759 2119 38 21 the
1808 2119 51 21 best

1282 2147 55 27 bred,
1347 2146 58 22 have
1415 2147 58 21 been
1481 2146 84 22 landed
1574 2147 23 21 in
1610 2146 37 22 the
1658 2146 64 22 finest
1733 2146 69 26 order,
1814 2145 43 22 and

1281 2175 53 21 form
1342 2173 39 22 the
1395 2173 49 22 best
1453 2173 104 21 selection
1564 2173 27 21 of
1597 2180 42 20 any
1645 2173 32 21 lot
1684 2175 39 24 yet
1731 2172 97 27 brought
1835 2175 23 19 to

1282 2201 51 21 New
1341 2199 107 23 Zealand.
1477 2199 43 21 For
1526 2199 134 28 particulars,
1671 2199 66 28 apply
1747 2202 22 18 to

1463 2234 21 21 S.
1500 2234 94 21 Revans
1595 2236 6 25 j
1616 2233 143 27 Wellington.
1771 2235 38 20 orT

1463 2260 28 22 D.
1503 2260 143 25 Drummond,
1658 2259 85 22 Nelson
1755 2260 87 22 Haven.

1306 2287 51 26 July
1368 2287 19 24 7,
1398 2288 60 21 1842.
1519 2303 5 3 -
1606 2285 13 10 v
1675 2295 11 16 4,

1448 2331 106 22 Heifers
1569 2332 30 21 in
1613 2331 66 22 Calf.

1282 2364 84 32 T^OR
1378 2363 84 26 SALE,
1474 2363 68 22 about
1554 2364 29 21 50
1592 2363 99 28 superior
1699 2363 58 21 bred
1768 2363 87 26 heifers,

1281 2384 29 28 JD
1334 2394 60 18 most
1409 2390 25 21 of
1445 2390 61 21 them
1519 2390 73 27 heavy
1606 2391 22 21 in
1646 2389 50 27 calf,
1714 2390 47 21 and
1773 2389 83 28 having

1281 2417 51 22 been
1352 2424 59 14 some
1427 2416 52 22 time
1494 2417 23 21 in
1530 2417 39 21 the
1588 2417 90 26 Colony,
1695 2419 41 19 not
1749 2416 67 22 liable
1825 2420 31 18 -to

1280 2443 61 23 suffer
1351 2443 55 22 from
1416 2443 37 21 the
1463 2442 75 22 effects
1547 2443 27 22 of
1584 2443 38 22 the
1637 2443 61 22 Toot.
1707 2451 3 7 <
1726 2443 49 22 The
1787 2443 69 22 above

1281 2470 61 22 cattle
1359 2476 42 16 can
1414 2469 28 22 be
1458 2469 99 28 strongly
1568 2469 180 28 recommended,
1766 2476 23 15 as
1804 2469 57 28 they'

1281 2496 52 22 have
1350 2497 56 21 been
1423 2495 95 23 selected
1531 2497 58 21 from
1604 2497 37 21 the
1656 2503 120 15 numerous
1790 2496 66 22 cattle

1281 2523 54 28 ships
1345 2523 71 22 which
1425 2523 56 21 have
1499 2523 86 22 arrived
1599 2523 58 22 here.
1686 2522 76 29 Apply
1775 2525 23 19 to
1811 2522 44 22 Mr.

1281 2549 92 28 Revans,
1387 2550 85 20 Gazette
1480 2549 69 28 office,
1562 2557 25 14 or
1595 2553 23 19 to
1627 2549 44 23 Mr.
1682 2549 86 27 Hulke,
1776 2549 80 23 Evans'

1281 2577 50 26 Bay.

1303 2603 61 26 Also,
1375 2602 61 22 three
1446 2603 113 21 well-bred
1570 2610 70 14 mares
1646 2603 23 21 in
1679 2602 53 27 foal,
1744 2606 23 18 to
1776 2603 79 28 impor-

1280 2629 33 22 ted
1322 2629 81 22 horses.

1368 2673 93 21 Union
1473 2673 79 21 Bank
1566 2673 31 21 of
1613 2674 151 20 Australia.'

1280 2706 91 23 London
1388 2707 91 25 Office,
1495 2706 44 22 No.
1552 2707 38 25 33,
1608 2706 48 22 Old
1671 2706 184 23 Broad-street.

1327 2738 94 27 Capital,
1432 2739 119 26 £800,000;
1573 2737 54 28 paid'
1631 2745 37 20 up,
1683 2739 119 26 £500,000.
1822 2756 5 7 ,

1506 2775 109 12 DIRECTORS
1619 2775 6 12 :

1359 2801 12 6 -
1380 2797 66 21 George
1454 2797 39 17 Fife
1499 2797 67 20 Angas,
1574 2798 48 20 Esq.,

1380 2818 66 16 Robert
1453 2818 75 18 Brooks,
1537 2817 48 20 Esq.,
1623 2816 3 10 '

1380 2838 60 17 James
1447 2838 49 17 John
1502 2838 99 19 Cummins,
1609 2838 48 21 Esq.,
1665 2848 2 6 ,
1678 2847 11 8 

1379 2859 67 17 Robert
1453 2859 94 19 Gardener,
1559 2859 49 20 Esq.,
1618 2858 122 21 Manchester,

1378 2880 49 17 John
1435 2880 45 16 Gore
1495 2880 48 20 Esqi,

1379 2901 48 17 John
1433 2900 80 17 William
1519 2899 76 20 Buckle,
1599 2899 49 22 Esq.,
1677 2914 3 4 .

1378 2921 96 21 Benjamin
1480 2920 21 17 E.
1508 2920 63 20 Lindo,
1579 2921 46 20 Esq.,

1378 2942 72 16 Charles
1458 2941 75 17 Edward
1540 2941 87 20 Mangles,
1635 2941 61 20 Esq.,-
1710 2947 3 4 '

1378 2962 114 20 Christopher
1498 2961 83 20 Rawson,
1590 2962 47 20 Esq.,
1648 2961 81 20 Halifax,
1736 2972 3 3 -

1378 2983 78 17 Thomas
1463 2982 63 19 Sands,
1533 2982 158 21 Esq.,\Llverpool,'

1377 3004 61 17 James
1445 3003 55 21 Bogle
1507 3003 65 18 Smith,
1577 3002 47 20 Esq.,

1376 3024 62 17 James
1445 3022 79 19 Ruddell
1529 3022 57 20 Todd,
1593 3023 42 20 Esq.

1281 3052 81 17 TruiteeS
1368 3057 5 12 :
1388 3052 80 16 George
1479 3050 56 17 Caeb.
1546 3050 62 19 Gfcra,
1619 3050 48 21 Esq.',
1677 3048 54 19 J6hk
1742 3048 61 23 Goiz,
1812 3051 43 21 Esq.

1398 3080 3 2 -
1417 3072 37 17 and
1455 3083 3 9 ;
1459 3071 67 17 James
1531 3071 18 16 J.
1556 3071 99 19 Cvkmixi,
1663 3071 45 21 Esq.

1299 3099 81 17 Banters
1385 3104 5 12 :
1401 3099 74 17 Messrs.
1482 3098 61 19 Gxyn,
1554 3097 113 20 Hjlllifax,
1674 3097 73 21 Miiii,
1754 3099 36 16 and
1797 3099 30 17 Co.

1389 3127 101 20 Secretary:
1501 3126 84 16 Samuel
1590 3125 93 20 Jackson,
1690 3125 45 21 Esq.

1361 3154 80 18 Colonial
1448 3154 102 21 Inspector:
1561 3153 18 17 J.
1586 3153 18 17 C.
1611 3150 103 24 M'Lajuen,
1721 3154 45 20 Esq.

1391 3202 69 21 New
1477 3200 123 22 Zealand
1616 3200 115 21 Branch.

1278 3235 47 18 loeil
1331 3236 91 16 Director!
1427 3239 5 12 :
1448 3235 47 16 Geo.
1505 3234 19 16 S.
1533 3234 74 18 Evans,
1618 3233 50 21 Esq.,
1677 3233 68 18 D.C.L.
1757 3252 1 2 ,
1763 3235 37 17 and
1811 3235 41 17 Geo

1488 3254 92 19 Huntbb,
1590 3254 44 21 Esq.

1278 3282 88 20 Manager:
1377 3281 48 17 John
1432 3281 75 18 Smith,'
1511 3280 50 20 Esq.,
1567 3279 37 16 late
1610 3280 20 15 of
1637 3280 32 16 the
1675 3280 119 18 Commercial
1799 3282 52 17 Bank

1435 3301 21 16 of
1463 3300 90 21 England,
1564 3300 121 17 Manchester.
1698 3315 4 5 ,
1798 3308 2 7 >

1378 3325 113 24 Branches
1500 3329 24 19 at
1538 3325 97 28 Sydney,

1538 3351 89 23 Hobart
1634 3352 76 29 Town,

1538 3379 148 28 Launceston,
1698 3379 46 23 and
1776 3391 9 5 -

1538 3405 58 22 Port
1601 3405 80 29 Philip.

1278 3434 44 22 Port
1331 3433 132 28 Nicholson,:
1468 3431 86 24 March
1560 3433 34 26 24,
1605 3433 61 22 1840.

1278 3487 82 31 rpHE
1374 3486 115 22 Directors'
1504 3485 23 22 of
1527 3480 3 11 1
1545 3485 40 21 the
1600 3484 55 23 New
1670 3485 102 23 Zealand
1785 3486 64 23 Land

1278 3507 25 29 X
1342 3513 115 28 Company
1469 3511 85 28 hereby
1569 3511 50 27 give
1634 3512 82 26 notice,
1733 3512 50 22 that
1795 3513 53 28 they

1278 3539 45 23 liave
1330 3546 113 17 effected
1450 3546 31 15 an
1490 3545 172 15 arranoement
1667 3539 55 21 with
1729 3539 37 22 the
1773 3539 74 24 Union

1278 3567 53 21 Bank
1344 3567 27 21 of
1385 3565 120 26 Australia*
1521 3564 45 22 No.
1621 3562 53 24 '01d
1680 3565 166 29 -'Broad-street,

1278 3593 90 26 London,
1376 3593 36 22 for
1420 3592 38 22 the
1470 3591 167 22 establishment
1649 3591 26 22 of
1688 3598 14 15 a
1717 3592 130 24 BRANCH

1278 3619 77 23 SANK
1368 3619 35 22 IN
1416 3617 72 23 NEW
1500 3616 158 29 ZEALAND,
1669 3617 98 29 through
1775 3619 73 24 which

1278 3646 24 22 he
1310 3646 103 22 business
1423 3645 27 22 of
1461 3643 39 23 the
1515 3644 61 24 New.
1588 3643 100 23 Zealand
1700 3644 66 24 Land
1782 3647 66 22 Com-

1278 3680 47 21 rnny
1333 3672 47 23 will
1385 3672 29 22 be
1422 3670 135 24 transacted.
1583 3670 47 22 The
1644 3670 116 24 Directors
1775 3673 73 23 there-

1278 3706 39 15 ore^
1320 3697 145 24 recommend
1472 3701 24 18 to
1512 3697 116 22 Colonists,
1635 3697 39 21 the
1691 3697 76 24 Union
1782 3700 66 23 Bank

1278 3725 15 23 >f
1308 3725 113 23 Australia
1430 3732 5 12 t
1439 3731 24 15 as
1479 3730 38 22 an,
1535 3723 167 23 establishment
1722 3727 126 28 possessing

1278 3751 44 23 heir
1337 3751 71 23 entire
1430 3750 136 27 confidence,
1585 3750 43 22 and
1647 3750 51 24 able
1716 3754 23 20 to
1756 3753 92 26 provide

1278 3778 116 27 iffectually.
1404 3777 36 23 for
1454 3776 37 22 the
1505 3776 105 22 financial
1623 3780 72 20 wants
1711 3779 27 21 of
1747 3779 37 23 the
1799 3780 49 22 first

1278 3805 121 22 ettlement.

1431 3830 34 27 By
1474 3829 66 22 order
1548 3830 27 21 of
1584 3829 38 22 the
1630 3830 81 28 Board,

1507 3862 85 23 JOHN
1604 3863 105 28 WARD,
1724 3865 123 29 Secretary.

1278 3892 44 23 !?ew
1331 3889 102 24 Zealand
1439 3889 65 23 Land
1512 3890 134 27 Company's
1655 3890 78 28 Office,
1745 3899 5 4 -

1292 3925 21 24 1,
1324 3922 158 27 Adam-street,
1493 3921 104 28 Adelphi,
1606 3921 54 24 27th
1668 3922 61 27 Aug.
1747 3924 61 22 1899.*

1992 718 61 22 Sale
2067 719 32 21 of
2109 720 80 22 Stock
2203 728 36 15 on
2251 724 108 28 Friday.

1893 750 151 75 MESSRS
2062 752 144 24 BETHUNE
2220 762 47 16 and
2281 757 129 25 HUNTER
2422 760 46 23 will

1982 778 41 21 sell
2038 778 30 27 by
2077 778 73 24 Public
2164 780 105 29 Auction,
2290 786 22 19 at
2328 785 57 22 their
2399 786 68 22 Stock

2156 806 95 29 Axo,on
2267 809 80 28 Friday
2354 815 119 26 nextytne;

1893 830 51 21 16th
1954 830 125 23 December
2088 835 88 25 current,
2434 839 3 7 s

1917 856 135 23 Remainder
2067 858 28 21 of
2109 858 68 28 cattle,
2197 868 29 15 ex
2241 863 54 21 Jane
2316 864 83 25 Goudie,
2417 865 48 24 81c,

1891 882 72 22 which
1972 883 65 22 could
2044 887 40 19 not
2091 884 26 22 be
2124 888 73 26 gotup
2204 888 21 21 ff
2225 895 37 15 om
2270 886 99 27 the'runs
2377 892 25 22 in
2408 891 57 23 time

1891 910 35 20 for
1934 910 114 22 theirsale
2056 917 29 16 on
2096 911 101 29 Monday,
2208 915 120 29 consisting
2337 917 26 21 of
2369 919 70 21 about
2451 919 5 5 '

1910 937 35 29 J8
1959 936 113 23 well-bred
2089 937 85 25 heifers,
2183 940 45 22 and
2243 949 57 15 cows
2312 936 31 29 In'
2357 945 47 21 calf
2420 944 46 22 and

1890 962 54 22 with
1959 962 73 23 calves
2046 964 30 32 by
2084 964 52 23 their
2149 965 69 27 sides;
2233 966 84 29 having
2329 969 57 24 been
2401 971 37 22 for
2451 978 15 15 a

1891 989 216 23 considerable'time'
2114 998 25 15 m
2152 991 38 23 the
2201 993 90 29 district,
2300 995 53 28 they
2362 1004 38 15 are
2415 1004 50 16 now

1882 1015 116 28 •perfectly
2008 1017 110 29 seasoned,
2127 1018 46 22 and
2181 1019 23 22 in
2212 1020 45 22 fine
2271 1022 118 27 condition,

1917 1043 19 19 2'
1940 1043 47 26 pair
1996 1043 100 27 working
2103 1044 104 29 bullocks,

1916 1069 14 20 6
1940 1069 97 27 superior
2046 1076 69 17 mares
2122 1070 24 23 in
2155 1072 53 28 foal;
2220 1073 45 22 and
2273 1074 87 23 stinted.

2044 1103 60 15 SALE'
2111 1104 26 15 AT
2145 1105 51 16 .ONE
2211 1100 100 23 O'CLOCK.

1919 1147 77 23 About
2009 1150 41 20 200
2064 1149 93 29 wethers,
2173 1152 26 22 in
2216 1152 59 27 good
2289 1154 69 27 order,
2379 1155 32 27 (if
2425 1159 42 19 not

1889 1175 125 26 previously
2020 1175 56 27 sold)
2084 1176 39 22 will
2132 1178 27 21 be
2170 1178 74 23 shewn
2251 1187 28 14 on
2288 1180 38 22 the
2332 1181 43 28 day
2380 1182 28 22 of
2410 1182 53 28 sals,

1889 1201 46 21 and
1943 1201 102 26 disposed
2053 1203 26 20 of
2089 1203 27 27 by
2123 1204 85 27 private
2223 1210 105 24 contract,
2342 1208 26 22 in
2381 1208 44 22 lots
2439 1212 25 19 to

1889 1229 43 19 suit
1940 1227 136 28 purchasers.
2453 1239 20 6 —

1916 1257 185 31 Lambton-quay,
2109 1261 123 23 December
2243 1264 31 26 12,
2285 1264 59 22 1842.

1883 1320 3 8 ,
1916 1303 42 20 Ex
2135 1307 54 20 and
2230 1308 105 27 George

1889 1337 187 49 MANILLA
2090 1339 72 26 coffee,
2283 1352 3 3 ■

1974 1364 44 22 Do.
2046 1365 67 27 cigars
2121 1366 50 22 best
2183 1367 91 29 quality,

1969 1390 56 23 Fine
2037 1394 54 25 teas,
2250 1397 10 17 H

1969 1417 81 27 Sugars
2060 1418 80 23 refined
2149 1420 45 22 and
2203 1427 51 21 raw,
2416 1439 4 5 .
2450 1436 5 8 ,

1969 1443 95 29 Brandy,
2075 1452 51 20 rum,
2137 1446 104 28 whiskey,
2314 1448 7 5 '
2343 1462 6 3 -

1969 1470 60 28 Port,
2039 1471 78 28 sherry,
2127 1472 44 23 and
2188 1474 102 23 Madeira
2302 1476 68 23 wines
2387 1476 28 22 of
2424 1477 39 22 the

1879 1516 8 10 t
1888 1504 54 20 very
1951 1497 50 22 best
2009 1498 89 27 quality.

1882 1532 4 9 *
1918 1538 6 8 .-
1969 1523 75 22 Rhine
2051 1524 63 22 wines
2123 1525 24 22 in
2154 1529 64 23 great
2225 1528 91 28 variety,

1971 1550 65 22 Good
2043 1551 98 22 blankets
2151 1552 45 23 and
2204 1561 59 21 rugs,

1969 1577 38 21 An
2016 1577 84 24 invoice
2108 1578 25 21 of
2143 1578 78 29 lamps',
2244 1584 3 3 '

1969 1603 109 29 Oatmeal,
2088 1604 50 28 pork
2146 1606 91 28 barrels,

1969 1630 75 25 Slates,
2049 1634 98 19 countess
2156 1633 45 21 and
2210 1633 75 29 ladies,

1970 1657 78 27 Sperm
2058 1657 40 22 and
2105 1658 77 23 mould
2189 1660 95 23 candles.

1969 1683 85 28 Butter,
2074 1684 96 23 Colonial
2188 1686 46 23 and
2252 1688 69 22 South
2339 1689 123 23 American

1888 1709 64 28 flour,

1969 1737 61 28 Oats,
2041 1737 95 29 walnuts,
2147 1739 47 28 &c,
2205 1740 48 28 &c,
2263 1741 40 22 &c.

2081 1772 126 28 RIDGWAYS,
2223 1774 103 28 GUYTON,
2337 1783 47 15 AND
2394 1777 41 21 Co.

1888 1814 63 27 Ship
1966 1815 83 21 Hotel
2062 1817 21 20 &
2094 1817 112 26 Tavern,
2223 1819 129 22 Manners
2365 1821 96 25 Street,

2034 1849 42 22 BY
2088 1849 82 23 JOHN
2183 1851 130 28 FULLER,
2343 1866 2 6 ,

1888 1881 79 21 WINES,
1978 1882 94 21 SPIRITS,
2083 1883 43 15 AND
2134 1884 62 15 MALT
2206 1885 96 17 LIQUORS
2311 1886 27 15 OF
2349 1887 115 15 SUPERIOR.

2116 1911 107 16 QUALITY.

1958 1927 151 24 Commodious
2117 1937 74 15 rooms
2200 1932 52 21 with
2260 1932 57 27 good
2325 1932 64 23 beds.

1914 1959 92 21 Dinners
2021 1962 37 23 got
2078 1962 58 25 ready
2156 1969 26 14 on
2201 1964 36 20 the
2248 1965 97 22 shortest,
2356 1965 80 20 notice!

1965 1992 32 16 AN
2008 1994 113 16 ORDINARY
2130 1996 71 15 DAILY
2209 1996 30 16 AT
2247 1992 17 20 2
2278 1991 101 22 O'CLOCK.

1874 2031 19 15 r^
1924 2031 38 17 r--=
1962 2040 45 5 —
2008 2022 92 26 J&iftMrri
2119 2032 30 16 of
2160 2033 46 20 i\fra
2208 2039 19 16 n
2229 2036 95 20 ewatti.

1887 2055 91 49 THE
1989 2069 4 4 •
2000 2054 208 25 PROPRIETORS
2229 2046 97 36 iTIbY
2333 2053 136 33 iErei'Bwt-

1973 2081 89 23 choices
2075 2085 20 19 at
2102 2084 39 21 the
2157 2083 44 23 last
2214 2085 105 24 selection
2328 2088 27 21 of
2368 2093 96 23 country

1886 2108 70 26 lands,
1968 2107 85 27 having
2070 2109 133 24 determined
2216 2118 60 20 upon
2292 2114 37 21 the
2345 2114 43 23 site
2399 2116 37 22 for
2449 2125 15 13 a

1900 2135 93 22 TOWN
2008 2132 48 25 ON-
2065 2135 60 23 THE
2139 2137 187 25 MANEWATU
2338 2141 101 24 RIVER

1886 2162 56 22 after
1946 2163 79 19 several
2032 2163 55 21 visits
2095 2166 22 18 to
2124 2163 39 22 the
2171 2165 183 29 neighbouroood,
2366 2168 47 23 and
2422 2170 38 22 tlie

1886 2191 57 19 most
1961 2189 86 22 careful
2063 2189 41 23 and
2120 2190 84 22 minute
2223 2192 147 25 examination
2386 2196 26 21 of
2424 2197 39 22 the

1888 2219 69 18 entire
1973 2216 90 27 district,
2077 2216 61 22 aided
2154 2217 31 28 by
2193 2217 39 23 the
2246 2219 143 27 professional
2392 2235 7 11 t
2401 2223 59 27 skill,

1886 2241 135 28 knowledge,
2041 2243 40 21 and
2093 2244 131 27 experience
2237 2246 26 21 of
2273 2246 37 23 the
2399 2255 63 16 com-

1888 2272 73 23 petent
1968 2269 87 27 judges,
2071 2276 87 21 propose
2173 2273 23 19 to
2212 2272 53 22 offer
2274 2273 35 22 for
2323 2274 104 28 disposal,
2438 2280 24 19 at

2033 2296 37 22 the
2080 2300 86 23 present
2174 2297 61 28 time,
2246 2299 66 22 about

1886 2321 210 23 TWENTY-FIVE
2131 2323 98 24 ACRES
2272 2326 37 22 IN
2345 2327 116 24 ALLOT-

1887 2348 111 27 MENTS,
2013 2349 80 22 EACH
2114 2349 39 23 OF
2176 2351 64 22 ONE
2260 2352 148 25 QUARTER
2422 2356 39 23 OF

2094 2375 46 23 AN
2154 2377 90 23 ACRE.

1912 2401 46 22 The
1967 2405 48 25 spot
2025 2401 48 23 thus
2079 2402 95 23 selected
2185 2412 109 20 possesses
2302 2405 38 24 the
2348 2411 60 19 most
2422 2416 40 15 ex-

1886 2428 83 22 tensive
1983 2428 96 32 frontage
2091 2431 23 20 to
2131 2430 56 28 deep
2198 2434 67 19 water
2279 2433 26 21 of
2316 2440 44 21 any
2375 2442 29 15 on
2422 2436 38 22 the

1886 2455 63 21 river.
1978 2455 22 21 It
2016 2455 19 21 is
2054 2457 90 21 situated
2157 2457 48 25 just
2217 2460 22 20 at
2254 2458 48 23 that
2319 2461 65 26 point
2401 2462 59 23 from

1947 2481 71 23 which
2028 2489 14 15 a
2051 2482 48 22 road
2109 2480 73 26 would
2190 2484 84 23 branch
2283 2486 33 22 off
2321 2490 23 19 to
2353 2487 39 23 the

1886 2516 93 14 WOODED
2002 2516 46 15 AND
2067 2516 94 16 FERTILE
2178 2518 117 16 DISTRICTS
2315 2521 77 16 ALONG
2415 2522 46 16 THE

2029 2539 3 10 1
2046 2533 58 25 i}ASE
2117 2544 28 14 OF
2159 2544 45 16 THE
2219 2545 73 21 HILLS,

1885 2561 44 22 and
1940 2562 71 22 above
2020 2561 68 23 which
2097 2563 37 21 the
2148 2563 127 28 navigation
2288 2566 35 21 for
2331 2568 83 24 vessel*
2422 2568 40 22 be-

1886 2595 73 15 comes
1969 2589 84 25 tedious,
2063 2589 20 26 if
2087 2591 37 19 not
2131 2590 95 26 difficult.
2253 2591 23 23 It
2282 2592 18 22 is
2307 2593 109 24 therefore
2423 2595 37 22 the

2076 2616 62 27 point
2146 2617 72 22 where
2228 2617 37 22 the

1886 2648 87 22 LAND
1989 2648 66 22 AND
2067 2649 111 23 WATER
2190 2651 162 24 CARRIAGE
2366 2654 94 24 MEET,

1886 2674 43 22 and
1938 2674 73 23 where
2020 2682 14 14 a
2043 2675 63 23 Town
2123 2683 60 16 must
2196 2685 34 15 be.
2239 2685 90 16 formed
2345 2680 66 23 when
2422 2682 38 22 the

1886 2700 85 23 district
1985 2701 19 22 is
2013 2702 81 22 settled.
2123 2702 22 23 It
2154 2711 43 14 was
2207 2704 95 23 selected
2315 2706 33 28 by
2357 2707 39 22 the
2409 2709 52 21 Sur-

1886 2727 80 27 veying
1975 2728 59 22 Staff
2044 2736 22 17 as
2074 2729 36 22 the
2119 2730 135 23 rendezvous
2262 2732 37 22 for
2311 2733 60 22 their
2383 2734 62 29 body
2453 2742 6 20 ;

1886 2754 42 22 and
1938 2754 40 22 has
1987 2754 57 23 been
2053 2763 45 15 now
2110 2756 78 28 found,
2198 2758 56 22 after
2264 2760 86 23 several
2364 2762 97 22 months'

1885 2781 104 27 location,
1999 2784 22 19 to
2034 2782 27 21 be
2068 2782 35 22 the
2112 2786 59 19 most
2184 2784 163 29 advantageous
2355 2787 105 28 position,

1886 2807 57 22 from
1957 2808 29 21 its
1999 2808 92 27 peculiar
2111 2809 85 28 facility
2212 2811 25 22 of
2247 2812 110 27 approach
2368 2814 54 22 both
2430 2814 31 27 by

1885 2834 53 22 land
1947 2834 45 23 and
2001 2839 69 18 water.

1912 2861 29 21 In
1951 2861 147 22 confirmation
2107 2862 69 32 pfjthe
2185 2863 129 28 superiority
2323 2865 27 22 of
2357 2865 44 22 this
2411 2869 50 25 spot

1885 2894 53 15 over
1945 2894 47 20 any
1999 2887 61 23 other
2066 2891 37 24 yet
2110 2885 89 31 kirown,
2211 2889 37 22 the
2257 2890 90 23 Messrs.
2355 2892 103 28 Kebbell,

1885 2914 57 21 after
1958 2914 39 21 the
2015 2914 144 23 examination
2175 2916 31 25 of,
2216 2916 36 22 the
2270 2916 58 23 river
2343 2918 60 23 from
2420 2920 38 22 the

1884 2940 90 22 Paneiri
1983 2941 47 21 Pah
2039 2944 21 19 to
2067 2941 28 22 its
2103 2941 85 28 mouth,
2199 2941 136 25 determined
2348 2951 30 16 on
2388 2950 70 18 erect-

2115 2968 46 27 ing,
2165 2968 58 23 their

1885 3000 66 21 SAW
1964 3000 80 22 MILL
2061 3000 226 25 IMMEDIATELY
2300 3003 159 26 OPPOSITE.

1884 3026 58 27 The.
1948 3026 72 22 works
2037 3025 83 24 oFthat
2137 3028 166 24 establishment
2319 3037 41 15 are
2376 3035 25 18 at
2416 3032 44 23 this

1884 3056 99 19 moment
1999 3052 25 23 in
2038 3053 58 28 rapid
2110 3061 107 20 progress,
2234 3055 43 23 and
2294 3056 37 22 the
2349 3059 110 27 proposed

1883 3079 69 22 Town
1961 3079 45 22 will
2014 3078 128 30 necessarily
2145 3081 92 27 partake
2243 3083 25 21 of
2273 3083 185 30 this'advantage.

1910 3106 49 22 The
1977 3106 87 22 nucleus
2078 3106 25 22 of
2117 3114 15 14 a
2147 3108 71 22 Town
2232 3109 25 26 is,
2266 3109 24 22 in
2303 3110 54 28 fact,
2368 3111 91 29 already

1884 3132 95 26 created,
1988 3132 30 28 by
2027 3132 34 23 the
2070 3134 163 23 concentration
2248 3135 26 22 of
2286 3135 37 24 the
2333 3137 125 28 Surveying

1884 3158 58 23 Staff
1947 3166 30 15 on
1987 3158 47 23 that
2043 3163 49 24 spot,
2103 3167 25 15 as
2136 3160 39 22 the
2183 3165 74 19 centre
2272 3163 31 23 of;
2307 3164 151 22 communica-

1883 3186 46 21 tion
1938 3188 24 19 to
1972 3185 37 22 the
2018 3186 143 28 surrounding
2170 3187 95 29 district;
2281 3189 37 22 the
2328 3191 96 21 erection
2435 3191 26 21 of

1884 3212 89 22 Messrs.
1985 3212 109 23 Kebbell's
2108 3214 49 21 Saw
2173 3214 63 22 Mills
2251 3216 96 27 opposite
2354 3224 7 19 ;
2376 3217 30 26 by
2418 3217 38 22 the

1883 3242 161 24 arrangements
2055 3239 33 22 for
2102 3247 29 14 an
2147 3242 112 22 extensive
2270 3242 96 22 General
2378 3243 63 22 Store
2448 3252 7 19 ;

1883 3265 48 22 and
1935 3265 31 27 by
1972 3265 39 22 the
2019 3265 40 22 late
2068 3266 133 27 application
2206 3268 33 21 for
2246 3275 14 15 a
2265 3268 107 22 Licensed
2377 3269 78 23 House

1882 3299 28 14 on
1918 3291 38 22 the
1964 3294 51 25 part
2023 3292 25 22 of
2056 3299 28 15 an
2092 3293 123 23 individual
2228 3294 50 22 who'
2288 3295 48 27 has,
2346 3295 62 21 since
2417 3296 39 22 the

1881 3318 117 22 formation
2015 3319 26 22 of
2051 3318 37 31 fixe
2103 3320 91 28 Colony,
2197 3323 3 4 1
2209 3320 93 28 pursued
2316 3327 15 15 a
2348 3321 108 23 lucrative

1882 3344 65 26 trade,
1954 3345 53 22 with
2016 3345 34 22 the
2058 3346 91 28 natives,
2161 3346 45 22 and
2215 3344 71 24 whose
2294 3346 133 29 knowledge
2433 3349 27 22 of

1881 3372 37 21 the
1926 3371 132 28 advantages
2067 3372 26 23 of
2098 3372 38 23 the
2145 3372 101 28 position;
2251 3374 115 27 prompted
2375 3374 49 23 him
2432 3379 25 19 at

1881 3405 55 14 once
1945 3402 25 18 to
1978 3398 125 28 prefer.that
2114 3398 138 28 application.
2366 3401 7 20 ',
2433 3400 4 7 '

1904 3424 53 26 The,
1964 3424 89 23 Natives
2064 3425 31 28 by
2103 3426 72 21 whom
2190 3424 44 22 this
2241 3425 54 22 land
2305 3433 45 15 was
2360 3427 96 24 claimed

1869 3462 3 3 -
1880 3457 37 16 are
1927 3452 60 27 quite
1997 3452 103 28 prepared
2107 3455 22 18 to
2136 3450 51 27 give
2194 3453 165 28 uppossession,
2366 3454 45 22 and
2416 3462 39 15 are

1879 3478 146 28 exceedingly
2033 3479 87 21 anxious
2132 3480 22 18 to
2168 3476 57 23 have
2235 3485 13 14 a
2257 3478 118 30 European
2384 3488 71 21 popu-

1877 3504 70 23 lation
1956 3512 81 20 among
2045 3505 61 25 them,
2117 3503 84 27 having
2216 3504 56 22 been
2280 3513 61 20 upon
2349 3506 40 23 the
2396 3511 60 19 most

1878 3530 96 30 friendly
1979 3532 86 28 footing,
2068 3530 53 22 with
2130 3529 36 22 the
2178 3530 124 28 Surveying
2310 3533 59 22 Staff'
2373 3533 82 29 during

1877 3558 37 22 the
1922 3558 51 23 four
1981 3565 25 15 or
2014 3558 39 23 five
2060 3555 89 23 months
2154 3555 56 28 they
2229 3557 57 23 have
2300 3558 57 23 been
2366 3559 89 24 located

1876 3584 70 23 there.
1983 3602 6 4 .
2178 3601 4 2 ■
2232 3591 7 3 ~

1903 3612 34 21 As
1947 3609 174 28 the.Proprietors
2129 3616 93 21 purpose
2230 3613 23 19 to
2263 3610 87 29 dispose
2358 3613 28 22 of
2391 3613 41 23 but
2439 3621 26 15 a~

1876 3638 85 22 limited
1975 3637 81 28 portion
2072 3635 26 22 of
2108 3636 39 21 the
2161 3636 68 22 Town
2244 3640 24 19 at
2283 3642 98 24 present,

1876 3664 78 28 pledge
1964 3661 124 25 themselves
2096 3661 61 28 that,;
2162 3665 24 19 at
2194 3670 29 15 no
2241 3663 71 23 future
2322 3665 64 27 sales,
2397 3666 58 24 shall

1877 3691 38 22 the
1924 3691 121 22 allotments
2052 3689 29 21 be
2089 3689 41 27 put'
2135 3696 30 20 up
2175 3692 23 19 at
2206 3697 14 14 a
2229 3687 45 25 Jess
2282 3697 51 16 sum
2342 3692 58 23 than'
2404 3701 51 15 now

1877 3717 94 23 offered.'
2027 3730 5 4 •
2131 3738 2 4 ,
2165 3723 5 9 l
2230 3720 4 7 '
2305 3724 5 3 *

1903 3746 23 21 A
1943 3743 125 26 Prospectus
2074 3741 132 23 "and-'Plan
2225 3743 26 21 of
2263 3743 38 22 the
2319 3744 70 23 Town
2407 3746 47 23 will

1877 3771 84 26 shortly
1968 3769 29 21 be
2005 3768 63 27 ready
2076 3767 34 23 for
2119 3769 122 26 inspection
2256 3772 22 19 at
2290 3770 37 22 the
2339 3772 83 23 Offices
2430 3774 27 21 of

1877 3795 89 25 Messrs.
1976 3794 65 23 Waitt
2048 3793 46 23 and
2188 3795 30 22 Te
2226 3795 55 23 kro.

1903 3822 140 27 Wellington,
2051 3821 65 25 April
2124 3823 35 25 22,
2170 3823 59 20 1842.

1926 3866 89 23 LANK
2035 3864 136 23 PRINTED
2194 3864 210 33 INDENTURES,
2425 3878 28 15 on

1953 3899 68 22 paper
2036 3892 42 23 and
2100 3892 138 27 parchment,
2257 3893 41 23 for'
2307 3894 47 24 sale
2372 3900 25 18 at
2419 3897 37 23 the

1867 3918 2 27 |
2023 3919 73 23 Office.
