3510 4530
2528 2931 134 26 DEATH.

2361 2980 117 24 Mann—
2480 2981 60 25 Feb.
2561 2983 68 25 10th,
2642 2987 26 21 at
2685 2983 65 26 East
2766 2984 101 31 Oxford,

2334 3013 91 25 Eunice
2436 3014 100 30 Phillis,
2555 3015 44 25 the
2610 3020 123 28 youngest
2746 3017 123 33 daughter

2334 3046 21 24 of
2368 3046 39 24 Mr
2418 3067 3 3 .
2429 3048 50 22 and
2502 3047 52 25 Mrs
2573 3049 71 24 John
2664 3049 87 30 Mann,
2768 3051 28 24 in
2822 3051 46 24 her

2334 3078 125 25 twentieth
2481 3086 66 24 year.

2324 3199 82 80 The
2433 3199 165 80 Oxford
2625 3199 247 80 Observer.

2410 3287 194 20 PUBLISHED
2622 3279 162 34 WEEKLY.

2328 3359 164 23 SATURDAY
2537 3361 167 22 FEBRUARY
2741 3364 57 20 13th
2815 3363 54 23 1897

2373 3467 71 24 THE
2463 3467 176 26 WEATHER
2657 3469 75 24 AND
2750 3469 71 24 THE

2540 3521 117 25 CROPS.

2361 3593 47 25 We
2419 3594 64 25 have
2490 3594 50 24 had
2561 3602 69 18 3ome
2642 3595 133 31 delightful
2787 3595 79 25 show-

2328 3644 40 17 ers
2380 3637 91 32 during
2481 3638 44 24 the
2545 3639 77 29 week,
2652 3638 51 24 and
2714 3646 46 17 our
2770 3639 96 30 pastur-

2328 3688 46 23 age
2399 3680 83 26 which
2504 3681 52 25 had
2579 3681 62 25 born
2654 3681 62 25 such
2739 3689 15 17 a
2780 3681 87 26 brown

2328 3724 167 25 monotonous
2507 3732 153 24 appearance
2678 3724 22 25 is
2711 3732 57 17 now
2791 3732 75 24 green

2328 3766 83 31 again,
2435 3766 50 25 and
2495 3766 47 25 fair
2554 3770 107 21 autumn
2685 3767 53 24 feed
2755 3775 60 23 may
2834 3767 32 24 be

2328 3809 153 31 confidently
2507 3810 126 30 expected.
2689 3810 109 31 Turnips
2826 3817 40 17 are

2328 3858 52 18 now
2393 3860 32 16 an
2444 3851 100 25 assured
2567 3859 66 24 crop,
2651 3851 49 25 and
2722 3851 51 26 late
2795 3858 71 25 crops

2328 3895 26 24 of
2364 3896 112 30 potatoes
2487 3895 84 25 where
2589 3903 64 17 none
2673 3903 64 18 were
2749 3895 118 32 expected

2329 3945 41 17 on*
2373 3939 105 24 account
2497 3937 28 25 of
2542 3938 42 24 the
2604 3938 109 31 draught
2737 3938 53 25 will
2812 3946 54 17 now

2329 3980 66 32 yield
2424 3988 67 17 some
2518 3982 93 23 return.
2657 3980 35 26 Of
2714 3989 87 17 course
2822 3981 45 25 the

2330 4023 75 25 break
2416 4024 28 23 in
2456 4024 107 24 weather
2573 4024 23 24 is
2606 4023 100 25 'looked
2728 4031 68 24 upon
2808 4025 59 24 with

2329 4066 82 24 mixed
2420 4065 112 32 feelings,
2550 4066 133 32 according
2694 4066 45 25 the
2749 4066 118 25 interests

2330 4107 113 25 affected.
2500 4108 84 25 Those
2606 4109 58 25 who
2686 4109 63 26 have
2768 4109 100 26 secured

2330 4151 67 25 their
2424 4151 73 31 grain
2525 4159 42 18 are
2575 4177 4 2 .
2589 4151 113 33 jubilant
2721 4160 34 18 on
2783 4153 86 33 seeing

2331 4193 67 25 their
2408 4202 98 24 grasses
2526 4195 86 32 spring
2629 4195 66 26 from
2713 4196 42 25 the
2774 4198 56 24 root
2841 4205 28 17 as

2331 4236 58 26 well
2413 4245 29 17 as
2464 4246 15 15 a
2502 4238 66 31 good
2592 4241 75 23 sweet
2690 4238 52 26 bite
2767 4247 34 17 on
2824 4239 46 26 the

2332 4279 119 30 stubbles,
2463 4279 50 25 and
2523 4286 78 26 many
2606 4281 58 24 who
2673 4281 198 32 contempelated

2333 4321 91 33 selling
2435 4323 71 24 stock
2530 4324 38 24 at'
2583 4332 16 16 a
2620 4323 110 26 sacrifice
2739 4324 54 26 will
2814 4333 57 18 now

2332 4363 70 33 hang
2424 4373 31 16 on
2479 4365 39 26 for
2530 4387 3 7 ,
2539 4373 17 17 a
2577 4370 184 22 remunerative
2782 4367 88 33 figure.

2333 4406 84 26 Prices
2436 4408 64 26 have
2522 4407 101 35 already
2642 4409 73 26 made
2726 4417 16 19 a
2751 4410 81 33 Jump
2843 4419 28 19 as

2332 4449 127 28 indicated
2480 4452 34 33 by
2535 4451 44 28 the
2602 4453 103 33 spirited
2720 4454 105 33 bidding
2844 4457 27 25 at

2925 198 48 16 our
2991 190 67 26 iocal
3071 192 132 32 Saleyards
3215 202 30 16 oa
3262 195 21 24 T
3290 194 107 33 hursday
3408 195 50 26 lasfc

2924 233 40 24 On
2981 234 41 24 the
3045 234 73 25 other
3135 235 67 25 hand
3225 237 72 24 those
3323 237 55 25 who
3396 239 63 24 have

2923 283 59 18 corn
3001 280 42 28 yet
3063 277 82 30 afield,
3164 287 42 16 are
3230 282 45 23 not
3295 288 26 16 so
3350 281 116 26 satisfied

2921 318 60 26 with
2992 319 44 26 the
3055 321 95 32 change
3159 322 226 33 notwithstanding

2921 362 62 25 have
3011 371 70 17 some
3110 366 186 30 compensation
3324 367 38 24 for
3390 368 66 25 their

2917 406 120 29 probable
3048 407 59 30 loss,
3128 408 31 31 by
3179 408 43 26 the
3234 409 69 32 rapid
3323 411 95 30 growth
3430 413 27 23 ot

2919 448 54 24 feed
2986 449 79 25 stuffs.

2952 491 45 26 We
3009 500 42 17 are
3074 501 69 24 sorry
3155 495 26 24 to
3193 502 44 24 say
3257 495 56 26 that
3324 496 70 25 there
3411 505 42 17 are

2916 543 15 16 a
2941 536 63 30 good
3016 545 76 23 many
3103 538 85 24 stooks
3200 538 27 24 of
3236 538 61 26 both
3309 540 81 24 wheat
3402 541 50 24 and

2916 580 53 22 oats
2987 579 51 25 still
3063 580 27 24 in
3119 580 42 25 the
3184 581 66 29 field,
3286 583 49 25 and
3364 583 86 25 should

2914 621 117 33 dripping
3067 632 94 24 muggy
3189 625 108 24 weather
3324 627 124 30 continue,

2915 666 67 23 there
3001 666 22 24 is
3044 675 57 16 sure
3126 670 26 22 to
3166 668 28 25 be
3218 677 68 17 some
3297 670 85 30 losses,
3401 670 49 25 and

2914 709 79 24 under
3004 710 43 24 the
3060 712 63 23 most
3134 711 140 25 favourable
3286 713 162 25 circumstan-

2914 759 40 16 ces
2965 751 71 25 there
3047 752 23 24 is
3081 752 84 25 bound
3176 757 26 21 to
3210 754 29 24 be
3251 762 68 17 some
3330 755 117 26 deterioa-

2914 795 69 23 ation
2992 794 26 24 in
3030 795 103 32 quality.

2947 837 115 32 Looking
3073 840 27 23 at
3111 839 42 24 the
3174 840 71 25 effect
3257 841 27 24 of
3294 841 41 25 the
3354 842 94 31 change

2913 887 33 17 on
2959 880 41 24 the
3025 881 108 33 farming
3143 882 105 27 interest
3270 884 27 25 in
3308 893 15 16 a
3348 887 101 30 general

2914 930 61 22 way,
2993 924 21 23 it
3025 924 21 24 is
3058 924 125 33 decidedly
3194 926 123 33 cheering,
3337 929 111 25 notwith-

2914 966 118 31 standing
3040 966 70 25 there
3121 971 69 22 must
3197 969 135 35 inevitably
3340 972 28 24 be
3380 980 68 17 some

2914 1008 135 26 individual
3061 1011 86 25 losses.

2959 1168 71 26 THE
3049 1159 173 38 TAXATION
3249 1173 46 25 ON
3310 1175 94 25 LAND

3108 1226 143 26 VALUES.

2996 1296 62 17 SOME
3070 1299 124 17 PROBABLE
3218 1301 145 18 OPPONENTS.

2945 1331 54 26 The
3011 1341 58 18 man
3082 1335 54 25 who
3145 1335 57 26 does
3213 1338 46 24 not
3270 1337 82 25 think.

2944 1372 53 25 The
3021 1375 106 24 well-fed
3147 1383 61 18 man
3232 1377 57 25 who
3306 1377 86 26 thinks
3412 1378 34 25 all

2910 1411 84 26 others
3010 1421 41 16 are
3074 1414 76 25 about
3166 1423 26 16 as
3216 1416 159 26 comfortable
3404 1425 28 18 as

2909 1452 114 30 possible.

2942 1491 53 26 The
3018 1500 61 18 man
3101 1494 56 25 who
3180 1495 106 26 believes
3306 1497 28 24 in
3356 1497 87 32 taxing

2908 1531 114 33 industry
3032 1533 49 24 and
3092 1533 43 25 the
3147 1535 116 31 earnings
3275 1535 27 26 of
3319 1536 122 32 industry.

2941 1571 53 25 The
3013 1580 59 17 man
3093 1573 56 25 who
3161 1573 116 26 tolerates
3300 1576 42 24 the
3365 1577 79 24 slums

2907 1608 104 25 because
3022 1610 33 24 he
3065 1610 22 24 is
3100 1611 40 24 too
3156 1611 62 32 busy
3230 1613 25 23 to
3267 1611 58 26 look
3335 1613 55 24 into
3402 1615 42 23 the

2906 1646 123 30 question.

2939 1683 53 25 The
3003 1691 59 18 man
3081 1685 57 24 who
3147 1686 80 25 slaves
3248 1686 35 25 all
3295 1687 47 32 day
3353 1688 28 25 in
3401 1688 42 26 his
3457 1696 3 10 1

2906 1722 70 32 shop,
2994 1731 62 25 pays
3065 1724 41 25 his
3114 1726 57 25 rent
3182 1726 52 25 and
3244 1728 70 24 taxes
3331 1728 113 31 regular-

2905 1763 33 31 ly,
2955 1763 51 25 and
3018 1764 92 25 thanks
3122 1766 46 31 god
3184 1766 122 33 inwardly
3324 1767 52 25 and
3386 1770 55 24 out-

2905 1804 92 31 wardly
3009 1804 56 25 that
3074 1805 31 24 he
3116 1805 22 24 is
3149 1807 46 23 not
3208 1813 28 18 as
3246 1806 73 25 other
3330 1815 67 23 men.

2938 1842 54 25 The
3002 1851 61 17 man
3074 1843 57 26 who
3153 1844 105 26 believes
3272 1846 42 25 the
3334 1846 107 33 working

2904 1880 90 25 classes
3016 1881 89 25 should
3116 1890 47 25 pay
3185 1883 64 26 their
3368 1883 73 29 share

2903 1921 28 25 of
2940 1923 120 24 taxation.

2937 1959 54 25 The
3008 1968 58 17 man
3091 1960 55 26 who
3168 1961 106 26 believes
3295 1962 55 26 that
3369 1963 70 25 land-

2903 2004 96 18 owners
3022 1998 89 24 should
3133 1998 30 26 be
3186 2001 100 31 exempt
3308 2000 65 26 from
3390 2008 49 26 any

2903 2035 73 25 share
2989 2036 27 25 of
3024 2038 121 24 taxation.

2937 2075 51 25 The
3000 2076 58 24 land
3070 2077 146 30 speculator.

2936 2114 54 26 The
3001 2123 61 17 man
3073 2116 56 26 who
3145 2117 103 27 defends
3259 2118 47 26 the.
3322 2127 78 24 power
3411 2119 28 26 of

2902 2152 41 25 the
2953 2152 62 26 land
3037 2154 139 30 speculator
3192 2157 26 23 to
3233 2155 62 33 keep
3316 2157 120 25 desirable

2901 2191 115 33 building
3026 2192 59 26 land
3093 2193 57 26 idle.

2934 2231 53 25 The
3005 2239 60 19 man
3087 2232 56 27 who
3160 2233 106 28 believes
3286 2236 29 25 in
3333 2236 113 33 making,

2899 2269 84 32 public
2992 2271 193 31 improvements
3208 2276 26 22 at
3256 2274 44 25 the
3310 2272 124 35 Ratepay^

2900 2314 39 18 ers
2940 2307 8 14 1
2961 2315 115 25 expense.

2933 2347 53 25 The
2997 2356 59 17 man
3065 2349 56 25 who
3132 2349 106 27 believes
3249 2351 27 24 in
3286 2359 34 18 no
3328 2352 103 32 policies,

2898 2387 51 29 i.e-,
2966 2395 35 17 no
3011 2388 92 25 radical
3125 2389 107 32 politics,
3251 2393 27 22 at
3297 2391 43 25 the
3357 2392 77 25 Town

2899 2426 111 26 Council.

2931 2465 54 27 The
2996 2475 61 18 man
3066 2469 52 25 who
3224 2471 45 24 not
3281 2471 151 26 understand

2898 2506 42 24 the
2951 2507 125 30 question.

2931 2544 52 24 The
3002 2552 61 16 man
3082 2545 56 25 who
3164 2546 56 24 does
3240 2548 44 23 not
3307 2547 57 25 take
3388 2547 42 25 the

2896 2583 87 26 widow
2992 2584 49 24 and
3055 2584 42 26 the
3109 2585 95 32 orphan
3213 2586 79 26 under
3303 2587 40 25 his
3354 2587 74 32 wing.

2931 2624 53 24 The
2995 2632 60 17 man
3068 2626 54 24 who
3133 2626 87 25 thinks
3230 2627 44 24 the
3284 2627 62 25 land
3357 2636 71 23 ques-

2896 2664 55 24 tion
2959 2671 33 17 an
3003 2664 162 31 agricultural
3176 2674 54 16 one.

2928 2702 56 25 The
3012 2709 60 18 man
3095 2702 56 26 who
3178 2704 22 24 is
3219 2704 103 31 waiting
3349 2704 54 24 for-
3415 2713 46 19 a__

3119 2743 26 22 to
3156 2740 73 32 apply
3248 2741 43 25 the
3303 2741 126 32 principle.

2931 2777 53 26 The
3000 2786 58 17 man
3080 2779 56 24 who
3157 2779 64 24 fears
3243 2779 57 24 that
3322 2779 44 25 the
3389 2781 43 23 tax

2897 2815 130 26 collectors
3055 2816 81 25 would
3157 2817 29 25 be
3208 2816 99 26 thrown
3330 2819 45 23 out
3408 2817 26 25 of

2897 2854 165 31 employment
3073 2854 22 24 if
3104 2854 43 25 the
3160 2854 78 31 single
3259 2855 44 24 tax
3314 2862 62 18 were
3387 2856 46 30 put

2896 2894 28 24 in
2935 2893 77 25 force.

2931 2931 54 25 The
2995 2939 59 17 man
3073 2932 54 24 who
3149 2932 99 24 does'nt
3259 2939 41 17 see
3324 2932 54 24 that
3389 2932 42 24 the

2896 2968 61 25 land
2975 2970 134 31 monopoly
3131 2970 31 24 is.
3166 2969 43 25 the
3220 2969 78 26 direct
3316 2978 73 16 cause
3408 2970 26 26 of

2896 3009 157 32 involuntary
3069 3010 115 26 idleness.

2930 3049 56 24 The
3009 3058 60 16 man
3097 3050 57 24 who
3183 3050 115 24 "doesn't
3326 3058 39 16 sea
3389 3050 42 24 the

2896 3085 150 33 philosophy
3058 3087 26 24 of
3093 3087 42 24 the

3098 3257 123 26 NOTES.

2930 3334 91 25 Metals
3039 3342 75 23 many
3133 3334 74 25 times
3226 3341 69 18 more
3317 3334 114 25 valuable

2897 3377 61 24 than
2970 3377 59 31 gold
3054 3386 41 16 are
3121 3379 26 24 to
3170 3377 29 26 be
3218 3377 78 25 found
3323 3377 28 24 in
3369 3377 61 25 New

2897 3420 111 25 Zealand
3018 3420 54 25 soil.
3106 3420 60 25 This
3189 3419 50 26 fact
3259 3428 48 17 was
3327 3419 104 33 forcibly

2895 3463 136 31 impressed
3051 3471 66 23 upon
3129 3463 42 24 the
3183 3462 70 25 mind
3264 3464 26 23 at
3312 3471 16 16 a
3347 3464 84 23 recent

2896 3505 110 30 meeting
3017 3505 27 24 of
3053 3505 42 24 the
3104 3504 186 31 Philosophical
3302 3505 127 29 Institute,

2895 3548 72 25 when
2989 3547 40 26 Sir
3051 3547 86 25 James
3156 3547 94 25 Hector
3272 3547 126 25 exhibited
3417 3557 14 17 a

2895 3591 123 31 specimen
3030 3591 27 24 of
3066 3591 42 24 the
3118 3598 59 23 very
3187 3598 56 17 rare
3251 3591 77 24 metal
3337 3592 92 24 osmin-

2895 3633 151 28 umiridium,
3065 3633 78 24 found
3154 3635 26 22 at
3202 3633 65 24 Para
3286 3634 72 28 Para,
3371 3634 55 25 Coi-

2894 3676 131 33 lingwood.
3070 3676 41 26 Sir
3122 3675 86 26 James
3225 3676 82 26 stated
3318 3677 56 26 that
3385 3678 44 26 the

2895 3727 151 24 appearance
3058 3719 27 25 of
3094 3718 51 26 this
3162 3720 77 24 metal
3250 3720 91 32 always
3363 3721 65 25 indi-

2895 3762 71 25 cated
2988 3763 103 31 country
3111 3762 27 25 of
3157 3772 15 16 a
3194 3763 63 32 high
3275 3763 154 33 metallurgic

2895 3806 78 23 value.
3025 3805 218 25 Osmiumiridium
3269 3814 50 17 was
3347 3807 80 25 worth

2895 3847 75 24 about
2991 3847 71 25 three
3080 3848 74 25 times
3174 3849 44 24 the
3229 3849 72 25 value
3312 3849 28 25 of
3360 3849 67 32 gold,

2895 3890 49 25 and
2955 3890 106 26 another
3079 3892 85 31 metal,
3182 3892 167 33 palladium—
3350 3894 79 24 traces

2895 3933 27 24 of
2928 3933 82 25 which
3021 3942 63 17 were
3096 3936 27 24 to
3141 3935 32 25 be
3192 3943 58 17 sesn
3260 3936 26 24 in
3298 3936 44 26 the
3354 3937 76 31 speci-

2894 3984 58 17 men
2961 3976 127 27 exhibited
3088 3992 34 5 —
3122 3986 51 18 was
3189 3979 82 25 worth
3284 3987 59 25 very
3354 3980 77 25 much

2895 4027 76 18 more.
3005 4021 55 24 The
3072 4021 57 31 only
3152 4018 85 29 article
3248 4023 90 25 known
3349 4023 83 25 which

2895 4071 47 16 was
2953 4063 74 25 made
3039 4063 27 24 of
3086 4064 51 25 this
3155 4065 77 25 metal
3251 4073 51 17 was
3322 4074 15 15 a
3359 4066 73 24 small

2896 4105 84 32 goblet
2990 4106 26 24 in
3028 4106 44 26 the
3083 4107 71 26 Paris
3177 4108 74 26 Mint.
3297 4108 54 26 The
3361 4108 70 26 bear-

2897 4149 55 32 ings
2963 4149 29 26 of
2999 4150 45 26 the
3066 4151 119 26 standard
3206 4151 118 26 balances
3340 4151 27 25 in
3389 4151 43 26 the

2899 4193 80 26 Mints
2980 4195 5 12 1
2990 4195 27 24 at
3033 4193 73 27 Paris
3128 4195 51 26 and
3189 4195 107 26 London
3307 4203 63 18 were
3380 4195 53 25 also

2898 4236 118 27 inade'^of
3026 4237 51 26 this
3085 4247 6 4 -
3103 4246 53 18 rare
3167 4240 79 24 metal
3255 4245 5 9 l
3265 4240 26 24 at
3302 4245 133 19 enormous

2898 4281 63 24 cost:
3006 4280 228 27 Osmium-indium
3255 4289 52 19 was
3318 4282 61 24 used
3398 4281 38 25 for

2899 4323 44 25 the
2950 4323 65 26 hard
3024 4324 51 33 tips
3086 4332 68 25 upon
3164 4325 58 32 gold
3232 4325 65 29 nibs,
3309 4325 40 25 &c.
3367 4324 69 26 Both

2983 4367 93 26 metals
3086 4376 65 17 were
3161 4368 90 29 .found
3262 4369 27 24 at
3311 4368 126 31 Parapara

2900 4410 88 27 mixed,
2994 4410 63 27 .with
3067 4411 44 26 the
3128 4411 59 33 gold
3201 4410 130 28 recovered
3349 4410 33 33 by
3393 4410 45 26 the

2903 4461 122 29 company
3044 4456 28 27 in
3091 4457 58 27 that
3168 4456 135 33 locality-.
3309 4456 52 28 But
3371 4454 67 27 what

1199 54 170 33 OXFORD
1429 55 230 33 OBSERVER
1703 56 241 37 SATURDAY,
1987 57 233 31 FEBRUARY
2264 58 50 35 13,
2358 57 80 33 1897

2373 195 236 59 THOMAS
2665 196 213 59 BROWN

2516 288 216 29 BOOTMAKER
2784 283 7 3 ~

2458 351 121 26 WEST
2629 351 163 26 AXPORD,

2352 458 107 57 BEGS
2478 462 25 23 to
2520 461 92 25 inform
2633 462 43 25 the
2692 462 152 27 inhabitants
2865 464 27 25 of

2410 492 42 25 the
2464 493 95 25 district
2572 494 55 25 that
2638 495 32 25 he
2682 495 48 25 has
2742 496 75 25 taken
2832 504 58 18 over

2352 524 43 25 the
2407 524 110 27 business
2526 528 160 32 successfully
2702 529 93 25 carried
2807 537 33 18 on
2856 530 32 32 by

2350 556 40 25 his
2399 565 46 17 son
2455 558 38 24 for
2505 560 31 23 10
2548 568 79 23 years,
2638 562 50 23 and
2700 562 86 30 hopes,
2804 562 34 31 by
2847 564 40 24 the

2351 589 104 32 sending
2465 593 43 23 out
2519 592 28 24 of
2556 593 62 30 good
2638 593 75 29 work,
2733 596 27 23 to
2777 597 75 23 merit
2872 603 15 17 a

2349 622 74 25 share
2434 623 28 24 of
2470 624 83 30 public
2563 628 110 29 support.

2391 664 112 40 Owing
2516 668 33 28 to
2565 676 39 20 an
2619 677 106 20 excess
2741 669 31 28 of
2786 669 98 35 stock,

2348 714 91 29 many
2453 705 77 29 lines
2546 706 64 30 will
2626 708 35 29 be
2676 709 68 28 sold
2759 709 126 38 regard-

2347 751 61 23 less
2424 745 33 29 of
2475 746 104 38 profit.

2382 790 108 26 BOOTS
2519 793 70 24 AND
2620 794 112 25 SHOES
2760 796 73 24 made
2861 798 24 23 to

2347 823 72 24 Older
2431 825 26 22 at
2468 825 145 25 reasonable
2629 827 89 30 prices.

2382 863 102 32 Repairs
2501 866 123 30 promptly
2636 866 49 24 and
2702 868 84 31 neatly
2798 876 87 17 execu-

2347 896 51 24 ted.

2474 1017 34 30 T.
2533 1017 211 33 PICKAKD.

2423 1071 76 21 BOOT
2512 1071 64 21 AND
2596 1074 71 22 SHOT
2667 1075 6 8 1
2669 1086 5 8 .
2691 1075 115 25 MAKER,

2492 1115 77 22 EAST
2610 1117 120 22 OXFORD

2340 1151 108 57 BEGS
2462 1155 24 22 to
2500 1158 86 21 return
2609 1157 41 24 his
2674 1158 98 26 sincere
2796 1160 91 25 thanks

2395 1188 27 21 to
2444 1186 44 24 the
2508 1188 156 26 inhabitants
2681 1191 27 24 of
2741 1192 144 25 OXFOBD

2340 1217 49 23 and
2401 1217 162 27 DISTRICT
2583 1222 67 24 since
2662 1223 30 24 he
2704 1226 104 27 started,
2834 1226 52 24 and

2340 1249 59 30 beg=s
2419 1252 26 22 to
2465 1251 93 25 inform
2571 1253 71 25 them
2663 1255 33 24 he
2707 1256 47 24 has
2767 1258 118 24 removed

2340 1282 26 22 to
2378 1289 68 17 more
2456 1285 168 25 commodious
2636 1289 122 28 premises
2771 1291 114 29 opposite

2340 1313 42 25 the
2396 1314 69 26 W.M
2476 1316 37 29 C,
2538 1318 49 25 and
2606 1318 79 31 hopes
2705 1320 32 32 by
2751 1322 72 25 strict
2844 1324 39 25 at-

2340 1347 96 25 tention
2455 1351 26 23 to
2507 1350 113 27 bnsiness
2646 1355 25 22 to
2695 1357 66 22 meet
2786 1355 62 24 with
2869 1365 13 14 a

2339 1380 165 27 continuance
2516 1384 26 24 of
2554 1384 66 25 their
2629 1389 113 29 support.

2372 1424 78 26 Boots
2474 1426 77 26 Hand
2563 1429 110 25 stitched
2693 1438 28 18 or
2737 1433 97 31 pegged
2853 1435 28 23 to

2338 1457 79 25 order.
2453 1459 105 32 Repairs
2578 1463 86 31 neatly
2684 1464 49 24 and
2746 1466 132 31 promptly

2338 1491 113 29 xecuted,

2450 1538 34 31 T.
2506 1539 198 35 PICKARD.

2572 1593 63 26 East
2653 1595 102 26 Oxford.

2356 1724 499 51 DRESSMAKING.

2438 1814 101 33 MISS
2562 1793 212 57 k^NEDY

2375 1874 80 32 Late
2475 1875 83 31 from
2572 1877 55 31 the
2638 1878 103 32 D.I.C.
2791 1880 83 32 Wel-

2333 1916 132 40 lington.

2375 1957 82 40 Begs
2490 1963 35 27 to
2552 1961 117 31 inform
2700 1961 57 31 her
2786 1962 89 42 Lady

2332 1999 118 31 friends
2465 2000 70 31 that
2550 2002 55 30 she
2631 2003 28 30 is
2674 2003 150 39 prepared
2842 2007 34 27 to

2333 2039 91 31 make
2464 2041 120 32 dresses
2612 2044 34 28 in
2681 2044 195 30 fashionable

2332 2081 62 29 and
2410 2080 92 32 latest
2517 2082 107 40 styles,
2648 2087 33 26 at
2695 2085 180 30 reasonable

2332 2121 140 41 charges.

2374 2169 62 31 She
2464 2169 57 31 has
2542 2173 155 38 arranged
2721 2171 49 31 for
2797 2182 77 31 pre-

2332 2214 71 26 sent
2436 2211 172 31 workroom
2638 2215 77 27 next
2742 2216 35 27 to
2806 2213 65 31 Mrs

2331 2251 149 40 Lough's,
2512 2252 130 30 Oxford.

2403 2379 205 32 FUNERAL
2630 2381 166 33 NOTICE.

2364 2460 54 25 The
2429 2460 94 26 friends
2540 2461 26 26 of
2586 2462 41 25 Mr
2649 2463 51 24 and
2725 2463 54 26 Mrs
2802 2464 67 25 John

2330 2492 80 26 Mann
2429 2501 42 18 are
2488 2495 160 32 respectfully
2670 2496 124 26 informed
2812 2498 57 24 that

2330 2526 43 24 the
2401 2526 97 26 funeral
2525 2528 28 24 of
2580 2527 67 25 their
2673 2529 50 25 late
2746 2529 124 32 daughter

2330 2558 95 25 Eunice
2444 2559 88 25 Phillis
2560 2559 52 26 will
2633 2560 69 26 leave
2722 2561 67 26 their
2808 2562 59 25 resi-

2330 2590 76 26 dence
2424 2591 66 26 East
2508 2591 100 32 Oxford,
2627 2593 52 25 this
2699 2594 49 32 day
2770 2595 97 33 (Satur-

2330 2624 57 32 day)
2399 2625 27 24 at
2438 2626 14 23 1
2464 2633 66 23 p.m..
2546 2625 38 25 for
2601 2626 44 25 the
2666 2627 95 25 Oxford
2781 2628 86 26 Ceme-

2330 2658 60 30 tery.

2503 2728 30 26 A.
2551 2728 149 32 BLUETT,

2665 2811 17 9 **
2701 2809 166 26 Undertaker.

1791 184 235 49 PRINTS!
2063 187 261 47 PRINTS!!

1792 248 18 40 1
1819 247 25 41 4
1855 248 68 40 flfl
1947 248 93 39 yards
2055 248 33 30 of
2111 249 53 30 the
2187 249 137 31 Season's

1792 276 58 49 I*l
1855 276 68 49 UU
1954 288 64 30 fast
2048 289 104 30 colour
2176 288 148 32 PRINTS

1790 328 49 30 3d.
1856 337 56 30 per
1920 329 89 39 yard,
2021 329 101 30 worth
2139 330 49 29 6d.
2205 328 119 33 Double

1788 368 98 30 width
1942 369 155 40 Fabrique
2159 370 164 31 Franchise

1787 408 94 30 Dress
1906 408 160 32 Materials
2095 411 134 29 reduced
2243 412 80 29 from

1788 448 43 30 Is.
1843 449 49 30 6d.
1904 453 32 27 to
1948 450 43 30 Is.
2003 461 57 29 per
2071 451 89 38 yard,
2184 450 139 32 Suitable

1786 498 36 20 or
1832 489 65 31 this
1920 500 112 21 season
2056 492 35 29 of
2105 492 53 30 the
2174 501 84 26 year.

1923 546 127 22 DOUBLE
2072 548 112 21 WIDTH

1797 587 197 47 DRESS
2049 591 256 44 TWEEDS

1790 683 51 8 .......
1874 683 11 6 ..
1961 660 80 39 (half
2055 661 113 39 price)..
2185 682 23 12 ■:..
2248 684 4 3 -
2272 683 6 3 -

1795 705 119 30 Melton
1933 707 111 30 Tweed
2061 708 51 30 6d.
2130 709 102 29 worth
2248 710 38 28 10
2288 709 19 40 J

1780 750 117 33 Melton
1914 753 113 32 Tweed
2043 756 44 30 Is.
2103 756 101 30 worth
2220 757 44 30 Is.
2279 758 39 28 6d

1792 803 102 30 better
1918 805 91 30 velue
2034 805 76 31 than
2135 807 170 39 travelling

1855 858 127 39 drapers
1996 859 65 31 will
2076 860 71 39 give
2161 871 70 29 you.

1881 977 82 32 New
1984 979 79 31 This
2085 979 125 32 Season

1777 1025 34 30 5s
1835 1026 41 29 6d
1917 1026 147 31 Keduced
2079 1027 80 31 from
2217 1030 54 29 12s
2293 1030 19 30 6

1777 1086 38 29 15
1839 1087 40 28 6d
2004 1111 18 13 „
2107 1112 18 15 „
2217 1091 54 28 20s
2293 1092 19 28 0

1791 1184 238 28 MANCHESTER
2046 1188 248 26 DEPARTMENT.

1773 1228 116 37 Prints,
1911 1231 114 30 checks
2040 1233 62 29 and
2124 1234 114 38 stripes

1774 1280 97 31 Table
1893 1282 161 37 Damasks,
2078 1285 192 30 unbleached
2270 1303 36 4 —

1855 1332 116 40 special
1992 1335 93 30 value
2101 1334 83 33 from
2202 1337 44 40 1/-

1772 1391 116 32 Brown
1924 1393 138 31 Holland
2098 1407 78 30 very
2212 1399 99 41 cheap

1771 1442 193 33 Flannelette
1980 1445 61 30 and
2057 1445 151 44 Shirting,
2227 1452 82 38 good

1853 1495 91 30 value
1964 1496 80 31 from
2067 1499 51 29 4d.

1771 1543 94 31 Floor
1886 1545 92 31 Cloth
1999 1549 82 38 good
2103 1553 33 26 at
2159 1551 49 32 9d.

1770 1594 89 32 Wide
1880 1597 113 30 Forfar
2013 1602 34 26 at
2070 1601 49 30 6d.

2025 1656 58 19 ♦—

1810 1682 118 33 BOY'S
1959 1685 306 37 DEPARTMENT.

1770 1741 205 417 tT
1989 1789 57 19 now
2055 1784 117 26 continue
2183 1788 25 22 to
2220 1787 87 25 devote

1951 1810 22 29 X
2010 1815 99 31 Special
2126 1818 132 26 Attention
2280 1823 27 22 to

1948 1847 52 25 this
2015 1847 172 34 Department,
2199 1852 51 24 and
2266 1860 40 18 am

1994 1907 73 24 NOW
2095 1909 156 25 OFFEKING

2032 1981 104 21 LARGE
2149 1983 76 22 LINE

2002 2054 142 21 KNICKEB
2164 2056 86 21 SUITS

1948 2089 27 21 at
1987 2088 42 22 the
2047 2087 119 28 following
2178 2089 127 21 SPECIAL

1947 2124 109 22 PRICES
2065 2134 35 12 :—

1823 2166 34 22 To
1865 2166 29 22 fit
1902 2167 61 27 Boys
1971 2169 14 19 3
1995 2167 72 21 Years
2078 2167 36 27 5/6
2142 2167 14 21 5
2165 2168 72 22 Years
2252 2169 36 26 5/6

1982 2200 16 23 7
2008 2200 73 23 Years
2091 2201 36 22 5/6
2146 2202 14 21 9
2170 2202 74 22 Years

1764 2257 87 41 Boys
1872 2258 134 31 Blouses
2039 2259 44 31 Is.
2121 2260 61 37 6d.,
2201 2260 103 33 worth

1972 2301 45 30 2s.
2040 2300 50 36 6d,

1763 2348 83 32 Lace
1868 2349 146 32 Curtains
2037 2352 43 29 2s.
2125 2350 61 32 Per
2206 2352 80 40 pair.

1898 2469 270 47 NOTICE.

1761 2566 24 58 I
1802 2566 53 32 Beg
1872 2567 27 24 to
1921 2566 91 26 inform
2034 2567 44 25 the
2104 2566 156 28 inhabitants
2277 2568 27 26 of

1797 2599 96 26 Oxford
1902 2599 49 25 and
1963 2599 43 26 the
2017 2599 83 32 public
2107 2601 126 33 generally
2244 2601 57 26 that

1761 2632 14 24 I
1786 2632 61 25 have
1858 2632 76 25 taken
1953 2640 59 18 over
2023 2633 44 24 the
2088 2634 119 24 Business
2224 2634 77 32 lately

1761 2664 95 25 carried
1874 2672 34 17 on
1930 2664 33 32 by
1989 2665 58 29 MR,
2068 2665 28 25 C.
2118 2666 30 23 A.
2173 2666 126 29 TYLER,

1762 2696 107 25 General
1890 2696 105 31 Carrier,
2014 2698 51 24 and
2084 2700 67 22 trust
2173 2698 32 32 by
2228 2699 72 25 strict

1762 2729 124 25 attention
1898 2731 27 24 to
1937 2729 115 26 business
2070 2733 26 22 to
2107 2731 74 24 merit
2199 2739 16 17 a
2226 2731 74 26 share

1761 2762 27 25 of
1796 2762 84 32 public
1891 2765 109 29 support.

1761 2835 108 25 Covered
1881 2835 68 25 Vans
1961 2836 49 24 will
2022 2844 47 15 run
2081 2836 65 24 from
2159 2836 140 24 OXFORD

1870 2882 26 25 to
1914 2881 274 26 CHRISTCHURCH

1759 2963 94 29 every
1882 2952 190 39 MONDAY,
2101 2952 197 33 WEDNES-

1821 3005 89 30 DAY
1935 3005 86 31 AND
2058 3006 176 32 FRIDAY.

1958 3067 143 30 Returning

1761 3109 210 36 TUESDAY,
1999 3109 237 31 THURSDAY
2272 3110 27 30 &

1910 3163 243 32 SATURDAY.

1760 3236 133 24 Furniture
1905 3236 50 24 and
1975 3237 76 30 goods
2064 3236 27 25 of
2109 3244 72 23 every
2194 3237 104 32 descrip-

1759 3269 54 24 tion
1825 3269 94 31 packed
1942 3270 50 23 and
2010 3269 118 25 removed
2145 3272 26 21 at
2191 3269 108 26 shortest

1984 3302 91 24 notice.

1859 3345 136 32 Receiving
2008 3345 76 25 Order
2108 3345 55 25 Box
2175 3347 26 24 at

1761 3378 40 25 Mr
1817 3378 141 25 Earnshaw
2110 3378 70 26 West
2197 3379 101 25 Oxford.

1761 3411 25 25 J,
1799 3411 25 25 J.
1837 3411 103 25 Weebei*
2114 3411 65 25 East
2198 3411 100 26 Oxford.

1761 3444 34 25 H.
1813 3444 129 25 Davidson
2026 3444 123 25 Bennetts
2170 3445 128 25 Junction.

1761 3477 28 24 C.
1808 3477 31 24 A.
1858 3476 73 31 Tyler
2164 3477 134 32 Raugiora.

1761 3509 31 24 R.
1811 3509 35 24 H.
1864 3509 121 31 Hodgson
2229 3510 69 26 Cust.

1778 3557 54 26 The
1843 3559 76 24 above
1930 3566 102 24 waggon
2050 3566 47 17 run
2117 3559 27 24 in
2165 3559 119 31 conjunc-

1827 3591 54 26 tion
1892 3591 61 26 with
1971 3592 146 25 TYLER'S
2129 3600 104 23 wageon

1804 3624 85 24 which
1899 3624 83 26 leaves
2004 3624 181 28 RANGIQRA
2205 3624 50 25 and

1762 3656 273 26 CHRISTCHURCH
2047 3664 71 24 every
2136 3657 56 31 day,
2217 3657 83 26 orders

1761 3690 46 24 left
1818 3691 27 23 at
1862 3690 43 24 the
1915 3690 126 31 following
2052 3690 83 31 places
2154 3690 28 24 in
2203 3690 96 26 Christ-

1761 3721 95 26 church
1869 3722 52 25 will
1940 3722 96 25 receive
2052 3726 98 28 prompt
2170 3724 123 24 attention

1762 3764 32 25 E.
1807 3765 79 24 Reece
1898 3766 19 23 &
1931 3764 61 26 Son.
2128 3765 120 26 Colombo
2260 3766 39 26 St.

1761 3797 155 24 Rotherfield
1933 3796 78 25 Hotel
2095 3797 90 25 Cashel
2194 3799 10 30 |
2208 3798 91 25 Street.

1762 3829 25 24 J.
1804 3829 32 24 B.
1854 3829 107 24 Watson
2045 3829 136 25 Cathedral
2194 3831 104 31 Square.

1763 3862 47 24 130
1828 3861 110 26 Kilmore
1956 3862 90 26 Street.
2076 3862 144 33 Telephone
2250 3864 47 27 727

1902 3936 250 46 NOTICE

1764 4030 56 32 TO
1841 4030 196 32 FARMERS
2074 4031 27 31 &
2123 4031 176 31 OTHERS!

1764 4101 65 31 The
1843 4103 211 40 undersigned
2064 4103 27 30 is
2101 4104 154 38 prepared
2272 4113 30 20 to

1784 4145 69 28 cart
1876 4144 92 36 wool,
1989 4144 89 29 hides
2106 4144 64 29 and
2187 4144 94 40 sheep

1789 4213 3 4 .
1826 4184 86 31 skins
1928 4186 34 28 at
1984 4184 109 31 lowest
2114 4190 127 25 current

1770 4234 1 21 :
1803 4240 24 4 •■
1846 4241 4 3 -
1891 4241 3 4 -
1991 4229 83 26 rates
2135 4241 2 3 •
2159 4234 3 11 ;
2207 4244 2 3 ■
2222 4243 2 10 :
2237 4238 65 11 -••■•-

1890 4278 94 45 j.'t.
2008 4290 165 33 carter

1997 4373 141 31 Fernhill

1893 4436 10 35 /
2022 4442 90 32 West
2145 4442 134 32 Oxford.

1411 194 58 22 JOB
1500 194 73 21 LINE

1222 257 177 31 KAIAPOI
1434 257 153 31 TWEED
1610 258 129 31 SUITS.

1450 337 64 30 21s.

1263 438 81 31 1897
1392 438 185 30 SUMMER
1620 438 92 32 1897.

1222 513 62 42 T^T
1298 512 52 25 OW
1364 513 114 33 showing
1490 522 15 17 a
1516 514 84 25 choice
1612 515 140 31 assorting!

1225 539 56 38 JJ\
1324 546 26 24 of
1396 555 101 16 summer
1543 555 78 20 gooi»s
1644 548 110 30 ccmpris

1215 584 35 24 ng
1259 577 59 25 New
1330 578 78 25 Dress
1421 579 140 28 Materials,
1575 579 96 28 Prints,
1693 579 59 25 Del-

1215 610 76 28 aines,
1322 610 121 32 Zephyrs,
1476 611 117 32 Crepons,
1627 611 126 31 Galateas,

1214 642 114 26 Norman
1332 643 121 33 -Stripes,
1475 643 85 33 Fancy
1582 644 101 32 Striped
1703 645 51 24 and

1214 675 79 24 Chick
1314 676 115 30 Muslins,
1458 678 94 24 Cotton
1574 678 108 31 Pongee,
1703 678 51 24 and

1213 708 119 28 Muslins,
1343 709 41 24 &c.

1209 789 246 47 KAIAPOI
1498 789 252 49 TWEEDS.

1209 868 84 21 SUITS
1302 868 87 20 MADE
1399 868 38 21 TO
1446 868 146 21 MEASURE
1606 869 80 21 FROM
1703 870 46 23 50s.

1208 927 120 78 FULL
1344 927 144 31 RANGE
1500 929 35 29 of
1542 928 62 30 this
1619 928 118 31 Season
1739 927 7 14 1

1286 967 145 32 Patterns
1451 972 33 26 to
1514 969 93 31 hand.

1462 1020 27 23 at

1309 1062 38 32 R,
1371 1061 43 31 .H
1436 1063 198 31 PARISH'S

1350 1122 92 26 EAST
1459 1123 147 25 OXFOED.

1371 1172 136 22 INTENDS
1522 1174 38 21 TO
1575 1174 74 21 SELL

1204 1221 177 30 seasonable
1390 1223 97 36 goods
1497 1225 33 26 at
1535 1223 101 39 prices
1645 1223 100 29 below

1202 1270 70 29 that
1291 1271 34 29 of
1339 1281 62 29 any
1425 1271 225 32 Christchurch
1674 1273 69 30 firm

1460 1372 36 19 .».

1248 1442 169 33 ALL
1458 1442 242 34 WTOO3L.

1203 1494 198 51 €olonial
1440 1496 177 49 fUnml
1666 1495 76 50 ML

1203 1571 132 38 cheaper
1349 1571 77 29 than
1441 1580 57 20 can
1518 1571 39 30 be
1568 1571 173 40 purchased

1202 1625 34 26 at
1263 1621 126 30 auction
1417 1630 36 20 or
1470 1621 84 30 from
1590 1622 152 31 itinerant

1385 1668 138 39 drapers:

1300 1809 343 38 PARISH'S

1218 2099 172 76 wK
1444 2089 263 45 YOTJTHSf

1241 2150 135 101 mil
1474 2185 65 36 Ml
1568 2185 65 36 Wo
1636 2197 21 24 °
1658 2186 16 35 l

1232 2260 16 33 I
1274 2265 89 33 Wm
1403 2268 180 26 COLONIAL
1606 2269 131 25 TWEED

1448 2341 219 35 SUITS

1236 2428 127 33 From
1388 2428 89 41 12/6
1499 2435 73 33 per
1594 2428 95 39 suit.

1263 2492 80 34 (three
1352 2494 137 31 garments,
1508 2492 80 25 worth
1601 2492 65 33 255.)

1197 2538 93 24 Cannot
1302 2538 26 24 he
1334 2538 138 30 purchased
1483 2541 24 21 at
1524 2537 171 25 Christchurch
1707 2545 28 16 or

1310 2580 123 25 elsewhere
1444 2584 26 20 at
1477 2580 37 24 the
1521 2581 78 30 price.

1199 2639 168 31 lAMen's
1382 2639 101 31 Black
1493 2639 70 31 S.B.
1573 2640 58 30 Sac
1642 2639 91 31 Coats

1292 2681 51 29 for
1366 2681 129 39 Sunday
1508 2681 63 29 and
1594 2681 139 38 Holiday

1195 2731 81 20 wear
1284 2721 146 30 Reduced
1439 2721 84 30 from
1534 2719 67 41 25/-
1614 2724 33 27 to
1657 2719 74 42 15/6

1237 2869 54 38 R,
1317 2868 58 37 H.
1409 2868 281 40 PARISH'S

1192 2920 216 30 BARGAINS
1447 2922 49 29 for
1535 2920 63 30 this
1622 2921 108 29 month

1322 3041 178 25 COLONIAL
1531 3041 129 25 TWEED

1362 3106 188 25 TROUSERS
1589 3107 36 22 6s.

1377 3172 70 24 ALL
1496 3171 108 26 WOOL.

1277 3277 145 32 STRAW
1444 3276 144 33 HATS!!
1613 3279 33 28 Is

1364 3346 145 32 STRAW
1523 3345 165 32 HATS!!!

1352 3415 92 24 EALF
1462 3413 112 26 PBICE.
1597 3415 49 33 §££
1665 3415 65 33 £j^a

1193 3470 84 26 JUST
1289 3470 27 24 to
1326 3469 70 24 hand
1396 3484 32 4 —
1429 3469 49 24 late
1489 3469 39 24 for
1545 3469 44 25 the
1598 3477 94 23 season,
1705 3473 27 22 to

1193 3503 30 24 be
1243 3502 53 25 sold
1319 3503 26 23 at
1370 3502 129 30 half-price
1500 3516 33 3 —
1533 3502 91 24 Ladies
1653 3503 80 24 Sailor

1193 3535 66 25 Hats
1271 3536 27 24 at
1310 3535 37 24 Is.
1382 3533 79 26 worth
1477 3535 37 24 2s.
1549 3534 83 26 Men's
1666 3535 65 33 Leg-

1193 3569 62 25 horn
1262 3568 74 24 Hats.
1370 3567 74 32 Boy's
1456 3567 106 26 Boaters
1575 3569 26 24 at
1609 3569 36 24 Is.
1654 3570 77 24 worth

1194 3603 36 23 2s.

1322 3643 86 31 Must
1422 3645 39 30 be
1476 3646 130 30 cleared.

1195 3810 122 30 Double
1331 3810 100 31 width
1448 3810 106 31 Check
1569 3810 164 31 Costumes

1180 3860 2 16 1
1355 3856 112 32 Tweed
1497 3858 69 39 6Jd.

1195 3905 119 31 Melton
1335 3904 137 38 Tweeds,
1494 3906 51 30 6d.
1567 3916 56 29 per
1644 3908 87 39 yard.

1194 3991 104 32 White
1329 3991 154 33 Blankets
1517 3991 44 33 7s.
1590 3992 49 32 6d.
1677 4003 56 29 per

1195 4039 78 40 pair.
1331 4039 102 40 Large
1470 4039 69 32 Size
1570 4039 163 38 Blankets,

1300 4085 64 30 10s.
1389 4085 50 30 6d.
1472 4094 57 30 per
1549 4085 79 40 pair.

1195 4130 68 43 Boy
1299 4132 83 31 Pilot
1396 4132 130 30 Jackets
1542 4133 35 29 6s
1592 4133 51 30 6d.
1658 4133 75 32 each

1192 4248 9 38 J
1238 4247 51 30 All
1310 4248 89 30 these'
1403 4253 6 13 :
1418 4248 98 39 goods
1538 4257 52 24 arc
1604 4248 128 40 cheaper

1192 4284 83 59 Jthan
1296 4299 65 27 can'
1375 4295 39 30 be
1436 4295 175 39 purchased
1624 4299 38 26 at
1672 4305 59 31 any

1193 4339 230 33 'Christchurch
1454 4342 119 40 Selling
1604 4342 44 30 off
1674 4342 57 32 Es-

1199 4386 202 31 tablishment
1422 4397 36 21 or
1478 4387 81 32 from
1587 4387 144 32 itinerant

1199 4427 141 41 drapers.

747 182 136 45 FOR
909 184 184 44 SALE.

647 283 41 57 A
714 283 178 30 QUANTITY
918 285 27 23 of
963 285 72 24 oaten
1056 285 59 31 hay,
1149 285 38 24 for

705 316 150 31 particulars
867 316 75 32 apply
953 318 27 24 to
992 318 42 24 the

633 373 1 45 I
738 380 4 18 :
775 375 123 26 OFFICE
912 376 44 25 OF
966 376 85 25 THIS
1062 376 21 25 P
1095 378 22 23 A
1176 377 8 23 :■

787 548 259 46 NOTICE.
1129 525 47 45 •■'■

643 660 170 28 T)ERSONS
830 660 79 25 found
932 661 151 31 trespassing
1099 661 26 24 in
1137 660 43 25 the

642 687 22 31 I
688 693 124 25 MOUNT
822 693 181 25 PLEASANT
1013 693 166 25 ORCHARD

641 725 64 24 after
714 725 51 24 this
774 725 65 29 date,
853 725 47 24 will
910 725 28 24 be
946 725 233 25 PROSECUEED

851 855 27 31 (a
895 854 70 33 card)

637 920 164 31 MESSRS
838 920 233 31 JOHNSTON
1086 920 87 30 AND

836 992 136 32 MILLS.

797 1065 210 25 SOLICITORS.

634 1128 282 30 CHRISTCHUROH,
945 1128 178 26 RANGIORA
1152 1130 20 23 &

827 1188 148 25 OXFORD.

667 1253 40 23 Mr
719 1252 126 25 Johnston
865 1252 51 24 will
933 1252 87 24 attend
1031 1252 95 24 Oxford
1138 1261 33 15 on

634 1285 77 24 Court
737 1285 61 30 days
820 1285 51 23 and
890 1285 57 24 Sale
968 1285 60 30 days
1040 1285 50 23 and
1112 1293 59 22 may

633 1316 31 26 be
676 1316 129 26 consulted
829 1321 26 21 at
867 1316 40 25 Mr
924 1316 74 26 Lee's
1016 1324 55 18 new
1090 1316 80 30 Store,

634 1350 70 25 Main
715 1350 82 26 Street
810 1350 101 25 Oxford.

669 1404 166 25 Ghristclmrch
846 1404 75 31 Office
922 1417 31 4 —
956 1403 118 32 Opposite
1087 1403 84 25 Union

634 1436 80 28 Bank,
727 1436 123 24 Hereford
862 1436 91 25 Street.

666 1490 126 30 Bangiora
811 1489 74 32 Office
886 1502 32 5 —
919 1489 65 24 Next
1002 1490 26 23 to
1041 1489 40 24 Mr
1101 1489 30 25 A.
1140 1489 30 24 P.

633 1522 114 24 Sutton's
763 1522 108 24 Auction
890 1522 89 24 Room.

768 1640 261 46 NOTICE.

633 1736 154 59 HAVING
797 1736 60 26 been
876 1737 53 25 told
945 1746 16 16 a
976 1737 47 25 few
1042 1737 61 32 days
1122 1745 47 25 ago

695 1770 54 25 that
759 1770 23 24 A
799 1770 153 25 CERTAIN
968 1770 137 26 PERSON
1121 1770 47 25 has

632 1803 120 32 reported,
770 1803 56 25 that
842 1803 15 24 I
868 1810 42 18 am
926 1810 33 18 no
975 1803 88 31 longer
1079 1803 89 32 taking

631 1835 27 26 in
675 1835 68 26 work
744 1849 32 4 —
776 1835 15 24 I
807 1835 62 25 wish
887 1836 27 24 to
931 1835 80 31 notify
1028 1837 27 24 to
1073 1835 34 25 all
1124 1843 44 25 my

631 1868 92 25 friends
743 1868 51 24 and
813 1868 44 24 the
883 1868 127 25 PUBLIC
1032 1868 134 32 generally,

632 1901 56 25 that
698 1901 15 25 I
722 1908 43 18 am
775 1901 115 32 carrying
900 1908 32 18 on
944 1908 43 25 my
994 1901 172 26 BUSINESS

631 1934 27 24 i»
675 1934 67 24 ALL
758 1934 33 24 its
808 1934 186 25 BRANCHES
1012 1941 27 18 as
1055 1934 115 25 HERE-

631 1965 145 26 TOFORE.

776 2038 164 33 JOSEPH
959 2038 166 39 LOUGH,

630 2119 126 32 February
774 2120 48 24 Ist.
841 2120 74 25 1897.

717 2240 136 45 FOR
893 2241 183 46 SALE.

629 2343 129 80 THAT
782 2343 69 32 well
879 2344 113 32 known
1022 2346 62 30 and
1112 2346 52 30 old

684 2385 188 30 established
886 2386 141 30 business
1038 2388 34 28 of
1076 2386 87 31 Buil-

627 2425 64 37 der,
707 2424 208 39 Undertaker,
930 2426 230 41 Wheelwright,

626 2469 58 28 etc.
700 2466 120 30 carried
845 2477 41 20 on
914 2467 40 41 by
980 2468 52 30 Mr
1045 2469 118 39 Joseph

626 2507 121 39 Lough,
769 2515 36 22 so
820 2508 205 40 successfully
1046 2510 51 29 for
1111 2510 52 29 the

626 2551 71 35 past
711 2551 121 35 twenty
846 2558 99 29 years,
967 2549 65 30 will
1046 2550 39 29 be
1100 2550 61 30 dis-

625 2588 96 39 posed
732 2587 35 31 of
773 2591 34 27 at
824 2598 19 20 a
857 2593 89 33 great
959 2590 147 38 sacrifice,
1120 2601 39 20 on

626 2633 132 26 account
787 2629 33 30 of
834 2629 111 41 failing
959 2630 116 31 health.

757 2709 164 32 JOSEPH
936 2710 149 31 LOUGH

912 2793 131 32 Oxford.

761 2948 124 31 TOWN
907 2949 115 31 HALL

700 3030 130 33 EAST
862 3032 219 33 OXFORD.

679 3265 108 33 AND
818 3263 109 34 THE
958 3263 142 34 NILE.

622 3350 71 26 THE
707 3350 136 26 CRADLE
861 3350 44 24 OF
923 3348 236 27 CIVILIZATION

622 3434 67 57 MR
707 3432 144 27 CROOK'S
876 3432 66 25 vivid
965 3432 68 26 word
1052 3432 108 32 pictures

677 3467 51 25 will
740 3467 30 24 be
781 3466 121 24 rendered
913 3466 91 30 doubly
1015 3465 146 31 interesting

621 3499 34 30 hy
678 3498 134 25 admirable
831 3498 177 31 photcgraphs,
1034 3505 78 23 many
1135 3498 28 24 of

621 3532 71 23 them
700 3531 124 29 coloured,
842 3531 83 24 shown
937 3530 31 32 by
980 3537 89 18 means
1080 3529 28 26 of
1116 3529 44 25 the

623 3564 161 33 Oxi-oxygen
800 3564 142 32 Limelight.

733 3611 143 24 Admission
890 3611 81 26 Silver
982 3611 66 24 coin.

1149 3649 3 12 i

681 3738 421 46 POSTPONED.

774 3837 66 30 For
864 3837 71 31 date
956 3846 49 21 see

706 3915 173 44 FUTURE
938 3917 137 41 ISSUE.

747 4090 54 32 TO
822 4090 211 32 FARMERS.

622 4171 45 59 IF
684 4180 48 23 you
750 4173 67 23 want
834 4173 26 23 to
889 4171 48 26 sell
964 4180 62 24 your
1043 4171 117 32 produce!

662 4204 122 26 advertise
794 4204 28 25 in
833 4204 45 26 the
1144 4213 16 17 a

610 4239 1 30 I
622 4245 57 18 sure
703 4237 50 25 sale
770 4237 48 25 will
834 4236 31 26 be
881 4237 45 25 the
941 4238 100 25 result.:
1154 4251 3 14 :

655 4300 162 28 TERMS.—
817 4302 38 24 2s.
878 4309 43 21 per
949 4301 61 25 inch
1037 4301 40 26 for
1104 4301 57 26 first

622 4335 139 26 insertion.!
1154 4347 2 2 •

632 4381 2 4 •
687 4399 1 1 .
728 4382 37 34 v
770 4370 3 13 ;
798 4377 3 3 ■
911 4385 2 2 •
945 4373 34 16 ■■■•
999 4387 2 2 ■
1045 4378 3 6 1
1052 4388 1 1 -
1057 4381 5 8 j
1064 4387 8 3 -
1074 4378 21 11 li
1102 4387 2 2 -
1154 4385 2 4 ■

657 4411 41 25 All
714 4411 77 26 small
806 4410 207 27 advertisements
1028 4411 30 25 to
1069 4411 29 25 be
1105 4408 60 33 paid

624 4452 29 24 in
672 4452 119 26 advance;
1124 4451 18 25 f

412 138 6 3 _
566 136 10 3 -
608 135 14 4 —
622 130 6 8 J

276 236 146 24 supply
436 235 129 24 board.

34 364 52 47 |^f
142 374 110 24 Brown's
263 373 67 23 Rock
345 373 83 24 Water
445 373 103 32 Supply.

34 436 18 41 L
90 454 13 23 A
119 453 100 24 PPLIC
224 452 123 26 ACTIONS
364 460 42 16 are
417 452 93 24 invited
522 452 40 24 for
572 452 43 24 the

130 487 78 38 Pojf
206 493 31 17 on
250 486 27 23 of
295 485 209 24 CARETAKER
528 485 27 24 of
575 485 41 24 the

283 519 27 25 of
339 518 43 26 the
412 518 111 25 Browu's
545 518 70 25 Bock

34 584 281 47 f^^^^H^Hban
327 593 30 24 be
370 601 58 16 seen
446 594 26 23 at
481 593 44 24 the
539 593 75 23 Office

34 617 259 47 |^^^^Hn
306 626 49 24 and
367 626 63 24 after
443 625 109 32 Monday
560 625 52 24 Bth.

310 667 39 16 an(
348 660 12 23 i
380 659 164 31 applications
567 666 46 17 are

34 683 252 47 n|H^^^H^V
298 695 25 21 to
335 692 43 24 the
398 692 147 26 Chairman,
563 690 50 24 and

34 716 256 45 H^^^H^HHi
293 733 11 15 0
328 725 75 22 Office
424 724 25 23 of
465 723 43 24 the
531 723 80 23 Board

340 766 22 14 a.
375 765 35 15 m.
429 765 33 15 on
483 756 128 30 Thursday

34 779 334 55 ■nHpisoy,

385 860 74 25 1897.

34 904 339 61 HH^HBn'.s7V)A"
394 923 170 24 WEBSTER,

239 1000 120 28 Engineer
376 1001 23 20 to
422 996 36 24 the
482 995 91 24 Board.

34 1111 298 86 [^HpARY'S
357 1139 195 36 CHURCH,

34 1193 240 54 ■BSST
303 1201 286 46 OXFORD.

441 1290 52 29 the
519 1288 84 30 24th.

34 1320 132 59 Hjßfcf
203 1332 60 30 this
299 1330 108 32 month
443 1341 17 19 a
490 1329 115 39 special

34 1361 125 58 jHßrt
175 1373 63 30 will
253 1374 38 28 be
306 1372 88 30 made
409 1375 32 25 to
456 1372 79 28 raise
552 1371 52 29 the

34 1402 126 58 |HHs
196 1413 144 39 required
376 1415 33 26 to
444 1412 70 29 roof
551 1411 53 29 the

34 1442 175 51 ■BJilding
223 1454 75 29 with
320 1454 69 28 iron
401 1460 9 29 ;
430 1452 43 38 by
497 1461 107 20 means

34 1480 66 57 Kj'
114 1505 19 19 a
148 1494 105 31 SALE
277 1493 54 30 OF
352 1492 143 35 WORK,
511 1490 92 37 TEA,

65 1535 145 31 anot^the
238 1534 165 40 repetition
429 1534 33 29 of
486 1533 52 29 the
571 1531 31 31 S.

66 1577 151 30 Andrews
261 1574 139 31 Festival
443 1572 161 31 ENTER-

67 1616 228 30 TAINMENT
320 1617 35 26 at
385 1614 54 29 the
474 1612 129 30 Oddfel-

110 1658 75 29 lows
207 1655 84 35 Hall,
319 1654 87 31 West
441 1653 122 31 Oxford

68 1706 150 28 Admission,
236 1705 48 24 Tea
298 1706 37 23 Is.
351 1703 204 25 Entertainment
568 1704 35 23 Is.

211 1737 119 26 Children
347 1737 50 25 Tea
410 1736 50 33 .6d.

163 1877 208 27 CHILDREN'S
392 1876 159 27 CONCERT

34 1923 27 18 m
91 1911 5 8 '
312 1916 50 25 and

34 1941 24 45 I
183 1955 305 37 KINDERSPIEL,

34 1990 42 36 Wf
98 2008 28 20 or
143 2001 50 26 Old
210 2001 104 25 Friends
325 2000 61 26 with
397 2000 68 26 New
483 2000 85 26 Faces.

217 2067 111 39 Songs,
345 2066 150 40 Skipping
517 2066 63 29 and

34 2106 106 32 EPole
154 2107 96 30 drills.
308 2106 99 40 Songs
427 2107 63 29 and
504 2106 98 31 Ohor-

34 2137 54 58 W^
126 2158 72 21 uses
217 2149 44 39 by
275 2148 45 36 J4O
343 2148 196 39 performers.

34 2184 188 61 *WEST
244 2213 174 32 OXFORD
440 2213 119 31 HALL

34 2261 56 520 I
117 2285 178 39 THURSDAY
316 2286 68 38 FEB.
404 2284 36 40 18
457 2285 86 39 1897.

212 2355 25 23 at
261 2355 23 23 7.
307 2354 41 24 45.
367 2353 83 32 sharp,

90 2407 111 40 tickets,
220 2418 91 25 Adults
335 2419 37 24 Is.
392 2418 119 25 Children
523 2418 41 25 6d.

90 2454 17 26 k
119 2456 41 24 aid
171 2456 26 24 of
215 2456 132 31 Wesleyan
366 2456 100 24 Church
490 2455 96 25 Funds.

162 2604 331 45 TENDERS.

90 2701 140 24 ENDERS
260 2708 41 17 are
345 2699 96 25 invited
476 2699 41 23 for
552 2698 44 25 the

123 2733 174 26 EEECTION
322 2733 27 24 of
373 2740 16 17 a
413 2731 87 30 stable,
532 2731 61 26 35ft,

58 2781 28 17 uj
116 2767 60 24 15ft.
204 2766 60 25 with
294 2765 91 25 lean-to
408 2766 26 23 at
457 2764 71 29 back,
557 2764 39 24 for

56 2800 145 31 particulars
220 2799 73 31 apply
311 2800 27 23 to

253 2856 32 25 G.
304 2856 29 24 T.
352 2856 108 25 JONES

338 2920 70 26 West
427 2919 99 26 Oxford.

157 3060 331 45 TENDERS.

53 3180 173 26 SENDEES
272 3189 41 17 are
357 3180 95 26 invited
487 3180 39 25 for
548 3178 44 26 the

58 3205 23 33 1
113 3214 180 24 ERECTION
313 3214 27 24 of
380 3221 15 16 a
417 3213 175 25 four-roomed

55 3248 104 29 cottage,
172 3246 38 24 for
222 3246 52 24 Mrs
288 3246 120 25 Sheehan.

171 3288 101 26 Labour
284 3289 49 25 and
350 3289 122 26 material.

88 3326 111 25 Tenders
211 3327 25 24 to
249 3326 28 24 be
301 3328 55 24 sent
369 3327 27 24 in
416 3328 26 24 to
460 3327 44 25 the
521 3327 71 25 office

56 3360 27 25 of
93 3360 49 24 this
154 3367 73 23 paper
239 3367 33 16 on
284 3367 26 16 or
330 3359 82 25 before
429 3360 163 26 WEDNES-

55 3393 71 24 DAY
148 3394 68 27 next,
241 3392 80 24 where
345 3393 178 30 specifications
546 3401 46 17 ean

55 3426 31 25 be
99 3432 67 17 seen.

162 3559 331 45 TENDERS.

72 3668 13 23 A
100 3665 229 26 PPLICATIONS
342 3673 41 17 are
394 3666 94 25 invited
497 3667 39 24 for
552 3668 40 24 the

58 3691 40 33 J\.
111 3699 107 31 position
227 3699 26 25 of
263 3698 134 24 Caretaker
406 3700 25 23 to
443 3699 43 25 the
495 3699 98 26 WEST

56 3731 142 26 OXFORD
211 3731 142 25 SCHOOL.
373 3731 143 31 Applicants
528 3734 66 23 state

56 3765 75 30 price.
168 3763 123 25 Schedule
309 3763 26 24 of
352 3763 80 25 duties
450 3766 26 22 to
494 3764 31 25 be
536 3773 56 17 seen

56 3799 27 22 at
96 3797 104 22 Terrace
211 3795 134 31 Butchery.

265 3828 66 25 close
349 3828 47 30 Ist,
416 3828 93 27 Mar^L.
547 3822 5 5 '

206 3898 94 26 FRED
316 3898 179 31 KNOWLES,

331 3952 16 8 '"
392 3954 12 16 /
457 3958 136 32 Secretary.

145 4110 135 44 ■FOR

58 4209 65 27 AA
149 4207 140 32 ACRES
304 4209 33 28 of
364 4206 86 31 Land
469 4209 34 28 at
518 4206 77 31 East

34 4237 89 59 UjJ
156 4249 129 30 Oxford,
321 4249 51 30 for
407 4248 187 39 particulars

34 4279 122 38 BMBI
172 4291 34 26 to
