3510 4530
66 207 51 24 this
136 206 88 29 colony
254 202 90 26 should
363 202 62 28 find,
456 202 42 25 Sir
517 201 86 25 James

66 249 136 28 remarked,
231 254 51 17 was
301 246 119 28 thorium,
449 244 84 25 which
552 252 51 16 was

66 293 81 26 worth
159 293 50 23 £45
221 298 33 17 an
266 296 86 22 ounce,
370 287 51 26 and
434 294 51 18 was
496 287 28 24 in
535 288 68 31 great

68 336 108 26 demand
193 335 38 25 for
242 334 103 31 making
367 332 44 25 the
422 331 107 26 mantles
542 330 61 25 used

68 388 58 18 over
153 387 44 24 gas
218 378 112 25 burners.
381 376 42 25 He
445 375 81 25 added
547 374 56 25 that

66 424 33 24 he
110 423 108 24 believed
228 422 32 24 he
271 422 72 24 knew
362 420 82 25 where
464 419 20 25 it
503 426 51 17 was
577 420 26 22 to

65 469 31 23 be
107 466 78 26 found
195 466 26 24 in
233 465 58 25 New
304 462 117 27 Zealand.
425 477 31 4 —
456 463 67 24 Post.

135 614 399 31 CORRESPONDENCE.

71 674 65 20 While
146 677 37 14 our
192 670 89 20 columns
294 673 36 14 are
345 672 51 19 open
406 667 20 17 to
435 666 39 22 all,
487 669 30 15 we
526 666 26 17 do
565 666 33 16 not

92 709 91 26 identify
201 707 100 21 ourselves
317 705 52 20 with
386 703 94 26 opinions
495 700 103 27 expressed

94 747 87 22 therein.

101 787 34 21 To
148 786 37 22 the
204 784 87 24 Editor
312 782 33 26 of
361 780 36 24 the
421 778 134 25 'Observer.
560 776 6 11 1

97 837 67 20 THE
182 832 131 25 TICKET
331 829 107 26 FIEND
458 828 110 24 AGAIN.

66 903 107 28 Madam,

98 947 66 31 Why
176 945 21 24 is
217 944 20 24 it
256 943 54 24 that
331 947 68 18 some
420 937 87 32 people
525 935 74 25 insist

65 999 68 23 upon
150 989 82 24 others
252 985 92 32 paying
359 983 37 25 for
416 982 65 24 their
498 979 101 30 religion

65 1035 37 23 for
113 1033 77 23 them.
224 1030 69 23 lam
308 1027 40 24 led
364 1026 54 23 into
430 1024 51 24 this
500 1022 64 25 train
576 1021 26 24 of

65 1076 108 31 thought
192 1076 30 29 by
243 1074 41 22 the
306 1071 50 24 fact
376 1070 53 23 that
447 1067 44 24 the
510 1067 89 30 plague

63 1122 46 22 has
133 1118 92 24 broken
246 1117 41 23 out
309 1114 79 30 again,
419 1119 14 16 a
458 1111 44 23 few
519 1108 80 25 weeks

64 1170 47 24 ago
125 1169 52 16 our-
187 1158 135 25 Methodist
336 1154 92 26 friends
445 1151 112 32 pestered
569 1159 30 16 us

63 1208 26 22 to
100 1205 49 29 buy
167 1203 88 24 'ickets
272 1200 38 24 for
327 1197 141 29 something
486 1203 27 16 or
530 1194 69 24 other

62 1255 57 17 now
139 1246 58 31 they
215 1252 41 17 are
274 1242 74 25 taken
359 1239 59 27 .bad.
441 1237 73 32 again
538 1235 61 25 with

61 1292 44 23 the
123 1296 68 18 same
209 1285 142 32 complaint,
378 1283 50 24 and
445 1289 27 16 as
498 1279 100 27 Sakey's

61 1336 79 30 hymn
158 1340 63 23 says,
244 1326 117 27 "There't
378 1325 89 31 always
486 1329 68 18 more
571 1322 26 23 to

95 1421 14 23 I
121 1418 142 26 sometimes
275 1423 30 23 go
326 1417 24 21 to
370 1422 11 14 a
402 1411 69 32 place
491 1409 26 25 of
535 1416 60 16 wor-

63 1464 54 30 ship
130 1462 48 24 and
189 1461 13 23 I
214 1460 68 24 don't
297 1456 70 25 mind
384 1453 140 30 confessing
541 1451 56 24 that

61 1514 43 24 my
127 1508 54 28 byes
211 1502 140 25 sometimes
374 1497 83 25 follow
480 1495 43 24 the
547 1493 47 24 col-

61 1549 90 24 lection
175 1547 65 30 plate
263 1542 77 26 round
363 1540 55 30 and.
447 1538 110 26 Madam,
582 1536 13 23 I

61 1601 41 16 am
120 1589 84 26 struck
221 1587 59 26 with
298 1586 43 25 the
362 1585 68 30 large
449 1581 104 25 number
572 1580 26 24 of

60 1637 95 28 regular
167 1631 123 26 attenders
308 1629 56 24 who
376 1628 30 23 do
426 1627 43 23 not
488 1625 66 30 part.
563 1631 45 20 on,

62 1678 60 26 such
134 1675 139 27 occasions.-;
291 1671 103 27 another
405 1669 121 31 .singular
545 1666 50 24 fact

60 1722 22 24 is
94 1720 55 25 that
160 1726 48 25 you
220 1717 51 25 will
282 1716 51 24 find
344 1714 65 24 most
421 1712 30 25 of
454 1712 68 24 these
534 1718 74 17 non-

62 1765 81 32 givers
166 1763 114 29 amongst
303 1759 41 25 the
365 1756 60 26 dead
440 1756 77 24 heads
538 1758 24 20 at
581 1761 14 16 a

62 1809 51 23 Tea
125 1807 108 29 meeting
244 1806 26 23 at
282 1804 43 23 the
337 1809 68 18 same
421 1801 77 30 place.
534 1797 60 25 This
604 1810 2 3 •

61 1851 73 30 being
153 1849 53 29 the.
216 1855 44 23 age
283 1846 26 29 pf
330 1842 174 32 Co-operation
525 1840 69 25 allow

61 1901 41 16 me
114 1897 26 19 to
153 1891 69 24 make
240 1898 14 16 a
266 1887 141 32 suggestion
428 1893 26 17 so
474 1892 26 17 as
521 1886 20 21 t(
538 1883 69 40 i^°_

59 1943 68 23 away
139 1933 61 26 with
218 1932 48 25 this
270 1932 100 31 .system
387 1928 26 25 of
428 1927 116 31 bringing
559 1933 34 23 up
604 1932 3 3 •

61 1986 46 17 our
118 1977 110 24 children
247 1977 25 22 to
291 1979 28 19 De
333 1972 135 24 inveterate
486 1969 118 30 cadgers..

61 2022 76 23 There
150 2027 40 17 are
206 2018 71 25 three
296 2016 107 25 resident
421 2013 127 25 Ministers
568 2019 27 16 or
605 2035 2 1 .

60 2064 130 29 including
221 2061 77 24 the—
299 2057 133 33 Plymouth
473 2055 120 24 Brethren

56 2108 64 25 four,
134 2105 48 25 and
194 2107 20 22 3.
220 2112 27 17 or
259 2105 16 21 4
287 2103 53 30 Lay
351 2100 145 25 Keadersor
516 2097 78 24 Local

60 2150 133 25 Preachers
206 2150 26 22 to
243 2145 101 33 provide
361 2144 37 24 for
416 2151 45 16 our
480 2141 114 32 Spiritual

60 2193 86 24 needs.
182 2191 62 24 Now
256 2190 13 23 I
287 2187 72 26 think
376 2187 67 23 lam
460 2185 94 24 correct
565 2183 30 23 In
606 2191 2 15 ;

61 2243 87 23 sajing
159 2240 65 18 none
245 2232 27 24 of
285 2232 49 23 bur
345 2229 120 31 -Regular^
480 2226 116 30 Ministry

60 2278 65 24 have
207 2274 85 31 family
295 2275 3 11 1
310 2275 25 23 to
352 2271 101 33 provide
469 2270 53 28 foiy
534 2276 26 17 so
569 2268 35 24 "I'

61 2320 82 26 would
159 2318 120 26 calculate
298 2316 64 24 their
380 2313 76 26 needs
475 2314 26 23 at
514 2311 83 25 -about
605 2310 3 11 :

61 2367 54 23 30s.
128 2372 43 23 per
183 2361 67 26 week
267 2362 26 23 to
310 2358 96 26 include
420 2357 48 25 five
486 2355 110 30 shillings

61 2412 26 21 to
116 2408 29 24 be
164 2404 144 27 distributed
330 2403 28 23 in
378 2401 112 30 Charity.
545 2398 51 24 The

60 2451 98 27 Locals,
184 2457 68 17 some
264 2448 27 25 of
308 2447 82 25 whom
411 2452 65 18 seem
498 2450 27 17 as
545 2441 21 25 if
583 2450 13 15 a

61 2495 67 30 large
141 2493 95 30 display
248 2491 27 25 of
293 2489 142 26 shirt-front
455 2486 49 25 and
515 2486 82 30 ignor-

61 2545 62 17 ance
135 2544 63 17 were
210 2534 65 26 their
290 2532 70 26 stock
374 2532 27 24 in
414 2530 75 30 trade,
508 2527 91 27 should

61 2581 94 25 receive
167 2582 42 22 ten
229 2575 125 32 shillings,
373 2574 99 31 weekly,
496 2572 103 29 making

62 2626 42 23 the
117 2631 56 16 sum
185 2621 26 25 o?
221 2620 76 25 about
309 2620 34 23 £8
355 2626 43 24 per
411 2616 64 25 week
492 2623 26 17 or
530 2614 67 25 £416

62 2675 43 24 per
125 2673 65 24 year.
237 2664 35 24 To
291 2661 100 33 provide
413 2660 41 24 the
472 2665 125 23 necessary
606 2662 2 15 :

62 2710 76 25 funds
150 2709 35 25 let
204 2716 16 17 a
239 2704 137 28 household
395 2705 54 24 rate
468 2704 32 23 be
517 2700 82 27 struck

62 2758 27 21 to
109 2754 63 24 raise
184 2751 98 31 enough
302 2750 48 24 and
371 2748 43 26 the
435 2747 72 30 thing
522 2746 23 24 is
560 2752 39 17 ac-

63 2796 163 31 complished,
255 2793 97 25 besides
384 2784 83 32 which
477 2797 36 17 we
536 2787 64 25 shall

63 2841 74 24 make
157 2839 43 25 the
225 2837 72 26 Saint
320 2843 47 24 pay
387 2842 26 17 as
437 2833 54 24 well
514 2839 27 18 as
557 2831 43 24 the

65 2885 93 24 sinner.
201 2881 106 25 Prevent
327 2887 46 17 our
395 2877 112 25 children
526 2874 75 31 being

63 2927 73 24 made
148 2925 103 31 cadgers
268 2923 33 28 of,
319 2922 68 30 Keep
407 2928 46 18 our
475 2918 126 25 ministers

64 2970 50 25 and
134 2968 66 25 their
219 2967 75 24 wives
313 2965 64 25 from
398 2963 95 32 getting
512 2961 87 32 proud,

63 3014 102 32 prevent
187 3011 48 25 bad
257 3008 122 32 thoughts
397 3007 94 30 arising
510 3005 28 24 in
557 3012 45 17 our

63 3057 78 24 midst
160 3053 111 32 through
295 3052 92 29 having
407 3052 27 22 to
452 3047 88 26 attend
557 3047 44 24 the

64 3101 60 24 door
136 3103 24 20 to
173 3104 96 19 answer
280 3095 19 25 if
315 3102 48 25 you
374 3092 51 26 will
435 3092 51 31 buy
498 3099 16 17 a
524 3090 77 25 ticket

64 3152 27 17 or
110 3144 53 27 not,
182 3141 50 25 and
250 3138 127 34 generally
397 3139 27 22 to
442 3136 100 30 destroy
561 3134 40 24 the

63 3187 70 25 trade
150 3186 26 24 of
188 3184 44 25 the
249 3182 85 25 Ticket
345 3181 67 24 fiend
428 3179 51 24 and
489 3179 51 24 last
558 3177 44 24 but

64 3233 46 22 not
121 3229 72 29 least,
212 3229 27 23 to
255 3227 27 23 in
307 3232 67 18 some
395 3222 75 26 small
488 3228 114 18 measure

64 3274 58 31 help
142 3274 26 23 to
188 3272 58 24 shoe
266 3269 44 25 the
329 3268 85 25 horses
427 3265 50 25 and
496 3264 61 31 keep
576 3264 26 23 in

65 3317 71 25 order
148 3315 44 25 the
204 3316 66 29 traps
281 3312 27 25 of
317 3311 44 25 the
372 3310 96 25 Locals,

164 3384 15 25 I
197 3391 40 17 am
254 3382 110 27 Madam,

298 3441 75 25 yours
390 3434 51 27 &c,

363 3510 2 3 .
393 3471 214 50 DISGUSTED.^

285 3653 109 25 HOME.

67 3698 107 24 Written
203 3696 117 33 specially
351 3696 38 24 for
406 3695 43 24 the
482 3694 121 24 Observer

227 3729 33 30 by
279 3729 71 30 Lady
362 3727 75 25 Cook.
498 3731 3 25 ;

91 3810 4 4 •
102 3795 51 24 Our
165 3794 96 32 subject
278 3793 22 25 is
313 3801 14 16 a
339 3793 58 24 trite
410 3791 49 25 and
471 3790 138 25 well-worn,

68 3842 54 21 one,
149 3835 42 30 yet
210 3834 21 23 it
247 3841 75 16 never
341 3831 100 25 wearies
462 3830 49 24 and
531 3837 76 16 never

69 3880 80 22 grows
178 3871 79 27 stale.;
294 3870 35 27 In.
346 3869 42 25 the
413 3868 83 24 hearts
515 3866 27 24 of
565 3868 42 22 the

68 3911 107 32 English
188 3918 63 21 race,
264 3905 106 37 perhaps
383 3908 78 24 above
469 3906 33 24 all
514 3906 84 24 others

71 3950 42 24 the
134 3948 66 26 word
234 3950 82 26 home,
346 3946 92 31 aiuoiig;
457 3945 72 35 thpse
551 3944 56 24 who

68 3990 60 24 have
141 3990 44 24 felt
205 3990 32 24 its
249 3989 53 24 real;
316 3986 128 31 'meaning',
462 3986 22 23 is
496 3983 111 26 associa-

68 4028 43 24 ted
133 4027 62 25 with
221 4022 141 29 whatever'"
372 4025 22 24 is
406 4023 128 26 'Sweetest
556 4021 52 24 and
607 4021 3 14 1

69 4068 86 30 purest
177 4066 26 25 in
222 4065 51 25 life.
291 4078 3 2 ■
309 4073 36 16 we
356 4063 73 26 thhak
445 4063 26 24 of
489 4062 75 24 home
578 4064 32 21 as'

69 4106 42 23 the
123 4106 54 23 seat
188 4104 27 25 of
225 4104 33 24 all
266 4104 84 31 gentle
360 4102 134 24 influences
504 4108 5 16 :
523 4108 87 23 peace.;

68 4144 62 28 love,
141 4142 140 32 happiness,
289 4141 51 24 and
348 4139 121 25 unselfish
490 4138 119 30 delights.;

69 4183 54 26 The.
132 4184 70 29 poets
214 4183 69 25 have.
288 4188 72 17 never
380 4179 64 25 tired
455 4178 27 24 of
507 4177 103 31 singing

67 4222 33 27 its
111 4222 101 30 praises,
231 4220 117 31 and^qne
367 4219 27 24 of
403 4218 70 26 them
483 4234 7 7 ,
499 4216 48 26 has

66 4268 29 17 us
106 4260 27 24 in
141 4282 3 3 .
153 4259 101 31 homely
266 4258 49 24 and
327 4256 111 32 pathetic
449 4262 81 21 verse,
553 4254 56 24 that

144 4298 21 24 it
188 4305 55 16 ever
264 4303 28 17 so
314 4285 112 38 tumble,
452 4284 113 37 there's,
576 4289 34 26 no'

61 4331 39 34 pl'a
113 4325 31 34 ce^
168 4334 48 24 like
238 4330 108 39 h'olne.";
369 4324 68 31 'But
459 4327 151 33 clergyisien,-

68 4372 103 24 -rtiedieal
182 4376 68 22 men;
267 4366 143 35 policemeri>
423 4366 62 25 'aiid
510 4365 100 25 districii

64 4411 108 27 visitors,
193 4409 72 26 could
285 4407 108 33 possibly
405 4406 44 26 tell
462 4404 148 26 us-'anOtheri

68 4449 57 24 tale.
160 4448 84 31 Byron
255 4447 97 26 wrote.*
369 4447 13 23 i
401 4448 75 22 ..i-\zii
496 4451 47 19 tl^
606 4450 4 20 3

708 204 69 20 sweet
785 204 25 21 to
819 204 56 21 hear
883 204 41 21 the
934 204 147 25 watch-dog'a

992 235 82 22 honest
1086 235 59 21 bark

661 272 49 24 Bay
720 270 175 26 deep-mouthed
903 270 106 21 welcome
1027 276 26 15 as
1063 275 33 16 we
1111 268 60 23 drew

994 308 57 15 near
1063 301 79 26 home;

658 336 49 21 'Tis
717 337 69 20 sweet
794 336 25 21 to
835 337 66 21 know
910 337 67 22 there
995 336 20 21 is
1025 343 30 14 an
1072 343 42 19 eye
1122 336 49 21 -will

1079 364 65 21 mark

660 398 47 21 Our
721 397 95 27 coming,
833 397 46 21 and
888 397 52 21 look
950 397 105 26 brighter
1063 397 66 21 when

1011 435 34 14 we

666 470 62 26 This
750 479 51 17 was
822 480 13 15 a
863 471 121 32 patrician
1003 472 78 31 poet's
1102 472 67 25 view.

630 509 84 24 Burns
731 508 68 32 gives
811 509 44 25 the
866 510 118 30 peasants
996 518 6 15 :
1004 523 33 5 —

695 562 47 14 wee
750 555 37 21 bit
795 555 70 26 ingle,
879 556 96 20 blinken
983 556 103 26 bonnily,

630 587 43 21 His
682 588 65 20 clean
755 587 72 21 heath
846 588 71 24 stane,
927 587 36 22 bis
981 587 93 22 thriftie
1087 587 82 21 wifie's

1039 619 73 22 smile.

628 654 49 21 The
685 653 88 27 lisping
781 653 77 21 infant
867 653 113 26 prattling
989 659 29 14 on
1027 653 36 20 his
1072 653 65 24 knee,

628 686 60 20 Does
697 686 32 19 all
737 686 36 19 his
783 691 75 19 weary
875 684 96 27 carking
983 690 63 15 cares
1063 684 100 26 beguile,

632 719 31 16 An
673 718 77 20 makes
759 717 49 19 him
817 717 64 25 quite
889 716 78 26 forget
985 716 35 20 his
1030 715 80 21 labour
1121 715 47 20 and

996 747 38 21 his

662 792 37 25 To
710 792 63 24 have
785 792 70 23 one's
875 790 74 25 home
968 789 93 25 broken
1081 796 42 24 up,
1141 788 25 24 to

628 832 51 24 lose
689 837 27 18 or
729 831 26 23 to
766 828 31 25 be
808 828 106 24 without
926 835 14 16 a
948 827 84 29 home,
1051 834 42 17 are
1105 825 62 26 each

628 874 141 33 significant
789 874 27 24 of
826 873 43 25 the
882 874 108 30 greatest
1008 872 92 31 misery
1112 870 55 26 that

628 923 47 17 can
698 914 108 31 happen.
853 912 79 24 These
955 912 81 24 extort
1056 910 44 25 the
1110 918 57 24 pio-

628 954 182 31 foundestpity.
830 952 81 26 When
920 951 152 32 Longfellow
1082 950 84 25 writes

628 996 27 24 of
664 995 43 25 the
718 994 110 30 burning
848 992 26 25 of
885 992 154 27 Grand-Pre,
1063 990 33 25 he
1109 998 56 24 says

628 1034 26 24 of
681 1033 33 23 its
734 1030 93 33 people,
1032 1027 131 29 homeless,

627 1070 131 29 homeless,
793 1068 122 31 hopeless,
945 1067 61 30 they
1034 1065 131 26 wandered

627 1110 64 23 from
703 1109 49 28 city
764 1109 26 22 to
915 1105 82 24 When
1007 1104 114 24 however
1132 1103 32 24 he

618 1135 2 19 '
628 1149 107 31 pictures
747 1146 41 25 the
799 1145 118 24 innocent
929 1143 51 25 and
987 1143 83 30 happy
1079 1142 84 24 Evan-

628 1188 80 31 geline
742 1185 130 30 returning
900 1183 65 25 from
989 1182 111 27 Church,
1130 1181 33 24 he

627 1234 108 24 says;-—
803 1250 3 4 ,
848 1247 2 3 .

812 1267 103 26 serenely
925 1267 41 20 she
975 1265 88 21 -walked

681 1301 56 19 with.
747 1300 67 19 God's
823 1298 145 21 benediction
977 1303 62 20 upon
1048 1296 48 21 her.

653 1334 75 20 When
738 1333 39 19 she
787 1331 82 26 passed
877 1331 21 19 it
909 1330 90 20 seemed

679 1365 40 20 the
729 1364 91 26 ceasing
830 1363 24 20 of
864 1362 114 27 exquisite
987 1362 73 20 music

658 1410 52 24 But
722 1408 105 25 towards
840 1407 42 25 the
894 1406 129 28 homeless,
1031 1413 68 20 ones,
1118 1404 44 25 the

625 1448 99 27 forlorn,
743 1446 44 24 the
808 1446 107 27 outcast,
922 1467 2 2 .
934 1444 47 24 and
1005 1451 61 16 even
1089 1443 73 24 those

625 1488 82 23 whose
719 1486 82 24 follies
824 1493 25 16 or
861 1484 93 25 virtues
977 1483 65 24 have
1053 1482 109 31 brought

625 1525 69 24 them
717 1526 26 23 to
773 1524 47 23 this
847 1521 134 29 condition,
1011 1521 44 24 the
1084 1521 76 29 poets,

623 1564 165 31 interpreting
799 1564 33 23 its
844 1571 56 16 own
911 1562 72 24 heart
997 1563 24 22 to
1033 1560 128 30 humanity

623 1604 65 23 have
706 1601 63 24 been
794 1601 121 30 infinitely
943 1599 96 24 tender.
1085 1598 76 23 Kirke

626 1641 83 26 White
732 1642 75 23 wrote
820 1648 14 16 a
852 1647 73 24 poem
937 1639 25 24 of
984 1639 60 23 nine
1061 1639 100 23 stanzas

624 1690 33 17 on

624 1724 118 22 'Destined
750 1724 25 21 to
784 1730 93 20 pamper
887 1719 41 24 tlid
940 1722 86 20 vieious
1030 1719 63 22 'one's
1097 1725 3 6 '

1030 1754 112 28 appetite:

639 1792 103 27 Spurned
750 1792 32 25 by
790 1791 40 20 the
839 1790 82 25 beings
931 1789 51 20 who
991 1787 66 21 lured
1066 1787 54 21 thee

623 1831 12 15 •;.
790 1835 5 3 -
837 1824 20 14 •'•
897 1823 60 20 from
969 1822 122 20 innocence
1101 1829 4 11 :

624 1860 96 25 Sinking
729 1857 126 21 unnoticed,
861 1857 25 20 in
896 1862 82 15 sorrow
987 1855 47 21 and
1040 1855 122 26 indigence

623 1891 165 21 Thotihastno
801 1888 95 24 friends,
910 1888 35 20 for
963 1887 56 26 they
1038 1884 58 23 -with
1103 1886 58 28 -'thy

973 1919 77 21 virtue
1060 1918 45 20 fled
1112 1922 12 20 ;'

623 1958 65 21 Thou
702 1956 37 20 art
748 1962 30 14 an
792 1955 89 22 outcast
899 1951 60 27 fvoni
968 1954 70 21 house
1048 1952 47 20 and
1103 1952 59 20 from

712 2002 3 2 .
726 1991 3 3 '
754 1996 17 10 .-.
872 2002 4 6 ,
971 1985 136 26 happiness;

624 2021 140 26 Wandering
781 2021 65 20 alone
856 2027 30 14 on
902 2020 40 20 the
952 2019 57 20 wide
1017 2018 90 27 .world's
1119 2025 44 13 un-

671 2048 27 14 '•"'
724 2048 92 14 ■'-••••■
874 2047 4 11 ;
895 2056 5 2 ■
954 2053 86 25 feeling

660 2091 55 26 And
726 2092 62 25 then
808 2092 156 29 contrasting
982 2091 42 23 the
1037 2091 33 23 lot
1082 2090 27 24 of
1121 2090 41 24 the

625 2139 59 17 once
702 2131 116 24 innocent
837 2130 45 31 girl
906 2130 56 24 with
989 2129 55 25 that
1068 2128 27 24 of
1117 2128 46 24 her

624 2174 121 24 heartless
756 2173 109 28 seducer,
884 2173 32 23 he
928 2172 132 24 concludes
1072 2189 5 5 .
1080 2185 33 4 —

627 2218 101 20 •Nowhe
745 2218 129 25 perhapsis*
883 2212 101 25 recliired
1003 2223 53 13 ona
1073 2216 46 20 bed
1129 2213 25 23 of

878 2259 23 12 -.?.-
910 2257 16 14 :.
928 2260 22 11 .>•
960 2259 43 13 .-..:..«•
1028 2248 146 24 dow»n;;!.><.j.^

625 2284 47 21 But
681 2283 19 20 if
709 2290 14 14 a
733 2283 85 21 wretch
826 2283 47 20 like
882 2282 48 20 him
940 2282 73 26 sleeps
1022 2282 24 20 in
1056 2281 106 26 security,

625 2318 50 20 G-od
684 2317 24 20 of
726 2317 96 25 thefedj
823 2315 5 16 :
827 2310 72 32 't^ght
908 2310 63 27 arnri
985 2316 85 20 'Where
1080 2315 21 20 is
1119 2315 44 25 thy

926 2348 150 20 thunderbolt

660 2388 87 24 James
758 2386 97 25 Eussell
865 2386 93 24 Lowell
971 2386 51 24 also
1041 2386 76 24 wrote
1136 2386 26 23 at

626 2425 76 25 much
714 2426 97 30 greater
822 2424 85 31 length
919 2430 33 18 on
964 2425 42 23 the
1018 2431 68 17 same
1105 2422 57 25 sub-

624 2466 58 31 ject,
779 2464 136 25 Forlorn"':
935 2464 25 24 It
971 2464 22 23 is
1006 2471 14 16 a
1037 2462 62 25 dark
1112 2462 51 24 and

627 2503 74 24 bitter
712 2502 71 31 night
795 2501 26 24 of
831 2502 111 30 stinging
955 2499 61 26 sleet
1029 2509 5 21 ;
1081 2500 50 24 and

655 2546 61 20 '•One
725 2552 63 20 poor,
801 2545 172 23 heartrbroken,
987 2544 90 21 outcast
1092 2544 45 26 girl

750 2580 42 20 the
801 2580 50 20 east
860 2579 78 21 wind's
950 2578 120 26 searching

660 2619 111 24 Beneath
783 2619 44 24 the
838 2618 112 24 windows
966 2617 27 25 of
1003 2626 15 15 a
1027 2625 75 16 warm
1114 2616 50 25 and

628 2667 60 23 cozy
699 2657 83 30 home,

695 2701 66 21 hea.rs
771 2707 14 14 a
793 2700 105 21 woman's
907 2700 62 20 voice
980 2700 81 20 within

642 2736 97 26 Singing
748 2735 69 21 sweet
825 2735 73 20 words
907 2735 43 20 her
962 2734 122 20 childhood
1093 2735 71 23 knew,

641 2768 52 21 And
702 2774 66 19 years
777 2767 24 20 of
809 2768 84 24 misery
902 2767 47 19 and
958 2767 36 19 sin

642 2802 56 20 Furl
707 2801 39 24 off,
760 2801 46 20 and
815 2807 64 14 *eave
888 2800 41 20 her
938 2800 89 20 heaven
1035 2800 60 20 blue.

661 2838 72 25 With
745 2838 43 24 the
800 2838 41 24 old
853 2844 61 24 song
923 2837 41 24 old
976 2836 73 25 times
1062 2836 50 24 and
1124 2836 42 24 old

629 2878 119 31 thoughts
757 2878 87 24 return
856 2878 26 23 to
893 2877 42 24 the
949 2876 77 31 dying
1035 2884 97 17 woman
1142 2884 5 16 :

658 2920 132 22 '•Enhaloed
798 2920 31 26 by
838 2926 15 14 a
861 2920 62 24 mild,
940 2925 69 14 -warm
1018 2919 66 25 glow,

629 2956 71 20 From
708 2954 33 21 all
749 2953 122 27 humanity
881 2953 73 26 apart,

630 2989 44 20 She
683 2988 66 20 hears
759 2987 38 20 old
806 2986 111 26 footsteps
926 2985 134 27 wandering
1069 2986 55 20 slow

628 3022 110 26 Through
746 3021 41 21 the
798 3021 51 20 lone
859 3021 117 20 chambers
992 3021 24 20 of
1025 3021 42 19 her

662 3059 57 24 And
738 3059 72 24 when
830 3059 59 23 next
909 3057 134 31 morning:

630 3098 38 24 sin
686 3097 49 24 and
752 3104 89 17 sorrow
853 3095 59 29 free,
931 3103 15 17 a
966 3102 97 18 woman
1076 3102 33 17 on
1124 3094 44 24 the

629 3137 126 26 threshold
896 3135 94 26 Lowell
1020 3135 155 32 beautifully,

629 3177 128 26 moralises
768 3185 33 16 on
812 3176 43 25 the
870 3184 80 23 power
959 3184 14 17 o
976 3177 8 18 f
994 3176 54 24 that
1068 3175 95 25 hither-

630 3218 26 23 to
672 3215 122 32 forgotten
816 3214 80 24 music
916 3214 27 24 of
961 3214 45 24 her
1026 3213 142 30 chiidhood,

630 3253 83 25 which
737 3252 51 25 had
800 3252 114 25 cleansed
936 3252 44 24 the
1006 3253 54 24 soul
1086 3252 25 24 of
1128 3253 42 23 the

630 3291 126 32 perishing
768 3292 106 27 outcast,
893 3290 50 25 and

1013 3345 42 19 not
1070 3350 65 15 scorn
1173 3356 2 15 ;

708 3379 32 21 To
750 3379 59 21 close
818 3378 40 21 the
868 3379 44 20 lids
921 3384 62 21 upon
991 3379 47 23 the.
1041 3384 52 20 eyes

710 3410 30 21 Of
748 3411 41 20 the
797 3410 106 26 polluted
912 3410 47 21 and

664 3449 53 24 The
737 3448 67 25 slave
824 3448 27 23 in
870 3448 40 23 his
928 3448 98 24 dreams
1044 3447 84 25 thinks
1144 3454 26 17 or

630 3487 84 30 home,
731 3486 49 24 and
793 3493 51 18 sees
946 3485 135 31 dark-eyed
1093 3492 78 24 queen

632 3534 90 23 among
731 3525 45 25 her
783 3525 114 24 children
1041 3525 54 24 The
1110 3525 62 24 exile

630 3568 66 23 from
708 3565 64 24 Erin
785 3565 67 28 asks,
1088 3586 4 2 .
1132 3586 4 3 .

632 3611 101 21 '•Where
742 3610 19 21 is
771 3617 38 19 my
819 3609 131 22 cabin-door
959 3609 47 20 fast
1017 3610 31 25 by
1056 3609 42 20 the
1106 3609 67 20 wild-

1044 3644 78 20 wood?
1174 3639 3 13 !

646 3680 84 21 Where
739 3679 27 20 is-
775 3678 41 21 the
825 3677 89 21 mother
923 3678 54 20 that
996 3676 82 21 looked
1088 3682 29 14 on
1136 3682 41 19 myj

667 3742 54 24 The
732 3742 90 23 soldier
846 3741 111 30 sleeping
979 3748 33 15 on
1025 3740 44 23 the
1082 3739 91 24 battle-

634 3779 66 30 field,
729 3779 54 24 flies
806 3781 29 26 .tp
862 3778 43 24 the
1104 3776 71 24 fields

635 3816 126 27 traversed'
786 3816 32 25 so'
841 3816 36 24 oft
912 3816 28 23 in
957 3814 74 25 "life's
1058 3815 119 30 morning'

635 3855 86 25 march
733 3854 73 25 when
816 3854 40 24 his
869 3854 88 23 bosom
969 3861 51 16 was
1174 3850 3 16 '

668 3897 51 25 Oar
727 3909 4 6 -
741 3897 51 24 late
799 3897 2 13 :
807 3897 70 30 great
893 3894 123 25 Laureate
1036 3894 90 24 make'*
1134 3895 43 23 the

726 3936 41 26 Sir
939 3943 43 22 say
995 3936 25 22 to
1041 3934 45 32 hi?;
1098 3934 83 31 dyiugt-

637 3975 90 24 Prince
736 3982 6 16 :
745 3988 33 5 —
1174 3979 4 11 '

630 4014 59 25 ''Ah!
700 4024 39 20 my
748 4017 61 21 Lord
818 4017 94 24 Arthur,
921 4016 99 21 whither
1028 4015 60 20 shall
1096 4015 13 19 I
1119 4016 43 24 go?
1174 4021 3 16 [

630 4045 90 21 .Where
726 4045 59 19 shall
790 4045 14 19 I
809 4044 54 20 hide
867 4050 38 20 my
911 4042 158 21 foreheadand
1074 4047 36 20 my
1114 4042 64 25 eyes?

637 4073 45 20 For
691 4078 50 14 now
750 4071 13 20 I
772 4077 38 14 see
819 4071 41 20 the
869 4071 53 19 true
931 4070 40 20 old
980 4070 68 19 times
1053 4074 38 14 are
1098 4068 64 21 dead.
1173 4073 4 7 l

630 4099 82 21 ••When
722 4097 187 27 every^morning
914 4096 101 26 brought
1028 4102 14 13 a
1056 4095 68 22 noble
1175 4110 3 13 ,

1072 4122 79 23 chanc,

637 4151 54 22 And
708 4157 68 20 every
786 4150 190 26 chanecbrotght
985 4150 40 19 out
1034 4155 15 13 a
1058 4148 68 20 noble
1175 4157 3 11 i

935 4183 15 18 ■-
1014 4193 19 7 ....
1061 4174 91 25 knight.
1155 4191 25 11 ...

639 4264 48 21 But
696 4269 50 16 now
754 4263 41 21 the
804 4262 73 22 whole
878 4277 4 7 ;
890 4260 75 22 round
973 4260 65 21 table
1047 4259 20 20 is
1082 4258 45 21 dis-

634 4302 2 4 .
727 4286 49 18 '-'-.-
818 4285 84 27 ■'''.'..
925 4289 26 24 •'
1024 4284 78 23 solved
1175 4282 3 26 !

640 4313 84 26 Which
732 4322 47 16 was
788 4316 33 22 an'
828 4316 75 25 image
913 4314 24 22 of
946 4314 40 22 the
996 4313 92 26 mighty
1097 4311 72 24 world
1175 4317 6 19 5

635 4343 58 22 'Arid
697 4345 24 23 -Ii
734 4343 46 22 the'
783 4343 53 24 last,
852 4349 29 20 go
894 4341 64 21 forth
968 4336 188 29 companionless,
1174 4360 4 4 .

641 4371 53 21 Arid
701 4371 42 21 the
755 4370 63 27 'days
828 4368 87 22 darken
933 4367 74 21 round
1016 4369 52 21 Die,:
1075 4364 48 25 and;
1123 4374 2 4 •
1139 4365 42 21 the

662 4407 156 13 „..•••
866 4414 2 2 .
899 4404 19 16 .-
932 4401 24 12 •'
971 4403 6 6 •*
1063 4397 74 21 years,
1175 4394 4 24 |

642 4424 88 27 Apiong
739 4427 51 24 ne^
809 4428 60 19 men,
883 4421 94 26 strange
986 4419 68 24 faces,
1065 4418 74 26 pthei?;
1175 4421 3 19 ;

1234 200 22 24 A
1267 200 75 24 home
1365 200 22 24 is
1409 198 44 26 the
1475 198 70 31 place
1563 198 80 25 where
1666 197 71 24 those

1200 239 57 25 who
1279 239 56 25 love
1357 240 66 24 meet
1451 238 114 31 together
1591 238 26 23 in
1643 237 94 30 private

1199 279 160 26 communion
1368 286 5 17 :
1393 278 43 25 the
1448 277 68 31 place
1533 277 77 24 where
1622 277 56 30 they
1690 284 47 15 can

1199 319 101 25 unbend
1323 318 50 25 and
1395 318 31 25 be
1446 318 26 24 at
1484 325 56 18 ease
1564 324 91 22 arnong
1666 315 71 24 those

1199 358 58 25 who
1268 365 42 17 are
1318 357 95 24 dearest
1422 357 25 23 to
1456 355 77 24 them.
1568 354 74 24 Horn
1654 353 83 24 Tooke

1199 395 58 26 tells
1276 402 31 17 us
1333 395 56 24 that
1411 393 44 25 the
1478 393 67 25 word
1568 391 22 25 is
1616 390 43 26 the
1681 393 56 28 past

1199 435 119 31 principle
1346 433 27 26 of
1399 433 44 25 the
1471 431 179 32 Anglo-Saxon
1679 430 56 24 verb

1198 474 114 29 haeman,
1331 473 27 25 to
1366 479 68 19 come
1441 470 120 32 together.
1596 468 52 26 But
1660 476 28 17 as
1699 476 38 17 we

1198 513 64 26 have
1281 520 66 21 seen,
1365 519 37 18 we
1413 511 63 24 have
1486 508 112 26 invested
1619 508 21 25 it
1649 508 60 25 with
1721 517 14 15 a

1198 550 125 26 thousand
1342 549 98 25 tender'
1452 546 169 28 associations,
1652 545 83 25 which

1198 588 71 25 make
1280 588 20 26 it
1315 588 47 26 .the.
1372 585 98 33 symbol
1481 585 27 25 of
1526 583 122 38 domestic,
1667 583 66 24 felic-

1197 615 60 43 ity/

1231 663 58 29 Yet,
1307 663 28 24 in
1349 668 72 25 every
1432 660 76 25 social
1519 659 88 31 sphere
1628 666 36 16 we
1676 665 57 24 may

1196 701 54 24 find
1259 701 56 24 that
1326 700 70 25 there
1407 706 42 18 are
1460 696 138 26 thousands
1606 696 27 24 of
1643 696 90 24 houses

1196 739 82 25 which
1294 747 42 17 are
1357 738 59 31 only
1436 737 88 24 homes
1540 736 28 24 in
1588 742 83 22 name,
1699 734 34 25 all

1196 779 42 25 the
1260 779 120 25 elements
1399 777 27 25 of
1443 776 73 31 unity
1538 776 48 23 and
1609 774 123 31 harmony

1196 819 74 32 being
1281 819 96 25 absent.
1420 817 58 25 And
1489 816 73 25 when
1573 823 37 17 we
1622 814 111 25 considsr

1194 857 58 25 how
1279 856 85 27 sacred
1384 856 49 24 and
1460 853 170 31 far-reaching
1648 852 28 25 in
1698 852 34 25 its

1195 903 182 23 consequences
1412 894 22 24 is
1473 901 14 15 a
1526 890 206 25 well-conducted

1194 932 146 30 household,
1370 932 55 25 how
1448 931 56 25 vast
1524 929 44 25 the
1692 928 38 24 in-

1194 972 96 25 fluence
1299 972 21 25 it
1332 972 119 24 exercises
1464 971 64 24 from
1545 968 85 32 youth,
1638 969 26 23 to
1676 976 53 23 age,

1194 1018 35 16 we
1241 1011 89 23 cannot
1350 1009 76 24 doubt
1446 1009 55 24 that
1514 1007 40 25 the
1574 1006 85 32 purity
1682 1007 49 23 and

1194 1048 96 25 welfare
1308 1047 25 25 of
1358 1047 43 25 the
1422 1045 127 25 humblest
1570 1040 82 28 home'
1667 1043 22 25 is
1716 1051 14 17 a

1194 1089 91 23 matter
1296 1087 26 25 of
1331 1087 112 25 national
1458 1086 164 30 importance.
1643 1084 86 31 Splen-

1192 1126 43 22 did
1246 1134 28 15 or
1286 1126 97 29 simple,
1406 1124 62 24 each
1479 1124 22 23 is
1513 1131 15 15 a
1545 1122 118 31 powerful
1674 1122 55 23 unit

1192 1163 37 23 for
1246 1162 65 31 good
1333 1171 28 15 or
1384 1162 55 28 evil,
1457 1169 15 16 a
1498 1160 79 24 sound
1599 1167 27 16 or
1648 1160 81 23 rotten

1192 1202 69 24 brick
1272 1202 25 23 in
1318 1201 42 24 the
1372 1201 79 25 whole
1469 1200 76 25 social
1565 1199 93 24 edifice.
1704 1199 25 24 It

1192 1242 107 23 becomes
1328 1247 136 23 necessary,
1493 1239 129 29 therefore,
1648 1237 21 24 if
1692 1246 36 16 we

1192 1280 80 25 would
1286 1280 28 25 be
1326 1287 143 24 prosperous
1481 1287 28 16 as
1532 1287 14 15 a
1563 1278 96 28 nation,
1678 1277 50 24 and

1191 1318 60 24 have
1276 1326 14 16 a
1310 1318 148 25 wholesome
1480 1317 91 28 future,
1596 1317 54 24 that
1657 1339 2 1 .
1672 1322 56 25 par-

1191 1359 90 24 ticular
1303 1359 87 31 regard
1402 1358 90 25 should
1504 1358 29 24 be
1557 1357 74 33 given
1643 1358 26 23 to
1681 1364 45 17 our

1191 1405 55 27 o\yn
1268 1397 95 28 homes,
1402 1397 50 24 and
1474 1397 103 24 suitable
1600 1402 126 18 measures

1191 1437 116 30 provided
1322 1439 27 22 to
1368 1444 84 18 secure
1472 1436 44 24 the
1539 1436 85 24 homes
1636 1434 27 25 of
1683 1434 44 24 the

1191 1482 66 23 poor.

1224 1515 46 25 We
1282 1522 58 24 may
1351 1514 53 31 pity
1427 1514 70 24 those
1509 1513 52 24 who
1584 1512 62 24 from
1659 1511 57 25 reck
1718 1526 7 17 :

1191 1555 104 24 lessness
1307 1562 28 16 or
1357 1554 75 24 wilful
1457 1554 153 24 misconduct
1629 1552 97 29 destroy

1191 1595 64 23 their
1272 1601 56 17 own
1351 1593 119 24 domestic
1492 1600 83 23 peace,
1593 1592 57 24 who
1669 1592 58 23 ruin

1191 1640 55 16 own
1257 1632 61 24 lives
1330 1630 139 30 andthose.
1475 1630 251 30 sf_thejr^children,

1190 1672 42 29 yet
1255 1678 35 17 we
1303 1670 116 24 ..cannot-..
1424 1668 66 32 give:
1497 1668 68 25 them
1585 1667 64 25 their
1661 1675 65 23 sym-

1190 1708 86 32 pathy.
1321 1707 44 24 We
1389 1715 58 23 may
1469 1705 53 25 feeT
1539 1707 40 23 for
1591 1706 73 28 them,
1684 1707 43 22 but

1191 1750 44 23 not
1246 1748 61 25 with
1326 1747 78 26 them.
1450 1747 52 24 But
1519 1754 37 16 we
1575 1745 86 25 must''
1666 1745 61 25 both

1191 1788 53 31 pity
1256 1787 48 24 and
1316 1783 155 35 sympathise'
1490 1777 115 34 witb^the
1617 1776 109 40 children

1191 1825 26 23 of
1226 1824 155 29 misfortune,
1384 1831 2 3 1
1401 1820 54 27 arict'
1474 1823 61 24 with
1553 1822 34 24 all
1595 1843 2 3 .
1608 1813 71 43 wjV:.
1686 1829 42 16 are

1191 1863 115 31 deprived
1325 1863 24 24 of
1366 1863 44 23 the
1431 1861 115 25 comforts
1570 1861 62 30 of^g.
1651 1861 84 28 home;

1191 1901 118 30 through"'
1313 1900 49 25 the.
1377 1898 162 26 unavoidable
1558 1898 174 37 accjd^eni^.Qf

1191 1939 50 23 life.
1271 1938 77 25 What
1359 1938 61 24 then
1431 1936 88 25 should
1526 1936 30 25 be
1568 1944 45 17 our
1619 1929 109 38 -feelings

1191 1976 120 25 forthose
1332 1975 61 26 who:
1402 1982 76 18 never
1500 1974 72 25 knew
1591 1981 54 21 one,

1191 2025 69 16 came
1284 2016 53 23 into
1366 2015 44 24 the
1432 2014 79 25 world
1539 2013 135 31 enveloped
1695 2013 33 31 by

1191 2054 90 30 misery
1297 2053 50 24 and
1367 2051 135 33 depravity,
1521 2051 57 24 who
1598 2058 61 17 were
1671 2058 57 16 nur-

1192 2093 71 24 tured
1281 2093 27 24 in
1337 2092 84 28 crime,
1455 2091 59 24 bred
1540 2091 27 24 in
1585 2091 141 31 ignorance,

1191 2133 114 28 idleuoss,
1324 2131 49 25 and
1385 2131 73 31 filthy
1472 2130 187 31 surroundings,
1679 2129 49 25 and

1191 2171 95 31 taught
1293 2172 25 22 to
1337 2170 48 24 live
1398 2169 120 30 viciously
1521 2194 9 7 v
1582 2168 84 24 others
1687 2175 42 15 are

1191 2208 137 31 virtuously
1338 2208 28 22 ?'
1377 2207 62 23 How
1460 2206 47 24 ban
1530 2206 78 23 words
1629 2212 100 24 express

1191 2248 42 25 the
1245 2248 53 31 pity
1310 2246 81 26 which
1403 2245 89 26 should
1501 2244 128 27 be.ielfcfor
1641 2244 70 25 these
1718 2244 17 24 ?>■

1191 2288 57 24 And
1265 2287 66 25 what
1349 2286 31 24 do
1400 2290 43 20 we'
1459 2285 30 24 do
1507 2284 38 26 for
1568 2284 91 25 them?
1679 2283 49 25 No-

1192 2328 89 31 thing,,
1303 2325 138 32 absolutely
1463 2324 142 32 nothing—
1606 2324 85 25 unless
1709 2323 20 24 it

1192 2366 30 24 be
1234 2368 25 22 to
1272 2366 89 31 punish
1380 2364 70 25 them
1468 2364 36 24 for
1527 2362 65 25 their
1616 2363 112 24 environ-

1192 2406 76 23 ment.
1304 2404 63 27 And,
1385 2403 97 28 indeed,
1501 2402 20 23 it
1544 2401 22 24 is
1584 2400 103 24 difficult
1704 2401 25 22 to

1192 2444 71 24 know
1274 2443 66 24 what
1351 2444 68 29 steps
1432 2440 91 25 should
1534 2440 31 24 be
1577 2439 76 24 taken
1660 2454 3 3 •
1670 2439 59 24 with

1192 2481 42 24 the
1263 2480 140 31 hopelessly
1429 2478 126 27 destitute,
1595 2477 48 24 and
1668 2476 61 26 with

1192 2519 127 24 hardened
1347 2517 50 25 and
1427 2515 181 25 irreclaimable
1637 2514 92 24 offend-

1193 2566 48 16 ers.

1225 2596 83 31 Every
1337 2596 72 26 town,
1425 2610 3 3 •
1462 2592 50 25 and
1538 2591 92 25 almost
1659 2596 71 25 every

1194 2639 96 31 village,
1309 2639 45 23 has
1365 2637 33 25 its
1413 2637 77 31 quota
1501 2636 25 24 of
1547 2634 70 25 such.
1653 2634 79 24 Great

1194 2683 69 24 cities
1276 2689 90 18 swarm
1378 2679 60 25 with
1450 2679 75 28 them,
1545 2677 50 26 and
1606 2677 66 25 their
1684 2676 46 25 evil

1193 2727 124 25 influence
1328 2726 23 25 is
1362 2726 44 25 felt
1417 2726 27 24 in
1464 2731 72 23 every
1547 2730 86 17 corner
1653 2721 26 24 of
1689 2721 43 24 the

1194 2771 127 31 kingdom.
1351 2770 31 22 In
1394 2768 115 28 London,
1519 2768 21 23 it
1551 2767 22 24 is
1586 2766 63 28 said,
1661 2766 71 23 there

1194 2822 42 17 are
1247 2813 63 24 from,
1321 2820 47 16 one
1380 2813 26 23 to
1422 2812 47 24 two
1481 2809 127 26 thousand
1629 2815 104 24 persons

1195 2857 55 25 who
1262 2864 75 17 never
1354 2855 71 24 know
1436 2854 28 24 in
1476 2853 43 25 the
1530 2851 116 32 morning
1655 2852 78 24 where

1196 2900 57 31 they
1265 2899 51 25 will
1326 2898 41 32 lay
1376 2897 68 26 them
1455 2897 71 25 down
1539 2897 25 24 at
1573 2895 81 31 night.
1672 2894 61 24 And

1196 2944 43 23 not
1251 2943 44 23 the
1306 2941 81 25 whole
1398 2940 27 25 of
1431 2942 41 22 the
1484 2940 55 24 evil.
1578 2938 54 25 The
1643 2938 91 24 honest

1196 2980 112 31 working
1328 2987 68 23 poor,
1422 2978 83 25 whose
1528 2980 47 21 two
1598 2977 70 31 great
1688 2975 45 24 dif-

1196 3018 108 25 ficulties
1323 3025 42 16 are
1387 3017 43 24 the
1442 3017 65 22 want
1519 3015 27 24 of
1565 3023 15 16 a
1592 3014 142 31 sufficiency

1196 3057 28 25 of
1249 3055 182 25 remunerative
1455 3053 89 25 labour
1574 3051 50 25 and
1647 3051 88 25 decent

1197 3095 74 26 home
1305 3091 185 27 accomodation
1519 3093 26 22 at
1571 3098 15 17 a
1608 3090 127 24 moderate

1197 3135 63 26 rent,
1279 3140 42 17 are
1332 3132 69 24 often
1416 3130 96 26 thrown
1525 3128 33 33 by
1570 3128 41 25 the
1624 3132 75 20 stress
1711 3127 27 25 of

1198 3173 101 30 poverty
1321 3170 54 24 info
1398 3168 132 31 unwilling
1542 3168 111 32 [contact
1676 3166 58 25 with

1198 3209 43 25 the
1269 3208 116 25 criminal
1421 3206 98 25 classes.
1572 3205 54 24 The
1655 3205 81 24 moral

1199 3255 178 25 consequences
1396 3255 42 16 are
1458 3245 147 33 deplorable.
1640 3245 97 24 Homes

1200 3287 79 24 which
1308 3285 88 26 should
1421 3285 31 24 be
1475 3285 77 24 clean,
1582 3283 154 28 wholesome,

1199 3326 48 25 and
1257 3326 155 31 permanent,
1431 3332 42 17 are
1491 3324 105 31 squalid,
1615 3323 61 24 fetid
1688 3323 50 24 and

1199 3363 149 32 precarious.
1384 3362 54 24 The
1459 3361 89 25 labour
1572 3361 121 31 difficulty
1715 3361 23 24 is

1199 3400 159 32 insuperable
1375 3399 49 25 and
1446 3401 70 23 must
1534 3398 31 25 be
1588 3398 45 26 left
1645 3400 26 24 to
1695 3398 51 25 the.

1199 3441 101 25 natural
1312 3439 127 32 operation
1450 3439 26 24 of
1488 3438 127 24 economic
1626 3439 69 25 laws,
1713 3438 26 24 It

1199 3483 22 23 ia
1232 3481 72 24 futile
1316 3482 26 23 to
1354 3480 106 30 attempt
1472 3480 26 23 to
1514 3481 81 21 create
1606 3478 89 24 labour
1707 3479 32 30 by

1200 3519 82 25 forced
1304 3526 27 17 ov
1361 3516 114 25 artificial
1506 3523 94 21 means,
1630 3516 37 24 for
1690 3516 49 24 this

1201 3558 138 31 eventually
1352 3556 120 31 intensify
1484 3556 43 24 the
1537 3556 57 23 evil.
1629 3556 51 23 But
1692 3563 47 16 one

1201 3600 71 31 great
1284 3597 67 25 work
1360 3604 47 16 can
1418 3595 31 24 be
1462 3595 71 27 done,
1552 3594 148 30 and,sho»ld
1711 3594 29 23 be

1202 3638 63 24 done
1278 3636 104 25 without
1394 3634 82 31 delay.
1494 3632 90 25 Public
1592 3631 148 26 authorities

1203 3677 88 24 should
1304 3676 29 24 be
1345 3674 110 25 invested
1474 3673 59 24 with
1546 3673 80 30 ample
1636 3693 3 2 .
1646 3680 95 22 powers

1203 3717 26 22 to
1259 3721 79 23 sweep
1368 3720 69 22 away
1465 3711 53 24 foul
1547 3712 148 27 tenements,
1715 3712 26 21 to

1204 3752 98 30 acquire
1314 3756 130 24 necessary
1463 3749 59 23 sites
1535 3748 31 31 by
1579 3747 161 32 compulsion,

1205 3791 50 25 and
1267 3793 26 22 to
1305 3791 65 22 erect
1389 3797 15 16 a
1426 3788 142 31 sufficiency
1591 3787 27 25 of
1639 3787 103 30 healthy

1204 3831 50 24 and
1283 3829 106 25 suitable
1418 3826 189 26 ace'omodation
1634 3827 38 23 for
1698 3826 44 23 the

1198 3869 137 30 ilabouring
1358 3868 93 24 classes
1517 3867 43 23 the
1584 3867 83 23 lowest
1686 3873 56 22 pos-

1205 3909 60 26 sible
1277 3910 153 28 rates-^say,
1449 3907 26 23 at
1487 3914 15 16 a
1514 3906 66 24 clear
1591 3907 15 22 3
1625 3913 42 22 per
1679 3906 63 22 ceut.

1197 3956 42 16 :on
1252 3948 42 24 the
1306 3947 64 25 total
1379 3948 60 22 cost.
1460 3945 53 28 _We
1525 3946 95 29 require
1627 3945 38 23 far
1676 3951 70 17 more

1206 3986 123 31 stringent
1357 3983 139 32 provisions
1525 3983 60 24 than
1612 3990 48 24 any
1688 3981 58 25 that

1196 4029 3 2 '
1207 4025 64 24 exist
1283 4024 98 31 against
1393 4023 43 24 the
1448 4018 185 35 overcrowding
1645 4021 50 24 and
1703 4021 43 24 the

1207 4062 109 31 capidity
1328 4061 24 24 of
1364 4067 94 18 owners
1471 4060 26 23 of
1518 4059 141 31 insanitary
1678 4061 67 22 tene-

1208 4102 91 24 ments.
1346 4099 146 25 Forfeiture-
1497 4099 35 24 of*
1536 4099 74 24 'their
1613 4097 6 13 c
1632 4100 115 29 property

1209 4141 62 25 after
1295 4139 113 31 repeated
1419 4138 108 27 offences.
1546 4137 93 28 w.o,uld'
1651 4139 45 23 not
1707 4146 5 19 :
1718 4137 31 24 be

1211 4181 41 22 too
1298 4178 70 30 great
1426 4176 167 31 -punishment
1620 4175 39 23 for
1667 4176 5 5 *
1681 4175 70 23 these

1214 4215 97 31 gentry.
1339 4214 76 30 -They
1425 4212 71 28 have,
1510 4212 186 25 contaminated
1707 4212 43 24 the

1201 4270 2 12 i
1211 4253 166 32 community,
1412 4252 105 31 morally
1540 4252 49 24 and
1606 4251 145 32 physically,

1215 4292 61 29 long
1288 4290 113 31 enough..
1412 4308 12 4 ~
1428 4290 50 24 ■>.'■,.
1489 4306 13 7 ~
1544 4309 21 3 —
1590 4292 32 21 ~'^
1669 4291 7 23 i

1248 4331 55 24 The
1314 4338 61 23 poor
1392 4337 58 24 pass
1462 4329 66 25 their
1539 4329 60 25 iives
1619 4329 53 35 in^a,
1685 4331 67 23 stern

1215 4368 97 25 school,
1330 4368 50 24 and
1399 4375 43 17 are
1460 4375 28 17 as
1500 4368 130 24 conscious
1650 4368 28 23 of
1691 4368 60 24 tbeii

1216 4406 77 24 faults
1305 4413 28 21 a?,
1344 4406 44 27 the
1408 4406 53 23 rich
1479 4413 41 17 are
1540 4407 26 23 of
1589 4406 92 25 theirs-
1686 4414 60 24 -per

1217 4443 64 32 haps
1292 4450 71 18 more
1381 4450 37 18 so.
1453 4443 70 32 They
1545 4443 32 24 do
1592 4446 45 22 not
1659 4444 93 31 require

1766 204 26 22 to
1808 202 31 24 be
1861 205 123 28 preached
2002 207 34 26 to,
2063 213 25 17 or
2112 209 34 27 at,
2164 213 50 25 any
2233 214 69 17 more

1765 240 62 24 than
1839 240 92 26 others.
1966 243 103 24 District
2085 244 107 28 visitors,
2215 245 86 28 tracts,

1766 280 100 24 teetotal
1878 280 111 30 lectures,
2008 282 51 24 and
2078 282 125 31 charities,
2227 283 75 25 small

1765 326 28 17 or
1804 321 77 29 great,
1899 321 51 24 will
1969 323 45 23 not
2032 329 57 17 save
2107 322 77 25 them.
2231 323 71 32 They

1765 358 67 23 want
1843 358 130 32 dwellings
1984 357 83 26 where
2078 360 44 24 the
2139 360 125 25 decencies
2276 361 28 24 of

1764 396 42 25 life
1826 404 47 17 can
1892 397 31 26 be
1944 398 125 30 observed,
2088 399 82 25 where
2181 400 120 26 domestic

1764 436 103 25 comfort
1878 437 22 24 is
1911 437 117 31 possible,
2047 438 80 25 where
2144 440 155 30 cleanliness,

1763 475 177 31 cheerfulness,
1970 478 115 32 sobriety,
2113 479 50 24 and
2184 480 117 32 morality

1763 523 58 23 may
1838 517 52 24 find
1912 524 16 17 a
1950 518 96 30 place—
2046 525 33 18 an
2099 526 15 17 a
2135 519 77 29 word,
2241 520 58 31 tttey

1763 554 65 24 want
1845 553 132 26 HOMES.

1763 729 124 40 EVENTS
1904 731 39 38 OF
1965 731 68 38 THE
2049 731 130 39 COMING
2191 733 103 46 WEEK.

1761 816 121 33 Tuesday,
1900 818 105 31 Library
2023 826 64 24 open
2099 818 64 25 from
2177 820 13 23 6
2208 818 42 26 15.
2272 820 27 24 to

1828 856 15 24 8
1853 863 62 24 p.m.
2011 868 14 14 \

1761 892 139 33 Thursday,
1920 893 73 24 Bank
2015 901 69 24 open.
2132 894 112 32 Meeting
2262 895 39 27 .of

1932 934 95 32 Supply
2044 933 91 27 Board.
2161 932 143 38 Methodist;

1757 996 1 4 .
1827 974 164 32 Kinderspiel.
2088 979 31 10 ■'--
2132 981 3 2 '
2160 985 3 4 •

1757 1013 136 31 'Saturday,
1912 1014 102 31 Library
2026 1021 64 23 open
2113 1014 62 24 from
2196 1016 24 23 6.
2245 1015 26 23 to
2283 1016 15 23 8

1825 1059 60 24 p.ni,
1932 1052 112 31 Meeting
2064 1051 26 24 of
2112 1051 22 25 IS
2137 1053 39 24 ast
2205 1051 93 25 Oxford

1757 1091 1 23 I
1826 1091 154 25 Oddfellows.

1850 1250 47 23 Dr.
1922 1250 158 23 Barnardo's
2101 1250 99 23 Homes.

1755 1331 37 25 Dr
1813 1331 127 26 Barnardo
1952 1340 91 21 comes,
2061 1333 27 24 in
2099 1332 41 25 his
2163 1332 135 25 December

1754 1372 9 17 I
1764 1382 57 18 ssue
1840 1376 25 25 of
1867 1375 86 26 Night
1972 1384 48 16 and
2032 1375 62 29 Day,
2118 1377 26 24 to
2155 1375 96 26 remind
2268 1384 29 17 us

1755 1420 93 24 amidst
1852 1421 42 23 the
1900 1420 101 30 gaieties
2006 1420 26 23 of
2037 1419 138 25 Christmas
2180 1420 59 23 time
2243 1419 52 24 how

1756 1470 75 22 many
1843 1462 69 24 there
1933 1469 43 17 are
1988 1458 54 28 who'
2063 1462 73 24 stand
2147 1462 27 23 in
2186 1462 3 4 '
2196 1462 63 24 need
2271 1462 26 23 of

1755 1505 100 24 crumbs
1879 1504 72 25 from-
1966 1504 44 25 the
2039 1504 53 24 rich
2116 1507 80 22 man's
2196 1513 2 5 1
2196 1519 3 3 -
2218 1504 79 29 table..

1756 1549 47 24 His
1813 1548 68 25 work
1892 1548 45 25 lies
1949 1556 92 22 among
2058 1549 45 23 not
2123 1548 92 31 merely
2235 1555 70 23 pov-,

1756 1593 61 29 erty,
1830 1591 46 24 but
1887 1591 133 31 privation.
2063 1590 76 25 There
2152 1599 103 23 appears
2269 1594 25 21 to

1756 1634 29 24 be
1867 1634 124 24 cessation
2019 1633 27 24 in
2072 1634 44 24 the
2268 1627 35 31 o^

1756 1677 115 32 qualified
1883 1677 148 24 candidates-
2046 1677 101 31 flowing
2166 1677 27 23 in
2206 1678 26 22 at
2250 1677 43 24 the

1756 1720 137 32 hospitable
1916 1721 77 26 .doors
2018 1719 27 25 of
2071 1720 43 24 tire
2142 1719 96 25 Homes
2266 1720 27 24 in

1758 1763 107 33 Stepney
1874 1764 132 32 Couseway
2009 1778 27 4 —
2041 1764 49 24 and
2097 1765 26 23 to
2130 1763 30 25 be
2168 1763 123 32 qualified,

1756 1816 15 15 a
1782 1808 49 30 boy
1843 1807 86 35 or^irl
1940 1804 185 37 i^eeds'orUyltp
2132 1806 40 34 he^
2179 1805 112 26 rfeSfih^e.

1934 1849 132 29 homeless,
2087 1849 145 24 friendless''
2252 1857 41 16 are

1756 1893 79 25 words
1856 1892 96 29 which,;
1960 1899 75 17 oeicur,
2046 1898 4 11 <■
2057 1892 73 34 again
2150 1891 64 25 ar.ck
2220 1890 72 33 again
2296 1895 4 5 1

1757 1936 49 25 and
1813 1936 28 23 in
1853 1935 37 24 Dr
1902 1935 154 26 Barnardo's.
2067 1934 147 31 descriptive
2222 1930 82 33 ia>§£-

1756 1980 70 23 notes
1837 1978 27 24 in
1876 1978 41 25 the
1929 1977 129 31 magazine
2071 1975 132 26 before^s.
2210 1975 83 33 .Many

1757 2022 27 24 of
1792 2022 39 23 his
1851 2021 98 24 details-
1963 2027 42 17 are
2029 2020 44 24 sad
2095 2017 204 40 readjng|f<|^'S

1758 2064 149 31 Christinas^
1918 2063 88 24 month
2025 2062 28 30 in,
2082 2062 43 24 the
2134 2062 168 28 ~nineteeijtra

1757 2109 112 30 century,-
1886 2104 6 12 '
1911 2106 60 24 and-
1969 2108 6 10 r
1987 2106 68 24 show
2078 2097 216 40 beyond^lispjite

1757 2151 56 24 how
1832 2150 162 31 desperately,
2010 2151 88 29 urgent
2119 2158 40 17 are
2172 2146 131 32 the.-aqa£ts.

1757 2201 68 23 upon
1836 2189 42 28 the
1890 2192 137 25 charitable
2029 2198 8 14 '»
2045 2192 38 25 for
2105 2192 44 24 the
2165 2190 94 33 rescue^
2270 2192 27 23 of

1759 2237 41 23 the
1813 2235 66 25 little
1891 2243 68 17 ones.
1994 2236 26 23 It
2032 2236 20 23 is
2064 2236 65 23 most
2140 2235 155 31 Remarkable

1757 2279 64 25 from
1844 2278 56 26 how
1928 2286 77 24 many
2027 2279 113 30 quarters
2164 2286 70 17 come
2257 2286 37 17 re-

1758 2330 102 23 sponses
1872 2323 26 24 to
1910 2321 44 26 the
1966 2322 132 25 children's
2110 2321 57 30 call,
2186 2321 45 25 but
2240 2318 22 28 it
2273 2322 22 24 is

1758 2366 66 25 clear
1836 2366 54 24 that
1902 2365 42 25 the
1964 2365 63 25 need
2038 2365 22 25 is
2081 2365 111 25 clamant
2205 2365 90 24 almost

1759 2409 95 30 beyond
1876 2410 68 23 one's
1963 2417 82 22 power
2059 2431 3 3 ,
2064 2410 26 23 to
2109 2408 95 25 realise.
2250 2408 45 25 We

1758 2452 84 24 advise
1865 2452 33 24 all
1922 2459 46 17 our
1989 2450 113 26 readers"'
2107 2450 26 25 Fo
2152 2451 62 25 send
2232 2451 38 24 for
2281 2459 15 15 a

1758 2503 62 23 copy
1829 2494 28 26 of
1865 2495 51 24 this
1924 2494 106 25 realistic
2041 2493 151 32 publication
2205 2493 29 33 (it
2245 2493 50 25 will

1758 2538 31 25 be
1801 2539 56 24 sent
1876 2537 78 32 gratia
1974 2537 51 25 and
2039 2537 120 31 post-free
2170 2537 65 24 from
2253 2537 43 24 the

1759 2582 96 30 homes,
1876 2582 32 24 18
1920 2582 26 24 to
1970 2582 40 28 26,
2034 2580 109 32 Stepney
2155 2580 140 31 Causeway,

1759 2624 114 28 London,
1886 2624 56 32 E.)-
1977 2623 92 32 Nearly
2081 2624 75 29 5,000
2166 2623 61 31 boys
2248 2623 57 26 and,

1760 2669 57 30 girls
1829 2675 42 17 are
1884 2667 79 25 under
1974 2666 38 25 Dr
2031 2666 150 25 Barnardo's
2199 2666 106 33 charge,,,

1760 2711 49 24 and
1820 2711 64 25 from
1896 2711 63 31 forty
1971 2711 25 24 to
2006 2710 66 32 sixty
2083 2718 54 17 new
2149 2709 149 25 admissions

1761 2756 64 24 from
1837 2754 106 25 London
1966 2754 48 25 and
2039 2754 43 25 the
2104 2754 130 31 provinces
2257 2761 41 16 are

1761 2797 86 31 taking
1864 2796 67 31 place
1954 2796 99 31 weekly.
2100 2796 53 24 The
2175 2797 50 23 fact
2242 2795 57 24 that

1762 2840 68 25 £140
1848 2847 42 17 are
1907 2839 92 25 needed
2023 2847 70 23 every
2116 2838 49 32 day
2184 2838 38 24 for
2242 2838 56 24 food

1761 2885 73 24 alone
1846 2883 91 25 should
1958 2882 71 25 make
2040 2883 31 24 its
2083 2882 116 31 eloquent
2212 2881 87 32 appeal

1761 2930 27 21 to
1799 2927 44 24 the
1855 2926 101 31 pockets
1977 2927 25 23 at
2013 2925 52 24 this
2084 2932 86 17 season
2191 2924 27 25 of
2226 2924 73 25 wide-

1762 2969 49 25 ned
1823 2968 143 31 sympaties.

1764 3170 192 58 LOCAL
1980 3170 33 56 a
2033 3167 60 60 nd
2093 3167 211 60 GENERAL

1801 3294 41 25 St.
1873 3293 97 25 Mary's
1999 3292 148 26 Church.—
2148 3292 34 24 As
2204 3292 51 25 'will
2276 3292 30 24 be

1766 3345 58 16 seen
1833 3337 33 31 by
1888 3344 34 17 an
1933 3336 190 25 advertisement
2136 3335 28 24 in
2184 3342 46 17 our
2241 3335 66 24 issue

1766 3380 27 25 of
1800 3380 93 31 to-day,
1913 3380 41 24 the
1975 3379 127 24 Members
2121 3379 26 24 of
2160 3378 26 25 S.
2212 3377 95 32 Mary's

1767 3422 107 29 Church,
1888 3422 70 25 West
1975 3422 103 28 Oxford,
2096 3421 88 25 intend
2196 3422 27 23 to
2236 3420 71 25 make

1767 3474 15 16 a
1794 3465 91 32 special
1897 3465 72 25 effort
1989 3472 33 17 on
2048 3465 42 24 the
2113 3464 73 24 24th.
2210 3463 27 24 of
2257 3464 50 23 this

1767 3509 90 24 month
1881 3511 26 22 to
1930 3508 64 25 raise
2017 3507 45 26 the
2081 3515 92 24 money
2195 3507 113 32 required

1768 3554 26 22 to
1805 3560 72 16 cover
1888 3552 42 23 the
1942 3552 55 23 roof
2017 3551 27 24 of
2053 3551 67 24 their
2140 3551 95 24 church
2247 3551 60 23 with

1767 3594 64 24 iron.
1867 3593 81 24 There
1965 3593 47 24 will
2024 3593 31 24 be
2079 3601 14 16 a
2115 3593 58 24 Sale
2194 3593 28 24 of
2231 3592 81 25 Work

1768 3638 27 23 at
1818 3637 24 24 2.
1871 3644 66 23 p.m..
1965 3636 28 24 in
2005 3636 43 24 the
2069 3636 131 24 afternoon
2219 3636 28 24 in
2259 3636 40 24 the

1769 3687 69 17 same
1856 3680 62 23 hall.
1937 3680 71 23 West
2027 3679 101 28 Oxford,
2147 3680 60 24 with
2229 3680 80 29 sports

1770 3723 50 23 and
1841 3723 172 23 amusements
2037 3721 103 30 outside,
2171 3723 26 23 to
2219 3722 29 23 be
2265 3721 42 24 fol-

1766 3764 81 25 lowed
1859 3765 27 23 in
1897 3765 42 23 the
1952 3764 105 30 evening
2069 3764 60 24 with
2153 3772 15 15 a
2185 3764 58 28 Tea,
2262 3763 49 24 and

1771 3808 212 28 Entertainment,
2001 3806 131 31 including
2154 3807 47 26 the.
2221 3805 91 32 pictur-j

1772 3858 74 23 esque
1858 3850 77 23 dance
1946 3848 139 32 performed
2097 3856 33 17 on
2144 3848 26 25 S.
2192 3848 121 24 Andrews

1773 3893 63 30 Day.
1873 3892 69 24 With
1955 3899 53 17 new
2017 3890 148 26 .variations.
2176 3899 6 8 *
2207 3902 59 26 i,.y
2279 3913 2 3 ,
2310 3902 3 9 <

1765 3964 3 11 *
1806 3957 45 24 Mr
1868 3956 30 25 F.
1917 3956 30 24 B.
1966 3956 80 24 Lane.
2049 3970 33 4 —
2082 3955 180 25 Watchmaker
2289 3955 26 24 of

1777 4001 131 30 Rangiora,
2062 4006 30 16 us
2097 4010 3 7 >
2111 3998 3 4 '
2121 3998 57 24 that
2212 3998 32 24 he
2262 3998 51 24 will

1777 4043 57 24 visit
1846 4042 93 24 Oxford
1948 4050 34 16 on
1994 4041 90 28 Thurs,
2097 4041 92 31 Eriday
2201 4041 49 24 and
2264 4041 52 32 Sat|

1766 4082 96 32 airday.
1889 4081 129 37 Jja&upy,.
2017 4095 12 12 ::
2031 4082 41 25 lß.
2099 4083 43 27 .19,
2161 4081 49 25 and
2222 4082 42 28 20,
2277 4080 41 25 Mr

1779 4125 74 26 Lane,
1860 4125 134 30 wilLcarry
2003 4131 109 27 .a^yery/
2119 4125 119 30 complete
2250 4123 70 26 stock

1780 4168 26 24 of
1821 4167 109 25 watches
1942 4167 51 24 and
2003 4167 117 31 jewellry,
2134 4167 27 24 of
2171 4167 149 30 guaranteed

1769 4215 6 16 r
1782 4205 113 32 quality,!
1921 4205 131 31 including
2086 4205 94 24 several
2215 4205 65 24 lines
2297 4204 23 24 of

1783 4248 107 27 watches
1895 4253 15 20 D
1915 4248 51 32 just
1973 4264 3 5 ■
2000 4252 26 21 t6
2033 4255 14 18 r,
2055 4247 96 29 'hand,:,
2156 4270 19 5 _.
2173 4247 147 35 comprising

1985 4306 11 10 ,•
2005 4288 163 33 -EhrhardJ;'s.
2169 4306 18 16 v
2210 4287 110 28 Brume's

1780 4328 63 31 .and.
1854 4335 25 17 a.
1886 4328 98 32 youth's
2002 4340 4 6 =
2012 4327 81 25 watch
2103 4328 43 24 -in
2172 4328 62 26 solid
2254 4327 66 26 silver

1787 4379 77 21 cases,
1883 4379 16 17 a
1914 4370 98 27 marvel
2029 4370 27 25 of
2078 4370 148 32 cheapness.

1819 4407 57 38 \Efep
1872 4407 9 12 f
1878 4413 49 25 airs
1939 4414 118 24 executed
2077 4413 28 24 in
2117 4409 22 28 a^
2151 4404 169 34 workmanlike

1789 4459 106 17 manner
1906 4453 27 23 at
1950 4459 60 24 very
2026 4451 49 26 low
2086 4453 78 23 rates.

2365 201 167 27 Watercress
2554 211 49 17 and
2629 204 129 26 Fever.—
2758 205 32 24 ln
2812 213 53 24 pre-

2330 243 100 32 senting
2440 244 41 25 his
2492 245 94 25 annual
2595 248 82 29 report
2688 249 27 22 at
2724 247 43 24 the
2776 247 90 33 Poplar

2330 284 105 27 District
2447 286 90 31 Board,
2558 288 38 25 Dr
2607 289 141 26 Alexander
2758 291 107 25 referred

2329 329 26 24 to
2375 328 44 25 the
2441 329 69 33 large
2539 331 104 26 number
2668 332 27 25 of
2716 340 66 18 cases
2811 334 55 25 that

2329 372 115 24 occurred
2455 373 25 23 in
2489 372 41 25 his
2539 373 96 25 district
2643 375 28 24 of
2680 376 100 31 typhoid
2790 376 73 25 fever.

2328 413 41 25 He
2381 415 81 23 would
2480 418 43 22 not
2541 417 106 25 criticise
2667 418 43 24 the
2730 421 134 23 statement

2328 464 26 16 as
2367 458 26 23 to
2404 457 112 25 whether
2527 459 41 25 the
2580 460 84 32 eating
2672 460 27 25 of
2709 463 93 29 oysters
2814 462 21 25 is
2848 470 15 17 a

2328 506 72 19 cause
2422 501 28 24 of
2464 501 44 24 the
2530 502 103 30 disease,
2659 503 45 25 but
2727 504 33 25 he
2782 505 81 25 would

2327 543 67 23 most
2412 543 109 31 strongly
2541 544 85 25 advise
2647 545 137 33 everybody
2807 546 56 26 who

2327 585 101 29 partake
2450 586 28 24 of
2499 587 76 24 water
2593 594 65 18 cress
2677 588 27 24 to
2715 595 41 17 see
2775 588 56 26 that
2842 590 21 23 it

2327 627 20 24 is
2360 626 55 25 well
2427 628 107 29 washed,
2553 636 27 16 as
2593 629 94 25 several
2709 637 68 18 cases
2799 631 63 25 have

2327 668 118 28 occurred
2455 669 64 25 after
2536 670 132 33 partaking,
2675 671 31 25 .of
2726 672 51 25 this
2788 680 74 23 green

2328 712 60 23 stuff
2404 712 83 24 which
2508 712 46 25 has
2577 713 61 24 been
2660 722 83 22 grown
2763 715 27 24 in
2809 716 52 30 pol-

2327 753 69 26 luted
2408 756 84 24 water.
2528 755 54 25 The
2594 764 68 17 same
2673 756 85 26 advice
2769 757 93 32 applies

2328 798 26 25 to
2365 798 42 25 the
2419 799 84 31 eating
2515 799 25 25 of
2551 799 89 31 celery.

2360 871 85 25 Local
2480 872 100 24 Option.
2584 887 31 4 —
2615 872 79 26 What
2730 873 23 25 is
2787 874 76 24 Local

2327 913 92 33 Option
2428 915 11 24 ?
2457 914 75 32 Why,
2561 914 112 25 whether
2700 922 49 24 you
2777 924 31 23 go
2836 917 26 24 to

2327 957 179 26 Christchurch
2525 958 48 23 and
2598 966 48 27 pay
2658 959 54 24 30s.
2732 958 37 25 for
2780 966 15 17 a
2813 959 49 24 suit

2327 1001 26 24 of
2384 1000 106 32 Kaiapoi
2524 1000 89 25 Tweed
2619 1002 5 4 *
2647 1008 28 17 or
2702 1003 40 29 get
2765 1009 45 17 one
2836 1004 26 22 at

2326 1044 119 28 Parish's,
2467 1044 64 24 East
2555 1043 100 29 Oxford,
2673 1044 42 28 for,
2733 1045 53 23 21s.

2360 1087 31 25 R.
2408 1087 33 24 H.
2454 1086 89 25 Parish
2555 1087 22 24 is
2588 1094 57 18 now
2656 1087 104 32 making
2780 1087 82 26 Men's

2328 1130 70 25 Suits
2409 1131 27 23 to
2448 1129 71 24 order
2530 1129 65 24 from
2608 1129 37 24 £2
2658 1130 53 24 15s.

2361 1194 36 25 To
2409 1202 50 16 the
2471 1194 139 26 Electors.
2613 1209 31 4 —
2645 1195 25 25 It
2682 1202 59 24 may
2758 1195 104 24 interest

2327 1237 43 25 the
2382 1238 103 24 electors
2511 1238 27 25 of
2559 1237 92 26 Oxford
2675 1239 26 24 to
2708 1249 3 4 ■
2725 1237 68 25 know
2807 1238 55 24 that

2327 1281 59 32 they
2403 1289 47 17 can
2473 1281 73 32 study
2569 1289 119 24 economy
2712 1280 32 32 by
2769 1280 94 32 buying

2327 1325 64 25 their
2411 1324 111 32 Drapery
2543 1324 50 25 and
2601 1324 124 32 Clothing
2737 1326 27 24 at
2777 1324 30 26 E.
2826 1325 35 24 H.

2326 1369 118 28 Parish's,
2457 1369 70 31 High
2541 1368 88 31 Street,
2643 1366 80 27 where
2739 1369 59 31 they
2810 1369 52 25 will

2326 1415 40 29 get
2379 1413 116 24 Trousers
2508 1412 71 30 from.
2593 1414 35 23 6s.
2647 1420 43 24 per
2710 1413 73 30 pair,;
2800 1407 62 30 Ool-

2325 1456 68 24 onial
2405 1455 89 25 Tweed
2508 1455 69 25 Suits
2588 1454 62 25 from
2664 1456 44 23 21s
2715 1456 52 24 also
2779 1455 81 31 splen-

2325 1499 42 24 did
2384 1499 73 23 value
2474 1498 28 24 in
2514 1498 75 31 Boy's
2611 1498 111 24 Knicker
2735 1498 69 24 Suits
2822 1500 37 22 ss.

2346 1580 159 24 -Influenza.
2508 1594 27 3 —
2541 1580 62 24 Now
2621 1579 50 24 this
2701 1579 121 31 epidemic
2839 1580 22 23 is

2323 1623 129 30 becoming
2463 1622 173 36 preyalent^we.
2645 1621 115 35 .strongly
2770 1630 90 16 recom-

2323 1666 71 24 mend
2407 1665 42 25 the
2461 1665 49 24 free
2521 1672 45 17 use
2578 1665 27 24 of
2615 1665 122 31 Platypus
2744 1665 85 24 Brand
2838 1672 26 25 of

2322 1709 154 31 Eucalyptus
2490 1708 124 28 Globulu?
2643 1708 113 28 Extract,
2781 1708 80 28 .taken

2323 1754 66 30 uptin
2412 1748 97 35 sugar.."'
2515 1752 29 26 qii
2561 1748 122 30 iii''mil£.
2681 1745 3 10 l
2687 1752 10 27 j
2697 1745 19 19 i;
2716 1746 56 39 s!jie
2772 1744 89 41 /^rftd^t
2866 1771 7 7 t

2321 1796 115 31 pleasant
2447 1804 54 23 way
2513 1797 25 23 to
2547 1795 62 24 tako.
2615 1788 167 37 Eucalyptus,-
2793 1794 22 24 is
2833 1795 28 23 in
2874 1799 2 3 '

2322 1839 44 23 the
2376 1863 12 4 ..
2398 1838 123 31 Platypus!
2542 1837 87 24 Brand
2657 1835 27 26 of
2706 1837 154 33 Eucalyptus!

2323 1870 115 32 Jujubes.
2461 1866 173 35 -Theyrare'in
2650 1870 92 25 su'eha?
2750 1868 111 32 plorisable

2322 1905 204 35 formv'ple&sant.
2531 1911 25 23 to
2557 1912 4 7 ;
2568 1910 79 27 tftsje,:
2652 1909 59 26 rand
2718 1905 155 39 tarifise.p.fiicjj

2323 1945 141 27 stimulant.
2483 1950 5 2 '
2529 1950 5 3 '
2646 1949 29 4 —
2682 1950 3 2 ■
2705 1950 8 5 -
2753 1944 43 24 ,V,

2340 2050 2 2 .
2356 2025 40 24 Do
2405 2027 43 22 not
2455 2032 54 24 ;say
2516 2032 54 24 -you
2578 2032 50 18 are:
2635 2032 15 17 a
2657 2025 201 28 'Prohibitionist,

2323 2063 65 24 until
2400 2070 49 24 you
2460 2070 75 23 prove
2548 2063 19 24 it
2579 2064 26 23 at
2622 2062 42 25 the
2673 2058 151 28 I)all6t-box.

2391 2120 2 2 •
2615 2115 22 21 -.-;
2650 2115 25 14 -.'
2704 2112 34 16 ':.'•
2760 2121 12 10 v.
2781 2122 50 7 .........
2845 2114 25 23 .y

2357 2138 54 24 The
2429 2138 131 25 saloonists
2580 2138 27 24 of
2628 2138 109 31 Chicago
2749 2146 41 16 are
2802 2146 56 17 con-

2322 2178 109 31 tinually
2442 2178 119 31 invading
2572 2178 154 31 prohibition
2735 2179 127 30 territory,-

2324 2218 48 23 and
2391 2218 201 30 demonstrating
2612 2218 56 24 that
2668 2239 10 15 g
2688 2217 70 24 there
2775 2219 28 26 ,is
2826 2226 34 15 no

2325 2258 78 30 safety
2414 2257 170 24 frohvsaloons
2598 2256 91 32 except'
2739 2258 122 30 complete

2325 2297 166 31 suppression.
2546 2297 33 24 So
2598 2297 59 31 long
2680 2305 28 16 as
2737 2297 59 31 they
2819 2305 42 17 are

2324 2336 104 25 allowed
2436 2338 25 23 to
2473 2336 48 25 live
2534 2336 62 32 they,
2603 2336 53 29 will
2667 2338 69 23 want
2749 2339 25 23 td
2795 2335 80 27 rulefe

2325 2376 49 28 and
2386 2375 77 26 there,
2476 2376 22 24 is
2510 2383 31 16 no
2552 2397 3 2 .
2566 2375 79 32 safety
2648 2375 96 29 .tqjife
2756 2384 28 17 or
2805 2365 66 51 pro-|

2324 2416 71 30 perty
2406 2415 117 23 interests
2535 2413 82 25 where
2629 2415 101 23 saloons
2751 2422 42 19 are
2796 2422 36 17 .so
2834 2422 31 23 v-,,

2325 2454 125 31 ereign.:—
2451 2454 66 23 lowa
2536 2454 206 23 Commonwealth..
2809 2474 3 2 .
2850 2463 16 24 .j.

2360 2527 164 24 Legislative
2542 2526 153 29 Council,—
2696 2526 69 26 Lord
2788 2526 71 26 Glas-

2325 2578 53 23 gow
2389 2570 47 24 has
2453 2570 124 31 approved
2588 2570 27 24 of
2624 2570 44 24 the
2686 2570 174 31 appointment

2326 2613 27 25 of
2369 2613 39 24 Mr
2431 2614 35 27 D,
2488 2613 145 29 Pinkertou,
2655 2613 147 25 ex-M.H.R.
2823 2613 45 31 for,.

2327 2656 125 28 Dunedin,
2478 2656 40 25 Mr
2542 2656 42 24 W.
2610 2656 84 32 Kelly,
2713 2657 148 24 ex-M.H.R.

2327 2700 38 24 for
2377 2700 53 32 Bay
2442 2699 27 25 of
2480 2700 99 32 Plenty,
2595 2699 85 32 Major
2692 2700 107 30 -Harris,
2821 2708 40 17 ex-

2328 2744 106 24 M.H.R.
2457 2743 39 25 for
2519 2743 137 32 Franklyn,
2678 2745 26 23 to
2715 2744 43 24 the
2781 2744 82 31 Upper

2328 2787 86 24 House
2425 2789 26 22 to
2462 2787 39 24 fill
2519 2795 34 23 up
2565 2787 43 24 the
2628 2788 128 23 vacancies
2774 2787 90 24 caused

2328 2831 32 31 by
2373 2830 42 25 the
2437 2830 76 25 death
2532 2831 26 24 of
2570 2830 42 25 Sir
2632 2831 30 24 P.
2682 2830 119 32 Buckley,
2821 2830 43 25 the

2328 2874 68 25 Hon.
2416 2874 46 24 Dr.
2483 2874 94 30 Pollen,
2607 2874 50 24 and
2676 2874 44 25 the
2740 2874 68 24 Hon.
2832 2874 31 24 R.

2329 2918 140 31 Pharazyn.

2366 2989 98 26 Severe
2472 2989 147 24 Lightning
2629 2987 106 27 Storms.
2737 3003 34 3 —
2772 2987 21 25 A
2802 2988 64 24 Her-

2331 3032 97 29 berton,
2454 3032 169 30 Queensland,
2650 3032 119 31 telegram
2791 3032 76 24 states

2332 3076 56 24 that
2405 3076 40 24 W.
2467 3075 84 31 Barry,
2571 3074 73 24 while
2664 3074 132 31 travelling
2819 3075 49 23 200

2334 3120 35 24 fat
2388 3119 74 25 cattle
2484 3120 25 24 to
2528 3118 150 26 Herbdrton.
2695 3119 53 24 met
2770 3118 62 25 with
2854 3126 15 16 a

2334 3163 89 26 terrific
2436 3165 77 23 stonn
2524 3164 26 23 at
2561 3163 54 31 Dry
2626 3162 88 25 River.-
2732 3161 52 25 The
2795 3161 74 32 light-

2334 3207 62 31 ning
2413 3206 84 25 struck
2525 3206 44 25 the
2598 3205 66 29 mob,
2694 3205 88 31 killing
2803 3205 68 31 eight

2335 3250 118 31 outright,
2485 3249 50 25 and
2563 3248 122 32 stunning
2711 3256 40 18 or,
2759 3248 114 31 blinding

2335 3302 66 16 some
2414 3294 31 24 25
2465 3293 91 25 others.
2604 3290 101 34 Barry's
2727 3292 73 24 horse
2822 3299 51 17 was

2335 3335 174 32 mpmentarily
2522 3335 109 25 stunned
2651 3335 51 24 and
2718 3334 107 31 dropped
2847 3335 26 24 to
2880 3349 3 14 ;

2335 3380 33 24 its
2391 3379 83 28 knees,
2493 3379 51 24 and
2563 3377 84 26 bolted
2669 3386 32 16 on
2720 3377 152 30 recovering,

2337 3422 45 24 but
2403 3422 98 24 neither
2521 3422 79 30 Barry
2622 3429 47 16 nor
2687 3420 39 24 his
2747 3421 47 24 two
2813 3427 58 16 men

2336 3469 64 21 w6re
2412 3465 106 32 injured.
2520 3479 33 4 —
2554 3464 33 24 At
2608 3462 163 33 Wyllywylly,
2796 3462 77 24 about

2337 3509 70 31 eight
2417 3507 74 25 miles
2502 3507 61 25 from
2578 3506 110 28 Cassilis,
2713 3505 61 25 New
2795 3504 80 26 South

2339 3551 91 29 Wales,
2443 3551 91 29 during
2551 3558 15 15 a
2577 3558 58 22 very
2655 3549 81 30 heavy
2758 3547 117 25 thunder-

2337 3595 76 23 storm
2427 3601 14 16 a
2453 3600 60 16 man
2536 3591 90 25 named
2645 3591 114 29 Qharless
2782 3589 90 28 Willis,

2338 3635 76 25 about
2437 3636 33 23 50
2492 3642 70 24 years
2586 3633 48 30 old,
2664 3641 50 16 was
2741 3631 74 26 killed
2842 3631 34 31 by

2339 3679 132 31 lightning.
2515 3678 38 23 He
2565 3684 48 16 was
2626 3676 108 30 working
2746 3677 26 22 at
2793 3683 15 16 a
2821 3674 57 25 well

2336 3722 77 30 fusing
2424 3728 99 19 an.axe,
2534 3721 81 35 .wh^n
2616 3742 21 12 (T
2636 3727 14 16 a
2661 3719 32 23 ila
2688 3742 7 10 T
2695 3718 29 24 sh
2728 3737 18 16 v
2751 3717 126 34 attracted

2335 3764 37 30 -by
2384 3763 43 24 the
2440 3749 77 40 steel;-
2523 3761 78 27 killed,
2610 3762 49 23 him
2671 3760 129 31 instan'tly.
2817 3759 4 7 :

2335 3848 4 7 .
2375 3834 55 23 The
2454 3833 141 27 Mosquito,
2601 3831 73 24 Pest.
2678 3830 65 30 -r^At
2763 3831 42 22 the
2824 3829 50 24 last

2335 3898 3 5 ,
2342 3876 109 30 meeting
2483 3874 26 25 of
2535 3874 44 24 the
2620 3873 176 30 Wellington/.
2808 3873 75 23 Land

2335 3918 4 22 '.
2343 3918 83 25 Board
2634 3907 173 49 ;^^^Miveid
2815 3915 67 25 frdm

2334 3970 2 19 ;
2336 3966 3 8 :
2346 3970 15 16 a
2374 3961 104 34 selector
2489 3968 60 16 near
2560 3958 150 25 Ekptahuna
2725 3953 159 36 ;?df-permis-

2334 3998 66 31 tsion
2412 4005 26 23 to
2466 4004 50 23 live
2526 4027 2 3 .
2539 4002 35 25 off
2594 4002 40 24 his
2657 4001 95 25 section
2775 4001 39 25 for
2836 4004 49 23 two

2335 4053 4 20 !
2346 4048 100 23 months
2457 4054 33 17 on
2502 4046 106 24 account
2620 4044 26 24 of
2667 4044 44 24 the
2723 4045 162 31 mosquitoes.

2381 4109 53 24 The
2463 4108 101 29 coming
2589 4107 112 30 together
2724 4107 27 24 of
2779 4115 15 16 a
2819 4108 56 31 larg
2875 4104 14 16 e

2348 4151 107 26 number
2460 4150 34 30 ,of
2509 4143 142 38 intefiigen't
2658 4144 55 30 Tnd
2730 4150 156 27 industrious

2340 4194 94 37 [people
2452 4194 94 30 creat§s
2546 4210 26 14 :)t:
2572 4193 162 32 a.,-nece3sitj
2735 4216 4 8 r
2744 4215 2 2 .
2753 4194 46 33 jpr
2820 4195 71 30 great

2353 4236 153 31 community
2521 4243 128 23 expenses.
2662 4234 73 27 'Let
2760 4234 42 27 the
2825 4245 68 17 com-

2354 4279 108 32 munity,
2476 4278 57 26 take
2544 4278 45 26 the
2607 4280 75 24 value
2701 4279 83 26 which
2806 4281 22 25 it
2850 4282 46 24 has

2356 4322 98 26 created
2465 4323 25 24 to
2510 4329 48 25 pay
2579 4322 43 25 the
2639 4330 121 25 expenses
2776 4323 64 26 ..that
2866 4323 33 25 its

2358 4366 127 25 existence,
2504 4365 170 26 necessitates.
2709 4365 194 40 Whji^canibe

2360 4407 111 34 {simple*;
2480 4422 5 11 >
2506 4416 71 18 more
2600 4408 204 39 -philosophpal,
2834 4417 70 17 more

2358 4454 57 33 fust
2432 4452 64 26 than
2507 4452 53 26 this
2571 4454 6 23 I
2716 4462 10 6 -

2933 210 40 24 An
2995 211 135 26 individual
3155 214 63 24 stole
3248 204 231 47 some^A^^^B

2898 248 64 25 from
2974 258 15 16 a
2998 258 46 17 son
3063 251 28 24 of
3100 252 125 25 Abraham
3236 254 28 24 in
3276 245 203 43 Meli^^^^^H

2899 285 50 25 and
2966 286 170 35 immediately
3153 292 68 24 went
3231 292 27 24 to
3278 278 201 51 anotl^HH[

2898 322 96 27 clothes
3014 332 58 18 man
3092 327 28 25 of
3138 327 43 25 the
3200 336 68 18 same
3291 316 188 45 perHuaSHH

2897 363 61 23 next
2969 362 61 24 door
3048 364 50 24 and
3117 365 54 24 sold
3187 365 76 26 them.
3307 368 53 24 The
3371 353 108 51 iflH|

2897 398 56 26 who
2972 408 49 17 was
3038 400 94 26 robbed
3151 405 65 23 went
3228 405 26 23 to
3275 404 40 26 his
3327 391 152 51 frie^^^J

2897 438 63 32 shop
2982 442 27 23 to
3020 440 44 25 tell
3083 440 41 25 his
3136 449 73 23 woes,
3227 444 48 24 and
3288 433 191 47 found^j^H

2896 479 120 32 brushing
3027 480 43 25 the
3092 482 82 24 stolen
3193 483 100 25 articles

2895 517 56 31 tory
2962 518 27 24 to
3000 519 120 30 exposing
3134 520 70 24 them
3221 520 38 25 for
3270 508 209 51 3^^^fl^^H

2895 557 50 24 rest
2957 556 27 24 of
2992 557 43 24 the
3047 559 67 29 story
3124 559 23 24 is
3158 548 321 47 unprint^^HHHHfl

2894 596 43 24 too
2947 595 67 25 lurid
3024 595 38 26 for
3072 604 16 17 a
3099 588 380 47 newspaperfl^^HHH^E

2927 691 26 24 A
2965 691 131 26 candidate
3113 692 60 26 with
3190 701 15 16 a
3214 701 15 16 D
3231 682 248 51 4HBH^^^H[

2893 727 79 25 lables
2983 728 97 25 shorter
3091 729 62 25 than
3162 730 55 25 Fitz
3219 717 260 51 JB^HHBhH

2894 774 56 25 says
2962 775 15 17 a
2986 776 76 23 paper
3071 769 132 31 published

2894 806 38 24 for
2943 805 81 25 which
3036 807 51 31 city
3098 806 41 25 Mr
3150 807 42 25 Ell
3204 797 275 47 wa^^J^^^HH

2894 843 47 25 has
2964 844 72 31 given
3059 844 43 24 the
3108 867 16 7 ,,
3139 846 101 24 electors

2895 883 161 23 amusement.
3103 882 25 24 It
3139 873 340 47 appears^^^J^^H^H

2895 920 61 25 been
2967 920 85 32 giving
3077 929 15 16 a
3110 922 110 30 political

2894 957 50 25 had
2955 959 52 30 just
3018 958 108 25 finished
3138 959 72 24 when
3254 967 21 16 ie
3275 950 204 47 V|H^^Hß

2894 1003 54 17 rose
2959 997 26 24 to
2996 996 72 25 make
3080 1004 15 17 a
3105 996 48 25 few
3164 988 315 47 remarks^^^HHH9

2895 1033 55 25 that
2958 1033 157 33 functionary
3127 1042 49 17 was
3197 1027 282 43 overdJ^^HH^^H

2894 1072 111 33 feelings,
3024 1081 28 17 or
3063 1074 109 24 whether
3183 1074 38 24 his
3235 1064 244 47 edi^^H^H^H

2897 1112 60 23 been
2969 1112 133 30 neglected,
3120 1112 14 24 I
3146 1112 70 24 don't
3233 1102 246 47 pi'of^^^B^HH

2896 1150 45 25 but
2948 1150 19 25 it
2977 1151 22 24 is
3019 1151 94 25 certain
3125 1151 32 25 he
3170 1151 78 25 threw
3259 1152 25 23 in
3303 1143 176 47 h^^^HHH

2894 1190 63 24 with
2974 1192 68 29 great
3061 1190 106 25 freedom
3179 1190 49 24 and
3240 1182 239 47 ebandon^^H^H

2895 1228 71 23 made
2978 1234 15 17 a
3004 1228 135 30 particular
3150 1228 69 30 j-oint
3221 1242 31 4 —
3253 1235 27 17 so
3298 1228 20 23 it
3343 1236 12 16 e
3358 1219 121 47 gH^^B

2895 1280 32 4 —
2929 1265 27 24 of
2976 1265 83 31 giving
3070 1265 43 25 the
3136 1265 149 26 candidate's
3298 1257 181 47 natn^^^^H

2896 1305 107 31 aspirate
3026 1303 80 25 which
3134 1304 80 25 did'nt
3237 1305 89 31 belong
3349 1307 25 23 to
3397 1295 82 46 ifc^^

2897 1343 98 25 Serious
3007 1342 83 32 people
3114 1343 26 23 in
3161 1343 43 24 the
3212 1354 5 2 -
3226 1343 118 25 audience
3364 1341 23 32 Jf
3388 1352 40 16 ere

2895 1381 42 25 she
2941 1381 61 25 eked
3017 1382 50 24 and
3089 1381 84 25 others
3191 1388 63 18 were
3277 1383 98 23 amused
3401 1385 38 28 at<

2894 1422 67 24 wliat
2973 1421 98 25 seemed
3083 1423 25 23 to
3120 1421 30 25 be
3162 1430 15 16 a
3194 1421 133 25 wholesale
3339 1415 140 45 eulogyjjtaj

2894 1459 27 24 of
2946 1467 14 15 a
3075 1460 124 30 maligned
3221 1461 97 28 quarter
3343 1460 26 23 of
3385 1450 94 46 tl^H

2894 1498 136 24 universe.-
3225 1499 25 23 in
3369 1507 57 22 may

2894 1538 28 23 be
2927 1538 12 16 r
2944 1545 27 17 as
2982 1537 114 31 feasible,
3103 1545 27 17 as
3142 1538 37 24 Mi
3181 1540 54 22 vert
3256 1538 85 24 thinks
3358 1538 33 24 it
3395 1546 31 16 is.

2894 1575 53 24 but'
2961 1576 21 23 it
2993 1576 21 23 is
3036 1576 126 30 generally
3190 1576 45 24 felt
3245 1594 3 5 ,
3258 1576 60 32 that;
3321 1588 5 6 ■•
3332 1576 18 23 it
3376 1583 51 17 was

2894 1613 129 31 straining.
3031 1614 9 10 '"
3045 1621 15 16 a
3082 1614 70 30 point
3176 1615 24 22 to
3220 1614 45 23 ask
3282 1613 86 31 people
3403 1617 25 20 to
3451 1632 5 2 -

2894 1651 87 23 choose
3006 1649 106 26 "Hell""'
3119 1648 79 27 liefore
3222 1651 124 30 anything
3369 1652 59 23 else.

2895 1691 52 26 But
2974 1690 160 31 foriuna.tejy,,
3145 1698 53 19 ..as,
3206 1691 34 27 it..
3246 1690 138 31 happened,
3414 1699 14 15 a

2894 1728 59 26 loud
2975 1729 53 30 guff
3029 1728 60 25 aw-f
3089 1736 51 17 torn
3320 1728 110 31 brought

2894 1769 42 24 the
2948 1768 130 25 chairman
3097 1776 33 24 up
3142 1768 61 25 with
3224 1776 14 17 a
3248 1781 3 3 •
3258 1768 80 26 round
3359 1769 68 24 turn.

3028 1808 50 24 and
3277 1809 31 23 he
3331 1808 60 29 said,
3417 1808 14 23 I

2892 1847 125 23 withdrew)
3042 1846 48 25 the.
3219 1845 56 25 And
3299 1845 62 24 then
3386 1845 44 24 the

2892 1885 86 31 laugh'
3000 1884 63 24 Vas'
3062 1882 7 7 r
3082 1881 80 34 abbu'f
3180 1881 299 40 fen-'^times^loudeirr^

2886 1922 70 24 'than
2972 1921 91 25 before.
3193 1932 18 12 •.
3459 1915 20 30 1

3027 1946 315 53 ■■^-:-^m^-
3365 1954 10 17 :
3465 1958 14 35 i

2910 2048 23 24 A
2950 2047 205 25 FRIGHTFUL
3177 2046 238 25 EXPERIENCE.

2896 2138 7 10 ?
2926 2134 22 24 A
2959 2135 142 30 prospector
3109 2132 232 36 ;named^Edin,und.
3351 2132 78 24 Davis

2893 2177 47 23 has
2966 2177 54 31 just
3043 2175 90 32 passed
3293 2184 14 14 a
3329 2175 98 24 terrible

2894 2219 142 31 experience
3051 2219 39 22 'in
3119 2217 55 24 th'e.
3351 2217 76 28 Hills,
3470 2229 9 11 »

2894 2262 118 29 Victoria,
3026 2261 69 36 |r,o;D;i
3113 2260 81 27 wl^ich
3205 2260 32 24 he

2893 2305 108 31 literally
3023 2304 61 25 with
3107 2295 54 33 his'
3169 2303 42 24 life
3229 2302 28 24 in
3279 2303 39 24 his
3338 2296 89 30 hand's.
3432 2305 47 28 4M

2896 2349 44 25 Six
2950 2347 78 26 weeks
3041 2355 45 24 ago
3103 2348 37 23 he-
3145 2346 101 31 started,
3265 2346 84 24 armed
3369 2344 110 25 withM

2893 2400 14 15 a
2927 2399 59 23 gun,
3006 2391 49 24 and
3077 2389 140 32 plentifully
3241 2389 111 30 supplied
3371 2379 108 51 wit^fl

2894 2434 173 28 ammunition,
3094 2434 25 23 to
3137 2433 114 31 prospect
3270 2431 44 25 the
3342 2424 137 47 mou^^H

2893 2477 66 24 tains
2971 2476 50 24 and
3032 2476 89 31 gullies
3132 2476 38 24 for
3181 2474 67 32 gold.
3282 2474 51 24 For
3345 2482 15 16 a
3372 2467 107 47 tia^Hj

2894 2519 34 25 all
2938 2520 65 23 went
3015 2519 61 28 well,
3095 2519 43 23 but
3161 2518 75 31 being
3248 2516 108 25 satisfied
3369 2506 110 51 witj^fl

2894 2563 41 23 the
2947 2561 65 25 work
3023 2563 31 22 he
3072 2561 49 24 had
3143 2561 63 23 done
3229 2559 33 25 he
3284 2559 80 31 began
3388 2549 91 51 his^B

2893 2604 141 25 homeward
3042 2604 113 32 journey,
3229 2603 73 24 could
3324 2605 42 22 not
3378 2602 35 24 fin
3416 2593 63 33 «M

2894 2648 41 24 his
2946 2655 62 22 way,
3027 2647 50 24 and
3096 2646 129 25 wandered
3244 2645 63 25 from
3318 2645 70 31 place
3404 2637 75 47 t^H

2895 2692 69 31 place
2975 2690 38 25 for
3024 2698 57 17 over
3103 2689 54 25 four
3176 2688 86 25 weeks.
3296 2688 34 24 At
3340 2683 139 43 last-he^H

2896 2734 91 25 almost
2997 2735 50 23 lost
3058 2733 39 25 his
3109 2740 88 17 reason
3208 2732 64 24 from
3293 2732 78 31 fright
3383 2723 96 32 and^*

2897 2784 128 23 exposure.
3077 2775 96 25 Whilst
3201 2775 43 24 the
3267 2774 168 24 ammunition

2896 2819 81 24 lasted
3005 2819 32 24 he
3067 2819 57 24 shot
3152 2817 103 30 rabbits,
3288 2817 147 31 kangaroos,

2898 2862 75 29 birds,
2992 2862 59 25 wild
3063 2862 75 30 sheep
3161 2860 50 25 and
3232 2860 56 32 pigs
3310 2859 38 26 for
3369 2859 67 31 food,

2898 2906 46 24 but
2961 2904 141 31 ultimately
3124 2904 42 24 his
3186 2902 168 25 ammunition
3376 2909 62 23 gave

2899 2950 51 25 out,
2963 2947 49 24 and
3023 2947 33 23 he
3065 2947 62 23 then
3138 2946 51 23 had
3201 2947 27 22 to
3239 2944 43 24 fall
3293 2944 64 24 back
3369 2951 67 24 upon

2900 2991 82 29 herbs,
3001 2997 105 25 grasses,
3125 2989 50 24 and
3194 2988 113 32 iguanas,
3326 2987 40 24 his
3387 2987 49 24 last

2900 3034 66 25 meal
2990 3033 75 31 being
3084 3033 73 24 made
3176 3031 62 25 from
3262 3039 15 16 a
3298 3031 93 31 species
3414 3031 27 23 of

2901 3078 89 31 iguana
3013 3072 93 29 called*
3121 3074 42 25 the

2903 3120 82 26 which
2994 3120 30 24 he
3042 3119 104 25 skinned
3164 3118 51 25 and
3234 3120 48 22 ate.
3317 3117 54 25 The
3382 3116 57 25 first

2903 3165 47 30 day
2963 3172 27 17 or
3003 3165 46 23 two
3067 3162 63 26 after
3146 3162 32 25 he
3187 3161 51 25 had
3257 3160 62 26 used
3333 3161 39 24 the
3391 3160 50 24 last

2905 3207 25 25 of
2940 3207 40 25 his
2992 3205 166 26 ammunition
3180 3205 33 24 he
3224 3212 48 17 was
3284 3203 157 31 exceedingly

2905 3252 106 30 hungry,
3028 3250 47 25 but
3086 3249 64 25 later
3161 3256 33 17 on
3205 3248 33 24 he
3258 3255 65 24 grew
3335 3254 27 17 so
3373 3245 68 25 weak

2907 3295 42 23 the
2970 3294 107 31 hunger,
3106 3292 32 24 he
3161 3294 64 29 says;
3254 3289 114 26 troubled
3387 3288 82 24 him*—

2907 3332 71 34 little,
2997 3336 73 24 while
3082 3335 40 25 his
3131 3335 92 24 former
3234 3334 97 24 intense
3342 3332 100 30 anxiety

2907 3388 61 23 gave
2980 3379 69 31 place
3068 3381 26 22 to
3106 3387 13 15 a
3139 3377 97 31 despair
3258 3375 130 32 bordering
3410 3382 33 17 on

2907 3423 125 24 madness.
3084 3422 94 27 Water,
3213 3420 158 30 fortunately,
3391 3425 52 18 was

2908 3465 127 26 abundant
3063 3464 164 31 everywhere,
3262 3471 26 17 fo
3317 3462 56 25 that
3402 3461 42 24 the

2908 3516 79 24 pangs
2999 3508 26 23 of
3035 3507 75 25 thirst
3122 3515 64 17 were
3196 3508 45 23 not
3256 3505 87 25 added.
3379 3504 64 25 Ulti-

2909 3552 92 29 mately
3012 3550 51 29 thft-
3068 3550 159 24 unfortunate
3352 3549 96 23 tieearue

2910 3596 41 21 too
2961 3593 67 24 weak
3041 3595 25 22 to
3078 3601 70 23 carry
3160 3593 40 24 his
3218 3600 74 24 swag.
3329 3591 20 24 A
3361 3591 47 31 day
3420 3598 28 16 or

2910 3645 28 16 so
2957 3645 54 22 ago,
3042 3636 72 25 when
3137 3636 33 25 he
3190 3635 51 26 had
3263 3635 92 25 almost
3375 3634 75 25 aban-

2911 3680 80 24 doned
3002 3680 35 24 all
3048 3680 72 29 hope,
3139 3680 49 23 and
3210 3687 50 16 was
3278 3679 75 24 about
3362 3699 2 3 ,
3374 3683 25 19 to
3418 3678 34 23 lie

2912 3723 76 26 dowjx
2996 3723 39 28 tQ_
3042 3722 46 29 die,
3107 3722 33 23 he
3152 3730 70 16 came
3241 3722 68 30 quite
3328 3729 118 22 unexpec-

2914 3765 66 31 tedly
2992 3772 68 23 upon
3080 3772 14 16 a
3113 3763 62 32 high
3187 3763 69 32 ridge
3276 3763 27 25 of
3312 3763 139 28 mountain,

2914 3809 64 24 from
2990 3807 82 27 which
3088 3807 32 24 he
3143 3815 50 18 saw
3215 3810 109 27 country,
3338 3807 56 23 that
3420 3806 32 23 he

2915 3852 79 23 knew.
3030 3850 54 25 The
3095 3850 125 30 following
3242 3849 49 31 day
3301 3849 33 24 he
3348 3848 105 24 reached

2917 3894 92 24 Messrs
3020 3896 4 24 !
3028 3893 84 24 Elliot'
3128 3892 70 24 Bros,
3215 3892 161 27 x>iifr-stalion.
3411 3890 44 25 He

2917 3944 51 17 was
2996 3937 55 23 thin
3076 3936 50 24 and
3145 3937 86 29 gaunt,
3266 3934 39 24 his
3331 3935 54 23 hair
3402 3942 53 16 was

2919 3980 102 31 unkept,
3039 3980 31 23 he
3098 3986 49 17 was
3169 3977 116 28 bootless,
3309 3977 39 25 his
3360 3977 95 25 clothes

2921 4031 63 17 were
2995 4023 36 24 in:
3041 4023 95 27 tatters,
3166 4021 50 24 and
3234 4021 32 24 he
3286 4028 52 17 was
3350 4021 109 29 scarcely

2922 4066 56 24 able
2998 4067 26 23 to
3044 4065 131 24 articulate
3197 4066 26 23 to
3242 4064 70 24 make
3334 4064 41 23 his
3387 4062 71 25 awful

2925 4109 270 32 experiences^'knQssTi,
3352 4108 59 28 days
3430 4108 25 21 h(

2925 4152 67 25 lived
3003 4160 33 17 on
3048 4149 48 27 the'
3101 4150 63 26 flesh
3185 4150 27 25 of
3227 4154 64 20 oner
3295 4150 99 31 iguana,
3413 4149 45 23 and

2927 4195 108 29 foroyer
3047 4194 39 25 six
3107 4193 82 25 weeks
3199 4193 43 26 lie,
3252 4192 51 24 had
3328 4191 83 25 tasted
3431 4198 25 16 n<

2928 4237 78 31 jjread
3016 4237 51 24 and
3078 4237 75 24 eaten
3173 4234 113 31 nothing,
3292 4234 44 25 but
3353 4235 64 24 wh&t
3436 4234 15 23 h

2931 4280 50 26 had
2993 4280 62 24 been
3067 4278 63 28 able,
3142 4278 27 24 in
3181 4277 44 26 the
3236 4277 55 25 first
3302 4277 123 27 instance,
3441 4278 11 23 t

2934 4324 79 29 shoot,
3035 4321 51 25 and
3108 4320 145 26 afterwards
3274 4321 27 23 to
3323 4319 73 25 catch
3418 4327 37 16 am

2936 4366 89 32 gather
3058 4364 41 25 He
3107 4364 61 25 is-'in
3180 4371 16 17 a
3206 4363 101 25 terrible
3326 4364 73 26 state,
3410 4362 45 30 phj

2938 4409 84 29 sically
3033 4407 50 24 and
3095 4406 120 31 mentally
3234 4405 65 25 from
3310 4405 60 26 fear,
3394 4393 85 55 starJ|

2938 4450 75 27 ation,
3032 4449 50 24 and
3105 4455 125 24 exposure,
3249 4446 50 25 and
3320 4446 20 24 it
3350 4445 23 24 is
3395 4451 84 17 ma

1073 53 174 31 OXFORD
1288 54 233 33 OBSERVER
1565 53 237 38 SATURDAY,
1853 56 235 35 FEBRUARY
2145 62 39 29 13
2229 62 79 29 1897
