3510 4530
76 189 143 44 j^^^fore
229 196 31 23 he
280 195 21 24 is
310 194 55 25 able
377 197 25 21 to
415 202 71 17 move
496 193 82 32 again.

200 239 56 23 that
279 238 31 24 he
322 245 49 17 saw
396 238 59 24 wild
474 238 55 29 pigs
554 237 24 23 in

76 271 137 47 j^^HKld
226 280 75 31 sheep
313 280 62 24 with
397 280 65 25 wool
482 280 27 24 of
528 287 51 16 sev-

159 325 24 23 -3?
197 324 103 31 growth,
320 331 93 21 emeus,
432 323 148 32 kangaroos,

200 367 82 30 night,
301 366 73 25 when
394 366 104 31 camped
521 366 26 23 in
567 374 15 16 a

141 412 15 15 K
169 411 66 29 huge
257 409 74 25 black
355 409 75 24 snake
452 409 38 24 for
513 417 69 16 some

76 442 109 47 |^&kc
189 452 63 25 oiled
264 460 33 23 up
310 459 33 17 on
365 451 60 29 him,
445 451 50 24 and
506 451 25 24 in
543 451 39 24 his

76 486 253 46 ■^HB^oi'strung
348 494 126 25 condition
486 495 32 23 he
531 502 51 16 was

76 527 182 47 HBHB^
254 546 27 15 UI
279 538 20 23 'b
328 538 27 24 it-
408 538 38 23 On
477 537 105 24 another

76 573 199 43 H^HIH^B
286 589 14 15 a
312 581 71 30 fight,
402 579 90 28 which,
506 580 23 22 in
543 579 39 24 his

288 632 13 15 a
326 623 61 24 hard
408 631 53 18 one,
489 622 61 25 with
568 630 14 16 a

76 656 277 38 H|^^H^HAvluch
384 665 32 24 he
440 664 140 30 ultimately

611 184 105 24 WHAT
735 185 38 24 IS
794 185 72 24 TEE
882 185 96 25 ASS'S
996 186 87 23 IDEA
1103 186 46 25 OF

783 228 194 27 FREEDOM.

644 292 26 25 It
682 299 53 23 may
748 299 75 17 mean
834 291 90 32 liberty
942 292 38 24 for
991 299 72 25 every
1070 299 65 19 .man

610 334 26 23 to
650 332 66 25 work
727 333 39 24 his
776 332 148 32 employee's
938 333 30 22 12
986 332 75 25 hours
1073 341 13 14 a
1099 332 47 31 day

609 370 28 23 in
653 378 33 16 an
699 370 137 32 insanitary
853 369 139 32 workshop,
1011 378 28 16 or
1058 369 85 31 liberty

610 411 26 22 to
659 412 63 21 start
745 410 134 30 swindling
903 409 150 31 companies,
1072 417 28 16 or
1120 411 26 22 to

609 456 47 24 pay
669 451 115 22 sweaters
802 456 86 24 wages,
907 456 27 16 or
946 449 25 24 to
983 448 30 24 be
1030 447 116 32 poisoned

610 487 31 30 by
655 486 167 31 unspeakable
835 494 67 23 grog,
922 494 28 16 or
962 487 25 23 to
996 486 89 29 charge
1098 486 48 23 250

610 531 43 22 per
665 525 63 27 cent,
750 532 27 15 or
797 526 26 21 to
836 524 63 22 have
920 531 63 22 open
1006 522 84 24 drains
1114 529 32 17 on

611 561 37 24 his
660 562 128 30 premises,
802 569 27 16 or
841 562 26 23 to
880 561 45 24 sell
948 560 103 32 typhoid
1063 567 83 23 germs

610 600 27 23 in
644 600 40 25 his
697 600 69 28 milk,
780 608 28 16 or
822 607 47 23 any
881 600 71 24 other
969 599 58 23 kind
1040 599 27 24 of
1074 598 72 23 liber-

611 640 34 28 ty.
698 638 82 24 There
809 646 40 16 are
879 637 68 30 quite
971 644 26 16 as
1010 643 75 23 many
1097 635 48 24 bad

610 675 114 24 varieties
737 675 27 24 of
773 675 106 24 freedom
901 682 26 16 as
940 673 63 31 good
1015 680 58 16 ones
1084 680 6 20 ;
1102 672 43 24 the

611 713 68 24 word
691 713 92 24 sounds
804 713 70 30 large
886 712 50 24 and
954 710 129 30 beautiful,
1102 710 44 24 but

611 755 20 24 it
642 755 53 25 isnt
707 763 14 17 a
735 755 71 31 fhing
826 757 26 23 to
872 755 30 23 be
926 753 74 25 taken
1016 761 32 16 on
1072 753 73 23 trust.

612 795 140 25 Whenever
762 795 112 24 freedom
885 794 22 24 is
919 793 124 24 conferred
1056 800 31 16 on
1100 800 46 16 one

610 834 135 24 individual
773 834 21 24 it
834 840 83 16 means
945 832 141 24 restriction
1115 839 30 16 on

613 872 111 23 another.

26 848 518 24 UNKNOWN

26 906 256 47 H9^H^^^P^
283 926 7 14 1
302 924 65 23 gang
385 915 27 24 of
421 914 100 24 robbers
533 921 46 17 was

293 959 198 30 compassionate
515 963 64 17 nion-

280 1044 178 26 Government,
477 1042 50 23 and
541 1040 38 24 the

345 1087 25 22 to
388 1084 89 24 defend
500 1084 79 23 them-

26 1118 177 47 fl^9^^^g
213 1134 56 18 J^aw
280 1129 42 23 the
334 1128 91 28 misery
437 1127 82 24 which
538 1126 41 24 the

265 1171 62 23 from
350 1171 107 30 poverty,
476 1172 103 27 hunger,

227 1215 60 23 vice.

250 1258 91 31 having
381 1256 101 25 secured
505 1256 74 23 much

26 1291 118 34 HRd
148 1310 2 4 1
153 1320 4 9 ,
180 1310 25 14 iso
216 1300 148 24 established
376 1308 15 15 a
402 1299 115 31 hospital,
533 1298 46 25 and

134 1339 103 35 \nyone
260 1350 50 17 was
334 1342 119 24 wounded
476 1341 32 31 by
538 1341 41 24 the

30 1391 14 15 -'
52 1388 66 28 itaug
130 1386 42 23 the
196 1385 122 24 influence
331 1385 26 24 of
375 1385 43 23 the
444 1384 66 24 chief
531 1391 48 16 was

26 1425 109 116 Rys
164 1428 121 25 sufficient
308 1429 27 22 to
353 1434 84 17 secure
460 1434 15 15 a
487 1426 46 24 bed
543 1425 36 24 for

115 1473 85 23 ationt.
236 1472 38 23 Ho
286 1470 116 25 endowed
413 1470 52 24 also
477 1477 14 16 a
503 1468 76 25 train-

113 1515 70 24 cliool
206 1516 32 29 by
250 1514 81 24 which
348 1513 43 24 the
413 1520 85 23 young
517 1519 62 17 were

47 1559 54 24 able
114 1561 25 21 to
152 1565 57 17 earn
222 1556 72 24 much
307 1563 76 17 more.
427 1554 59 24 This
508 1554 71 24 made

47 1602 42 24 the
102 1601 112 30 Robbery
227 1600 111 24 business
356 1599 73 30 good.

82 1644 87 30 Seeing
192 1643 55 24 that
267 1642 43 25 the
336 1641 146 24 destitution
495 1639 26 25 of
541 1639 38 24 his

46 1688 97 25 victims
157 1686 117 31 outraged
285 1684 83 33 public
389 1683 142 28 sentiment,
549 1681 30 25 he

48 1732 38 23 set
94 1738 33 23 up
140 1729 63 25 alms
216 1729 98 27 houses,
324 1728 79 24 where
415 1727 43 25 the
470 1726 109 31 starving

44 1774 74 25 could
129 1773 42 31 get
183 1780 68 22 soup.

83 1816 74 25 Some
169 1815 25 25 cf
204 1815 70 24 those
291 1814 56 25 who
366 1813 51 24 had
503 1818 76 18 some-

48 1860 74 30 thing
133 1858 51 29 left,
203 1857 58 26 took
273 1856 137 31 advantage
418 1855 26 24 of
454 1855 70 24 these
532 1854 47 25 free

26 1891 132 40 Mtnche:?,
178 1910 26 16 so
216 1903 32 22 he
439 1898 43 25 the
502 1898 77 24 chari-

26 1986 34 25 ■
81 1988 39 23 He
133 1990 55 21 sent
199 1987 40 23 his
263 1988 113 22 servants
388 1985 25 23 to
436 1983 73 25 make
521 1983 58 25 laws

26 2017 122 44 K-eight
168 2029 113 24 hundred
303 2027 110 25 volumes
430 2034 16 16 a
463 2034 91 23 year—
555 2027 24 23 to

26 2065 114 39 Bprotect
152 2072 41 24 the
204 2072 94 30 people.

26 2103 16 37 F
65 2116 85 27 TThen
172 2116 70 24 theae
260 2122 48 16 was
321 2122 26 17 so
373 2114 73 24 much
469 2111 110 26 Govern-

46 2161 71 23 ment
137 2159 55 24 that
204 2158 42 24 the
264 2157 84 32 people
361 2164 59 18 were
443 2154 90 26 unable
555 2156 24 24 to

26 2192 22 33 L
48 2202 88 24 defend
151 2201 156 24 themselves.

145 2244 71 24 made
241 2251 13 16 .a
281 2243 96 29 Society
400 2243 26 23 to
445 2240 73 25 teach
537 2241 42 23 the

144 2286 55 24 that
216 2286 21 24 it
248 2293 49 17 was
310 2284 67 32 King
398 2282 114 31 Alcohol,
529 2281 50 26 and

26 2314 115 43 Bfehc,
161 2330 55 23 who
227 2328 92 25 robbed
336 2328 76 24 them.
536 2326 43 23 not

26 2361 67 47 H^L
101 2373 109 24 servants
227 2371 48 24 rich
327 2370 53 24 said
391 2369 39 24 he.

26 2402 92 51 [^BF
131 2415 60 29 said,
290 2413 22 30 I,
331 2415 44 22 but
386 2412 116 25 Laziness
524 2411 50 24 and

211 2458 60 30 keep
282 2464 47 23 you

161 2501 30 23 lie
214 2500 97 31 piously
322 2498 124 28 reflected,
524 2504 55 17 men

26 2530 100 51 I^P<-1
139 2544 43 23 but
202 2543 62 31 obey
276 2542 43 23 the
342 2541 79 23 Moral
432 2540 70 28 Law,
520 2540 59 30 they

139 2585 33 25 all
184 2585 29 25 be

36 2741 83 70 THE
141 2750 133 25 SINGLE
298 2748 72 24 TAX
391 2746 124 26 WOULD
533 2745 48 24 DO

287 2781 46 27 IT.

178 2848 127 24 Canadian
339 2847 107 23 Banner.
490 2850 3 10 '■

77 2909 49 24 Out
146 2909 25 23 iv
192 2908 43 24 the
258 2907 83 24 West.
348 2904 52 26 the'
416 2905 105 23 farmers
539 2910 42 16 are

44 2948 107 29 burning
173 2946 66 24 their
262 2952 58 17 corn
347 2944 24 23 in
394 2942 139 32 preference
554 2944 26 21 to

44 2986 89 29 paying
146 2984 41 23 the
210 2983 91 24 tribute
313 2981 79 25 levied
415 2988 33 17 on
460 2979 69 24 them
548 2978 32 31 by

44 3022 42 24 the
99 3022 53 23 coal
164 3022 72 32 trust,
251 3019 71 24 while
335 3020 43 23 the
390 3018 127 31 operators
526 3015 54 24 who

46 3059 66 24 mine
124 3059 42 23 t^e
181 3058 54 24 coal
245 3066 41 15 are
298 3054 166 33 unemployed
474 3053 106 25 because

47 3098 38 23 the
99 3099 63 22 trust
175 3097 90 24 desires
286 3099 26 21 to
330 3094 73 25 make
415 3102 30 16 an
467 3091 114 26 artificial

47 3135 101 31 scarcity
166 3135 48 24 and
232 3134 61 30 keep
309 3140 34 24 up
364 3132 42 24 the
418 3131 73 32 price.
527 3129 53 24 The

49 3182 79 16 inner
152 3174 90 24 desires
266 3173 42 24 the
328 3172 103 24 miner's
452 3170 59 29 coal,
530 3168 49 25 and

51 3215 35 23 ;he
110 3213 78 25 miner
222 3213 78 24 would
327 3212 49 24 like
399 3210 43 25 the
465 3209 115 25 farmer's

51 3259 60 20 jorn,
124 3252 45 22 but
181 3250 42 24 the
232 3249 121 24 heartless
364 3256 71 21 crew,
448 3247 56 25 who
513 3246 65 23 have

53 3288 94 26 sekbled
170 3296 32 22 up
223 3287 43 24 the
300 3286 144 25 coal-mines
463 3284 33 31 by
514 3283 66 30 legal

54 3324 103 32 •obbery,
193 3326 51 29 step
256 3325 28 23 in
296 3323 111 26 between
419 3321 49 25 and
475 3321 104 32 prevent

53 3373 24 16 m
90 3365 121 30 equitable
235 3363 126 31 exchange
380 3362 109 25 between
502 3361 76 25 them.

79 3405 25 22 A
133 3403 64 24 little
220 3403 146 31 application
388 3401 27 24 of
438 3400 76 31 single
537 3401 43 23 tax

56 3443 71 24 voukl
139 3450 30 24 go
181 3450 14 16 a
216 3442 59 31 long
286 3448 54 25 way
362 3442 26 23 to
399 3440 102 33 remedy
527 3439 51 25 this

59 3483 37 22 ort
108 3480 26 24 of
144 3480 81 31 thing.
259 3480 25 23 It
298 3478 81 24 would
389 3478 73 24 make
472 3477 43 24 the
525 3476 53 25 coal

63 3528 73 17 arons
160 3519 112 31 disgorge
295 3526 27 16 or
421 3516 63 24 their
501 3516 77 24 mines

60 3558 54 31 ally
150 3558 59 23 This
230 3556 82 25 would
322 3562 75 18 mean
414 3554 63 25 work
488 3554 38 24 for
537 3554 41 24 the

60 3598 64 23 liner
136 3598 47 23 and
207 3596 77 31 cheap
296 3596 51 25 coal
364 3595 38 24 for
425 3594 42 24 the
478 3593 100 25 farmer-

61 3635 77 24 Vhith
162 3636 92 29 system
278 3634 30 26 do
331 3633 42 27 the
398 3631 105 27 workers
526 3639 50 24 pre-

64 3683 18 16 :r
93 3676 11 22 ?

1121 58 174 31 OXFORD
1340 58 226 31 OBSERVER
1582 57 240 35 SATURDAY,
1839 55 204 32 FEBRARY
2086 55 38 29 13
2177 51 88 32 1897.

2932 4241 104 27 Printed
3067 4244 51 25 and
3145 4243 133 33 published
3318 4244 39 33 hf
3396 4246 69 27 Axel

2965 4285 120 31 Ekxund,
3110 4286 39 27 for
3170 4286 91 27 Lauba
3278 4287 71 29 Anne
3366 4288 94 26 Pabish

2966 4331 27 24 at
3008 4329 46 26 her
3077 4330 145 33 Registered
3242 4330 116 34 Printing
3380 4331 77 27 Gffice

2968 4372 72 32 High
3053 4373 93 30 Street,
3163 4373 66 26 E*at
3248 4373 101 31 Oxford,
3361 4373 95 27 Oauten

2968 4413 71 32 bttry.
3051 4438 32 3 ._.

2984 4456 131 29 Sa7vmai
3144 4457 127 28 Fxssutr.
3299 4459 45 34 13;
3360 4460 64 26 1897

2920 188 5 28 :
2988 195 447 45 EUCALYPTUS..

2986 293 59 20 THE
3061 293 73 20 BEST
3148 292 88 20 HOME
3252 291 143 21 BEMEDIE

3043 331 37 14 are
3094 323 36 22 the
3139 324 137 26 preparation
3286 323 25 22 of
3318 322 36 21 the

2929 361 170 22 TASJIANIAN
3117 361 187 20 EUCALYPTUS
3319 360 49 21 OIL'
3373 353 89 28 ''COUP.

2957 399 136 24 Universally
3103 398 104 20 admitted
3215 397 37 21 the
3261 397 79 24 BEST,
3352 397 114 23 SUREST

2928 436 43 20 and
2981 435 58 19 most
3048 435 94 20 effective
3153 435 134 24 Eucalyptus
3309 427 156 29 Globulus^^t

2927 467 33 19 for
2981 466 170 24 INFLUENZA,
3173 465 92 25 Coughs,
3285 465 63 20 Colds
3374 465 43 19 and
3433 465 31 21 alt

2928 498 65 20 Chest
3009 498 43 20 and
3060 498 63 24 Lung
3140 496 113 21 affections
3267 496 76 26 speedy
3353 496 60 21 relief
3422 496 44 21 and

2927 529 55 20 Cure
3000 529 34 19 for
3049 529 158 23 Bheuinatism,
3227 528 122 24 Neuralgia,
3365 528 99 25 Sprains-

2926 555 71 21 Burns
3018 557 34 19 &c.

2953 589 134 25 Eucalyptus
3105 588 104 21 Globulus
3227 588 93 21 Extract
3329 588 89 26 sprayed
3432 588 32 21 in-

2926 620 63 21 haled
3005 621 43 20 and
3062 621 65 20 token
3137 620 117 25 internally
3271 620 34 19 for
3320 620 36 20 the
3374 620 87 26 'lhroat,

2926 656 98 26 Catarrh,
3041 657 59 25 Hay,
3124 656 98 26 Typhoid
3239 656 43 20 and
3296 656 82 21 Scarlet
3388 657 76 20 Fevers

2927 688 129 20 MEASLES
3067 688 37 20 the
3110 689 55 19 most
3175 688 136 25 satisfactory
3320 689 144 24 preventative

2927 719 43 21 and
2984 719 61 21 Cure.
3073 720 56 20 Send
3143 720 51 19 Post
3210 719 56 21 Card
3275 721 22 19 to
3308 720 36 20 the
3354 720 63 20 Office
3430 721 33 19 for

2927 750 95 21 Circular
3036 751 120 25 describing
3175 752 122 19 treatment.
3324 751 139 26 Eucalyptus,

2927 783 111 21 Ointment
3048 785 36 19 the
3094 784 70 25 Magic
3174 785 78 20 Healer
3266 785 22 19 of
3303 785 69 23 Sores,
3386 786 78 23 Burns,

2928 815 101 24 Wounds,
3046 816 60 19 Boiis
3125 818 44 21 &c,
3193 816 135 25 Eucalyptus
3348 817 57 25 Soap
3420 817 42 20 Fra

2927 848 62 22 grant
3000 847 42 20 and
3051 848 124 24 refreshing,
3200 848 133 25 Eucalyptus
3343 848 88 26 Jujubes
3441 855 24 13 or

2927 877 102 20 Pastilles
3039 879 33 19 for
3082 878 36 20 the
3144 879 80 20 Throat
3235 879 43 20 and
3287 879 64 20 Voice
3367 886 28 13 an
3410 881 54 19 anti-

2928 909 66 26 septic
3005 910 42 20 and
3057 910 122 21 stimulant.

2927 942 126 26 Veterinary
3070 943 36 20 Oil
3116 944 42 20 and
3168 944 112 20 Ointment
3289 945 34 19 for
3333 944 37 20 the
3379 945 85 21 stables.

2955 976 31 19 Be
2994 982 50 14 sure
3053 983 42 19 you
3105 977 109 20 Purchase
3228 977 39 20 the
3278 978 104 24 Platypus
3399 978 68 20 brand

2928 1008 50 24 only
2988 1008 22 19 of
3018 1008 29 20 all
3057 1008 113 25 Chemists,
3175 1009 89 19 Grocers
3270 1008 43 21 and
3320 1008 146 27 Storekeepers

2928 1039 44 19 and
2986 1040 22 18 at
3022 1039 37 20 the
3070 1039 64 20 Office
3143 1041 13 19 9
3165 1040 115 20 Cathedral
3289 1046 76 18 square
3375 1041 92 20 between

2928 1069 101 20 Morten's
3043 1070 113 25 Buildings
3164 1072 42 19 and
3217 1071 37 19 the
3262 1071 52 20 Post
3324 1071 70 20 Office.

3094 1103 88 21 Oxford
3193 1104 78 25 Agent

2983 1138 27 21 R.
3020 1138 30 21 H.
3064 1138 120 26 PAEISH,
3207 1140 77 20 EAST
3298 1141 119 21 OXFOED

3010 1176 143 26 Eucalyptus
3162 1177 38 20 Oil
3214 1176 31 27 1/-
3257 1184 42 19 per
3307 1178 78 21 bottle.

3033 1469 214 30 Established
3273 1471 79 29 1862

2979 1533 125 29 FLOUB,
3116 1535 56 24 best
3182 1535 81 24 brand
3274 1536 60 31 only
3344 1536 68 31 kept.

2932 1575 142 30 SHAEPS,
3111 1577 209 31 OATMEAL,
3354 1579 114 25 BEAN

3021 1620 153 26 CHICKEN
3177 1622 136 29 WHEAT,
3325 1618 49 30 'Seat

2987 1662 21 19 A
3036 1663 124 21 LOWEST
3189 1665 143 20 CUEEEKT
3360 1665 97 21 EATES

3023 1782 119 42 FRED
3184 1783 191 41 PULLER.

3121 1840 163 22 SOLICITOR.

2972 1878 13 20 9
2995 1877 123 21 Cathedral
3129 1878 93 26 Square,
3237 1879 191 21 Chmistchubch.

2933 1911 116 26 (Between
3058 1912 110 21 Morten's
3177 1912 117 27 buildings
3305 1913 18 20 &
3332 1913 56 21 Post
3395 1914 67 21 Office

2972 1987 188 55 Money
3188 1989 54 42 to
3279 1988 142 44 Lend

2933 2058 29 14 on
2972 2051 33 21 all
3012 2051 58 21 kind
3080 2051 23 21 of
3115 2052 112 27 Security,
3236 2053 26 20 at
3281 2053 56 21 Low
3351 2054 78 20 Rates
3447 2054 22 20 of

2959 2095 107 21 Interest.
3097 2095 89 27 Special
3198 2097 78 20 Terms
3287 2096 34 21 for

2981 2226 45 53 S.
3060 2227 49 44 B.
3132 2226 305 53 SEYMOUR,

3130 2293 138 28 DENTIST,

2973 2336 41 22 215
3029 2335 105 21 Colombo
3149 2335 82 24 Street,
3254 2335 168 21 Christchurch.

3100 2408 179 21 CHARGES:—

3000 2448 92 26 Pilling,
3107 2449 25 19 5e
3138 2457 9 15 ;
3181 2448 133 21 Extraction
3324 2450 25 19 2s
3364 2449 36 20 6d.

2958 2511 96 21 Nitrous
3064 2511 60 21 Oxid
3134 2511 46 21 Gas
3191 2511 169 22 Administered
3365 2512 37 21 for
3408 2512 61 21 Pain

2930 2552 46 20 less
2986 2552 134 21 Extraction
3129 2552 24 21 of
3162 2553 80 20 Teeth.
3276 2554 45 20 Fee
3330 2553 37 21 for
3375 2553 93 20 Admin-

2931 2589 110 21 istration
3051 2587 37 23 ss.*

3020 2710 54 44 F.
3106 2709 50 44 B.
3178 2707 189 58 LANE.

3037 2789 144 41 (LateE.
3200 2789 161 40 Butcher.)

2933 2848 249 35 Watchmaker,
3212 2848 184 36 Jeweller,
3413 2848 51 30 &c.

2933 2899 122 31 Importer
3089 2900 27 23 of
3154 2897 108 26 Musical
3298 2898 170 25 Instruments

3032 2937 110 24 Victoria
3163 2935 38 26 St.
3232 2936 133 31 Eangiora.

2935 3014 99 31 Special
3045 3015 70 23 value
3137 3014 28 23 in
3187 3013 80 24 Extra
3290 3015 87 28 strong
3389 3012 80 24 Cased

2933 3057 87 31 highly
3029 3056 108 24 finished
3151 3055 108 31 English
3276 3055 81 25 Lever
3365 3055 103 25 Watch-

2934 3107 34 18 es.
3014 3099 191 26 Manufactured
3221 3100 26 23 to
3269 3106 43 24 ray
3341 3098 71 25 order
3434 3098 34 32 by

2933 3140 56 25 best
3000 3140 104 25 London
3122 3139 107 24 makers.
3264 3137 157 33 Unequalled
3429 3138 39 25 for

2934 3182 122 25 excellent
3069 3182 177 32 Timekeeping
3261 3182 51 24 and
3323 3181 143 32 durability.

2967 3226 29 24 F.
3015 3226 30 24 B.
3058 3225 95 24 LANE
3166 3225 140 32 personally
3328 3226 70 23 visits
3419 3226 49 24 Ox-

2935 3269 54 25 ford
3009 3268 124 32 monthly,
3156 3268 115 32 carrying
3290 3276 16 16 a
3327 3264 69 35 large
3419 3269 50 24 and

2934 3311 85 24 choice
3053 3311 70 24 stock
3151 3311 28 24 of
3210 3311 125 28 Watches,
3364 3311 102 28 Chains,

2934 3354 134 28 Brooches,
3078 3354 87 31 Eings,
3177 3353 84 29 Studs,
3280 3353 127 26 Pendants
3419 3356 47 27 etc,

2935 3397 141 31 Spectacles
3098 3396 123 33 (Pebbles,
3238 3396 167 32 Pantoscopsc
3417 3397 50 24 and

2935 3439 108 33 Crystal)
3056 3439 96 29 Clocks,
3172 3438 106 33 (Marble
3298 3439 50 24 and
3366 3439 100 32 Wood,)

3033 3482 156 24 Accordeons
3200 3482 50 24 and
3261 3482 106 24 Violins.

2967 3546 81 25 Exact
3060 3546 57 24 date
3130 3545 27 25 of
3166 3546 61 24 each
3239 3545 59 25 visit
3320 3546 22 24 is
3354 3546 103 25 notified

3081 3589 28 24 in

2933 3632 115 25 Eepairs.
3050 3647 32 3 —
3083 3631 42 26 All
3135 3633 95 29 repairs
3247 3640 42 17 are
3306 3633 118 24 executed
3435 3633 33 31 by

2932 3675 92 32 myself
3045 3683 28 17 or
3089 3675 80 24 under
3184 3683 44 24 my
3248 3676 220 32 superintendence

2932 3725 28 17 so
2982 3718 56 25 that
3057 3720 103 29 patrons
3172 3726 47 17 can
3241 3720 53 31 rely
3315 3727 34 17 on
3370 3721 98 30 getting

2933 3760 155 25 satisfaction
3097 3762 26 24 at
3135 3761 44 25 the
3189 3769 59 23 very
3259 3762 87 25 lowest
3354 3762 112 32 charges.

2965 3803 105 32 Eepairs
3081 3811 28 17 or
3118 3804 84 25 orders
3210 3812 59 24 may
3280 3805 31 25 be
3318 3805 45 25 left
3375 3807 26 23 at
3401 3819 34 5 —

2932 3850 26 26 J.
2977 3850 134 32 Weeber's,
3146 3852 64 25 East
3234 3852 100 26 Oxford,

2932 3896 26 24 at
2980 3894 42 26 W.
3045 3895 36 25 M.
3106 3895 38 28 0.,
3168 3896 65 26 East
3257 3896 100 25 Oxford.

2932 3937 24 25 J.
2973 3937 101 30 Brown,
3087 3937 160 32 Bootmaker,
3271 3939 71 25 West
3366 3939 100 26 Oxford.

2932 3980 41 26 W.
2986 3980 25 25 J.
3024 3981 119 26 Crothers
3153 3982 19 24 &
3184 3981 59 26 Co..
3265 3982 70 26 Oust.

2965 4023 50 25 and
3031 4024 54 25 will
3090 4024 31 25 be
3132 4024 127 33 promptly
3269 4026 119 25 attended
3398 4027 35 25 to.
3468 4047 1 5 ,

2932 4066 55 31 All
2998 4067 100 31 Work
3109 4068 199 37 dprieon/thig
3316 4069 152 42 Premises

3057 4112 275 46 and^giiaraiiteed.
3388 4116 57 15 v-
3460 4121 9 6 -

2387 187 117 41 HELP
2520 187 83 41 FOR
2620 188 86 40 THE
2730 187 148 44 WEAK.

2365 293 179 26 YTEEVOUS
2565 293 71 25 AND
2654 294 246 28 DEBILITATED,

2366 331 32 21 JJ\
2423 327 64 28 who,
2500 326 110 33 through
2622 326 68 33 folly:
2700 327 49 27 and
2758 327 147 32 .ignorance-/

2365 359 64 24 have
2441 359 80 25 trifled
2533 367 68 24 away
2612 360 64 23 their
2686 360 86 30 vigour
2792 360 27 23 of
2827 360 72 31 body,

2365 392 77 28 mind,
2455 392 50 24 and
2517 392 134 28 manhood,
2664 393 101 30 causing
2782 393 117 24 exhaust-

2364 423 44 31 ing
2425 425 83 24 drains
2520 432 67 23 upon
2598 424 43 25 the
2664 425 127 24 fountains
2812 426 26 23 of
2849 425 50 29 life,

2365 455 63 25 Loss
2436 456 26 24 of
2471 456 101 31 Energy
2582 457 47 24 and
2641 458 125 30 Strength,
2780 458 120 31 Timidity

2365 487 163 27 Bashfulness
2562 489 27 25 in
2626 489 104 32 Society,
2756 490 141 30 Headache,

2364 520 135 30 Backache,
2519 522 177 28 Nervousness,
2721 522 135 25 Weakness
2874 524 28 23 of

2366 553 119 31 Memory,
2498 554 110 24 Restless
2619 555 80 30 Sleep,
2709 555 116 28 Dreams,
2834 555 65 25 Loss

2365 585 74 24 Flesh
2452 586 50 24 and
2514 587 68 24 Vital
2602 587 90 28 Powe>',
2717 588 137 30 Eruptions
2866 595 31 17 on

2365 617 42 24 the
2417 617 61 25 Face
2492 619 48 23 and
2552 618 78 31 Body,
2644 620 75 24 Want
2742 620 27 24 of
2779 620 118 31 Develop-

2364 653 77 25 ment,
2463 651 116 24 Varicose
2594 652 83 29 Veins,
2700 653 143 30 Incapacity
2860 653 39 24 for

2364 681 111 26 business
2487 691 27 16 or
2525 684 120 30 pleasure,
2772 685 124 29 Diseases,

2364 714 49 24 and
2432 715 35 25 all
2489 716 43 24 the
2556 717 83 24 effects
2661 717 100 31 leading
2783 721 25 20 to
2831 718 66 31 eariy

2364 747 83 32 decay,
2472 748 105 32 perhaps
2599 750 181 31 Consumption
2805 759 29 16 or
2855 751 42 23 In-

2364 781 91 30 sanity,
2468 789 46 17 can
2539 782 29 24 be
2580 783 114 29 obtained
2706 783 30 31 by
2758 783 140 31 consulting

2364 814 138 25 pei-sonaljv
2521 823 27 16 or
2556 815 30 25 b7
2598 818 64 28 post,
2698 816 199 24 FBEBPEOF-

2364 846 176 29 NOTMANN,
2571 848 201 29 M.E.,E.M.GL,
2825 849 71 23 Cam-

2364 877 85 33 bridge
2461 879 109 29 Terrace,
2596 881 110 30 opposite
2730 881 117 24 Colombo
2861 881 37 24 St.

2365 911 98 32 Bridge,
2493 912 188 26 Christchurch.
2744 914 54 24 The
2841 914 58 30 only

2364 943 227 26 Electrobotanical
2619 946 96 31 Expert
2749 947 151 31 advertising

2364 976 54 23 who
2431 976 49 25 will
2493 980 135 28 guarantee
2646 986 14 16 a
2678 978 125 31 thorough
2832 987 66 15 cure.

2366 1008 57 25 Sole
2438 1011 136 28 proprielor
2603 1011 49 24 and
2669 1013 115 29 patentee
2812 1012 27 23 of
2857 1011 43 24 the

2364 1041 59 29 only
2445 1043 149 29 guaranteed
2617 1042 109 25 Electric
2749 1043 71 25 Belts
2851 1044 49 23 and

2365 1072 71 24 other
2447 1074 90 29 special
2560 1075 125 23 electrical
2709 1075 141 30 appliances
2873 1075 27 23 in

2365 1104 41 24 the
2415 1105 115 25 colonies.
2565 1107 99 24 Ladies'
2677 1107 96 24 French
2785 1107 115 24 herbace-

2364 1145 44 16 ous
2419 1138 59 30 pills
2498 1138 37 24 for
2564 1138 176 32 irregularities
2763 1140 65 23 from
2851 1147 50 24 any

2365 1176 80 23 cause,
2472 1171 42 23 10s
2537 1172 94 27 posted.
2666 1172 146 31 Pamphlets
2840 1172 60 23 free.

2365 1202 170 25 Testimonial:
2537 1218 33 3 —
2570 1204 99 30 Napier,
2680 1204 97 32 August
2785 1204 115 26 7thlS9s

2365 1234 65 24 Prof.
2441 1236 132 24 Nottnann.
2575 1251 34 3 —
2609 1237 67 24 Dear
2686 1237 47 30 Sir,
2737 1252 31 3 —
2770 1237 14 24 I
2793 1238 108 24 received

2364 1276 60 22 your
2431 1269 73 24 letter
2512 1270 50 23 iast
2574 1270 75 28 week,
2669 1271 49 23 and
2730 1271 13 23 I
2760 1279 41 15 am
2810 1270 90 25 thank-

2364 1300 37 24 ful
2424 1303 26 22 to
2472 1301 54 25 find
2548 1310 49 23 you
2609 1310 41 17 are
2662 1303 104 25 anxious
2783 1305 27 23 to
2830 1303 69 25 know

2365 1333 43 23 the
2419 1333 106 26 benefits
2543 1335 13 22 I
2568 1335 64 24 have
2644 1336 98 23 derived
2762 1336 60 23 from
2841 1344 61 24 your

2366 1367 140 23 treatment.
2544 1367 47 30 Sir,
2620 1368 20 24 it
2668 1369 67 30 gives
2764 1376 40 16 me
2833 1371 68 29 great

2365 1397 113 31 pleasure
2490 1401 26 22 to
2526 1399 94 25 inform
2630 1409 49 22 you
2688 1401 56 24 that
2753 1409 15 16 a
2780 1403 121 29 complete

2366 1430 49 24 and
2425 1430 94 32 perfect
2531 1439 58 18 cure
2599 1432 47 25 has
2666 1433 62 25 been
2751 1434 102 24 effected
2876 1434 26 24 of

2366 1463 42 24 the
2420 1464 116 26 maladies
2547 1465 15 24 I
2580 1467 157 29 complained
2758 1467 24 24 of
2794 1469 26 22 to
2843 1475 56 23 you.

2365 1496 14 23 I
2391 1504 41 16 am
2444 1497 114 32 enjoying
2570 1498 62 32 good
2650 1499 92 29 health,
2755 1500 48 23 and
2815 1508 42 16 am
2865 1509 35 15 re-

2366 1530 82 23 stored
2467 1531 26 22 to
2514 1531 85 31 manly
2622 1531 94 31 vigour.
2752 1533 58 23 P.S.
2812 1547 32 4 —
2846 1533 54 30 Any

2365 1560 102 25 sufferer
2476 1561 111 26 desirous
2594 1563 27 24 of
2626 1564 275 32 communicatingwith

2365 1601 41 17 me
2414 1602 48 23 you
2475 1603 42 16 are
2529 1597 26 23 at
2572 1596 88 32 liberty
2684 1599 25 23 to
2730 1598 55 31 give
2805 1606 42 23 my
2859 1598 41 24 ad-

2365 1627 76 29 dress,
2453 1627 38 24 for
2502 1628 14 23 I
2532 1628 48 25 like
2591 1637 61 23 your
2668 1631 127 29 practical.
2800 1630 102 25 method

2366 1659 25 24 of
2403 1660 143 25 treatment.
2548 1675 31 4 —
2582 1662 28 24 T.
2626 1662 27 24 C.
2668 1663 116 24 Simpson.

2564 1924 139 22 LIMITED.

2396 1980 270 27 CHEISTCHUECH
2686 1982 184 27 BEEWEEY.

2596 2041 61 20 THE

2514 2081 228 35 ALES

2499 2123 131 22 BREWED
2641 2125 40 20 BY
2695 2126 71 20 THIS

2453 2164 373 37 COMPANY

2548 2219 84 20 FROM
2643 2220 62 20 THE

2479 2322 46 21 Are
2535 2323 174 27 acknowledged
2718 2325 25 20 to
2751 2325 29 20 be

2364 2359 149 22 SUPERIOR
2522 2362 36 20 IN
2568 2361 137 24 QUALITY
2715 2363 38 21 TO
2760 2363 66 21 ANY
2831 2358 70 26 PRO-

2432 2401 101 21 DUCED
2547 2401 36 22 IN
2597 2402 74 21 NEW
2685 2403 149 21 ZEALAND.

2392 2438 110 27 Supplied
2505 2440 27 19 to
2535 2440 82 20 Hotels
2623 2441 46 19 and
2676 2440 92 20 Private
2775 2441 127 19 CustomeK

2364 2465 23 20 in
2397 2465 143 26 Hogsheads,
2551 2466 99 26 Barrels,
2662 2467 139 25 Kilderkins,
2812 2467 45 20 and
2867 2469 34 19 10-

2364 2492 89 26 --gallons
2463 2492 63 27 Kegs
2536 2493 60 26 only.

2365 2544 118 42 PALE
2506 2545 92 41 ALE
2620 2546 96 41 AND
2746 2546 158 41 EXTRA

2559 2596 134 42 STOUT

2450 2646 93 22 Bottled
2565 2648 26 19 in
2600 2648 85 25 Quarts
2695 2648 46 21 and
2749 2648 72 21 Pints.

2366 3104 254 47 JOSEPH
2664 3106 241 47 LOUGH.

2512 3181 247 27 UNDEETAKEE.

2480 3224 110 31 EAST
2615 3225 186 32 OXFORD.

2400 3273 118 33 Having]
2523 3276 40 23 ust
2572 3275 125 31 imported
2705 3276 64 25 from
2777 3277 128 32 England,

2366 3323 55 18 new
2443 3316 118 32 Designs,
2597 3325 55 17 new
2681 3319 152 32 Trimmings
2857 3321 48 23 and

2367 3358 89 31 Eobes,
2469 3360 22 24 is
2499 3361 120 30 prepared
2630 3362 27 24 to
2666 3362 107 24 conduct
2782 3362 123 26 Funerals

2368 3398 97 30 Adults,
2485 3401 26 22 at
2524 3400 46 24 £5.
2584 3400 51 24 and
2646 3402 124 29 upwards,
2794 3402 111 31 polished

2366 3440 81 29 coffin,
2472 3442 49 24 and
2552 3443 195 26 silvermounted
2770 3445 135 24 Furniture

2366 3484 79 25 From
2457 3485 47 24 £8.
2523 3486 132 32 according
2666 3488 27 23 to
2715 3487 117 32 Designs.
2866 3488 39 25 No

2365 3528 71 24 extra
2447 3528 89 32 charge
2547 3528 40 25 for
2599 3529 97 26 Hearse
2719 3539 28 16 or
2766 3538 64 24 open
2846 3530 55 25 Car-

2365 3570 76 32 riage.

2396 3614 95 26 ifr-JB.
2522 3614 93 26 Coffins
2638 3615 58 32 kept
2718 3616 28 24 in
2775 3616 70 25 stock
2867 3617 38 24 for

2365 3673 93 29 fcrgent
2476 3680 77 17 cases.

2392 3786 80 45 W.
2502 3788 66 44 H.
2598 3788 276 46 ALFORD

2366 3882 248 40 WATCHMAKER.
2650 3885 176 38 JEWELLER
2858 3887 45 31 &c

2382 3976 3 3 .
2442 3952 88 26 MAIN
2545 3953 135 26 STEEET
2699 3955 139 26 OXFOED

2476 4121 325 61 WAITED.

2364 4307 53 40 npo
2433 4308 123 31 purchase
2572 4317 17 16 a
2612 4308 66 26 farm
2702 4308 29 26 in
2747 4309 45 27 the
2808 4310 97 27 Oxford

2368 4333 24 32 1
2411 4339 115 27 District.
2560 4341 116 26 Forward
2691 4341 68 32 price
2779 4343 52 26 and
2847 4351 57 25 par-

2365 4377 102 27 ticulars
2483 4379 28 25 to
2537 4377 45 27 the

2386 4431 156 34 OFFICE
2557 4432 54 33 OF
2623 4431 103 35 THIS
2740 4433 145 35 PAPER

1269 192 114 89 R.
1467 197 132 94 H,
1658 195 518 91 PARISH

1455 337 198 61 EAST
1701 342 325 61 OXFORD

1488 453 40 30 IS
1565 454 100 32 NOW
1687 456 48 31 IN
1757 458 186 31 KECEIPT
1966 460 54 29 O¥

1387 530 41 23 Ex
1446 531 114 24 AOTEA
1579 533 71 23 AND
1663 533 119 25 OTHER
1794 534 129 25 DIRECT
1938 536 183 26 STEAMEBS

1410 602 272 45 SUMMER
1703 604 241 45 SEASON
1975 606 125 46 1897.
2340 621 2 36 ;

1592 700 99 31 THIS
1715 699 203 32 SEASON'S

1405 941 161 86 3d.
1622 973 186 83 per
1848 954 267 107 yard.

1256 1107 585 116 Ginghams,
1914 1122 338 100 Drills,

1265 1289 264 61 acties
1564 1269 312 90 Blaek
1926 1275 407 91 Jackets

1216 1410 151 88 for
1408 1415 113 88 5s
1565 1423 127 85 9d
1768 1427 309 86 worth
2120 1433 165 85 20s

1179 1575 350 81 ladies
1601 1579 381 88 Corsets
2030 1585 300 87 ls.9d.

1357 1795 338 53 ENORMOUS
1756 1805 389 50 REDUCTIONS

1178 1891 432 113 Kaiapoi
1654 1899 349 92 Tweed
2067 1909 266 87 Suits

1202 2024 85 87 B
1303 2026 367 89 educed
1716 2037 102 82 to
1864 2039 173 85 21s
2125 2043 164 85 6d.

1449 2168 331 87 worth
1862 2175 168 86 30s
2037 2242 20 20 o

1178 2294 233 88 This
1452 2295 271 90 beats
1761 2304 170 87 the
1973 2312 354 85 travel-

1405 2411 220 110 ling
1673 2415 445 115 Drapers.

1575 2557 224 18 ♦+♦♦♦»♦♦♦♦♦♦♦»♦+
1803 2561 138 18 ♦»»♦♦!»>»>
1947 2566 41 14 »4^,

1175 2598 81 24 fTIHE
1274 2598 116 31 question
1401 2598 21 24 is
1593 2600 67 32 Why
1670 2603 61 24 send
1746 2605 27 23 to
1785 2604 178 27 Christchureh
1983 2608 39 24 for
2038 2617 63 22 your
2118 2612 131 27 Drapery?
2283 2617 52 22 The

1182 2627 20 28 L
1239 2631 103 31 drapery
1354 2630 54 25 sold
1416 2631 26 24 in
1451 2630 57 26 that
1519 2631 51 32 city
1582 2641 72 24 every
1665 2643 47 16 one
1723 2636 95 31 knows,
1830 2638 23 24 is
1864 2641 46 23 not
1921 2641 72 24 made
2004 2641 77 30 there,
2101 2643 46 26 but
2157 2646 130 32 imported.
2323 2651 14 24 I

1176 2666 93 29 import
1280 2664 65 24 from
1356 2664 44 24 the
1411 2663 54 25 best
1476 2664 107 31 English
1596 2666 50 26 and
1662 2667 89 26 Scotch
1763 2669 101 26 houses.
1910 2672 72 26 lam
1994 2675 104 25 enabled
2110 2679 26 23 to
2147 2681 123 29 purchase
2288 2683 49 26 low

1177 2698 50 24 and
1236 2697 46 25 sell
1294 2698 27 23 at
1329 2705 15 16 a
1355 2698 54 23 rate
1420 2696 27 24 of
1456 2697 74 31 profit
1543 2698 53 32 (my
1608 2707 120 23 expenses
1739 2701 72 33 being
1823 2705 82 32 small)
1917 2706 58 26 that
1987 2709 82 24 would
2080 2709 31 26 be
2129 2714 145 26 considered
2294 2716 43 26 ab-

1178 2731 57 24 surd
1248 2730 32 32 by
1296 2738 48 23 any
1364 2729 179 25 Christchureh
1567 2732 199 27 establishment.
1820 2737 44 31 My
1886 2739 76 25 Stock
1981 2740 22 25 is
2022 2742 43 24 the
2084 2742 95 34 largest
2197 2747 50 25 and
2269 2752 69 24 most

1176 2764 85 25 Timed
1280 2763 57 25 that
1347 2763 45 24 has
1404 2770 56 17 ever
1470 2763 64 25 been
1545 2763 88 26 shown
1643 2774 28 17 in
1681 2766 45 26 the
1737 2768 104 31 district,
1855 2772 49 23 and
1916 2772 38 25 for
1964 2774 94 32 quality
2077 2778 49 24 and
2146 2779 72 26 value
2235 2758 60 54 puS
2311 2784 27 25 in

1176 2798 32 22 he
1220 2796 77 25 shade
1314 2796 77 31 goods
1403 2796 92 24 offered
1507 2796 33 32 by
1552 2801 103 28 visiting
1665 2799 117 27 hawkers
1796 2803 62 24 from
1870 2804 44 25 the
1931 2806 182 28 Christchureh
2124 2819 46 24 rag
2182 2816 87 24 marts.

1209 2849 94 25 Dress
1315 2849 165 32 Materials,
1493 2850 88 25 Plain
1592 2853 61 24 and
1663 2852 104 32 Fancy
1778 2855 80 25 from

1209 2906 27 25 A
1254 2906 110 30 Strong
1380 2906 87 26 Stout
1484 2907 138 38 Durably
1635 2907 126 33 Kaiapoi
1778 2911 113 26 Tweed
1908 2914 51 32 2/6
1971 2922 56 24 per
2037 2920 77 28 yard

1809 2955 108 27 Makes
1929 2958 156 28 first-class
2103 2963 91 32 Boys'
2213 2966 91 28 Suits.

1210 3000 58 24 Art
1284 3000 140 30 Muslins,
1444 2998 155 34 Cretones,
1619 3001 80 26 Lace
1717 3003 139 26 Curtains
1875 3006 54 25 &c.

1209 3065 26 30 A
1253 3064 109 26 Choice
1380 3064 167 26 Collection
1566 3067 33 24 of
1613 3066 121 34 Gloves,
1763 3069 76 33 Ties,
1869 3071 130 34 Aprons,
2031 3074 165 30 Insertions
2215 3078 54 26 &c.

1210 3126 103 25 Prints
1324 3127 80 24 from
1416 3127 52 24 4d.
1481 3133 55 25 per
1547 3128 84 30 yard.
1645 3128 140 33 Muslins,
1798 3131 139 32 Selesias,
1952 3134 125 33 Calicos,
2092 3137 55 26 &c.

1797 3174 87 26 With
1901 3177 88 24 other
2006 3177 193 28 Manchester
2216 3183 87 30 lines.

1209 3221 89 31 Hats,
1316 3221 104 31 Fancy
1437 3222 59 24 and
1514 3221 106 32 Sailor,
1638 3224 32 23 in
1687 3223 104 25 White
1809 3226 60 24 and
1886 3226 116 27 Colors.

1754 3267 127 26 Newest
1897 3269 124 32 Shapes.
2057 3271 96 32 Large
2170 3274 132 35 Variety,

1208 3314 149 31 Flowers,
1375 3314 154 32 Feathers,
1549 3314 148 33 Ribbons,
1717 3316 105 33 Laces,
1841 3318 75 31 Jets,
1937 3319 54 25 &c.

1682 3356 88 26 With
1786 3360 41 22 all
1844 3360 185 23 necessaries
2046 3360 47 25 for
2110 3361 192 33 Trimmings,

1208 3400 104 30 Fancy
1328 3401 139 29 Frillings
1486 3402 78 30 3yds
1575 3403 47 23 for
1632 3403 36 31 1/-
1686 3405 102 23 worth
1799 3405 50 29 9d,
1868 3410 55 25 per
1934 3407 83 28 yard,
2061 3419 8 9 s

1745 3446 182 33 Umbrellas,
1946 3449 151 34 Parasols,
2117 3452 184 35 Sunshades,

1494 3504 244 46 DOUBLE
1799 3508 214 45 WIDTH

1179 3588 295 87 Dress
1550 3588 397 89 Tweeds
2029 3596 102 84 Is
2201 3598 130 84 4d

1477 3722 331 85 worth
1880 3725 135 84 2s.

1231 3846 485 89 XJostume
1780 3846 288 88 Cloth
2149 3856 125 83 Is.

1411 3968 320 88 worth
1771 3972 101 82 Is
1937 3973 161 86 6d.

1177 4205 135 41 English
1326 4206 128 41 Witney
1462 4205 150 35 Blankets
1626 4212 34 28 to
1675 4210 38 30 be
1726 4210 70 32 sold
1810 4216 33 26 at
1852 4212 60 31 less
1921 4213 76 30 than
2011 4212 182 33 Melbourne
2206 4215 131 32 Whole-

1178 4259 64 30 sale
1263 4257 251 42 price-^JDouble
1529 4259 70 31 Bed
1615 4259 69 32 Size
1707 4263 65 29 12s.
1798 4264 50 30 6d.
1899 4264 102 32 worth
2018 4265 66 30 16s.
2123 4266 50 30 6d.
2194 4275 57 32 per
2265 4268 71 41 pair

1317 4292 161 49 Cheaper
1490 4299 78 31 than
1583 4299 225 39 Ohristphurch
1822 4305 113 31 houses
1949 4305 65 32 will
2028 4306 58 30 sell
2100 4300 96 38 them!

1226 4405 74 36 ».
1347 4405 80 35 IX.
1475 4407 298 38 PARISH
1837 4410 156 38 £a.st
2028 4414 263 35 Oxford.

631 1002 173 30 OXFORD
836 1000 112 30 ROAD
971 1000 155 30 BOARD.

609 1088 142 34 TfOTICE
780 1087 22 25 is
826 1087 90 31 hereby
956 1088 72 30 given
1056 1086 56 24 that
1133 1094 15 16 a

610 1112 31 33 li
665 1121 101 31 penalty
797 1121 28 24 of
844 1121 31 22 10
901 1126 44 24 per
968 1121 57 22 cent
1043 1119 51 24 will
1117 1119 30 23 be

610 1154 79 22 added
700 1161 33 15 on
754 1157 25 19 to
800 1154 36 22 all
847 1152 77 23 Eates
943 1152 93 29 unpaid
1048 1159 31 15 on
1106 1152 41 22 the

610 1186 69 23 20th.
688 1185 60 24 inst.

610 1245 38 31 By
658 1245 70 24 order
740 1244 26 24 of
776 1244 43 24 the
833 1243 81 24 Board

676 1305 114 24 JAMES
807 1306 35 22 E.
863 1304 147 25 SEARPE

810 1375 61 22 Rate
902 1374 54 23 Coll
963 1377 48 19 etor

648 1518 474 56 HOLBROOK

837 1603 69 21 AND

624 1650 473 55 VALLANCE

706 1740 123 22 TIMBER
853 1739 196 23 MERCHANTS

672 1778 203 32 COOPER'S
928 1778 154 31 CREEK.

713 1836 143 35 VIEW
900 1836 139 40 HILL,

609 1919 86 57 BEG
717 1922 26 21 to
762 1919 114 24 intimate
896 1920 26 23 to
950 1919 44 24 the
1016 1918 83 30 public
1121 1919 28 24 of

661 1951 93 25 Oxford
769 1952 49 23 and
836 1951 167 30 surrounding
1019 1950 126 31 Districts,

610 1984 55 24 that
677 1991 35 17 we
733 1984 63 24 have
820 1983 156 24 commenced
987 1983 119 25 Business
1118 1991 27 17 as

610 2016 166 27 saw-millers,
801 2015 50 24 and
872 2015 63 31 hope
957 2015 33 31 by
1015 2015 72 34 strict
1105 2017 37 23 at-

610 2049 95 24 tention
715 2050 25 23 to
752 2048 117 24 Business
884 2050 26 22 to
921 2047 30 25 be
961 2047 116 25 favoured
1086 2048 59 25 with

609 2083 63 23 their
700 2083 109 29 support.
855 2080 85 25 White
963 2080 66 31 pine,
1060 2081 84 30 Biniu,

609 2114 74 25 Birch
695 2114 50 24 and
757 2114 59 24 Coal
838 2112 38 32 pit
887 2121 72 24 props
971 2113 28 24 in
1008 2121 49 24 any
1069 2121 76 24 quan-

609 2148 56 32 tity.

641 2317 240 44 CANCER
912 2317 204 44 CURED

789 2404 149 23 WITHOUT

608 2457 27 29 A
660 2453 209 35 SURGICAL
901 2456 243 30 OPERATION

641 2516 51 22 For
702 2515 102 30 further
816 2516 154 30 particulars
985 2516 73 29 apply
1076 2519 22 19 to
1110 2515 37 23 the

662 2563 131 25 OFFICE
814 2564 43 24 OF
886 2563 84 26 THIS
987 2563 123 24 PAPEE.

611 2700 174 32 OXFORD
829 2700 188 30 LIBRARY
1059 2699 88 33 AND

702 2740 198 32 READING
921 2741 130 31 ROOM.

609 2822 54 25 The
691 2822 93 25 Oxford
811 2821 106 32 Library
944 2822 23 24 is
994 2830 62 23 open
1079 2830 70 23 every

609 2865 113 32 Tuesday
734 2865 50 25 and
806 2865 122 31 Saturday
958 2864 96 32 nights,
1083 2864 65 26 from

610 2910 13 22 6
630 2910 39 22 'Bo
679 2916 70 23 p.m.,
771 2909 25 23 to
818 2909 15 23 8
844 2915 72 23 p.m.,
940 2907 50 25 and
1021 2915 33 17 on
1077 2915 72 24 every

609 2951 119 25 alternate
741 2951 131 31 Thursday
897 2950 139 29 afternoon,
1067 2950 81 32 (Sale-

608 2994 70 32 days)
702 2994 65 24 from
779 2994 61 23 230
851 3001 65 23 p.m..
933 2994 26 23 to
972 2995 15 22 5
999 3001 58 23 p.m.
1097 2993 52 24 The

800 3031 25 21 L.
842 3030 126 32 REEVES,

895 3051 73 30 Hon'
979 3057 135 25 Librarian

661 3101 180 25 StJBSCBIPTION
855 3101 38 24 21-
905 3109 51 16 PER
975 3101 122 29 QUARTER

723 3226 316 45 WANTED.

608 3315 182 60 WANTED,
829 3316 26 23 to
881 3314 57 32 buy,
969 3323 66 17 some
1063 3323 85 23 young

681 3350 108 23 roosters

725 3408 79 32 Apply
822 3408 26 24 to
874 3407 50 25 this
950 3407 78 25 office.

607 3604 263 45 ■pULL-SIZE,
913 3603 234 26 ALL-WOOL

824 3676 119 26 WHITE

632 3748 213 50 KAIAPOI
886 3746 259 50 BLOKETS

705 3834 82 46 19s
820 3834 61 45 6d
921 3834 132 45 Pair.

649 3964 74 22 BEST
736 3964 105 25 VALTJE
858 3963 84 23 EVER
956 3962 136 22 OFFERED

647 4007 49 32 R.
741 4007 57 33 H.
843 4005 262 37 PARISH,

735 4059 102 31 Easts
863 4054 160 36 Oxford

599 4201 2 52 |
747 4212 118 31 Copies
886 4219 40 23 of
946 4219 64 23 the

661 4271 176 34 OXFOBD
868 4270 227 34 OBSERVER

717 4336 49 19 can
787 4328 33 27 be
843 4326 120 27 obtained
983 4327 28 24 at

611 4370 177 33 CARGILtfS
799 4379 89 21 corner
908 4370 29 26 of
950 4369 139 27 CASHEL
1099 4367 51 29 find

711 4412 164 49 CO&0MBO
893 4426 157 30 STREETS

792 4462 16 39 1
993 4473 36 28 K

43 3832 31 110 I
80 3838 28 23 'A
134 3837 72 24 home
230 3836 105 25 without
360 3836 98 29 music,'
488 3842 57 25 says
561 3843 15 17 a

74 3877 64 24 rtain
161 3878 119 27 moralist,
311 3877 29 24 'is
360 3876 50 25 like
433 3876 143 30 springtime

75 3915 71 23 thout
164 3915 81 23 birds.'

40 4069 222 433 IFOR
337 4073 183 47 SALE.

86 4187 85 25 ACON
200 4187 50 24 and
281 4186 82 30 hams,
397 4184 52 26 this
468 4184 111 25 season's

78 4220 5 20 >
106 4228 65 21 cure,
205 4220 61 29 lurd,
288 4219 54 25 axle
360 4225 85 26 grease
457 4224 16 18 a
488 4216 92 33 special

78 4252 115 32 mpound.

106 4329 42 45 J.
213 4328 308 46 PARLANE

228 4442 318 59 East^^jdford.
