4240 5910
166 208 117 44 Water
308 208 261 44 Conservation.

84 316 79 32 THE
177 318 270 31 GOVERNMENT
461 317 182 31 EXPERT'S

313 370 113 31 TOUR.

87 452 26 28 A
134 452 104 28 CHAT
259 452 107 28 WITH
395 448 55 31 MR
471 448 73 31 PER
550 451 93 28 HAM.

123 529 46 29 Mr
188 529 33 29 T.
243 527 127 34 Perhaift,
384 529 47 28 the
454 527 188 29 Government

85 570 99 28 Water
210 569 198 29 Conservation
438 570 138 37 Engineer
601 574 39 24 (to

84 610 64 40 give
162 610 57 28 him
234 610 42 28 his
286 609 97 29 official
405 609 80 35 title),
501 609 26 27 in
543 618 81 28 pursu-

84 662 69 19 ance
167 652 28 28 of
209 652 41 28 his
264 650 174 30 commission
462 656 28 23 to
513 649 127 29 examine

84 693 56 28 and
163 697 93 33 report
277 702 73 27 upon
372 692 64 27 sites
460 690 118 28 suitable
597 690 43 27 for

78 734 54 28 'the
145 733 190 29 conservation
351 732 28 28 of
393 736 85 24 water
490 731 43 27 for
546 730 88 28 either

87 775 103 37 mining
207 784 30 19 or
256 772 144 38 irrigation
425 781 140 29 purposes,
590 770 47 28 has

76 816 108 27 'almost
206 814 154 35 coihpleted
383 814 46 26 the
457 813 57 27 first
534 811 102 28 section

76 854 35 29 ■of
127 855 41 28 his
182 858 72 29 tour,
269 854 61 34 vik.,
351 851 112 31 Central
487 851 98 37 Ocago,
609 850 28 28 of

84 895 90 28 which
184 894 146 28 Lawrence
338 892 55 29 and
405 891 120 37 Waipori
536 890 100 33 (where

84 936 34 27 lie
133 936 47 27 has
199 935 69 27 been
283 934 54 27 this
353 932 96 33 week),
463 941 45 17 are
524 930 46 27 the
584 929 52 27 last

227 974 44 27 He
280 973 50 28 left
341 971 170 37 Wellington
521 980 35 17 on
574 969 61 27 iOtii

85 1013 74 39 May,
174 1014 53 29 and
241 1015 75 27 since
328 1014 65 26 then
408 1012 16 27 h
435 1022 21 16 is
470 1017 48 31 g>t
541 1019 66 18 over
619 1021 15 15 a

85 1061 78 31 great
177 1054 59 29 deal
256 1055 27 25 of
297 1057 115 31 country
426 1051 54 27 ami
494 1049 140 37 inspected

75 1100 6 13 :
84 1106 16 16 a
113 1095 116 27 number
240 1093 28 28 of
280 1092 75 33 sites,
370 1090 53 29 and
438 1090 78 28 when
539 1090 33 27 lie
587 1089 47 28 has

79 1134 121 30 'finished
233 1134 53 28 this
321 1131 108 31 district
454 1130 35 29 he
514 1139 67 30 goes
607 1134 28 24 to

81 1176 148 28 Westland
247 1177 43 25 via
304 1173 183 34 Wellington.

121 1215 57 29 The
198 1219 96 23 nature
316 1213 28 27 of
362 1212 54 28 and
436 1210 135 39 necessity
593 1210 44 28 for

76 1256 51 28 -Mr
141 1254 141 30 Perhain's
297 1254 110 28 mission
421 1252 21 28 is
459 1252 59 28 well
534 1252 84 28 tinder-

75 1302 20 23 's
99 1302 43 23 too
146 1297 15 28 d
175 1296 28 29 in
218 1296 106 36 mining
339 1294 132 35 districts,
486 1294 89 27 wiiere
590 1293 46 28 the

76 1337 86 28 Value
183 1337 29 28 of
233 1348 16 17 a
273 1335 129 39 plentiful
425 1342 85 20 water
536 1334 99 37 supply

84 1378 127 38 (without
244 1376 88 28 which
358 1374 113 30 mineral
497 1384 140 18 resource.%

75 1424 111 23 'cannot
200 1419 32 28 be
246 1416 162 38 developed)
432 1416 22 28 is
469 1415 100 29 known
583 1415 54 29 and

86 1459 185 39 appreciated.
313 1460 23 25 A
351 1459 51 26 few
427 1456 89 28 words
542 1456 27 27 in
592 1466 30 18 ex-

86 1499 138 39 planation
236 1499 29 28 of
271 1499 44 28 the
327 1495 212 30 Government's
547 1497 75 27 inten-

81 1541 77 27 tions
172 1541 27 26 in
215 1541 45 26 the
275 1543 100 24 matter
395 1548 62 26 may
481 1542 56 29 not,
562 1538 57 27 how-

85 1590 73 25 ever,
174 1580 32 28 be
217 1587 47 20 out
276 1579 29 27 of
316 1578 84 38 place,
410 1587 29 18 as
450 1577 126 37 showing
590 1577 46 28 the

87 1621 168 38 importance
268 1620 29 29 of
311 1619 71 28 their
404 1618 141 37 proposals
567 1618 68 28 both

87 1662 26 27 in
127 1661 115 28 relation
257 1667 27 22 to
299 1665 109 32 present
423 1658 82 27 needs
519 1658 55 29 and
590 1659 45 28 the

84 1703 99 28 results
196 1708 28 23 to
239 1703 45 27 the
299 1701 103 36 Colony
416 1700 26 27 in
466 1700 47 27 the
530 1700 103 28 future.

120 1742 57 28 The
200 1743 50 26 Aid
271 1747 28 22 to
327 1741 94 26 Public
452 1738 99 29 Works
579 1741 53 26 and

78 1782 83 29 *Land
188 1782 164 29 Settlement
382 1780 47 28 'Jill
457 1781 98 36 pissed
579 1780 54 29 last

74 1827 73 35 •'year
160 1834 69 27 gave
252 1827 45 25 the
320 1821 148 29 Treasurer
490 1832 92 27 power
605 1827 28 22 to

74 1865 77 28 'raise
176 1875 96 26 money
287 1874 35 27 up
337 1869 26 23 to
384 1874 51 17 one
462 1862 105 29 million
589 1862 44 28 for

81 1906 92 27 works
186 1905 126 38 specified
327 1905 36 35 by
384 1903 138 35 schedule,
536 1903 54 28 and
604 1903 29 28 of

73 1945 63 28 'this
149 1955 60 18 sum
220 1946 36 27 £2
261 1943 4 37 :
266 1945 94 34 J0,000
375 1954 53 17 was
443 1950 40 21 set
497 1947 79 33 apart
591 1943 42 28 for

74 1983 4 41 ;
83 1985 46 29 the
142 1985 193 39 development
356 1985 29 29 of
407 1984 45 29 the
473 1983 157 40 goldtields.

82 2027 58 27 The
153 2027 63 36 only
230 2027 139 38 objection
383 2030 28 23 to
424 2025 54 28 this
491 2030 62 22 vote
578 2035 21 14 w
602 2025 4 40 ;
610 2036 21 16 is

72 2067 71 27 'that
153 2067 22 27 it
186 2077 54 17 was
262 2074 44 20 too
328 2066 87 34 small,
436 2076 30 17 as
489 2065 140 34 £500,000

82 2107 80 29 could
178 2107 69 29 have
261 2108 67 27 been
342 2105 143 40 expended
501 2105 65 28 with
585 2106 46 27 the

81 2153 124 32 greatest
228 2148 155 37 advantage
402 2153 29 21 to
445 2147 45 27 the
504 2146 127 36 industry

74 2188 62 28 •'and
160 2188 45 28 the
228 2193 123 31 country.
392 2187 36 28 Ot'
450 2188 47 27 the
518 2192 113 22 amount

74 2227 100 35 'voted,
186 2228 47 27 the
248 2227 126 28 Minister
384 2227 42 28 for
437 2226 88 28 Mines
538 2226 91 36 wisely

219 2267 61 29 that
301 2278 15 17 a
341 2267 76 38 large
440 2267 108 38 portion
576 2276 53 18 was

73 2312 152 32 ''necessary
256 2307 44 28 for
329 2312 83 23 water
431 2306 198 29 conservation.

78 2348 59 28 The
151 2347 86 29 influx
251 2347 29 29 of
292 2347 109 36 foreign
415 2346 98 40 capital
530 2346 99 37 (which

69 2390 112 37 'during
193 2390 45 27 the
249 2392 62 33 past
321 2389 76 28 three
407 2399 78 26 years
501 2389 46 27 has
563 2389 66 27 been

78 2434 110 33 greater
201 2429 65 27 than
282 2435 28 21 at
323 2439 54 26 any
400 2429 78 27 other
496 2427 93 38 period
603 2428 27 27 in

76 2480 51 18 our
141 2469 107 37 mining
258 2469 128 36 history),
399 2469 121 38 brought
531 2468 65 28 with
607 2468 21 28 it

75 2521 16 17 a
105 2509 106 37 danger
225 2509 97 34 which,
338 2509 92 29 unless
449 2509 107 29 forseen
576 2509 53 28 and

69 2549 147 39 {promptly
247 2549 125 37 guarded
396 2550 119 37 against,
542 2549 89 38 might

74 2589 133 39 seriously
221 2589 104 38 cripple
344 2590 47 28 the
403 2590 128 38 industry
544 2601 30 17 as
588 2590 42 27 far

68 2638 37 21 'as
128 2630 47 29 the
200 2630 108 37 mining
331 2630 171 37 community
522 2631 29 28 of
572 2630 57 28 this

65 2671 107 38 'colony
195 2679 55 19 was
273 2670 162 29 eotiCerned.
476 2670 152 30 Extensive

73 2712 391 38 syndicates,companies,and
475 2712 152 37 capitalists

67 2752 4 37 :
73 2754 71 29 from
171 2753 79 29 other
275 2752 138 29 countries
433 2752 141 37 investing
598 2752 28 28 in

73 2795 77 39 large
170 2793 152 41 properties
345 2797 30 26 at
388 2794 48 28 the
457 2804 74 19 same
549 2794 77 35 time,

73 2846 70 18 were
174 2834 143 38 acquiring
348 2834 72 28 from
447 2835 47 27 the
519 2834 107 37 mining

73 2879 92 27 courts
178 2874 109 40 equally
297 2874 125 29 valuable
434 2879 84 24 water
527 2874 98 39 rights,

62 2928 76 19 'over
151 2917 89 29 which
253 2916 65 38 they
334 2916 88 29 would
447 2915 178 39 accordingly

72 2958 65 29 hold
147 2958 55 28 sole
214 2957 123 34 cotitrol;
361 2957 54 28 and
426 2957 167 35 eventually,
603 2956 22 28 it

73 2999 52 29 will
152 2997 103 39 readily
283 2997 33 29 be
346 2997 177 36 uuderstood,
555 2997 66 35 they

61 3040 92 27 'could
174 3043 90 24 create
293 3039 168 34 monopolies
487 3039 26 25 in
541 3044 85 20 water

61 3079 102 37 eights
177 3078 87 27 which
283 3077 99 28 should
404 3078 34 27 ba
461 3076 164 28 inalienable

73 3118 170 38 possessions
256 3117 29 28 of
305 3117 47 28 the
377 3119 87 26 State,
511 3123 31 21 lo
565 3126 47 28 pro-

74 3159 63 27 vide
149 3157 110 32 against
282 3166 52 22 anv
357 3158 67 27 such
450 3157 106 32 danger
586 3156 43 26 Mr

167 3184 16 12 O
261 3197 5 5 .
432 3184 4 18 •

66 3207 9 13 v
77 3198 133 33 Cadman,
235 3196 65 29 with
327 3197 153 37 far-seeing
502 3196 126 34 wisdom,

261 3237 100 38 special
387 3237 165 35 legislation,
575 3236 53 28 and

74 3290 31 17 as
118 3290 15 17 a
148 3279 59 27 first
221 3283 60 32 step
295 3277 171 28 determined
479 3282 27 23 to
518 3276 110 38 acquire

77 3331 29 18 as
121 3320 78 29 State
212 3318 151 40 properties
384 3318 46 29 the
452 3321 73 26 most
551 3316 60 30 valu-

77 3361 61 28 able
151 3360 123 34 existing
286 3364 83 23 water
379 3370 85 24 areas,
478 3359 54 28 and
544 3359 84 28 hence

79 3401 44 27 Mr
139 3399 139 29 Perham's
292 3403 70 24 tour.

114 3440 112 36 Naseby
249 3440 35 28 ho
312 3439 76 29 made
413 3439 47 29 the
492 3438 79 39 point;
597 3438 29 28 of

65 3479 4 39 •
79 3482 146 36 departure
239 3491 33 16 on
286 3479 42 27 his
337 3480 76 27 visits
424 3479 203 37 of'inspection,

64 3522 68 28 -and
145 3520 80 28 while
235 3520 77 28 there
321 3519 33 28 he
368 3529 54 18 saw
433 3520 46 27 the
495 3518 132 28 Kweburn

64 3563 75 28 -dam
149 3560 53 30 and
213 3560 129 30 obtained
353 3560 45 28 the
409 3570 143 27 necessary
564 3559 64 28 data

76 3605 44 27 for
142 3603 42 28 his
210 3605 102 35 report.
352 3601 44 28 He
417 3602 56 27 also
496 3600 131 38 enquired

76 3645 58 28 into
148 3643 47 28 the
210 3641 198 41 requirements
429 3642 52 28 and
496 3640 131 29 available

77 3691 86 22 water
175 3685 100 37 supply
290 3694 29 17 as
333 3682 42 28 far
384 3694 29 16 as
424 3683 46 28 the
482 3682 144 38 irrigation

64 3725 41 28 •of
126 3725 46 27 the
201 3724 153 28 Maniototo
373 3722 91 28 Plains
488 3734 54 15 was
565 3732 48 17 con-

77 3766 110 35 cerned,
201 3764 116 33 visiting
330 3763 45 27 the
393 3763 143 30 Sowbarn,
552 3762 57 28 Gim-

76 3805 141 35 merburn,
229 3803 194 29 Wedderbarn
438 3803 53 28 and
505 3802 123 38 Pigbnrn

79 3845 113 30 Creeks.
231 3844 58 28 The
326 3843 141 35 irrigation
509 3844 27 28 of
583 3842 46 28 the

76 3885 155 30 Maniototo
245 3884 102 33 Plains,
364 3884 42 28 Mr
422 3884 67 28 Peril
498 3895 37 17 tin
558 3884 21 27 is
601 3882 29 28 of

64 3926 135 38 •opinion,
213 3925 52 28 will
280 3925 33 28 be
332 3924 132 28 attended
476 3924 65 28 with
556 3933 75 19 some

64 3967 149 37 •difficulty
227 3976 36 18 on
283 3969 118 24 account
424 3965 29 28 of
474 3965 47 27 the
544 3963 86 38 depth

64 4007 43 29 -of
121 4007 119 40 shingle,
255 4005 54 29 and
323 4005 47 28 the
384 4005 56 29 fact
453 4005 57 28 also
524 4005 60 27 that
593 4004 26 28 al-

79 4049 106 38 though
200 4048 64 37 they
276 4056 45 19 are
332 4046 104 38 spoken
448 4045 29 30 of
490 4056 29 18 as
534 4045 97 37 plains,

64 4090 79 37 'they
153 4100 45 18 are
207 4090 26 27 in
245 4088 95 37 reality
352 4087 165 37 nndulating
528 4086 103 29 downs.

78 4129 45 29 He
137 4133 67 26 next
217 4127 100 30 visited
340 4127 50 29 Ida
412 4127 107 36 Valley,
544 4126 88 29 North

77 4172 56 29 and
149 4171 98 34 South,
262 4168 144 36 separated
429 4168 36 38 by
493 4168 139 29 Poolburn

67 4208 4 39 '
81 4211 98 31 Creek.
220 4211 51 28 Ida
284 4209 108 38 Valley,
418 4210 34 27 he
481 4214 94 30 states,
610 4208 23 27 is

81 4263 66 28 very
161 4252 84 37 badly
259 4251 38 28 off
309 4250 45 29 for
364 4254 92 30 water,
469 4249 54 29 and
532 4249 101 35 during

73 4294 55 28 •the
144 4302 121 20 summer
287 4291 166 36 everything
476 4301 52 17 was
551 4291 82 27 burnt

71 4345 47 24 nip
137 4333 55 29 and
214 4331 62 29 feed
298 4331 54 28 had
377 4336 28 23 to
427 4331 35 28 be
488 4329 144 39 imported.

82 4375 88 27 South
184 4373 29 29 of
227 4373 47 27 the
287 4371 138 29 Poolburn
446 4372 23 27 is
485 4371 47 28 Sir*
546 4370 86 29 Dillon

82 4416 83 29 Bell's
179 4424 61 24 run,
256 4412 88 29 which
363 4412 23 29 is
407 4411 133 37 irrigated
562 4421 34 18 on
619 4420 14 18 a

81 4457 104 29 limited
201 4455 80 32 scale,
295 4454 54 28 and
369 4454 55 28 this
447 4465 55 17 was
515 4464 34 18 an
563 4453 70 27 oasis

79 4498 27 28 in
123 4498 46 28 the
183 4496 93 28 desert
288 4494 43 28 for
342 4503 158 28 greenness.
542 4496 37 24 At
591 4492 40 27 St.

79 4539 124 29 Bathans
217 4536 43 29 Mr
285 4534 113 30 Perham
421 4533 140 37 inspected
585 4533 47 29 the

79 4580 99 33 sludge
211 4576 117 29 channel
361 4575 54 27 and
448 4576 46 26 the
526 4574 105 37 Muddy

179 4616 125 34 channel,
314 4614 88 29 which
412 4619 95 34 empty
518 4614 58 28 into
586 4614 46 27 the

81 4661 126 28 Dunstan
224 4656 88 30 Creek
327 4656 53 28 and
393 4656 46 28 the
454 4654 180 29 Manuherika

81 4698 190 40 respectively,
284 4696 54 28 and
359 4696 46 27 the
427 4700 98 30 expert
547 4694 86 28 found

82 4741 74 28 them
170 4739 28 28 in
212 4750 16 16 a
254 4736 54 28 bad
331 4740 81 28 state,
436 4735 45 27 the
505 4737 72 25 want
606 4734 28 28 of

81 4785 86 22 water
192 4784 27 23 to
248 4787 80 18 scour
352 4776 76 28 them
462 4774 85 33 being
573 4774 59 28 felt.

81 4821 83 28 After
194 4817 116 37 visiting
336 4815 88 39 Ophir
450 4814 42 28 Mr
519 4814 115 28 Perham

82 4864 72 25 went
177 4864 28 24 to
225 4856 126 30 Tinkers,
373 4856 55 28 and
451 4854 80 28 while
558 4854 76 28 there

65 4894 3 40 ■
81 4912 56 19 saw
150 4901 47 28 the
211 4900 63 27 dam
288 4901 28 25 at
329 4895 185 39 Thompson's
534 4894 100 35 Gorge,

80 4943 72 28 after
166 4939 87 29 which
275 4938 34 28 he
331 4947 77 19 came
428 4946 36 18 on
488 4941 28 23 to
538 4934 94 38 Clyde.

79 4983 98 28 About
230 4988 82 20 seven
363 4977 76 28 miles
478 4976 70 28 from
589 4975 47 27 the

79 5024 84 26 latter
194 5020 90 37 place,
317 5020 27 25 at
369 5015 168 36 Shepherd's
564 5014 71 34 Flat,

79 5063 35 27 he
140 5060 74 28 fixed
243 5068 35 18 on
291 5067 35 17 an
349 5055 136 29 excellant
499 5055 52 27 site
565 5055 43 26 for
621 5065 15 16 a

64 5095 4 40 •
80 5103 76 32 dam,
181 5099 55 31 and
263 5098 33 29 he
323 5096 57 30 also
417 5095 145 29 examined
589 5095 46 28 the

83 5141 182 28 Waikerikeri
294 5138 92 36 Gorge
412 5138 64 26 darn
499 5138 51 26 site
582 5136 54 35 (for

65 5193 6 8 T
79 5182 112 35 rnining
225 5178 54 29 and
304 5176 150 39 irregation
479 5177 154 36 purposes).

80 5225 46 28 He
151 5222 74 29 fixed
239 5231 35 18 on
288 5230 16 18 a
314 5217 78 30 small
407 5216 61 30 dam
484 5218 25 27 in
522 5216 110 29 Mutton

64 5265 5 5 '
81 5265 83 27 Town
204 5261 82 35 Gully
325 5258 43 28 for
403 5258 152 36 irregating
589 5256 47 28 the

64 5296 2 46 ■
80 5300 199 42 experimental
294 5298 67 29 fruit
377 5297 68 28 farm
471 5298 54 26 and
551 5296 80 29 other

65 5337 4 48 1
81 5354 141 31 purposes.
264 5339 119 36 Coming
405 5338 90 30 south,
511 5338 33 28 he
563 5337 71 28 fixed

80 5397 29 17 as
124 5397 16 16 a
153 5385 51 27 site
216 5383 43 27 for
272 5393 16 16 a
299 5381 62 27 dam
378 5380 46 26 the
448 5378 64 27 weir
533 5384 28 20 at
589 5378 46 26 the

81 5424 97 30 mouth
192 5423 28 30 of
236 5422 97 29 Fraser
347 5419 92 35 Gorge
465 5418 56 33 (for
533 5416 98 38 irriga-

81 5468 83 32 tion-,
199 5463 87 29 which
323 5460 55 28 will
411 5458 144 30 command
589 5458 47 28 the

65 5519 5 5 ■
79 5491 89 46 whole
175 5505 28 30 of
211 5504 47 31 the
264 5502 67 31 fruit
337 5501 118 29 farmsat
465 5498 169 39 Krnscleugh

80 5550 63 28 Flat
169 5558 35 19 on
227 5546 49 29 the
302 5544 76 37 right
404 5542 73 28 bank
493 5541 29 29 of
535 5540 101 30 Clutha

80 5591 82 29 river.
201 5587 89 29 These
328 5594 47 19 are
409 5592 75 19 some
519 5581 29 29 of
590 5581 46 28 the

78 5629 137 38 principil
241 5626 92 29 works
358 5623 143 38 inspected
528 5624 36 36 by
591 5622 45 28 Mr

79 5671 129 34 Perham,
223 5668 52 29 but
298 5665 30 30 of
339 5674 97 20 course
450 5673 82 29 many
557 5662 79 28 other

65 5711 135 41 -possible
220 5709 55 28 and
289 5705 132 40 probable
434 5708 87 25 water
545 5703 91 28 works

63 5763 87 21 -were
163 5749 99 31 visited
277 5747 54 31 and
347 5744 94 31 noted.
481 5743 155 40 Roxburgh

62 5805 71 20 vwas
171 5792 43 31 his
241 5794 67 28 next
334 5786 134 41 principal
494 5787 77 40 place
606 5785 30 30 of

675 205 162 40 inspection,
876 207 55 29 and
968 207 80 29 while
1086 207 64 29 here
1187 207 45 29 Mr

678 247 139 29 Perham's
830 248 140 35 assistant,
983 248 45 29 Mr
1040 247 44 31 W.
1102 248 128 39 M'Kegg

678 288 72 37 (who
775 290 190 38 accompanies
979 289 56 29 him
1054 289 178 38 throughout

676 330 41 27 his
745 333 83 33 tour),
855 334 73 24 went
953 335 47 23 out
1015 334 28 25 to
1056 330 49 28 the
1127 330 104 28 Dismal

676 369 111 38 Swamp
812 370 67 28 with
904 381 16 17 a
944 381 64 17 man
1031 375 63 24 sent
1127 370 37 38 by
1188 370 44 28 Mr

677 409 95 31 Peters
795 413 29 27 to
845 410 84 40 guide
940 410 55 30 him
1007 422 8 25 ;
1029 410 54 30 and
1097 409 131 31 obtained

674 452 36 27 all
742 462 143 26 necessary
920 457 216 23 measurements
1174 452 55 28 and

673 490 73 28 data.
786 490 38 28 Of
850 501 104 24 course,
981 492 66 26 with
1073 491 99 38 regard
1200 494 29 24 to

673 535 28 23 to
715 531 46 28 the
774 530 88 40 fixing
875 532 29 28 of
917 532 66 28 sites
996 530 55 30 and
1061 531 45 28 the
1128 535 97 24 nature

671 571 30 28 of
738 571 44 27 Mr
807 572 143 27 Perham's
976 577 92 31 report
1102 572 124 31 thereon,

669 611 126 28 whether
819 611 66 37 they
911 611 53 27 will
988 611 34 28 be
1046 610 180 28 recotnended

669 663 31 18 or
713 652 45 28 the
774 662 115 24 reverse,
901 651 117 38 nothing
1030 650 53 29 will
1096 652 33 27 be
1145 651 80 29 made

669 692 93 37 public
788 692 41 27 till
851 693 65 27 such
943 695 107 34 reports
1075 694 81 25 reach
1179 692 47 27 the

669 732 143 34 Minister;
834 732 50 28 but
900 732 104 36 having
1021 730 50 28 full
1090 730 117 29 informa-

668 773 56 28 tion
736 778 28 22 to
775 772 82 36 hand,
870 772 43 28 Mr
924 771 121 30 Cadman
1057 771 53 28 will
1123 771 85 29 doubt-

668 812 51 28 less
746 812 68 28 have
849 824 15 16 a
895 813 135 36 complete
1057 813 108 27 scheme
1197 813 29 27 of

668 857 82 23 water
763 852 189 28 conservation
967 856 28 23 to
1016 851 103 27 submit
1134 856 29 24 to
1175 852 48 28 the

668 892 116 28 Cabinet
795 892 35 37 by
842 892 45 27 the
899 892 65 28 time
977 892 60 27 that
1052 890 169 30 Parliament

668 936 96 23 meets.

703 1024 144 49 Railway
877 1024 307 40 Communication.

683 1132 141 32 PUBLIC
840 1132 162 32 OPINION
1023 1133 48 31 AT
1092 1132 110 32 GORE.

704 1238 32 29 In
769 1238 52 29 last
862 1238 164 37 Saturday's
1064 1239 74 29 issue
1178 1240 46 28 the

696 1280 125 28 Mataura
984 1280 26 28 in
1026 1280 47 29 the
1087 1291 97 18 course
1193 1281 29 29 of

666 1333 16 15 a
692 1322 146 28 trenchant
850 1322 54 28 and
918 1322 62 28 able
995 1322 111 33 leading
1118 1322 104 33 article,

1087 1348 16 12 O
1216 1348 5 8 '

668 1362 112 28 reviews
810 1362 45 28 Mr
889 1362 34 28 D.
953 1362 141 31 Mackay's
1121 1364 98 27 second

667 1412 94 29 paper,
787 1402 90 29 which
904 1403 32 28 he
964 1402 63 29 read
1054 1402 94 30 before
1174 1404 48 28 the

668 1444 268 36 Heriot-Roxburgh
964 1444 122 36 Railway
1110 1444 109 36 League

668 1483 52 27 last
734 1484 105 33 month,
854 1483 53 27 and
923 1483 88 27 which
1033 1484 136 35 appeared
1192 1484 26 27 in

666 1535 51 17 our
727 1524 71 29 issue
812 1524 29 28 of
853 1524 62 34 May
930 1522 76 31 2Sth.
1047 1523 52 30 We
1113 1535 45 17 are
1167 1535 33 17 un-

666 1565 61 27 able
742 1569 28 24 to
784 1565 63 37 give
861 1565 46 26 the
920 1564 95 27 article
1028 1569 29 22 at
1071 1564 105 37 length,
1188 1575 30 17 as

667 1615 39 18 we
720 1605 89 29 would
822 1605 63 28 wish
901 1609 36 30 to,
953 1604 50 28 but
1012 1604 46 29 the
1072 1605 143 35 following

665 1652 127 30 excerpts
816 1646 52 27 will
890 1646 32 27 be
944 1645 127 28 sufficent
1092 1651 28 22 to
1141 1646 75 28 show

667 1686 72 29 what
750 1687 22 28 is
797 1685 119 39 thought
937 1685 27 28 of
986 1685 47 29 the
1058 1685 106 38 project
1189 1691 28 22 at

816 1727 43 27 Mr
873 1727 31 27 D.
918 1725 126 38 Mackay,
1054 1725 77 35 C.E.,
1143 1730 73 24 must

665 1766 34 28 be
714 1766 98 29 looked
826 1777 70 28 upon
911 1777 30 16 as
955 1767 47 26 the
1021 1765 111 29 modern
1155 1766 49 28 rail-

666 1818 58 27 way
736 1807 41 29 St.
788 1807 109 38 George
906 1807 29 28 of
945 1806 152 29 theClutha
1108 1806 107 39 Valley.

666 1847 25 30 It
707 1859 53 18 was
776 1849 32 28 he
824 1849 58 28 who
897 1859 15 17 a
924 1849 51 28 few
990 1847 90 30 weeks
1103 1859 53 25 ago
1175 1848 27 29 in-

664 1889 91 38 spired
770 1890 46 28 the
832 1889 133 29 residents
979 1889 29 28 of
1018 1889 45 28 the
1072 1889 146 38 goldfields

664 1930 108 29 district
800 1930 102 37 tapped
922 1929 37 37 by
986 1929 153 37 Roxburgh
1164 1929 54 29 and

663 1970 188 37 surrounding
860 1975 115 32 country
987 1970 62 27 with
1062 1969 75 29 fresh
1148 1970 70 38 hope

663 2011 43 28 for
720 2012 46 28 the
781 2011 85 29 battle
884 2011 62 28 with
963 2011 46 28 the
1030 2010 188 29 Government

666 2056 27 24 to
706 2052 76 29 force
797 2053 69 27 from
883 2052 74 28 them
981 2062 15 17 a
1017 2052 118 37 promise
1158 2051 61 29 that

662 2093 46 27 the
720 2091 267 37 Heriot-Roxburgh
1000 2092 110 37 railway
1121 2099 80 21 exten-

661 2133 59 28 sion
736 2133 90 29 would
840 2134 34 26 be
889 2137 48 32 put
952 2132 28 28 in
995 2133 71 27 hand
1091 2137 28 23 at
1145 2143 75 18 some

662 2174 65 28 time
750 2185 31 17 or
812 2173 88 29 other.
942 2172 44 28 Mr
1016 2172 122 39 Mackay
1171 2173 48 28 has

660 2214 91 28 suited
786 2214 46 26 the
865 2223 62 17 case
959 2212 43 28 for
1026 2214 47 26 the
1110 2214 109 36 railway

661 2253 146 29 advocates
822 2254 27 28 in
863 2265 13 18 a
891 2253 173 38 remarkably
1077 2253 72 30 clear
1164 2253 54 29 and

662 2294 98 37 logical
785 2304 113 19 manner
910 2305 7 22 ;
939 2294 99 28 indeed
1061 2305 40 17 we
1125 2295 91 35 might

662 2345 35 26 go
711 2345 29 18 as
754 2334 43 29 far
809 2346 30 17 as
853 2339 29 24 to
901 2343 48 27 say
969 2334 61 29 that
1052 2334 41 28 his
1116 2335 100 35 tersely

662 2383 49 31 put
725 2376 71 29 facts
816 2376 54 29 and
895 2375 102 37 figures
1019 2376 105 29 carried
1151 2376 65 28 with

662 2416 74 28 them
751 2417 43 27 far
808 2427 74 17 more
899 2416 101 37 weight
1019 2417 65 27 than
1098 2428 16 16 a
1127 2421 47 23 ton
1189 2417 29 27 of

662 2456 162 30 resolutions
856 2456 55 28 and
951 2456 265 30 recommendations

661 2496 104 30 framed
791 2498 37 38 by
853 2497 108 29 zealous
987 2497 136 29 residents
1145 2497 30 29 of
1197 2508 16 18 a

660 2538 109 29 district
783 2538 88 29 which
885 2538 22 29 is
923 2538 157 33 hungering
1094 2538 42 29 for
1150 2538 49 28 rail-

661 2588 58 27 way
729 2578 230 29 communication
974 2578 66 29 with
1050 2579 46 27 the
1106 2578 108 29 outside

660 2618 93 29 world.
794 2618 154 38 Following
969 2629 36 27 up
1030 2618 41 28 his
1084 2618 128 38 previous

659 2668 84 29 paper
759 2659 39 36 (to
812 2659 88 29 which
916 2658 138 30 reference
1068 2668 54 18 was
1132 2658 79 30 made

657 2700 28 28 in
699 2710 51 18 our
763 2700 110 35 leading
887 2700 124 28 columns
1024 2712 16 16 a
1052 2700 52 28 few
1119 2699 91 29 weeks

657 2740 82 36 back)
769 2740 45 29 Mr
848 2740 119 38 Mackay
1000 2751 70 28 gave
1103 2740 109 29 further

658 2780 125 30 valuable
797 2781 175 29 information
993 2785 30 26 at
1049 2792 15 18 a
1089 2781 123 34 meeting

656 2822 28 27 of
710 2823 47 27 the
784 2822 268 38 Heriot-Roxburgh
1085 2822 124 37 Railway

658 2861 109 36 League
781 2862 54 29 last
849 2862 104 29 month.
994 2865 39 26 As
1053 2862 103 35 before,
1178 2863 34 28 he

656 2903 106 29 backed
772 2914 35 28 up
820 2903 41 29 his
886 2903 149 29 assertions
1058 2903 37 39 by
1117 2903 79 30 incon-

655 2945 161 28 trovertible
842 2945 70 28 facts
936 2945 55 28 and
1018 2945 113 37 figures,
1156 2945 54 28 and

656 2984 112 29 worked
783 2988 48 25 out
844 2985 36 28 all
892 2985 47 28 the
949 2985 129 28 different
1091 2985 80 28 items
1183 2988 27 25 to

655 3025 120 35 produce
788 3036 34 16 an
837 3036 119 26 average
971 3028 59 25 cost
1040 3035 49 27 per
1105 3025 62 28 mile
1180 3025 29 28 of

657 3063 47 28 the
717 3064 137 37 proposed
868 3066 54 27 line
936 3065 29 27 of
978 3065 113 30 £3,500.
1131 3064 59 28 Hav-

657 3103 49 37 ing
727 3104 117 29 enlisted
868 3106 46 28 the
938 3105 170 37 sympathies
1132 3105 28 28 of
1183 3115 29 18 so

659 3144 128 36 practical
803 3155 16 16 a
832 3155 62 18 man
908 3155 30 17 as
962 3145 42 26 Mr
1018 3144 127 34 Mackay,
1166 3145 46 28 the

664 3182 266 39 Heriot-Roxburgh
957 3183 121 39 Railway
1103 3184 111 38 League

660 3223 22 29 is
697 3223 100 30 indeed
818 3225 151 33 fortunate,
992 3225 54 28 and
1070 3235 61 18 now
1153 3226 61 27 that

1094 3264 5 5 •
1223 3253 1 16 j

661 3264 45 27 the
730 3265 177 36 possibilities
934 3265 28 28 of
988 3265 47 27 the
1061 3265 81 37 thing
1167 3276 46 17 are

661 3303 53 30 laid
725 3315 29 18 so
764 3305 99 38 clearly
875 3305 94 29 before
977 3305 72 28 them
1061 3304 22 29 it
1092 3304 22 29 is
1124 3305 90 38 surely

661 3351 48 22 not
722 3350 46 25 too
781 3347 81 28 much
877 3352 29 23 to
928 3352 100 32 expect
1054 3346 60 29 that
1137 3346 77 29 those

659 3387 96 37 people
764 3387 150 29 interested
920 3387 90 28 —and
1020 3386 78 29 these
1106 3386 110 29 include

659 3427 93 38 nearly
778 3428 48 28 the
856 3427 86 29 whole
967 3427 30 29 of
1020 3426 194 29 Southland—

659 3467 53 27 will
727 3468 75 27 work
818 3469 78 27 tooth
911 3468 55 28 and
976 3468 54 27 nail
1042 3472 28 23 to
1084 3468 74 27 force
1169 3468 46 27 the

658 3507 189 29 Government
861 3512 29 23 to
899 3519 16 16 a
927 3517 77 18 sense
1019 3507 30 28 of
1059 3507 47 28 the
1114 3507 100 38 justice

658 3548 21 27 it
692 3558 72 18 owes
779 3554 28 23 to
820 3559 34 17 an
868 3548 183 38 exceedingly
1077 3547 57 29 rich
1156 3547 55 29 and

658 3589 153 38 promising
857 3589 109 28 district

662 3629 49 28 We
737 3639 44 18 are
807 3630 150 28 somewhat
977 3629 140 39 surprised
1154 3630 60 28 that

658 3669 54 29 this
732 3671 126 37 question
885 3671 48 28 has
959 3676 48 22 not
1035 3671 68 27 been
1136 3681 75 18 more

660 3714 110 33 warmly
796 3711 82 28 taken
906 3721 37 27 up
956 3710 27 28 in
995 3711 78 27 other
1088 3717 74 30 parts
1182 3710 29 28 of

659 3749 164 29 Southland.
863 3750 65 28 This
944 3750 267 37 Heriot-Roxburgh

658 3790 143 28 extension
812 3790 21 28 is
845 3790 117 37 notonly
972 3789 87 38 going
1071 3794 27 23 to
1109 3790 100 28 benefit

659 3830 47 27 the
720 3830 107 28 district
841 3831 121 36 througu
977 3830 87 28 which
1074 3829 22 28 it
1108 3840 102 28 passes,

659 3870 51 28 but
722 3871 47 27 the
784 3870 86 28 whole
884 3871 28 27 of
925 3872 46 26 the
988 3876 116 32 country
1131 3870 78 35 lying

661 3911 120 27 between
798 3911 46 27 the
856 3911 144 36 goldfields
1011 3911 53 27 and
1075 3912 45 26 the
1132 3911 80 32 Bluff,

659 3960 35 18 on
708 3956 115 22 accouut
833 3952 28 26 of
875 3951 47 28 the
936 3951 76 27 trade
1023 3951 28 28 of
1066 3951 46 27 the
1139 3951 60 27 first-

661 3990 97 28 named
785 3991 108 38 portion
919 3991 28 28 of
977 3996 116 30 country
1129 3991 85 36 being

661 4031 125 27 diverted
792 4031 116 38 entirely
917 4031 167 29 southward.
1100 4031 114 38 Ranged

662 4071 108 36 against
797 4072 78 28 those
892 4072 59 28 who
964 4083 46 17 are
1028 4071 120 38 striving
1173 4072 43 28 for

664 4112 54 28 this
734 4112 63 35 line,
812 4112 22 28 is
849 4118 47 22 not
915 4112 64 37 only
1003 4122 49 18 our
1066 4112 150 39 iniquitous

663 4154 196 31 Governmeut,
877 4153 49 28 but
941 4153 45 28 the
1013 4152 87 29 whole
1116 4152 100 39 weight

662 4192 29 30 of
712 4192 116 34 Otago's
842 4193 172 29 commercial
1028 4193 134 29 influence
1183 4205 29 17 as

665 4234 65 28 well.
772 4233 88 29 These
873 4245 45 17 are
934 4234 107 37 mighty
1054 4234 76 28 hosts
1145 4240 26 22 to
1184 4234 33 28 be

664 4274 136 29 reckoned
831 4274 73 36 with,
930 4274 54 28 and
1002 4274 91 29 before
1113 4274 103 37 victory

663 4325 49 18 can
729 4315 32 28 be
776 4314 115 29 claimed
906 4316 36 33 by

664 4356 45 28 the
737 4354 162 30 formidable
913 4355 138 29 obstacles
1063 4359 29 24 at
1107 4359 110 33 present

664 4396 114 38 barring
789 4396 45 27 the
844 4396 64 36 path
921 4400 27 24 to
960 4405 108 19 success
1082 4396 51 27 will
1149 4396 68 28 have

663 4436 66 30 each
743 4436 54 30 and
811 4436 134 36 severally
960 4441 28 25 to
1010 4436 33 30 be
1064 4446 152 20 overcome.

663 4477 66 27 This
750 4478 22 26 is
793 4488 35 16 no
843 4478 70 35 light
927 4477 73 34 task,
1012 4477 54 27 and
1082 4478 47 26 the
1143 4483 71 21 most

664 4517 104 40 perfect
780 4517 185 30 combination
985 4517 55 30 and
1055 4524 144 22 concentra-

663 4560 55 27 tion
728 4559 30 28 of
766 4559 88 28 forces
864 4560 21 27 is
899 4569 142 27 necessary
1053 4564 28 23 to
1092 4559 118 38 produce

663 4599 45 28 the
723 4598 84 29 result
821 4599 139 37 presently
971 4599 89 28 aimed
1074 4604 37 23 at.
1156 4599 23 27 It
1191 4599 21 27 is

664 4638 157 39 practically
836 4639 124 36 hopeless
975 4645 27 22 to
1019 4639 61 28 look
1102 4639 44 27 for
1170 4640 45 26 the

662 4679 186 28 construction
855 4680 29 26 of
894 4680 45 27 the
947 4679 109 28 Heriot-
1064 4679 149 35 Roxburgh

663 4719 54 26 line
747 4718 86 27 utid-r
862 4719 47 27 the
940 4717 124 38 auspices
1103 4718 29 27 of
1171 4719 46 26 the

665 4757 111 29 Seddon
810 4757 196 34 Government,
1035 4759 48 26 but
1108 4767 38 18 we
1172 4767 45 18 are

664 4798 151 29 convinced
829 4799 61 27 that
904 4799 47 26 the
961 4798 52 37 day
1027 4798 30 28 of
1078 4798 54 27 this
1156 4807 46 28 per-

666 4839 103 27 nicious
784 4837 229 28 Administration
1029 4838 23 28 is
1066 4838 41 27 far
1127 4843 88 32 spent,

666 4878 54 29 and
737 4888 28 18 as
780 4889 15 16 a
817 4878 108 37 change
951 4888 62 27 may
1027 4888 76 19 come
1116 4882 30 24 at
1164 4888 52 24 any

669 4924 130 28 moment,
815 4928 38 17 we
867 4918 89 28 would
967 4918 94 28 advise
1071 4918 130 38 prepared-

667 4969 61 17 ness
738 4963 28 23 to
776 4958 63 28 take
848 4958 157 33 advantage
1014 4959 29 28 of
1052 4959 46 28 the
1107 4958 110 29 earliest

664 4999 179 37 opportunity
863 4999 44 28 for
930 5000 102 36 urging
1054 5000 46 27 the
1123 4999 94 27 claims

664 5039 29 26 of
707 5049 15 16 a
735 5041 104 24 stretch
853 5040 28 26 of
894 5046 118 29 country
1027 5039 86 27 which
1126 5039 89 26 would

666 5079 32 27 be
710 5077 77 30 made
797 5077 95 39 highly
902 5088 162 29 prosperous
1074 5079 21 28 if
1106 5077 108 38 railway

665 5119 228 29 communication
905 5130 69 18 were
997 5119 123 29 afforded
1146 5129 71 28 upon

666 5160 78 26 those
758 5160 90 27 whose
859 5169 81 18 sjnse
951 5159 31 28 of
995 5159 75 35 right
1080 5159 55 27 and
1146 5159 57 36 just-

666 5199 40 29 ice
721 5197 88 40 might
824 5204 47 24 not
889 5199 32 30 be
935 5198 147 41 completly
1103 5198 98 30 obliter-

665 5241 62 26 ated
742 5241 36 36 by
793 5241 145 37 predatory
961 5241 129 28 instincts
1116 5241 30 26 of
1173 5240 45 27 the

665 5279 95 28 lowest
782 5280 54 28 and
862 5286 71 23 most
960 5280 156 38 despicable
1140 5279 77 28 kind.

665 5319 39 30 To
719 5320 73 28 work
807 5321 53 28 and
874 5326 28 23 to
913 5321 87 28 watch
1009 5319 98 30 should
1123 5321 33 28 be
1171 5321 47 27 the

667 5366 86 23 motto
767 5361 29 28 of
808 5362 47 28 the
866 5361 267 36 Heriot-Roxburgh
1144 5360 59 29 Kail-

667 5411 58 27 way
751 5400 148 39 Leaguers,
925 5401 54 28 and
1006 5402 27 27 in
1060 5402 67 27 time
1154 5401 64 36 they

666 5441 63 38 they
749 5449 73 21 must
835 5442 101 28 inherit
950 5442 45 28 the
1009 5441 82 29 fruits
1104 5441 30 29 of
1147 5440 71 29 their

667 5487 60 32 past
760 5482 135 38 patience,
928 5493 204 28 perseverance,
1164 5481 54 28 and

1335 204 70 44 Our
1434 201 152 45 Waikaia
1617 199 122 44 Letter.

1399 292 61 26 (Own
1473 286 207 27 Correspondent.)

1297 326 76 39 Very
1399 326 70 29 little
1495 324 29 30 of
1549 330 190 30 consequence
1764 319 48 28 has

1260 367 116 29 occured
1400 367 64 28 here
1491 365 29 29 of
1545 363 54 29 late
1625 361 136 29 sufficient
1785 364 27 23 to

1261 407 80 29 make
1355 407 45 29 the
1414 406 100 30 welkin
1527 405 64 36 ring
1604 402 67 30 with
1685 402 47 28 the
1746 398 66 41 glad

1259 449 106 38 tidings
1379 448 28 29 of
1429 448 187 37 rejoicement.
1656 442 66 31 And
1743 452 68 19 even

1260 498 60 17 now
1345 488 47 28 the
1414 491 71 24 most
1503 484 152 30 noticeable
1677 483 83 33 thing
1780 482 31 32 is,

1259 527 61 29 that
1357 527 85 36 Time,
1482 526 66 29 with
1587 523 43 30 his
1667 520 144 39 revolving

1258 569 114 34 chariot,
1388 569 46 27 has
1448 578 67 18 once
1529 577 76 18 more
1625 562 114 30 whirled
1762 572 32 17 an-

1256 608 80 28 other
1362 608 76 37 cycle
1462 610 72 35 past,
1560 605 54 28 and
1643 602 117 30 ushered
1781 601 28 27 in

1257 652 74 26 stern
1352 649 107 34 winter,
1473 648 81 29 fierce
1567 646 54 30 and
1635 644 62 30 wild
1724 643 27 29 in
1774 640 35 30 all

1255 689 34 27 its
1303 689 222 32 ever-changing
1547 685 182 31 vicissitudes.
1770 683 36 34 If,

1253 728 105 39 during
1372 729 46 28 the
1427 733 62 34 past
1510 737 129 25 summer,
1662 736 41 18 we
1725 734 66 28 vege-

1256 769 75 29 tated
1355 770 72 28 amid
1445 780 35 18 an
1501 769 172 29 exuberance
1693 766 29 29 of
1746 765 61 28 heat

1254 810 55 28 and
1319 810 130 36 drought,
1465 821 39 17 we
1517 821 45 17 are
1572 819 60 19 now
1644 809 105 36 paying
1760 807 46 27 the

1256 850 110 38 penalty
1385 850 38 38 by
1449 850 132 35 suffering
1594 859 16 17 a
1632 848 125 39 plethora
1779 846 29 27 of

1254 894 111 31 storms,
1386 901 76 17 snow
1484 890 54 28 and
1561 889 85 29 slush.
1690 886 117 37 Already

1255 929 46 27 the
1336 940 100 26 ranges
1467 930 71 28 have
1569 928 127 30 assumed
1734 927 73 28 their

1257 969 101 28 mantle
1379 970 30 27 of
1430 969 127 38 dazzling
1579 968 155 30 whiteness,
1752 965 54 28 and

1256 1009 47 28 the
1316 1015 95 31 aspect
1424 1010 29 29 of
1466 1015 95 23 nature
1575 1018 88 20 seems
1680 1006 61 30 cold
1753 1005 54 29 and

1255 1048 164 39 forbidding
1442 1050 27 28 in
1504 1050 46 27 the
1582 1052 130 25 extreme.
1753 1046 54 28 Yet

1255 1098 68 18 even
1339 1089 54 28 this
1407 1094 71 24 state
1493 1089 29 29 of
1536 1089 94 37 things
1654 1087 54 28 will
1727 1087 80 28 make

1255 1129 46 29 the
1333 1128 92 30 hearts
1458 1130 28 30 of
1512 1139 74 20 some
1612 1127 107 41 rejoice,
1745 1127 63 35 viz.,

1240 1169 1 43 {
1256 1170 45 28 the
1317 1171 109 33 miners,
1442 1172 42 27 for
1500 1171 22 28 if
1535 1171 46 29 the
1602 1170 66 28 land
1682 1169 65 29 does
1760 1172 49 25 not

1240 1203 1 44 !
1254 1210 60 27 flow
1328 1210 62 27 with
1404 1211 66 27 milk
1480 1211 54 28 and
1546 1210 89 37 honey
1644 1210 21 28 it
1675 1208 132 37 certainly

1254 1250 52 28 will
1333 1250 66 29 with
1426 1257 92 30 water,
1546 1250 98 35 which,
1668 1250 73 29 after
1762 1249 45 36 all,

1253 1291 21 28 is
1296 1292 117 39 perhaps
1436 1292 97 30 dearer
1552 1297 27 24 to
1606 1289 74 31 them
1706 1291 27 29 in
1762 1291 46 28 the

1253 1337 100 24 matter
1365 1334 30 28 of
1412 1335 20 27 £
1446 1344 21 18 s.
1488 1334 29 30 d.
1535 1334 66 28 than
1626 1334 46 27 the
1686 1332 121 29 luxuries

1252 1373 89 27 which
1355 1373 47 29 the
1424 1374 123 28 ancients
1572 1373 93 39 prized
1691 1373 64 28 with
1779 1382 29 18 so

1252 1414 80 28 much
1348 1414 80 29 value
1440 1414 54 30 and
1508 1419 110 25 esteem.

1289 1454 57 28 The
1360 1455 188 29 much-talked
1559 1456 29 26 of
1599 1454 127 28 Waikaia
1738 1454 52 28 min-

1250 1493 48 39 ing
1327 1494 78 29 boom
1433 1495 23 29 is
1481 1500 29 24 at
1543 1494 99 39 length
1665 1493 143 39 assuming

1248 1536 124 37 tangible
1393 1536 93 38 shape.
1527 1536 33 28 In
1583 1536 103 29 former
1712 1535 94 29 letters

1251 1574 9 27 [
1276 1575 70 28 have
1360 1576 66 28 been
1442 1576 111 36 obliged
1568 1579 27 25 to
1609 1576 73 28 refer
1703 1579 28 25 to
1758 1575 46 27 the

1445 1628 30 17 as
1491 1617 84 39 being
1583 1616 36 29 all
1630 1616 57 29 talk
1699 1615 55 30 and
1768 1626 33 18 no

1248 1659 90 31 work;
1362 1658 48 27 but
1436 1668 60 17 now
1522 1658 66 36 they
1613 1668 46 17 are
1685 1661 61 32 gett.
1757 1656 49 35 ing

1245 1708 16 16 a
1301 1708 23 16 in
1339 1708 39 17 >ve
1417 1709 72 26 upon
1529 1698 165 29 themselves
1733 1701 12 24 t
1758 1697 46 27 hat

1246 1736 146 38 decidedly
1425 1749 17 27 p
1454 1739 102 28 >rtends
1586 1744 28 22 to
1640 1738 165 34 something

1247 1776 54 28 like
1322 1778 174 35 satisfactory
1520 1778 108 29 results.
1668 1777 131 38 Through

1247 1818 46 27 the
1332 1818 235 40 instrumentality
1612 1818 30 31 of
1680 1818 46 29 Mr
1767 1820 30 26 K.

1248 1861 126 30 Stowa-t,
1403 1872 129 27 manager
1558 1861 29 29 of
1612 1861 47 29 the
1694 1859 105 40 Argyle

1249 1899 151 37 Hydraulic
1430 1900 127 40 Sluicing
1586 1901 58 35 Co.,
1675 1901 76 39 quite
1784 1911 15 17 a

1249 1941 116 26 number
1378 1941 30 27 of
1420 1941 108 29 mining
1550 1946 128 25 ventures
1699 1952 46 17 are
1765 1951 35 18 on

1358 1979 6 7 #

1249 1981 46 28 the
1303 1984 83 33 tapis,
1402 1981 47 29 the
1467 1987 72 25 most
1561 1982 112 30 notable
1699 1992 102 26 among

1249 2022 88 28 which
1349 2022 22 27 is
1381 2023 45 28 the
1436 2032 93 21 recent
1539 2025 117 34 floating
1666 2023 29 29 of
1705 2027 80 24 exten-

1249 2062 57 29 sive
1320 2061 106 37 mining
1439 2069 96 30 graivts
1548 2069 29 24 at
1598 2063 92 30 Gow's
1712 2062 89 30 Creek

1249 2103 54 30 and
1318 2101 136 31 Growlers
1468 2104 71 35 Flat,
1554 2109 55 25 two
1623 2104 177 29 well-known

1251 2150 76 32 spots
1341 2143 26 28 in
1383 2143 55 28 this
1458 2144 119 39 locality.
1617 2145 88 28 These
1727 2155 76 18 areas

1252 2185 68 28 have
1345 2184 65 27 both
1435 2185 67 28 been
1529 2186 96 37 placed
1651 2195 73 28 upon
1757 2185 47 28 the

1252 2225 114 27 London
1409 2225 116 35 market,
1564 2226 50 27 but
1652 2225 84 27 failed
1774 2228 29 25 to

1249 2263 146 31 command
1406 2263 46 29 the
1463 2265 135 29 attention
1609 2265 30 29 of
1656 2265 146 29 ambitious

1251 2305 156 37 syndicates
1430 2314 83 28 eager
1535 2309 28 24 to
1589 2307 109 36 expend
1732 2305 72 28 their

1250 2345 171 39 superfluous
1446 2345 74 29 cash.
1561 2345 79 37 Now,
1666 2345 136 36 however,

1250 2387 65 36 they
1343 2386 69 28 have
1438 2386 68 28 been
1541 2387 83 29 taken
1654 2397 37 28 up
1725 2387 37 38 by
1787 2399 15 16 a

1249 2427 105 27 limited
1369 2436 135 27 company
1521 2427 25 34 (I
1568 2427 181 34 understand)
1774 2428 29 28 of

1250 2466 129 29 Dunedin
1412 2467 167 36 gentlemen,
1611 2477 76 19 some
1713 2468 35 29 30
1773 2468 28 28 in

1249 2508 125 34 number,
1388 2507 62 29 who
1470 2517 45 19 are
1541 2507 113 40 putting
1676 2508 28 30 in
1725 2509 76 29 £IOO

1245 2548 78 34 each,
1334 2547 65 28 with
1414 2547 47 29 the
1475 2548 92 37 ob]ect
1576 2549 30 28 of
1614 2548 99 39 giving
1724 2550 75 28 them

1244 2599 16 17 a
1279 2587 139 38 thorough
1442 2587 71 36 trial,
1538 2588 87 36 when,
1653 2589 22 29 if
1701 2589 100 30 results

1245 2633 118 23 warrant
1374 2628 30 35 it,
1418 2639 15 17 a
1442 2628 92 39 larger
1543 2629 54 29 and
1609 2640 74 18 more
1694 2641 89 27 power-

1243 2679 136 28 company
1411 2668 55 29 will
1500 2669 34 29 be
1566 2668 117 31 formed.
1726 2670 73 30 Both

1242 2709 101 39 places,
1357 2709 136 39 although
1508 2721 75 18 some
1606 2710 64 31 four
1691 2721 31 19 or
1743 2712 57 29 five

1243 2750 76 29 miles
1334 2755 87 34 apart,
1433 2761 46 19 are
1488 2752 183 29 commanded
1696 2752 37 39 by
1753 2752 47 29 the

1244 2801 73 19 same
1333 2795 87 25 water
1432 2792 86 39 right,
1532 2792 89 30 which
1648 2792 22 30 is
1692 2804 16 18 a
1731 2797 71 26 most

1242 2832 144 29 extensive
1396 2844 61 17 one.
1496 2833 77 38 They
1583 2834 53 27 will
1646 2834 34 27 be
1689 2834 117 30 worked

1242 2882 73 29 upon
1331 2872 46 29 the
1394 2872 144 40 hydraulic
1554 2873 142 40 principal,
1720 2875 82 29 while

1241 2914 46 29 the
1313 2924 129 29 pressure
1476 2914 160 30 obtainable
1658 2919 29 25 at
1712 2915 88 30 either

1241 2955 78 37 place
1331 2955 52 28 will
1399 2966 49 18 run
1463 2955 35 28 all
1509 2955 46 29 the
1565 2967 59 26 way
1634 2955 71 30 from
1717 2957 83 33 2,000

1241 3001 28 22 to
1278 2995 84 34 3,000
1376 2995 66 28 feet.
1485 2995 82 28 After
1576 2996 55 27 this
1643 2997 73 27 what
1728 3007 74 18 more

1241 3046 48 17 can
1306 3035 47 27 the
1368 3035 79 28 heart
1460 3035 30 28 of
1512 3046 62 17 man
1599 3036 90 28 desire
1715 3036 51 29 but
1786 3048 16 17 a

1241 3075 157 37 sufficiency
1415 3075 29 28 of
1458 3076 47 27 the
1530 3077 125 36 precious
1668 3077 82 28 metal
1773 3083 29 23 to

1241 3115 105 30 reward
1372 3117 48 27 the
1447 3115 106 39 plucky
1579 3121 154 33 promoters
1759 3117 43 29 for

1243 3155 70 27 their
1327 3156 56 27 zeal
1398 3156 54 27 and
1469 3156 163 38 enterprise.

1282 3195 63 35 But,
1359 3196 194 37 undoubtedly
1567 3196 58 29 rich
1640 3207 30 18 as
1684 3208 45 18 are
1752 3197 48 30 the

1245 3236 100 37 golden
1360 3236 125 38 deposits
1500 3237 60 27 that
1581 3237 80 28 await
1684 3239 47 28 the
1753 3239 32 28 de-

1245 3276 155 37 velopment
1416 3277 29 27 of
1468 3276 47 28 the
1536 3276 141 38 hydraulic
1701 3288 101 28 power,

1245 3316 194 36 nevertheless,
1457 3316 13 29 I
1491 3328 45 18 am
1555 3317 69 40 fully
1647 3318 152 39 persuaded

1245 3359 60 26 that
1318 3357 47 29 the
1379 3358 93 27 future
1496 3359 108 38 mining
1626 3360 124 37 stability
1772 3360 30 28 of

1245 3397 127 29 Waikaia
1387 3398 48 28 lies
1449 3398 27 28 in
1492 3398 35 29 its
1551 3399 139 38 dredging
1713 3400 73 37 possi-

1245 3437 110 35 bilities,
1372 3437 88 30 which
1482 3449 45 18 are
1550 3440 174 37 everywhere
1744 3441 42 28 evi-

1244 3479 76 33 dent,
1334 3489 68 16 even
1426 3483 27 22 to
1475 3479 47 28 the
1545 3480 92 27 casual
1661 3481 138 27 observer.

1244 3517 14 29 I
1271 3518 89 29 notice
1375 3518 60 28 that
1449 3519 25 27 in
1491 3529 15 17 a
1517 3524 93 24 recent
1625 3519 71 29 issue
1710 3519 29 29 of
1754 3519 45 29 the

1602 3560 47 29 the
1673 3560 127 28 Waikaia

1243 3600 215 38 correspondent
1471 3600 30 28 of
1516 3601 59 28 that
1590 3611 85 28 paper
1699 3601 100 38 speaks

1242 3641 30 29 of
1280 3652 15 17 a
1305 3641 153 38 promising
1465 3650 47 19 run
1524 3641 28 28 of
1560 3641 66 38 gold
1639 3641 160 29 discovered

1243 3683 27 27 in
1284 3692 34 18 an
1332 3681 44 29 old
1392 3682 72 28 river
1477 3681 52 29 bed
1545 3682 25 28 in
1591 3682 60 28 that
1673 3682 120 37 locality,

1242 3722 54 28 and
1310 3732 66 27 goes
1390 3732 34 17 on
1440 3728 26 21 to
1481 3722 107 27 remark
1603 3722 60 27 that
1686 3722 22 27 it
1729 3722 23 28 is
1768 3728 27 21 to

1244 3763 78 26 tho-e
1353 3762 110 27 ancient
1496 3761 85 28 rivers
1608 3761 88 28 which
1728 3761 71 28 have

1243 3801 79 29 acted
1349 3801 47 29 the
1419 3807 60 32 part
1503 3801 28 28 of
1550 3801 124 38 gigantic
1701 3800 83 29 sluice-

1245 3843 95 34 boxes,
1355 3842 60 29 that
1431 3852 39 18 we
1484 3851 56 18 owe
1554 3851 50 18 our
1615 3845 60 24 vast
1688 3841 109 28 alluvial

1244 3883 132 37 deposits.
1418 3882 145 33 Now,here
1574 3881 27 28 in
1614 3882 47 28 the
1673 3881 126 30 Waikaia

1245 3923 96 33 Valley
1357 3923 78 28 those
1448 3921 44 30 old
1508 3922 71 28 river
1602 3921 68 30 beds
1691 3931 50 19 can
1765 3923 33 28 be

1244 3974 63 18 seen
1322 3964 54 28 and
1392 3963 93 28 traced
1500 3963 27 27 in
1543 3972 81 27 many
1649 3961 90 38 places
1763 3973 34 18 on

1245 4004 47 28 the
1305 4004 118 35 surface,
1438 4003 25 28 in
1480 4013 75 18 some
1565 4002 144 29 situations
1725 4013 73 19 more

1244 4044 66 28 than
1327 4044 56 29 half
1402 4057 16 15 a
1440 4044 62 28 mile
1526 4043 106 29 distant
1656 4043 71 29 from
1750 4045 45 28 the

1247 4091 108 30 present
1365 4086 51 28 site
1427 4085 29 27 of
1466 4085 46 27 the
1522 4085 78 27 river.
1640 4084 59 29 The
1713 4095 67 28 open-

1245 4126 48 36 ing
1308 4137 35 25 up
1366 4126 29 28 of
1414 4125 76 28 these
1512 4125 111 29 ancient
1642 4125 99 29 sluices
1765 4125 32 35 is,

1245 4166 145 36 therefore,
1430 4177 15 16 a
1480 4170 99 24 matter
1611 4166 106 34 worthy
1753 4166 46 29 the

1244 4208 134 28 attention
1391 4207 29 28 of
1431 4206 33 28 all
1476 4206 213 35 concerned,the
1699 4206 93 29 Island

1247 4248 85 28 Block
1348 4248 85 35 being
1453 4258 15 17 a
1492 4246 110 29 notable
1626 4248 124 28 instance
1772 4248 29 28 of

1246 4289 71 27 what
1330 4290 77 26 those
1421 4288 45 28 old
1479 4287 72 29 river
1565 4286 66 30 beds
1640 4288 122 28 contain.

1281 4330 124 37 Apropos
1443 4328 30 28 of
1516 4329 46 27 the
1595 4327 155 39 foregoing,
1777 4339 16 17 a

1246 4369 138 39 dredging
1398 4371 51 26 site
1464 4380 53 17 was
1528 4367 119 38 granted
1659 4368 52 29 last
1720 4375 78 22 court

1245 4411 62 38 day,
1327 4409 73 30 June
1429 4413 47 31 Ist,
1503 4415 28 22 to
1556 4408 100 29 Msssrs
1682 4409 118 28 Stewart

1245 4452 53 28 and
1314 4451 93 35 Short,
1433 4451 60 28 who
1516 4460 117 28 purpose
1656 4450 146 39 operating

1245 4502 35 17 on
1294 4492 47 27 the
1352 4491 139 37 Winding
1503 4490 97 34 Creek,
1614 4494 28 22 at
1664 4491 46 26 the
1734 4500 48 17 con-

1245 4531 105 30 fluence
1384 4531 30 30 of
1445 4531 59 29 that
1535 4535 101 24 stream
1664 4529 66 29 with
1754 4529 47 29 the

1247 4573 125 27 Waikaia
1386 4573 87 34 river;
1495 4571 80 28 while
1598 4574 28 25 at
1640 4570 46 28 the
1709 4570 74 29 Land-

1245 4613 51 37 slip
1309 4613 47 27 the
1368 4612 106 28 Golden
1485 4613 97 26 Crown
1592 4609 147 38 Dredging
1752 4611 47 28 Co.

1245 4658 99 32 expect
1372 4658 28 21 to
1422 4652 99 27 launch
1543 4650 72 28 their
1641 4649 105 37 dredge
1773 4650 27 27 in

1245 4693 34 26 ab
1291 4696 38 23 nit
1351 4702 16 16 a
1393 4691 75 28 week
1491 4701 30 16 or
1548 4696 45 21 ten
1618 4689 79 36 day's
1725 4689 75 28 time.

1245 4731 66 28 This
1342 4730 85 37 being
1459 4729 47 28 the
1529 4729 60 28 first
1613 4738 135 27 company
1773 4733 29 23 to

1245 4781 158 18 commence
1409 4769 156 39 operations
1577 4768 27 29 in
1615 4768 47 28 the
1676 4767 125 28 Waikaia

1246 4811 72 28 river
1347 4811 71 28 their
1448 4813 169 25 movements
1656 4808 54 28 will
1750 4818 34 18 un-

1246 4850 151 38 doubtedly
1428 4850 33 29 be
1488 4848 125 29 wntched
1640 4848 68 28 both
1736 4847 65 29 with

1245 4892 111 37 anxiety
1388 4891 54 28 and
1478 4890 125 29 interest.
1644 4888 58 29 The
1735 4898 48 28 p-o-

1246 4938 101 22 ---moters
1386 4942 45 17 are
1469 4940 66 28 very
1569 4929 144 39 sanguine,
1745 4928 56 29 and

1244 4972 166 38 everything
1433 4972 28 27 in
1485 4971 47 28 the
1558 4969 187 29 construction
1772 4969 29 28 of

1246 5012 54 28 hull
1316 5012 53 28 and
1385 5011 156 37 machinery
1565 5010 23 29 is
1611 5010 29 27 of
1662 5009 48 28 the
1733 5018 67 28 very

1246 5053 61 26 best
1330 5051 170 37 procurable.
1541 5049 66 36 May
1631 5058 108 17 success
1759 5053 28 22 at-

1246 5091 65 30 tend
1325 5091 72 29 their
1412 5090 93 30 efforts
1519 5088 23 30 is
1556 5089 47 29 the
1619 5088 99 29 ardent
1733 5087 67 30 wish

1245 5133 29 28 of
1314 5133 79 27 Your

1283 5171 93 27 While
1397 5182 34 17 on
1447 5171 45 26 the
1505 5169 108 37 subject
1643 5168 29 27 of
1685 5168 115 38 mining,

1247 5211 75 30 there
1336 5211 22 29 is
1372 5222 16 19 a
1401 5210 70 30 little
1488 5213 99 26 matter
1612 5208 61 29 that
1686 5207 14 30 I
1728 5212 73 25 must

1247 5253 64 35 give
1325 5257 65 23 vent
1404 5258 27 22 to
1446 5252 121 34 through
1581 5251 47 27 the
1642 5249 120 28 medium
1772 5249 29 28 of

1247 5302 69 27 your
1329 5291 133 35 columns,
1478 5291 54 27 and
1546 5290 21 27 it
1582 5289 23 28 is
1619 5289 55 28 this
1686 5300 6 17 :
1732 5288 69 29 Now

1248 5333 59 28 that
1328 5332 46 29 the
1403 5331 190 29 Whitecombß
1619 5328 54 29 and
1701 5328 99 40 Upper

1250 5373 125 27 Waikaia
1400 5383 45 17 are
1471 5371 111 37 coming
1596 5380 30 19 so
1640 5370 81 28 much
1742 5370 58 28 into

1248 5412 174 39 prominence
1464 5411 29 28 in
1538 5409 107 39 raining
1697 5409 101 36 affairs,

1250 5453 45 29 the
1330 5452 126 39 question
1480 5450 136 39 naturally
1641 5449 94 36 arises,
1762 5451 39 28 At

1252 5493 85 28 which
1351 5493 85 39 place,
1451 5491 154 38 Roxburgh
1619 5500 30 19 or
1665 5491 135 35 Waikaia,

1250 5534 97 29 should
1375 5534 46 28 the
1447 5532 73 39 legal
1547 5531 124 30 business
1697 5531 28 30 of
1742 5532 61 29 that

1252 5574 109 37 locality
1373 5575 34 28 be
1421 5572 157 31 transacted
1590 5572 11 29 ?
1640 5573 40 28 At
1692 5577 111 34 present

1250 5620 79 34 great
1339 5615 142 29 confusion
1493 5614 23 28 is
1525 5613 99 30 caused
1636 5613 35 38 by
1682 5615 48 28 the
1740 5613 63 30 dual

1252 5665 113 18 manner
1380 5656 28 27 in
1422 5655 88 28 which
1525 5653 107 40 mining
1656 5654 90 39 rights
1759 5664 45 19 are

1243 5692 1 33 I
1250 5695 142 30 obtained.
1437 5698 33 25 In
1508 5704 75 19 some
1620 5694 136 29 instances
1789 5705 17 18 a

1697 82 198 47 MOUHT
1983 86 225 40 behger
2294 86 144 42 mail

152 99 170 51 Friday,
345 100 109 39 June
471 96 56 44 18,
551 95 120 40 1897.

1353 5777 125 28 (Continued
1492 5784 26 15 on
1533 5776 77 24 Fourth
1627 5777 67 28 Page,.)

665 5627 557 165 dsƒds

1847 219 44 54 R
1896 263 12 12 #
1928 219 35 40 J.
1993 219 44 38 B.
2068 212 159 45 YULE,
2251 211 143 42 L.D.S.,

1928 301 191 45 Surgeon
2154 292 162 46 Dentist,

1971 375 298 37 INVERCARGILL.

1945 569 46 30 Mr
2011 567 79 28 Yule
2112 560 54 32 will
2185 561 102 29 visit—

1839 683 140 32 RYAN'S
1994 677 136 35 HOTEL,
2142 674 247 34 ALEXANDRA,

1838 795 165 33 HERON'S
2017 790 135 35 HOTEL,
2164 786 215 33 ROXBURGH

1916 940 26 28 R
2001 933 104 33 FIN
2126 932 66 28 LA
2211 930 28 29 Y
2261 929 131 35 SON,

1923 986 160 27 BARRISTER
2098 983 59 23 AND
2170 981 154 25 SOLICITOR,

2034 1033 162 31 Lawkencb,

1839 1105 67 29 Will
1933 1100 95 31 attend
2055 1099 46 28 the
2124 1094 147 39 Roxburgh
2296 1093 94 29 Court.

1840 1261 100 37 Money
1952 1263 27 24 to
1989 1257 77 29 Lena
2076 1265 34 18 on
2121 1250 133 32 Freehold
2266 1248 125 39 Security

1840 1376 32 56 J
1954 1375 49 38 H.
2067 1366 326 44 PEARSON,

1940 1441 67 20 in>SS
2022 1437 96 26 PLACE,
2133 1414 165 46 L.®RENCE,

1884 1482 264 34 CONTRACTOR,
2169 1477 180 36 BUILDER,

2091 1533 54 20 AND

1978 1562 275 33 UNDERTAKER.

1839 1643 146 28 Contracts
2000 1639 83 29 taken
2095 1639 43 27 for
2152 1635 137 30 Builders'
2310 1635 81 29 'Nork

1959 1682 28 28 of
2000 1690 81 28 every
2096 1677 176 39 description.

1900 1752 198 24 ESTIMATES
2130 1750 195 21 PREPARED.

1872 1816 24 27 A
1911 1810 195 32 well-assorted
2134 1808 87 29 Stock
2243 1808 29 29 of
2293 1806 83 29 Furni-

1834 1860 60 25 ture
1907 1855 101 39 always
2023 1865 34 17 on
2073 1849 83 32 hand.

1871 1896 133 29 Funerals
2015 1891 155 32 conducted
2183 1891 27 28 in
2223 1891 35 28 nil
2274 1894 75 34 parts
2363 1889 30 28 of

1833 1937 46 28 the
1909 1936 121 28 District.
2073 1933 103 28 Hoarse
2206 1930 134 39 provided
2370 1930 22 27 if

1834 1976 135 40 required.

1841 2086 69 58 yy
1922 2085 82 29 ILL
2017 2084 50 29 IA
2081 2083 28 29 M
2223 2083 21 25 A
2257 2079 135 35 LONE,

1918 2237 173 40 General
2128 2234 171 43 Grocer,

1857 2384 321 36 SCOTLA.VD-.S
2189 2383 21 29 T
2225 2383 22 28 It
2264 2382 19 29 B
2299 2382 19 29 B
2330 2380 31 37 T,

1998 2533 222 31 ROXBURGH.

1839 2638 63 27 m
1914 2632 4 37 ■
1992 2638 45 31 T.
2107 2632 282 35 IiOWDKN,

1907 2715 177 25 CARPENTER,
2110 2711 115 26 JOINER,
2253 2709 62 22 AND

2010 2751 207 26 UNDERTAKER,

1832 2808 99 28 Desires
1957 2813 25 21 to
2009 2805 77 27 thank
2112 2803 42 28 the
2185 2801 87 30 Public
2297 2801 24 27 of
2347 2800 42 28 the

1834 2847 104 26 District
1952 2846 38 25 for
2008 2851 55 28 past
2082 2848 111 30 support,
2213 2840 49 26 and
2282 2839 61 34 hejrs
2363 2845 24 19 to

1831 2884 90 27 inform
1952 2883 66 26 them
2055 2885 54 22 that
2140 2881 28 24 lie
2199 2878 43 27 has
2274 2875 113 29 resumed

1834 2922 120 29 Business
1966 2922 26 26 in
2006 2918 151 34 Roxburgh.

1832 3009 135 26 Estimates
1979 3008 73 28 <riven
2065 3006 47 27 and
2127 3004 117 35 IWvldinjj
2255 3003 133 27 Contracts

1935 3059 28 24 of
1979 3057 31 26 all
2032 3056 73 26 kinds
2123 3053 160 27 imitartaken.

1870 3142 75 27 Plans
1959 3142 47 26 and
2027 3140 185 33 Specific'ion*
2228 3137 122 30 nrpnared.

1923 3277 201 30 BOARDING
2154 3276 139 34 HOUSE,

1860 3329 291 31 WHITEIIAVEN-STIiEM
2159 3337 18 27 L',
2200 3327 154 29 LAWIiENCE

1895 3377 145 37 (Opposite
2055 3376 116 36 English
2185 3375 131 35 Church.)

1841 3467 81 22 FIRST
1940 3467 85 21 CLASS
2050 3464 245 23 ACCOMMODATION
2318 3465 55 21 FOR

1917 3495 58 19 THE
1990 3493 184 21 TRAVELLING
2189 3493 112 20 PUtILLC.

1876 3576 78 30 Good
1978 3575 131 38 Stabling
2135 3575 52 28 and
2210 3573 129 31 Paddock

1980 3615 255 31 Accommodation.

1914 3699 167 28 —Charges
2103 3697 199 28 Moderate.—■

1839 3862 189 30 MILLEitS
2093 3862 95 30 FLAT
2246 3861 136 33 HOTEL,

1994 4016 122 22 MILLERS
2142 4015 78 23 FLAT.

1869 4287 31 29 P.
1923 4285 107 29 Laffey

2180 4282 167 39 Proprietor.

1837 4459 195 60 COBB
2103 4459 51 54 &
2218 4459 167 57 CO.'S

1948 4537 170 25 TELEGRAPH
2145 4536 67 22 LINE
2238 4537 36 21 OF

1882 4579 129 30 ROYAL
2033 4577 98 30 .VIAIL
2149 4577 189 59 ROACHES.

2035 4630 147 29 Lawrence

1869 4674 154 27 Beaumont
2147 4669 65 30 Moa
2226 4668 62 30 Flat

1867 4713 99 28 Teviot
2149 4711 157 28 Alexandra

1870 4752 87 39 Clyde
2154 4750 143 30 Cromwell

1869 4794 175 29 Arrowtowu
2153 4791 182 37 Queenstown

2086 4833 63 29 And

1907 4882 57 29 Alll
1985 4881 197 30 Intermediate
2207 4882 105 29 Places.

1868 4962 78 29 Cobb
1960 4962 54 29 and
2039 4961 75 30 Co.'s
2136 4960 153 40 Telegraph
2316 4962 68 28 Line

1830 5003 28 28 of
1872 5002 86 38 Royal
1972 5002 67 29 Mail
2065 5002 119 29 Coaches
2207 5004 76 27 leave
2307 5002 58 28 Law-

1830 5052 79 18 rence
1929 5042 44 28 for
1995 5043 48 27 the
2063 5043 151 27 Beaumont
2234 5043 56 27 and
2310 5042 56 27 Rox-

1830 5081 91 40 burgh
1940 5091 82 30 every
2044 5081 71 39 day;
2135 5082 52 29 and
2210 5082 75 29 leave
2309 5082 57 27 Rox-

1830 5123 91 38 burgh
1954 5122 44 29 for
2029 5122 167 37 Alexandra,
2229 5122 155 36 Cromwell,

1831 5165 180 30 Arrowtown,
2025 5162 54 28 and
2103 5162 181 35 Queenstown
2302 5172 80 26 every

1829 5201 135 41 Tuesday,
1991 5200 144 41 Thursday
2156 5202 55 31 and
2237 5201 146 40 Saturday,

1830 5244 131 37 reaching
1971 5243 183 36 Queenstown
2163 5245 47 28 the
2219 5255 74 17 same
2302 5254 65 18 even-

1829 5283 59 37 ing.
1931 5287 165 34 Passengers
2110 5284 73 28 leave
2203 5284 128 28 Dunedin
2349 5284 35 37 by

1830 5324 46 28 the
1891 5324 62 28 8.15
1968 5334 63 18 a.m.
2056 5324 69 28 train
2138 5334 8 24 ;
2165 5324 76 29 leave
2262 5324 103 37 Queens-

1830 5367 73 26 town
1918 5375 34 18 on
1968 5374 73 19 same
2055 5364 68 38 days
2134 5369 28 24 at
2177 5367 15 27 5
2202 5377 74 23 a.m.,
2290 5365 77 29 reach-

1829 5405 50 37 ing
1891 5404 156 38 Roxburgh
2067 5412 28 21 at
2109 5405 15 28 8
2138 5414 75 27 p.m.,
2228 5405 55 28 and
2297 5405 71 29 arriv-

1830 5445 50 38 ing
1899 5448 28 25 at
1949 5444 148 30 Lawrence
2118 5450 29 23 at
2175 5447 61 28 1.45
2258 5456 66 29 p.m.
2349 5455 34 20 on

1830 5485 143 39 following
1989 5485 76 39 days.

1868 5527 131 29 Dunedin
2021 5526 128 38 Booking
2164 5527 85 30 Office
2262 5527 44 30 for
2320 5527 49 30 Pas-

1832 5578 113 28 sengers
1959 5567 54 30 and
2028 5567 107 30 Parcels
2147 5578 5 18 :
2180 5567 69 30 N.Z.
2264 5569 121 39 Express

1834 5608 75 31 Co.'s
1924 5608 92 34 Office,
2030 5611 201 34 Alanse-street,
2247 5609 139 30 Dunedin.

1870 5649 82 29 Head
1978 5649 100 29 Office:
2112 5647 172 38 Peel-street,
2309 5650 59 28 Law-

1834 5699 81 14 r»pnpp

1969 5729 37 30 H.
2029 5727 116 33 CRAIG
2163 5736 24 21 &
2210 5729 67 37 CO.,

2171 5770 180 38 Proprietors.

2512 177 532 60 EVERYBODY'S
3085 173 378 60 BUSINESS.

2479 280 134 30 AIAPOI
2639 280 269 30 BLANKETS—A.
2920 280 77 38 large
3007 279 79 30 stock
3097 279 60 38 just
3169 275 134 32 received.
3345 275 164 40 Something
3522 280 28 25 to

2514 321 119 39 prolong
2645 332 70 27 your
2727 322 77 38 days,
2818 324 120 26 sweeten
2951 320 47 29 the
3011 324 115 35 temper,
3140 319 123 38 improve
3284 316 47 29 the
3357 316 130 38 appetite,
3507 317 28 28 in-

2421 373 92 19 crease
2522 362 125 38 personal
2661 362 126 34 comfort,
2798 361 55 29 and
2867 361 65 36 defy
2946 360 46 29 the
3006 360 78 29 frost.

2496 402 69 29 New
2579 402 25 28 D
2609 411 56 19 ress
2678 401 123 36 Tweeds,
2816 400 297 36 Flanellettes—wide,
3126 399 98 39 heavy,
3238 399 96 37 cheap.

2495 443 108 30 Ladies'
2616 442 124 36 Jackets,
2756 442 97 39 Capes,
3192 437 204 34 rushafcables/'

2495 483 109 28 Ladies'
2620 483 71 27 Hats
2704 483 29 26 in
2745 483 76 36 plain
2834 483 54 27 and
2901 483 82 36 fancy
2999 483 112 32 Straws,
3133 482 85 32 Felts,
3239 481 85 28 Plush
3345 480 56 27 and
3423 481 123 32 Beaver;

2423 521 110 39 Wings,
2548 521 97 37 Quills,
2658 521 90 36 Tufts,
2764 521 151 39 Aigrettes,
2931 520 127 35 Flowers,
3072 520 126 29 Ribbons
3214 519 39 38 (in
3274 520 72 35 shot,
3359 518 110 39 stripes,
3483 517 61 39 &c.)

2421 563 166 37 —Nothing
2600 561 163 30 miraculous
2776 562 52 29 but
2841 572 66 27 very
2921 561 163 29 wonderful.

2496 604 88 27 Down
2599 606 28 24 to
2641 602 64 28 date
2718 602 85 37 styles
2816 602 28 27 in
2868 601 91 29 Men's
2981 601 80 34 Hats,
3082 600 145 38 including
3247 601 48 28 the
3337 600 115 37 Lounge
3496 599 54 29 and

2425 643 46 31 the
2484 654 62 20 now
2559 642 107 31 famous
2707 641 41 31 Dr

2496 686 25 27 A
2535 684 83 38 good,
2632 689 87 30 great,
2740 683 88 38 grand
2842 682 55 29 and
2917 692 139 29 gorgeous
3082 681 106 36 variety
3213 681 29 27 in
3263 682 100 34 Men's,
3388 682 82 36 Boys,
3496 681 54 28 and

2421 724 119 30 Youths'
2557 724 121 30 Colonial
2693 723 98 29 Tweed
2806 723 85 29 Suits.
2931 722 80 29 Mind
3031 732 64 29 you,
3117 720 214 30 SPECIALLY
3354 721 196 29 SELECTED

2420 766 44 29 for
2478 766 48 29 the
2538 765 123 30 author's
2672 764 146 30 wondrous
2833 763 89 30 trade.

2494 806 117 29 Friends
2625 816 102 18 unseen
2741 805 54 29 and
2806 809 113 34 patrous
2933 804 42 28 far
2991 802 55 30 and
3060 813 66 19 near
3127 801 51 29 —I
3197 802 99 35 watch,
3311 802 87 36 work,
3413 802 55 30 and
3488 803 65 29 wait

2420 847 43 28 for
2474 857 69 29 you.

2840 884 226 69 DIM
3071 882 236 68 ANT

2567 989 101 31 CASH
2691 988 163 35 DRAPER,
2876 987 204 35 CLOTHIER,
3100 985 82 30 *ND
3203 984 208 31 IMPORTER.

2802 1040 70 28 Rosa
2895 1040 96 34 Place,
3013 1039 163 28 Lawrence.

2940 1234 142 29 TAILOR
3111 1233 83 29 AND
3223 1232 164 30 HATTER.

2773 1317 25 53 J
2814 1316 41 22 AM
2869 1314 158 27 acknowledged
3042 1316 23 20 to
3078 1314 25 21 be
3116 1313 74 22 second
3203 1315 22 20 to
3238 1321 53 14 Done
3305 1313 32 22 for

2813 1376 137 28 STYLE!

2958 1414 192 39 QUALITY!

3129 1455 314 29 WORKMANSHIP!

2947 1578 156 21 RESIDENTS
3129 1578 37 20 OF
3192 1577 187 21 ROXBURGH-

2771 1606 80 28 Kindly
2861 1613 68 14 remen
2938 1606 35 21 her
2988 1606 46 21 that
3043 1606 67 25 owing
3123 1608 21 17 to
3155 1611 33 21 my
3198 1605 98 21 immense
3305 1606 130 26 assortment,
3446 1605 35 21 the
3491 1605 60 22 Show

2820 1636 19 21 iu
2851 1636 35 21 the
2898 1635 103 21 Windows
3012 1635 16 20 is
3038 1634 49 26 only
3096 1641 11 12 a
3117 1641 48 18 very
3175 1633 59 20 small
3245 1637 46 22 part
3296 1632 21 21 of
3328 1641 33 18 my
3371 1634 128 21 Exhibition.

2821 1703 111 26 Intending
2941 1702 118 22 Customers
3070 1702 40 21 will
3121 1702 41 21 find
3171 1701 45 21 that
3227 1702 9 21 I
3246 1702 52 21 have
3310 1701 59 22 mad*
3376 1701 35 22 the
3418 1701 64 22 inside
3488 1701 21 22 of
3516 1709 34 19 my

2769 1731 160 21 Establishment
2948 1730 106 26 especially
3074 1733 66 17 attrac
3151 1730 40 26 ive,
3208 1730 40 20 and
3267 1728 101 22 earnestly
3384 1730 64 20 invite
3465 1736 41 20 you
3528 1731 22 19 to

2769 1763 84 16 Mxunter
2867 1757 90 26 through
2975 1759 34 18 the
3029 1758 80 19 various
3127 1757 145 25 Departments
3287 1757 40 20 and
3342 1757 82 25 Inspect
3434 1756 36 22 the
3479 1757 72 20 Latest

2771 1785 104 22 Fashions.

2807 1854 185 30 OPPOSITE
3014 1853 108 30 BANK
3145 1853 47 30 OF
3213 1853 90 29 NEW
3322 1852 191 38 ZEALAND,

3094 1895 161 28 Lawrence.

2483 2098 36 30 ft:
2529 2113 40 15 M
2638 2108 37 19 Mai

2596 2168 75 30 BEG
2698 2167 49 29 TO
2771 2166 217 31 ANNOUNCE
3011 2165 104 29 THAT
3140 2165 104 29 THEY
3270 2165 108 28 HAVE

2450 2243 450 60 PURCHASED
2936 2241 153 57 THE
3121 2239 401 58 GOODWILL

2717 2353 71 20 —OF
2813 2352 52 20 THE
2891 2340 192 32 BUSINESS
3109 2349 33 21 OP
3166 2349 52 20 THE
3220 2357 36 6 —

2455 2528 140 40 Together
2609 2526 67 30 with
2689 2526 73 30 their
2786 2523 226 36 BGILDINGS,
3032 2521 89 31 which
3134 2521 54 30 will
3201 2521 161 32 henceforth
3375 2534 37 29 go
3425 2523 89 31 under

2896 2566 48 28 the
2958 2575 79 18 name
3051 2564 30 29 of

2423 2645 658 94 DALGETY'S
3119 2645 427 88 STORE.

2494 2857 86 30 These
2603 2856 97 29 Stores
2722 2865 47 18 are
2793 2858 131 34 amongst
2943 2854 49 29 the
3015 2853 118 38 Largest
3153 2852 55 29 and
3228 2851 220 41 Best-equipped
3461 2853 29 30 in
3502 2854 48 29 the

2418 2899 115 38 Colony,
2547 2897 54 30 and
2625 2907 52 19 our
2698 2894 108 31 friends
2828 2906 63 28 may
2914 2894 139 30 therefore
3075 2892 58 39 rely
3154 2902 75 30 upon
3251 2892 72 30 their
3343 2894 207 40 consignments

2418 2940 85 39 being
2515 2940 95 29 shown
2626 2942 28 25 to
2670 2936 48 31 the
2733 2937 62 29 best
2807 2935 159 39 advantage
2979 2934 79 30 when
3072 2933 120 41 exposed
3205 2933 45 30 for
3262 2933 64 32 sale.

2418 3088 125 30 Auction
2560 3087 79 29 Sales
2654 3086 31 29 of
2698 3083 182 40 Sheepskins,
2894 3083 193 35 Kabbitskins,
3102 3082 97 38 Hides,
3213 3083 113 36 Tallow,
3338 3083 60 37 &c.,
3410 3085 119 39 weekHy.

2647 3233 75 29 Send
2749 3233 45 29 for
2818 3243 50 19 our
2896 3231 105 30 Advice
3021 3231 87 29 Notes
3135 3231 53 30 and
3213 3231 110 30 Labels.

2863 3713 221 54 TOWDER

2679 3843 38 30 IS
2741 3842 217 31 ANNUALLY
2985 3840 101 31 USED
3113 3836 107 32 UPON
3249 3835 23 30 A

2414 3923 351 65 QUARTER
2780 3937 107 23 0PTHE
2901 3918 239 59 SHEEP
3156 3931 103 24 INTHE
3284 3910 253 58 WORLD

2449 4040 61 30 ITS
2530 4039 236 29 BENEFICIAL
2787 4035 168 32 EFFECTS
2974 4033 80 30 AND
3074 4031 166 30 LASTING
3263 4023 236 35 PROPERTIES

2816 4089 128 31 ALONE
2971 4086 111 29 MAKE
3108 4085 39 29 IT

2416 4152 152 57 THE
2607 4148 397 61 CHEAPEST
3037 4144 95 59 OF
3169 4142 146 60 ALL
3353 4138 185 57 DIPS.

2687 4263 72 20 FROM

2903 4289 103 31 JOHN
3031 4285 220 37 THOMPSON,
3275 4285 160 32 Lawrence,

2826 4344 63 28 And
2912 4343 71 28 from
3006 4341 34 28 all
3065 4339 87 29 Stock
3173 4339 55 28 and
3253 4337 108 30 Station
3385 4336 118 36 Agents.

2462 4423 175 47 Murray,
2666 4423 174 36 Roberts
2872 4420 79 38 and
2983 4418 89 43 Co.,
3105 4423 81 29 Chief
3212 4423 108 35 Agents
3341 4419 44 28 for
3409 4418 99 33 Otago.

2531 5131 158 56 NEW
2743 5133 251 52 II.APID
3041 5130 389 56 BICYCLES.

2418 5234 61 58 ST.
2493 5231 115 24 GEORGE
2623 5229 205 24 ENGINEERING
2841 5230 50 27 CO.,
2907 5230 101 28 Limited,
3023 5238 33 14 are
3067 5230 34 21 the
3113 5230 79 22 Makers
3201 5229 22 22 of
3233 5229 34 22 the
3276 5229 48 27 only
3337 5230 79 27 Bicycle
3426 5232 112 26 possessing

2480 5262 21 20 in
2511 5261 69 26 happy
2588 5259 138 21 combination
2739 5260 34 19 the
2783 5259 113 25 perfection
2907 5259 21 18 of
2934 5259 121 26 thosequili
3066 5260 27 19 ies
3101 5266 18 13 m
3128 5263 25 15 >st
3159 5258 84 20 coveted
3251 5258 25 25 by
3284 5258 132 25 experienced
3427 5260 88 25 Cyclists

2587 5291 197 29 STABILLL'Y
2805 5291 5 28 !
2889 5291 143 28 SPEED!
3113 5290 242 30 DURABILITY
3371 5290 4 30 !

2464 5334 49 22 This
2522 5333 42 21 fact
2572 5332 37 21 has
2619 5331 80 22 become
2708 5331 103 25 generally
2821 5330 115 27 recognised
2947 5331 20 20 in
2977 5331 104 27 Tuapeka,
3094 5331 39 21 and
3145 5332 19 19 in
3175 5336 137 21 consequenc;
3329 5330 9 20 I
3353 5337 32 14 am
3401 5331 54 26 daily
3465 5332 72 25 s-eliin?

2414 5364 57 21 thesi
2482 5361 103 22 Machines
2596 5364 21 16 to
2628 5359 86 27 Cyclists
2725 5359 43 20 who
2779 5359 50 20 have
2840 5359 49 20 be«n
2899 5358 143 27 disappointed
3053 5360 25 22 by
3089 5359 61 20 other
3160 5359 75 24 makes,
3248 5357 39 22 and
3299 5357 44 21 who
3352 5366 34 13 are
3392 5359 53 25 glad,
3456 5359 83 28 iudeed,

2414 5392 31 20 for
2455 5397 32 14 me
2498 5394 20 15 to
2529 5388 57 21 make
2596 5388 57 19 them
2660 5394 25 13 an
2695 5387 109 19 allowance
2814 5386 30 20 for
2856 5387 54 19 their
2921 5387 104 20 discarded
3037 5390 84 16 mounts

2414 5430 55 36 As
2482 5428 92 36 Part
2586 5423 298 48 Paymentfora
2898 5423 376 45 Machinetheycan
3289 5423 168 45 Depend
3472 5435 66 26 on.

2469 5515 65 23 Those
2545 5514 44 21 wh#
2598 5520 34 14 are
2643 5515 35 19 not
2691 5512 20 22 in
2721 5519 11 13 a
2742 5511 86 27 pisitioa
2840 5512 21 19 to
2872 5510 98 27 purchase
2980 5517 38 14 one
3028 5510 21 21 of
3058 5510 57 22 these
3126 5510 52 22 ideal
3188 5510 68 22 steeds
3265 5517 37 14 can
3311 5509 70 22 obf.air>
3394 5510 52 22 from
3460 5519 31 14 n.e

2536 5543 69 30 New
2626 5551 55 20 and
2707 5542 198 28 Sejond-hand
2933 5540 130 29 Bicycles
3086 5538 29 30 of
3138 5549 82 25 every
3242 5538 179 38 description.

2633 5595 687 90 CHARLES~STOKES,

2573 5700 214 34 MERCHANT
2819 5698 152 36 TAILOR,
2997 5699 71 29 Eoss
3099 5697 98 37 Place,
3222 5697 161 31 Lawrence.

2822 5751 95 39 Agent
2941 5750 45 31 for
3009 5749 141 41 Tuapeka.

2468 5799 124 26 Catalogues
2606 5804 26 15 on
2646 5794 141 29 Application.
2952 5804 7 5 -
3059 5790 74 25 -When
3144 5790 100 30 Ordering
3256 5792 94 23 Mention
3365 5792 41 23 this
3419 5794 73 28 Paper.

3582 209 257 44 Speargrass
3873 205 91 38 Flat
4002 201 134 44 Hotel*

3681 270 102 29 BALD
3807 269 92 29 HILL
3925 267 109 30 FLAT.

3578 353 91 21 JAMES
3681 350 153 23 FALCONER

3579 420 99 30 ''PHE
3691 420 87 29 above
3793 419 85 29 Hotel
3891 417 56 30 will
3961 417 35 29 be
4010 416 88 29 found
4118 425 17 18 a

3661 466 73 25 most
3760 460 181 30 comfortable
3971 458 54 29 aud
4057 456 61 31 well-

3578 501 150 40 appointed
3741 501 95 27 House
3852 500 36 35 by
3912 498 152 28 Travellers
4078 496 56 28 and

3580 543 46 29 the
3639 541 92 40 public
3746 539 150 40 generally.
3937 537 118 30 Patrons
4069 546 65 28 may

3580 584 56 37 rely
3650 593 35 18 oil
3699 592 82 26 every
3800 580 135 32 attention
3951 579 84 37 being
4048 577 85 39 given

3580 627 27 25 to
3617 623 72 28 their
3702 622 127 28 comfort.

3579 697 45 28 An
3638 697 158 28 Excellent
3809 694 89 28 Table
3911 694 118 28 Always
4044 692 89 28 Kept.

3643 769 71 40 Only
3732 769 45 29 the
3792 769 66 28 Best
3871 768 117 39 Liquors
4002 765 78 40 Kept

3786 810 29 29 in
3829 809 96 29 Stock.

3588 864 158 32 First-class
3760 864 137 37 Stabling,
3912 863 65 29 with
3995 862 99 30 Groom
4109 861 29 29 in

3775 904 174 29 attendance.

3583 994 280 56 RAILWAY
3939 993 197 35 HOTEL,

3674 1063 67 20 ROSS
3760 1062 97 24 PLACE,
3880 1061 167 21 LAWRENCE.

3582 1130 109 37 John
3720 1129 149 45 Laffey*
3901 1127 235 47 Proprietor

3659 1189 79 36 (Late
3751 1188 29 28 of
3793 1188 144 28 Havelock
3951 1187 106 36 Hotel.)

3619 1268 19 29 J
3650 1268 30 29 L.
3695 1268 70 38 begs
3785 1271 29 25 to
3827 1266 126 29 intimate
3965 1266 61 28 that
4038 1266 35 29 he
4085 1266 51 28 has

3582 1308 153 40 purchased
3767 1308 47 28 the
3846 1308 87 28 above
3958 1306 178 30 well-known

3584 1350 140 36 Hostelry,
3733 1349 54 28 and
3803 1349 93 37 hopes,
3905 1348 37 37 by
3952 1348 79 28 strict
4044 1352 76 24 atten-

3584 1390 57 28 tion
3655 1394 28 24 to
3696 1389 47 28 the
3753 1388 116 29 comfort
3879 1388 28 28 of
3920 1387 151 29 Travellers
4080 1387 55 29 aud

3584 1430 47 29 the
3643 1430 93 38 public
3749 1428 150 39 generally,
3913 1432 28 26 to
3956 1433 72 24 meet
4042 1428 65 29 with
4120 1434 16 23 a

3582 1470 53 28 fair
3648 1470 79 28 share
3740 1470 28 28 of
3781 1475 161 32 patronage.

3619 1510 58 29 The
3701 1510 59 29 Kail
3765 1519 57 29 way
3845 1509 23 29 is
3890 1519 52 19 one
3956 1508 29 29 of
3998 1508 47 29 the
4058 1508 61 30 best-

3580 1552 149 38 appointed
3741 1550 99 30 Hotels
3848 1550 107 29 outside
3963 1550 30 29 of
4004 1550 130 29 Dunedin

3581 1592 97 29 Under
3690 1591 87 30 J.L.'s
3791 1593 202 37 management,
4003 1590 46 28 the
4059 1600 55 18 com-

3567 1626 1 45 |
3580 1633 56 29 fort
3648 1633 30 28 of
3686 1639 112 32 patrons
3808 1632 53 28 will
3872 1632 34 29 be
3918 1631 77 29 made
4005 1642 16 17 a
4031 1630 102 39 special

3580 1674 114 34 feature,
3707 1673 54 28 and
3775 1683 35 18 no
3823 1672 82 29 effort
3916 1671 52 30 will
3985 1672 33 27 be
4031 1671 101 39 spared

3580 1720 27 23 to
3621 1714 64 39 give
3697 1723 84 28 every
3794 1712 180 30 satisfaction.

3580 1786 58 29 The
3650 1786 62 29 best
3726 1786 102 28 brauds
3841 1786 30 28 of
3893 1785 103 36 Wines,
4021 1784 118 39 Spirits),

3615 1827 55 29 and
3685 1827 66 29 Ales
3763 1827 102 38 always
3884 1826 68 40 kept
3964 1826 29 28 in
4006 1825 88 30 stock.

3567 1880 1 18 I
3879 1880 18 4 ~~

3580 1902 128 38 Simpson
3721 1901 55 29 aud
3791 1900 96 29 Hart's
3901 1900 66 29 Ales
3981 1900 100 39 always
4095 1910 42 18 on-

3826 1941 68 38 Tap.

3580 2014 156 30 First-class
3748 2014 129 39 Stabling
3891 2012 243 30 Accommodation

3584 2079 282 55 jyXASOHIC
3910 2075 224 42 HOTEU

3674 2140 67 21 ROSS
3754 2138 97 26 PLACE,
3866 2138 167 21 LAWRENCE.

3577 2207 34 29 R.
3632 2207 112 29 WEBB
3949 2206 180 29 Proprietor.

3614 2287 57 29 The
3727 2287 121 28 Masonic
3904 2286 101 29 affords
4026 2286 36 28 all
4082 2286 48 29 the

3577 2328 130 27 comforts
3720 2328 29 27 of
3761 2338 16 17 a
3790 2327 89 35 home,
3890 2326 54 29 and
3958 2326 23 28 is
3995 2326 132 38 provided

3577 2368 66 28 with
3657 2368 47 29 the
3725 2378 66 28 very
3811 2368 60 29 best
3885 2366 245 30 Accommodation

3567 2407 1 41 ,
3576 2409 44 28 for
3645 2408 160 29 Travellers.
3844 2408 158 29 First-class
4034 2407 95 30 Table.

3577 2448 67 29 Best
3663 2448 97 29 Wines
3781 2448 55 29 and
3857 2448 101 39 Spirits
3979 2447 102 39 always
4099 2448 35 27 in

3576 2487 90 31 stock.

3697 2556 133 22 CHARGES
3848 2555 166 23 MODERATE..

3612 2611 59 29 The
3695 2611 158 39 Proprietor
3877 2611 101 30 wishes
4002 2614 29 27 to
4053 2611 81 35 fUaw

3578 2650 108 40 Special
3709 2652 136 29 attention
3869 2655 30 26 to
3925 2652 47 29 the
3998 2651 133 39 Stabling

3577 2692 245 30 Accommodation
3840 2691 143 40 provided,
3996 2692 91 30 which
4104 2692 28 29 ia

3577 2733 153 34 unlimited,
3743 2733 55 29 and
3810 2733 29 29 of
3851 2734 48 28 the
3911 2733 63 29 best
3986 2733 78 29 kind.

3580 2796 293 59 yiCTOKIA
3948 2796 63 32 HO
4024 2796 23 30 T
4059 2799 24 29 ifi
4095 2797 23 30 L
4122 2818 12 16 r

3666 2864 69 22 PEEL
3748 2865 111 26 STREET,
3873 2865 170 22 LAWRENCE.

3601 2958 170 36 Ronald
3800 2956 97 36 Mon
3922 2963 184 38 gomery.

3767 3013 179 30 Proprietor.

3576 3107 59 29 One
3657 3107 30 28 of
3707 3107 47 28 the
3775 3110 70 25 most
3870 3106 181 29 comfortable
4071 3107 58 29 and

3601 3147 229 28 best-conducted
3843 3146 154 29 Hostelries
4008 3158 34 17 on
4054 3148 47 28 the

3723 3189 89 34 Otag.o
3826 3187 160 28 Goldtields.

3674 3278 57 20 HOT
3753 3277 61 21 AND
3834 3277 74 21 COLD
3927 3277 99 22 BATHS.

3599 3346 110 30 Sample
3728 3346 96 29 Rooms
3844 3355 51 20 for
3913 3345 183 33 Travellers.

3570 3427 167 39 Passengers
3745 3427 86 28 called
3841 3427 42 29 for
3892 3427 45 29 the
3946 3429 75 38 early
4029 3429 96 33 Train,,

3575 3575 59 59 D.
3680 3574 62 60 M

3775 3572 167 26 ITCH
3977 3573 18 25 E
4028 3573 19 26 L
4078 3574 21 24 L

3626 3719 69 25 TUK
3741 3718 158 26 POPULAR
3934 3718 120 31 HOUSE,

3747 3780 197 25 LAWRENCE.

3582 3864 9 16 s
3605 3862 50 16 uovw
3673 3853 102 32 opening
3795 3860 30 23 up
3845 3851 38 25 hk
3906 3851 62 24 First
3991 3852 129 31 Shipment

3584 3900 24 23 of
3625 3898 142 25 SUUvlEtt
3784 3896 168 29 DItIPKLIY,
3969 3896 136 26 consisting

3584 3944 23 23 of
3616 3945 28 21 dh
3658 3945 39 22 thrf
3706 3944 68 22 latest
3786 3940 117 26 no7eluei
3912 3942 35 23 for
3959 3945 37 20 toe
4007 3941 94 31 coming
4118 3940 2 32 ■

3652 3991 90 16 S'-aam,
3762 3980 47 25 and
3824 3988 76 24 prces
3914 3985 22 18 to
3955 3984 87 19 iuatcb<

3690 4022 92 23 Miiline
3798 4028 12 22 y
3826 4029 14 15 a
3864 4019 136 31 Speciality.

3767 4162 76 25 Via«ls
3878 4162 90 25 Miller#
3995 4161 43 26 Fla
4088 4162 30 25 ni

3576 4213 10 14 r
3595 4204 106 30 oxbutgb
3715 4209 72 24 every
3803 4210 35 17 six
3857 4204 85 23 weeks.

3712 4374 321 66 SEEDSMEN

3603 4544 129 23 royal
3982 4535 4 43 >
3995 4535 165 26 h£rMajesty

3575 4571 4 39 j
3587 4580 159 21 warrant
4005 4578 50 19 the
4064 4571 93 30 Queen.

3575 4610 4 35 :
3589 4619 37 26 AND
3631 4618 26 27 BY
3668 4617 89 28 SPECIAL
3761 4617 95 28 WARRAKT
3862 4617 22 28 TO
3889 4611 187 34 H.R.H.THEPRiNCEOF
4080 4610 84 33 WALES.

3621 4933 13 18 v
3638 4928 43 27 «v.*
3683 4928 4 27 ■
3714 4928 3 27 •
3725 4928 3 27 •

3621 4956 27 18 \-y
3656 4956 23 18 v,
3711 4955 5 14 t
3810 4958 5 5 '
3856 4956 38 18 ,c>

4095 5172 44 26 m

3958 5200 49 21 5»5w

4082 5395 26 19 m

3727 5407 34 13 >-*>

3953 5496 29 23 ci

3967 5511 35 68 I

3596 5661 174 38 TOTHILL,
3791 5664 173 39 WATSON,
3985 5666 23 28 &
4030 5665 67 38 CO.,

3671 5737 150 27 Eskstreet-
3834 5740 127 32 Invercarg
3972 5741 26 31 11,

3576 5783 27 24 Sa
3613 5792 13 17 e
3718 5794 8 16 i
3744 5786 33 26 fjf
3890 5798 25 17 tn
3925 5790 9 25 1
3955 5798 22 16 >j
3988 5790 41 25 it'V
