4240 5910
114 221 111 35 portion
251 221 30 29 of
300 231 16 19 a
329 223 82 34 grant
432 219 23 30 is
482 216 129 41 acquired
637 218 28 25 at

116 262 155 38 Roxburgh
405 259 114 31 another
556 255 106 41 portion

115 303 124 29 relevant
252 310 27 20 to
293 303 47 29 ilie
354 311 73 19 same
440 301 23 28 is
488 298 109 40 applied
622 297 43 28 for

115 348 29 24 at
164 343 136 36 Waikaia,
314 344 53 27 and
381 343 89 34 rights
496 338 116 38 granted
635 337 27 28 in

115 394 52 18 one
188 388 77 24 court
279 393 45 17 are
336 381 123 38 brought
484 384 28 23 to
524 378 47 28 the
586 376 78 28 other

114 424 45 28 for
192 423 188 34 cancellation,
418 419 57 31 and
501 430 54 19 vu-r
578 427 85 20 vprsn.

113 465 66 29 This
194 466 27 28 r.f
234 475 104 24 course,
353 475 93 17 causes
460 473 16 17 a
499 466 78 31 great
603 457 59 30 deal

114 506 28 24 (f
174 513 167 26 annoyance,
368 501 130 29 enforced
533 499 113 36 adjourn-

114 550 100 31 ments,
223 554 180 27 unnecessary
410 541 102 34 delays,
524 537 136 31 increased

114 598 144 26 expenses,
273 586 52 27 and
338 597 14 15 n
366 585 61 27 host
441 583 28 27 of
483 583 88 26 minor
595 579 67 28 evils

113 627 37 26 (id
164 626 46 28 lib.
257 626 57 26 lihis
340 625 22 26 is
383 626 48 25 not
442 633 28 16 as
481 622 22 28 it
511 619 97 29 should
619 619 42 26 he.

114 667 57 29 The
184 667 134 38 integrity
338 666 29 28 of
395 676 15 17 a
434 663 106 36 mining
554 659 108 30 district

112 717 51 17 can
190 717 84 18 never
300 699 69 44 impe
382 709 28 23 to
424 704 34 28 be
482 699 177 36 successfully

113 747 140 29 sustained
291 746 87 28 where
411 744 47 29 the
488 739 170 43 jurisdiction

113 788 23 28 is
162 799 29 17 so
205 787 116 36 lavishly
345 784 125 39 disposed
496 783 60 27 that
590 781 21 27 it
637 790 23 17 is

112 838 145 21 necessary
282 831 28 25 to
323 827 70 28 have
417 829 53 25 two
484 821 135 30 Wardens
632 823 28 24 to

112 873 29 25 to
166 869 128 39 dispense
315 869 31 28 it.
378 867 64 29 And
467 874 61 19 now
547 861 114 30 another

112 910 76 38 point
200 920 78 27 crops
290 918 45 28 up,
345 908 122 28 whether
474 905 23 27 is
507 900 151 36 Roxburgh

112 962 31 16 or
157 949 126 29 Waikaia
296 950 46 27 the
357 951 70 25 most
441 942 162 32 convenient,
615 941 42 27 for

112 991 47 28 the
187 990 135 29 residents
347 988 29 29 of
389 988 46 28 the
474 985 22 26 \\
508 981 152 30 hitecombe

113 1036 28 23 to
180 1031 68 27 have
298 1030 71 27 their
418 1025 71 38 legal
535 1021 124 29 business

113 1070 165 29 transacted.
319 1070 26 27 It
369 1077 63 28 may
458 1066 34 26 be
517 1061 58 29 said
599 1059 59 28 that

113 1111 154 35 Roxburgh
305 1110 22 28 is
350 1110 45 28 the
421 1115 77 20 mere
522 1101 134 39 adjacent.

114 1153 81 33 True,
220 1153 50 26 but
293 1152 64 27 then
373 1150 21 26 it
406 1159 22 17 is
442 1146 74 38 quite
540 1143 103 26 inacces-

114 1192 69 29 sible
218 1190 101 38 during
357 1189 46 28 the
448 1186 65 33 long
564 1180 95 27 winter

114 1232 110 30 months
245 1232 61 28 that
331 1227 101 41 prevail
446 1235 33 21 on
494 1224 75 28 those
590 1219 66 39 high

114 1273 137 34 altitudes,
371 1270 139 28 intervene
535 1264 121 27 between

114 1315 47 26 the
175 1319 53 22 two
251 1313 89 36 places
351 1322 7 22 ;
372 1307 78 29 while
463 1315 35 18 on
512 1304 46 27 the
580 1300 78 29 other

114 1354 57 29 side
185 1353 46 28 the
244 1352 65 28 road
334 1355 28 23 to
376 1345 125 31 Waikaia
512 1344 23 28 is
558 1341 98 35 always

114 1404 69 28 open
209 1402 66 19 even
294 1392 27 27 in
343 1398 91 20 severe
457 1389 119 29 winters,
602 1379 53 30 and

112 1433 133 38 although
267 1432 46 28 the
336 1430 121 29 distance
476 1426 23 28 is
526 1433 73 20 some
623 1421 33 28 26

114 1474 85 33 miles,
213 1482 75 18 some
305 1472 31 27 16
355 1469 28 29 of
409 1468 74 28 them
508 1463 148 30 constitute

113 1526 15 15 a
136 1513 124 39 splendid
270 1512 74 31 road,
355 1510 47 28 the
411 1505 153 31 remainder
573 1501 83 38 being

112 1552 125 28 enclosed
249 1552 25 26 in
286 1551 46 27 the
341 1547 140 30 extensive
491 1544 71 29 bush
571 1543 29 28 of
610 1541 46 28 the

110 1593 98 37 Upper
255 1588 134 30 Waikaia.
442 1585 91 38 Again
579 1581 77 29 those

110 1632 100 38 Alpine
234 1630 135 29 residents
388 1628 69 28 have
482 1624 82 36 lately
587 1623 69 27 been

108 1672 187 38 approaching
314 1670 47 28 the
380 1664 152 33 Southland
547 1663 108 37 County

110 1712 113 28 Council
248 1722 34 17 on
308 1711 47 27 the
381 1712 100 24 matter
494 1705 29 29 of
542 1703 114 36 making

108 1752 47 29 the
180 1751 71 30 bush
275 1750 67 30 road
368 1746 117 32 suitable
505 1745 43 29 for
570 1741 85 31 wheel

107 1794 97 35 traffic,
241 1792 54 29 and
320 1789 122 39 through
466 1798 50 18 our
545 1785 110 36 County

108 1835 123 28 member
253 1844 15 17 a
293 1835 82 36 grant
401 1832 41 28 for
463 1829 63 29 that
538 1835 118 30 purpose

107 1875 50 28 has
170 1875 70 28 been
253 1873 86 30 askod
361 1872 71 29 from
459 1869 196 29 Government.

110 1917 28 28 If
169 1917 54 28 this
249 1917 23 28 is
298 1915 92 37 given,
421 1912 54 30 and
507 1910 47 28 the
580 1908 75 29 work

109 1957 104 30 carried
227 1961 57 31 out,
298 1957 47 28 the
358 1954 77 29 trade
449 1952 29 29 of
500 1951 47 28 the
560 1949 98 38 Upper

110 1997 127 31 Waikaia
246 2002 74 26 must
330 1994 131 40 certainly
470 2002 77 21 come
556 1990 85 30 South-

110 2042 64 27 land
200 2051 68 27 way.
319 2038 157 33 Therefore,
503 2034 35 28 all
564 2033 94 37 things

110 2081 170 35 considered,
312 2079 14 29 I
358 2077 82 30 think
471 2075 48 28 the
551 2073 107 37 mining

111 2122 126 29 business
263 2121 31 29 of
317 2120 47 30 the
389 2114 204 35 Whitecombe,
629 2123 30 18 as

111 2162 120 39 relating
267 2166 28 24 to
321 2161 47 27 the
393 2155 147 31 Warden's
564 2154 94 33 Court,

112 2202 97 28 should
232 2202 35 29 be
277 2198 165 37 exclusively
465 2195 73 29 dealt
551 2194 66 28 with
630 2197 29 24 at

111 2242 136 31 Waikaia.
312 2242 143 33 However,
489 2237 15 29 I
549 2237 110 37 suspect

111 2285 93 28 others
226 2284 53 28 will
305 2284 69 27 have
400 2279 125 40 opinions
538 2281 30 24 to
581 2277 76 33 offer,

111 2324 54 29 and
180 2325 14 28 I
220 2323 97 29 should
342 2322 56 29 like
420 2325 29 24 to
470 2328 44 19 see
540 2327 15 18 a
588 2315 71 29 little

112 2368 177 33 controversy
314 2362 69 28 arise
409 2371 34 18 on
470 2358 45 28 the
542 2355 116 39 subject,

112 2416 28 18 as
166 2405 22 29 it
213 2416 62 27 may
300 2404 34 28 be
348 2402 47 30 the
408 2409 93 21 means
515 2397 29 30 of
557 2396 103 38 having

113 2447 46 28 the
186 2451 100 23 matter
311 2444 121 35 brought
458 2446 28 23 to
506 2451 16 17 a
548 2438 111 29 definite

112 2487 82 30 issue,
214 2487 53 28 and
295 2485 116 36 thereby
425 2491 80 19 cause
518 2480 34 28 all
567 2479 92 28 future

112 2528 108 28 trouble
233 2531 28 24 to
274 2526 34 28 be
322 2524 112 38 happily
454 2521 122 29 averted.

149 2572 31 24 Jn
196 2571 107 35 respect
317 2566 28 28 of
355 2565 47 29 the
416 2566 81 33 grant
510 2560 85 30 asked
622 2559 36 29 bv

110 2609 47 28 the
185 2608 109 37 County
318 2606 110 30 Council
444 2604 68 29 from
537 2602 105 29 Govern-

110 2653 76 23 ment
197 2649 45 27 for
253 2647 184 29 construction
453 2644 28 28 of
499 2643 71 27 bush
593 2640 64 29 road

112 2688 111 38 leading
247 2691 28 25 to
301 2685 202 34 Whitecombe,
526 2683 14 28 I
554 2692 45 18 see
613 2681 45 28 the

110 2728 88 29 initial
212 2732 74 34 steps
300 2728 68 28 have
378 2725 109 34 already
497 2725 67 27 been
575 2721 81 29 taken

110 2771 28 27 in
165 2769 46 28 the
234 2772 109 25 matter.
383 2766 42 30 On
453 2766 47 28 the
526 2764 48 30 B'h
593 2763 64 27 inst.

113 2811 44 28 Mr
167 2810 72 29 John
255 2809 102 37 Hayes,
371 2808 130 30 assistant
520 2807 140 32 inspector

110 2851 30 28 of
168 2850 99 35 Mines,
293 2850 26 27 in
347 2858 134 28 company
518 2846 67 28 with
611 2855 49 18 our

112 2891 109 37 County
232 2890 123 28 member
363 2890 45 27 Mr
416 2888 72 28 John
498 2888 162 28 Robertson,

112 2931 61 36 paid
184 2942 15 16 a
209 2930 63 28 visit
285 2930 28 27 of
322 2929 152 38 inspection
484 2931 28 25 to
523 2927 47 28 the
580 2926 80 28 bush.

112 2972 45 30 Mr
171 2971 103 39 Hayes,
285 2970 43 30 for
340 2970 47 29 the
402 2968 196 36 Government,
606 2966 54 30 will

111 3013 109 29 furnish
234 3023 15 18 a
259 3017 93 33 report
366 3021 34 18 on
414 3010 47 29 the
484 3013 108 31 matter,
615 3009 47 27 the

112 3053 87 28 result
230 3052 29 28 of
295 3051 89 28 which
410 3050 55 28 will
491 3050 35 27 be
552 3048 109 38 eagerly

110 3092 98 30 looked
221 3091 52 30 for.

266 3184 237 44 Commercial.

147 3276 120 37 Dalgety
281 3273 54 29 and
357 3273 48 29 Co.
422 3271 86 38 (Ltd.)
526 3274 94 35 report
632 3281 29 17 as

110 3316 122 29 follows:

147 3354 262 41 SheepskinsWe
428 3352 104 30 offered
554 3363 17 18 a
582 3352 78 38 large

110 3398 143 37 catalogue
263 3399 29 25 at
305 3396 48 28 the
380 3393 138 30 Chamber
537 3392 29 28 of
582 3392 60 29 Com-

111 3448 90 19 merce
227 3448 34 17 on
285 3434 135 38 Tuesday.
461 3433 87 28 There
568 3443 54 17 was
648 3443 15 17 a

112 3478 71 40 good
216 3476 164 29 attendance
412 3474 29 30 of
465 3474 102 38 buyers
609 3472 54 29 and

111 3518 178 38 competition
303 3527 54 17 was
371 3515 72 37 good
456 3514 44 29 for
513 3514 47 28 the
571 3514 92 28 better

112 3559 99 30 classes
260 3558 28 29 of
337 3557 86 29 skins.
491 3554 171 29 Well-saved

111 3599 116 30 woolled
261 3598 77 28 skins
363 3596 111 29 showed
500 3605 15 17 a
547 3594 115 29 decided

110 3641 202 36 improvement
337 3638 27 27 in
390 3637 99 37 prices,
514 3634 50 28 but
587 3635 76 27 short

110 3679 114 30 inferior
237 3681 71 26 sorts
328 3687 69 18 were
411 3676 80 38 again
506 3674 156 38 neglected.

112 3722 66 27 Best
204 3719 83 37 lately
313 3718 176 34 slaughtered
516 3716 144 27 crossbred

112 3761 77 26 skins
214 3758 123 35 brought
362 3758 70 27 from
455 3756 36 28 4d
504 3757 29 25 to
547 3755 53 34 4|d
615 3765 48 27 per

111 3800 39 36 lb,
162 3800 104 29 merino
280 3798 53 37 3|d
345 3801 28 25 to
388 3796 37 30 4d
447 3806 49 29 per
506 3794 37 36 lb,
557 3796 107 29 shorter

111 3841 113 28 woolled
306 3844 27 23 to
347 3839 43 34 3^.

150 3879 183 30 Rabbitskins
335 3877 124 29 There
475 3888 53 19 was
554 3876 79 39 again
649 3887 15 17 a

114 3921 71 38 good
201 3920 116 29 demand
333 3919 42 28 for
388 3918 35 28 all
438 3919 100 28 classes
548 3919 30 27 of
588 3918 77 27 skins

113 3966 28 24 at
167 3972 50 18 our
242 3960 55 29 sale
323 3970 34 18 on
384 3959 130 38 Monday.
554 3959 111 27 Winter

113 4002 54 29 and
202 4005 114 24 autumn
352 3999 77 29 skins
465 4010 70 18 were
566 3998 99 38 keenly

113 4042 145 38 competed
294 4041 44 28 for
364 4040 54 28 and
443 4041 123 37 brought
592 4039 71 37 good

113 4086 81 24 rates.
251 4081 66 28 Best
361 4080 140 37 incoming
554 4080 111 27 winters

113 4123 123 38 brought
255 4121 71 30 from
354 4121 56 37 )of,
443 4121 54 29 late
537 4125 128 24 autumns

113 4165 53 27 and
205 4163 73 38 early
312 4162 109 29 winters
459 4162 53 36 9fd
528 4167 27 24 to
585 4161 79 37 lOjd,

112 4205 54 29 late
192 4209 128 24 autumns
352 4204 54 36 fcfd
425 4207 29 25 to
480 4203 64 37 9jd,
569 4203 94 28 mixed

112 4255 132 19 summers
259 4245 51 28 and
326 4245 72 35 early
413 4248 127 25 autumns
563 4244 53 30 Gid
635 4250 28 21 to

113 4287 63 34 7|d,
188 4296 133 18 summers
335 4285 53 29 44d
399 4289 28 24 to
442 4285 63 35 sfd,
517 4285 100 28 Blacks
627 4284 35 28 9d

109 4330 29 25 to
154 4327 39 28 Is.

146 4368 87 28 Hides
235 4367 90 28 We
358 4367 71 28 have
451 4378 33 17 an
517 4366 143 29 unlimited

109 4409 118 29 demand
250 4409 43 28 for
317 4409 77 28 these
409 4412 28 25 at
450 4408 47 29 the
520 4407 140 36 following

107 4454 72 23 rates
191 4448 4 37 :
199 4450 103 26 Best
315 4449 87 36 heavy
417 4459 35 16 ox
467 4448 77 27 hides
633 4451 27 24 to

106 4489 47 35 4d,
168 4488 119 29 medium
299 4487 55 30 2id
368 4491 28 26 to
408 4488 45 35 3d,
464 4487 71 38 light
549 4487 111 29 inferior

109 4531 9 27 ]
128 4529 33 35 |d
175 4532 29 26 to
218 4529 46 29 2d.

1651 94 198 41 MOUNT
1936 97 223 43 BEEG'ER
2247 97 151 39 MAIL.

3519 96 167 49 Friday,
3709 97 108 38 June
3839 99 181 43 18,1897

3581 5611 83 22 Printed
3679 5612 40 22 and
3735 5613 110 22 Published
3866 5618 25 23 by
3913 5613 101 21 WILLIAM
4029 5613 104 21 Pannelu

3636 5646 127 21 Matthews
3773 5647 32 20 for
3814 5647 36 20 the
3859 5648 130 25 proprietors,
4000 5647 79 20 DUNNE
4088 5651 45 15 ami

3636 5681 135 27 Matthews,
3793 5683 20 18 at
3836 5681 54 22 their
3906 5680 118 27 .Registered
4041 5681 92 24 Priutiug:

3637 5715 71 25 Offics,
3728 5717 176 26 Scotland-street,
3923 5715 118 26 Koxlnrga,
4060 5716 64 25 OtHgo

3636 5752 51 21 New
3699 5752 198 27 ZealandFriday,
3914 5752 56 21 June
3986 5750 94 28 18,1897.

107 4643 56 53 F.
247 4645 33 37 J.
358 4644 301 43 WILLIAMS,

129 4715 202 20 HAIRDRESSER
351 4715 62 19 AND
433 4715 200 26 TOBACCONIST,

303 4754 163 29 Lawrence.

143 4838 152 30 LADIES'
327 4838 297 30 HAIRCOMBINGS

190 4890 109 28 MADE
320 4890 92 28 INTO
432 4890 145 28 PLAITS.

108 4963 102 29 Orders
219 4963 38 38 by
265 4965 62 36 post
336 4962 141 38 promptly
483 4962 131 29 attended
623 4965 37 26 to.

277 5087 382 46 WINN,

108 5169 135 24 PAINTER,
268 5167 130 24 GLAZIER,
422 5167 92 19 PAPER
533 5167 128 20 HANGER.

181 5201 69 22 SIGN
271 5200 115 19 WRITER
409 5200 62 19 AND
494 5200 94 20 HOUSE

296 5233 177 26 DECORATOR,

198 5287 72 30 Ross
291 5285 99 35 Place,
410 5284 162 29 Lawrence.

144 5379 44 30 On
203 5376 63 30 Sale
280 5386 16 18 a
305 5374 78 39 large
393 5374 55 28 and
456 5374 94 29 varied
559 5377 88 26 assort-

104 5423 79 27 ment
196 5417 28 30 of
239 5417 69 34 Oils,
322 5415 104 35 Paints,
451 5414 98 35 Scrim,
572 5414 88 35 Glass,

104 5457 232 42 Paperhangings
358 5454 56 30 and
433 5454 136 29 Painters'
590 5453 54 30 Sun-

104 5503 83 30 dries.

143 5543 71 28 New
223 5539 54 29 and
285 5536 173 31 fashionable
465 5535 75 29 Wall
551 5536 112 38 Papers,

106 5585 73 28 from
194 5581 36 29 5d
252 5590 51 29 per
323 5578 77 39 piece
423 5576 136 39 upwards.
599 5579 48 25 Fat-

106 5629 78 25 terns
198 5625 63 26 sent
273 5630 37 19 on
330 5618 177 39 application,
521 5621 63 34 post
597 5616 66 29 free.

144 5663 150 31 Estimates
308 5659 84 40 given
404 5658 44 29 for
471 5656 118 31 General
611 5657 36 29 Re-

105 5706 85 39 pairs,

144 5741 165 35 Celebrated
324 5740 133 29 Lustruss
476 5738 91 36 Paint,
580 5738 85 39 ready

103 5786 103 36 mixed,
219 5784 37 30 all
271 5783 124 31 Colours.

743 212 31 22 To
791 217 26 16 be
832 212 125 21 Published
971 213 25 17 is
1006 209 113 21 Jasuart,
1136 204 33 21 183
1169 204 23 21 S.

696 266 32 35 Qi
733 265 132 32 TONES'
896 261 124 33 OTAGO
1050 259 24 30 &
1101 245 161 56 SOUTH-j

935 302 104 31 LAND

741 362 151 20 Commercial,
909 358 132 21 llusrciVAr.,
1054 358 15 15 x
1085 355 108 18 General
1258 353 3 29 I

849 407 237 40 DiRECTORY,
1258 403 2 44 I

1080 439 6 12 7
1258 439 2 22 I

941 464 54 21 AND

727 508 89 31 NEW
833 505 180 32 ZEAL\ND
1031 502 172 30 iNNTJAU
1257 498 3 57 j

915 558 110 37 1898.

712 649 128 31 Fourteen
846 647 29 30 til
896 645 72 30 Year
988 644 29 29 of
1036 640 181 32 Publication.
1255 640 2 40 1

1254 694 2 21 I

690 729 86 36 Demy
803 725 51 30 Svo
880 724 63 34 size,
969 720 161 38 containing
1154 718 86 30 about
1253 718 2 47 j

707 765 281 40 900pages,together
997 763 63 28 with
1071 769 147 20 numerous
1252 757 3 51 j

745 809 78 36 ]\]aps
847 804 138 31 corrected
1007 808 27 22 to
1048 802 71 33 date,
1134 801 47 27 the

770 846 85 31 whole
869 844 176 37 handsomely
1059 840 95 32 bound

797 889 27 28 iu
838 888 83 33 cloth,
931 883 194 39 gilt-lettered.

689 971 76 28 Price
779 973 27 24 to
821 967 186 33 Subscribers,
1026 966 45 26 12s
1086 962 35 30 6d
1133 974 6 24 ;
1161 961 76 30 Non-
1253 961 2 51 |

837 1007 183 32 Subscribers,
1034 1009 5 23 )
1049 1006 40 26 ss.

733 1088 130 34 STONE,
896 1086 82 34 SON,
1011 1084 82 29 AND
1124 1082 68 37 CO.,

873 1140 180 31 PoBMSFfERS,

742 1186 140 30 Crawford
910 1185 101 34 Street,
1035 1183 139 30 Dnnedin.

696 1273 42 53 [)
822 1272 43 34 A.
941 1268 297 44 BUCHANAN,

766 1343 72 21 BOOT
866 1341 60 22 AND
952 1341 73 21 SHOE
1052 1338 112 28 MaKER,

732 1390 140 30 Scotland
884 1407 9 4 -
907 1397 104 27 street,
1032 1387 163 30 Roxburgh.

796 1487 92 37 Every
910 1485 167 39 description
1101 1484 28 30 of

688 1541 86 26 Boots
788 1549 55 18 and
858 1540 90 26 Shoes
962 1538 134 28 Supplied
1109 1546 34 18 or
1157 1536 84 28 Made

865 1588 31 19 to
917 1579 144 28 Measure.

1253 1605 3 25 j

686 1632 45 29 Fit
741 1630 183 30 Guaranteed.
1003 1629 44 29 Fit
1056 1628 184 30 Guaranteed.

737 1723 124 21 REPAIRS
885 1722 115 21 NEATLY
1032 1721 157 20 EXECUTED.

807 1803 25 27 A
854 1801 86 29 Trial
964 1801 152 29 Solicited.

686 1962 134 27 BUILDER,
834 1962 106 21 JOINER
955 1961 61 20 AND
1036 1959 205 25 UNDERTAKER,

781 2015 72 29 Ross
873 2014 98 35 Place,
991 2012 165 29 Lawrence.

689 2114 124 30 PLANS
826 2112 80 31 AND
921 2109 321 33 SPECIFICATIONS
1258 2092 3 52 i

830 2168 25 26 A
877 2164 222 30 SPECIALTY.

688 2259 153 37 Quantities
856 2258 137 38 Prepared
1016 2258 54 28 and
1093 2256 148 29 Estimates

713 2302 88 27 Given
815 2300 43 28 for
870 2298 35 28 all
919 2298 101 28 classes
1033 2298 28 27 of
1077 2295 134 29 Builders'

920 2338 99 28 Work.

689 2423 71 55 M.
846 2425 24 37 J
874 2455 5 7 -
968 2422 188 38 BLO
1195 2421 46 43 Y,

713 2491 199 23 WHITEHAVEN
926 2490 111 26 STREET,
1053 2489 167 21 LAWRENCE.

690 2580 127 30 BOARD
842 2578 81 30 AND
953 2578 220 29 RESIDENCE
1195 2577 48 29 AT

733 2631 255 29 REASONABLE
1009 2630 190 28 CHAtiGES.

798 2719 96 29 Mbals
914 2728 32 18 at
964 2725 50 21 all
1035 2719 105 26 Hours.

707 2812 58 29 The
779 2813 62 28 best
857 2810 243 30 Accommodation
1124 2810 42 29 for
1180 2810 46 27 the

828 2852 160 38 Travelling
1004 2851 104 29 Public.

691 2938 102 31 GOOD
809 2937 201 31 STABLING.
1051 2935 95 31 OATS
1164 2935 80 30 AND

802 2978 128 32 CHAFF
951 2978 51 30 ON
1027 2978 106 30 SALE.

693 3053 280 59 JJERBERT
1021 3053 100 28 AND
1171 3051 75 37 CO.,

882 3119 168 23 LAWRENCE.

847 3212 152 29 Importers
1018 3220 33 19 of

691 3268 200 38 Ironmongery

778 3312 189 40 Agricultural
990 3312 181 39 Implements

950 3360 190 38 Agricultural
1159 3358 87 30 Seeds

864 3417 214 30 GROCERIES

710 3475 97 31 TEAS
919 3476 95 29 TEAS
1129 3473 98 31 TEAS

694 3522 127 39 (Ceylon)
911 3521 121 39 (Indian)
1122 3521 121 38 (China.)

691 3598 94 51 W
858 3598 57 62 J,
977 3597 269 61 Martis,

692 3677 286 32 WATCHMAKER
996 3678 24 31 &
1034 3678 211 32 JEWELLER

785 3732 68 27 Ross
873 3732 97 34 Place,
990 3732 162 28 Lawrence.

695 3811 140 36 Watches,
856 3812 98 29 Clocks
974 3813 54 28 and
1051 3812 146 34 Jewellery
1218 3813 29 28 of

739 3852 36 27 all
789 3852 179 38 descriptions
983 3854 67 37 kppt
1063 3854 28 26 in
1106 3853 95 28 Stock.

713 3903 69 29 Nice
797 3903 135 29 Selection
946 3904 28 29 of
993 3904 77 36 Gem,
1084 3904 144 39 Wedding

826 3949 54 23 and
894 3944 108 39 Keeper
1015 3945 98 39 Rings.

696 4024 18 21 A
729 4024 104 21 CHOICE
854 4025 181 22 ASSORTMENT
1055 4026 35 21 OF
1110 4026 137 21 ARTICLES

716 4057 138 20 SUITABLE
865 4058 54 20 FOR
930 4059 139 21 WEDDING
1080 4059 150 20 PRESENTS.

753 4125 153 40 Spectacles
920 4132 28 24 to
962 4128 61 28 Suit
1035 4128 36 29 all
1087 4128 105 39 Sights.

713 4207 105 30 Watch
850 4217 54 20 and
938 4209 88 29 Clock
1063 4210 117 28 Repairs
1212 4219 16 19 a

896 4254 155 25 (Specialty.

693 4329 113 39 Repairs
819 4341 31 17 or
863 4330 101 30 Orders
981 4332 70 28 from
1066 4332 46 28 the
1127 4335 117 35 country

741 4371 37 38 by
800 4375 63 34 post
884 4372 55 28 will
961 4373 104 28 receive
1088 4379 112 33 prompt

894 4414 145 28 attention.

915 4489 18 24 A
965 4490 15 22 I
1041 4490 173 23 THIS!

752 4567 102 24 BOOTS
872 4572 36 19 for
922 4571 41 21 the
981 4569 80 27 Great,

779 4610 73 25 Boots
872 4613 36 22 for
931 4614 40 22 the
986 4614 90 28 Small;

751 4653 72 23 Boots
838 4654 37 22 for
895 4654 39 22 the
953 4654 79 28 Short,

783 4696 71 23 Boots
872 4696 36 24 for
925 4697 40 23 the
985 4697 52 23 Tall
1054 4705 5 20 ;

754 4739 72 23 Boots
840 4739 37 23 for
895 4741 41 23 the
954 4740 95 32 Young,

782 4778 73 24 Boots
873 4780 36 22 for
925 4781 38 22 this
983 4781 46 23 Old
1042 4788 5 21 ;

783 4841 55 23 And
856 4842 101 24 BOOTS
974 4843 45 23 and
1039 4843 103 25 SHOKS

903 4898 35 22 for
955 4898 29 23 all
1009 4907 13 15 a

797 4958 39 36 H.
888 4960 119 38 Bail
1023 4961 123 44 LIE'S,

704 5033 114 31 Opposite
833 5033 158 26 Commercial
1011 5037 81 29 Hotel,
1112 5037 133 32 Roxburgh

722 5148 130 26 ISrCorr.e
869 5150 47 22 and
934 5151 91 26 inspect
1037 5151 40 24 the
1094 5153 79 24 Stock.

707 5291 111 24 fancy
844 5291 110 26 goods
973 5292 71 25 and
1063 5294 165 27 drapery.

698 5395 102 54 FJ.
836 5397 138 24 WATKRS
1001 5399 90 24 desires
1117 5404 24 19 to
1167 5402 73 28 notify

738 5446 5 5 .
775 5431 53 22 that
843 5431 42 23 she
898 5431 72 29 keeps
981 5431 23 23 in
1014 5433 66 22 stock
1097 5432 86 25 Ladies
1194 5440 45 18 and

691 5461 134 26 Children's
842 5462 198 33 Underclothing,
1058 5466 47 23 aud
1117 5467 29 22 all
1167 5466 74 27 kinds

692 5496 23 23 ef
729 5497 116 30 Drapery.

722 5539 80 32 Fancy
815 5541 81 24 Good*
908 5549 14 16 a
936 5541 136 31 Specialty.

729 5583 132 26 Christmas
871 5585 47 24 and
931 5585 54 23 New
999 5584 63 25 Year
1073 5589 137 27 present*

814 5637 13 15 a
845 5635 64 24 great
922 5630 88 28 variety
1021 5635 24 19 to
1058 5632 61 22 hand
1123 5658 6 5 #

814 5664 135 28 Inpectin
960 5663 94 24 Inrittd

718 5693 113 31 Painting
845 5695 45 23 and
902 5701 36 18 art
963 5695 152 25 needlework
1127 5697 85 27 taught

785 5732 111 20 Summer
910 5727 81 25 Goods
1007 5736 52 16 now
1073 5737 29 16 on
1119 5729 62 24 hand

696 5783 137 26 Addrese
835 5784 127 25 Ormsnd'i
972 5783 115 35 Buiidiag
1098 5786 144 32 Roxburgh.

1301 783 488 86 AUTUMN

1946 1257 9 20 /

1803 1342 80 29 AND

1921 1836 477 84 WINTER

1631 2356 424 89 GOODS.

1735 4384 69 96 i

1592 5163 493 56 DUNEDIN,

2669 1465 81 30 BUY

2429 1524 179 52 MILLS,
2631 1525 132 42 DICK,
2791 1524 36 36 &
2854 1522 130 38 CO.'S

2674 1583 69 28 1897

2448 1635 190 31 ALMANAC
2660 1644 53 19 and
2737 1633 230 31 DIRECTORY.

2613 1681 86 34 Price,
2714 1682 31 27 Is
2760 1680 44 28 Gd.

2429 1764 92 38 Every
2547 1762 125 36 Farmer,
2700 1762 105 35 Miner,

2678 1810 54 29 and
2761 1810 133 28 Business
2920 1809 67 28 Man

2506 1864 106 30 Should
2640 1864 121 29 Procure
2783 1875 17 17 a
2826 1863 86 38 Copy.

2459 1942 59 30 Can
2545 1942 34 29 be
2606 1942 54 29 had
2686 1942 70 29 from
2786 1941 46 30 the
2857 1940 85 30 under-

2610 1983 198 30 mentioned

2467 2044 120 29 Mackay
2603 2044 94 35 Bros.,
2712 2042 156 40 Roxburgh

2466 2085 27 29 J.
2510 2084 129 35 Noonan,
2654 2084 110 29 Ettrick

2466 2126 94 28 Johns
2575 2134 56 20 and
2645 2125 148 34 M'Combe,
2808 2124 105 28 Millers
2926 2122 62 30 Flat

2466 2166 28 28 J.
2509 2165 34 29 R.
2561 2165 92 35 Kemp,
2669 2165 69 29 Bald
2755 2165 55 28 Hill
2826 2164 62 28 Flat

2467 2206 32 29 L.
2515 2207 90 35 Ryan,
2619 2206 73 36 Jnr.,
2707 2205 160 30 Alexandra
2881 2204 89 31 South

2467 2248 32 28 B.
2514 2247 126 35 Naylor,
2656 2248 87 37 Clyde

2433 2330 138 43 ly/TANY
2594 2331 99 27 Ladies
2717 2329 137 38 complain
2868 2329 61 28 that
2943 2329 45 28 the

2530 2371 54 30 Tea
2598 2371 64 38 they
2677 2371 69 29 have
2758 2370 69 29 been
2843 2369 82 40 using
2939 2369 48 30 has

2431 2413 108 28 neither
2549 2414 127 37 strength
2749 2413 113 27 flavour.
2885 2412 27 27 If
2923 2412 64 37 they

2431 2458 44 34 try
2490 2453 87 29 Kozie
2590 2453 56 29 Tea
2659 2454 66 37 they
2739 2452 54 29 will
2808 2453 33 28 be
2855 2452 132 29 satisfied.

2431 2495 92 28 Johns
2541 2494 24 28 &
2584 2494 149 34 M'Combe,
2749 2494 117 37 Agents,
2883 2493 104 28 Millers

2431 2535 72 30 Flat.

2823 2639 28 16 v,

2434 2703 138 29 CTOCK
2599 2703 35 28 all
2658 2703 46 28 the
2730 2702 112 37 leading
2867 2700 119 36 >ngrlish

2507 2745 54 28 and
2576 2744 116 29 German
2709 2743 98 28 Makes
2821 2742 29 29 of
2865 2742 100 28 Pianos
2979 2752 5 17 :

2481 2797 176 22 BRINSM3AD,
2677 2795 138 26 CIOLLARD,
2836 2794 98 26 SAMES,

2626 2823 167 26 EAVESTOFF,

2431 2863 203 25 SCHWECHTEN,
2646 2863 69 25 LTI'P,
2727 2862 73 20 HORR
2808 2862 17 20 k
2836 2860 149 26 KALLMAN,

2558 2900 165 26 GERHARDT,
2740 2900 124 21 HANSEN.

2467 2974 121 37 Chas.
2612 2973 111 45 Begg
2744 2973 84 36 and
2852 2971 99 37 Co.'s

2431 3043 233 30 EXHIBITION
2693 3041 134 31 MODEL
2856 3040 130 46 PIANO,

2634 3095 56 28 3B
2711 3103 76 20 NETT.

2431 3176 122 29 STORY
2578 3175 23 29 &
2631 3175 161 29 CLARK'S
2822 3173 164 36 ORGANS,

2528 3227 178 29 KIMBALL
2727 3225 163 36 ORGANS,

2431 3279 81 30 From
2521 3281 58 28 2O
2589 3283 27 25 to
2626 3277 78 32 50..
2714 3279 91 29 .From
2815 3278 56 29 2O
2881 3281 28 26 to
2919 3277 66 29 SO.

2431 3361 148 29 BESSON
2606 3361 23 28 &
2661 3359 180 30 BOOSKY'S
2864 3358 121 30 BRASS

2566 3399 287 31 INSTRUMENTS.

2431 3482 99 29 Violin
2545 3483 67 27 Bow
2629 3483 153 27 Repairing
2796 3491 17 18 a
2829 3481 154 29 Specialty.

2469 3533 103 35 Violin,
2587 3533 65 28 Bow
2667 3533 53 28 and
2739 3533 99 29 Case...
2881 3530 67 38 30/-

2466 3574 186 34 Accordeons,
2666 3573 71 29 from
2810 3597 28 4 ...
2902 3571 45 39 7/(3

2499 3653 110 31 CHAS.
2631 3653 102 30 BKGG
2758 3653 78 29 AND
2858 3652 56 31 CO.

2429 3704 80 27 Have
2530 3704 47 26 the
2601 3704 105 36 largest
2729 3703 53 26 and
2805 3706 72 23 most
2890 3701 93 28 varied

2429 3743 78 29 stock
2522 3743 28 28 of
2564 3742 90 28 Music
2666 3742 26 28 in
2704 3742 47 28 the
2762 3745 5 21 <
2777 3742 97 28 'olonv.
2914 3740 69 30 New

2527 3784 159 38 Shipments
2702 3782 187 39 Fortnightly.

2613 3835 72 29 New
2706 3835 96 29 Soxes.

2466 3876 81 29 Morn
2581 3876 29 29 of
2649 3876 122 28 Sorrows
2774 3874 208 29 Snowflakes

2429 3916 172 29 FairGate
2615 3916 28 28 of
2662 3916 61 28 Life
2726 3915 92 29 For
2838 3915 46 29 the
2909 3915 60 29 Chil-

2428 3957 91 28 dren's
2535 3956 182 29 SakeWilt
2730 3956 77 28 Thou
2822 3956 33 28 be
2873 3956 73 28 Mine

2430 3997 138 30 Sunshine
2601 3998 96 28 Above
2700 3996 94 29 She
2828 3997 100 37 Stoops
2955 4001 27 23 to

2429 4037 129 38 Conquer
2559 4038 81 27 No
2662 4038 44 27 for
2728 4048 34 16 an
2786 4039 114 26 Answer
2902 4037 81 27 No

2429 4077 89 30 Man's
2533 4078 85 29 Land.

2560 4131 100 28 Violin
2680 4140 54 19 and
2754 4130 96 28 Piano.

2465 4171 129 29 Andante
2617 4177 28 23 efc
2669 4172 118 28 Scherzo
2811 4170 171 38 Capriccioso

2431 4211 111 37 (David)
2623 4213 100 28 Bach's
2767 4215 40 24 Ist
2848 4211 135 28 Concerto

2432 4252 107 36 (Alard)
2544 4252 125 29 Three
2706 4253 94 27 Pieces
2827 4251 156 37 Classiques

2431 4292 283 36 (Ragghianti)Lcs
2722 4292 104 29 Echoes
2832 4290 147 37 (Leonard)

2427 4332 173 27 Mazurka
2639 4333 33 27 de
2718 4335 118 26 Concert
2883 4331 99 34 (Ovide

2427 4372 103 36 Musin)
2535 4373 175 28 Romance
2746 4373 125 36 (Jansen)
2875 4373 106 27 Sou-

2429 4413 77 27 venir
2519 4413 34 27 de
2568 4413 101 37 Haydn
2688 4415 7 32 (
2723 4413 125 35 eonard).

2470 4494 122 39 Chas.
2616 4494 109 48 Begg
2752 4493 82 39 and
2860 4492 74 43 Co.,

2445 4555 30 25 21
2522 4556 116 25 Princes
2675 4556 112 31 Street,
2825 4553 135 31 Dunepin,

2426 4604 114 29 Havino-
2565 4616 15 17 a
2606 4605 76 29 Most
2710 4604 126 29 Efficient
2860 4602 72 29 Staff
2952 4601 29 29 of

2521 4631 16 11 O

2428 4644 161 37 Workmen,
2600 4656 49 18 can
2665 4645 161 39 Hepairand
2849 4644 4 40 I
2864 4654 53 18 une
2928 4653 53 28 any

2549 4687 117 28 Musical
2686 4688 173 26 Instrument

2481 4738 50 29 AT
2559 4737 210 30 MODERATE
2792 4735 133 30 RATES.

2435 4814 169 29 TOHN
2680 4812 303 36 THOMPSON,

2553 4865 255 28 AUCTIONEER
2822 4886 5 10 ,

2474 4914 80 21 LAND
2570 4914 61 20 AND
2645 4913 111 25 ESTATE,
2770 4911 84 27 LOAN,
2871 4911 59 21 AND

2426 4953 175 29 GENERAL
2614 4951 222 28 COMMISSION
2853 4950 129 27 AGENT.

2519 5004 71 27 Ross
2610 5003 98 33 Place,
2730 5002 163 28 Lawrence.

2604 5083 94 37 Agent
2712 5082 42 29 for
2768 5081 45 30 the

2425 5125 129 29 Norwich
2565 5124 95 29 Union
2675 5124 150 27 Insurance
2840 5123 48 28 Co.

2426 5165 139 28 Standard
2576 5164 62 28 Fire
2647 5163 55 28 and
2713 5162 106 28 Marine
2829 5162 150 28 Insurance

2499 5206 48 30 Co.

2422 5247 160 30 Australian
2604 5245 107 30 Mutual
2733 5244 151 30 Provident
2905 5243 73 39 (Life

2496 5288 164 34 Assurance)
2680 5286 109 34 Society

2420 5328 139 30 Standard
2586 5327 120 38 Fidelity
2737 5326 52 29 and
2819 5325 155 30 Guarantee

2493 5369 119 37 Society.

2456 5450 48 30 All
2515 5450 127 30 business
2654 5447 153 31 connected
2829 5448 66 29 with
2914 5447 39 39 Ap-

2420 5491 144 38 plications
2584 5490 44 28 for
2650 5490 197 36 Assignments
2867 5499 31 18 or
2916 5489 38 27 Ex-

2422 5531 106 36 change
2542 5530 28 29 of
2586 5529 190 38 Agricultural
2790 5528 110 35 Leases,
2914 5530 40 35 Ap-

2422 5570 144 39 plications
2575 5571 87 27 under
2671 5569 134 28 Deferred
2815 5569 159 36 Payments,

2424 5610 107 39 Mining
2547 5610 100 28 Leases
2657 5621 31 17 or
2699 5609 110 34 Claims,
2819 5609 156 38 Up-lifting

2424 5650 29 29 of
2474 5650 98 29 Crown
2593 5650 109 34 Grants,
2717 5649 59 36 &c.,
2790 5649 112 38 quickly
2921 5648 54 28 and

2426 5690 114 38 cheaply
2553 5689 165 29 transacted.

2426 5770 90 30 Loans
2525 5769 178 39 Negotiated.
2727 5769 102 39 Money
2838 5767 139 31 Invested.

2526 1002 120 29 FIRST.
2855 1004 160 28 SECOND.
3226 1003 131 28 THIRD.
3415 1002 3 37 .
3559 1004 166 29 FOURTH.
3924 1008 121 31 FIFTH.

2426 1043 121 29 BOOTS
2581 1043 66 28 with
2686 1043 55 28 this
2783 1044 40 28 On
2838 1044 56 29 this
2916 1044 95 28 Brand
3029 1042 66 38 only
3135 1044 72 36 Only
3229 1044 46 28 the
3297 1054 67 28 very
3388 1044 61 29 best
3490 1044 134 36 Farmers,
3681 1045 112 37 Miners,
3832 1047 57 30 The
3897 1050 136 29 standard
4040 1051 92 30 Brand

2427 1084 93 29 Brand
2530 1094 33 19 on
2574 1084 47 29 the
2631 1084 59 29 heel
2698 1095 45 18 are
2783 1085 46 29 the
2861 1096 67 27 very
2966 1085 62 28 best
3068 1083 29 29 of
3135 1084 28 29 of
3175 1084 141 30 Materials
3328 1096 44 18 are
3382 1085 65 28 used
3488 1085 53 29 and
3556 1085 35 29 all
3605 1085 61 30 who
3680 1091 72 24 want
3765 1092 28 25 to
3834 1090 81 29 Boots
3929 1092 54 28 and
3995 1092 84 30 Shoes
4088 1104 44 18 are

2427 1125 171 39 guaranteed
2604 1130 27 23 to
2640 1125 43 28 Fit
2688 1126 57 27 and
2784 1125 155 29 Workmen
2968 1135 46 17 are
3040 1135 57 17 em-
3135 1125 26 26 in
3200 1125 54 28 tlis
3295 1125 93 28 Brand
3422 1126 28 27 of
3489 1126 70 36 keop
3579 1126 72 27 their
3664 1126 56 29 feet
3732 1127 61 39 dry,
3831 1129 100 29 known
3950 1132 69 28 from
4040 1134 92 28 Auck-

2502 1164 85 29 Wear
2601 1165 69 29 well.
2887 1164 109 40 ployed.
3116 1162 3 43 |
3163 1164 85 29 Boots
3261 1165 55 28 and
3332 1164 96 31 Shoes.
3523 1169 45 36 try
3582 1166 54 29 this
3656 1167 101 30 Brand.
3833 1170 61 30 land
3909 1176 28 24 to
3951 1172 46 30 the
4010 1173 76 30 Bluff
4092 1174 40 30 for

3866 1213 115 35 sterling-
3992 1216 111 32 quality.

2466 1246 74 28 ALL
2561 1247 119 29 BOOTS
2702 1246 171 29 BEARING
3205 1246 52 29 ON
3286 1247 77 28 THE
3384 1247 103 29 HEKL
3520 1248 74 27 ARE
3621 1249 318 32 MANUFACTURED
3960 1255 39 27 IN
4022 1255 75 29 THB

2746 1286 253 29 CELEBRATED
3049 1285 210 29 STANDARD
3313 1287 130 28 BRAND
3465 1288 97 28 BOOT
3583 1287 176 31 FACTORY
3779 1291 49 28 BY

2711 1350 373 64 SARGOOD,
3131 1350 131 54 SON
3301 1350 46 53 &
3388 1351 245 66 EWEN,
3686 1381 188 33 dunedi*.

2480 1418 177 20 WHOLESALE
2683 1418 87 20 ONLY.

3017 1507 480 68 Matthews
3551 1523 49 51 &
3648 1509 484 93 Clialmersj

3217 1638 259 57 COACH
3537 1640 402 70 BUILDERS,

3252 1740 332 38 WHEELWRIGHTS,
3624 1744 149 30 BLACKS
3781 1746 125 38 MITHS,

3556 1817 55 19 AND

3104 1869 304 31 AGRICULTURAL
3447 1871 227 31 IMPLEMENT
3712 1874 349 38 MANUFACTURERS,

3379 1944 72 31 Ross
3491 1945 99 39 Place,
3628 1947 162 33 Lawrence.

3057 2039 73 30 ALL
3171 2039 124 30 KINDS
3335 2040 48 29 OF
3422 2039 146 31 MINING
3606 2041 234 31 MACHINERY
3878 2044 108 30 MADE
4025 2046 80 29 AND

3486 2093 204 32 REPAIRED.

3476 2186 111 31 Agents
3607 2197 49 20 for

3021 2254 230 39 Massey-Harris
3273 2255 119 38 Reapers
3415 2255 54 29 and
3496 2257 126 35 Binders,
3644 2257 175 36 Cultivators,
3846 2260 136 36 Scufflers,
4010 2260 120 40 Ploughs

3483 2296 90 29 Horse
3587 2297 99 36 Rakes,

3325 2347 123 30 Peerless
3469 2347 51 37 Oil,
3542 2348 103 30 Binder
3665 2349 101 38 Twine,
3787 2349 47 32 &c.

3074 2429 47 30 All
3151 2429 89 30 Work
3271 2429 150 30 Entrusted
3445 2433 27 26 to
3498 2430 42 29 Us
3566 2431 54 28 will
3647 2431 115 31 Receive
3789 2433 113 40 Prompt
3927 2434 152 31 Attention.

3345 2511 131 21 CHARGES
3502 2511 136 22 STRICTLY
3664 2513 151 22 MODERATE

3276 2601 76 28 FOR
3391 2601 117 29 SALE!
3653 2603 73 28 FOR
3765 2603 114 30 SALE!

3101 2681 217 30 STAUNCH
3351 2681 90 29 AND
3479 2683 251 30 HANDPOME
3768 2684 372 31 THOROUGHBRED

3477 2838 142 29 Produced
3645 2839 36 36 by

3184 2888 161 30 Yankee
3366 2888 240 31 enterprise
3627 2890 76 30 out
3723 2890 48 29 of
3792 2890 183 31 America.

3284 2930 44 40 Up
3343 2934 28 26 t
3384 2941 54 29 any
3452 2931 111 38 weight,
3577 2932 53 29 and
3645 2932 97 29 carries
3755 2943 17 17 a
3785 2931 86 39 Lady.

3090 2982 175 28 Guaranteed
3276 2984 169 36 thoroughly
3453 2984 87 26 sound
3552 2984 54 26 and
3616 2984 84 37 quiet.
3742 2984 63 26 Will
3814 2995 64 26 pass
3888 2986 115 27 traction
4015 2984 124 37 engines,

3016 3024 93 33 trams,
3125 3022 95 35 trains,
3235 3026 171 31 motor-cars,
3420 3022 98 28 forked
3532 3022 151 40 lightning,
3696 3033 31 19 or
3746 3023 137 39 anything
3906 3024 64 37 else,
3991 3024 113 38 barring
4123 3035 16 17 a

3015 3062 65 38 lady
3095 3063 131 27 mounted
3239 3073 35 18 on
3288 3063 115 28 another
3428 3062 163 29 Newhaven
3610 3064 125 28 Bicycle.

3092 3142 182 30 FARMERS
3290 3143 143 39 requiring
3447 3142 84 30 Grain
3542 3144 94 35 Drills,
3648 3144 104 38 Turnip
3765 3144 54 29 and
3831 3146 115 29 Manure
3954 3146 93 35 Drills,
4060 3145 60 30 Com-

3019 3183 82 29 bined
3116 3183 94 35 Drills,
3224 3183 65 29 Disc
3303 3186 141 33 Harrows,
3458 3184 132 38 Ploughs,
3606 3184 70 30 Seed
3692 3184 137 38 Cleaners,
3840 3197 31 18 or
3883 3198 53 25 any
3949 3188 78 27 other
4040 3186 84 39 Imple-

3017 3227 90 25 ments
3121 3235 31 17 or
3166 3224 141 29 Machines
3321 3224 97 29 should
3430 3224 67 28 send
3510 3225 44 29 for
3566 3236 50 18 our
3629 3225 151 36 catalogue.

3041 3264 58 21 THE
3113 3264 145 21 COLONIAL
3272 3264 150 21 COMBINED
3441 3264 100 22 DRILLS
3554 3266 61 19 AND
3630 3265 63 21 DISC
3705 3265 146 22 HARROWS
3864 3267 57 21 ARE
3935 3267 56 21 THE
4008 3266 63 22 BEST
4085 3264 32 23 IN

3467 3292 58 21 THE
3545 3292 126 22 MARKET.

3105 3362 310 60 S@3rr@w
3485 3363 261 50 Bassett
3817 3362 50 52 &
3928 3366 105 52 Co.

3267 3437 136 30 DUNED
3410 3438 39 30 IN
3487 3448 55 19 and
3581 3438 311 37 CHRISTCHURCH,

3331 3490 64 30 Sole
3410 3492 108 34 Agents
3531 3490 28 29 in
3574 3490 69 29 New
3656 3491 117 29 Zealand
3788 3492 43 28 for

3145 3531 79 29 THE
3243 3530 221 31 M'CORMICK
3485 3531 250 29 HARVESTING
3756 3532 181 30 MACHINE
3958 3532 55 30 CO.

3063 3628 391 58 COSSENS
3521 3628 172 58 AND
3761 3629 328 65 BLACK,

3139 3716 234 37 ENGINEERS,
3394 3716 285 35 BLACKSMITHS,
3701 3717 276 29 MILLWRIGHTS
3999 3717 23 29 &

3424 3757 314 38 IRONFOUNDEKS,

3291 3810 363 25 CRAWFORD-STREET,
3694 3810 172 21 DUNEDIN.

3330 3877 382 31 MANUFACTURES
3746 3879 85 27 OF

3014 3920 141 38 Pumping
3169 3919 54 29 and
3245 3918 139 39 Winding
3404 3919 169 39 Machinery,
3600 3919 230 29 HYDRAULIC
3854 3919 144 29 MINING
4019 3918 121 30 PLANT

3084 3960 156 38 (including
3257 3960 153 38 Hydraulic
3424 3959 120 38 Giants),
3560 3960 90 28 Sluice
3664 3960 110 36 Valves,
3789 3960 129 29 Elevator
3936 3959 137 39 Castings,

3321 4000 64 28 Iron
3401 4000 54 28 and
3471 4000 74 29 Steel
3561 4000 140 38 Flumirg,
3716 4000 57 35 &c.,
3789 4000 49 29 &c.

3124 4051 157 30 DREDGE
3309 4051 217 37 TUMBLERS,
3549 4051 184 38 BUCKETS,
3754 4051 127 37 LINKS,
3902 4050 59 38 &c.,
3982 4050 47 32 Ac.

3017 4094 205 36 Waterwheels,
3234 4093 145 34 Turbines,
3395 4093 83 29 Brick
3493 4094 54 27 and
3562 4094 84 28 Drain
3664 4093 66 38 Pipe
3745 4093 117 38 Making
3874 4094 54 28 and
3939 4093 87 28 Wood
4041 4093 77 28 Work-

3097 4138 47 34 ing
3161 4135 170 37 Machinery.
3372 4132 91 30 Horse
3478 4135 118 34 Powers,
3612 4133 193 36 Chaffcutters,
3820 4134 103 38 Turnip
3943 4133 123 39 Pulpers,

3263 4175 54 28 and
3331 4174 36 29 all
3382 4174 81 29 kinds
3477 4175 28 28 of
3519 4174 160 38 Machinery
3693 4174 54 29 and
3762 4174 128 39 Gearing.

3130 4258 19 19 A
3176 4256 78 19 VERY
3283 4256 95 20 LARGE
3403 4254 89 21 STOCK
3518 4255 35 19 OF
3580 4254 145 21 PATTERNS
3750 4255 35 19 TO
3811 4254 101 20 SELECT
3940 4254 84 20 FROM.

3013 4324 214 29 ESTIMATES
3249 4324 35 27 GI
3295 4323 84 28 VEN.
3550 4322 355 28 CORRESPONDENCE
3926 4322 209 29 SOLICITED.

3030 4406 115 37 Repairs
3159 4405 52 27 and
3228 4414 81 26 every
3323 4404 167 36 description
3505 4404 30 26 of
3547 4404 190 34 Engineering
3749 4403 54 26 and
3822 4402 192 28 Blacksmith's
4029 4402 87 28 Work

3418 4442 140 37 Promptly
3580 4442 148 27 Executed.

3057 5081 46 49 Ki
3124 5083 62 37 THE
3203 5084 87 36 MOST
3302 5084 160 36 DELICIOUS
3477 5086 21 36 &
3514 5086 195 36 ECONOMICAL
3723 5086 61 35 TEA
3801 5087 26 34 IN
3843 5086 62 36 THE
3920 5086 109 36 WORLD.
4046 5080 2 51 I

3444 5251 90 30 Local
3556 5252 146 27 Agents

3043 5307 33 28 D.
3094 5306 197 36 CORMACIv,
3312 5305 173 37 Roxburgh;
3505 5304 125 30 JOHNS
3650 5305 24 28 &
3694 5303 183 39 M'COMBE,
3898 5306 104 29 Millers
4022 5305 71 29 Flat.

3012 5374 280 57 ROBERT
3357 5372 34 24 JVr
3421 5371 22 24 K
3476 5372 20 23 A

3047 5440 123 24 General
3197 5439 104 24 Pkapkb
3318 5445 50 17 and
3380 5438 128 23 Clothier

3123 5490 61 24 Iloss
3205 5490 69 23 Plate
3298 5489 131 23 Lawrence.

3065 5601 58 23 New
3142 5600 47 23 and
3207 5598 157 25 Fashionable
3388 5596 105 30 Drapery

3034 5640 78 31 Large
3125 5640 64 23 stock
3294 5638 47 23 arid
3356 5638 60 28 toys
3426 5635 110 30 Ciothing

3067 5680 85 23 Ladies
3167 5679 47 24 az.d
3226 5677 124 24 children*
3361 5676 130 30 requisites.

3036 5736 75 25 Visits
3315 5732 45 24 and
3396 5730 156 32 surrounding

3007 5771 102 24 diatricta
3122 5769 105 29 mouthly

3584 5386 140 28 TTOZIE
3739 5387 83 29 TEA.
3861 5388 26 28 A
3899 5388 173 38 stimulating
4081 5386 53 30 and

3672 5427 152 40 sustaining
3824 5427 3 41 1
3839 5438 52 30 cup
3905 5429 28 29 in
3946 5438 119 20 summer
4081 5428 53 29 and

3582 5470 104 27 winter.
3725 5468 35 28 D.
3777 5468 142 37 Cokmack,
3933 5471 104 36 Ageut,
4059 5469 56 28 Rox-

3582 5509 98 35 burgh.
