2550 4050
1290 3537 49 25 Mr.
1352 3538 126 33 Papineau,
1489 3541 39 24 the
1540 3542 128 25 celebrated
1678 3544 102 32 political
1790 3546 59 24 exile

1257 3570 59 25 from,
1328 3571 99 31 Canada,
1440 3574 87 32 having
1633 3581 23 19 at
1666 3577 57 25 New
1734 3578 75 31 York,
1819 3588 30 15 an

1257 3609 35 19 act
1302 3605 27 23 of
1344 3605 38 24 the
1395 3606 146 32 Legislature
1551 3617 47 16 was
1610 3610 144 32 introduced,
1762 3617 33 20 Ho
1807 3621 40 16 en-

1256 3637 50 25 able
1325 3638 48 25 him
1377 3652 30 5 —
1408 3640 70 32 being
1496 3649 29 16 an
1544 3642 59 24 alien
1604 3656 35 4 —
1640 3648 22 20 to
1685 3647 103 23 exercise
1809 3647 38 24 the

1255 3671 126 32 profession
1408 3673 27 24 of
1455 3674 40 24 the
1518 3675 52 25 law.
1614 3677 52 24 The
1688 3678 116 33 following
1826 3681 20 23 is

1255 3704 84 32 copied,
1344 3706 58 24 from
1415 3706 39 24 the
1466 3707 59 24 New
1539 3708 64 25 York
1613 3710 108 25 Herald:
1722 3725 36 5 —

1374 3739 41 25 bill
1426 3741 36 23 for
1474 3741 39 24 the
1523 3742 68 25 relief
1606 3744 27 23 of
1642 3744 73 24 Louis
1726 3745 55 24 Jose
1790 3746 56 24 Ami

1254 3771 117 32 Papineau
1382 3773 28 24 de
1421 3774 123 32 Martigni.

1371 3806 94 25 Wisner
1475 3807 45 24 had
1537 3817 63 16 some
1619 3810 125 32 objections
1763 3816 25 20 to
1805 3813 39 24 the

1252 3846 96 24 passage
1360 3840 25 23 of
1401 3840 45 23 this
1457 3841 43 23 bill
1510 3842 75 24 which
1596 3843 29 24 he
1642 3844 86 24 wished
1745 3849 24 20 to
1787 3845 57 25 have

1252 3871 125 32 explained.
1415 3873 51 24 The
1482 3880 67 26 party
1565 3876 108 25 intended
1684 3882 24 19 to
1726 3878 29 24 be
1774 3878 69 25 bene-

1250 3904 65 25 fitted
1325 3905 30 31 by
1368 3906 37 23 the
1417 3906 42 25 bill
1470 3915 54 22 was,
1542 3908 28 24 he
1589 3910 111 29 believed,
1718 3919 31 16 aa
1767 3912 59 24 alien
1835 3922 6 21 ;

1250 3937 28 24 he
1288 3937 47 25 had
1352 3939 57 24 been
1429 3948 14 16 a
1461 3941 102 24 resident
1577 3943 26 23 in
1621 3943 48 24 this
1687 3944 66 24 State
1770 3946 42 24 but
1829 3955 16 15 a

1250 3970 64 26 short
1325 3972 63 30 time,
1401 3973 44 24 and
1459 3974 65 24 could
1543 3980 40 20 not
1601 3976 29 25 be
1648 3978 138 33 sufficiently
1803 3988 39 15 ac-

535 36 101 32 THE
655 37 112 33 NEW
780 40 232 35 ZEALAND
1034 46 226 33 GAZETTE
1277 46 102 34 AND
1399 49 329 35 WELLINGTON
1751 55 291 40 SPECTATOR.

71 119 146 25 continue-on
232 118 39 24 the
283 119 109 28 increase,
405 119 45 23 and
467 116 71 27 make
557 128 21 15 a.,
589 121 69 31 ready

70 152 89 26 market
168 152 36 23 ior
214 151 39 25 the
265 151 47 24 sale
323 152 28 23 of
363 151 66 30 large
439 152 70 24 herds
519 152 49 24 and.
575 154 82 24 flocks.

2038 140 55 24 with
2103 141 38 23 the
2153 142 141 25 institutions
2306 145 25 22 of
2345 145 46 24 this
2402 152 104 27 country.

1978 173 48 24 Mr.
2039 174 117 25 Simmons
2175 174 39 25 did
2232 181 41 19 not
2292 176 68 28 think
2379 178 64 25 there
2463 188 45 16 was

1920 213 44 22 any
1975 206 110 31 difficulty
2096 208 24 22 in
2132 207 39 24 the
2182 216 61 16 case.
2280 209 50 25 The
2339 211 74 31 object
2422 213 26 23 of
2463 213 45 24 this
2516 235 3 6 ,

1920 237 40 24 bill
1970 246 47 16 was
2026 244 23 18 to
2062 239 105 32 dispense
2181 241 56 24 with
2257 242 39 24 the
2315 244 152 30 qualification
2485 247 26 23 of

1920 271 142 32 citizenship.
2097 273 52 23 The
2160 274 115 33 applicant
2292 275 43 25 had
2354 277 69 24 taken
2443 279 65 24 oaths

1919 305 104 30 required
2034 305 32 31 by
2077 314 41 15 our
2129 306 58 23 laws-
2195 312 23 19 to
2231 308 80 24 enable
2320 308 48 25 him
2380 314 23 20 to
2414 311 94 25 become

1908 358 2 3 .
1918 344 14 15 a
1944 338 89 29 citizen,
2047 338 45 24 and
2106 339 60 24 shall
2176 347 34 16 we
2226 341 90 31 require
2332 350 63 16 more
2413 345 25 23 of
2459 344 49 25 him

1918 369 54 25 than
1984 379 33 15 we
2028 371 29 24 do
2069 372 26 23 of
2108 380 44 15 one
2162 373 51 23 who
2226 374 80 32 to-day
2317 383 52 23 may
2380 376 53 25 land
2445 385 62 24 upon

1918 411 41 15 our
1969 403 79 25 shores
2068 404 45 24 and
2130 405 54 24 take
2203 406 39 24 the
2263 415 120 25 necessary
2401 415 63 27 steps
2483 416 23 19 to

1917 436 79 24 enable
2007 437 48 24 him
2068 442 25 20 to
2110 438 56 24 hold
2183 439 48 23 real
2249 445 72 20 estate
2329 442 9 23 ?
2375 442 39 24 He
2432 444 75 24 would

1916 469 102 24 instance
2030 470 38 24 the
2081 479 53 16 case
2144 472 26 23 of
2183 472 103 24 Thomas
2297 474 32 24 A.
2342 474 106 26 Emmett
2460 486 7 20 ;
2487 477 19 24 it

1913 509 49 17 ■was
1972 503 112 32 precisely
2095 505 25 22 in
2130 505 73 31 point,
2210 505 44 24 and
2266 506 31 24 he
2308 507 101 25 believed
2421 517 29 16 no
2463 517 43 17 one

1907 543 60 16 -ever
1978 537 116 31 regretted
2104 537 50 24 that
2165 543 51 26 step
2227 539 70 31 being
2308 540 78 25 taken.

1934 573 3 10 1
2042 570 93 24 Wisner
2153 572 66 30 again
2237 574 122 30 expressed
2371 574 94 25 hinfiself
2478 584 25 17 as

1915 602 100 31 opposed
2031 608 25 19 to
2075 603 40 24 the
2134 604 56 30 bill;
2219 604 28 24 he
2269 607 131 24 considered
2422 609 20 23 it
2459 617 43 16 un-

1915 642 118 25 necessary
2045 636 54 24 thus
2110 642 26 18 ta
2143 637 82 24 hasten
2235 638 39 24 the
2287 639 122 25 admission
2418 641 26 23 of
2453 642 48 25 Mr.

1915 667 125 33 Papineau,
2052 670 48 23 and
2109 670 75 24 would
2195 671 76 24 rather
2286 672 29 24 he
2325 674 74 23 would
2411 674 92 26 become

1914 709 13 15 a
1940 702 88 30 citizen,
2042 711 40 15 ere
2090 703 32 24 he
2132 712 44 15 was
2190 704 117 26 admitted.

1972 735 48 25 Mr.
2030 736 76 29 Duer,.
2117 745 28 15 as-
2154 745 14 16 a
2176 738 103 24 member
2287 739 26 23 of
2321 739 38 24 the
2365 741 136 30 profession,

1910 766 77 26 .would
1999 769 108 32 willingly
2119 770 84 24 e-xtemi
2214 776 26 18 to
2250 771 51 25 Mr.
2320 773 118 31 Papineau
2457 774 45 25 this

1906 801 75 24 .small
1991 802 118 31 privilege.
2147 803 39 24 He
2198 804 99 32 thought
2308 806 63 24 there
2387 813 59 18 were
2457 809 44 23 cir-

1904 836 229 28 cumstances.about
2139 836 46 24 this
2195 837 137 32 application
2338 839 74 24 which
2421 841 81 24 should

2068 870 20 22 it
2098 869 106 32 strongly
2214 874 26 20 to-
2249 870 39 24 the
2303 872 165 26 consideration
2478 875 29 23 of

1912 900 41 24 tha
1974 901 90 28 House,.
2101 902 76 24 There
2188 911 47 16 was
2247 905 108 23 evidence
2364 907 137 32 sufficiently

1911 938 90 27 strong,
2013 935 29 23 he
2053 935 105 31 thought,
2169 936 48 23 that
2228 936 48 25 Mr.
2288 938 29 24 P.
2327 939 75 24 would
2409 940 92 24 become

1910 975 16 15 a
1937 968 59 30 good
2007 969 90 24 citizen.
2133 968 65 25 With
2272 971 79 32 family
2362 971 30 25 he
2402 973 47 24 had
2459 974 40 23 be-

1910 1008 65 17 come
1987 1009 30 15 an
2027 1002 60 23 exile
2096 1002 59 23 from
2163 1002 37 24 his
2206 1004 78 23 native
2293 1010 101 26 country,
2402 1006 97 25 becaute

1909 1033 32 24 he
1962 1035 142 23 entertained
2121 1036 108 31 opinions
2244 1037 93 25 adverse
2357 1043 24 19 to
2400 1039 66 24 those
2478 1041 26 23 of

1909 1066 92 25 British
2012 1067 147 26 domination.
2197 1069 40 24 He
2247 1070 82 25 should
2339 1072 29 23 be
2379 1073 87 32 willing
2477 1079 26 18 to.

1909 1105 68 26 grant
1988 1101 49 23 him
2047 1102 126 31 privileges,
2188 1103 76 32 vastly
2274 1109 90 26 greater
2374 1105 58 25 than-
2441 1115 59 16 were

1910 1133 74 25 asked
1994 1135 29 31 by
2036 1135 47 23 this
2095 1136 53 23 bill.

1969 1168 48 24 Mr.
2030 1168 76 24 Grout
2125 1169 98 31 thought
2234 1170 65 24 there
2318 1178 45 18 was
2381 1180 14 16 a
2406 1172 59 25 class
2477 1174 30 23 of

1897 1204 108 27 persons
2016 1202 27 23 ia
2061 1201 46 24 this
2126 1207 95 27 country
2232 1203 52 24 who
2301 1210 57 19 were
2374 1205 129 32 foreigners-

1908 1238 26 19 to
1946 1242 41 16 our
1998 1236 149 29 institutions,
2160 1236 47 24 ana*,
2225 1237 25 23 of
2264 1237 75 25 whom
2357 1239 39 23 the
2407 1240 93 30 gentle-

1908 1275 55 16 man
1984 1268 63 24 from.
2064 1269 138 31 Livingston
2224 1268 62 33 (Mr.
2310 1271 106 33 Wisner)
2440 1274 61 23 need*

1908 1300 59 25 have
1977 1306 91 27 greater
2085 1302 179 32 apprehensions
2284 1304 57 24 than
2358 1305 39 24 the
2409 1307 92 30 gentle-

1907 1342 55 16 man
1973 1339 24 19 to
2008 1335 32 24 be-
2047 1335 123 24 benefited
2180 1337 32 31 by
2223 1337 46 23 this
2281 1338 48 24 bill.
2365 1338 25 25 A
2403 1340 60 24 class
2475 1341 26 23 of

1906 1373 55 18 men
1971 1368 52 24 well
2033 1368 89 24 known:
2135 1373 23 20 to
2176 1369 40 25 the
2228 1371 130 30 gentleman
2375 1372 60 25 from
2455 1373 47 24 Li-

1906 1401 117 31 vingston,
2045 1402 54 24 wlio
2118 1410 63 16 were'
2198 1404 89 32 willing
2315 1410 26 19 to-
2366 1406 47 24 sell
2439 1406 64 25 their

1906 1439 98 27 country
2015 1439 28 20 to>
2049 1444 17 14 a-
2075 1440 35 20 set
2121 1436 25 24 of
2160 1436 102 32 English
2273 1437 176 34 stock-jobbers-
2453 1440 48 24 andi

1941 1502 52 24 The
2003 1502 44 24 bill
2053 1502 85 32 passed
2148 1503 83 25 ahaost
2241 1505 168 31 unanimously;.

1902 1552 242 25 ADVANTAGES
2174 1554 45 24 OF
2245 1556 255 25 ADVERTISING.

687 124 87 23 natives
787 125 80 24 of-this
878 131 54 27 part
942 127 26 23 of
985 127 60 25 New
1063 128 102 26 Zealand
1183 135 37 19 act
1231 132 24 23 in
1265 140 14 15 a

686 155 82 25 hostile
780 166 96 17 manner
882 161 98 23 towards
992 160 39 25 the
1042 162 132 32 European,
1179 164 97 30 settlers,

687 188 53 32 they
746 190 47 24 will
803 191 24 23 in
837 192 49 24 like
892 201 96 17 manner
993 194 28 24 be
1027 194 93 27 without
1127 195 40 25 the
1172 204 77 24 power
1256 198 24 23 of

682 221 124 33 justifying
812 225 61 24 their
878 227 106 24 conduct.
1003 227 125 25 Evennow
1135 228 54 32 they
1194 237 84 24 appaar

685 256 83 23 unable
791 261 23 20 to
838 260 130 30 appreciate
991 260 54 26 the-
1052 260 112 26 kindness
1187 263 26 23 of
1238 263 38 25 the

685 288 97 30 settlers,
791 290 44 24 and
847 299 34 16 we
887 292 50 24 fear
944 293 56 32 they
1010 294 109 24 attribute
1130 294 146 26 forbearauce

685 321 45 24 and
753 321 109 26 kindness
882 344 4 6 N
889 329 24 19 to
938 327 131 32 incapacity,
1093 328 44 24 and
1165 333 61 20 waot
1254 329 24 25 of

685 361 105 24 courage.

717 387 34 24 At
761 396 14 15 a
794 389 79 31 public
883 392 102 31 meeting
996 392 74 25 which
1081 393 44 25 had
1142 394 59 24 been
1212 395 61 30 held,

682 420 20 22 it
713 419 45 25 had
777 421 57 25 been
852 423 142 26 determined
1012 427 24 22 to
1047 427 109 24 establish
1168 436 14 15 a
1198 428 75 30 Bank,

683 456 23 19 to
718 453 28 24 be
758 454 71 25 called
849 460 39 19 tne
932 457 113 25 Adelaide
1059 460 75 23 -Bank
1146 461 45 24 and
1203 461 71 25 Trust

857 497 15 16 a
890 489 65 32 large
974 492 97 24 number
1090 493 25 24 of
1132 493 79 25 shares
1229 495 44 24 had

681 518 58 25 been
761 521 134 25 subscribed
917 523 44 31 for,
982 525 47 23 and
1047 526 69 24 much
1138 527 69 24 relief
1227 536 45 16 was

681 552 138 33 anticipated
834 552 64 35 ujfon
909 556 40 24 the
966 557 65 25 bank
1049 559 71 32 going
1131 560 48 24 into
1191 569 80 23 opera-

681 586 71 24 ation.

714 618 48 26 Mr.
782 620 124 26 Hamilton
923 622 47 25 had
988 624 132 25 introduced
1137 634 14 15 a
1170 627 61 31 pack
1249 629 24 22 of

678 650 97 32 hounds,
787 653 77 25 which
881 656 19 23 it
911 663 47 16 was
970 658 115 30 supposed
1095 660 75 24 would
1187 660 82 25 relieve

678 684 40 25 the
729 691 123 28 monotony
860 688 26 24 of
893 689 97 25 colonial
1002 691 47 25 life.

713 718 29 25 In
751 721 96 31 quoting
857 729 14 16 a
881 723 131 32 paragraph
1019 724 59 25 from
1090 733 14 16 a
1114 725 58 25 Port
1181 726 87 33 Phillip

676 759 79 24 paper,
778 756 148 31 announcing
947 756 39 24 the
1015 757 134 26 dissolution
1179 760 26 23 of
1230 761 38 24 the

676 785 137 25 Melbourne
819 788 116 25 -Auction
954 789 127 34 Company,
1100 792 38 24 the
1156 792 112 26 Adelaide

674 817 155 34 Independent
862 823 117 25 intimates
1006 824 51 24 that
1088 825 39 24 the
1154 826 113 26 Adelaide

677 851 119 33 Company
814 855 27 23 of
853 855 39 24 the
910 864 64 17 same
991 855 137 34 description
1139 860 75 23 would
1232 865 35 19 act

674 885 79 32 wisely
763 887 20 23 if
793 887 54 32 they
855 889 102 31 pursued
965 890 40 24 the
1015 891 49 25 like
1075 900 88 17 course.

709 918 49 25 Mr.
882 930 45 17 one
946 923 32 29 of,
991 924 40 24 the
1050 924 74 25 oldest
1141 926 46 23 and
1207 931 60 23 mesj

674 952 101 24 eminent
787 954 25 23 of
821 954 39 24 the
873 956 118 30 colonists,
999 957 46 24 had
1056 958 98 24 suffered
1166 967 15 15 a
1187 964 78 20 severe

673 985 109 25 affliction
801 987 32 31 by
842 988 41 24 the
897 989 119 33 drowning
1034 990 25 25 of
1074 999 14 16 a
1109 991 69 27 child.
1214 993 51 25 The

671 1018 83 25 female
776 1025 100 25 servant,
894 1023 26 23 in
942 1025 138 30 attempting
1099 1029 22 19 to
1141 1033 63 17 cross
1227 1027 37 24 the

673 1051 100 25 Torrens
785 1053 27 31 by
827 1062 14 15 a
857 1055 52 23 frail
922 1056 88 32 bridge,
1024 1057 45 24 had
1079 1058 70 24 fallen
1163 1060 49 23 into
1224 1060 38 24 the

671 1090 69 19 water
751 1086 55 24 with
824 1087 39 24 the
882 1088 62 25 child
961 1090 25 24 in
1003 1090 42 24 her
1064 1099 68 22 arms,
1144 1092 47 25 aad
1208 1093 56 24 both

671 1122 48 19 met
730 1127 13 15 a
753 1124 85 27 watery
849 1129 79 23 grave.

706 1151 50 24 The
765 1159 136 26 prospectus
913 1156 26 23 of
954 1164 14 16 a
979 1156 72 25 Flour
1069 1157 54 25 Mill
1144 1159 118 34 Company

669 1183 47 25 had
727 1185 56 24 been
801 1187 87 25 issued.
925 1189 52 24 The
996 1190 117 25 Colonists
1128 1200 59 17 were
1207 1201 55 16 con-

669 1218 82 24 vinced
760 1219 49 24 that
820 1221 56 32 they
885 1222 47 24 had
942 1228 42 20 not
994 1224 40 24 the
1051 1232 79 17 means
1142 1226 26 24 of
1182 1227 79 31 grind-

669 1251 42 31 ing
722 1251 38 25 the
779 1255 74 28 grain,
866 1257 111 30 expected
988 1261 24 20 to
1030 1258 28 23 be
1076 1257 90 33 yielded
1170 1261 3 6 1
1181 1260 31 31 by
1224 1260 37 24 the

668 1284 158 34 forthcoming
845 1288 102 26 harvest.
996 1290 25 24 It
1040 1292 21 23 is
1080 1292 49 24 said
1153 1293 52 24 that
1222 1294 39 24 the

668 1317 57 25 land
751 1327 51 17 now
839 1321 74 25 under
942 1323 142 32 cultivation,
1115 1326 47 24 will
1200 1321 61 37 yield

667 1359 65 16 more
741 1354 65 30 grain
818 1354 57 25 than
885 1356 48 24 will
944 1357 28 24 be
984 1358 67 31 equal
1068 1363 24 19 to
1104 1359 38 25 the
1153 1365 73 19 wants
1238 1361 25 24 of

668 1385 39 23 the
716 1386 96 32 Colony.
839 1388 53 25 The
902 1390 89 32 Colony
998 1391 42 24 has
1048 1392 59 24 been,
1113 1394 24 23 in
1144 1394 116 24 existence

667 1418 42 24 but
726 1420 44 23 five
788 1429 74 22 years,
880 1423 47 23 and
942 1425 87 30 parties
1048 1425 25 24 in
1092 1428 133 29 possession
1237 1427 25 24 of

667 1451 61 25 their
744 1453 54 25 land
815 1455 70 24 about
907 1461 46 20 two
975 1457 73 25 thirds
1071 1459 26 24 of
1121 1459 51 24 that
1189 1462 68 24 time.

667 1485 53 24 The
894 1490 90 32 Colony
992 1499 96 24 appears
1095 1497 26 24 to,
1127 1493 27 23 be
1163 1493 97 33 making

666 1524 61 19 most
737 1521 144 33 satisfactory
893 1524 92 30 strides,
997 1526 204 33 notwithstanding
1221 1528 38 23 the

666 1557 134 21 statements
812 1556 26 23 of
852 1556 31 24 its
895 1556 134 26 detractors.
1066 1559 58 25 Now
1135 1560 51 24 that
1207 1561 49 24 Go-

665 1593 82 17 vernor
766 1587 112 26 Gawler's
904 1592 183 24 unwarrantable
1111 1594 147 31 expenditure

664 1618 43 24 has
718 1619 57 25 been
787 1626 46 19 met
843 1623 33 31 by
887 1623 40 24 the
946 1624 78 24 Home
1045 1625 165 32 Government,
1223 1636 34 16 we

664 1657 82 27 expect
757 1658 22 20 to
791 1654 56 25 hear
858 1657 50 23 that
920 1657 78 25 affairs
1009 1658 64 25 there
1091 1667 37 17 are
1137 1660 65 33 daily
1212 1662 45 23 im-

664 1687 107 31 proving.
849 1699 4 5 •
921 1702 11 15 -.
984 1700 6 4 -

667 1731 5 3 -
697 1719 25 25 A
735 1721 105 31 monthly
850 1723 143 36 publication
1010 1726 96 24 entitled
1123 1726 41 25 the
1182 1726 75 26 South

662 1752 136 26 Australian
814 1753 34 25 M
848 1756 110 31 agaxine?
961 1758 122 32 published
1095 1765 22 19 at
1134 1761 122 31 Adelaide,

662 1785 47 25 had
719 1787 95 25 reached
825 1789 30 24 its
867 1790 63 25 third
940 1792 105 25 number.

667 1828 3 4 •
697 1820 25 25 A
743 1822 101 31 meeting
864 1824 28 23 of
918 1824 40 24 the
975 1826 106 31 working
1098 1827 86 25 classes
1210 1828 46 25 had

662 1853 71 24 taken
744 1855 78 31 place,,
829 1860 23 20 to
862 1865 56 23 pass
939 1867 14 14 a
972 1864 52 19 vote
1036 1860 26 23 of
1076 1867 95 18 censure
1191 1870 64 23 upon

664 1886 67 32 Capt.
753 1888 71 33 Grey,
848 1890 36 24 for
902 1891 85 32 having
1009 1893 92 26 refused
1121 1899 23 20 to
1168 1897 87 23 receive

662 1928 64 17 some
744 1922 92 25 address
857 1924 76 25 which
951 1926 55 32 they
1025 1926 46 25 had
1090 1929 120 30 presented
1231 1934 24 20 to

661 1954 59 25 him.

695 2006 131 30 T,kkaci,e.
827 2021 35 6 —
862 2010 47 29 }Ye
920 2016 83 19 cannot
1019 2012 48 24 find
1079 2022 44 23 any
1134 2015 85 25 treacle
1228 2017 24 23 in

655 2039 45 23 ;the
712 2040 104 30 -market,
838 2041 69 25 while
928 2043 37 24 the
984 2045 79 24 article
1083 2046 21 23 is
1125 2041 129 39 absolutely

659 2077 121 27 necessary
792 2075 23 22 in
827 2083 14 15 a
857 2076 106 32 printing
980 2078 115 26 business.
1130 2080 54 25 Just
1201 2090 53 19 now,

659 2113 34 16 we
704 2114 53 24 may
768 2115 41 24 say
822 2116 32 16 we
866 2117 38 16 are
917 2110 23 23 in
953 2116 65 26 great
1029 2111 95 26 distress
1135 2114 37 23 for
1182 2115 71 25 about

659 2137 62 26 Blbs.
732 2140 26 24 of
771 2141 19 24 it
791 2154 32 4 —
823 2142 47 24 and
880 2143 76 25 would
965 2144 66 25 deem
1042 2146 19 24 it
1073 2154 14 16 a
1097 2147 96 25 favo^if
1207 2157 45 24 any

657 2180 93 23 person.
753 2174 89 32 having,
849 2184 15 15 a
874 2177 89 30 private
974 2179 66 24 stock
1057 2180 75 25 would
1151 2181 56 25 lend
1225 2191 27 16 or

659 2206 43 24 sell
714 2215 26 16 us
753 2207 48 25 that
813 2211 115 30 quantity.

659 2266 31 20 To
700 2266 35 20 tht
744 2267 78 21 Editor
830 2268 28 25 of
867 2269 36 21 the
1007 2273 94 20 Zealand
1112 2274 87 22 Gazette
1208 2276 42 21 and

814 2296 128 27 Wellington
956 2299 120 26 Spectator.
1078 2302 6 11 l
1087 2302 6 11 '

692 2350 55 30 Sir,*
747 2363 35 5 —
782 2351 71 25 From
865 2361 29 16 an
907 2354 80 25 article
1003 2356 25 24 in
1044 2365 58 22 your
1118 2358 96 26 Journal
1226 2361 26 23 of

657 2381 89 27 the'6th
753 2386 64 28 inst.,
826 2386 14 23 I
851 2386 46 24 feel
904 2388 87 31 myself
1000 2389 73 25 called
1081 2399 61 23 upon
1152 2397 24 19 to
1184 2394 64 24 write

657 2418 130 32 something
796 2419 26 23 in
833 2419 39 24 the
888 2420 119 27 character
1019 2424 26 23 of
1048 2432 19 15 -a
1085 2425 75 32 reply,,
1170 2426 78 26 which

657 2450 14 24 I
682 2448 59 35 Hope
760 2460 45 23 you
816 2453 46 23 will
877 2453 29 25 do
926 2462 37 17 me
982 2456 38 24 the
1031 2457 81 24 favour
1123 2464 23 19 to
1164 2460 81 25 insert.

657 2483 52 25 The
725 2485 96 32 feelings
832 2487 76 24 which
925 2495 57 25 urge
995 2499 38 15 me
1050 2499 31 16 on
1092 2496 23 20 to
1127 2492 55 25 take
1200 2494 47 24 this

655 2521 51 28 step
725 2527 38 15 are
775 2525 42 18 not
833 2521 26 23 of
874 2529 14 15 a
898 2521 84 26 hostile
993 2528 89 26 nature,
1102 2534 25 15 or
1146 2535 15 15 a
1172 2527 75 25 desire

655 2555 24 19 to
688 2560 87 24 engage
786 2554 25 23 in
823 2562 13 15 a
842 2554 79 32 public
934 2561 153 29 controversy,
1100 2559 34 24 for
1144 2560 77 25 which
1231 2562 14 24 I

655 2590 40 19 not
723 2586 53 32 only
798 2587 44 24 feel
864 2596 14 16 a
901 2597 67 17 sense
992 2591 27 23 of
1038 2600 39 24 my
1096 2593 147 34 inadequacy,

654 2618 42 24 but
716 2624 23 19 to
750 2620 81 30 which,
851 2626 25 19 at
898 2622 31 25 all
953 2621 75 34 tinfes,
1052 2626 14 24 I
1088 2626 44 25 feel
1150 2636 93 18 averse.

654 2652 78 24 There
745 2661 47 22 are,
812 2654 113 32 however,
947 2665 94 17 seasons
1054 2659 65 25 when
1130 2668 34 17 we
1180 2667 63 20 must

653 2690 54 20 turn
719 2695 13 15 a
739 2687 54 24 deaf
802 2696 39 17 ear
852 2693 24 20 to
887 2689 41 25 the
937 2691 99 32 whisper
1047 2693 26 23 of
1081 2694 63 24 one's
1154 2696 89 31 private
1248 2701 4 7 '

652 2720 104 32 feelings,
780 2721 46 25 and
847 2730 93 18 assume
958 2733 14 15 a
994 2727 100 30 position
1112 2735 34 17 we
1167 2730 76 24 would

652 2754 79 24 rather
740 2754 75 32 %void.
852 2756 33 24 So
896 2758 20 23 it
927 2759 20 23 is
960 2759 55 24 with
1026 2768 45 21 me,
1090 2761 47 25 Mr.
1150 2761 91 32 Editor,

653 2788 81 24 oathe
749 2794 94 27 present
860 2792 115 24 occasion.
1012 2793 24 24 It
1047 2794 20 23 is
1083 2794 37 25 the
1132 2795 55 26 loud
1199 2797 45 24 and

652 2822 125 30 imperious
783 2830 5 3 -
794 2824 65 23 voice
871 2824 26 24 of
913 2824 57 33 duty
980 2826 67 25 alone
1069 2828 74 24 which
1161 2830 82 32 brings

651 2862 37 16 me
699 2855 99 25 forward
810 2864 30 16 on
857 2857 78 25 behali
947 2859 25 23 of
986 2860 41 23 the
1038 2861 137 33 Wesleyan_
1179 2864 62 25 Mis-

651 2888 118 30 sionaries,
782 2890 54 23 with
848 2890 76 25 whom
937 2892 14 24 I
961 2901 39 15 am
1010 2901 64 17 more
1080 2886 161 43 Immediately

651 2922 132 25 connected.

683 2954 26 25 It
720 2963 45 16 was
775 2964 39 24 my
824 2957 116 25 intention
955 2963 24 20 to
990 2961 89 25 confine
1090 2970 38 25 my
1135 2965 105 24 remarks

650 2991 23 21 to
685 2988 39 24 the
737 2989 68 25 latter
823 2995 53 27 part
887 2991 26 24 of
932 2992 36 25 the
986 2995 80 24 article
1069 3002 5 8 1
1088 2996 98 26 referred
1198 2999 40 24 to;

649 3021 42 24 but
707 3022 86 33 feeling
808 3025 96 23 assured
920 3026 51 24 that
987 3035 48 24 you
1052 3029 47 25 will
1117 3029 66 26 allow
1201 3040 38 17 me

648 3062 69 25 space
727 3056 36 24 for
773 3065 14 15 a
804 3057 86 25 second
906 3059 76 31 letter,
1002 3061 15 24 I
1036 3062 45 24 will
1097 3064 99 31 proceed
1214 3070 24 20 to

648 3089 75 24 notice
741 3090 38 24 the
800 3098 196 20 commencement
1007 3095 26 23 of
1048 3095 39 25 the
1107 3105 70 22 same,
1192 3100 46 24 and

647 3122 75 24 which
738 3123 13 24 I
770 3129 69 26 quote
860 3125 26 24 in
905 3126 52 25 full.
1030 3129 59 36 The*
1089 3129 149 36 Missionary

648 3155 112 26 Societies
770 3158 52 23 first
835 3158 105 33 imposed
958 3160 39 25 the
1008 3162 53 24 task
1079 3171 62 24 upon
1160 3165 76 26 them-

646 3189 82 30 selves,
740 3191 46 24 and
801 3191 37 24 for
849 3200 71 25 many
931 3202 67 24 years
1015 3203 59 18 were
1087 3198 36 23 the
1135 3199 49 24 sole
1196 3208 40 16 oc-

646 3228 94 26 cupants
753 3224 26 24 of
787 3224 39 25 the
836 3226 63 25 field.
937 3228 161 33 Throughout,
1111 3231 55 33 they
1177 3233 58 26 have

645 3256 61 24 dealt
717 3257 83 25 almost
809 3259 86 32 wholly
905 3261 56 24 with
972 3262 110 32 religious
1089 3265 125 26 influences
1226 3276 7 21 ;

645 3289 38 24 the
699 3290 109 33 physical
824 3292 54 24 well
890 3293 68 32 being
975 3295 32 32 of
1022 3296 39 24 the
1076 3297 101 26 Natives
1191 3300 44 25 hits

645 3322 53 26 been
709 3323 148 33 disregarded
873 3326 29 33 by
914 3327 69 25 them.
1017 3329 31 24 In
1069 3332 104 24 outward
1190 3341 42 25 ap-

638 3364 135 24 pearances,
786 3358 28 24 in-
822 3359 73 29 dress,
905 3360 25 24 in
940 3361 77 25 habits
1017 3381 7 11 t
1029 3363 23 24 in
1060 3365 76 23 modes
1143 3366 31 32 of
1181 3367 51 31 life,

643 3389 38 25 the
692 3391 76 24 native
778 3391 22 24 is
811 3393 81 31 nearly
904 3393 25 24 in
949 3394 38 25 the
1004 3403 62 18 same
1078 3401 61 22 state
1158 3407 28 17 as
1205 3400 28 24 he

642 3431 48 16 was
690 3421 80 35 found
785 3424 28 33 by
826 3426 38 24 the
875 3425 156 36 Missionary.
1067 3430 48 25 The
1118 3440 115 24 progress

641 3456 25 24 in
677 3457 60 24 their
747 3458 75 25 social
830 3462 62 21 state
900 3460 44 25 has
951 3461 53 25 been
1012 3464 83 29 small;
1107 3465 44 25 and
1163 3467 69 25 while

641 3490 55 32 they
709 3499 38 16 are
766 3492 105 34 allowed^
880 3497 24 21 to
928 3494 57 26 herd
1005 3497 105 32 together
1126 3499 25 24 in
1171 3501 60 24 their

639 3524 68 32 filthy
715 3525 71 31 Pahs,
798 3526 45 25 and
853 3526 61 26 their
925 3528 113 34 language
1049 3532 21 23 is
1077 3533 109 31 retained,
1196 3542 35 16 we

638 3558 81 25 fear^it
730 3564 63 20 must
803 3560 28 24 be
1050 3556 2 7 '
1071 3580 3 4 .

673 3591 67 32 Now,
747 3593 143 31 Mr.Editor,
896 3594 57 26 here
960 3598 111 32 certainly
1074 3599 21 24 is
1102 3600 127 31 amistake,

638 3625 42 24 but
692 3630 40 20 not
742 3627 71 23 wilful
822 3637 6 19 ;
842 3629 234 33 misrepresentation,
1087 3632 41 25 but
1139 3638 41 19 not
1190 3635 38 23 in-
1240 3622 1 39 I

638 3660 118 25 tentional.
793 3660 64 25 True
875 3663 18 23 it
909 3663 29 29 is,
957 3663 51 25 that
1025 3664 37 25 the
1087 3666 146 34 Missionary.

636 3692 122 32 Societies,
772 3699 41 19 not
824 3695 55 32 only
889 3696 37 24 for
937 3704 14 16 a
961 3697 56 33 long
1035 3699 62 30 time,
1115 3699 41 26 but
1167 3701 59 30 first,

636 3727 122 30 possessed
774 3727 44 29 the,
825 3729 63 24 field.
925 3730 59 25 This
996 3737 84 20 cannot
1096 3733 27 24 be
1135 3734 90 25 denied.

636 3759 59 24 Men
707 3760 26 24 of
742 3760 59 31 God,
815 3764 146 24 constrained
974 3764 30 32 by
1015 3774 14 15 a
1041 3765 54 32 holy
1107 3767 59 30 love,
1184 3776 41 24 ap-

635 3793 86 30 proved
737 3795 45 23 and
800 3797 123 30 appointed
940 3798 31 32 by
982 3798 37 24 his
1036 3799 92 31 church,
1146 3801 79 32 gladly

634 3826 42 23 left
684 3826 38 25 the
730 3827 158 26 endearments
898 3831 27 23 of
933 3830 75 31 honie,
1015 3833 85 24 braved
1109 3833 37 24 the
1151 3838 73 21 storm

634 3859 27 23 of
679 3859 41 25 the
738 3861 89 32 mighty
847 3868 90 25 waters,
956 3864 45 25 and
1016 3866 166 25 disembarked,
1194 3876 30 16 on

634 3891 67 25 these
714 3892 79 26 shores
804 3895 27 23 of
845 3896 136 30 barbarism,
1001 3898 93 32 danger,
1112 3899 44 25 and
1174 3901 48 29 toil,

633 3924 135 34 exclusively
786 3928 45 24 and
848 3928 67 23 alone
928 3930 36 23 for
982 3931 39 24 the
1038 3931 85 25 benefit
1134 3932 27 25 of
1176 3933 54 25 this,

632 3965 61 18 race.
730 3959 45 25 Let
793 3960 38 25 the
855 3962 107 30 question
980 3964 29 24 be
1027 3964 81 32 asked,
1125 3965 44 27 has
1190 3974 31 21 po

1304 132 61 30 good
1381 129 101 30 resulted
1492 135 10 24 ?
1545 135 69 24 Have
1632 136 31 24 all
1680 136 40 24 the
1739 138 97 24 arduous
1857 143 36 19 at-

1304 169 85 27 tempts
1395 166 59 24 been
1460 167 105 26 fruitless
1571 169 46 23 and
1624 171 160 23 unsuccessful
1790 171 9 24 ?
1828 171 64 24 Does

1305 197 40 24 the
1365 204 94 26 present
1469 205 70 20 -state
1551 202 26 23 of
1595 201 41 24 the
1646 203 89 23 natives
1753 211 66 24 array
1830 204 62 25 them

1304 231 56 23 with
1378 232 38 24 the
1433 239 118 24 garments
1563 235 26 23 of
1606 235 87 30 shame,
1706 235 46 25 and
1773 238 119 24 command

1304 263 70 31 them,
1388 265 157 33 disappointed
1556 268 188 30 and-frustrated,
1757 274 24 19 to
1793 271 49 30 quit
1853 271 39 23 the

1303 296 62 30 field,
1386 298 45 24 and
1441 299 119 32 mocking,
1575 300 40 24 tell
1627 300 63 25 them
1702 301 50 25 that
1769 303 52 32 they
1833 303 58 25 have

1332 338 63 16 sown
1404 331 39 24 the
1454 333 62 23 wind
1526 333 45 24 and
1582 334 84 31 reaped
1678 334 38 25 the
1730 331 126 29 whirlwind

1303 362 67 30 This,
1389 364 13 23 I
1414 365 36 23 ani
1462 365 54 30 glad
1532 374 46 23 you
1589 367 30 23 do
1633 372 43 19 not
1691 368 95 31 broadly
1796 370 73 24 affirm
1881 380 6 20 ;

1292 395 52 30 ?but
1360 405 45 23 you
1425 398 41 23 tell
1478 406 61 24 .your
1552 399 100 30 readers,
1665 401 50 23 that
1728 401 60 24 their
1829 403 60 32 phy-

1300 429 58 24 sical
1369 430 51 24 well
1436 431 70 31 being
1516 432 42 24 has
1569 432 60 24 been
1840 436 49 24 that

1328 462 26 24 in
1365 465 101 23 outward
1475 473 161 23 appearances,
1642 467 31 23 In
1683 467 73 30 dress,
1768 468 27 23 in,
1799 468 87 32 -habits,

1299 495 26 24 in
1335 496 78 24 modes
1425 496 25 25 of
1465 497 48 30 life,
1525 498 39 24 the
1581 500 78 23 native
1676 501 21 22 is
1715 502 83 30 nearly,
1805 502 24 24 in
1850 503 37 24 the

1300 535 63 17 same
1382 534 58 20 state
1456 538 26 16 as
1499 531 29 24 he
1540 539 46 16 was
1595 533 72 23 found
1678 533 30 32 by
1720 534 38 23 the
1774 535 113 24 Mission-

1401 562 66 31 This,
1478 565 117 31 certainly,
1607 566 21 23 is
1636 570 40 20 not
1687 575 14 15 a
1765 576 25 15 or
1801 574 86 19 correct

1299 599 129 21 statement.
1465 597 52 24 One
1528 602 63 20 must
1602 599 78 24 not.be
1690 599 94 25 hurried
1795 606 22 19 to
1829 602 58 25 such

1298 635 15 17 a
1329 629 132 24 conclusion
1471 630 59 24 from
1546 631 39 24 the
1602 637 60 19 state
1673 634 26 22 of
1716 641 43 17 our
1778 642 50 16 own
1843 636 42 24 im-

1297 660 98 26 mediate
1412 664 97 29 natives,
1526 664 51 24 who
1588 665 59 24 have
1664 670 42 20 not
1715 666 57 32 long
1782 669 102 24 received

1297 694 38 23 the
1353 695 71 24 direct
1440 696 94 25 labours
1545 698 26 23 of
1586 698 170 26 Missionaries.
1793 701 14 23 I
1824 707 60 19 most

1296 728 180 33 unhesitatingly
1487 731 75 23 affirm
1581 731 52 25 that
1651 733 39 23 the
1703 754 3 7 ,
1711 741 140 23 appearance
1863 736 25 23 of

1296 761 65 24 those
1369 762 26 23 of
1399 762 63 25 them
1466 764 54 23 who
1527 764 57 24 have
1591 765 36 24 for
1638 773 63 16 some
1711 767 56 23 time
1774 766 45 25 had
1826 768 64 24 their,

1295 796 111 23 attention
1410 796 78 24 drawn
1496 797 97 24 towards
1599 798 39 24 the
1644 799 95 31 Gospel,
1747 801 136 24 contradicts

1295 827 38 24 the
1339 830 111 23 assertion
1457 829 49 24 that
1512 830 58 25 their
1602 832 104 31 physical
1711 833 51 23 well
1769 822 114 43 being^'as

1286 860 66 24 'been
1363 862 154 31 disregarded,
1516 864 9 10 4
1528 864 7 10 '
1547 864 44 25 &c.
1627 865 79 30 Facts,
1718 865 38 24 the
1768 860 115 38 infallibte

1294 893 115 31 criterion,
1417 895 41 24 tell
1465 904 28 15 us
1501 896 49 25 that
1558 897 64 25 these
1632 898 77 31 things
1716 898 58 25 have
1782 900 56 24 been
1846 909 36 16 re-

1293 927 93 31 garded,
1394 929 44 23 and
1449 929 50 24 also
1507 931 128 30 promoted.
1659 931 49 25 Not
1715 933 54 31 only
1776 933 40 24 has
1824 934 59 24 their

1292 961 95 31 general
1391 963 166 31 improvement
1563 964 105 25 followed
1673 974 26 15 as
1708 974 13 15 a
1727 973 155 25 consequence

1293 994 28 24 of
1321 993 58 25 their
1386 996 132 31 embracing
1522 997 160 33 Christianity;
1689 999 41 23 but
1736 999 62 24 these
1805 1001 76 31 things

1292 1027 57 24 have
1366 1028 118 32 distinctly
1502 1031 104 23 received
1624 1032 38 23 the
1670 1054 3 6 ,
1680 1034 111 22 attention
1802 1034 26 24 of
1843 1034 38 24 the

1292 1060 123 32 Wesleyan
1426 1062 170 26 Missionaries.
1631 1065 35 24 At
1678 1074 42 16 our
1736 1066 46 24 last
1792 1067 89 25 district

1290 1095 109 31 meeting,
1422 1095 65 24 these
1506 1096 102 32 subjects
1624 1106 59 17 were
1697 1100 112 31 seriously
1824 1109 56 17 con-

1290 1127 97 30 sideredi
1395 1128 49 25 .and
1462 1129 70 32 plans
1541 1138 59 16 were
1610 1131 104 32 adopted,
1734 1138 23 19 to
1775 1140 103 25 promote

1290 1160 59 25 their
1363 1161 105 32 physical
1485 1163 45 24 and
1543 1164 95 31 general
1648 1166 166 31 improvement
1834 1168 46 24 and

1290 1194 103 26 comfort.
1427 1195 110 31 Further,
1549 1198 24 22 in
1580 1198 41 24 the
1628 1201 155 23 continuation
1790 1201 26 23 of
1821 1208 57 24 your

1288 1227 103 24 remarks
1402 1236 45 24 you
1457 1230 40 23 tell
1504 1229 40 24 the
1555 1231 71 24 world
1638 1232 49 24 that
1700 1233 37 24 the

1275 1261 39 23 iin
1325 1260 59 25 their
1395 1262 71 24 social
1484 1267 58 21 state
1556 1264 42 24 has
1615 1265 58 24 been
1818 1268 60 25 This

1417 1295 47 30 Sir,
1476 1297 21 23 is
1508 1302 41 19 net
1562 1304 93 24 correct,
1674 1300 45 23 and
1730 1301 75 23 would
1817 1307 61 19 meet

1287 1327 60 24 from
1358 1328 38 24 the
1407 1330 90 24 natives
1506 1330 138 26 themselves
1655 1341 15 15 a
1679 1339 145 27 peremptory
1835 1335 41 24 de-

1287 1361 55 24 nial.
1385 1361 51 25 Our
1464 1363 162 26 Missionaries
1648 1366 134 25 introduced
1800 1368 76 25 them-

1287 1394 73 24 selves
1371 1403 25 16 as
1407 1396 121 31 preachers
1541 1398 25 24 of
1575 1399 39 23 the
1626 1399 95 33 Gospel,
1732 1401 56 24 with
1798 1407 79 27 empty-

1287 1427 71 24 hands
1377 1429 45 24 and
1440 1429 108 29 humble,
1553 1433 142 30 pretentions
1715 1442 26 16 as
1759 1439 23 19 to
1800 1436 75 24 riches

1286 1460 44 25 and
1341 1462 88 29 wealth,
1448 1464 47 24 and
1505 1464 32 32 by
1548 1465 97 25 conduct
1655 1475 27 18 £*s
1699 1469 174 30 parsimonious,

1285 1493 57 26 have
1353 1495 54 32 they
1417 1497 91 24 walked
1518 1498 77 25 before
1606 1500 71 30 them,
1690 1501 45 23 and
1746 1509 57 22 now,
1817 1503 58 24 after

1287 1528 38 24 the
1344 1528 64 33 lapse
1424 1530 26 24 of
1466 1535 85 28 twenty
1562 1540 74 23 years,
1657 1534 19 24 it
1687 1539 64 19 must
1768 1536 60 30 yield
1850 1540 23 20 to

1285 1561 64 24 thsse
1358 1562 119 25 honoured
1488 1570 104 19 servants
1604 1567 27 23 of
1640 1563 80 29 God^a

1284 1603 30 16 no
1325 1597 101 30 enemy's
1437 1597 63 27 hand
1512 1606 41 17 can
1566 1600 77 29 touch,
1655 1601 51 24 that
1716 1601 40 24 the
1766 1602 51 24 love
1828 1604 45 23 and

1284 1634 98 26 respect,
1386 1630 24 23 of
1424 1631 41 24 the
1480 1633 95 29 natives,
1595 1641 26 16 so
1633 1634 35 24 far
1678 1635 59 23 from
1750 1635 121 33 declining,

1284 1662 41 24 has
1335 1663 122 32 gradually,
1466 1665 131 31 increased;
1622 1667 45 24 arid
1678 1676 70 16 never
1758 1669 42 24 has
1809 1670 64 25 there

1285 1695 78 25 been-a
1372 1697 79 31 period
1462 1698 24 23 in
1496 1699 72 24 which
1581 1700 65 27 their,
1652 1702 86 25 desires
1746 1702 57 24 have
1814 1704 59 24 been

1284 1734 116 27 stronger.
1405 1735 23 20 to
1447 1733 90 23 receive
1555 1733 62 25 them
1637 1734 54 25 than
1712 1735 39 24 the
1769 1740 100 28 present.

1283 1763 55 24 And
1349 1764 60 24 what
1427 1765 55 24 does
1502 1766 32 25 all
1553 1767 47 24 this
1612 1771 70 28 argue
1690 1769 16 28 ?,
1736 1770 67 31 They
1815 1770 57 24 have

1281 1798 139 31 not-opened
1431 1805 23 17 to
1467 1799 63 25 them
1541 1801 66 23 fields
1619 1802 26 23 of
1662 1803 91 29 wealth,
1765 1804 41 23 but
1818 1804 53 32 they

1283 1829 65 31 have,
1354 1839 26 15 as
1386 1831 75 25 divine
1466 1833 158 31 instruments,
1631 1836 145 24 ameliorated
1782 1838 89 31 greatly

1283 1863 59 24 their
1357 1865 110 32 temporal
1484 1867 123 29 condition,
1626 1877 25 15 as
1664 1870 50 23 well
1732 1878 25 15 as
1772 1868 99 27 directed

1282 1896 59 25 their
1351 1898 55 24 feet.
1412 1900 26 23 in
1456 1899 39 24 the
1513 1908 62 24 ways
1586 1902 25 23 of
1627 1910 78 23 peace.
1741 1904 59 24 This
1817 1904 55 33 they

1281 1930 136 26 themselves
1424 1933 83 30 affirm,
1520 1934 45 24 and
1574 1942 62 24 upon
1644 1936 46 24 this
1703 1937 19 23 is
1729 1937 71 24 based
1811 1938 60 25 their

1280 1963 59 30 love,
1351 1966 139 30 confidence,
1504 1968 46 23 and
1562 1969 89 30 regard.
1687 1970 49 24 But
1746 1971 33 24 let
1790 1979 28 16 us
1829 1978 42 18 not

1281 1997 28 24 be
1318 1998 85 32 guided
1420 1999 31 32 by
1463 2000 60 24 their
1534 2009 51 16 own
1603 2007 124 22 statement
1737 2013 5 20 ;
1765 2005 52 31 only
1835 2005 35 25 let

1273 2029 186 35 -ns^hnpartially
1465 2034 46 25 a«d
1520 2035 62 23 in*n
1588 2037 165 31 unprejudiced
1764 2037 102 30 mantie'r,

1280 2069 105 21 contrast
1391 2065 59 25 their
1461 2072 94 25 present
1565 2072 59 20 state
1636 2069 54 24 with
1700 2070 51 24 that
1760 2072 24 23 in
1795 2071 74 25 which

1280 2095 125 40 thej;'were
1415 2099 72 24 found
1504 2100 31 32 by
1547 2100 41 25 the
1595 2114 3 5 •
1605 2102 161 27 Missonaries.
1802 2105 67 32 They

1280 2131 58 37 wjire
1367 2132 53 24 wild
1605 2137 114 32 revolting
1739 2139 127 29 cannibals,

1278 2164 50 24 and
1330 2172 46 17 war
1385 2173 44 17 was
1438 2166 60 25 their
1508 2168 96 25 beloved
1611 2170 72 29 trade,
1695 2171 58 24 each
1762 2172 26 23 of
1794 2172 73 25 which

1278 2198 73 32 might
1362 2200 88 24 receive
1462 2201 112 25 attention
1585 2210 26 16 as
1630 2203 94 33 bearing
1735 2213 61 24 upon
1808 2206 58 24 their

1278 2232 70 23 social
1354 2233 175 29 wretchedness.
1548 2236 48 24 But
1608 2236 14 24 I
1635 2238 73 24 would
1719 2240 87 31 merely
1817 2248 48 23 say,

1277 2264 53 30 that,
1337 2266 58 24 such
1405 2276 14 15 a
1429 2275 69 17 scene
1509 2269 27 23 of
1549 2269 82 25 horror
1642 2276 63 19 must
1717 2272 59 24 have
1788 2273 78 25 driven

1276 2298 77 25 before
1364 2300 37 30 its,
1407 2301 50 24 face
1475 2302 45 25 and
1530 2302 113 26 banished
1652 2304 68 26 from,
1724 2306 31 24 its
1772 2307 93 24 borders

1276 2333 127 32 sociability
1422 2334 25 24 in
1464 2335 45 29 its.
1516 2336 110 31 roughest
1644 2338 78 30 forms,
1744 2340 46 23 and
1807 2340 58 25 have

1276 2367 86 29 opened
1371 2368 30 23 oh
1410 2376 68 24 every
1485 2368 61 25 hand
1553 2370 73 24 floods
1633 2372 26 23 of
1668 2380 93 18 sorrow.
1789 2374 75 24 Num-

1274 2398 54 31 bers,
1337 2407 59 18 were
1402 2407 62 19 wont
1475 2407 24 19 to
1509 2403 30 24 be
1551 2403 71 25 taken
1633 2405 25 24 in
1668 2405 61 25 their
1737 2414 65 23 wars,
1816 2406 45 26 and

1276 2433 87 33 cruelly
1372 2435 43 24 and
1422 2440 61 19 most
1490 2436 135 33 inhumanly
1632 2441 138 24 massacred.
1806 2441 58 25 Man

1275 2466 73 25 would
1358 2469 103 31 greedily
1471 2470 87 24 devour
1567 2479 62 22 man,
1642 2472 60 25 from
1713 2474 40 23 the
1769 2476 57 30 aged
1839 2480 23 19 to

1274 2499 38 24 the
1323 2498 80 28 infant.
1440 2502 52 25 The
1504 2505 117 23 continual
1635 2506 97 33 liability
1743 2512 24 19 to
1779 2508 84 25 hostile

1275 2534 90 24 attacks
1393 2536 75 24 would
1497 2537 92 33 destroy
1615 2534 69 29 those'
1709 2540 98 34 feelings
1839 2544 27 23 of

1273 2574 123 24 quescence
1424 2570 76 24 which
1528 2572 101 32 security
1654 2574 93 25 affords.
1794 2576 66 30 Now,

1273 2600 86 33 though
1369 2610 69 24 many
1450 2604 27 23 of
1503 2605 63 24 them
1576 2607 90 24 remain
1676 2609 124 24 untutored
1817 2610 44 24 and

1271 2634 63 30 rude,
1346 2641 40 26 yet
1396 2636 207 40 cahnibalism^and
1614 2647 47 17 war
1675 2649 46 22 are,
1740 2642 14 24 I
1765 2643 94 30 believe,

1271 2672 24 19 at
1304 2676 29 16 an
1351 2670 52 24 end.
1439 2671 82 24 Slaves
1533 2680 38 16 are
1582 2673 70 32 being
1663 2676 104 24 restored
1777 2681 23 20 to
1821 2677 39 24 the

1269 2707 117 20 remnants
1398 2704 26 23 of
1437 2697 65 32 'their
1513 2706 107 30 families,
1642 2708 59 24 from
1711 2709 77 25 wham
1805 2711 55 31 they

1269 2735 58 24 have
1337 2735 59 25 been
1407 2742 59 26 torn,
1480 2739 71 24 tribes
1560 2741 66 24 abide
1638 2742 24 23 in
1673 2750 78 24 peace,
1763 2744 47 24 and
1820 2753 39 15 are

1270 2773 46 21 not,
1327 2769 80 25 afraid.
1443 2771 34 25 It-
1485 2778 63 19 must
1558 2774 29 23 be
1598 2775 128 30 confessed,
1748 2777 46 24 and
1802 2779 57 24 -with

1269 2810 43 16 one
1330 2805 80 23 accord
1426 2805 29 24 do
1468 2806 38 25 the
1518 2808 89 23 natives
1625 2808 137 31 themselves
1776 2817 81 25 assert,

1270 2835 50 26 that
1331 2836 162 28 Missionaries
1504 2840 59 24 have
1580 2841 61 25 been
1657 2843 162 26 instrumental
1833 2846 25 23 in

1269 2869 45 24 this
1322 2870 95 32 change.
1455 2873 51 24 Nor
1518 2883 44 15 can
1567 2875 19 23 it
1592 2875 30 24 be
1631 2876 106 32 thought,
1745 2879 111 30 affirmed,

1268 2911 26 16 or
1315 2903 108 32 believed,
1441 2906 53 25 that
1511 2916 27 16 as
1554 2909 65 30 such,
1643 2918 30 16 an
1690 2911 99 30 evident,
1812 2920 44 17 un-

1268 2936 105 32 doubted,
1403 2939 176 35 acknowledged
1607 2942 88 33 change
1724 2945 44 24 has
1797 2946 59 24 been

1267 2970 101 31 effected,
1380 2973 46 24 and
1436 2979 40 26 yet
1511 2975 40 24 the
1562 2984 107 24 progress
1681 2978 94 25 intheir
1787 2981 69 23 social

1354 3009 23 20 to
1395 3006 58 25 have
1582 3017 27 16 so
1776 3013 46 30 Sir,
1841 3014 15 24 I

1265 3036 92 26 askiiot
1367 3040 26 24 in
1403 3040 81 26 behalf
1493 3043 27 23 of
1527 3050 40 25 my
1579 3045 111 24 reverend
1702 3045 108 25 brethren
1819 3047 37 24 for

1265 3068 90 31 articles
1367 3073 27 24 of
1407 3076 129 24 encomium
1551 3077 46 24 and
1614 3079 85 30 praise,
1717 3079 43 24 but
1780 3080 73 31 think,

1265 3104 49 25 that
1318 3113 62 21 .even
1390 3107 67 25 when
1468 3117 46 23 you
1522 3118 53 24 may
1592 3111 46 24 feel
1655 3113 106 29 yourself
1781 3114 73 24 elated

1264 3138 31 32 by
1305 3138 39 25 the
1355 3139 113 27 desirable
1479 3141 107 34 prospect
1595 3145 26 24 of
1630 3147 156 31 outstripping
1792 3148 61 26 them

1263 3172 25 23 in
1298 3171 59 25 their
1368 3174 86 25 benefit
1464 3181 24 19 to
1501 3177 64 24 these
1575 3178 80 30 tribes,
1665 3188 46 22 you
1723 3181 73 31 ought
1805 3186 47 25 not,

1263 3213 56 16 even
1330 3206 63 31 then,
1404 3208 36 25 for
1452 3209 39 25 the
1502 3210 56 25 sake
1567 3212 27 23 of
1607 3211 99 33 honesty
1715 3214 45 23 and
1769 3214 92 31 desert,*

1263 3243 22 20 to
1296 3238 127 35 disparage.
1460 3243 103 33 Fearing
1580 3245 51 24 that
1650 3245 14 24 I
1683 3247 58 24 have
1761 3248 92 32 already

1263 3275 128 29 trespassed
1402 3280 37 21 too
1450 3277 71 24 much
1532 3286 31 16 on
1570 3287 58 23 your
1639 3280 111 31 columns,

1534 3311 13 25 I
1560 3313 94 29 remain,
1666 3313 47 31 Sir,

1412 3343 68 24 Your
1490 3349 62 20 most
1564 3346 107 24 obedient
1682 3352 100 25 servant,

1520 3371 50 36 V
1582 3379 95 25 JOHN
1693 3381 156 26 ALDRED.

1260 3406 148 34 Wellington,
1422 3410 112 26 October
1540 3414 39 28 14,
1594 3415 75 23 1841.

1348 3444 2 5 ■
1447 3454 4 5 ,
1523 3448 9 6 i-
1532 3438 21 14 1^
1744 3450 9 7 •

1353 3476 72 26 THE
1448 3479 140 25 UNITED
1610 3479 146 28 STATES.

1941 1596 52 24 The
2004 1596 122 33 following,
2136 1606 52 24 says
2198 1599 39 24 the
2245 1599 115 25 Cornwall
2369 1600 132 31 Chronic!*,,

1899 1629 48 24 {has
1956 1630 62 24 teen
2028 1636 53 18 sent
2092 1636 28 19 to.
2125 1639 29 16 us
2165 1632 36 24 for
2211 1632 119 31 insertion,
2339 1634 47 24 and
2394 1643 35 16 we
2445 1643 58 16 can-
2519 1650 2 5 ■

1899 1663 47 24 oobt
1966 1664 42 23 but
2019 1664 48 24 feel
2082 1665 81 32 deeply,
2174 1666 127 31 impressed
2311 1667 54 24 with
2378 1668 38 24 the
2435 1669 67 24 trufclii

1901 1697 30 23 of
1939 1697 38 24 the
1989 1697 105 26 remarks
2105 1699 20 23 it
2136 1700 111 24 contains.
2284 1700 50 28 The
2345 1702 77 24 Writes
2441 1702 61 31 beg*

1901 1738 33 16 us
1946 1735 40 19 not
1998 1735 23 19 to
2033 1732 105 24 consider
2155 1733 19 23 ii
2192 1740 14 16 a
2224 1733 53 32 puff
2277 1746 32 5 —
2309 1735 77 23 which,
2396 1744 32 15 we
2448 1744 60 15 ces—

1899 1765 80 30 tainty
1991 1765 28 23 do
2029 1769 44 19 not
2073 1778 30 4 —
2103 1766 48 23 but
2157 1774 17 15 a.
2181 1766 92 33 subject
2278 1772 33 21 .to-
2318 1768 79 24 which.
2406 1777 35 16 we
2452 1769 52 27 £ea3L

1900 1798 22 22 it
1932 1798 65 31 light
2009 1803 26 19 to-
2044 1799 48 23 call-
2098 1799 79 30 public
2187 1801 117 24 attention*.
2312 1810 10 15 2—2
2322 1814 31 5 —

1991 1831 57 24 have
2061 1841 80 16 reason
2153 1838 28 19 toi
2186 1834 89 24 believe
2287 1834 50 25 thtrf
2348 1836 42 24 thw
2407 1843 101 20 amount

1901 1864 28 23 of
1946 1864 113 24 business
2066 1866 57 24 done
2130 1867 34 23 'in°.
2177 1866 54 25 this.
2245 1868 83 32 golowjt
2336 1871 25 22 is>
2369 1878 57 24 very
2437 1878 71 24 great

1901 1905 26 16 as
1942 1899 126 31 compared:
2074 1900 57 23 with,
2141 1900 30 24 its
2181 1902 136 31 populSartaon
2327 1911 7 21 ;
2346 1908 42 27 yet
2398 1904 106 27 whocaa

1901 1931 75 24 doubt
1987 1932 49 24 that
2047 1933 144 25 individuals-
2197 1935 81 24 wouM
2290 1936 30 23 be
2334 1944 57 25 very
2411 1940 91 32 greatly

1901 1965 149 32 advantaged
2058 1966 29 25 in-
2094 1966 61 25 tHeir.
2165 1961 201 41 varibus^caHings
2375 1971 30 32 by
2417 1972 82 26 adrer-

1901 1998 82 32 tising.
2020 1999 62 25 HSqw
2092 2000 130 34 frequently
2233 2002 60 25 doe*
2301 2004 19 23 it
2329 2003 92 34 happen
2432 2010 24 21 te
2469 2008 30 24 all

1901 2031 26 23 of
1935 2040 32 17 us.
1976 2032 52 24 that
2038 2041 40 16 w.r-
2083 2033 58 25 have
2153 2034 57 25 been
2221 2036 28 23 in-
2257 2041 63 19 want
2331 2038 29 23 <nS
2372 2046 29 16 an
2419 2040 81 25 article

1900 2065 37 23 for
1948 2073 14 15 a
1972 2065 87 32 length,
2068 2067 26 23 of.
2106 2067 64 30 time,
2190 2065 51 27 and'
2252 2074 40 20 too
2303 2071 50 24 late-
2362 2072 134 27 d&aeovered

1895 2098 54 24 ,that
1962 2099 59 23 such
2032 2099 48 24 has-
2087 2100 61 25 been>
2160 2102 84 31 selling
2254 2108 28 19 at
2297 2113 16 15 at
2320 2104 3 17 !
2326 2104 47 26 low
2389 2108 67 31 pcice
2471 2109 26 24 in

1899 2131 24 23 in
1936 2134 194 30 consequenceof.
2140 2143 15 15 «
2162 2137 119 30 supposed!
2284 2143 61 20 want
2351 2140 26 23 of
2386 2140 108 28 deiaamcß.

1899 2165 52 24 The
1962 2173 85 24 person
2059 2168 28 22 in.
2095 2173 60 18 want
2167 2169 26 24 of
2214 2170 115 33 anything
2336 2173 75 32 might
2430 2177 64 24 often

1895 2198 199 33 advantageously
2104 2201 113 25 advertise
2229 2204 36 23 for
2276 2205 36 29 it;
2384 2208 20 23 it
2414 2217 78 17 seem*

1894 2232 52 23 still
1956 2241 66 16 more
2033 2234 169 32 advantageous
2214 2241 24 19 to
2249 2238 53 24 him-
2308 2239 54 25 who-
2370 2241 88 25 wishes-
2465 2248 27 20 to

1894 2266 54 29 sell,
1962 2274 26 16 as
2000 2266 28 24 he
2047 2268 77 24 would'
2139 2269 54 24 thus
2213 2270 73 33 bring-
2301 2281 24 16 so
2345 2281 70 26 many
2438 2285 55 15 cus-

1894 2303 90 20 tomers
1996 2300 75 25 whom
2081 2301 29 24 he
2122 2303 77 23 would'
2207 2304 120 26 otherwise
2343 2315 71 18 never
2431 2309 61 26 have

1892 2340 68 16 seen.
1996 2333 14 24 I
2021 2333 61 25 have
2087 2335 64 24 Ineen.
2156 2336 41 24 lied'
2202 2341 24 20 to
2234 2339 69 24 make
2312 2340 64 25 these
2383 2344 106 24 remarks

1892 2367 139 32 principally
2043 2368 30 32 by
2085 2370 80 31 seeing
2175 2378 63 16 some
2249 2372 47 24 late
2307 2373 50 25 files
2376 2376 26 24 of
2421 2379 64 22 Aus-

1892 2400 96 24 trailian
2003 2409 91 24 papers.
2130 2403 101 33 Sydney,
2254 2406 59 25 Port
2331 2408 87 33 Philip,
2439 2412 46 24 and

1892 2433 78 27 South
1988 2434 139 25 Australians
2143 2445 91 24 papers,
2252 2448 40 16 are
2307 2441 64 25 filled;
2379 2444 59 24 with;
2447 2445 44 24 ad-

1892 2467 161 25 vertisements
2072 2469 25 24 of
2113 2469 34 25 all-
2163 2476 60 19 sorts
2235 2473 26 24 of
2278 2474 79 32 things
2373 2476 62 26 from,
2452 2479 33 24 all

1890 2506 59 19 sorts
1970 2501 27 24 of
2014 2502 89 32 people.
2139 2504 90 25 Indieed
2247 2514 47 25 any
2305 2513 104 27 stranger
2409 2524 35 5 —
2444 2520 41 23 say

1890 2541 44 17 one
1941 2535 23 24 in
1972 2533 146 34 England—
2119 2537 82 32 taking
2207 2546 31 24 up
2246 2548 17 15 a-
2267 2541 74 25 South
2347 2543 137 27 Australian
2503 2551 6 21 \

1890 2568 45 24 and
1946 2577 14 15 a
1970 2568 111 25 Western
2093 2570 135 26 Austsalian
2240 2581 82 25 paper,,
2331 2577 45 23 and
2387 2577 99 34 looking

1889 2607 24 18 at
1924 2602 38 24 the
1974 2602 190 26 advertisements
2181 2606 24 23 in
2217 2607 40 24 the
2268 2612 52 26 two,
2339 2611 74 24 would
2423 2613 61 25 form

1889 2643 14 15 a
1920 2643 54 25 very
1986 2645 69 16 mean
2071 2637 47 24 and
2130 2638 143 26 undeserved
2292 2643 96 31 opinion-
2403 2646 26 23 of
2445 2647 39 24 the

1887 2668 68 26 latter
1970 2670 59 24 froi*
2049 2671 40 23 the
2100 2679 56 24 very
2167 2673 70 24 small
2250 2676 107 32 quantity
2367 2678 26 24 ef
2401 2681 82 31 .goods

1887 2703 46 24 and
1949 2708 109 27 property
2075 2704 85 25 offered
2179 2706 37 24 fear
2235 2708 48 24 sa-le
2292 2718 7 19 ;
2323 2710 101 26 whereas
2443 2714 39 24 the

1885 2735 85 25 former
1983 2737 77 24 allows
2072 2738 39 24 the
2123 2739 77 31 newly
2209 2742 90 24 arrived
2315 2743 132 33 immigrant
2457 2753 24 19 to
2502 2760 7 12 »

1886 2774 62 20 want
1963 2770 37 24 for
2010 2771 98 32 nothing
2120 2772 50 24 that
2186 2773 29 24 he
2227 2782 53 25 may
2291 2782 40 19 not
2349 2778 65 25 there
2431 2781 49 24 find
2503 2765 9 40 I

1886 2803 84 25 offered
1981 2810 23 18 to
2016 2805 35 24 his
2063 2807 83 29 notice,
2164 2807 63 24 from;
2237 2817 13 15 a
2263 2812 84 29 special
2359 2820 85 25 survey
2454 2819 24 19 to
2501 2800 10 45 \

1885 2845 15 16 a
1908 2848 7 13 \
1922 2843 91 26 quarter
2034 2839 27 23 of
2080 2847 15 15 a
2117 2844 60 20 town
2200 2841 34 24 kt
2234 2854 34 6 —
2268 2843 61 26 from'
2348 2853 14 16 a
2382 2854 98 25 waggon
2499 2848 7 18 f

1885 2875 24 19 to
1933 2879 13 15 a
1975 2872 168 26 wheelbarrow.
2198 2875 96 31 ladeed,
2322 2878 39 24 the
2387 2881 92 25 wonder
2491 2868 20 27 '^

1884 2905 21 22 is
1936 2904 49 24 that
2020 2914 46 23 any
2094 2915 43 15 one
2167 2916 43 16 can
2240 2909 30 25 be
2303 2911 25 24 in
2360 2919 61 19 want
2456 2916 26 23 of

1884 2938 119 32 anything,
2039 2941 62 30 quite
2137 2949 25 16 as
2203 2944 70 24 much
2307 2953 25 16 so
2356 2955 35 16 .as
2428 2948 51 25 that

1883 2979 46 23 any
1945 2981 43 15 one
2006 2974 25 23 of
2046 2973 40 25 the
2101 2974 89 25 British
2209 2977 80 31 public
2308 2986 43 17 can
2360 2982 112 32 -possibly
2492 2989 4 25 |
2505 2985 5 3 '

1883 3005 71 24 suffer
1970 3006 60 24 from
2049 3015 47 24 any
2106 3008 97 31 disease,
2225 3018 25 16 or
2265 3020 53 16 ever
2332 3013 45 30 die,
2397 3016 80 32 seeing

1883 3038 48 24 th'e^
1949 3040 157 25 innumerable
2135 3042 105 26 valuable
2266 3046 131 27 medicines.,
2414 3048 62 33 daily

1883 3073 84 23 offered
1974 3078 23 18 to
2006 3073 62 25 them
2079 3075 31 31 by
2118 3075 138 26 benevolent
2263 3078 149 33 individuals^,
2421 3090 54 17 ever

1882 3106 95 24 anxious
1995 3111 23 19 to
2031 3113 96 26 prevent
2137 3109 75 30 fraud,
2231 3111 46 24 and
2288 3117 86 20 restore
2384 3115 88 31 health,

1882 3139 45 24 and
1939 3141 120 29 anticipate
2071 3141 77 26 death.

1991 3174 124 25 American
2130 3176 73 24 editor
2219 3179 105 24 remarks
2342 3181 50 24 that
2416 3182 7 13 '
2430 3183 41 24 ad-

1880 3207 111 31 vertising
1998 3208 20 23 is
2027 3212 23 19 to
2061 3209 63 24 trade
2130 3209 61 25 what
2198 3215 72 21 steam
2280 3213 21 23 is
2311 3218 21 19 to
2339 3214 134 35 machinery
2503 3218 4 7 '

1879 3252 35 4 —
1915 3240 37 23 the
1963 3241 73 30 grand
2047 3242 136 33 propelling,
2197 3245 115 30 go-ahead
2323 3255 86 24 power,
2426 3251 46 24 and
2502 3269 3 8 ,

1880 3278 39 26 yet
1929 3273 64 25 there
2005 3283 38 15 are
2054 3283 64 17 some
2129 3284 96 24 persons
2245 3287 26 16 so
2289 3280 63 25 hlind
2360 3287 35 19 .to
2411 3283 61 25 their

1879 3307 107 24 interests
1998 3316 24 16 as
2033 3313 30 19 to-
2069 3309 86 32 ponder
2162 3318 53 17 over
2225 3320 13 16 a
2247 3316 59 22 cent,
2316 3315 74 24 which
2397 3318 74 30 yields

1880 3340 68 28 them,
1952 3341 60 24 from
2023 3350 13 15 a
2047 3343 104 24 hundred
2162 3349 22 19 to
2197 3353 14 16 a
2223 3346 111 25 thousand
2343 3356 44 24 per
2398 3355 63 21 cent.
2464 3352 6 10 1
2510 3363 5 7 -

1913 3374 110 33 Nothing,
2036 3376 14 24 I
2064 3376 74 31 think,
2156 3386 42 16 can
2217 3379 113 26 illustrate
2350 3383 40 24 the
2404 3389 67 27 great
2499 3381 5 5 '

1879 3407 67 24 effect
1955 3409 114 31 produced
2085 3410 31 32 hy
2127 3411 140 34 advertising
2278 3414 73 26 hetter
2362 3417 57 24 than
2430 3418 40 25 the

1878 3449 52 16 case
1943 3443 24 23 of
1983 3450 29 16 an
2021 3443 124 25 American
2157 3445 74 25 tailor.
2268 3447 52 25 The
2330 3449 73 26 editor
2414 3452 26 23 of
2452 3461 18 15 «
2473 3456 29 22 ,:

1878 3476 87 23 certain
1988 3483 134 26 newspaper
2141 3478 25 24 in
2186 3479 50 24 that
2254 3487 96 28 country
2368 3484 52 24 tells
2439 3494 36 18 us,

1878 3508 48 24 that
1939 3516 41 18 one
1991 3510 44 31 day
2047 3518 14 16 a
2071 3511 67 24 tailor
2147 3512 26 24 of
2186 3512 38 24 his
2233 3516 162 30 acquaintance
2404 3526 64 17 came

1877 3541 47 25 into
1937 3542 37 25 the
1986 3544 73 29 office,
2071 3544 96 32 looking
2177 3553 56 25 very
2243 3548 53 31 pale
2308 3550 43 24 and
2369 3551 33 29 ill,
2421 3551 46 25 afad
2494 3555 5 30 \

1876 3583 30 16 on
1928 3576 70 33 being
2019 3577 72 25 asked
2111 3579 63 24 what
2191 3587 47 17 was
2257 3581 40 25 the
2314 3588 90 26 matter,
2423 3593 43 16 ex-

1876 3609 102 30 claimed,
1999 3610 52 25 'Oh
2061 3612 6 23 !
2087 3612 49 24 that
2147 3612 176 28 advertisement
2334 3616 14 24 I
2364 3618 102 24 inserted

1875 3642 24 24 in
1910 3651 57 23 your
1977 3652 71 24 paper
2059 3645 42 24 has
2122 3645 58 25 been
2197 3649 81 31 nearly
2289 3667 2 4 .
2298 3649 38 24 the
2354 3650 67 25 death
2442 3652 24 23 of

1875 3683 36 16 me
1922 3685 5 21 ;
1948 3685 52 16 ever
2012 3678 62 25 since
2085 3679 18 24 it
2110 3681 116 30 appeared,
2233 3681 13 24 I
2253 3682 58 24 have
2319 3683 57 24 been
2386 3685 80 32 nearly

1875 3708 71 27 killed
1956 3711 58 24 from
2026 3720 65 16 over-
2094 3713 80 25 work.'
2209 3715 75 24 Don't
2294 3716 66 27 fancy
2377 3717 47 24 this
2443 3718 21 24 is

1873 3750 14 17 a

102 223 38 31 By
150 223 39 23 the
205 221 124 33 Cfydeaide,
342 230 35 17 we
394 223 59 24 hare
472 224 105 24 received
593 225 64 24 Ade-

68 256 59 25 laide
147 263 82 25 papers
248 260 24 19 to
292 256 39 24 the
350 256 61 25 25th
434 257 144 31 September,
598 258 59 24 from

67 289 75 25 which
152 296 34 16 we
196 288 58 24 have
264 288 68 24 made
342 289 39 23 the
396 289 118 32 following
526 290 129 25 selections.

100 321 77 25 There
187 321 45 24 had
246 321 58 27 beep
322 322 97 24 another
438 322 57 25 fatal
512 324 73 31 affray
602 325 54 23 with

66 355 39 25 the
116 354 94 29 natives,
221 354 51 24 who
283 355 64 23 since
366 355 61 24 their
445 364 93 16 success
557 357 25 24 in
597 357 60 24 their

64 387 78 27 attack
150 395 62 23 upon
222 387 49 24 Mr.
285 387 104 25 Inman's
401 388 63 25 flock
485 397 63 16 some
563 390 92 25 months

65 423 70 26 since,
146 428 62 16 seem
219 424 24 20 to
253 420 58 24 have
321 420 143 26 determined
472 427 23 19 to
503 423 77 24 attack
587 432 68 23 every

64 453 107 26 overland
187 458 76 27 party.
298 453 25 25 It
340 455 87 31 having
444 456 60 24 been
520 457 135 24 announced

64 488 49 24 that
128 486 102 25 Messrs.
244 486 122 26 Robinson
382 488 46 24 and
446 489 133 32 Phillipson
595 498 59 16 were

64 528 29 17 on
108 520 39 23 the
163 519 57 24 road
240 520 60 24 from
322 521 59 24 New
402 522 76 24 South
495 522 87 30 Wales,
598 523 56 24 with

64 555 64 24 6000
140 551 70 33 sheep
221 553 45 23 and
276 555 50 23 500
342 554 62 24 head
420 555 27 23 of
462 555 77 30 cattle,
551 555 39 24 the
602 555 51 25 Go-

64 593 80 18 vernor
162 585 27 24 of
212 586 74 25 South
303 587 122 24 Australia
444 587 138 33 despatched
601 589 50 25 Mr.

64 618 146 30 Moorhouse,
225 619 47 25 .the
292 620 85 24 Native
388 621 128 30 Protector,
538 622 46 23 and
601 622 49 26 Mr.

63 653 74 28 Shaw,
158 652 27 24 of
189 652 49 23 'the
253 652 75 32 police
347 658 75 27 party,
436 653 56 25 with
509 662 14 15 a
543 655 52 24 well
608 663 43 25 ap-

60 684 89 35 pointed
160 685 62 24 force
233 689 24 20 to
267 690 61 19 meet
339 686 40 24 the
398 687 109 24 overland
518 688 132 32 expedition

61 727 28 16 on
99 718 39 25 the
149 718 109 32 Murray/
265 717 76 26 where
352 719 57 32 they
419 728 60 17 were
499 726 61 19 most
577 721 73 33 likely

60 757 23 20 to
98 756 62 20 meet
177 751 56 25 with
252 752 127 32 difficulty..
403 773 3 4 .
417 753 71 25 Prior
505 758 23 20 to
548 756 102 31 meeting

59 786 38 23 the
114 783 111 26 Adelaide
241 785 71 30 force,
331 786 39 23 the
390 787 110 24 overland
518 793 68 27 party
603 789 46 24 had

59 820 57 23 been
136 817 107 25 attacked
264 818 32 31 by
316 818 46 25 the-
378 820 98 29 natives,
509 821 51 24 who
588 830 60 18 were

59 853 79 23 beaten
156 851 34 24 off
203 851 55 24 with
267 860 16 16 a
292 851 48 25 loss
361 853 26 23 of
401 853 45 24 five
466 854 72 25 killed
550 855 44 24 and
607 860 40 20 ten

59 884 116 25 wounded.

88 917 57 25 The'
150 917 120 33 subjoined
276 919 20 23 is
304 919 49 24 Mr.
361 919 163 26 Moorhouse's
532 926 77 28 report
616 931 30 16 on

57 952 36 24 the
104 950 88 33 subject
203 959 9 16 :•
212 964 33 4 —

83 989 36 23 On
128 989 39 22 the
175 987 59 29 27th,
245 997 24 14 as
278 997 34 16 we
321 997 59 16 were
392 991 55 29 only
456 992 46 23 five
511 992 66 23 miles
586 994 59 22 from

58 1016 60 24 Lake
131 1015 108 28 Victoria,
257 1016 10 22 I
277 1016 46 24 had
337 1018 38 22 the
389 1023 66 23 party
470 1020 133 28 assembled,
622 1024 23 19 to

56 1046 73 25 repeat
142 1050 40 20 my
196 1043 153 24 instructions.
379 1044 63 24 Each
456 1046 126 23 individual
598 1055 45 15 was

57 1069 110 28 distinctly
181 1069 54 28 told,
246 1070 48 23 that
304 1078 29 15 no
348 1071 69 28 firing
425 1072 68 23 could
502 1074 28 22 be
540 1074 102 28 allowed,

56 1097 56 23 until
125 1095 38 24 the
173 1097 164 34 sub-inspector
346 1098 27 22 of
382 1098 76 29 police
467 1107 57 19 gave
535 1100 38 22 the
582 1109 63 14 com-

57 1123 71 25 mand.
158 1123 12 22 I
179 1123 92 23 advised
284 1124 74 28 them,'
363 1125 26 22 in
400 1133 50 14 case
460 1127 28 21 of
499 1126 76 23 attack
584 1128 59 22 from

57 1152 34 22 the
100 1150 93 28 natives,
202 1150 23 22 to
234 1158 40 15 use
285 1159 69 21 every
362 1152 103 23 exertion
476 1157 23 18 to
509 1157 86 24 protect
602 1162 42 15 our

57 1178 69 27 drays.
158 1175 29 24 At
195 1177 54 22 nine
260 1178 85 23 o'clock
354 1186 34 15 we
398 1179 114 28 marched,
523 1180 47 23 and
579 1181 23 22 in
612 1189 29 15 an

57 1205 54 22 hour
120 1203 45 23 and
178 1211 13 16 a
200 1204 51 23 half
263 1212 45 15 saw
321 1209 45 18 two
380 1206 130 27 gentlemen
526 1215 30 15 on
566 1208 77 23 horse-

56 1232 55 22 back
120 1230 48 27 (Mr
177 1231 115 23 Robinson
302 1232 47 23 and
358 1233 39 22 Mr
406 1232 66 29 Levi)
485 1241 29 15 on
525 1234 38 23 the
574 1242 69 21 oppo-

57 1259 38 22 site
111 1255 45 25 side
171 1258 27 23 of
202 1258 44 23 'the
259 1258 79 28 Rufus,
356 1267 45 15 one
415 1259 54 23 mile
477 1258 74 25 below
567 1262 75 28 Lang-

56 1285 85 23 home's
150 1284 77 29 Ferry;
255 1285 42 22 We
313 1286 89 23 saluted
412 1286 61 24 them
483 1288 102 28 heartily,
596 1290 45 22 and

56 1312 100 28 inquired
170 1312 21 23 if
208 1312 64 23 their-
279 1316 66 25 party
364 1321 58 16 were
439 1313 32 24 all
486 1315 48 22 safe
540 1316 10 22 1
577 1316 64 29 They

56 1338 86 29 replied,
159 1338 54 26 that,
221 1339 55 23 both
290 1340 59 22 their
363 1348 95 19 persons
474 1342 46 22 and
535 1347 106 24 property

55 1374 54 15 were
114 1365 127 34 uninjured,
360 1371 55 27 they
421 1368 46 23 had
473 1368 56 23 been
536 1370 105 23 attacked

57 1400 28 15 on
94 1392 36 23 the
145 1392 103 28 previous
264 1392 45 29 day
317 1394 32 28 by
363 1402 14 14 a
387 1399 65 25 party
467 1396 28 22 of
505 1396 63 23 three
582 1397 58 23 hun-

56 1420 51 22 dred
124 1419 82 23 blacks
215 1421 3 4 '
245 1419 38 23 Mr
304 1421 117 23 Robinson
441 1423 131 28 continued,
591 1424 50 23 tbat

55 1450 65 19 about
128 1446 108 28 mid-day,
247 1454 24 15 as
286 1447 55 29 they
351 1455 59 16 were
419 1448 90 30 driving
523 1450 38 23 the
570 1451 69 28 sheep

54 1474 42 23 and
105 1473 66 23 cattle
180 1473 68 28 along
258 1474 37 23 the
305 1475 61 26 road,
379 1476 53 28 they
443 1476 109 24 observed
561 1482 24 18 at
601 1478 38 23 the

55 1501 94 22 distance
164 1500 26 23 of
199 1500 70 23 about
284 1509 14 14 a
307 1501 105 23 hundred
426 1503 76 28 yards,
512 1511 14 15 a
543 1505 96 23 number

55 1529 22 21 of
88 1526 87 29 blacks;
190 1527 30 22 he
235 1529 117 27 suspected
364 1528 51 23 that
424 1529 59 23 their
498 1537 140 18 movements

53 1561 54 16 were
123 1552 93 29 hostile','
226 1554 46 23 and
286 1556 146 28 accordingly
449 1557 95 23 ordered
559 1559 30 22 all
599 1559 39 23 the

53 1585 99 25 property
162 1585 23 18 to
194 1581 28 22 be
235 1581 110 24 collected
352 1587 50 18 into
412 1591 24 15 as
450 1584 89 22 limited
548 1593 13 14 a
572 1593 65 21 space

53 1617 21 14 as
84 1605 100 31 possible.
200 1612 3 4 '
212 1609 74 22 Seven
302 1617 54 15 men
365 1617 59 15 were
434 1614 35 18 set
479 1614 23 18 to
510 1612 72 26 guard
598 1613 38 23 the

53 1636 62 21 cattle
125 1636 44 22 and
178 1635 74 28 sheep,
264 1636 45 22 and
319 1637 106 22 nineteen
436 1638 52 22 well
496 1639 79 22 armed
584 1648 51 14 men

54 1663 43 25 (ten
115 1662 104 23 mounted
234 1662 46 23 and
295 1663 61 22 nine'
365 1671 29 15 on
411 1664 55 27 foot)
481 1669 23 18 to
518 1665 39 23 tfie
566 1667 68 23 front.

53 1688 77 23 Whilst
144 1689 124 28 they^were
283 1690 69 28 doing
364 1690 53 28 this,
434 1691 39 23 the
488 1693 89 22 natives
591 1694 44 22 had

51 1716 82 22 formed
140 1716 132 22 themselves
278 1717 49 22 into
333 1725 13 14 a
353 1718 162 23 semi-circular
519 1720 54 27 line,
580 1721 55 23 each

52 1742 58 23 flank
119 1747 39 18 not
168 1743 66 27 being
243 1751 62 15 more
314 1744 53 22 than
379 1745 69 28 thirty
455 1747 68 26 yards
532 1747 57 23 from
597 1747 38 23 the

53 1770 70 28 sheep.
151 1770 47 22 The
217 1771 127 30 Europeans
360 1772 89 22 formed
464 1773 48 23 into
531 1782 15 14 a
564 1775 70 27 single

51 1797 49 28 line,
110 1797 42 21 and
160 1798 144 22 commenced
312 1798 73 29 firing,
390 1800 49 22 'and
447 1801 124 23 continued
578 1803 56 22 until

50 1824 49 28 they
109 1824 43 22 had
160 1824 54 22 fired
222 1825 61 27 eight
288 1826 85 22 rounds
383 1827 63 22 each.
476 1827 34 28 By
521 1828 45 22 this
572 1829 60 29 time,

51 1850 34 22 the
99 1852 85 21 natives
193 1855 41 19 not
248 1852 84 28 having
341 1854 143 27 approached
499 1855 135 30 sufficiently

50 1885 50 15 near
110 1881 21 19 to
147 1885 64 20 spear
225 1878 39 23 the
280 1879 76 29 sheep,
366 1880 47 23 had
426 1881 45 23 lost
480 1881 44 23 five
539 1883 27 21 of
577 1883 57 22 their

50 1905 90 22 number
155 1905 46 22 and
218 1909 39 19 ten
274 1914 63 14 more
357 1908 119 23 wounded.
505 1909 47 23 The
570 1914 63 25 party

47 1932 63 27 being
117 1935 42 19 two
169 1932 63 28 miles
239 1933 57 23 from
306 1933 37 23 the
352 1934 82 27 Rufus,
443 1935 125 24 continued
576 1937 58 23 their

50 1959 78 27 march,
194 1960 124 27 encamped
325 1964 24 18 at
358 1961 155 28 Langhorne's
523 1963 76 29 Ferry.
630 1970 3 3 '

74 1986 61 23 After
144 1987 116 27 narrating
265 1991 37 18 the
312 1989 105 33 previous
425 1989 65 28 day's
500 1989 131 30 adventure,

50 2012 33 22 Mr
92 2013 114 25 Robinson
213 2014 110 28 enquired
330 2015 76 23 .where
413 2015 28 23 he
451 2017 67 23 could
528 2024 60 15 cross
594 2019 46 22 the,

50 2039 59 22 herd*
119 2039 46 22 and
172 2037 79 30 drays,-
256 2046 25 15 as
290 2039 29 22 he
328 2046 45 16 was
582 2045 50 27 ring

48 2064 34 22 the
91 2066 65 32 lively
173 2066 44 22 and
232 2066 108 23 intended
357 2071 23 20 to
392 2075 61 15 cross
469 2068 161 31 immediately.

50 2092 33 22 He
91 2092 46 22 bad
142 2096 47 24 just
194 2093 58 21 been
262 2100 30 21 up
302 2097 24 18 to
333 2094 38 22 the
381 2095 71 27 Lake,
458 2095 45 23 but
512 2096 39 22 the
558 2095 73 25 Rufus

48 2123 20 17 at
76 2119 26 21 its
108 2119 102 28 junction
220 2120 52 24 with
283 2120 36 22 the
331 2121 62 23 Lake
403 2129 45 15 was
458 2127 38 18 too
506 2123 71 23 broad
586 2125 45 22 and

49 2149 32 18 too
95 2146 83 27 deep—
179 2147 116 28 therefore,
311 2147 29 23 he
355 2148 81 24 should
449 2153 36 24 try
499 2150 38 23 the
553 2151 76 29 Ferry,
633 2163 3 10 i

46 2172 44 22 The
105 2173 163 26 aub-inipector
282 2172 31 26 of
318 2175 81 33 police,
415 2184 14 14 a
445 2177 120 23 voluriteor
575 2186 56 20 gen-

49 2199 84 27 tleman,
142 2200 44 22 and
192 2201 87 28 myself,
286 2200 55 24 rode
349 2202 23 22 in
379 2203 102 23 advance
488 2205 26 21 of
518 2213 41 14 our
565 2210 64 24 party

48 2226 61 28 along
120 2225 37 24 the
163 2227 79 28 Rufus,
253 2236 29 15 as,
286 2229 35 22 far
330 2237 25 15 as
361 2230 38 23 the
412 2231 69 27 Lake,
489 2232 46 22 and
544 2233 86 28 greatly

49 2256 20 19 to
75 2261 39 15 our
119 2254 99 28 surprise,
222 2255 133 24 discovered
363 2264 14 14 a
381 2257 64 28 large
452 2259 53 21 mob
512 2257 27 24 of
543 2260 86 23 natives

49 2281 91 28 running
144 2281 97 23 towards
247 2290 33 19 us,
289 2283 56 23 each
354 2283 95 30 bearing
453 2285 37 22 his
496 2286 134 28 implement

50 2307 22 21 of
88 2314 50 16 war.
166 2308 41 22 We
222 2308 111 24 hastened
340 2314 25 18 to
375 2318 44 17 our
433 2318 66 22 party
508 2314 46 21 and
570 2322 59 15 com-

49 2335 120 22 municated
178 2335 60 23 what
243 2344 33 14 we
286 2337 45 22 had
337 2346 55 14 seen
400 2346 6 21 ;
422 2346 33 15 we
463 2339 46 23 had
518 2340 38 23 the
564 2341 65 29 drays

48 2361 72 27 placed
134 2370 29 14 on
179 2361 37 28 thje
225 2363 73 23 banks
312 2365 27 21 of
349 2365 38 22 the
403 2366 66 28 river,
480 2367 45 22 and
542 2368 87 23 formed

49 2387 33 23 the
90 2389 122 23 constables
220 2390 51 23 into'
277 2399 15 14 a
300 2391 47 23 line
356 2395 45 20 two
417 2392 65 29 deep,
493 2394 23 23 in
531 2395 65 23 order
606 2400 22 19 to

48 2418 78 24 protect
147 2416 68 23 them.
253 2417 29 23 In
303 2418 51 23 half
370 2427 31 15 an
420 2419 59 24 hour
500 2422 65 28 after,
589 2423 38 23 the

48 2445 78 20 natives
134 2450 57 16 were
198 2452 52 14 seen
260 2445 24 22 in
292 2445 38 22 the
339 2447 75 27 scrub,
424 2448 68 22 about
499 2448 52 23 half
554 2457 15 14 a
575 2450 52 23 mile

48 2469 49 22 from
107 2477 31 21 us,
149 2470 124 29 intending,
289 2473 124 29 evidently,
424 2478 24 19 to
457 2483 132 16 commence
598 2485 29 15 an

49 2497 73 23 attack.
149 2497 12 23 I
171 2497 53 23 then
233 2506 57 20 gave
300 2500 39 22 the
350 2502 122 22 command
481 2503 26 22 of
518 2503 38 23 the
563 2508 64 24 party

48 2526 19 18 to
82 2523 36 23 Mr
132 2524 71 29 Shaw,
220 2525 39 22 the
274 2527 174 33 sub-inspector,
465 2530 46 22 arid
526 2531 56 27 said,
598 2532 29 22 he

46 2550 65 27 might
118 2551 56 23 issue
183 2552 55 22 such
248 2553 75 23 orders
332 2561 24 16 as
366 2552 30 25 He'
406 2556 97 28 thought
509 2565 118 21 necessary

48 2578 29 20 for
85 2585 39 15 our
138 2579 77 28 safety,
226 2584 45 18 and
287 2581 39 22 the
336 2583 109 22 overland
462 2589 108 25 property
579 2586 48 22 that

48 2610 27 16 we
83 2605 42 22 had
134 2608 22 19 to
165 2611 87 27 protect
259 2615 6 19 ;
279 2609 84 27 urging
375 2609 49 24 him
434 2611 103 29 strongly
552 2616 42 18 not
603 2616 23 19 to

48 2633 55 21 allow
112 2640 43 21 any
162 2633 66 28 firing
232 2634 59 23 until
301 2636 11 21 I
319 2636 46 23 had
372 2637 87 28 spoken
467 2642 23 18 to
498 2638 37 23 the
546 2639 80 23 hostile

47 2661 82 20 natives.

68 2684 11 22 I
87 2687 112 27 requested
211 2689 84 26 Pangki
310 2692 24 19 to
343 2697 141 23 accompany
499 2701 37 14 me
545 2694 25 22 in
586 2694 39 23 ad-

48 2717 68 23 vance,
125 2714 44 22 and
178 2714 56 24 after
241 2717 136 28 proceeding
386 2718 52 22 four
445 2719 104 24 hundred
555 2722 69 26 yards

48 2741 47 20 from
104 2741 36 21 the
149 2741 75 29 Ferry;
240 2742 38 25 the
287 2744 64 23 three
360 2746 89 22 natives
464 2746 50 23 that
523 2748 46 22 had
583 2749 42 23 left

48 2771 21 15 us
77 2769 40 20 two
125 2767 53 29 days
187 2769 83 29 before,
280 2771 100 28 plunged
390 2772 49 22 into
450 2773 37 23 the
500 2779 70 19 water
579 2777 45 22 and

49 2798 51 17 came
112 2798 21 18 to
143 2802 33 15 us.
205 2796 11 23 I
232 2796 69 25 asked
315 2798 64 23 them
394 2799 38 23 the
449 2801 70 23 result
528 2803 28 21 of
566 2803 58 23 their

47 2822 117 22 interview?
190 2823 63 29 They
263 2826 116 22 answered
388 2826 50 23 that
447 2828 39 22 the
496 2828 63 24 Lake
568 2838 55 18 peo-

47 2848 29 24 ple
85 2848 68 23 would
162 2853 40 19 not
210 2851 65 23 listen
286 2856 24 19 to
320 2852 59 23 their
389 2854 91 28 advice;
496 2855 55 29 they
557 2856 66 23 knew

47 2875 29 19 the
91 2875 126 27 Europeans
231 2878 45 23 had
286 2880 146 28 tomahawks,
448 2881 112 30 blankets,
577 2884 46 23 and

46 2903 51 36 jood,
111 2903 45 23 and
163 2903 53 29 they
232 2913 58 15 were
299 2906 142 24 determined
456 2912 24 18 to
490 2909 52 23 take
552 2909 68 29 them,

46 2930 25 18 let
84 2930 35 21 the
130 2937 166 23 consequences
311 2934 37 21 be-
357 2934 61 22 what
431 2935 55 28 they
501 2937 80 27 might.
610 2938 12 22 I

46 2956 43 20 took
97 2956 35 23 the
146 2961 43 19 two
198 2959 87 23 natives
300 2963 25 19 to
330 2960 42 22 -the
382 2961 78 31 Ferry,
478 2963 45 22 and
533 2971 89 17 recom-

44 2983 84 22 mended
136 2984 61 24 them
206 2989 24 19 to
239 2987 30 21 sit
283 2986 64 24 there
356 2988 61 22 until
425 2989 39 23 the
479 2994 90 20 contest
577 2998 45 17 was

46 3013 49 18 over.
125 3028 3 4 .
146 3027 4 4 .
327 3017 3 4 •
530 3019 12 14 x
557 3034 6 4 „

66 3034 34 23 Mr
114 3037 81 24 Shaw's
210 3043 66 26 party
294 3048 30 16 on
340 3042 39 22 the
396 3046 104 24 western,
518 3034 54 34 ancf
583 3046 38 23 Mr

44 3066 121 21 Robinson's
171 3074 29 15 on
208 3066 37 24 the
253 3071 87 20 eastern
349 3069 47 23 side
405 3070 26 22 of
434 3070 40 23 the
481 3071 80 29 Rufus,
570 3080 50 16 now

44 3091 102 24 advanced
154 3093 44 22 and
207 3096 147 22 commenced
361 3097 76 28 firing.
466 3098 48 23 The
531 3101 88 22 natives

44 3120 48 17 'ere
105 3119 78 23 almost
197 3120 118 31 instantly.'
321 3123 90 24 thrown
424 3125 50 23 into
492 3127 126 26 confusion,

44 3147 34 16 one
88 3146 96 23 hundred
192 3149 100 28 running
300 3150 49 22 into
361 3151 40 23 the
410 3152 73 28 scrub,
495 3153 45 22 and
549 3155 70 22 about

43 3174 41 21 wty
91 3175 45 19 into
145 3174 38 21 the
199 3179 75 24 water,
285 3177 54 23 with
355 3185 30 15 an
394 3178 115 24 intention
525 3181 28 22 of
563 3189 64 18 con-^

43 3202 75 22 ceaiing
123 3202 129 23 themselves
258 3203 25 23 in
289 3204 39 22 the
334 3205 73 23 reeds.
429 3206 49 22 The
485 3207 133 28 Europeans

42 3223 147 42 XrViA
185 3236 14 14 11
200 3236 8 25 !
223 3233 23 19 t0
263 3230 37 23 the
316 3235 70 19 water
387 3233 6 9 '
394 3240 11 14 s
420 3234 28 22 ed
448 3240 16 21 »
464 3241 13 15 e
478 3250 7 11 »
502 3235 47 22 and

42 3251 67 22 «nued
123 3252 36 24 the
175 3256 66 28 firing
256 3257 36 23 for
309 3259 71 23 about
394 3259 80 24 fifteen
491 3269 25 14 or
532 3265 85 24 twenty

41 3280 55 41 32
116 3287 22 34 V
158 3289 28 15 an
187 3282 15 39 l
217 3278 42 42 %
271 3289 12 17 *
283 3285 58 23 eiult
354 3294 35 15 wat
389 3294 12 15 0s
402 3303 6 12 '
424 3290 24 19 t0
465 3288 39 23 the
519 3290 50 22 nati
570 3297 45 18 ™».

40 3308 56 37 tlnlt
140 3315 54 29 Wl*W
194 3309 8 23 1
203 3318 14 20 *
227 3314 76 27 tm^y»
314 3313 70 23 about
392 3317 39 19 ten
441 3316 118 28 wounded,
572 3318 45 22 and

40 3334 41 17 wur
88 3334 49 24 (one
144 3336 62 22 adult
214 3338 66 29 male,
293 3347 45 15 one
343 3341 53 28 boy,
407 3341 46 22 and
460 3345 46 20 two
511 3343 103 27 females)

144 3370 23 14 80
165 3390 7 10 /
168 3370 6 14 1
174 3365 32 35 ?;*
207 3372 22 20 85
251 3366 46 22 and
314 3370 23 19 to
352 3367 40 23 the
409 3369 140 29 Europeans,
568 3378 44 16 one

39 3383 110 27 individual
165 3390 47 27 (Mr
224 3393 128 28 Robinson)
367 3396 97 27 speared
480 3397 25 23 in
520 3398 39 22 the
574 3398 41 23 left

39 3417 65 35 «f?V
132 3423 10 14 s
151 3424 10 14 8
163 3424 12 25 ?
177 3425 28 15 on
212 3426 26 15 as
244 3419 63 24 there
314 3429 46 15 was
366 3423 40 22 the
415 3423 20 22 le
436 3426 36 20 ast
478 3424 136 28 probability

39 3444 96 24 wwjcing
140 3450 115 20 prisoners,
264 3447 38 23 the
312 3450 122 22 command
442 3454 23 19 to
476 3447 139 28 ceaseifirine

38 3468 88 42 SriiPJ
127 3476 12 14 6
156 3486 6 11 1
180 3498 13 12 v
197 3472 32 23 nd
245 3475 84 22 lmnied
330 3476 70 28 »ately
416 3477 94 29 obeyed.
547 3480 66 23 More

38 3494 64 43 SS
117 3522 14 15 *
180 3498 26 23 be
207 3507 13 30 S
221 3507 16 15 n
252 3501 68 23 taken
330 3503 46 23 had
391 3511 34 16 we
434 3506 112 29 carefully
559 3515 63 15 exa->

37 3523 83 42 Cno.
161 3551 8 14 i
168 3527 77 28 reeds;
265 3528 41 23 but
321 3536 33 16 we
368 3538 59 15 were
442 3534 126 26 Prevented
582 3534 30 29 by

38 3555 82 40 mtivef
130 3551 43 44 b»i
171 3553 44 23 OUd
229 3562 66 33 v°T
310 3560 24 18 at
350 3556 25 23 th
376 3565 19 30 l
405 3558 40 23 dra
445 3567 46 28 y»A,
497 3568 24 15 as
537 3561 22 22 tf
574 3562 24 22 th
599 3570 13 14 «

36 3576 139 42 XnXJ^*
191 3587 26 16 ™
218 3581 55 22 shed
290 3590 62 20 «P°n
371 3584 71 24 them.
471 3584 75 26 Those
560 3589 52 23 who

36 3603 60 45 •snedli5
98 3603 41 21 ned
133 3609 63 40 liV
196 3607 16 22 h
207 3615 18 34 !
234 3616 24 14 re
249 3635 12 14 ,
260 3608 38 23 cd
296 3608 21 23 9
424 3612 83 30 during
521 3617 91 22 ourab-

36 3655 50 18 wer.
94 3631 55 42 ;™i
182 3641 11 14 esde
193 3641 13 32 s
207 3634 15 22 d
236 3635 25 22 of
278 3643 16 21 P
295 3643 14 16 u
308 3663 6 6 .
310 3643 60 16 rsmn
372 3645 17 20 S
491 3642 29 22 all
537 3642 73 24 hands

36 3657 50 18 were
94 3657 113 29 employed
213 3668 25 15 in
246 3663 101 28 crossing
352 3664 40 23 the
402 3666 69 23 cattle
478 3668 46 22 and
532 3669 76 25 sheep.

34 3770 19 18 A
62 3740 48 27 The
123 3778 6 10 ,
126 3749 86 25 natives
229 3751 57 25 have
297 3753 28 24 te
327 3761 30 16 en
373 3754 52 25 well
443 3757 89 24 treated
549 3758 59 26 from

34 3778 31 19 we
81 3778 124 29 settlement
222 3784 26 24 of
264 3785 74 25 South
354 3787 129 32 Australia,
502 3790 43 25 but
566 3800 41 21 ap-

33 3811 92 31 parently
134 3817 24 20 to
174 3823 29 17 no
218 3824 108 27 purpose.
361 3820 69 32 They
441 3821 59 25 have
517 3831 31 16 no
565 3833 42 17 ex-

32 3847 46 31 *.?*
88 3851 33 16 »r
128 3847 57 25 their
195 3849 43 26 bad
248 3852 104 32 conduct,
365 3854 47 24 and
421 3863 33 16 we
464 3856 48 24 fear
528 3857 51 25 that
588 3859 20 24 it

32 3878 39 18 ™
86 3881 37 25 yet
137 3879 29 25 be
187 3885 90 30 proved,
298 3886 42 25 but
358 3891 38 20 too
416 3889 70 29 often,
500 3889 56 26 'that
567 3891 39 26 the

44 3914 63 18 •nves
123 3919 36 18 are
178 3923 139 25 aggressors,
329 3920 97 26 without
444 3921 88 31 having
547 3925 19 23 it
581 3925 25 24 in

31 3942 50 22 «w
97 3950 73 25 power
181 3953 22 20 to
213 3950 66 32 plead
297 3953 25 25 ill
342 3962 81 24 mage.
460 3955 91 26 Should
567 3958 39 25 the

1899 3792 70 21 When
1978 3793 37 21 the
2024 3795 122 21 south-east
2155 3797 65 20 howls
2230 3798 82 20 around
2320 3798 54 27 youV
2383 3799 59 27 door,

1927 3820 49 21 And
1986 3828 41 19 you
2036 3822 30 27 by
2075 3823 54 26 light
2136 3824 26 20 of
2173 3826 65 25 taper,

1899 3847 34 21 Sit
1951 3849 68 27 cozily
2036 3849 31 27 by
2086 3851 36 20 the
2141 3852 88 26 evening
2248 3854 38 19 fire

1925 3875 108 28 Enjoying
2042 3878 38 19 the
2089 3878 41 21 last
2137 3885 63 19 paper
2200 3890 28 4 —

1898 3901 50 22 Just
1958 3903 61 21 think
2029 3905 25 20 of
2066 3905 43 21 him
2119 3906 69 20 whose
2198 3906 58 21 work
2266 3907 49 21 thus
2324 3908 61 28 helps

1929 3931 31 19 To
1968 3937 54 14 wear
2030 3938 59 21 away
2098 3934 36 19 the
2143 3934 81 24 winter,
2242 3942 3 4 •

1898 3957 49 21 And
1956 3960 40 24 put
1996 3957 2 11 1
2006 3959 42 21 this
2058 3966 67 20 query
2134 3963 22 18 to
2163 3961 97 26 yourself
2260 3973 27 5 —

1925 3986 61 21 Have
1992 3986 15 20 I
2010 3988 55 25 paid
2077 3988 36 21 ikt
2123 3989 88 21 PrinUr
2219 3990 12 19 f

190 90 2 14 s

113 86 1 13 *

2419 116 24 14 :a.'
2471 117 22 10 ■■

2406 117 10 13 s:

2388 117 4 12 s
