2550 4050
1905 3900 75 18 Printed
1994 3902 35 19 a.nd
2035 3901 106 20 'published
2152 3905 59 16 .-every
2211 3902 2 7 1
2231 3902 111 19 Weduvuday
2348 3906 3 6 l
2359 3902 36 16 auti
2400 3900 98 21 -Saturday'

1914 3924 2 5 '
1925 3922 90 20 morning,
2029 3922 24 20 by
2072 3923 85 15 Samukl
2171 3922 89 19 Revans,
2277 3925 19 14 at
2310 3922 32 17 the
2359 3923 53 16 Office
2428 3922 18 20 of
2458 3925 30 12 tne

1925 3943 49 17 New
1988 3943 99 16 Zealand
2098 3943 94 16 Gazette
2203 3947 41 12 and
2259 3943 135 17 Wellington
2410 3943 80 17 Specta-

1925 3968 44 14 tor,
1981 3964 159 20 Manners-street,
2148 3963 123 21 Wellington,;
2276 3964 43 17 Port
2331 3964 104 20 Nicholson,
2448 3963 42 17 New

1925 3984 86 17 Zealand.
2022 3983 5 3 -
2052 3982 4 4 •
2124 3981 4 5 •
2165 3979 4 12 *
2242 3982 4 4 •

532 33 103 33 THE
652 34 113 32 NEW
783 35 229 38 ZEALAND
1030 30 227 37 GAZETTE
1275 35 103 31 AND
1398 35 327 34 WELLINGTON
1750 37 297 33 SPECTATOR.

1920 120 72 23 /~\N
2015 120 97 29 SALE,,
2126 122 30 28 by
2181 121 40 23 the
2244 124 195 28 undersigned:—
2476 148 5 3 ,

1923 178 5 4 '
1943 175 14 20 2
1976 173 78 29 hhds.,'
2068 176 130 28 containing
2216 183 14 15 a
2246 179 64 25 great
2328 179 87 28 variety
2433 181 25 22 of
2473 182 34 22 tin

1919 207 64 20 ware,
2132 207 15 15 r
2169 206 26 5 •—
2220 207 37 4 —
2302 207 9 3 *
2347 209 5 2 -

1945 226 81 23 Brown
2035 230 68 25 stout,
2114 237 4 5 ■
2131 238 7 4 -
2157 238 17 7 >•
2185 249 3 3 .
2280 230 109 24 .Packed
2399 232 8 16 '•
2415 233 26 22 in
2455 239 5 15 ;
2466 235 42 22 red

1906 273 6 4 '
1945 254 33 35 ?^
1977 254 22 21 ll
2004 280 4 9 e
2008 254 43 22 al
2061 281 6 4 -
2140 282 9 7 ,
2166 273 14 16 \
2230 273 4 5 '
2247 268 12 21 r
2263 257 45 22 box
2310 265 31 20 es,
2373 259 73 23 suited
2472 261 36 22 for

1947 284 54 18 Men
2009 288 11 14 s
2028 283 65 20 boots
2105 283 45 21 and
2162 283 72 28 shoes,
2240 283 11 28 J
2263 284 84 24 Native
2355 285 69 23 trade.

1945 306 64 28 Soap,
2074 311 4 3 '
2314 318 7 2 -
2450 310 4 10 •'
2492 308 3 3 '

1945 332 136 24 Blankets—
2082 334 66 23 white
2157 336 47 22 and
2213 338 46 27 red,
2280 340 4 11 :
2354 346 7 6 -
2402 350 3 4 •

1945 360 113 28 Clothing,
2072 376 5 4 .
2252 372 190 14 •..-,..•..■

1945 387 82 22 Cotton
2031 388 83 31 .prints,
2258 406 2 5 ,
2303 406 2 4 .
2314 402 3 6 .
2362 398 19 14 ,•
2401 383 5 3 '

1909 428 3 5 -
1945 412 82 28 Sherry
2034 421 24 15 in
2068 418 91 24 quarter
2168 416 71 29 casks,
2250 435 3 5 ,

1919 463 3 3 .
1945 440 214 28 Double-barrelled,
2164 445 130 25 percussion
2303 440 67 34 guns,'
2382 447 4 5 '
2402 447 4 5 '

1936 467 254 27 .Negrohead'tobaccol
2210 480 3 4 •
2230 470 4 5 '
2237 470 9 13 r
2258 477 4 7 '
2298 474 14 11 •'
2346 481 4 3 ■
2439 475 10 10 •'
2484 481 15 5 -•

2032 510 2 19 ;
2219 512 25 12 •.-
2272 498 94 23 Samuel
2379 498 100 25 Revans'.
2496 504 16 15 3.

1915 548 223 26 WHOLESALE
2166 543 144 40 PRICES./
2328 554 179 27 CURRENT.
2511 576 2 6 ,

1980 588 141 19 .CORRECTED
2136 590 29 15 UP
2179 590 30 15 TO
2223 592 85 14 FRIDAY
2322 593 112 16 EVENING.

2026 611 3 4 '
2082 629 7 7 ,
2181 612 4 4 '
2257 611 17 17 £
2292 611 67 24 V'd.,
2411 613 17 17 &
2439 607 26 23 '».
2490 614 20 17 d.

1915 630 65 21 Ale:
1996 630 28 20 In
2034 630 76 27 bottle,
2126 630 115 28 perdoz..
2259 634 15 20 0
2289 634 26 20 13
2343 635 16 19 0
2376 648 18 6 ..
2412 637 15 19 0
2453 637 15 19 0
2494 638 16 19 O

2017 656 88 27 Elliots
2110 665 42 20 per
2157 658 56 22 hhd.
2223 661 50 20 ..6
2301 661 14 20 0
2343 662 124 22 0-...0,,0
2493 664 16 20 0

1916 682 100 22 Arrack
2023 690 5 14 :
2044 683 44 22 Per
2096 684 45 26 gal.
2152 685 24 21 in
2185 685 62 22 bond
2260 689 14 19 0
2301 688 14 20 2
2343 689 15 19 0
2375 702 24 6 ...
2411 690 14 20 0
2453 681 20 29 o'
2493 694 16 19 0

1915 708 80 22 Bread
2004 717 4 14 :
2025 709 43 22 Per
2077 710 44 22 21b.
2133 711 50 22 loaf
2197 727 5 6 .
2210 727 6 5 .
2225 727 6 6 .
2237 727 6 6 .
2261 715 98 21 008
2375 729 6 7 .
2388 729 6 7 .
2413 717 54 20 00
2494 718 15 20 0

1915 735 75 22 Beef:
2004 736 82 28 Fresh,'
2102 745 89 15 carcase
2207 746 41 20 per
2260 737 3 5 '
2277 738 5 3 *
2349 746 4 4 •
2378 738 4 3 '
2430 743 2 5 '
2467 739 3 4 '
2482 738 4 6 '

2033 762 31 23 lh.
2258 769 14 19 0
2300 769 12 19 0
2328 769 28 21 10
2373 770 90 21 ..'Ol
2492 771 16 19 O

2025 790 54 27 Salt,
2089 797 40 21 per
2142 792 69 22 tierce
2225 794 92 22 ..70
2345 796 14 20 0
2376 808 5 7 .
2388 809 6 7 .
2413 793 22 24 0'
2453 797 33 21 0.
2495 798 15 20 0

2024 816 45 23 Do.
2078 824 41 20 per
2133 818 74 22 barrel
2225 834 22 7 ...
2260 822 20 26 5,
2301 823 14 20 0
2344 823 15 19 0
2375 825 51 19 ..0
2447 824 20 20 .0
2489 825 21 21 ,0

1914 842 107 23 Butter:
2037 842 67 28 Irish,
2112 845 82 27 perlb.
2225 849 50 20 ..0
2303 850 11 20 1
2345 849 14 20 9
2376 863 19 7 ..
2413 851 14 21 0
2453 851 15 19 2
2496 852 15 20 0

2037 870 70 22 Fresh
2262 876 14 20 0
2302 877 14 20 3
2322 879 5 5 -
2345 872 50 24 6..
2413 878 14 20 0
2454 879 14 19 0
2495 879 15 19 0

1915 896 111 23 Brandy:
2041 897 60 22 First
2107 898 93 28 quality,
2208 907 40 20 per

2065 924 76 27 gallon
2152 926 23 21 in
2185 926 63 23 bond
2260 929 14 21 0
2301 930 14 20 6
2344 931 15 19 0
2376 943 5 7 .
2388 943 6 7 .
2401 928 4 4 '
2413 931 13 20 0
2453 931 16 20 &
2495 933 14 19 0

1915 950 87 22 Brown
2022 950 74 23 Stout
2104 959 5 14 :
2134 960 40 19 per
2188 953 54 23 hhd.
2257 955 13 20 5
2286 957 27 20 10
2340 958 15 19 0
2373 970 5 6 .
2385 971 5 5 .
2401 957 3 5 '
2411 958 14 20 0
2452 959 14 19 0
2493 960 15 19 0

1915 977 101 23 Cigars:
2027 978 103 28 Manilla,
2134 986 45 21 .per
2184 981 61 28 1000,
2260 983 56 21 310
2343 985 50 19 0..
2411 984 15 20 4
2453 985 14 20 0
2493 987 16 20 0

2024 1004 98 23 Inferior
2260 1009 14 21 2
2301 1011 14 20 0
2337 1011 20 20 .0
2411 1013 14 19 0
2452 1013 14 19 0
2493 1014 16 19 0

2025 1031 136 30 Havannah,
2168 1034 77 27 perlb.
2260 1037 14 20 0
2288 1037 26 20 12
2342 1039 15 19 0
2374 1051 18 6 ..
2411 1039 14 19 0
2452 1039 14 20 0
2492 1040 16 20 0

2025 1058 170 29 Chinsurahper
2201 1063 70 21 10001
2288 1064 26 20 15
2343 1066 14 19 0
2375 1078 18 6 ..
2411 1066 14 20 0
2451 1066 14 20 0
2492 1068 15 19 O

2023 1085 157 25 Alexandrian
2260 1091 54 21 110
2341 1093 83 20 0..0
2451 1094 14 19 0
2492 1094 16 20 0

1915 1112 88 22 Coffee
2009 1119 6 15 :
2027 1112 69 28 Java,-
2102 1121 41 15 ncr
2150 1115 24 21 lb
2260 1119 14 19 0
2301 1119 14 19 0
2343 1120 14 19 0
2375 1132 5 6 .
2387 1133 6 5 .
2411 1120 14 20 0
2453 1120 11 20 1
2493 1121 15 20 3

1914 1140 92 22 Cheese
2012 1147 6 14 :
2034 1140 107 23 Cheshire
2259 1146 15 20 0
2301 1145 11 21 1
2341 1146 84 21 6..0
2452 1148 14 19 0
2493 1149 15 19 0

2032 1166 56 23 Pine
2098 1167 75 30 Apple
2259 1173 15 20 0
2301 1173 56 20 O'O
2374 1186 18 7 ..
2411 1174 14 20 0
2453 1174 10 20 1
2492 1176 15 19 3

2031 1193 77 23 Dutch
2260 1200 14 20 0
2301 1200 13 20 0
2342 1200 50 21 0..
2411 1196 18 25 0'
2452 1202 14 19 0
2493 1202 15 20 9

1914 1220 106 23 Candles
2027 1228 5 14 :
2039 1221 96 28 English
2142 1230 57 21 wax,
2206 1232 41 19 per

2058 1248 24 22 lb
2259 1254 14 19 0
2300 1254 19 21 3,
2341 1254 15 20 6
2375 1268 17 6 ..
2411 1256 14 19 0
2452 1256 15 19 0
2493 1258 16 19 0

2044 1275 83 23 Mould
2258 1281 14 20 0
2300 1281 11 20 1
2341 1282 51 19 0..
2411 1283 13 20 0
2451 1284 14 19 0
2492 1285 15 19 0

2046 1302 57 28 Dips
2258 1308 14 19 0
2299 1308 13 20 0
2327 1308 28 21 10
2372 1308 18 20 .'.
2410 1310 13 20 0
2451 1310 14 19 0
2491 1312 16 19 0

1915 1328 92 22 Flour:
2017 1330 35 20 Ist
2056 1329 93 29 quality,
2160 1338 41 20 per
2204 1335 40 19 ton

2037 1356 27 22 of
2074 1358 55 20 2000
2138 1357 34 23 lbs
2242 1361 28 20 26
2298 1359 23 23 0'
2340 1362 15 20 0
2372 1363 50 21 ..28
2450 1364 14 20 0
2491 1366 14 19 0

2013 1383 113 23 2ndditto
2244 1388 28 20 25
2300 1390 13 19 0
2316 1381 4 13 :
2340 1390 15 19 0
2373 1384 22 25 :?
2410 1388 29 23 0'
2451 1392 13 19 0
2491 1393 15 20 0

1914 1409 60 21 Gin:
1995 1409 54 22 Pale
2066 1411 24 21 in
2101 1411 60 23 bond
2258 1416 14 19 0
2298 1416 15 20 4
2340 1416 123 22 0'..'0^6
2491 1420 13 19 0

1964 1436 62 27 Case,
2034 1439 15 19 4
2056 1437 35 27 gal
2101 1439 38 21 4-s
2147 1439 24 21 in
2180 1440 63 22 bond
2258 1442 10 20 1
2298 1443 13 20 8
2340 1444 49 20 0..
2408 1446 14 19 0
2449 1446 12 18 0
2489 1450 15 19 0

1914 1461 82 24 Hams:
2011 1461 130 32 Yorkshire,
2156 1467 86 27 perlb.
2258 1470 13 19 0
2299 1471 13 19 0
2340 1472 15 19 0
2373 1485 17 6 ..
2409 1474 14 19 0
2451 1475 11 19 1

1912 1489 116 23 Mustard
2035 1499 6 13 :
2057 1491 43 23 Per
2108 1492 72 23 dozen
2259 1497 51 20 11
2341 1499 82 22 0..0
2451 1501 14 21 0
2491 1505 16 19 0

1912 1517 116 23 Mutton:
2049 1519 94 22 Carcase
2153 1527 41 21 per
2202 1521 24 22 lb
2236 1538 7 6 .
2257 1524 14 20 0
2298 1525 14 20 0
2339 1526 15 19 9
2372 1540 18 6 ..
2409 1527 13 21 0
2450 1529 52 22 Oil

1912 1544 112 22 Muskets
2030 1548 11 18 f
2052 1545 93 24 Walnut
2152 1548 92 23 stocked
2257 1552 14 19 0
2298 1552 14 19 0
2340 1553 14 20 0
2372 1567 17 6 ..
2409 1555 13 19 0
2438 1556 25 20 15
2491 1559 14 19 0

1912 1571 79 22 Mtlk:
2006 1572 45 22 Per
2056 1573 50 27 pint
2256 1579 14 20 0
2298 1572 24 27 o'
2338 1580 15 20 5
2371 1594 18 7 ..
2409 1583 13 19 0
2449 1583 14 20 0
2489 1585 14 20 0

1912 1599 44 21 Oil
1963 1606 5 14 :
1985 1599 104 27 Linseed,
2099 1605 41 23 per
2148 1602 77 26 gallon
2235 1606 34 19 .0
2296 1605 13 20 5
2338 1608 15 19 0
2371 1621 5 6 .
2383 1621 6 6 .
2408 1609 13 20 0
2449 1609 13 22 7
2490 1613 15 19 0

1983 1625 80 29 •Black,
2068 1627 23 22 in
2097 1628 173 28 cask,pertonl6
2298 1633 14 20 0
2340 1635 49 20 0..
2409 1637 12 19 0
2449 1637 13 21 0
2488 1640 15 19 0

2022 1653 79 28 Sperm
2240 1659 26 21 75
2296 1660 11 19 0
2337 1661 13 20 0
2369 1675 18 6 ..
2406 1663 12 19 0
2448 1665 11 19 0
2488 1666 12 19 0

1910 1681 78 20 Pork:
2002 1681 77 27 Fresh,
2098 1689 89 16 carcase
2202 1684 44 28 per'

2027 1707 31 22 lb.
2080 1723 156 9 ..........
2254 1709 56 26 0-6
2336 1716 16 20 4
2369 1712 19 24 :*
2407 1718 13 20 0
2447 1720 13 20 0
2486 1720 14 20 5

1910 1736 78 19 JPork:
2004 1736 66 26 Irish,
2081 1743 41 19 per
2130 1737 74 23 barrel
2218 1736 91 26 ..s^o
2337 1744 15 20 0
2369 1745 49 20 ..*5
2435 1747 25 20 10
2488 1748 13 20 0

1910 1761 118 22 Potatoes
2035 1769 6 14 :
2062 1762 57 23 New
2133 1764 108 29 Zealand,
2254 1762 3 4 "'"
2265 1764 5 5 '

2086 1797 42 19 per
2136 1794 38 19 ton
2189 1807 46 6 ....
2254 1795 13 20 6
2296 1796 13 20 0
2337 1798 15 20 0
2369 1811 18 7 ..
2406 1800 13 20 8
2446 1801 14 20 0
2486 1802 14 20 0

1910 1822 94 15 roRTER
2012 1823 6 14 :
2047 1817 104 28 Dunbar,
2161 1826 24 15 m
2194 1820 45 22 hot.

2077 1845 92 26 Perdoz
2253 1850 14 20 0
2282 1850 26 20 13
2336 1853 14 19 0
2368 1865 19 7 ..
2406 1854 12 20 0
2446 1856 13 19 0
2486 1856 15 19 0

1920 1882 6 4 -
2018 1870 87 27 Bryant
2114 1872 45 22 and
2168 1874 71 22 Davis
2254 1877 54 21 013
2336 1880 14 20 0
2369 1893 5 5 .
2381 1894 5 5 .
2406 1882 13 20 0
2446 1884 13 19 0
2486 1884 13 19 0

1908 1896 98 22 Pickles
2018 1905 6 14 :
2055 1898 116 29 Assorted,
2201 1908 41 21 per

1908 1950 18 12 t>
2033 1951 25 11 o.
2111 1933 20 15 z<
2133 1942 7 20 ?
2164 1933 76 22 qU£trts
2255 1931 10 20 1
2297 1931 10 21 1
2337 1934 50 20 0..
2406 1936 13 19 0
2447 1937 13 20 0
2487 1938 23 19 0.

1908 1950 73 22 Pitch
1995 1958 6 14 :
2032 1951 139 31 Stockholm,
2200 1963 41 20 per

2059 1980 176 24 barre1........
2254 1986 14 20 0
2295 1987 13 20 0
2336 1989 15 19 0
2368 1987 19 22 i.
2406 1989 94 22 1150

1908 2004 94 23 Plank:
2029 2005 55 23 Port
2105 2007 133 31 Nicholson,

1895 2053 29 13 -t,
1991 2058 15 8 „
2056 2040 40 19 per
2106 2036 41 19 100
2155 2036 47 20 feet
2215 2051 19 5 ..
2252 2032 14 26 6
2280 2041 40 19 19-
2335 2042 86 20 0..J,
2445 2045 9 18 1
2484 2047 14 17 0

1906 2060 70 19 Kice:
1990 2060 214 27 Common.percwt.
2216 2077 19 6 ..
2253 2066 14 19 0
2295 2067 12 19 0
2335 2068 15 19 0
2368 2081 17 7 ..
2404 2070 13 19 0
2444 2070 13 20 0
2485 2072 13 19 0

1990 2084 174 25 Good-....'...
2199 2104 34 6 ...
2253 2092 10 20 1
2293 2093 12 21 8
2335 2093 13 21 0
2366 2109 18 6 ..
2403 2097 13 19 0
2443 2098 13 19 0
2484 2100 13 19 0

1906 2112 69 22 Rum:
1992 2113 24 22 P.
2027 2113 27 22 B.
2066 2114 32 26 P.,
2113 2122 41 20 per
2162 2116 77 26 gallon

2011 2140 24 36 J
2037 2147 16 15 n
2068 2141 13 21 b
2081 2149 31 24 .°?
2114 2143 15 21 d
2252 2147 14 20 °
2293 2147 13 20 5
2335 2149 14 20 6
2367 2162 18 7 ••
2404 2150 14 21 0
2444 2145 24 27 1'
2484 2153 13 19 6

1907 2173 88 19 ougar:
2011 2169 121 22 Mauritius
2141 2177 40 20 per
2188 2176 49 21 Qvt.
2253 2174 13 20 0
2293 2175 14 20 0
2335 2176 14 20 0
2367 2190 18 6 ..
2404 2178 13 19 0
2443 2179 13 20 0
2483 2180 14 19 0

2015 2195 19 37 g
2035 2202 46 30 1^
2082 2203 15 15 11
2252 2201 11 20 1
2279 2202 27 21 17
2334 2204 15 19 0
2366 2217 18 6 ..
2403 2205 13 20 0
2443 2206 13 19 0
2483 2208 13 19 0

2015 2223 97 22 Renned
2128 2224 53 29 loaf,
2199 2234 40 19 per

2105 2266 60 7 •••••
2252 2256 14 20 0
2293 2256 14 21 0
2335 2256 15 22 7
2366 2272 19 5 ..
2404 2259 12 20 0
2444 2260 13 20 0
2484 2261 12 20 0

2015 2277 97 23 Manilla
2251 2284 13 19 0
2292 2284 13 19 0
2333 2284 83 21 0..2
2442 2287 12 19 5
2482 2289 14 19 0

1907 2303 59 22 Salt
1974 2311 6 14 :
1995 2303 127 30 Liverpool,
2132 2314 41 20 per
2181 2310 41 19 ton
2230 2310 34 20 .3
2292 2312 13 19 0
2333 2312 15 21 0
2366 2326 5 5 .
2378 2326 6 7 .
2402 2313 14 20 4
2442 2316 13 19 0
2482 2316 14 19 0

1907 2331 59 21 Soap
1975 2339 5 14 :
2007 2331 103 23 Hawes's
2133 2334 104 29 London,

1945 2361 12 12 *
2032 2366 41 20 per
2080 2362 69 20 ton.l
2236 2364 28 21 40
2292 2366 13 20 0
2321 2377 3 11 s
2333 2366 15 21 0
2365 2366 50 21 :'42
2443 2369 13 19 0
2483 2370 12 19 0

2023 2386 121 29 Liverpool
2237 2392 27 20 36
2292 2394 14 19 0
2333 2394 15 20 0
2363 2390 20 24 t.
2402 2396 13 19 0
2443 2396 11 19 0
2482 2397 14 19 0

1905 2413 92 22 Starch
2004 2420 5 14 :
2025 2414 45 22 Per
2078 2415 22 21 lb
2251 2420 14 19 0
2293 2421 14 19 0
2334 2422 14 19 9
2366 2434 7 6 .
2378 2434 6 7 .
2403 2423 13 20 0
2444 2423 10 20 1
2483 2425 13 19 0

1905 2439 144 24 Scantling:
2066 2442 42 22 Per
2115 2444 41 21 100
2164 2443 70 22 feet..
2252 2447 13 20 0
2280 2446 27 27 1,7
2335 2449 13 20 0
2366 2462 18 6 ..
2403 2450 13 20 0
2430 2450 26 20 18
2482 2451 14 20 0

1905 2467 128 23 Shingles:
2049 2469 44 22 Per
2100 2471 61 27 1000,
2169 2471 31 22 N.
2209 2472 26 22 Z.
2251 2474 11 20 1
2292 2474 13 21 7
2333 2476 15 20 0
2366 2489 17 6 ..
2402 2477 13 20 0
2442 2478 13 20 0
2482 2479 13 19 0

1971 2498 6 4 '
2035 2496 71 28 Ditto,
2129 2497 106 24 V.D.L.
2250 2501 13 20 2
2291 2501 12 21 5
2333 2503 82 21 0..0
2442 2505 13 20 0
2482 2507 13 19 0

1904 2522 63 27 Tar:
1983 2523 54 22 Coal
2251 2529 53 20 115
2333 2531 15 20 0
2366 2544 18 6 ..
2404 2533 12 19 0
2444 2533 12 20 0
2483 2534 13 19 0

1987 2550 130 23 Stockholm
2253 2556 10 21 1
2280 2556 25 21 15
2334 2559 15 19 0
2366 2571 18 6 ..
2404 2560 13 19 0
2444 2560 12 20 0
2483 2560 13 20 0

1904 2577 48 20 Tea
1961 2584 19 15 :,
1985 2577 89 28 Hyson,
2084 2586 41 20 per
2134 2579 64 23 chest
2215 2584 50 20 ..0
2293 2585 14 19 0
2334 2586 14 19 0
2366 2586 50 20 ..12
2432 2587 24 19 12
2483 2588 13 19 0

1904 2603 105 23 Tobacco
2018 2612 5 14 :
2037 2603 144 31 Negroliead,
2199 2615 40 20 per

2063 2632 24 22 lb
2252 2638 14 20 0
2294 2638 11 20 I
2330 2639 18 20 ,3
2366 2653 6 5 .
2379 2653 6 6 .
2404 2641 13 19 0
2444 2641 12 19 0
2484 2642 13 20 0

1903 2658 166 23 Turpentine:
2085 2660 43 21 Per
2133 2661 100 26 gallon..
2251 2665 14 19 0
2293 2667 14 18 8
2334 2667 14 19 0
2366 2680 19 6 ..
2404 2668 13 20 0
2444 2669 12 20 0
2483 2670 13 19 0

1904 2684 152 23 Whalebone
2062 2693 5 14 :
2083 2686 44 22 Per
2135 2693 39 16 ton
2237 2691 28 21 90
2271 2700 4 4 •
2284 2693 33 19 -0*
2333 2694 19 20 0.
2365 2707 6 5 .
2378 2707 5 6 .
2402 2695 25 20 0•
2443 2697 13 19 0
2482 2696 13 20 0

1904 2711 83 22 Wine:
2002 2712 90 28 Sherry,
2102 2721 41 20 per
2151 2715 81 27 pipe..
2237 2718 27 20 28
2291 2720 62 22 00L
2365 2722 51 20 ;.4O
2443 2724 13 19 0
2482 2723 13 20 0

2012 2739 72 29 Ditto,
2100 2746 41 22 pei»
2155 2742 80 23 dozen.
2250 2745 11 21 1
2290 2747 32 20 4,
2332 2748 15 20 0
2364 2761 6 6 .
2377 2761 6 7 .
2401 2749 14 20 2
2443 2751 13 19 0
2482 2751 13 19 0

1905 2792 122 23 Poultry:
2042 2794 80 28 Fowls,
2129 2803 40 20 per
2176 2797 50 27 pair
2232 2813 5 6 .
2251 2800 14 20 0
2293 2801 13 20 8
2335 2802 14 20 0
2366 2815 19 6 ..
2404 2803 13 21 0
2432 2803 25 21 16
2484 2804 12 20 0

2039 2821 87 29 Bucks,
2138 2823 56 22 ditto
2211 2839 22 9 ...
2252 2827 10 20 1
2292 2829 14 19 0
2333 2829 15 20 0
2366 2843 18 5 ..
2404 2830 11 20 1
2431 2831 26 20 10
2483 2832 12 19 0

2042 2848 80 28 Geese,
2134 2850 56 22 ditto
2214 2866 6 6 .
2227 2867 6 5 .
2250 2854 14 20 2
2293 2856 13 20 0
2333 2857 15 19 0
2366 2865 23 11 ..<
2402 2858 14 20 0
2443 2858 13 20 0
2482 2859 13 19 0

2041 2876 103 28 Turkeys
2251 2881 56 26 2,0
2334 2884 14 20 0
2366 2897 18 6 ..
2404 2885 13 20 0
2443 2886 13 19 0
2482 2886 13 19 0

2041 2903 106 28 Pigeons,
2157 2905 78 29 (wild,)

2068 2932 98 27 per.pair
2252 2936 15 20 0
2293 2937 14 19 2
2335 2938 15 20 0
2367 2951 18 7 ..
2404 2940 13 20 0
2444 2940 12 19 0
2482 2940 14 19 0

2041 2958 86 28 Ducks,
2136 2959 35 23 do.
2182 2960 53 22 do..
2253 2964 14 20 0
2294 2963 13 21 5
2335 2966 15 19 0
2368 2978 17 7 ..
2404 2968 13 19 0
2444 2967 12 20 0
2482 2966 14 21 0

1905 2984 62 22 Eggs
1975 2992 6 14 :
1996 2984 44 22 Per
2050 2984 72 24 dozen
2253 2991 15 25 Q
2294 2991 14 21 3
2335 2993 21 22 0,
2368 3006 17 6 ..
2404 2994 13 20 0
2444 2994 12 20 0
2482 2994 14 19 0

1905 3038 77 22 Cows:
1997 3038 73 27 Milch
2154 3057 2 7 ,
2238 3045 29 20 20
2293 3046 56 21 0-0
2366 3048 50 21 .:30
2442 3048 13 20 0
2481 3048 14 20 0

1905 3065 101 23 Mares:'
2017 3066 76 23 Brood
2237 3072 28 21 50
2291 3074 14 20 0
2333 3074 15 21 0
2364 3075 52 20 ..90
2442 3076 13 19 0
2481 3075 13 20 0

1905 3092 125 34 Working,
2037 3093 122 25 Bullocks
2166 3104 6 13 :
2195 3096 44 23 Per

1923 3119 97 28 'pair..
2160 3126 107 21 ......40
2294 3128 14 20 0
2335 3128 15 21 0
2367 3128 50 21 ..60
2444 3130 12 20 0
2482 3128 13 20 0

1905 3148 64 22 Hire
1981 3154 26 15 of
2018 3155 68 15 ditto
2093 3156 5 14 :
2114 3149 44 23 Per
2165 3150 52 28 day,
2226 3159 13 14 a

1932 3178 62 18 team
2002 3174 47 23 and
2056 3175 74 23 driver
2253 3180 11 21 1
2293 3182 14 20 0
2335 3173 50 30 o.^
2403 3183 36 20 2,
2442 3182 53 21 00

1905 3201 76 23 Sheep
1988 3209 6 14 :
2009 3202 72 22 Each.
2089 3218 75 7 ......
2171 3200 21 25 .'\
2199 3201 34 25 I„
2246 3208 15 21 .1
2292 3209 13 20 6
2333 3210 15 20 0
2365 3223 6 6 .
2378 3223 5 6 .
2403 3210 10 20 1
2429 3210 24 20 15
2480 3210 13 19 0

1905 3229 64 22 Boat
1980 3229 74 23 Hire:
2069 3230 43 22 Per
2118 3231 50 28 day,
2174 3232 65 23 with-

2097 3262 41 18 out
2147 3259 73 22 hands
2230 3276 5 6 .
2250 3263 14 20 0
2279 3262 27 21 10
2333 3264 15 21 0
2364 3277 19 9 ...
2403 3264 10 21 1
2442 3265 13 20 0
2480 3264 13 19 0

1905 3310 88 23 Wages
1999 3316 10 17 :'
2021 3332 4 5 ,
2032 3311 141 30 Mechanics,
2199 3322 41 20 per
2269 3330 5 6 ,
2371 3330 4 5 ,

2060 3340 79 21 week/.
2145 3355 90 13 ........
2252 3344 57 21 214
2335 3346 15 20 0
2367 3358 6 7 .
2380 3358 5 7 .
2403 3345 13 21 3
2442 3346 13 19 6
2481 3345 13 20 0

2036 3366 133 24 .Labourers
2187 3383 6 6 .
2214 3384 7 5 .
2228 3384 6 6 .
2253 3371 10 20 1
2280 3372 27 20 10
2334 3373 15 19 0
2366 3386 6 6 .
2378 3386 6 5 .
2404 3373 50 19 116
2480 3372 13 19 0

1897 3424 6 4 -
1926 3419 39 17 The
1976 3420 49 16 New
2035 3420 100 18 Zealand
2147 3422 92 18 Gazette
2246 3424 36 17 and
2293 3415 134 26 Wxuxkgxo'it
2435 3425 58 16 -Spec-

1905 3444 64 13 tator
1976 3441 16 16 is
1996 3441 100 22 jjublished
2102 3447 55 17 eyery
2162 3443 115 23 Wednesday
2287 3446 37 16 and
2335 3446 92 20 Saturday.
2449 3446 42 16 Sub-

1902 3462 139 19 jomedarethe
2048 3465 64 15 terms:
2114 3472 24 4 —
2216 3470 5 4 -
2254 3466 2 5 '

1926 3482 64 17 Price
1997 3488 24 12 op
2028 3487 42 13 the
2076 3485 76 16 Paper.
2152 3493 22 4 —
2174 3485 56 22 Forty
2234 3486 85 21 shillings
2325 3492 34 16 per
2368 3492 74 15 annum,
2451 3491 42 17 pay-

1905 3504 40 17 able
1951 3505 20 16 in
1978 3505 81 16 advance
2063 3511 5 14 ;
2079 3510 20 12 or
2105 3510 36 12 one
2148 3506 77 22 shilling
2230 3507 28 18 for
2263 3508 60 21 single
2329 3509 91 16 numbers.
2441 3508 2 6 '

1925 3526 213 17 Advertisements.—
2139 3527 32 17 Six
2180 3527 48 17 lines
2286 3529 64 20 under,
2362 3530 25 16 3s.
2394 3530 28 16 6d.
2428 3529 27 17 for
2461 3528 30 17 the

1904 3546 46 17 firsti
1954 3547 95 20 insertion,
2108 3552 35 12 one
2150 3547 81 23 'shilling
2235 3550 28 16 for
2267 3549 47 17 'each
2321 3551 110 20 subsequent
2434 3549 57 17 'inser-

1905 3567 55 20 tion;.
1964 3568 48 17 from
2018 3568 31 16 six
2055 3570 56 17 to.ten
2119 3569 54 20 lines,
2180 3571 36 15 live
2224 3570 84 22 shillings
2314 3572 34 15 'for
2357 3572 32 15 the
2400 3569 43 22 first',
2454 3570 35 17 and

1905 3593 34 12 one
1949 3588 76 21 shilling
2035 3587 42 19 and'
2082 3590 87 22 sixpence
2180 3591 33 21 for,
2220 3592 43 16 each
2274 3593 112 20 subsequent
2395 3592 85 16 insertion
2485 3596 5 15 ;

1904 3610 56 16 above
1971 3612 31 14 ten
2013 3610 54 20 lines,
2079 3611 35 16 five
2125 3611 86 22 shillings
2221 3613 28 16 for
2259 3613 31 16 ths
2300 3613 40 16 first
2351 3614 31 15 ten
2392 3613 52 20 lines,
2455 3612 36 17 and

1904 3630 97 20 fourpence
2007 3635 32 16 per
2046 3631 37 17 line
2090 3631 29 17 for
2125 3633 32 16 the
2164 3637 64 13 excess
2235 3634 20 16 of
2263 3634 40 16 that
2310 3635 85 19 number;
2407 3634 35 17 and
2449 3635 41 15 two-

1903 3655 57 17 pence
1967 3655 33 17 per
2004 3652 39 16 line
2049 3653 28 16 for
2084 3653 45 16 each
2136 3654 113 20 subsequent
2253 3655 96 16 insertion.

1898 3687 3 3 •
1925 3680 157 17 Advertisements
2088 3681 39 16 will
2133 3683 33 15 not
2171 3686 68 17 appear
2247 3682 20 17 in
2279 3683 31 16 the
2320 3682 79 21 ensuing
2409 3683 80 19 number,

1905 3700 16 16 if
1929 3700 136 21 receive,d,later
2072 3702 44 16 than
2129 3704 20 15 10
2156 3702 74 21 o'clock,
2237 3708 49 15 a.m.,
2293 3708 23 12 on
2324 3704 31 16 the
2361 3704 91 20 mornings
2459 3704 30 16 be-

1903 3721 38 17 fore
1955 3722 119 20 pnblicatidn.
2094 3722 168 19 ■Advertisements,
2268 3725 37 15 will
2317 3725 26 15 be-
2349 3725 100 17 continued,
2453 3723 35 17 and
2497 3733 9 8 ..

1904 3742 78 21 charged
1993 3743 49 17 until
2051 3746 167 18 counter-ordered;
2230 3746 45 15 such
2282 3744 52 17 order
2340 3747 50 14 must
2397 3746 21 15 be
2425 3747 40 14 sent
2471 3746 18 15 to

1904 3764 31 16 the
1945 3765 56 15 Office
2014 3767 35 14 two
2068 3765 44 21 days
2117 3763 82 23 '.before;
2202 3766 118 21 publication,
2331 3767 38 16 and
2379 3766 49 17 must
2438 3766 20 16 be
2468 3766 20 16 ia

1904 3784 79 21 writing.
2007 3786 157 17 Advertisements
2178 3787 81 17 received
2270 3799 2 4 .
2279 3787 52 21 after
2349 3788 21 16 10
2380 3787 70 17 'o'clock
2453 3787 3 5 1
2465 3790 23 13 on
2496 3801 4 2 .
2510 3786 2 6 '

1905 3805 83 22 Tuesday
2001 3807 36 16 and
2042 3807 10 20 '
2052 3807 63 20 Friday
2126 3808 94 21 mornings
2279 3808 22 16 be
2305 3808 92 20 -chafged'
2401 3808 49 16 twice
2458 3807 37 17 the'

1905 3827 53 16 usual
1962 3829 56 14 rates.
2149 3835 11 13 ,>
2180 3830 5 6 *
2234 3838 2 5 ,
2476 3830 5 6 '
2500 3836 12 7 -<

1925 3846 31 18 All
1962 3848 67 20 orders,
2041 3848 158 21 advertisements,
2211 3847 36 19 ahd
2258 3849 162 17 communications
2431 3850 18 15 to
2460 3848 30 16 tht

1894 3871 2 5 '
1905 3868 72 16 Editor,'
1981 3874 29 10 are
2012 3870 102 14 jequested
2121 3871 19 13 to
2147 3871 21 13 be
2175 3869 98 15 addressed
2279 3872 19 12 to
2305 3870 37 14 this
2349 3869 71 15 Office}*
2457 3877 5 7 i
2490 3872 19 12 .'

1483 116 69 24 .£2O
1568 120 125 19 Reward.

1300 151 92 35 npHE
1402 151 151 28 undersigned
1564 153 42 21 will
1616 153 51 26 give
1677 153 38 22 the
1727 153 69 21 above
1804 153 83 22 reward

1307 175 29 24 JL
1355 182 43 18 Mo
1408 186 46 20 any
1465 186 81 25 person
1563 187 26 15 or
1604 186 92 20 persons
1711 179 51 22 who
1778 180 45 22 will
1838 187 49 20 give

1300 204 55 22 such
1520 213 24 15 as
1555 206 44 22 will
1607 205 50 23 lead
1672 209 23 19 to
1709 206 39 22 the
1762 207 125 21 conviction

1300 231 25 21 of
1336 238 47 21 any
1391 238 81 21 person
1483 239 25 15 or
1517 240 92 21 persons
1618 232 135 28 feloniously
1760 231 78 29 taking
1845 233 42 23 and

1299 257 81 28 killing
1389 266 45 19 any
1443 259 38 28 pig
1491 260 85 27 orpiga
1585 259 102 23 branded
1697 259 26 22 G.
1727 260 30 21 D.
1810 264 6 4 '

1533 287 61 26 ,!/;;',
1616 308 5 3 .
1665 286 95 22 George
1772 287 88 22 Poppa.

1390 329 175 22 Dissolution
1576 330 31 21 of
1617 331 183 26 Partnership.
1817 338 2 6 ■

1302 362 145 49 NOTICE
1466 364 27 21 IS
1515 364 126 22 HEREBY
1659 365 107 26 GIVEN,
1783 364 50 22 that
1850 365 37 22 the

1372 391 143 27 partnership
1524 391 76 28 Jately
1618 391 122 28 subsisting
1760 392 72 22 under
1850 391 37 22 the

1299 416 51 21 firm
1369 417 27 21 of
1403 417 28 21 T.
1448 418 29 21 D.
1496 418 63 22 Pratt
1573 418 45 22 and
1630 416 99 24 Thorh'as
1741 418 89 27 'Bevap,
1844 426 43 14 was

1300 442 43 22 this
1354 442 44 28 day
1407 444 112 22 dissolved
1528 444 31 28 by
1569 445 85 22 mutual
1664 449 100 19 consent.

1325 469 77 22 Dated
1421 470 44 22 this
1611 472 43 28 day
1674 473 40 22 of,,
1719 472 104 28 October,
1845 479 42 15 one

1299 495 113 23 thousand
1422 498 60 26 eight
1491 498 104 22 hundred
1604 500 44 21 and
1657 499 121 28 forty-one.
1789 498 4 17 ;

1326 523 127 23 Witness—
1455 525 34 21 W.
1499 525 33 22 H.
1542 525 134 28 Bottomley.
1710 543 7 7 ,

1325 576 59 23 N.B.
1385 589 29 4 —
1414 578 39 22 All
1463 586 92 19 persons
1564 579 107 23 indebted
1680 583 23 19 to
1712 580 38 22 the
1764 580 49 23 said
1827 583 60 25 part-

1298 604 108 28 nership,,
1416 612 38 14 are
1473 606 119 27 requested
1610 611 22 17 to
1636 623 5 8 r
1646 614 48 21 pay
1708 607 58 22 their
1780 611 107 19 accounts

1297 630 155 29 immediately
1468 635 22 19 to
1507 633 45 21 Mr.
1562 632 27 23 T.
1599 633 28 23 D.
1644 634 70 27 Pratt,
1731 634 156 22 Molesworth-

1298 660 78 25 street;
1392 659 45 21 and
1447 659 30 21 all
1487 659 63 23 debts
1560 660 43 22 due
1614 659 34 29 hy
1656 661 40 21 the
1711 662 48 22 said
1773 661 58 28 firm,
1842 661 45 23 will

1297 684 28 22 be
1335 685 81 22 settled
1426 693 29 14 on
1465 686 135 28 application
1610 695 22 14 as
1644 689 78 21 above.

1681 715 26 22 T.
1718 715 29 22 D.
1758 715 86 28 Pratt,

1343 742 3 3 '
1445 741 4 33 ]
1679 741 97 23 Thomas
1787 743 87 22 Bevan.

1298 783 39 21 To
1359 784 46 21 the
1412 802 2 4 .
1426 785 169 24 Merchants,
1615 785 198 26 Ship-owners,
1830 788 55 24 &c,

1452 811 30 21 of
1494 812 67 20 Port
1575 812 161 21 Nicholson.

1296 842 4 18 <
1300 842 12 12 r
1312 842 31 37 p
1374 844 29 21 D.
1428 844 103 22 PRATT
1554 845 54 28 begs
1623 849 60 19 most
1700 846 146 27 respectfully
1862 849 25 19 to

1306 867 24 22 -i-
1345 879 10 10 •
1364 873 3 5 '
1386 874 78 18 return
1479 871 36 22 his
1526 872 81 22 thanks
1623 873 35 21 for
1665 875 4 3 '
1677 873 38 22 the
1728 873 90 22 favours
1833 880 54 14 con-

1359 897 74 22 ferred
1449 905 30 15 on
1494 898 56 28 him,
1560 899 65 21 while
1640 906 26 15 m
1683 899 140 33 partnership
1833 899 54 24 with

1297 923 43 22 Mr:
1351 923 27 23 T;
1389 924 84 28 Bevan,
1485 926 48 21 and
1541 925 54 28 begs
1604 929 22 19 to
1635 926 84 22 inform
1730 927 60 21 them
1800 929 49 19 that
1857 927 30 21 he

1296 950 19 21 is
1324 957 53 16 now
1386 953 181 26 manufacturing
1576 960 72 20 ropes,
1657 953 65 28 lines,
1734 954 73 26 twine,
1818 954 28 21 of
1856 954 31 22 all

1297 976 147 31 descriptions
1452 987 6 19 ;
1473 983 60 18 mats
1546 980 27 22 of
1585 980 29 22 all
1630 981 64 27 sizes,
1715 981 40 21 &c.
1793 980 94 28 Fishing

1292 1004 58 22 'nets'
1365 1006 66 22 made
1448 1006 45 22 and
1512 1007 108 28 repaired,
1638 1007 46 22 and
1703 1015 68 20 every
1788 1007 57 22 kind
1863 1008 24 22 of

1296 1032 79 22 article
1388 1033 25 21 in
1429 1032 39 23 the
1480 1033 75 23 above
1570 1034 52 27 line,
1639 1034 32 22 all
1686 1035 58 21 from
1760 1035 56 21 New
1829 1035 58 21 Zea-

1296 1058 55 22 land
1366 1059 53 28 flax,
1431 1060 46 22 and
1491 1068 29 14 on
1531 1061 38 22 the
1578 1064 58 19 most
1644 1061 132 23 reasonable
1785 1061 100 28 charges.

1296 1092 45 22 No.
1359 1094 20 26 1,
1404 1094 229 28 Molesworth-street,
1647 1101 3 4 •
1661 1096 146 28 Wellington,
1817 1105 3 4 •
1832 1096 55 23 Port

1298 1140 6 5 ,
1527 1122 129 23 Nicholson.
1765 1131 4 7 '
1825 1134 5 9 t

1442 1167 172 27 Wellington
1628 1169 114 21 Tavern.

1296 1198 170 48 EDWARD
1494 1200 98 23 DAVIS
1618 1201 55 27 begs
1697 1206 22 18 to
1741 1202 86 23 inform
1849 1204 36 22 his

1346 1239 3 5 ■
1374 1226 85 22 friends
1469 1227 46 22 and
1524 1227 38 22 the
1571 1228 74 27 public
1654 1230 23 20 in
1798 1230 49 22 that
1856 1231 29 22 he

1295 1251 41 22 has
1346 1253 94 27 .opened
1456 1253 38 22 the
1504 1254 137 28 Wellington
1654 1256 96 27 Tavern,
1762 1256 123 23 Lambton-

1295 1286 74 21 quay,,
1374 1280 74 21 where
1520 1281 46 22 will
1580 1282 46 21 find
1634 1290 14 14 a
1658 1282 78 23 choice
1745 1283 106 22 selection
1862 1286 25 21 of

1294 1306 87 22 bottled
1390 1307 39 22 'ale
1434 1308 50 25 ,and
1493 1312 82 24 porter,
1586 1309 73 28 spirits
1670 1310 45 22 and
1722 1310 68 23 wines
1805 1311 26 22 of
1837 1312 49 21 first

1294 1337 48 18 rate
1353 1334 94 27 quality:

1321 1367 87 22 N.B.—
1411 1367 66 23 Good
1486 1369 88 22 Burton
1584 1369 41 28 ale,
1637 1371 41 21 &c.
1690 1371 39 22 &c.

1321 1400 22 23 A
1351 1402 104 27 quantity
1461 1402 26 22 of
1493 1403 85 27 garden
1585 1404 69 27 seeds,
1662 1404 39 23 the
1708 1405 98 28 produce
1813 1406 26 22 of
1846 1406 38 22 the

1294 1427 95 28 Colony,
1402 1429 36 21 for
1447 1430 52 21 sale.
1729 1445 3 6 ,

1472 1475 140 22 Barrett's.
1616 1477 91 21 Hotel.

1292 1507 109 54 JOHN
1428 1509 107 22 WATTS
1558 1510 54 28 begs
1630 1514 23 19 to
1672 1512 102 22 intimate
1797 1515 24 19 to
1845 1513 38 22 the

1356 1539 82 24 gentry
1447 1536 44 22 and
1501 1537 138 22 inhabitants
1649 1538 26 22 of
1681 1538 144 28 Wellington,
1835 1540 49 22 that

1357 1562 24 21 in
1401 1564 136 27 succeeding
1555 1565 45 22 Mr.
1620 1565 67 22 Hunt
1706 1566 25 21 in
1751 1566 36 22 the
1812 1567 70 22 above

1292 1588 176 30 establishment,
1486 1590 44 23 he..
1529 1592 69 21 trusts
1613 1592 28 22 he
1660 1592 46 22 will
1722 1593 51 27 give
1790 1595 97 25 general'

1292 1615 146 29 satisfaction,
1450 1618 44 21 and
1504 1618 67 24 merit
1579 1619 75 27 public
1663 1620 155 28 approbation,
1829 1621 29 28 by
1869 1629 13 15 a

1292 1642 89 23 careful'
1386 1644 51 23 and,
1444 1645 114 27 judicious
1569 1646 104 22 selection
1686 1647 25 21 of
1719 1647 76 23 choice
1804 1648 76 28 wines,

1291 1670 81 31 spirits;
1385 1671 40 22 &c.
1432 1675 5 6 '

1312 1693 94 31 jN.B.—
1407 1698 59 22 Well
1481 1699 64 22 aired
1560 1700 61 22 beds.
1650 1701 39 21 An
1700 1701 104 27 ordinary
1821 1702 61 26 daily

1291 1726 119 21 at2p.M*V
1452 1744 6 3 .
1762 1730 4 3 •

1312 1751 151 28 ■'Wellington,
1472 1753 151 27 .September;!
1628 1756 19 25 6,
1660 1756 61 20 1841.
1740 1755 7 24 \
1759 1775 3 5 ,

1290 1797 51 47 A
1369 1796 133 29 HEWITT,
1515 1799 159 26 Fishmonger,
1687 1801 110 22 Lambton
1806 1802 73 28 Quay,

1345 1834 11 10 •
1374 1823 146 30 Wellington;
1527 1829 88 19 returns
1623 1827 36 21 his
1669 1827 86 22 sincere
1765 1827 82 23 thanks
1856 1833 24 18 to

1290 1849 37 23 the
1346 1850 139 24 inhabitants
1505 1854 26 20 of
1550 1853 45 22 this
1613 1854 87 28 Colony
1715 1855 36 21 for
1769 1855 38 22 the
1825 1863 55 20 very

1279 1884 2 17 !
1289 1876 78 23 liberal
1386 1882 104 24 support-
1494 1879 29 23 he
1538 1879 41 23 has
1595 1881 98 22 hitherto
1706 1882 110 27 received,
1835 1883 45 22 and

1289 1903 54 28 begs
1353 1908 26 22 to.
1385 1905 83 23 inform
1478 1906 62 22 them
1550 1907 49 22 that
1613 1907 26 22 he
1649 1907 42 22 has
1700 1908 65 23 made
1774 1917 105 20 arrange-

1289 1934 74 19 ments
1379 1932 35 22 for
1432 1940 14 14 a
1460 1937 105 18 constant
1580 1935 80 27 supply
1679 1935 26 22 of
1715 1942 3 5 '
1725 1935 37 22 the
1781 1936 99 23 choicest

1280 1969 2 11 ;
1289 1958 103 22 varieties
1402 1959 26 22 of
1437 1959 50 28 fish,
1505 1961 74 22 which
1595 1962 26 21 he
1639 1962 139 28 confidently
1792 1971 87 15 recom-
1886 1972 2 8 1

1288 1985 79 23 mends
1378 1989 22 19 to
1410 1987 38 21 the
1456 1987 78 27 public
1543 1995 24 15 as
1574 1989 66 27 being
1649 1989 26 22 of
1685 1989 37 22 the
1730 1990 50 22 best
1784 1991 93 31 quality.

1316 2013 83 21 Orders
1407 2014 36 21 for
1452 2014 106 28 shipping
1566 2016 109 28 received,
1692 2016 45 23 and
1745 2019 134 27 punctually

1288 2039 108 21 attended
1405 2043 41 22 to.,
1542 2052 5 5 -
1567 2052 2 4 ■
1665 2046 74 19 >,-,''

1408 2089 5 4 .
1444 2074 99 15 OYSTERS
1558 2075 70 14 FRESH
1644 2076 78 15 DAILY.

1311 2098 68 28 Also,
1390 2107 14 14 a
1413 2100 80 28 supply
1503 2101 26 21 of
1544 2102 128 27 vegetables
1688 2102 60 23 fresh
1762 2103 58 23 from
1839 2104 38 22 the

1287 2126 85 27 garden
1383 2126 68 28 daily.
1475 2147 3 10 ,

1286 2175 62 48 J^
1360 2175 154 28 CANNING,
1539 2176 100 28 Cabinet,
1665 2177 73 28 Chair,
1762 2178 45 22 and
1825 2180 53 21 Sofa

1310 2223 2 4 ,
1326 2212 11 10 •
1369 2201 177 29 Manufacturer,
1562 2204 190 29 Lambton-quay,
1762 2206 116 28 adjoining

1286 2228 71 22 Durie
1367 2229 46 22 and
1423 2230 58 22 Co.'s
1496 2230 83 23 Stores.

1286 2263 27 26 _J
1445 2264 132 16 FURNITURE
1597 2267 121 15 REPAIRED.
1727 2279 2 5 ,

1288 2301 168 23 /CHARLES
1473 2303 145 29 HARVEY,-
1623 2305 91 22 Tailor
1725 2306 21 22 &
1755 2307 121 22 Breeches

1288 2329 40 20 V>
1359 2329 97 28 Maker,
1467 2337 55 15 near
1532 2331 88 23 Messrs.
1628 2331 92 26 .Waters
1731 2333 45 22 and
1785 2334 92 22 Smith's

1286 2355 80 27 Store,-
1376 2356 144 29 Wellington,
1538 2359 54 26 begs
1606 2362 22 18 to
1644 2359 85 23 inform
1743 2360 38 22 the
1795 2364 82 25 gentry

1286 2382 45 22 and
1340 2383 139 23 inhabitants
1490 2385 27 21 of
1529 2385 138 28 Wellington
1678 2387 46 21 and
1736 2387 33 24 its.
1774 2388 101 30 vicinity,

1285 2409 49 22 that
1343 2410 31 22 he
1384 2410 41 22 has
1435 2413 146 21 commenced
1590 2413 101 23 business
1700 2422 24 14 as
1738 2415 77 27 above,
1831 2416 49 25 and.

1287 2439 66 19 trusts
1363 2436 138 25 that'twelve
1518 2440 74 27 years'
1602 2448 133 20 experience
1745 2442 24 21 in
1779 2442 100 23 London'

1285 2470 25 14 as
1332 2471 15 14 a
1367 2465 108 26 practical
1499 2469 80 25 cutter,
1602 2468 119 22 combined
1740 2469 53 22 with
1816 2470 61 27 good

1285 2491 126 22 materials,
1422 2492 46 22 and
1491 2493 172 29 workmanship,
1689 2495 46 22 and
1760 2496 115 23 moderate

1286 2516 100 29 charges,
1397 2519 45 21 will
1452 2520 80 22 enable
1542 2521 48 22 him
1599 2525 22 18 to
1637 2522 59 27 give,
1700 2523 137 22 satisfaction
1852 2528 23 18 to

1285 2544 31 22 all
1325 2543 51 24 who
1385 2553 53 20 may
1446 2546 81 24 favour
1537 2547 47 23 him
1592 2548 52 22 with
1654 2549 59 22 their
1721 2553 130 25 patronage.

1468 2580 85 28 Terms,
1566 2582 52 22 cash
1628 2582 63 28 only.

1285 2624 46 48 J.
1353 2624 122 22 HARRIS
1494 2625 69 23 AND
1583 2627 52 27 CO.,
1654 2628 112 26 Builders,
1785 2629 44 29 beg
1851 2634 24 18 to

1325 2661 11 11 •
1367 2651 73 28 notify
1449 2655 23 18 to
1481 2651 39 23 the
1528 2653 112 24 .Colonists
1649 2655 28 21 of
1682 2655 55 22 Port
1742 2656 132 28 Nicholson,

1285 2677 48 22 that
1343 2677 179 30 theyare.ready
1530 2683 23 19 to
1562 2681 125 23 undertake
1696 2682 38 22 the
1744 2683 98 22 erection
1853 2684 26 21 of

1285 2712 44 19 any
1493 2706 26 22 of
1529 2707 112 28 Building.
1670 2709 64 28 They
1744 2717 37 14 are
1796 2714 80 18 exten-

1285 2731 70 28 sively
1372 2733 101 27 engaged
1489 2733 24 22 in
1530 2734 38 22 the
1584 2735 156 24 manufacture
1757 2737 25 21 of
1792 2737 92 28 bricks,-

1283 2758 59 27 .tiles,
1352 2759 49 27 &c,
1412 2759 46 22 and
1467 2760 53 28 they
1530 2764 64 25 trust,
1604 2762 36 27 by,
1644 2764 122 27 executing
1774 2763 30 22 all
1813 2765 63 22 work

1284 2786 29 26 in,
1319 2787 197 25 a^radesmanlike
1532 2795 100 21 manner,
1644 2793 24 18 to
1684 2791 87 21 receive
1787 2798 13 15 a
1811 2791 64 22 share

1285 2813 27 27 of]
1323 2810 37 25 the
1371 2817 94 24 support
1473 2815 26 21 of
1510 2815 38 22 the
1560 2816 117 22 Colonists.

1312 2840 191 32 Lamhton-quay,
1515 2843 129 27 September
1653 2846 34 25 30,
1699 2846 60 21 1841.

1422 2887 146 23 WILLIAM
1583 2889 155 29 WHITLEY,

1362 2921 167 28 Shipwright
1539 2924 55 20 and
1603 2924 71 20 Boat
1683 2924 119 26 Builder,

1286 2955 107 51 BEGS
1409 2959 146 28 respectfully
1569 2962 24 20 to
1607 2960 84 22 inform
1706 2961 39 22 the
1761 2961 76 28 public
1853 2963 26 21 of

1348 2985 55 21 Port
1412 2985 132 29 Nicholson,
1552 2986 50 22 that
1609 2987 28 22 he
1647 2987 19 23 is
1677 2989 166 28 nowprepared
1853 2993 23 18 to

1285 3019 65 20 carry
1360 3018 30 16 on
1442 3010 77 30 /above
1528 3013 116 28 branches,
1656 3015 47 21 and
1711 3018 68 20 trusts
1788 3016 89 29 that'by

1285 3044 168 22 perseverance,
1462 3040 119 23 combined
1590 3041 52 22 with
1652 3042 115 22 moderate
1775 3043 100 28 charges,

1285 3067 32 23 he.
1322 3073 54 20 may
1384 3066 67 22 merit
1459 3074 14 14 a
1481 3067 66 22 share
1552 3068 5 10 ;
1558 3069 26 21 of
1594 3069 75 27 public
1677 3072 130 25 patronage.
1828 3076 4 5 '

1310 3091 115 30 Caulking
1443 3094 69 28 done,'
1529 3102 70 21 spars,
1618 3103 57 18 oars,
1696 3097 47 27 &c,
1753 3098 77 22 "'made
1853 3101 28 19 to'

1285 3120 72 22 order.
1374 3121 62 28 Also,
1445 3122 64 22 boats
1517 3123 101 27 repaired
1624 3124 46 21 and
1676 3123 128 24 alterations
1810 3125 66 23 made

1285 3154 29 14 on
1324 3147 38 22 the
1372 3152 61 18 most
1440 3149 133 23 reasonable
1581 3153 75 19 terms.
1685 3151 135 23 References
1834 3160 43 15 can

1284 3174 28 22 be
1322 3174 110 23 adduced.
1470 3176 2 6 '
1477 3175 9 12 f
1488 3176 10 15 '■

1313 3201 106 28 Address,
1439 3210 24 15 as
1470 3211 2 6 ■
1487 3203 79 28 above,
1586 3204 58 23 close
1661 3207 33 20 to-
1705 3205 92 28 Pipetea
1820 3203 55 31 Pah,'

1284 3228 147 28 Wellington.

1285 3273 234 50 JM'GREGOR
1532 3275 56 28 begs
1602 3276 144 32 respectfully
1759 3280 23 19 to
1793 3278 84 22 inform

1325 3311 11 11 •
1353 3300 40 23 the
1402 3305 80 24 gentry
1492 3302 47 22 and
1546 3303 138 22 inhabitants
1691 3304 24 22 of
1723 3305 54 21 Port
1783 3304 94 24 Nichol-

1284 3334 41 15 son
1336 3327 54 23 that
1393 3328 30 22 he
1432 3328 41 23 has
1483 3337 32 14 on.
1523 3330 54 26 sale,
1593 3333 32 19 at.
1630 3330 35 22 his
1682 3335 129 24 temporary-
1821 3333 57 21 resi-

1285 3355 78 27 dence,
1383 3355 24 22 in
1425 3355 39 23 the
1481 3363 52 16 rear
1550 3358 27 21 of
1579 3365 4 4 1
1594 3358 39 21 Dr.
1651 3357 101 29 Knox's,»
1766 3366 56 16 near
1838 3359 39 23 the

1372 3404 4 3 .
1382 3389 29 15 an
1418 3404 7 4 ,
1430 3387 136 19 assortment
1572 3404 3 6 ,
1585 3384 26 22 of
1629 3385 51 22 best
1703 3386 174 23 London-made

1284 3408 106 28 watches,
1401 3409 78 23 Dutch
1484 3410 87 29 .clocks,
1581 3412 39 22 &c.

1312 3436 180 29 Chronometers,
1503 3438 83 28 clocks;
1602 3439 104 27 watches,
1722 3439 45 23 and
1782 3441 95 23 musical

1284 3463 71 22 boxes
1364 3464 109 27 carefully
1484 3464 95 23 cleaned
1588 3466 44 21 and
1641 3466 110 27 repaired.
1774 3483 4 4 ,
1818 3469 19 9 ''

1447 3503 13 15 *••
1494 3503 31 20 E.
1541 3504 125 26 Stafford,
1682 3507 17 25 >
1723 3503 11 11 *

1371 3537 78 24 Tailor,
1464 3537 187 28 Lambton-quay,'-'
1657 3538 133 27 Wellington,

1286 3570 52 49 IN
1351 3570 119 28 returning
1479 3570 81 23 thanks
1571 3575 23 19 to
1604 3572 62 22 those
1681 3573 128 27 gentlemen
1817 3580 4 4 '
1826 3571 50 25 Avlio

1341 3596 60 23 have
1410 3598 93 22 favored
1512 3598 48 22 him
1569 3599 53 22 with
1632 3600 60 22 their
1699 3600 82 27 orders,
1790 3608 87 15 assures

1285 3624 61 22 them
1355 3624 51 22 that
1414 3624 58 22 from
1482 3625 35 21 his
1527 3626 65 22 stock
1601 3634 28 14 on
1639 3626 69 27 hand,
1719 3627 45 22 and
1773 3628 58 22 from
1840 3635 35 15 re-

1285 3655 53 18 cent
1346 3651 93 22 arrivals
1447 3652 59 22 from
1515 3652 111 28 England,
1637 3653 30 23 he
1679 3654 43 22 will
1736 3654 27 22 be
1780 3655 97 22 enabled

1285 3680 23 20 fo
1318 3677 67 23 make
1395 3685 30 21 up
1435 3678 88 22 articles
1533 3680 23 21 in
1565 3680 37 21 the
1611 3681 49 21 first
1670 3680 56 28 style
1737 3681 25 21 of
1772 3681 88 22 fashion
1868 3690 6 19 ;

1285 3704 72 23 which
1367 3704 46 23 will
1423 3705 81 22 render
1513 3706 18 21 it'
1540 3713 150 21 unnecessary
1699 3707 35 21 for
1747 3707 36 22 the
1800 3708 76 27 public

1285 3735 23 19 to
1319 3732 56 22 send
1389 3735 23 18 to
1428 3732 38 22 the
1482 3732 165 29 neighbouring
1656 3733 104 23 Colonies
1769 3735 35 21 for
1818 3735 59 23 their

1285 3759 100 27 wearing
1394 3760 98 26 apparel.

1311 3786 59 22 N.B.
1372 3798 29 3 —
1402 3786 73 27 Every
1491 3786 77 23 article
1582 3787 125 22 warranted
1726 3788 26 21 of
1772 3787 38 23 the
1827 3789 50 23 best

1284 3813 94 28 quality,
1390 3816 44 25 cut,
1446 3813 45 22 and
1501 3813 172 29 workmanship,
1684 3814 45 23 and
1744 3822 36 17 on,
1785 3823 92 15 reason-

1285 3840 50 22 able
1345 3843 76 19 terms.
1432 3848 5 4 *

1475 3887 117 20 Feather
1606 3887 79 20 Beds.

1286 3919 90 49 FOR,
1389 3920 85 27 SALE,
1491 3923 45 19 two
1546 3927 54 20 yery
1609 3920 59 27 good
1684 3921 93 27 English
1790 3921 87 24 feather

1358 3946 63 28 beds,
1432 3954 43 14 one
1488 3946 90 27 bolster,
1590 3947 43 22 and
1649 3951 44 18 two
1709 3948 90 26 pillows.
1829 3949 46 23 En-

1284 3974 65 27 quire
1359 3974 236 27 at'Mr.^Pharozyn's.
1605 3975 92 27 Pipetea
1706 3975 55 23 Pah.

695 137 2 6 ,
731 134 5 2 -
777 118 93 21 Union
884 119 81 20 Bank
978 119 32 21 of
1025 118 150 22 Australia.
1193 136 9 5 -.

683 151 96 22 London
796 151 93 26 Office,
905 151 45 22 No.
964 153 37 25 33,
1019 152 51 21 Old
1086 151 186 23 Broad-street.

718 204 3 5 ,
736 184 95 28 Capital,
842 184 122 28 £800,000;
985 185 50 27 paid
1045 192 39 20 up,
1099 185 119 27 £500,000.

717 227 4 8 .
875 228 5 4 •
911 218 116 17 'directors
1033 223 4 5 •
1193 233 4 7 ,

789 245 67 21 George
864 245 39 16 Fife
910 245 67 21 Angas,
986 246 48 20 Esq.,

739 277 3 3 •
750 263 3 4 '
779 273 3 7 r
788 266 68 16 Robert
863 266 75 19 Brooks,
948 267 49 19 Esq;,

787 287 61 16 James
856 287 48 16 John
912 287 100 19 Cummins,
1021 286 49 21 Esq.,

788 307 68 17 Robert
863 307 97 20 Gardener,'
971 308 48 20 Esq.,
1032 308 123 19 Manchester)

787 328 48 16 John
844 328 45 16 Gore
906 329 48 19 Esq.,
1163 336 5 3 -
1186 327 3 2 '

787 349 48 16 John
929 349 130 20 BucWc.Esq.,
1157 361 7 8 ,

782 369 100 20 -Benjamin
890 369 21 17 E.
918 369 64 19 Lindo,
990 370 48 20 Esq.,
1128 382 6 2 .
1239 376 4 8 t

787 390 73 17 Charles
868 390 76 19 Edward
951 390 88 21 Mangles,
1048 390 50 20 Esq.,
1105 403 3 4 .

783 411 119 20 vCliristopher
909 411 84 19 Bawson,
1002 411 48 20 Esq.,
1062 411 83 20 Halifax,

732 439 4 6 '
787 431 78 17 Thomas
872 431 64 20 Sands,
945 431 48 21 Esq.,
1001 431 104 21 Liverpool,'
1119 433 4 7 '
1135 436 3 4 '
1209 432 12 15 -.'

787 452 62 16 James
856 452 55 21 Bogle
919 452 64 19 Smith,
990 452 48 20 Esq.,

699 480 4 7 <
718 476 14 6 -
770 470 228 22 '"JamesßuddellTodd,
1007 473 42 19 Esq.

679 494 87 16 Trustees
771 499 6 11 :
792 494 81 16 Gkorge
884 494 58 17 Carh
953 494 65 19 Glyns
1026 495 50 20 Esq.,
1087 494 53 16 John
1152 493 59 20 Gore,
1221 494 50 20 Esq.,

828 515 36 16 and
871 515 67 16 James
945 515 17 16 J.
969 515 101 19 Cummins,
1080 515 44 19 Esq.

707 536 92 16 Bankers:
812 536 74 16 Messrs.
893 536 62 19 Giyn,
967 536 115 19 Hallivax,
1091 535 71 20 Mills,
1169 536 36 16 and
1212 536 32 17 Co.

746 569 4 8 v
769 569 5 7 j,
800 557 93 20 Secretary
898 552 100 26 .'Sa^wel
1004 557 95 20 Jackson,
1108 557 43 20 Esq.
1159 557 26 23 '/

771 577 81 16 Colonial
858 578 94 20 Inspector
957 583 5 11 :
973 578 18 16 J.
999 578 19 17 C.
1025 578 104 19 M'Lareh,
1138 577 41 21 Esq.

730 633 9 11 >,
762 625 5 4 '
801 626 70 19 New
888 625 125 22 Zealand
1030 626 118 21 Branch.

677 652 165 16 Local-Directors:
858 652 46 16 Geo.
917 652 17 16 S.
946 653 73 17 Evans,
1031 654 50 20 Esq.,
1093 653 70 20 D.C.L.,
1174 653 37 17 and
1223 653 47 16 Geo.

840 677 5 5 '
866 690 5 2 .
901 673 92 20 Hunter,
1005 674 37 20 Esq
1040 674 4 4 1
1043 686 5 5 .
1094 675 3 6 '

678 693 98 22 Manager:
788 694 47 16 John
844 694 72 20 Smith,
924 695 48 20 Esq.,
981 696 37 16 late
1025 696 20 16 of
1049 696 36 16 .the
1093 695 116 17 Commercial
1217 696 53 16 Bank

848 715 20 16 of
877 715 89 21 England,
978 717 123 16 Manchester.

790 736 113 22 Branches
914 740 24 19 at
953 737 97 28 Sydney,

816 761 7 10 i
953 764 89 22 liobart
1050 764 77 28 Town,
1205 784 2 6 ,

953 791 10 21 1
971 795 132 24 iaunceston)
1115 790 47 23 and
1174 797 5 7 '
1188 795 3 5 '

728 836 3 4 .
743 818 33 25 %fl
953 818 11 21 I
972 821 35 19 ort
1017 818 81 28 Philip.

677 843 55 22 Port
741 843 131 29 Nicholson,
884 844 80 22 March
974 846 35 26 24,
1021 846 62 21 1840.

678 897 93 35 rpHE
788 898 115 22 Directors
919 898 27 22 of
960 898 40 22 the
1016 898 57 22 New
1090 899 100 22 Zealand

685 920 29 26 X
753 924 117 28 Company
884 925 85 28 hereby
985 926 50 26 give
1052 926 83 26 notice,
1153 927 48 21 that
1216 927 54 28 they

677 950 57 23 have
741 959 115 14 effected
865 959 31 15 an
906 960 174 14 arranoement
1087 953 54 22 with
1148 953 37 22 the
1193 953 75 23 Union

677 978 65 21 Bank
754 979 30 21 of
798 979 122 27 Australia,
937 979 45 22 No.
998 981 33 26 38,
1047 979 46 22 Old
1108 981 160 26 Broad-street,
1269 1001 4 9 r

677 1004 104 22 London,
791 1006 35 21 for
835 1006 37 21 the
885 1006 170 22 establishment
1068 1007 28 21 of
1108 1015 14 13 a
1139 1007 129 23 BRANCH

677 1031 97 22 BANK-
781 1032 36 22 IN
830 1032 73 22 NEW
917 1033 160 28 ZEALAND,
1089 1033 97 28 through
1196 1033 77 24 which'

676 1058 38 22 the
723 1059 103 22 business
839 1059 27 21 of
877 1059 40 23 the
933 1060 58 22 New
1007 1060 101 22 Zealand
1122 1061 64 22 Land
1203 1062 65 22 Com-

676 1092 60 21 pany
746 1086 46 22 will
799 1086 29 22 be
837 1087 135 21 transacted.
1001 1087 48 21 The
1065 1088 114 22 Directors
1195 1089 73 22 there-

670 1113 53 25 ,fore
733 1113 146 22 recommend
887 1117 31 19 to;
927 1114 111 22 Colonists
1047 1114 47 23 ,the
1112 1115 74 22 Union
1203 1115 66 23 Bank

677 1139 26 21 of
720 1140 116 22 Australia
854 1148 23 14 as
896 1148 28 14 an
951 1140 171 24 establishment
1143 1143 125 28 possessing

676 1166 58 22 their
750 1167 71 21 entire
845 1167 137 28 confidence,
1002 1168 45 22 and
1066 1168 51 23 able
1136 1172 22 18 to
1175 1171 93 30 provide

676 1193 127 28 e'ffeetually
819 1194 35 22 for
868 1194 39 22 the
921 1195 105 22 financial
1042 1199 71 19 wants
1131 1196 25 22 of
1167 1199 38 19 the
1212 1197 56 23 'first

674 1220 138 23 settlement.

845 1248 35 28 By
889 1249 66 21 order
965 1249 27 21 of
1002 1249 36 22 the
1049 1249 82 27 Board,
1150 1265 11 8 ..

873 1296 4 5 ,
922 1275 36 22 JO
963 1275 45 23 PIN
1021 1277 106 27 WARD,
1144 1278 122 29 Secretary.

678 1301 54 22 New
742 1301 102 23 Zealand
853 1302 65 22 Land
927 1303 136 28 Company's
1073 1304 79 28 Office,

704 1331 18 21 1,
734 1329 160 27 Adam-street,
905 1329 107 28 Adclphi,
1021 1329 204 29 27tVAug.,-'1839.
1246 1340 2 5 ■

786 1376 69 19 Hew
868 1376 124 21 Zealand
1008 1377 149 29 Company.

677 1407 93 49 THE
788 1409 101 21 COURT
904 1409 39 22 OF
964 1410 175 24 DIRECTORS
1151 1411 38 22 OF
1202 1412 63 22 THE

753 1435 72 22 NEW
845 1435 152 24 ZEALAND
1012 1438 154 22 COMPANY
1181 1439 85 28 hereby

674 1461 51 27 give
736 1463 83 26 notice,
830 1463 48 21 that
888 1463 54 28 they
946 1463 64 23 'have
1019 1465 106 22 reserved
1134 1466 35 21 for
1181 1466 46 21 sale
1242 1469 23 19 to

674 1496 94 19 persons
777 1490 99 22 resident
884 1491 31 24 in,
918 1491 65 25 New.
993 1491 101 23 Zealand
1112 1500 25 14 or
1151 1492 37 22 the
1205 1494 60 21 Aus-

675 1515 108 23 tralasian
793 1517 110 27 Colonies,
915 1521 43 19 two
965 1518 104 22 hundred
1075 1519 26 21 of
1108 1519 38 22 the
1153 1520 111 22 thousand

673 1542 131 23 allotments
818 1544 131 22 mentioned
964 1545 26 22 in
1004 1545 37 22 the
1058 1547 91 27 printed

674 1569 36 22 for
733 1570 112 22 Purchase
857 1574 6 8 >
864 1571 27 21 of
894 1568 4 13 i
898 1573 2 5 '
1029 1568 26 26 iri
1073 1573 39 22 the
1130 1574 134 27 Company's

674 1597 85 21 second
769 1597 135 28 settlement,
918 1599 100 28 bearing'
1022 1599 51 22 date
1090 1600 57 22 New
1164 1601 100 22 Zealand

777 1624 52 22 15th
845 1625 115 28 February
975 1628 61 26 1841,
1052 1627 75 27 copies
1146 1628 26 21 of
1178 1641 3 5 .
1191 1628 72 21 which

674 1658 53 20 may
743 1651 28 21 be
791 1651 114 23 obtained,
920 1658 24 17 at
962 1653 38 22 the
1020 1654 102 27 SSurveyor
1122 1654 12 27 General'sr
1133 1667 11 15 r
1146 1654 117 23 General's

674 1677 71 28 office,
758 1677 145 29 Wellington.
1134 1676 4 6 '
1205 1700 2 4 ,

700 1704 72 22 These
784 1706 40 21 200
833 1705 139 24 allottments
981 1707 57 22 have
1054 1707 60 23 been
1132 1708 92 23 entered
1239 1709 24 22 in

673 1731 38 21 the
720 1731 96 28 registr3'
826 1733 26 21 of
863 1733 148 32 applications
1019 1735 75 22 under
1102 1735 38 22 the
1157 1733 108 25 nuffibefs'

671 1759 40 21 401
724 1763 23 17 to
764 1760 39 20 600
822 1759 56 22 both
891 1761 117 27 inclusive,
1028 1762 45 21 and
1094 1762 37 22 the
1150 1762 70 28 rights
1240 1764 26 21 of

673 1785 77 23 choice
758 1785 23 22 in
791 1790 87 24 respect
886 1788 27 21 of
925 1788 39 21 the
983 1788 47 22 said
1047 1789 107 22 numbers
1172 1790 44 21 will
1235 1791 27 22 be

673 1812 141 23 determined
823 1811 29 30 by
861 1814 33 21 lot
903 1815 24 21 in
941 1815 105 28 England
1056 1823 25 15 as
1090 1816 24 22 in
1125 1816 39 23 the
1172 1824 50 15 case
1240 1818 25 21 of

672 1839 31 21 all
713 1839 37 22 the
762 1840 62 22 other
834 1840 135 24 allotments.
1172 1843 4 5 '
1201 1842 4 6 '

710 1867 124 28 Intending
857 1868 132 27 purchasers
1009 1870 24 21 of
1051 1869 64 23 these
1134 1870 127 24 allotments

671 1897 61 18 must
741 1893 88 28 deposit
838 1895 42 22 the.
886 1895 71 22 whole
974 1896 201 29 purchase-money

670 1920 35 22 for
715 1921 65 26 each)
791 1921 48 22 into
849 1929 45 20 any
904 1923 27 21 of
943 1923 38 22 the
991 1923 58 22 local
1058 1924 111 23 branches
1185 1926 27 21 of
1223 1926 38 22 the

671 1947 76 22 Union
759 1948 64 22 Bank
833 1948 26 22 of
877 1950 128 28 Australia;
1022 1951 46 22 and
1084 1959 30 14 on
1131 1952 130 30 presenting

671 1982 25 13 or
706 1976 152 26 transmitting
867 1980 22 17 to
904 1976 45 22 the'
958 1978 136 28 Company's
1199 1980 62 27 prin-

670 2001 58 28 cipal
737 2006 70 23 agent
811 2003 27 21 in
849 2003 55 22 New
915 2004 107 28 Zealand,
1033 2008 24 19 at
1066 2006 54 21 Port
1129 2006 129 28 Nicholson;

670 2035 30 14 an
711 2029 193 27 acknowlegment
911 2031 27 20 of
944 2031 39 21 the
990 2032 83 26 receipt
1079 2032 26 21 of
1110 2032 56 21 such
1173 2032 92 28 deposit*

670 2055 30 27 by
710 2055 37 21 the
758 2056 72 26 Bank,
848 2056 36 21 the
900 2056 119 28 depositor,
1035 2065 25 15 or
1073 2058 35 22 his
1124 2063 73 23 agent,
1200 2074 4 7 <
1214 2060 45 22 will

670 2082 95 24 receive,
769 2083 56 21 from
837 2082 36 23 the
880 2084 136 28 Company's
1021 2086 48 21 said
1078 2086 106 28 principal
1192 2088 70 26 agent

670 2116 14 14 a
703 2109 88 22 written
812 2110 135 22 declaration
967 2111 27 22 of
1012 2112 37 22 the
1065 2113 97 22 number
1176 2114 24 21 in
1220 2114 38 22 the

670 2136 95 27 registry
776 2136 26 22 of
812 2137 147 27 applications
968 2139 104 22 awarded
1081 2143 22 18 to
1119 2140 54 22 such
1190 2140 71 28 depo-f

670 2162 59 28 sitor,
741 2164 54 21 with
805 2171 28 14 an
841 2164 152 29 undertaking
998 2169 23 18 to
1027 2166 128 23 deliverthe
1162 2168 96 22 sections

670 2189 73 22 which
753 2191 55 21 such
818 2191 111 27 depositor
940 2200 24 14 or
974 2192 35 23 his
1018 2197 68 23 agent
1094 2201 53 21 may
1156 2194 69 22 select
1233 2195 25 21 in

669 2221 89 22 respect
767 2216 26 23 of
805 2218 37 21 the
851 2219 60 27 right
922 2220 26 21 of
958 2220 77 22 choice
1045 2221 80 27 falling
1140 2222 31 27 by
1185 2222 34 27 Ipt
1235 2225 23 19 to

669 2241 55 24 such
734 2245 96 22 number
839 2246 22 21 in
873 2246 37 22 the
920 2247 101 27 registry.
1039 2262 3 3 •
1156 2270 16 6 __

696 2270 48 23 The
755 2272 105 22 numbers
868 2273 24 22 in
903 2273 38 22 the
950 2274 95 27 registry
1059 2275 44 21 will
1113 2275 30 22 be
1155 2276 103 22 awarded

668 2298 89 27 strictly
765 2299 25 21 in
799 2299 38 22 the
848 2300 65 22 order
923 2300 26 22 of
961 2301 37 22 the
1009 2303 151 25 presentation
1171 2302 25 22 of
1203 2303 54 22 such

669 2324 88 28 deposit
765 2326 94 28 receipts
870 2331 22 18 to
903 2327 38 22 the
950 2328 137 28 Company's
1094 2329 163 28 said/principal

668 2356 75 23 agent.

672 2402 5 8 t
696 2379 28 22 In
735 2387 51 14 case
795 2380 97 28 deposits
903 2382 80 22 should
992 2382 28 22 be
1029 2383 111 23 made-for
1150 2391 13 14 a
1171 2387 88 24 greater

668 2406 97 22 number
774 2407 26 22 of
815 2408 129 22 allotments
957 2408 55 23 than
1028 2410 38 22 the
1139 2411 81 28 placed
1235 2413 23 21 at

667 2433 44 22 the.
716 2433 97 28 disposal
830 2435 26 21 of
873 2436 38 20 the
927 2436 136 28 Company's
1081 2441 68 24 agent
1163 2438 22 22 in
1200 2438 57 23 New

667 2460 109 28 Zealand,
794 2461 37 22 the
844 2462 86 28 depos.it
939 2464 94 27 receipts
1043 2464 24 22 in
1077 2469 89 24 respect
1174 2465 26 21 of
1211 2473 46 20 any

667 2488 56 21 such
733 2491 64 19 extra
804 2489 131 26 .allotments
946 2490 45 22 will
1000 2495 41 18 not
1049 2492 29 22 be
1088 2492 112 27 accepted,
1212 2493 45 22 and

667 2514 38 22 the
715 2514 73 23 whole
797 2513 130 25 amounVof
939 2517 37 22 the
985 2517 86 28 deposit
1082 2519 44 21 will
1134 2519 26 22 be
1169 2523 89 19 return-

667 2542 29 21 ed
705 2545 22 18 to
737 2542 39 22 the
788 2542 118 28 depositor,
922 2544 52 22 with
985 2545 93 23 interest
1088 2549 22 18 at
1120 2545 37 23 the
1168 2550 90 19 current

666 2572 47 18 rate
734 2570 27 20 of
780 2570 107 24 interest.
892 2578 29 14 on
941 2571 97 28 deposits
1056 2573 96 22 allowed
1169 2574 31 27 by
1219 2573 37 23 the

666 2596 77 22 Union
754 2596 65 23 Bank
829 2597 27 22 of
866 2597 124 24 Australia.
1005 2610 3 4 •

692 2623 39 22 No
741 2624 88 27 deposit
838 2625 95 28 receipts
944 2626 46 21 will
998 2626 27 22 he
1035 2627 107 28 accepted
1152 2627 57 23 after
1219 2626 37 24 the

666 2650 136 28 Company's
825 2651 111 28 principal
954 2653 109 26 agerTTin
1082 2654 57 22 New
1157 2655 101 22 Zealand

666 2677 57 22 shall
732 2677 58 23 have
799 2678 93 23 learned
903 2680 48 22 that
962 2680 37 22 the
1010 2680 100 29 drawing
1119 2681 34 22 s'of
1164 2682 41 22 lots
1222 2683 36 21 for

665 2705 94 28 priority
769 2706 26 21 of
805 2706 84 27 choice,
901 2706 41 23 has
950 2707 69 22 taken
1031 2705 65 30 plac?e
1110 2709 24 21 in
1145 2709 110 28 England:

693 2732 23 22 It
725 2732 19 22 is
762 2733 115 28 expressly
895 2734 127 28 stipulated,
1042 2735 51 22 that
1101 2735 40 22 -all
1160 2734 96 30 deposits

665 2759 46 21 and
720 2759 146 28 applications
873 2760 58 23 shall
940 2761 28 22 be
978 2762 66 22 made
1061 2763 87 26 subject
1164 2766 21 19 to
1201 2764 62 21 such'

664 2785 138 28 regulations
813 2794 24 15 as
847 2787 57 22 have
913 2789 65 27 been,
995 2796 24 14 or
1032 2796 54 21 may
1099 2790 112 23 hereafter
1221 2791 38 27 be,,

665 2813 67 21 made
741 2813 31 28 by
783 2813 37 23 the
842 2815 123 33 Company!
986 2816 35 22 for
1038 2816 39 22 the
1098 2817 95 27 disposal
1211 2818 45 21 and

664 2839 56 23 final
729 2840 101 29 delivery
837 2841 26 22 of
868 2842 147 29 preliminary
1023 2843 68 22 lands
1095 2844 31 24 in,
1127 2844 38 22 the
1173 2845 82 22 second

664 2867 136 23 settlement.
1262 2879 3 7 >

775 2895 35 27 By
819 2895 66 23 order
894 2896 27 22 of
932 2896 37 23 the
981 2897 75 26 Court,
1116 2906 4 3 -
1143 2918 3 4 .
1182 2916 3 3 .

711 2942 8 4 .
913 2923 26 22 F.
953 2924 92 22 Dillon
1062 2925 70 28 Bell,

857 2968 10 7 .r.
877 2975 5 7 r
1000 2952 117 28 Secretary
1127 2960 40 20 pro
1176 2956 53 20 tern.
1249 2977 3 3 .

664 2977 58 21 New
736 2977 101 21 Zealand
847 2977 86 27 House,

720 3003 104 28 London,
835 3004 60 21 22nd
904 3004 73 28 April,
990 3006 61 21 1841.

672 3048 118 22 TAMES
800 3048 127 23 BURTON
941 3050 68 22 AND
1019 3051 84 28 SONS,
1115 3052 142 28 Millwrights

664 3072 28 24 O
715 3075 47 22 and
779 3075 130 28 Engineers,
922 3076 26 22 of
958 3076 80 23 John's
1054 3078 74 28 Place,
1146 3078 112 24 Holland-

664 3105 75 23 street,
751 3102 139 28 Southwark,
902 3103 103 28 London,
1016 3104 44 28 beg
1068 3105 64 23 leave
1143 3109 26 19 to'
1174 3107 82 23 inform

664 3129 124 27 capitalists
796 3130 46 22 and
851 3130 37 22 the
899 3130 87 22 settlers
995 3130 35 23 i#-
1034 3133 100 28 general,
1146 3133 47 23 that
1204 3135 52 28 they

664 3163 44 14 can
720 3156 29 22 be
766 3157 102 27 supplied
884 3165 29 14 on
929 3158 115 22 moderate
1054 3163 76 19 .terms
1145 3161 43 22 and
1205 3165 24 19 at
1244 3170 13 14 a

664 3182 64 23 short
740 3184 83 27 notice,
834 3184 53 22 with
898 3188 71 18 steam
979 3185 93 27 engines
1083 3187 27 21 of
1120 3194 45 21 any
1174 3196 80 19 power,

664 3209 67 23 horse
741 3210 46 22 and
795 3214 69 18 water
872 3211 90 28 wheels,
972 3212 61 22 Avind
1040 3213 66 28 mills;
1118 3222 45 14 saw
1172 3216 46 22 and
1227 3217 27 22 oil

664 3237 68 27 mills,
748 3238 47 22 and
811 3245 67 21 every
892 3238 58 22 kind
966 3239 27 21 of
1066 3240 46 23 arid
1126 3242 131 29 machinery

664 3261 96 25 suitable
770 3269 23 17 to
802 3272 15 14 a
828 3272 50 15 new
893 3266 130 22 settlement
1030 3274 5 19 ;
1051 3267 73 23 either
1139 3270 116 28 complete,

665 3299 29 13 or
699 3291 39 22 the
747 3292 50 21 iron
808 3292 46 22 and
867 3293 63 21 brass
946 3293 69 26 work,
1025 3294 41 22 &c.
1083 3295 62 28 only,
1155 3297 70 28 r.eady
1234 3301 22 18 to

664 3318 33 21 fix
711 3321 24 19 to
752 3318 38 22 the
802 3319 71 28 wood,
887 3320 55 22 with
954 3321 102 28 working
1070 3321 116 30 drawings,
1204 3328 22 18 to
1244 3332 14 15 a

664 3345 67 27 scale,
743 3346 117 27 complete,
872 3347 46 21 and
931 3354 67 21 every
1008 3347 69 23 detail
1094 3349 45 22 and
1148 3351 107 22 direction

663 3372 69 27 given
742 3375 23 19 to
776 3373 80 22 enable
871 3373 39 22 the
920 3379 120 22 purchaser
1054 3379 24 19 to
1094 3377 59 21 avail
1169 3377 92 24 himself

664 3399 28 21 of
702 3399 38 22 the
750 3399 80 23 labour
839 3404 23 17 to
871 3400 28 22 be
909 3401 72 23 found
998 3409 28 19 qn
1042 3402 40 23 the
1092 3407 57 24 spot,
1158 3403 56 24 both'
1222 3406 35 22 for

664 3426 94 27 making
772 3427 39 21 the
826 3434 120 21 necessary
959 3429 105 28 framing,
1075 3431 47 21 and
1137 3431 34 22 for
1185 3432 71 28 fixing

664 3452 39 22 the
713 3453 145 28 machinery..
880 3454 42 22 We
932 3455 44 28 beg
988 3456 47 22 also
1051 3460 23 18 to
1089 3457 43 22 call
1147 3460 109 21 attention

664 3483 23 19 to
697 3487 15 14 a
720 3480 30 27 pat
752 3483 48 19 ent
809 3481 101 27 portable
921 3483 52 21 crab
984 3483 27 21 of
1021 3490 42 17 our.
1072 3491 50 15 own
1131 3485 123 29 invention,

664 3506 67 22 made
741 3506 30 22 to*
774 3508 76 22 attach
860 3511 29 19 to-
893 3516 13 13 a
917 3509 66 22 shear
1035 3511 53 26 pole
1098 3511 26 22 'or
1134 3515 52 25 tree,
1195 3516 24 19 to
1228 3514 28 21 he

663 3533 58 22 used
731 3534 52 22 with
797 3535 77 22 blocks
888 3535 46 23 and
943 3536 40 22 fall
997 3537 64 22 -itfcis
1077 3539 88 27 getting
1178 3544 80 19 exten-

664 3560 70 28 sively
744 3561 51 21 into
803 3562 76 30 use^by
885 3562 101 24 buildeis
995 3564 43 22 and
1047 3565 84 22 others.
1158 3566 23 23 It
1188 3567 20 22 is
1218 3568 40 21 ad-

664 3587 96 28 mirably
772 3588 102 28 adapted:
882 3590 43 21 for-
934 3597 14 15 a
964 3598 50 15 new
1029 3591 90 29 colony,
1131 3600 23 14 as
1169 3594 17 21 it
1200 3594 20 22 is
1235 3598 23 19 at

664 3622 57 14 once
732 3615 99 28 portable
841 3615 46 23 and
895 3617 117 28 powerful,
1023 3619 45 21 and
1078 3626 42 15 can
1132 3620 27 21 be
1169 3622 89 27 applied

664 3641 75 23 where
750 3642 67 22 other-
823 3643 63 22 crabs
903 3648 86 18 cannot
1063 3645 21 22 It
1097 3646 45 22 will
1152 3648 50 21 take
1212 3656 46 20 any

664 3668 78 27 length
759 3669 27 21 of
795 3669 47 27 fall,
853 3669 45 23 and
914 3678 53 21 may
982 3672 29 21 be
1025 3672 138 28 disengaged
1174 3678 31 18 at-
1212 3683 46 21 any

664 3700 63 22 pom*
740 3696 95 25 without,
842 3697 132 28 unwinding
979 3699 25 27 itj
1014 3699 44 22 and
1068 3700 62 22 there
1140 3701 18 22 is
1167 3709 30 14 no
1207 3710 51 20 pos-

664 3723 84 26 sibility
773 3723 25 23 of
819 3723 39 23 the
883 3725 40 21 fall
940 3727 162 27 .overrunning
1122 3735 25 14 or
1171 3729 87 28 getting

659 3749 112 27 jammed.
791 3751 63 21 Each
863 3756 50 23 part
922 3752 44 21 will
976 3753 28 21 be
1014 3761 24 14 so
1048 3754 110 28 carefully
1165 3753 93 25 marked

664 3776 49 22 that
722 3777 64 23 there
795 3778 44 22 will
849 3778 32 26 .be
898 3786 29 14 no
945 3779 109 28 difficulty
1063 3780 24 22 in
1098 3782 88 27 putting
1197 3783 60 22 them

664 3803 108 27 together,
786 3805 44 21 nnd
840 3805 37 22 the
884 3805 73 22 whole
968 3807 44 21 will
1019 3807 30 21 be
1059 3808 103 28 securely
1171 3810 87 25 packed

664 3831 46 21 and
725 3831 101 27 marked,'
835 3840 25 13 so
873 3840 25 14 as
910 3836 24 18 to
948 3837 96 23 prevent
1059 3841 45 21 any
1115 3836 103 23 accident
1233 3845 25 14 or

664 3857 95 22 mistake
771 3866 28 14 011
811 3859 38 22 the
858 3866 86 21 voyage
953 3868 6 19 ;
976 3860 114 23 delivered
1098 3866 23 17 at
1134 3870 44 20 any
1188 3864 74 23 wharf

664 3883 24 22 in
699 3884 103 22 London.

691 3910 44 22 For
746 3911 115 23 reference
870 3912 45 22 and
932 3916 68 19 terms
1016 3914 68 28 apply
1093 3918 22 19 to
1133 3923 40 15 our
1182 3920 74 26 agent,

664 3937 44 21 Mr.
720 3937 80 28 Henry
811 3939 96 28 Boyton,
920 3940 119 28 Engineer,
1049 3942 144 28 Wellington.
1201 3944 57 23 New

664 3964 108 23 Zealand*

67 117 146 50 LAND
237 107 294 39 AGENCIES.-^p
555 117 97 22 LAND-

145 145 182 22 HOLDERS.—
327 143 47 24 The
392 142 154 30 Undersigned
563 144 46 27 heg
631 147 21 20 to

66 172 56 21 offer
131 172 135 21 themselves
275 175 23 18 to
308 170 57 23 their
372 171 87 22 friends
466 169 97 24 and'the
577 170 75 28 public

66 206 25 13 as
101 197 88 31 Agents
197 198 36 22 for
242 198 37 22 the
290 196 94 34 disposal
392 197 26 22 of
423 196 67 24 'IWn
499 197 47 22 and
554 197 98 28 Country

67 224 84 28 Lands*
162 225 45 22 and
216 228 57 19 trust
283 225 56 21 their
349 223 95 23 colonial
456 224 130 33 experience
600 231 52 20 may

66 251 80 22 entitle
155 251 62 22 them
226 255 23 18 to
261 259 12 13 a
285 252 63 21 share
358 251 26 22 of
395 251 37 22 the
442 251 71 27 public
521 254 130 24 patronage.

94 277 64 28 They
168 278 44 21 Will
221 278 28 22 be
259 278 73 27 happy
343 282 21 17 to
373 284 93 20 arrange
477 278 34 22 for
520 277 47 22 and
574 284 78 21 super-

64 303 82 23 intend
155 305 38 21 the
202 311 92 21 surveys
302 302 44 24 and
353 304 155 22 sub-divisions
515 303 26 22 of
547 303 38 23 the
590 304 60 22 land.

66 329 91 24 Liberal
167 332 109 21 advances
284 331 48 22 -will
344 332 28 21 be
387 331 65 22 made
462 339 26 14 on
497 331 67 22 lands
572 331 85 26 placed-

64 357 25 22 in
100 358 57 21 their
167 358 71 21 hands
245 358 35 21 for
287 357 52 22 sale.
343 367 3 5 1
367 357 64 28 They
438 357 42 22 will
487 358 47 21 also
541 357 28 22 be
576 365 75 20 nappy

65 388 23 18 to
99 385 65 22 assist
174 384 135 28 proprietors
317 384 23 22 in
350 384 86 27 leasing
447 384 54 22 tlieir
509 383 74 24 lands.

341 418 69 22 'John
420 418 44 22 and
473 418 59 22 Geo.
541 418 83 22 Wade.

165 462 159 28 -Waiiganui
337 464 78 20 Land
428 465 120 26 Agency*

65 497 75 48 TH
146 497 19 21 E
189 496 150 27 undursigned
366 496 85 28 having
465 511 1 7 .
473 498 89 22 resided
570 501 1 7 '
590 505 60 15 some

133 523 90 22 months
238 527 24 18 at
275 524 134 26 Wanganui,
428 524 38 22 has
479 525 59 21 been
556 525 94 22 enabled

63 553 23 18 to
97 550 66 22 make
173 550 92 22 himself
276 550 135 28 acquainted
421 551 48 21 with
485 551 37 22 the
535 551 60 25 .b*est<

108 577 37 21 the
155 577 106 21 selection
271 576 26 22 of
304 581 94 28 country
407 576 66 29 lands,
485 578 45 22 and
541 576 109 24 therefore

62 604 54 21 with
131 604 131 22 confidence
271 604 90 21 tenders
370 604 35 22 his
414 604 92 23 services
517 609 24 18 to
551 606 99 27 proprie-

62 633 53 24 tors,
134 638 24 14 as
174 637 28 14 an
219 631 77 27 Agent
309 631 34 21 for
358 630 38 22 the
402 633 1 5 '
412 631 111 27 selection,
534 632 54 27 sale,
598 640 52 19 pur-

64 657 74 27 chase,
150 658 45 20 and
203 657 88 27 leasing
300 661 103 24 property
412 658 24 21 in
446 658 46 22 that
501 659 93 22 district.

90 684 87 22 Letters
186 684 35 21 for
231 684 36 21 the
278 685 124 21 subscriber
416 688 22 18 to
452 685 25 21 be
491 685 121 23 addressed
626 690 23 18 to

62 710 38 22 the
113 717 49 15 care
174 711 24 21 of
209 712 92 21 Messrs.
313 712 77 27 Wade,
402 712 141 28 Wellington.

311 746 30 21 H.
358 745 116 29 Chorton,
487 746 134 28 Wanganui.

277 808 41 20 To
331 808 33 20 be
379 809 59 24 Let,
475 812 5 5 *

65 840 165 49 SEVERAL
244 840 93 23 TOWN
346 842 105 27 ACRES,
460 843 21 22 in
490 844 89 22 various
588 847 61 23 parts

130 867 26 22 of
168 867 145 28 Wellington.
341 868 44 23 For
393 870 134 28 particulars,
544 872 65 27 apply
626 875 22 17 to

242 902 25 21 E.
284 903 141 26 Catchpool,
437 902 184 25 Dicksoiustreet.
656 902 2 25 i

62 946 124 27 Country
200 947 124 21 Sections
343 948 43 21 for
406 949 58 21 Sale
485 955 35 15 on
539 950 109 23 Liberal

309 975 101 21 Terms.

64 1006 166 48 SEVERAL
265 1008 100 22 Sections
393 1010 26 21 of
450 1010 97 29 Country
574 1012 72 27 Land,

129 1033 91 28 already
231 1033 81 23 chosen
322 1035 23 22 in
355 1035 38 23 the
406 1036 90 23 Porima
510 1038 93 28 district,
614 1040 35 21 for

63 1059 57 28 Sale,
132 1065 75 17 terms
217 1069 106 15 liberal.
351 1063 76 28 Apply
436 1066 23 20 to

158 1094 26 22 F.
198 1094 30 23 A.
243 1095 169 29 Molesworth,
430 1098 182 29 Murphy-street,
624 1109 23 13 or

158 1121 35 22 W.
210 1122 28 22 V.
253 1123 106 27 Brewer,
370 1124 192 24 Manners-street.

139 1164 132 30 Building
285 1168 170 23 Allotments
466 1173 28 19 to
510 1172 60 23 Let,

62 1199 92 48 THE
173 1199 199 25 ADVERTISER
387 1203 66 22 offers
466 1211 58 20 upon
541 1206 108 28 Building

137 1226 89 27 Leases,
238 1235 13 14 a
261 1229 94 22 number
365 1230 26 21 of
401 1230 66 23 Town
475 1231 139 24 Allotments
624 1234 23 22 in

60 1253 39 20 the
109 1257 60 18 most
177 1253 109 24 desirable
295 1259 60 23 parts
364 1257 27 21 of
400 1257 44 22 this
456 1258 135 24 Settlement.

88 1286 49 22 The
283 1289 26 22 of
325 1289 38 22 the
379 1291 77 27 public
468 1291 19 22 is
502 1293 145 29 particularly

61 1313 73 21 called
152 1317 23 18 to
194 1315 39 21 the
250 1315 133 28 advantage-
393 1318 26 21 of
436 1319 104 28 Building
557 1320 88 28 Leases,

59 1341 75 20 which
144 1341 37 21 the
191 1342 151 28 undersigned
350 1345 19 21 is
379 1344 93 23 enabled
481 1350 22 17 to
512 1351 74 23 grant,
594 1348 52 28 viz.,

59 1366 58 22 from
127 1375 69 15 seven
207 1372 23 18 to
246 1373 138 25 twenty-one
401 1379 67 22 years,
487 1374 122 28 according
624 1380 22 17 to

60 1394 38 21 the
117 1394 67 22 value
202 1396 27 21 of
248 1396 39 23 the
309 1398 112 27 buildings
443 1401 108 26 proposed
572 1405 23 18 to
618 1402 29 23 he

61 1421 97 22 erected.
188 1423 76 28 Apply
273 1427 24 18 to

225 1458 22 21 J.
263 1458 26 21 T.
305 1459 144 28 Wicksteed,
461 1468 23 15 or

224 1484 35 23 W.
275 1486 29 21 V.
319 1486 106 28 Brewer,
443 1486 183 26 Manners-street

272 1532 40 20 To
327 1533 33 20 be
375 1531 59 28 Let,

62 1561 91 38 rpHE
168 1565 59 20 town
245 1571 51 15 acre
313 1565 42 22 No.
372 1568 41 20 680
426 1574 30 14 on
468 1567 37 22 the
523 1569 124 28 Surveyor-

67 1588 30 21 JL
136 1589 118 23 General's
263 1592 60 27 plan,
333 1592 123 29 belonging
464 1596 19 20 to
500 1595 39 22 the
556 1597 89 23 Church

60 1616 23 20 ot
97 1616 113 23 Scotland.
240 1618 45 22 For
294 1622 73 24 terms,
378 1621 67 28 apply
456 1625 19 17 to
477 1639 6 9 4

250 1653 94 22 Robert
355 1654 28 22 R.
394 1655 106 28 Stramg,>
506 1656 110 24 Solicitor.
650 1665 5 5 -

58 1695 36 48 I
110 1696 67 22 AND
198 1698 41 22 TO
263 1699 93 23 LET.—
356 1700 70 24 Town
450 1710 59 14 acres
532 1703 44 23 No.
597 1707 46 22 168,

59 1748 5 5 .
94 1722 14 21 i
137 1725 47 26 156,
193 1726 50 27 423,
260 1727 34 26 47,
304 1729 48 25 561,
351 1729 4 7 1
365 1729 47 26 559,
431 1729 42 22 and
485 1737 70 22 many
570 1731 75 23 others

58 1756 24 14 in
92 1751 38 20 the
141 1755 58 18 most
209 1752 107 23 desirable
330 1755 124 23 situations.
480 1757 56 22 Also
550 1762 94 23 country

58 1776 55 21 land
120 1785 29 14 on
160 1778 36 22 the
207 1779 71 22 banks
290 1781 26 21 of
322 1781 36 22 the
368 1782 69 22 River
446 1783 57 22 Hutt
511 1785 47 22 and
567 1793 29 14 on
607 1786 37 22 the

59 1804 94 22 Porirua
162 1806 61 21 road.
253 1808 75 27 Apply
338 1811 23 19 to

370 1857 5 5 ,
422 1830 44 30 'J.
481 1837 34 23 W.
532 1839 82 23 Child.

78 1876 87 21 Town
179 1879 56 20 and
250 1879 121 28 Country
384 1882 79 21 Land
473 1885 29 19 to
517 1884 35 21 be
568 1886 58 21 Let.

59 1909 170 49 SECTIONS
245 1913 45 22 and
306 1915 99 26 portions
420 1916 27 21 of
460 1917 98 23 Sections
573 1919 25 21 in
613 1919 29 22 all

129 1941 60 23 parts
207 1939 26 21 of
247 1940 38 22 the
304 1938 68 25 Town
391 1942 26 22 of
433 1943 141 30 Wellington,
596 1946 46 22 also

57 1966 101 25 Country
169 1966 100 22 Sections
284 1967 24 22 in
318 1968 36 22 the
370 1969 95 23 districts
480 1971 26 21 of
518 1972 40 22 the
574 1973 66 27 Hutt,

57 1991 39 20 the
110 1991 85 28 Kaiori,
206 1992 38 23 the
254 1993 77 29 Ohiro,
343 1996 45 22 and
400 1996 37 22 the
452 1997 96 24 Porirua.
576 2000 66 27 Long

56 2018 71 21 leases
138 2018 26 21 of
172 2018 36 23 the
225 2025 96 21 country
329 2022 54 22 land
398 2023 45 22 will
459 2025 25 21 l>e
499 2025 94 27 granted
612 2035 28 14 on

56 2045 132 22 reasonable
198 2050 75 19 terms.
303 2048 43 22 For
355 2050 127 27 particulars
491 2053 68 28 apply
569 2056 22 19 to

249 2081 99 24 Hanson
358 2083 47 22 and
418 2084 113 30 Alzdori-,

283 2116 122 24 Thorndon
415 2119 68 28 Quay,
494 2120 146 29 Wellington.

55 2157 119 49 LAND
189 2159 63 23 FOR
266 2161 113 22 SALE.—
379 2162 49 23 The
442 2164 65 23 Town
518 2166 67 28 Acre,
601 2169 41 20 884

132 2192 30 15 on
172 2185 38 23 the
220 2187 239 29 Surveyor-General's
466 2191 51 28 plan
525 2201 6 19 ;
548 2194 45 21 and
603 2194 37 22 the

56 2213 101 27 Country
167 2213 76 23 Lands
257 2215 25 22 in
296 2215 37 22 the
350 2216 60 28 right
423 2218 27 21 of
463 2218 74 23 choice
551 2221 26 22 of
587 2222 55 22 land

55 2238 77 23 orders
151 2239 54 23 Nos.
222 2243 47 26 687,
288 2242 45 28 726,
355 2245 59 26 1084,
435 2245 26 21 of
471 2246 39 22 the
529 2247 48 23 first
596 2249 45 21 and

54 2268 110 27 principal
174 2268 135 24 settlement.
337 2270 46 23 For
392 2274 68 20 terms
467 2273 67 28 apply
544 2277 24 19 to

309 2304 26 22 R.
351 2305 28 22 R.
395 2305 95 30 Stramg,
503 2308 110 23 Solicitor.

80 2332 146 31 Wellington,
237 2336 90 28 August
334 2339 32 27 27,
379 2341 61 22 1841.

281 2385 53 20 For
350 2385 69 27 Sale,

53 2415 52 47 A
119 2415 214 25 SUBSTANTIAL
343 2420 46 21 and
397 2420 50 23 well
459 2420 94 24 finished
562 2430 76 21 warre,

139 2443 106 28 standing
260 2452 30 14 on
299 2449 49 23 part
358 2446 26 22 of
396 2447 39 22 the
450 2451 56 19 town
525 2456 59 21 acre,
594 2450 44 23 No.

51 2470 48 25 473,
118 2470 54 21 with
188 2470 102 28 frontage
306 2476 23 18 to
345 2473 231 29 Wellington-terrace
594 2478 45 22 and

52 2497 42 20 80l
97 2499 124 21 ton-street.
249 2498 48 23 The
304 2501 94 27 ground,
405 2502 68 22 under
480 2503 12 22 7
499 2510 66 22 years
570 2505 67 27 lease,

52 2530 19 13 is
89 2523 50 22 well
156 2524 93 23 drained
265 2526 45 22 and
323 2527 108 23 fenced—
431 2529 100 28 partially
541 2531 96 28 cleared,

50 2551 47 20 and
113 2557 61 16 sown
189 2552 54 22 with
252 2554 60 21 seed.
340 2554 44 23 For
394 2559 72 23 terms,
480 2557 66 27 apply
557 2566 29 14 on
600 2559 38 22 the

52 2580 50 23 spot
112 2581 23 18 to

55 2631 2 3 ,
388 2610 46 22 Mr.
449 2610 18 23 J,
478 2611 35 23 W.
529 2612 80 23 Jones.

257 2654 40 20 To
311 2655 33 21 be
360 2656 74 25 Sold,

52 2684 52 48 A
127 2684 139 24 WOODEN
289 2688 282 26 DWELLING-HOUSE
592 2693 46 22 and

131 2714 144 22 native-built
285 2715 69 28 Store,
365 2716 94 23 situated
468 2725 28 15 on
512 2718 131 24 Thorndon.

52 2739 57 27 Flat,
127 2740 45 21 and
191 2740 23 21 in
236 2741 36 22 the
294 2744 131 26 occupation
445 2745 23 21 of
483 2745 27 22 R.
522 2746 50 22 Ball
591 2747 46 22 and

50 2766 49 26 Co.,
111 2766 45 22 and
162 2767 19 21 is
191 2771 23 17 at
224 2768 38 21 the
271 2774 91 22 present
367 2771 54 21 time
431 2771 64 28 doing
506 2780 13 14 a
526 2773 111 23 lucrative

49 2792 110 23 business.
196 2794 49 22 The
268 2797 135 27 proprietors
425 2797 88 30 leaving
537 2800 44 22 this
602 2801 36 22 for

51 2820 128 27 Wanganui
192 2821 19 22 is
224 2822 37 22 the
270 2823 55 27 only
333 2831 79 15 reason
421 2825 36 22 for
469 2826 59 22 their
542 2827 96 29 wishing

50 2849 25 18 to
85 2847 88 27 dispose
183 2848 26 22 of
215 2848 24 23 it.
268 2850 83 29 Apply,
363 2858 29 15 on
402 2851 37 23 the
449 2854 111 27 premises,
572 2858 23 19 to

489 2888 22 21 J.
527 2888 82 24 Jones.

101 2950 7 5 ..
191 2929 40 20 To
247 2930 245 26 Agriculturalists.

52 2961 89 35 Tj^Oß
150 2962 86 28 SALE,
245 2970 14 14 a
266 2963 64 22 small
337 2965 103 27 quantity
446 2965 22 22 of
475 2973 54 21 very
537 2969 101 26 superior

51 2987 31 21 X
124 2989 53 22 seed
188 2989 79 28 wheat,
278 2991 47 21 also
334 2998 14 15 a
436 2994 101 27 quantity
546 2996 27 21 of
584 2996 53 22 seed

49 3015 76 28 barley
137 3016 94 22 without
240 3017 64 27 husk,
316 3018 52 21 both
378 3020 121 25 grownin^
509 3021 38 22 the
563 3022 74 29 valley

50 3043 23 20 of
87 3042 37 22 th<>
136 3043 64 27 Hutt,
213 3044 46 21 and
268 3046 124 21 warranted
402 3046 25 21 of
438 3043 34 26 the
482 3047 48 23 first
542 3050 94 27 quality,

50 3069 45 21 /or
104 3071 139 27 particulars,
256 3072 67 28 apply
332 3076 23 18 to

212 3105 26 22 €.
250 3105 25 22 E.
288 3105 50 23 Yon
350 3107 115 28 Alzdorf,
478 3109 89 23 Petoni.

264 3152 68 20 Seed
351 3153 75 21 Peas.

50 3182 93 38 rpHE
158 3184 153 28 undersigned
321 3185 38 23 has
369 3181 123 35 a'quantity
503 3189 26 22 of
536 3191 101 27 superior

78 3236 15 10 ii
134 3210 52 36 H??
202 3219 10 13 s
213 3219 26 27 ?£
242 3212 14 21 d
270 3212 57 27 peas>
337 3213 35 22 for
390 3215 46 21 sale
438 3232 4 9 '
459 3223 75 20 grown
548 3217 29 22 In
598 3218 39 23 the

49 3237 74 27 valley
131 3238 27 21 of
163 3238 38 21 the
212 3238 59 22 Hutt
280 3239 31 28 by
320 3240 35 22 the
365 3241 45 22 late
421 3242 43 23 Mr.
473 3243 82 23 Eaton.
579 3245 58 22 Also

49 3271 14 14 a
72 3264 104 28 quantity
185 3265 26 21 of
221 3265 75 23 radish
305 3267 58 22 seed.

78 3325 30 5 _.
122 3325 6 7 ,
155 3318 14 8 •-.
424 3304 27 22 E.
466 3304 142 25 Catciipool.

78 3326 187 23 Dicksoh'-street.

263 3373 160 23 Education.

50 3404 110 48 MRS.
180 3405 45 22 and
244 3406 71 23 MISS
338 3408 187 25 WAKEFIELD
548 3414 89 22 receive

142 3432 74 27 pupils
226 3439 28 15 on
264 3433 39 22 the
311 3434 114 29 following
434 3440 64 20 terms
504 3446 6 14 :
511 3450 30 5 —

78 3464 44 22 For
140 3466 77 27 board,
237 3467 54 23 with
308 3469 100 28 washing
421 3471 45 22 and
478 3473 34 20 in-

106 3493 108 21 struction
218 3493 24 22 in
246 3495 91 26 general
343 3496 93 28 English
441 3498 70 23 litara-
578 3509 8 8 <*
603 3507 4 7 '

105 3522 57 24 ture,
178 3520 95 27 writing,
288 3522 44 22 and
343 3523 117 30 aritmetic,
473 3533 40 20 per

105 3549 91 24 quarter
464 3556 61 19 ..8
554 3557 14 20 8
595 3558 14 20 0

75 3572 81 22 Under
164 3573 13 22 7
187 3580 64 21 years
262 3575 27 21 of
299 3582 39 20 age
511 3581 14 22 7
555 3582 13 23 7
595 3585 14 20 q

76 3600 53 27 Day
139 3600 106 22 boarders
511 3609 16 21 4
546 3601 23 30 '4
595 3612 14 20 q
639 3605 3 7 '

76 3627 53 27 Day
138 3627 74 28 pupils
502 3622 4 32 \2\
512 3636 13 19 2
554 3638 14 19 2
595 3639 14 20 0

76 3655 83 21 Junior
169 3655 55 21 ditto
465 3663 58 20 ..1
541 3664 24 20 n
595 3666 14 19 6

49 3681 96 27 French,
162 3681 89 28 Italian,
267 3682 44 22 and
326 3683 112 30 Drawing,
449 3686 28 23 £1
494 3689 45 22 lb.
550 3690 36 21 6d.
596 3698 41 19 per

296 3714 95 23 quarter.

77 3735 91 23 Private
176 3735 87 22 lessons
271 3736 24 21 in
308 3737 74 26 music,
395 3745 24 14 or
429 3747 41 20 any
481 3739 25 23 of
516 3740 39 24 the
565 3744 71 23 above

47 3762 113 22 branches
170 3763 26 21 of
207 3762 126 28 education,
348 3771 43 15 one
405 3765 73 23 hour's
492 3768 133 25 instruction

48 3789 51 22 four
108 3789 86 22 lessons
212 3789 35 22 for
257 3797 44 15 one
310 3791 88 26 guinea.
503 3803 7 9 i
555 3811 3 4 ,
628 3788 6 10 '

76 3816 137 22 References
223 3820 22 18 to
255 3817 38 21 the
302 3815 114 30 following
421 3820 125 26 gentlemen
556 3820 81 30 kindly

47 3843 123 27 permitted
177 3851 5 14 :
183 3855 30 4 —

76 3870 64 27 Capt.
151 3870 35 22 W.
197 3870 34 22 M.
243 3869 79 29 Smithy
333 3870 67 29 R.A.>
409 3873 226 27 Surveyor-General.

76 3897 26 21 T.
116 3896 31 22 M.
160 3897 123 28 Partridge,
295 3898 52 28 Esq.
399 3921 3 7 t
628 3892 7 13 *
642 3901 3 4 '

77 3923 22 22 S.
110 3923 98 28 Revans,
219 3924 52 28 Esq.

48 3956 185 29 Tinakore-road,
243 3958 91 27 August
340 3960 36 27 24,
387 3959 61 23 1841»
