3388 6182
131 201 1308 209 LYELL
1701 201 1569 209 TIMES.

131 410 349 208 AND
596 410 814 208 CENTRAL
1526 410 698 208 BULLER
2340 410 930 208 GAZETTE.

271 784 109 44 Vol.
407 784 52 44 V.
466 783 148 43 —No.
646 798 84 42 230
762 783 6 57 ]

1107 783 215 45 LYELL
1406 783 363 48 SATURDAY,
1834 785 156 56 JULY
2078 804 65 34 n,
2211 792 76 43 j£g
2295 804 23 44 s

2829 796 179 56 (Price
3043 802 71 44 6d.

239 973 207 37 JAMES
494 970 249 43 INGLIS,

178 1083 309 39 HAREBBOKER
525 1083 23 33 k
585 1081 280 34 COMMISSION

371 1208 26 32 A
421 1205 24 34 G
473 1205 26 33 E
525 1205 26 31 N
578 1205 36 37 T,

205 1324 136 33 Cliff
386 1321 84 32 Stk
483 1329 18 21 e
515 1328 58 26 kt,
618 1318 26 31 L
656 1327 47 22 yis
716 1327 69 21 11.

220 1433 93 37 MR.
334 1431 33 38 J.
389 1431 32 37 J.
444 1426 316 48 MOYNIHAN,

189 1513 223 35 ARBISTER
449 1512 91 31 AND
590 1509 264 41 QOLICITOR

111 1654 256 35 Commissioner
393 1651 35 33 of
449 1651 52 32 the
528 1651 158 41 Supreme
711 1649 100 32 Court
837 1647 34 33 of

414 1732 153 33 Victoria.

172 1817 98 35 Office
285 1826 7 24 :
317 1814 205 36 Palmerston
548 1814 60 39 St.,
628 1811 176 45 Westport.

111 1907 93 45 Lyell
226 1906 115 35 Courts
359 1901 151 38 attended
529 1902 95 33 when
648 1912 34 22 so
705 1897 161 46 required.

224 2015 21 37 J
268 2042 8 9 .
341 2013 31 36 F
395 2040 7 9 .
472 2008 281 46 CLARK,

159 2107 408 45 IHAKEBIt
604 2108 30 38 0
673 2105 34 38 K
743 2105 28 36 E
804 2103 31 38 It
860 2133 7 16 ,

222 2234 170 32 MINING
426 2232 90 31 AND
549 2228 216 33 GENERAL

106 2331 468 41 COMMISSION
633 2327 232 39 AGENT,

344 2432 144 38 LYR
515 2432 28 35 L
574 2430 27 37 L
621 2460 5 6 .

202 2553 287 44 GEORGE
569 2549 201 40 WISE.

108 2640 757 91 gHAEEBROKEE

107 2848 418 45 COMMISSION
632 2843 228 48 AGENT,

219 2961 260 39 BROADWAY,
516 2955 225 35 REEFTON.

193 3082 57 42 G.
310 3080 52 42 C.
418 3072 346 52 BOWMAN,

172 3178 276 37 UCTIONEER,
474 3168 384 47 QHAREBROKER,

287 3293 134 35 Mining
443 3301 66 23 and
534 3289 138 33 Genral

122 3380 402 43 COMMISSION
604 3375 234 40 AGENT,

267 3470 202 36 Broadway,
524 3465 170 32 Reefton.

151 3586 291 47 JOHNSTON
480 3585 32 39 &
544 3582 256 41 WATKINS

360 3677 127 35 CIVIL
510 3674 93 35 AND

205 3771 172 37 INING

548 3765 311 39 NGINEERS,

329 3883 212 25 AUTHORISED
567 3881 66 22 AND

98 3953 335 55 LICENSED
467 3941 404 79 SURVEYORS|

99 4083 160 41 Working
288 4079 100 34 Plans
414 4076 65 34 and
509 4072 128 35 Details
666 4071 37 34 of
732 4070 130 42 Miinng

143 4130 193 39 Machinery
353 4121 157 47 prepared
523 4120 64 34 and
599 4120 54 33 the
665 4118 156 33 Erection

206 4175 127 40 Mining
352 4170 189 41 Machinery
559 4164 198 46 supervised.

101 4271 144 40 Surveys
259 4266 50 33 for
322 4264 130 40 Mining
465 4258 197 44 Companies
675 4254 187 36 contracted

101 4317 49 34 for
164 4314 44 45 by
223 4313 55 36 the
293 4321 86 35 year.
426 4310 142 39 Surveys
582 4307 95 30 made
691 4302 102 33 under
807 4301 54 32 the

310 4356 95 35 Land
420 4354 151 33 Transfer
584 4352 71 32 Act.

402 4447 160 32 Address:

103 4503 201 34 Broadway,
329 4496 158 34 Reefton
503 4504 6 28 ;
544 4501 65 23 an-d
641 4489 224 35 Commercial

348 4541 130 36 Hotel,
503 4538 108 30 Lyell

146 4631 347 40 N.B.—lnstructions
510 4629 57 32 left
583 4635 33 25 at
632 4628 108 31 Times
754 4625 111 39 Office,

104 4683 108 42 I.yell,
227 4680 67 35 will
310 4678 122 34 receive
443 4674 190 35 immediate
650 4671 173 34 attention.

115 4814 85 48 JPT
245 4813 86 49 +n
360 4809 108 53 -P4-
512 4817 57 31 per
569 4850 9 12 ,
607 4803 19 33 d
626 4833 11 29 ;
638 4815 32 30 iy
713 4813 79 30 niay
828 4801 20 33 h
851 4813 20 49 j%

112 4851 102 35 oU_L
254 4851 77 30 k)\J
356 4851 112 28 oUj.
506 4851 94 32 made
626 4851 44 40 by
686 4859 135 33 persons
837 4851 31 29 oi

108 4906 107 34 «itlier
230 4914 66 28 sex,
312 4901 34 34 in
362 4900 84 33 their
464 4908 72 23 own
552 4895 167 38 localities,
733 4899 33 27 at
779 4893 88 33 work

111 4954 50 33 for
186 4961 49 24 us.
280 4949 80 33 New
391 4945 159 34 business.
594 4942 53 33 All
673 4944 86 29 meet
788 4939 79 34 with

111 4996 181 35 wonderful
308 5004 137 23 success.
490 4992 73 39 Any
581 5000 60 20 one
665 5000 61 19 can
750 4987 40 31 do
813 4986 55 33 the

110 5043 101 35 work.
265 5038 128 46 Capital
425 5040 55 30 not
510 5033 158 45 required.
713 5033 59 32 We
802 5031 65 34 will

110 5094 84 31 start
209 5100 75 33 you.
330 5084 102 36 Outfit
449 5082 105 34 worth
579 5081 44 34 £1
648 5079 121 34 mailed
791 5078 77 33 free.

111 5137 72 33 The
198 5134 225 43 employment
445 5131 27 30 is
492 5127 214 53 particularly
729 5125 139 42 adapted

113 5191 33 26 to
162 5181 54 35 the
238 5179 112 43 region
374 5177 33 34 in
435 5174 108 36 which
574 5172 66 35 this
670 5170 199 45 publication

111 5227 183 37 circulates.
360 5226 87 40 Loys
485 5220 65 34 and
587 5219 76 42 girls
700 5231 59 20 can
792 5230 77 20 earn

110 5273 116 44 nearly
243 5283 34 21 as
292 5269 100 33 much
409 5280 34 20 as
459 5278 86 22 men.
592 5264 74 32 Full
675 5263 194 44 particulars

107 5334 43 20 3*l
157 5323 15 30 il
216 5317 198 35 nstructions
444 5312 121 35 mailed
593 5312 75 32 free.
725 5310 81 33 Now
842 5321 27 21 is

113 5368 56 35 the
185 5363 215 37 time—don't
418 5361 106 44 delay,
541 5358 58 33 but
614 5356 89 34 write
727 5361 32 28 to
783 5367 38 22 us
837 5362 32 27 at

108 5426 93 25 •noe.
244 5412 142 33 Address
403 5406 185 37 STINSON
621 5407 24 31 &
670 5405 64 32 CO.
779 5404 71 34 Port-

109 5461 90 36 land,
218 5459 121 36 Maine,
362 5455 114 33 United
504 5454 56 31 S!i\
562 5457 12 18 f
577 5462 43 23 ss.

156 5557 89 35 ONE
259 5553 91 36 BOX
360 5553 54 33 OF
426 5549 213 37 CLARKE'S
653 5548 26 34 B
693 5549 37 32 41
743 5547 127 34 PILLS

115 5608 28 33 is
158 5600 185 40 warranted
366 5603 33 30 to
419 5608 76 25 cure
509 5596 46 35 all
578 5595 187 43 discharges
788 5595 82 33 from

113 5655 58 33 the
189 5650 142 42 Urinary
340 5647 137 43 Organs,
487 5645 32 32 in
526 5643 105 33 either
642 5654 54 22 sex
708 5643 162 43 (acquired

111 5713 40 22 or
174 5693 270 40 constitutional),
468 5690 129 34 Gravel,
628 5690 63 32 and
716 5689 98 33 Pains
837 5689 32 34 in

113 5749 56 32 the
186 5744 94 33 Back.
307 5737 208 37 Guaranteed
529 5738 64 30 free
606 5736 83 32 from
708 5736 161 37 Mercury.

115 5791 77 36 Sold
209 5789 33 35 in
258 5788 117 35 Boxes,
393 5786 35 30 4s
439 5783 41 33 Gd
491 5782 91 39 each,
594 5781 41 42 by
650 5781 43 33 all
707 5781 163 33 Chemists

110 5838 69 35 and
197 5838 117 31 Patent
333 5831 158 33 Medicine
506 5828 171 38 Vendors;
704 5828 73 32 Sole
795 5828 56 34 Pro-

111 5886 148 44 prietors,
297 5881 73 33 The
416 5877 151 33 Lincoln
604 5885 66 22 and
710 5874 160 34 Midland

111 5936 173 31 Counties
308 5929 99 31 Drug
435 5926 68 35 Co.,
536 5922 144 38 Lincoln,
707 5922 163 40 England.

113 5975 188 39 Wholesale
317 5973 35 36 of
365 5971 44 35 all
426 5970 56 34 the
501 5968 182 35 Wholesale
701 5969 139 35 Houses.

907 941 431 72 Hamraen
1392 941 137 69 Go-

1046 1276 69 33 HIE
1134 1276 99 34 above
1247 1277 170 34 Oomnanv
1473 1288 71 20 now
1559 1274 174 45 supplying
1743 1276 55 35 the
1816 1276 165 45 following
1994 1278 97 42 good-;
2107 1284 31 29 at
2154 1292 16 21 a
2190 1279 98 45 slight
2301 1280 145 35 advance

1134 1334 40 20 on
1196 1323 172 32 NELSON
1390 1323 219 31 PRICES:—

1136 1408 334 46 Ctliocepjes

1606 1472 87 48 and
1715 1473 356 51 PROVISIONS

1488 1559 35 35 of
1536 1558 42 34 fir.

991 1641 38 43 A
1053 1640 133 60 large,
1212 1640 166 54 varied,
1406 1640 88 45 and
1519 1639 142 45 useful
1689 1641 301 55 Assortment,
2020 1643 103 43 of—

1349 1719 259 52 Crockery,
1639 1717 228 45 Earthen
1894 1720 89 44 and
2010 1721 286 45 Glassware
2319 1742 7 36 ;

1353 1783 354 45 Ironmongery,
1740 1783 76 44 &e.

986 1874 96 31 MEN
1101 1874 63 31 and
1181 1875 124 32 BOY'S
1323 1874 154 33 KATPOT
1496 1874 93 31 made
1608 1874 250 39 CLOTHING;
1886 1876 127 32 HATS.
2034 1877 174 35 SHIRTS,
2226 1879 95 33 umler-

1359 1920 256 39 -I'LANNELS;
1635 1918 221 37 DRAWERS
1876 1921 62 34 and
1959 1922 160 34 MOLES.
2145 1924 200 39 TWEEDS,

1359 1967 200 32 HOSIERY
1576 1966 63 33 nnil
1664 1967 257 41 IiLANKETS;
1946 1969 199 41 CALICOS,
2171 1972 174 41 HUNTS,

1359 2013 247 35 FLANNELS,
1625 2012 64 38 &c,
1707 2012 65 39 4c,
1790 2014 51 32 &e.

1585 2083 129 29 —Also
1717 2099 39 4 —

992 2149 181 55 Wheat,
1232 2150 128 53 Oats,
1419 2149 136 55 Bran,
1604 2148 138 46 Chaff
1789 2150 89 46 and
1925 2152 250 49 Potatoes:
2220 2156 114 46 New

1341 2214 185 48 Garden
1581 2214 154 50 Seeds,
1794 2217 144 47 sound
1993 2220 89 47 and
2133 2229 97 40 true
2284 2230 47 39 to

1343 2297 147 27 name.
1558 2281 117 44 Seed
1701 2283 230 54 Potatoes,
1960 2286 77 44 &c

941 2479 116 34 Orders
1075 2481 230 43 accompanied
1329 2480 42 44 by
1388 2481 75 33 cash
1481 2481 205 35 remittances
1692 2479 3 53 -
1708 2483 192 43 punctually
1924 2486 154 33 attended
2096 2491 43 37 to,
2157 2489 64 32 and
2260 2488 100 44 goods
2384 2490 51 34 des-

900 2538 137 43 patched
1054 2544 34 27 at
1103 2549 17 23 a
1138 2547 164 27 moments
1318 2540 116 32 notice.

941 2613 98 31 Local
1062 2613 151 42 produce,
1237 2613 167 40 including
1428 2613 123 40 Hides,
1576 2614 110 37 Skins,
1720 2613 110 40 Woou,
1856 2615 148 38 Butter,
2023 2619 66 39 &c'.,
2109 2620 65 38 &c,
2198 2621 183 42 purchased
2397 2622 51 31 for

903 2669 95 35 Cash.

1976 2733 39 32 R,
2043 2733 154 44 M'NEE,

947 2818 198 41 Mnrclrison,
1165 2820 74 33 15th
1258 2820 98 34 .Tune-
1378 2823 89 31 1885.

2240 2783 171 37 Manager.

1337 2930 84 49 The

894 3027 389 49 PRINTING
1344 3030 151 46 AND
1557 3031 508 50 PUBLISHING
2130 3036 318 62 OFFICE,

1390 3124 177 34 CLIFF
1613 3125 83 39 ST.,
1740 3126 214 37 LYELL.

1378 3239 164 74 TJ2O
1655 3240 260 76 Times

974 3354 42 46 Is
1040 3370 84 31 one
1150 3354 47 47 of
1216 3355 75 46 the
1316 3354 98 48 best
1439 3355 113 47 lo:al
1579 3355 221 49 msliums
1825 3358 65 47 for
1913 3360 292 50 distributing
2230 3383 137 43 news,

1186 3433 405 57 Advertisements,
1620 3434 86 46 and
1732 3435 202 62 subjects
1959 3439 49 45 of
2026 3441 117 46 local

1421 3510 201 57 interest,
1651 3511 275 63 throughout

1171 3586 75 47 the
1293 3585 154 49 Duller
1491 3587 89 46 and
1628 3587 261 63 Inangahua
1935 3592 235 49 (bounties.

953 3718 201 63 Charges
1177 3719 65 46 for
1266 3719 212 63 standing
1503 3720 392 57 advertisements,
1922 3742 107 46 very
2047 3730 282 49 reasonable,

956 3806 94 57 job,
1110 3807 142 56 Plain,
1300 3807 88 46 and
1442 3808 58 45 all
1544 3808 130 46 kinds
1719 3808 49 46 of
1806 3810 210 64 printing,
2065 3817 220 47 executed
2340 3819 108 48 with

894 3887 219 61 despatch
1138 3897 45 37 at
1208 3890 76 44 the
1308 3890 154 44 lowest
1488 3891 163 58 prices.

953 3975 396 47 Communication
1375 3976 57 62 by
1457 3986 102 52 pjst
1579 3993 48 30 or
1650 3977 95 47 wire
1771 3982 230 63 promptly
2025 3986 220 47 attended
2271 3996 60 39 to.

1657 4074 32 23 :r.
1851 4074 4 23 •

1521 4133 295 49 ADDEESS:

1542 4317 257 50 LYELL.

941 4660 46 33 To
1005 4659 218 38 Contractors,
1251 4661 131 40 Miners,

1169 4707 64 31 and
1261 4708 129 31 Others.

1030 4464 229 39 NOBSL'S
1312 4464 214 39 patent
1710 4466 231 50 NOBEL'S
1966 4472 228 50 PATENT
2232 4478 163 49 BLAST-

902 4524 748 70 DYNAMITB.
2388 4586 5 7 ■

1710 4585 4 45 _
1728 4585 33 20 is
1777 4585 40 22 ou
1833 4585 51 31 per
1904 4585 74 25 cent
1996 4586 149 37 stronger
2156 4585 80 32 than
2250 4585 179 44 Dynamite
2444 4598 6 32 ;

1722 4630 53 20 yes
1791 4621 47 31 off
1850 4623 63 31 less
1929 4626 131 39 smoke;
2084 4626 28 33 is
2128 4639 36 21 as
2180 4638 66 25 sale
2265 4643 33 21 as
2338 4634 112 39 Dyna-

945 4661 42 32 To
1005 4661 218 36 Contractors,
1251 4661 131 40 Miners,
1401 4662 212 43 Quarrymen,
1686 4670 97 34 mite;
1808 4664 27 35 is
1851 4667 124 41 slower,
1992 4671 63 33 less
2072 4671 191 49 shattering,
2283 4678 64 33 and
2360 4691 91 22 more

1169 4707 64 31 and
1261 4708 129 31 Others.
1664 4702 6 49 |
1683 4711 177 40 expansive
1884 4713 33 32 in
1947 4715 42 32 its
2019 4718 109 32 action
2143 4730 6 28 ;
2174 4703 212 56 indissoluble
2416 4727 35 31 in

1686 4763 111 34 water,
1815 4759 64 32 and
1895 4760 26 33 is
1938 4760 80 35 fired
2041 4765 80 33 with
2152 4767 81 41 fuse,
2265 4770 174 36 detonator

905 4798 229 34 "VTOBEL's
1151 4799 252 41 DYNAMITE,
1415 4800 240 43 fromrepeated
1663 4798 4 54 I
1687 4802 63 31 and
1768 4804 170 41 dynamite
1954 4809 125 41 primer
2092 4812 34 32 in
2138 4813 53 33 the
2206 4827 91 23 same
2309 4830 142 22 manner

906 4842 63 25 -*-™
1028 4844 93 32 trials
1145 4844 41 43 by
1215 4845 55 32 the
1301 4847 121 39 largest
1452 4842 214 48 Contractors;
1687 4859 34 19 as
1738 4848 180 42 dynamite,

903 4889 63 31 and
984 4889 128 44 Mining
1128 4890 170 43 Managers
1315 4892 33 32 in
1366 4892 52 32 the
1436 4892 218 33 Australasian
1728 4893 108 35 Trices
1852 4897 35 32 of
1898 4898 153 46 Blasting
2067 4902 198 37 Gelatine-

904 4934 160 42 Colonies,
1081 4936 65 35 and
1160 4936 85 35 from
1261 4937 78 42 long
1354 4949 55 23 use
1442 4937 56 35 and
1527 4943 127 28 mortar
1729 4941 14 31 1
1762 4951 83 30 case,
1863 4944 40 33 50
1919 4944 49 35 lbs
2111 4976 32 8 ...
2192 4955 35 31 3s
2243 4966 57 26 per
2315 4955 32 35 lb

904 4985 88 36 tests,
1009 4982 59 33 has
1084 4984 120 39 proved
1219 4984 89 33 itself
1320 4984 128 39 beyond
1471 4984 126 39 dispute
1621 4992 32 25 to
1728 4989 17 30 5
1791 4988 40 32 do
1897 4991 40 32 do
2191 5001 17 20 o
2212 5011 13 12 c
2242 5001 38 22 q,i
2306 5014 56 9 ™..
2381 5004 28 19 iu

906 5031 34 28 be
968 5031 54 29 tJie
1054 5035 110 36 purest
1192 5031 66 31 and
1282 5031 40 42 by
1345 5033 49 31 tar
1416 5031 47 33 tin
1490 5035 176 36 strongest;
1866 5045 35 23 m
1917 5037 156 38 Dunedin
2090 5044 179 41 magazine.

904 5075 262 34 manufactured.
1664 5075 2 69 |
1699 5075 4 69 _
1729 5078 181 48 Necessary
1925 5086 164 43 tape-fuse
2107 5091 64 32 ami
2186 5092 188 38 detonators
2404 5098 49 33 for

945 5132 30 31 It
991 5132 26 31 is
1033 5134 196 40 unequalled
1245 5134 48 31 for
1308 5134 133 42 mining,
1459 5134 192 41 quarrying,
1663 5125 4 60 j
1686 5125 98 43 tiring
1801 5128 179 42 Dynamite
1994 5135 64 31 and
2090 5136 149 35 Gelatine
2267 5142 123 43 always
2417 5146 34 31 in

903 5176 143 46 blasting
1060 5179 45 39 (in
1122 5185 62 27 wet
1200 5191 35 21 or
1251 5179 69 44 dry,
1346 5180 80 34 solid
1449 5191 36 21 or
1514 5178 138 34 fissured
1687 5171 100 34 stock.
1834 5174 132 36 Printed
1980 5179 212 38 instructions
2208 5185 50 34 for
2394 5190 57 35 the

904 5225 100 40 rock).
1050 5226 206 42 Tunnelling,
1273 5226 146 43 breaking
1445 5238 43 30 up
1519 5226 134 39 wrecks,
1663 5217 2 57 i
1687 5217 100 35 above
1804 5221 108 34 issued
1926 5226 80 32 with
2024 5239 98 32 every
2138 5230 51 33 51b
2205 5219 161 55 package?

904 5269 128 34 sunken
1046 5270 105 42 rocks,
1167 5270 143 47 blowing
1331 5277 57 29 out
1408 5271 64 34 and
1503 5271 151 44 splitting
1664 5266 1 51 1

903 5327 44 32 up
962 5323 66 27 tree
1046 5322 97 35 roots,
1161 5318 160 39 boulders,
1338 5320 52 33 &e.
1747 5311 124 43 Agents
1887 5314 49 34 for
1952 5316 54 34 the
2025 5319 151 41 Glasgow
2200 5324 170 43 Company

945 5363 48 34 Its
1009 5364 103 33 safetv
1126 5364 60 33 has
1201 5364 81 33 been
1305 5363 183 34 comrietelv
1519 5358 146 39 demon-'
1832 5358 30 33 D
1871 5361 209 36 ALGETTY
2103 5367 24 30 &
2144 5367 55 30 (W

903 5327 44 31 up
963 5325 65 25 tree
1046 5323 97 34 roots,
1161 5318 160 39 boulders,
1338 5320 52 33 &e.

945 5362 48 35 Its
1009 5364 103 45 safety
1126 5364 60 34 has
1201 5364 81 34 been
1305 5364 183 47 completely
1519 5364 110 33 demon-

904 5412 121 33 strated
1041 5412 43 43 by
1100 5412 54 33 the
1171 5412 137 35 absence
1318 5414 37 34 of
1366 5412 163 40 accidents,
1548 5412 87 33 eithe

902 5458 34 30 in
959 5459 126 39 transit,
1097 5463 137 37 storage,
1258 5471 36 20 or
1322 5461 42 31 its
1382 5458 177 41 legitimate
1583 5470 68 20 use.

904 5502 30 32 It
950 5501 26 33 is
991 5502 173 34 insensible
1181 5510 32 26 to
1231 5504 128 39 shocks,
1374 5519 8 16 1
1394 5503 187 44 percussion
1593 5515 58 31 cap

1832 5359 248 39 DALGETTY
2103 5368 24 32 &
2144 5368 56 34 Co.

1907 5409 154 37 Dunediu
2081 5416 62 32 and
2162 5417 235 39 Chrislchurch

1831 5453 51 33 W.
1902 5456 45 31 M.
1965 5457 276 39 BANNATYNE
2259 5468 22 30 &
2300 5467 68 41 Co.,

2196 5508 212 46 Wellington.

903 5548 96 45 being
1034 5550 150 44 required
1227 5554 33 31 to
1305 5550 122 43 develop
1475 5550 42 33 its
1560 5550 91 43 giant

902 5607 120 33 power.
1728 5588 283 51 N.B.—Supplies
2028 5609 78 33 may
2122 5599 38 35 be
2177 5601 66 35 had
2258 5604 86 36 from
2358 5608 83 35 Jon>

946 5661 107 33 Prices
1070 5673 53 22 are
1140 5674 72 22 now
1230 5663 91 33 for-
1688 5635 160 36 Flnnell
1858 5641 64 33 and
1933 5642 110 35 James
2057 5646 104 41 Ryan,
2176 5649 114 45 Lyell;
2309 5655 142 36 Thomas

945 5709 125 41 lease,
1087 5711 40 32 aO
1143 5709 49 34 lbs
1399 5709 35 31 2s
1450 5707 40 33 Gd
1507 5719 56 31 per
1578 5706 32 33 lb
1691 5692 97 58 trV
1822 5692 128 58 U^
1951 5695 31 28 rt
1992 5716 8 15 '
2027 5692 38 33 lL
2223 5699 140 44 Forsyth
2387 5706 63 32 and

946 5758 16 28 5
1008 5755 39 32 do
1112 5757 40 31 do
1400 5756 35 30 2s
1450 5754 41 32 3d
1506 5765 58 31 per
1578 5754 33 32 lb
1688 5739 18 58 f
1707 5733 34 29 la
1742 5741 17 56 f
1761 5734 50 30 ter
1813 5743 27 54 «;
2029 5739 64 33 and
2122 5741 227 45 Greymouth;
2375 5752 57 31 Gal-

945 5816 36 19 mi
1049 5816 9 10 ,
1331 5816 5 6 •
1395 5816 5 6 •
1444 5815 30 20 n
1550 5814 23 21 n
1688 5775 28 31 Ia
1719 5777 200 40 K"ei'Hros.,
1943 5782 213 44 Boatman's;
2179 5789 39 31 A.
2247 5790 104 42 Foidi,
2370 5795 79 35 Dill-

945 5818 68 33 Tlie
1030 5818 101 33 above
1147 5830 53 21 are
1217 5818 55 33 the
1289 5829 91 32 pries
1393 5827 34 22 in
1444 5818 157 31 Dunedln
1615 5826 38 23 or
1688 5824 104 30 man's
1824 5825 113 41 Town,
1973 5828 146 37 Kumara
2137 5843 7 29 ;
2192 5835 23 32 C
2259 5837 176 39 Lmniman

905 5864 200 42 Wellington
1121 5865 202 41 magazines.
1688 5866 48 34 \Y.
1754 5868 165 37 Johnston
1934 5875 63 33 and
2015 5878 67 39 Co.;
2102 5879 193 39 Cowlishaw
2306 5888 65 33 and
2382 5870 68 54 Co.'

946 5922 159 35 Discount
1138 5923 137 34 allowed
1307 5928 29 27 to
1355 5922 117 42 buyers
1503 5920 35 34 of
1563 5921 88 42 large
1688 5913 179 45 Hokitika;
1892 5920 65 34 and
1973 5923 110 36 others
2098 5937 43 23 on
2152 5927 55 36 the
2225 5929 89 37 West
2343 5917 106 54 Coast'

906 5969 135 37 parcels.
1687 5968 31 25 at
1735 5962 112 35 lowest
1862 5973 99 28 rates.

2505 979 404 41 CRITERION
2969 988 234 41 HOTEL

2761 1061 206 30 LYELL,

2623 1190 221 42 EDWARD
2879 1195 233 44 CAUHOLL

2671 1279 32 26 to
2728 1273 120 35 inform
2874 1274 49 37 his
2949 1289 177 28 numerous
3157 1288 87 33 town

2601 1328 66 31 and
2698 1337 139 35 country
2865 1332 122 35 friends
3017 1337 72 34 that
3119 1341 40 31 he
3187 1343 58 33 has

2484 1397 185 38 purchased
2684 1397 54 33 the
2756 1399 101 34 above
2874 1402 158 42 business,
3050 1409 64 31 and
3144 1410 100 43 hopes

2486 1459 42 47 by
2559 1463 92 35 strict
2681 1468 162 35 attention
2861 1475 32 30 to
2918 1470 54 36 the
3000 1480 104 30 wants
3135 1479 34 34 of
3196 1480 47 36 his

2486 1536 181 30 customers
2694 1537 65 30 and
2785 1540 167 33 travellers
2979 1548 31 28 to
3040 1548 97 32 merit
3153 1559 16 22 a
3187 1549 58 34 fair

2632 1614 93 23 snare
2742 1617 31 20 or

2931 1616 178 42 patronage.

2583 1752 150 49 L.quors
2760 1757 37 34 of
2821 1757 59 37 the
2900 1759 85 37 Best
3008 1762 144 40 Brands.

2840 1937 37 38 E.
2909 1939 245 54 CARROLL,

3012 2018 194 45 Proprietor.

2488 2163 381 53 BELFAST
2931 2173 308 68 HOTEL,

2716 2251 134 37 GIBBF
2876 2256 141 39 TOWN.

2693 2314 221 36 Eight-Mile
2938 2321 105 33 Road.

2490 2399 130 36 mHE
2630 2403 220 47 undersigned
2861 2409 123 47 having
2994 2418 153 33 removed
3157 2419 85 37 from

2597 2464 79 34 Zala
2692 2467 99 34 Town
2810 2472 66 32 and
2891 2476 127 33 erected
3041 2489 72 24 new
3135 2492 84 32 prem-

2487 2518 63 34 ises
2575 2533 35 21 as
2635 2522 113 42 above,
2771 2526 28 33 is
2828 2540 75 23 now
2925 2536 158 41 prepared
3107 2543 32 29 to
3163 2541 80 34 offer

2488 2578 160 36 excellent
2698 2587 284 36 accommodation
3019 2597 32 30 to
3100 2597 139 41 visitors,

2488 2632 163 45 boarders,
2669 2639 64 33 and
2750 2640 55 35 the
2820 2643 109 44 public
2944 2650 179 46 generally.

2487 2748 90 35 Ales
2602 2750 119 37 Wines
2743 2764 65 25 and
2834 2757 130 38 Spirits
2994 2773 40 24 of
3064 2776 66 25 the
3157 2779 82 26 best

2665 2811 183 41 Qualities
2865 2826 85 25 only
2968 2830 94 27 kept.

2634 2924 187 66 Charges
2853 2931 228 54 Moderate.

2695 3070 150 34 PETER
2867 3075 291 47 ARMSTRONG,

3004 3158 198 45 Proprietor.

2561 3273 177 38 LADIES'
2763 3278 58 34 OR
2845 3280 326 46 GENTLEMEN'S

2490 3381 354 75 SADDLE
2926 3393 314 74 HACKS,

2643 3516 111 45 (Quiet
2769 3520 66 35 and
2851 3522 248 56 Well-broken);

2484 3610 87 35 FOR
2587 3612 116 35 HIRE
2720 3613 60 36 BY
2796 3617 92 36 THE
2907 3621 335 49 UNDERSIGNED

2626 3707 49 33 At
2698 3709 200 40 Inangahua
2919 3716 181 42 Junction.

2526 3848 134 38 Horse's
2676 3857 71 31 sent
2763 3857 42 41 ;to
2823 3857 93 44 Lyell
2932 3864 34 31 at
2989 3874 19 23 a
3024 3874 178 32 moment's

2802 3925 118 36 notice.

2486 4019 234 61 Courtney's
2731 4026 359 59 Accommodation
3102 4041 143 52 House

2486 4088 135 47 Having
2650 4092 101 47 lately
2777 4096 81 36 been
2884 4104 228 50 considerably
3137 4114 108 39 added

2485 4157 32 28 to
2542 4154 66 33 and
2630 4155 182 45 improved,
2829 4162 27 33 is
2880 4175 74 24 now
2971 4180 60 23 one
3047 4173 36 32 of
3102 4174 55 35 the
3173 4177 72 38 best

2485 4217 176 42 appointed
2676 4221 64 33 and
2756 4229 86 28 most
2858 4228 211 39 comfortable
3092 4239 152 38 roadside

2616 4281 131 36 house's
2761 4297 44 22 on
2820 4288 56 33 the
2893 4290 91 36 West
3001 4295 108 37 Coast.

2504 4427 285 45 PRAINCIS
2851 4438 362 54 COURTNEY

2755 4517 225 40 Proprietor.

2584 4621 172 60 JOHN
2822 4613 421 75 FENNELIT^

2490 4768 297 72 QENERAL
2846 4780 403 63 STOREKEEPEB,

2514 4882 125 36 WINE
2662 4887 95 35 AND
2782 4891 149 38 SPIRIT
2955 4899 265 56 MERCHNAT,

2652 5000 109 35 Cliff
2785 5004 142 45 Street,
2951 5011 123 39 Lyell.

2486 5284 319 53 ANCHOR
2886 5297 364 64 FOUjORY

2717 5355 176 43 NELS
2912 5367 86 37 Un
3028 5399 10 12 t

2639 5503 98 36 kinds
2750 5508 40 32 of
2801 5510 226 53 Engineering
3042 5523 65 34 and
3122 5526 126 39 Sniitfe.

2599 5568 101 41 work,
2733 5570 78 35 Iron
2837 5577 67 32 and
2935 5580 99 37 Brass
3066 5586 181 56 Founding

2489 5627 139 46 Mining,
2646 5631 139 46 Marine,
2802 5639 66 34 and
2892 5642 231 45 Monumental
3140 5656 101 40 Work

2528 5746 291 41 Communication
2865 5758 106 37 Twice
3018 5765 141 49 Weekly
3205 5777 40 32 bv

2487 5808 132 34 Anchor
2634 5811 82 34 Line
2736 5813 130 39 Steame
2924 5824 65 32 and
3004 5830 106 40 prices
3124 5845 20 26 q
3149 5840 99 33 wM

2486 5870 164 37 delivered
2667 5882 33 28 at
2719 5877 73 34 Wes
2824 5880 96 37 Coast
2938 5885 103 39 Ports,

2684 5944 280 42 ALEXANDER
2986 5955 178 51 BROWN,

3034 6026 166 48 Manager.
