<?xml version="1.0" encoding="UTF-8"?>
<alto xmlns:xsi="http://www.w3.org/2001/XMLSchema-instance" xsi:noNamespaceSchemaLocation="//docstorage2/impdata1/docWORKS_KBNL/schema/alto-1-2.xsd" xmlns:xlink="http://www.w3.org/TR/xlink">
	<Description>
		<MeasurementUnit>mm10</MeasurementUnit>
		<sourceImageInformation>
			<fileName>//docstorage2/impdata3/IN/NZ_7/LTCBG/1885/LTCBG_18850711/PM_01/0002.tif</fileName>
		</sourceImageInformation>
		<OCRProcessing ID="OCRPROCESSING_1">
			<preProcessingStep>
				<processingSoftware>
					<softwareCreator>CCS Content Conversion Specialists GmbH, Germany</softwareCreator>
					<softwareName>CCS docWORKS</softwareName>
					<softwareVersion>6.6-1.8</softwareVersion>
				</processingSoftware>
			</preProcessingStep>
			<ocrProcessingStep>
				<processingSoftware>
					<softwareCreator>ABBYY (BIT Software), Russia</softwareCreator>
					<softwareName>NA</softwareName>
				</processingSoftware>
			</ocrProcessingStep>
		</OCRProcessing>
		<OCRProcessing ID="OCRPROCESSING_2">
			<preProcessingStep>
				<processingSoftware>
					<softwareCreator>CCS Content Conversion Specialists GmbH, Germany</softwareCreator>
					<softwareName>CCS docWORKS</softwareName>
					<softwareVersion>6.6-1.8</softwareVersion>
				</processingSoftware>
			</preProcessingStep>
			<ocrProcessingStep>
				<processingSoftware>
					<softwareCreator>ABBYY (BIT Software), Russia</softwareCreator>
					<softwareName>FineReader</softwareName>
					<softwareVersion>10.0</softwareVersion>
				</processingSoftware>
			</ocrProcessingStep>
		</OCRProcessing>
	</Description>
	<Styles>
		<TextStyle ID="TXT_0" FONTSIZE="12" FONTFAMILY="Times New Roman"/>
		<TextStyle ID="TXT_1" FONTSIZE="29" FONTFAMILY="Times New Roman"/>
		<TextStyle ID="TXT_2" FONTSIZE="12" FONTFAMILY="Times New Roman" FONTSTYLE="italics"/>
		<TextStyle ID="TXT_3" FONTSIZE="25" FONTFAMILY="Times New Roman"/>
		<TextStyle ID="TXT_4" FONTSIZE="19" FONTFAMILY="Times New Roman"/>
		<TextStyle ID="TXT_5" FONTSIZE="13" FONTFAMILY="Times New Roman"/>
		<TextStyle ID="TXT_6" FONTSIZE="11" FONTFAMILY="Times New Roman"/>
		<TextStyle ID="TXT_7" FONTSIZE="18" FONTFAMILY="Times New Roman"/>
		<TextStyle ID="TXT_8" FONTSIZE="17" FONTFAMILY="Times New Roman" FONTSTYLE="bold"/>
		<TextStyle ID="TXT_9" FONTSIZE="13" FONTFAMILY="Times New Roman" FONTSTYLE="italics"/>
		<TextStyle ID="TXT_10" FONTSIZE="13" FONTFAMILY="Times New Roman" FONTSTYLE="bold"/>
		<TextStyle ID="TXT_11" FONTSIZE="15" FONTFAMILY="Courier New"/>
		<ParagraphStyle ID="PAR_LEFT" ALIGN="Left"/>
		<ParagraphStyle ID="PAR_BLOCK" ALIGN="Block"/>
		<ParagraphStyle ID="PAR_RIGHT" ALIGN="Right"/>
		<ParagraphStyle ID="PAR_CENTER" ALIGN="Center"/>
	</Styles>
	<Layout>
		<Page ID="P2" PHYSICAL_IMG_NR="2" HEIGHT="6182" WIDTH="3388" ACCURACY="98.48" PC="0.853">
			<TopMargin ID="P2_TM00001" HPOS="0" VPOS="0" WIDTH="3388" HEIGHT="89"/>
			<LeftMargin ID="P2_LM00001" HPOS="0" VPOS="89" WIDTH="131" HEIGHT="6030"/>
			<RightMargin ID="P2_RM00001" HPOS="3268" VPOS="89" WIDTH="120" HEIGHT="6030"/>
			<BottomMargin ID="P2_BM00001" HPOS="0" VPOS="6119" WIDTH="3388" HEIGHT="63"/>
			<PrintSpace ID="P2_PS00001" HPOS="131" VPOS="89" WIDTH="3137" HEIGHT="6030">
				<TextBlock ID="P2_TB00001" HPOS="140" VPOS="2835" WIDTH="757" HEIGHT="276" STYLEREFS="TXT_0 PAR_LEFT">
					<TextLine ID="P2_TL00001" HPOS="140" VPOS="2870" WIDTH="757" HEIGHT="76">
						<String ID="P2_ST00001" HPOS="140" VPOS="2870" WIDTH="142" HEIGHT="76" CONTENT="The" WC="0.98" CC="000" STYLEREFS="TXT_1"/>
						<SP ID="P2_SP00001" HPOS="282" VPOS="2946" WIDTH="47"/>
						<String ID="P2_ST00002" HPOS="329" VPOS="2870" WIDTH="237" HEIGHT="76" CONTENT="Lyell" WC="1.00" CC="00000" STYLEREFS="TXT_1"/>
						<SP ID="P2_SP00002" HPOS="566" VPOS="2946" WIDTH="47"/>
						<String ID="P2_ST00003" HPOS="613" VPOS="2870" WIDTH="284" HEIGHT="76" CONTENT="Times." WC="1.00" CC="000000" STYLEREFS="TXT_1"/>
					</TextLine>
					<TextLine ID="P2_TL00002" HPOS="206" VPOS="3027" WIDTH="614" HEIGHT="40">
						<String ID="P2_ST00004" HPOS="206" VPOS="3027" WIDTH="247" HEIGHT="38" CONTENT="SATURDAY," WC="0.98" CC="496079934"/>
						<SP ID="P2_SP00003" HPOS="453" VPOS="3065" WIDTH="36"/>
						<String ID="P2_ST00005" HPOS="489" VPOS="3029" WIDTH="116" HEIGHT="32" CONTENT="JULY" WC="0.97" CC="6023"/>
						<SP ID="P2_SP00004" HPOS="605" VPOS="3065" WIDTH="38"/>
						<String ID="P2_ST00006" HPOS="643" VPOS="3030" WIDTH="49" HEIGHT="37" CONTENT="11," WC="0.96" CC="001"/>
						<SP ID="P2_SP00005" HPOS="692" VPOS="3067" WIDTH="39"/>
						<String ID="P2_ST00007" HPOS="731" VPOS="3030" WIDTH="89" HEIGHT="31" CONTENT="1885." WC="0.52" CC="06763"/>
					</TextLine>
				</TextBlock>
				<TextBlock ID="P2_TB00002" HPOS="133" VPOS="3144" WIDTH="774" HEIGHT="2918" STYLEREFS="TXT_0 PAR_BLOCK">
					<TextLine ID="P2_TL00003" HPOS="182" VPOS="3147" WIDTH="713" HEIGHT="47">
						<String ID="P2_ST00008" HPOS="182" VPOS="3147" WIDTH="70" HEIGHT="35" CONTENT="The" WC="0.94" CC="870"/>
						<SP ID="P2_SP00006" HPOS="252" VPOS="3182" WIDTH="16"/>
						<String ID="P2_ST00009" HPOS="268" VPOS="3147" WIDTH="131" HEIGHT="45" CONTENT="general" WC="0.99" CC="9000003"/>
						<SP ID="P2_SP00007" HPOS="399" VPOS="3192" WIDTH="16"/>
						<String ID="P2_ST00010" HPOS="415" VPOS="3149" WIDTH="206" HEIGHT="45" CONTENT="cleaning-up" WC="0.54" CC="00007279778"/>
						<SP ID="P2_SP00008" HPOS="621" VPOS="3194" WIDTH="23"/>
						<String ID="P2_ST00011" HPOS="644" VPOS="3154" WIDTH="34" HEIGHT="30" CONTENT="at" WC="0.32" CC="66"/>
						<SP ID="P2_SP00009" HPOS="678" VPOS="3194" WIDTH="22"/>
						<String ID="P2_ST00012" HPOS="700" VPOS="3150" WIDTH="55" HEIGHT="34" CONTENT="the" WC="0.94" CC="770"/>
						<SP ID="P2_SP00010" HPOS="755" VPOS="3194" WIDTH="17"/>
						<String ID="P2_ST00013" HPOS="772" VPOS="3151" WIDTH="123" HEIGHT="35" CONTENT="United" WC="0.97" CC="670608"/>
					</TextLine>
					<TextLine ID="P2_TL00004" HPOS="141" VPOS="3204" WIDTH="752" HEIGHT="44">
						<String ID="P2_ST00014" HPOS="141" VPOS="3204" WIDTH="119" HEIGHT="43" CONTENT="Alpine" WC="0.98" CC="900061"/>
						<SP ID="P2_SP00011" HPOS="260" VPOS="3247" WIDTH="22"/>
						<String ID="P2_ST00015" HPOS="282" VPOS="3204" WIDTH="127" HEIGHT="44" CONTENT="battery" WC="0.97" CC="0559259"/>
						<SP ID="P2_SP00012" HPOS="409" VPOS="3248" WIDTH="23"/>
						<String ID="P2_ST00016" HPOS="432" VPOS="3206" WIDTH="49" HEIGHT="33" CONTENT="for" WC="0.93" CC="278"/>
						<SP ID="P2_SP00013" HPOS="481" VPOS="3248" WIDTH="21"/>
						<String ID="P2_ST00017" HPOS="502" VPOS="3207" WIDTH="55" HEIGHT="33" CONTENT="the" WC="0.94" CC="770"/>
						<SP ID="P2_SP00014" HPOS="557" VPOS="3248" WIDTH="23"/>
						<String ID="P2_ST00018" HPOS="580" VPOS="3208" WIDTH="116" HEIGHT="33" CONTENT="month" WC="0.97" CC="01637"/>
						<SP ID="P2_SP00015" HPOS="696" VPOS="3248" WIDTH="24"/>
						<String ID="P2_ST00019" HPOS="720" VPOS="3209" WIDTH="104" HEIGHT="32" CONTENT="ended" WC="0.97" CC="58900"/>
						<SP ID="P2_SP00016" HPOS="824" VPOS="3248" WIDTH="29"/>
						<String ID="P2_ST00020" HPOS="853" VPOS="3221" WIDTH="40" HEIGHT="21" CONTENT="on" WC="0.57" CC="17"/>
					</TextLine>
					<TextLine ID="P2_TL00005" HPOS="141" VPOS="3261" WIDTH="755" HEIGHT="48">
						<String ID="P2_ST00021" HPOS="141" VPOS="3261" WIDTH="166" HEIGHT="47" CONTENT="Saturday" WC="0.97" CC="76936855"/>
						<SP ID="P2_SP00017" HPOS="307" VPOS="3308" WIDTH="26"/>
						<String ID="P2_ST00022" HPOS="333" VPOS="3262" WIDTH="73" HEIGHT="43" CONTENT="last," WC="0.98" CC="40433"/>
						<SP ID="P2_SP00018" HPOS="406" VPOS="3308" WIDTH="27"/>
						<String ID="P2_ST00023" HPOS="433" VPOS="3275" WIDTH="80" HEIGHT="34" CONTENT="gave" WC="0.96" CC="9090"/>
						<SP ID="P2_SP00019" HPOS="513" VPOS="3309" WIDTH="30"/>
						<String ID="P2_ST00024" HPOS="543" VPOS="3275" WIDTH="19" HEIGHT="25" CONTENT="a" WC="0.85" CC="1"/>
						<SP ID="P2_SP00020" HPOS="562" VPOS="3309" WIDTH="28"/>
						<String ID="P2_ST00025" HPOS="590" VPOS="3269" WIDTH="123" HEIGHT="39" CONTENT="return," WC="0.97" CC="9707973"/>
						<SP ID="P2_SP00021" HPOS="713" VPOS="3309" WIDTH="30"/>
						<String ID="P2_ST00026" HPOS="743" VPOS="3266" WIDTH="83" HEIGHT="36" CONTENT="from" WC="0.98" CC="0900"/>
						<SP ID="P2_SP00022" HPOS="826" VPOS="3309" WIDTH="28"/>
						<String ID="P2_ST00027" HPOS="854" VPOS="3266" WIDTH="42" HEIGHT="36" CONTENT="all" WC="0.97" CC="241"/>
					</TextLine>
					<TextLine ID="P2_TL00006" HPOS="140" VPOS="3323" WIDTH="755" HEIGHT="43">
						<String ID="P2_ST00028" HPOS="140" VPOS="3332" WIDTH="142" HEIGHT="29" CONTENT="sources," WC="0.98" CC="72590723"/>
						<SP ID="P2_SP00023" HPOS="282" VPOS="3361" WIDTH="23"/>
						<String ID="P2_ST00029" HPOS="305" VPOS="3323" WIDTH="36" HEIGHT="31" CONTENT="of" WC="1.00" CC="00"/>
						<SP ID="P2_SP00024" HPOS="341" VPOS="3361" WIDTH="18"/>
						<String ID="P2_ST00030" HPOS="359" VPOS="3324" WIDTH="117" HEIGHT="31" CONTENT="7940zs" WC="0.73" CC="580100"/>
						<SP ID="P2_SP00025" HPOS="476" VPOS="3361" WIDTH="24"/>
						<String ID="P2_ST00031" HPOS="500" VPOS="3326" WIDTH="31" HEIGHT="29" CONTENT="ol" WC="0.23" CC="68"/>
						<SP ID="P2_SP00026" HPOS="531" VPOS="3361" WIDTH="14"/>
						<String ID="P2_ST00032" HPOS="545" VPOS="3325" WIDTH="142" HEIGHT="31" CONTENT="retorted" WC="0.98" CC="50969930"/>
						<SP ID="P2_SP00027" HPOS="687" VPOS="3361" WIDTH="16"/>
						<String ID="P2_ST00033" HPOS="703" VPOS="3325" WIDTH="85" HEIGHT="41" CONTENT="gold," WC="0.96" CC="93593"/>
						<SP ID="P2_SP00028" HPOS="788" VPOS="3366" WIDTH="23"/>
						<String ID="P2_ST00034" HPOS="811" VPOS="3325" WIDTH="84" HEIGHT="31" CONTENT="from" WC="0.95" CC="9078"/>
					</TextLine>
					<TextLine ID="P2_TL00007" HPOS="140" VPOS="3377" WIDTH="755" HEIGHT="47">
						<String ID="P2_ST00035" HPOS="140" VPOS="3377" WIDTH="62" HEIGHT="33" CONTENT="828" WC="0.26" CC="876"/>
						<SP ID="P2_SP00029" HPOS="202" VPOS="3410" WIDTH="23"/>
						<String ID="P2_ST00036" HPOS="225" VPOS="3381" WIDTH="73" HEIGHT="30" CONTENT="tons" WC="0.98" CC="0090"/>
						<SP ID="P2_SP00030" HPOS="298" VPOS="3411" WIDTH="24"/>
						<String ID="P2_ST00037" HPOS="322" VPOS="3378" WIDTH="35" HEIGHT="34" CONTENT="of" WC="0.91" CC="10"/>
						<SP ID="P2_SP00031" HPOS="357" VPOS="3412" WIDTH="19"/>
						<String ID="P2_ST00038" HPOS="376" VPOS="3379" WIDTH="200" HEIGHT="40" CONTENT="stone,—the" WC="0.99" CC="0120008060"/>
						<SP ID="P2_SP00032" HPOS="576" VPOS="3419" WIDTH="21"/>
						<String ID="P2_ST00039" HPOS="597" VPOS="3379" WIDTH="148" HEIGHT="45" CONTENT="splendid" WC="0.99" CC="60307040"/>
						<SP ID="P2_SP00033" HPOS="745" VPOS="3424" WIDTH="16"/>
						<String ID="P2_ST00040" HPOS="761" VPOS="3392" WIDTH="134" HEIGHT="32" CONTENT="average" WC="0.98" CC="0950670"/>
					</TextLine>
					<TextLine ID="P2_TL00008" HPOS="141" VPOS="3434" WIDTH="759" HEIGHT="49">
						<String ID="P2_ST00041" HPOS="141" VPOS="3434" WIDTH="37" HEIGHT="35" CONTENT="of" WC="0.26" CC="77"/>
						<SP ID="P2_SP00034" HPOS="178" VPOS="3469" WIDTH="17"/>
						<String ID="P2_ST00042" HPOS="195" VPOS="3446" WIDTH="77" HEIGHT="23" CONTENT="over" WC="0.96" CC="5905"/>
						<SP ID="P2_SP00035" HPOS="272" VPOS="3469" WIDTH="22"/>
						<String ID="P2_ST00043" HPOS="294" VPOS="3435" WIDTH="125" HEIGHT="36" CONTENT="19dwts" WC="0.87" CC="070000"/>
						<SP ID="P2_SP00036" HPOS="419" VPOS="3471" WIDTH="22"/>
						<String ID="P2_ST00044" HPOS="441" VPOS="3448" WIDTH="58" HEIGHT="33" CONTENT="per" WC="0.94" CC="960"/>
						<SP ID="P2_SP00037" HPOS="499" VPOS="3481" WIDTH="22"/>
						<String ID="P2_ST00045" HPOS="521" VPOS="3441" WIDTH="69" HEIGHT="31" CONTENT="ton." WC="0.98" CC="0280"/>
						<SP ID="P2_SP00038" HPOS="590" VPOS="3481" WIDTH="45"/>
						<String ID="P2_ST00046" HPOS="635" VPOS="3438" WIDTH="77" HEIGHT="34" CONTENT="This" WC="0.98" CC="0800"/>
						<SP ID="P2_SP00039" HPOS="712" VPOS="3481" WIDTH="23"/>
						<String ID="P2_ST00047" HPOS="735" VPOS="3439" WIDTH="107" HEIGHT="44" CONTENT="parcel" WC="0.99" CC="000114"/>
						<SP ID="P2_SP00040" HPOS="842" VPOS="3483" WIDTH="23"/>
						<String ID="P2_ST00048" HPOS="865" VPOS="3439" WIDTH="35" HEIGHT="34" CONTENT="of" WC="1.00" CC="00"/>
					</TextLine>
					<TextLine ID="P2_TL00009" HPOS="140" VPOS="3492" WIDTH="754" HEIGHT="45">
						<String ID="P2_ST00049" HPOS="140" VPOS="3493" WIDTH="101" HEIGHT="33" CONTENT="metal" WC="0.98" CC="77000"/>
						<SP ID="P2_SP00041" HPOS="241" VPOS="3526" WIDTH="15"/>
						<String ID="P2_ST00050" HPOS="256" VPOS="3492" WIDTH="28" HEIGHT="34" CONTENT="is" WC="1.00" CC="00"/>
						<SP ID="P2_SP00042" HPOS="284" VPOS="3526" WIDTH="15"/>
						<String ID="P2_ST00051" HPOS="299" VPOS="3493" WIDTH="77" HEIGHT="44" CONTENT="only" WC="0.96" CC="0559"/>
						<SP ID="P2_SP00043" HPOS="376" VPOS="3537" WIDTH="16"/>
						<String ID="P2_ST00052" HPOS="392" VPOS="3495" WIDTH="19" HEIGHT="33" CONTENT="4" WC="1.00" CC="0"/>
						<SP ID="P2_SP00044" HPOS="411" VPOS="3537" WIDTH="16"/>
						<String ID="P2_ST00053" HPOS="427" VPOS="3505" WIDTH="120" HEIGHT="23" CONTENT="ounces" WC="0.99" CC="050200"/>
						<SP ID="P2_SP00045" HPOS="547" VPOS="3537" WIDTH="16"/>
						<String ID="P2_ST00054" HPOS="563" VPOS="3495" WIDTH="91" HEIGHT="34" CONTENT="short" WC="0.98" CC="07400"/>
						<SP ID="P2_SP00046" HPOS="654" VPOS="3537" WIDTH="16"/>
						<String ID="P2_ST00055" HPOS="670" VPOS="3496" WIDTH="35" HEIGHT="34" CONTENT="of" WC="0.68" CC="60"/>
						<SP ID="P2_SP00047" HPOS="705" VPOS="3537" WIDTH="7"/>
						<String ID="P2_ST00056" HPOS="712" VPOS="3497" WIDTH="54" HEIGHT="33" CONTENT="the" WC="0.95" CC="076"/>
						<SP ID="P2_SP00048" HPOS="766" VPOS="3537" WIDTH="17"/>
						<String ID="P2_ST00057" HPOS="783" VPOS="3502" WIDTH="111" HEIGHT="28" CONTENT="return" WC="0.99" CC="000707"/>
					</TextLine>
					<TextLine ID="P2_TL00010" HPOS="139" VPOS="3549" WIDTH="756" HEIGHT="46">
						<String ID="P2_ST00058" HPOS="139" VPOS="3549" WIDTH="50" HEIGHT="33" CONTENT="for" WC="0.98" CC="050"/>
						<SP ID="P2_SP00049" HPOS="189" VPOS="3582" WIDTH="11"/>
						<String ID="P2_ST00059" HPOS="200" VPOS="3549" WIDTH="55" HEIGHT="34" CONTENT="the" WC="0.94" CC="475"/>
						<SP ID="P2_SP00050" HPOS="255" VPOS="3583" WIDTH="8"/>
						<String ID="P2_ST00060" HPOS="263" VPOS="3551" WIDTH="150" HEIGHT="42" CONTENT="previous" WC="0.99" CC="80000560"/>
						<SP ID="P2_SP00051" HPOS="413" VPOS="3593" WIDTH="12"/>
						<String ID="P2_ST00061" HPOS="425" VPOS="3551" WIDTH="218" HEIGHT="44" CONTENT="cleaning-up," WC="0.64" CC="046070084730"/>
						<SP ID="P2_SP00052" HPOS="643" VPOS="3595" WIDTH="13"/>
						<String ID="P2_ST00062" HPOS="656" VPOS="3552" WIDTH="171" HEIGHT="42" CONTENT="although," WC="0.98" CC="810607970"/>
						<SP ID="P2_SP00053" HPOS="827" VPOS="3595" WIDTH="10"/>
						<String ID="P2_ST00063" HPOS="837" VPOS="3554" WIDTH="58" HEIGHT="33" CONTENT="the" WC="0.95" CC="570"/>
					</TextLine>
					<TextLine ID="P2_TL00011" HPOS="138" VPOS="3607" WIDTH="756" HEIGHT="45">
						<String ID="P2_ST00064" HPOS="138" VPOS="3607" WIDTH="151" HEIGHT="44" CONTENT="quantity" WC="0.98" CC="85070099"/>
						<SP ID="P2_SP00054" HPOS="289" VPOS="3651" WIDTH="25"/>
						<String ID="P2_ST00065" HPOS="314" VPOS="3608" WIDTH="36" HEIGHT="34" CONTENT="of" WC="0.80" CC="30"/>
						<SP ID="P2_SP00055" HPOS="350" VPOS="3651" WIDTH="18"/>
						<String ID="P2_ST00066" HPOS="368" VPOS="3612" WIDTH="114" HEIGHT="40" CONTENT="quartz" WC="0.97" CC="984500"/>
						<SP ID="P2_SP00056" HPOS="482" VPOS="3652" WIDTH="25"/>
						<String ID="P2_ST00067" HPOS="507" VPOS="3609" WIDTH="139" HEIGHT="34" CONTENT="crushed" WC="0.98" CC="0470719"/>
						<SP ID="P2_SP00057" HPOS="646" VPOS="3652" WIDTH="26"/>
						<String ID="P2_ST00068" HPOS="672" VPOS="3610" WIDTH="50" HEIGHT="33" CONTENT="for" WC="1.00" CC="000"/>
						<SP ID="P2_SP00058" HPOS="722" VPOS="3652" WIDTH="24"/>
						<String ID="P2_ST00069" HPOS="746" VPOS="3610" WIDTH="72" HEIGHT="35" CONTENT="that" WC="0.96" CC="9700"/>
						<SP ID="P2_SP00059" HPOS="818" VPOS="3652" WIDTH="28"/>
						<String ID="P2_ST00070" HPOS="846" VPOS="3622" WIDTH="32" HEIGHT="23" CONTENT="oc" SUBS_TYPE="HypPart1" SUBS_CONTENT="occasion," WC="0.97" CC="03"/>
						<HYP HPOS="878" VPOS="3622" WIDTH="16" CONTENT="-"/>
					</TextLine>
					<TextLine ID="P2_TL00012" HPOS="138" VPOS="3665" WIDTH="755" HEIGHT="47">
						<String ID="P2_ST00071" HPOS="138" VPOS="3665" WIDTH="122" HEIGHT="40" CONTENT="casion," SUBS_TYPE="HypPart2" SUBS_CONTENT="occasion," WC="0.98" CC="4033394"/>
						<SP ID="P2_SP00060" HPOS="260" VPOS="3705" WIDTH="16"/>
						<String ID="P2_ST00072" HPOS="276" VPOS="3665" WIDTH="134" HEIGHT="34" CONTENT="exceeds" WC="0.98" CC="6902690"/>
						<SP ID="P2_SP00061" HPOS="410" VPOS="3705" WIDTH="15"/>
						<String ID="P2_ST00073" HPOS="425" VPOS="3665" WIDTH="65" HEIGHT="34" CONTENT="this" WC="0.97" CC="0608"/>
						<SP ID="P2_SP00062" HPOS="490" VPOS="3705" WIDTH="22"/>
						<String ID="P2_ST00074" HPOS="512" VPOS="3667" WIDTH="62" HEIGHT="33" CONTENT="last" WC="0.98" CC="0009"/>
						<SP ID="P2_SP00063" HPOS="574" VPOS="3705" WIDTH="23"/>
						<String ID="P2_ST00075" HPOS="597" VPOS="3668" WIDTH="145" HEIGHT="33" CONTENT="month's" WC="0.99" CC="0070740"/>
						<SP ID="P2_SP00064" HPOS="742" VPOS="3705" WIDTH="22"/>
						<String ID="P2_ST00076" HPOS="764" VPOS="3674" WIDTH="129" HEIGHT="38" CONTENT="output," WC="0.98" CC="0739702"/>
					</TextLine>
					<TextLine ID="P2_TL00013" HPOS="138" VPOS="3721" WIDTH="757" HEIGHT="50">
						<String ID="P2_ST00077" HPOS="138" VPOS="3721" WIDTH="44" HEIGHT="44" CONTENT="by" WC="0.16" CC="79"/>
						<SP ID="P2_SP00065" HPOS="182" VPOS="3765" WIDTH="36"/>
						<String ID="P2_ST00078" HPOS="218" VPOS="3723" WIDTH="59" HEIGHT="33" CONTENT="231" WC="0.50" CC="670"/>
						<SP ID="P2_SP00066" HPOS="277" VPOS="3765" WIDTH="37"/>
						<String ID="P2_ST00079" HPOS="314" VPOS="3726" WIDTH="83" HEIGHT="31" CONTENT="tons." WC="0.98" CC="04813"/>
						<SP ID="P2_SP00067" HPOS="397" VPOS="3765" WIDTH="45"/>
						<String ID="P2_ST00080" HPOS="442" VPOS="3723" WIDTH="67" HEIGHT="35" CONTENT="The" WC="0.93" CC="765"/>
						<SP ID="P2_SP00068" HPOS="509" VPOS="3765" WIDTH="38"/>
						<String ID="P2_ST00081" HPOS="547" VPOS="3724" WIDTH="172" HEIGHT="46" CONTENT="Company" WC="0.98" CC="4100960"/>
						<SP ID="P2_SP00069" HPOS="719" VPOS="3770" WIDTH="36"/>
						<String ID="P2_ST00082" HPOS="755" VPOS="3737" WIDTH="84" HEIGHT="34" CONTENT="pays" WC="0.98" CC="9000"/>
						<SP ID="P2_SP00070" HPOS="839" VPOS="3771" WIDTH="38"/>
						<String ID="P2_ST00083" HPOS="877" VPOS="3739" WIDTH="18" HEIGHT="21" CONTENT="a" WC="1.00" CC="0"/>
					</TextLine>
					<TextLine ID="P2_TL00014" HPOS="135" VPOS="3779" WIDTH="761" HEIGHT="52">
						<String ID="P2_ST00084" HPOS="135" VPOS="3779" WIDTH="157" HEIGHT="36" CONTENT="dividend" WC="0.99" CC="90020006"/>
						<SP ID="P2_SP00071" HPOS="292" VPOS="3815" WIDTH="35"/>
						<String ID="P2_ST00085" HPOS="327" VPOS="3781" WIDTH="125" HEIGHT="45" CONTENT="to-day," WC="0.98" CC="9440901"/>
						<SP ID="P2_SP00072" HPOS="452" VPOS="3826" WIDTH="37"/>
						<String ID="P2_ST00086" HPOS="489" VPOS="3782" WIDTH="39" HEIGHT="35" CONTENT="of" WC="0.20" CC="59"/>
						<SP ID="P2_SP00073" HPOS="528" VPOS="3826" WIDTH="41"/>
						<String ID="P2_ST00087" HPOS="569" VPOS="3794" WIDTH="60" HEIGHT="24" CONTENT="one" WC="0.94" CC="475"/>
						<SP ID="P2_SP00074" HPOS="629" VPOS="3826" WIDTH="39"/>
						<String ID="P2_ST00088" HPOS="668" VPOS="3784" WIDTH="133" HEIGHT="47" CONTENT="shilling" WC="0.98" CC="67402089"/>
						<SP ID="P2_SP00075" HPOS="801" VPOS="3831" WIDTH="38"/>
						<String ID="P2_ST00089" HPOS="839" VPOS="3797" WIDTH="57" HEIGHT="34" CONTENT="per" WC="0.99" CC="020"/>
					</TextLine>
					<TextLine ID="P2_TL00015" HPOS="135" VPOS="3839" WIDTH="602" HEIGHT="46">
						<String ID="P2_ST00090" HPOS="135" VPOS="3839" WIDTH="114" HEIGHT="38" CONTENT="32,000" WC="0.56" CC="653706"/>
						<SP ID="P2_SP00076" HPOS="249" VPOS="3877" WIDTH="0"/>
						<String ID="P2_ST00091" HPOS="249" VPOS="3839" WIDTH="38" HEIGHT="38" CONTENT="th" WC="0.56" CC="50"/>
						<SP ID="P2_SP00077" HPOS="287" VPOS="3877" WIDTH="18"/>
						<String ID="P2_ST00092" HPOS="305" VPOS="3839" WIDTH="245" HEIGHT="46" CONTENT="share,—equal" WC="0.99" CC="070000849600"/>
						<SP ID="P2_SP00078" HPOS="550" VPOS="3885" WIDTH="16"/>
						<String ID="P2_ST00093" HPOS="566" VPOS="3846" WIDTH="33" HEIGHT="30" CONTENT="to" WC="0.76" CC="04"/>
						<SP ID="P2_SP00079" HPOS="599" VPOS="3885" WIDTH="18"/>
						<String ID="P2_ST00094" HPOS="617" VPOS="3844" WIDTH="120" HEIGHT="32" CONTENT="£IGOO." WC="0.39" CC="766672"/>
					</TextLine>
					<TextLine ID="P2_TL00016" HPOS="179" VPOS="3895" WIDTH="714" HEIGHT="47">
						<String ID="P2_ST00095" HPOS="179" VPOS="3895" WIDTH="69" HEIGHT="35" CONTENT="The" WC="0.97" CC="070"/>
						<SP ID="P2_SP00080" HPOS="248" VPOS="3930" WIDTH="29"/>
						<String ID="P2_ST00096" HPOS="277" VPOS="3896" WIDTH="106" HEIGHT="38" CONTENT="usual," WC="0.97" CC="806067"/>
						<SP ID="P2_SP00081" HPOS="383" VPOS="3934" WIDTH="37"/>
						<String ID="P2_ST00097" HPOS="420" VPOS="3899" WIDTH="153" HEIGHT="43" CONTENT="monthly" WC="0.98" CC="0290660"/>
						<SP ID="P2_SP00082" HPOS="573" VPOS="3942" WIDTH="37"/>
						<String ID="P2_ST00098" HPOS="610" VPOS="3900" WIDTH="130" HEIGHT="42" CONTENT="sittings" WC="0.99" CC="44004701"/>
						<SP ID="P2_SP00083" HPOS="740" VPOS="3942" WIDTH="31"/>
						<String ID="P2_ST00099" HPOS="771" VPOS="3900" WIDTH="35" HEIGHT="34" CONTENT="of" WC="0.39" CC="47"/>
						<SP ID="P2_SP00084" HPOS="806" VPOS="3942" WIDTH="32"/>
						<String ID="P2_ST00100" HPOS="838" VPOS="3901" WIDTH="55" HEIGHT="34" CONTENT="the" WC="0.97" CC="070"/>
					</TextLine>
					<TextLine ID="P2_TL00017" HPOS="138" VPOS="3952" WIDTH="756" HEIGHT="46">
						<String ID="P2_ST00101" HPOS="138" VPOS="3952" WIDTH="90" HEIGHT="35" CONTENT="R.M." WC="0.71" CC="7201"/>
						<SP ID="P2_SP00085" HPOS="228" VPOS="3987" WIDTH="31"/>
						<String ID="P2_ST00102" HPOS="259" VPOS="3953" WIDTH="65" HEIGHT="35" CONTENT="and" WC="0.95" CC="660"/>
						<SP ID="P2_SP00086" HPOS="324" VPOS="3988" WIDTH="24"/>
						<String ID="P2_ST00103" HPOS="348" VPOS="3954" WIDTH="171" HEIGHT="36" CONTENT="Warden's" WC="0.98" CC="93506500"/>
						<SP ID="P2_SP00087" HPOS="519" VPOS="3990" WIDTH="31"/>
						<String ID="P2_ST00104" HPOS="550" VPOS="3956" WIDTH="128" HEIGHT="42" CONTENT="Courts," WC="0.99" CC="5560004"/>
						<SP ID="P2_SP00088" HPOS="678" VPOS="3998" WIDTH="26"/>
						<String ID="P2_ST00105" HPOS="704" VPOS="3958" WIDTH="83" HEIGHT="35" CONTENT="have" WC="0.98" CC="7020"/>
						<SP ID="P2_SP00089" HPOS="787" VPOS="3998" WIDTH="28"/>
						<String ID="P2_ST00106" HPOS="815" VPOS="3958" WIDTH="79" HEIGHT="35" CONTENT="been" WC="0.97" CC="3047"/>
					</TextLine>
					<TextLine ID="P2_TL00018" HPOS="137" VPOS="4010" WIDTH="756" HEIGHT="46">
						<String ID="P2_ST00107" HPOS="137" VPOS="4010" WIDTH="178" HEIGHT="43" CONTENT="adjourned" WC="0.98" CC="860054702"/>
						<SP ID="P2_SP00090" HPOS="315" VPOS="4053" WIDTH="16"/>
						<String ID="P2_ST00108" HPOS="331" VPOS="4017" WIDTH="33" HEIGHT="27" CONTENT="to" WC="0.64" CC="07"/>
						<SP ID="P2_SP00091" HPOS="364" VPOS="4053" WIDTH="17"/>
						<String ID="P2_ST00109" HPOS="381" VPOS="4012" WIDTH="218" HEIGHT="44" CONTENT="Wednesday," WC="0.99" CC="9007090202"/>
						<SP ID="P2_SP00092" HPOS="599" VPOS="4056" WIDTH="24"/>
						<String ID="P2_ST00110" HPOS="623" VPOS="4014" WIDTH="58" HEIGHT="33" CONTENT="the" WC="0.97" CC="070"/>
						<SP ID="P2_SP00093" HPOS="681" VPOS="4056" WIDTH="15"/>
						<String ID="P2_ST00111" HPOS="696" VPOS="4015" WIDTH="87" HEIGHT="32" CONTENT="22nd" WC="0.22" CC="9966"/>
						<SP ID="P2_SP00094" HPOS="783" VPOS="4056" WIDTH="22"/>
						<String ID="P2_ST00112" HPOS="805" VPOS="4017" WIDTH="88" HEIGHT="38" CONTENT="inst.," WC="0.47" CC="089713"/>
					</TextLine>
					<TextLine ID="P2_TL00019" HPOS="138" VPOS="4067" WIDTH="532" HEIGHT="39">
						<String ID="P2_ST00113" HPOS="138" VPOS="4070" WIDTH="34" HEIGHT="33" CONTENT="at" WC="0.47" CC="91"/>
						<SP ID="P2_SP00095" HPOS="172" VPOS="4103" WIDTH="16"/>
						<String ID="P2_ST00114" HPOS="188" VPOS="4067" WIDTH="39" HEIGHT="35" CONTENT="10" WC="0.85" CC="11"/>
						<SP ID="P2_SP00096" HPOS="227" VPOS="4103" WIDTH="15"/>
						<String ID="P2_ST00115" HPOS="242" VPOS="4067" WIDTH="123" HEIGHT="37" CONTENT="o'clock" WC="0.99" CC="4043600"/>
						<SP ID="P2_SP00097" HPOS="365" VPOS="4104" WIDTH="15"/>
						<String ID="P2_ST00116" HPOS="380" VPOS="4069" WIDTH="34" HEIGHT="35" CONTENT="in" WC="0.46" CC="36"/>
						<SP ID="P2_SP00098" HPOS="414" VPOS="4104" WIDTH="17"/>
						<String ID="P2_ST00117" HPOS="431" VPOS="4069" WIDTH="55" HEIGHT="36" CONTENT="the" WC="0.97" CC="070"/>
						<SP ID="P2_SP00099" HPOS="486" VPOS="4105" WIDTH="16"/>
						<String ID="P2_ST00118" HPOS="502" VPOS="4069" WIDTH="168" HEIGHT="37" CONTENT="forenoon." WC="0.99" CC="060040230"/>
					</TextLine>
					<TextLine ID="P2_TL00020" HPOS="181" VPOS="4137" WIDTH="714" HEIGHT="50">
						<String ID="P2_ST00119" HPOS="181" VPOS="4137" WIDTH="70" HEIGHT="35" CONTENT="The" WC="0.97" CC="060"/>
						<SP ID="P2_SP00100" HPOS="251" VPOS="4172" WIDTH="21"/>
						<String ID="P2_ST00120" HPOS="272" VPOS="4138" WIDTH="168" HEIGHT="45" CONTENT="following" WC="0.99" CC="353004093"/>
						<SP ID="P2_SP00101" HPOS="440" VPOS="4183" WIDTH="21"/>
						<String ID="P2_ST00121" HPOS="461" VPOS="4152" WIDTH="54" HEIGHT="21" CONTENT="are" WC="0.94" CC="790"/>
						<SP ID="P2_SP00102" HPOS="515" VPOS="4183" WIDTH="16"/>
						<String ID="P2_ST00122" HPOS="531" VPOS="4140" WIDTH="56" HEIGHT="35" CONTENT="the" WC="0.97" CC="062"/>
						<SP ID="P2_SP00103" HPOS="587" VPOS="4183" WIDTH="19"/>
						<String ID="P2_ST00123" HPOS="606" VPOS="4142" WIDTH="138" HEIGHT="33" CONTENT="Reefton" WC="0.64" CC="7200067"/>
						<SP ID="P2_SP00104" HPOS="744" VPOS="4183" WIDTH="24"/>
						<String ID="P2_ST00124" HPOS="768" VPOS="4142" WIDTH="127" HEIGHT="45" CONTENT="battery" WC="0.99" CC="5006700"/>
					</TextLine>
					<TextLine ID="P2_TL00021" HPOS="139" VPOS="4194" WIDTH="757" HEIGHT="50">
						<String ID="P2_ST00125" HPOS="139" VPOS="4198" WIDTH="129" HEIGHT="31" CONTENT="returns" WC="0.97" CC="7796370"/>
						<SP ID="P2_SP00105" HPOS="268" VPOS="4229" WIDTH="35"/>
						<String ID="P2_ST00126" HPOS="303" VPOS="4194" WIDTH="50" HEIGHT="36" CONTENT="for" WC="0.93" CC="655"/>
						<SP ID="P2_SP00106" HPOS="353" VPOS="4230" WIDTH="34"/>
						<String ID="P2_ST00127" HPOS="387" VPOS="4196" WIDTH="62" HEIGHT="35" CONTENT="last" WC="0.99" CC="0006"/>
						<SP ID="P2_SP00107" HPOS="449" VPOS="4231" WIDTH="37"/>
						<String ID="P2_ST00128" HPOS="486" VPOS="4198" WIDTH="90" HEIGHT="34" CONTENT="week" WC="0.98" CC="6002"/>
						<SP ID="P2_SP00108" HPOS="576" VPOS="4232" WIDTH="18"/>
						<String ID="P2_ST00129" HPOS="594" VPOS="4199" WIDTH="302" HEIGHT="45" CONTENT=":—Keep-it-Dark," WC="0.54" CC="085729330350953"/>
					</TextLine>
					<TextLine ID="P2_TL00022" HPOS="138" VPOS="4254" WIDTH="759" HEIGHT="45">
						<String ID="P2_ST00130" HPOS="138" VPOS="4254" WIDTH="118" HEIGHT="33" CONTENT="3320zs" WC="0.53" CC="768500"/>
						<SP ID="P2_SP00109" HPOS="256" VPOS="4287" WIDTH="42"/>
						<String ID="P2_ST00131" HPOS="298" VPOS="4255" WIDTH="187" HEIGHT="44" CONTENT="amalgam;" WC="0.99" CC="50907001"/>
						<SP ID="P2_SP00110" HPOS="485" VPOS="4299" WIDTH="53"/>
						<String ID="P2_ST00132" HPOS="538" VPOS="4257" WIDTH="191" HEIGHT="40" CONTENT="Inkerman," WC="0.82" CC="080000070"/>
						<SP ID="P2_SP00111" HPOS="729" VPOS="4299" WIDTH="51"/>
						<String ID="P2_ST00133" HPOS="780" VPOS="4260" WIDTH="117" HEIGHT="32" CONTENT="2410zs" WC="0.82" CC="000540"/>
					</TextLine>
					<TextLine ID="P2_TL00023" HPOS="139" VPOS="4309" WIDTH="623" HEIGHT="51">
						<String ID="P2_ST00134" HPOS="139" VPOS="4309" WIDTH="167" HEIGHT="47" CONTENT="amalgam" WC="0.99" CC="1002900"/>
						<SP ID="P2_SP00112" HPOS="306" VPOS="4356" WIDTH="16"/>
						<String ID="P2_ST00135" HPOS="322" VPOS="4312" WIDTH="47" HEIGHT="34" CONTENT="for" WC="1.00" CC="000"/>
						<SP ID="P2_SP00113" HPOS="369" VPOS="4356" WIDTH="16"/>
						<String ID="P2_ST00136" HPOS="385" VPOS="4313" WIDTH="89" HEIGHT="45" CONTENT="eight" WC="0.96" CC="02979"/>
						<SP ID="P2_SP00114" HPOS="474" VPOS="4358" WIDTH="15"/>
						<String ID="P2_ST00137" HPOS="489" VPOS="4313" WIDTH="91" HEIGHT="45" CONTENT="days'" WC="0.97" CC="74054"/>
						<SP ID="P2_SP00115" HPOS="580" VPOS="4358" WIDTH="16"/>
						<String ID="P2_ST00138" HPOS="596" VPOS="4314" WIDTH="166" HEIGHT="46" CONTENT="crushing." WC="0.98" CC="408761800"/>
					</TextLine>
					<TextLine ID="P2_TL00024" HPOS="178" VPOS="4380" WIDTH="717" HEIGHT="48">
						<String ID="P2_ST00139" HPOS="178" VPOS="4380" WIDTH="69" HEIGHT="34" CONTENT="The" WC="0.98" CC="060"/>
						<SP ID="P2_SP00116" HPOS="247" VPOS="4414" WIDTH="37"/>
						<String ID="P2_ST00140" HPOS="284" VPOS="4381" WIDTH="157" HEIGHT="34" CONTENT="National" WC="0.98" CC="69034605"/>
						<SP ID="P2_SP00117" HPOS="441" VPOS="4415" WIDTH="29"/>
						<String ID="P2_ST00141" HPOS="470" VPOS="4383" WIDTH="96" HEIGHT="33" CONTENT="Bank" WC="0.96" CC="6470"/>
						<SP ID="P2_SP00118" HPOS="566" VPOS="4416" WIDTH="31"/>
						<String ID="P2_ST00142" HPOS="597" VPOS="4384" WIDTH="68" HEIGHT="33" CONTENT="will" WC="0.98" CC="0070"/>
						<SP ID="P2_SP00119" HPOS="665" VPOS="4417" WIDTH="33"/>
						<String ID="P2_ST00143" HPOS="698" VPOS="4396" WIDTH="84" HEIGHT="32" CONTENT="open" WC="0.96" CC="1907"/>
						<SP ID="P2_SP00120" HPOS="782" VPOS="4428" WIDTH="36"/>
						<String ID="P2_ST00144" HPOS="818" VPOS="4385" WIDTH="77" HEIGHT="33" CONTENT="here" WC="0.95" CC="7690"/>
					</TextLine>
					<TextLine ID="P2_TL00025" HPOS="137" VPOS="4438" WIDTH="758" HEIGHT="50">
						<String ID="P2_ST00145" HPOS="137" VPOS="4438" WIDTH="124" HEIGHT="45" CONTENT="to-day," WC="0.99" CC="1640003"/>
						<SP ID="P2_SP00121" HPOS="261" VPOS="4483" WIDTH="27"/>
						<String ID="P2_ST00146" HPOS="288" VPOS="4438" WIDTH="50" HEIGHT="35" CONTENT="for" WC="0.96" CC="055"/>
						<SP ID="P2_SP00122" HPOS="338" VPOS="4483" WIDTH="26"/>
						<String ID="P2_ST00147" HPOS="364" VPOS="4440" WIDTH="56" HEIGHT="35" CONTENT="the" WC="0.95" CC="077"/>
						<SP ID="P2_SP00123" HPOS="420" VPOS="4483" WIDTH="30"/>
						<String ID="P2_ST00148" HPOS="450" VPOS="4442" WIDTH="202" HEIGHT="34" CONTENT="transaction" WC="0.99" CC="60060039468"/>
						<SP ID="P2_SP00124" HPOS="652" VPOS="4483" WIDTH="29"/>
						<String ID="P2_ST00149" HPOS="681" VPOS="4443" WIDTH="36" HEIGHT="34" CONTENT="of" WC="0.71" CC="50"/>
						<SP ID="P2_SP00125" HPOS="717" VPOS="4483" WIDTH="23"/>
						<String ID="P2_ST00150" HPOS="740" VPOS="4443" WIDTH="155" HEIGHT="45" CONTENT="ordinary" WC="0.98" CC="69006700"/>
					</TextLine>
					<TextLine ID="P2_TL00026" HPOS="137" VPOS="4495" WIDTH="319" HEIGHT="44">
						<String ID="P2_ST00151" HPOS="137" VPOS="4495" WIDTH="147" HEIGHT="44" CONTENT="banking" WC="0.97" CC="6070679"/>
						<SP ID="P2_SP00126" HPOS="284" VPOS="4539" WIDTH="14"/>
						<String ID="P2_ST00152" HPOS="298" VPOS="4497" WIDTH="158" HEIGHT="34" CONTENT="business." WC="0.99" CC="650075103"/>
					</TextLine>
					<TextLine ID="P2_TL00027" HPOS="182" VPOS="4561" WIDTH="714" HEIGHT="52">
						<String ID="P2_ST00153" HPOS="182" VPOS="4561" WIDTH="60" HEIGHT="35" CONTENT="We" WC="0.53" CC="90"/>
						<SP ID="P2_SP00127" HPOS="242" VPOS="4596" WIDTH="16"/>
						<String ID="P2_ST00154" HPOS="258" VPOS="4574" WIDTH="54" HEIGHT="23" CONTENT="are" WC="0.98" CC="006"/>
						<SP ID="P2_SP00128" HPOS="312" VPOS="4597" WIDTH="17"/>
						<String ID="P2_ST00155" HPOS="329" VPOS="4564" WIDTH="179" HEIGHT="44" CONTENT="compelled" WC="0.99" CC="160004309"/>
						<SP ID="P2_SP00129" HPOS="508" VPOS="4608" WIDTH="23"/>
						<String ID="P2_ST00156" HPOS="531" VPOS="4570" WIDTH="32" HEIGHT="30" CONTENT="to" WC="0.69" CC="06"/>
						<SP ID="P2_SP00130" HPOS="563" VPOS="4608" WIDTH="24"/>
						<String ID="P2_ST00157" HPOS="587" VPOS="4565" WIDTH="76" HEIGHT="35" CONTENT="hold" WC="0.96" CC="7426"/>
						<SP ID="P2_SP00131" HPOS="663" VPOS="4608" WIDTH="23"/>
						<String ID="P2_ST00158" HPOS="686" VPOS="4578" WIDTH="59" HEIGHT="23" CONTENT="our" WC="0.95" CC="660"/>
						<SP ID="P2_SP00132" HPOS="745" VPOS="4608" WIDTH="24"/>
						<String ID="P2_ST00159" HPOS="769" VPOS="4567" WIDTH="127" HEIGHT="46" CONTENT="mining" WC="0.97" CC="958070"/>
					</TextLine>
					<TextLine ID="P2_TL00028" HPOS="140" VPOS="4622" WIDTH="505" HEIGHT="41">
						<String ID="P2_ST00160" HPOS="140" VPOS="4624" WIDTH="109" HEIGHT="39" CONTENT="report" WC="0.97" CC="959060"/>
						<SP ID="P2_SP00133" HPOS="249" VPOS="4663" WIDTH="16"/>
						<String ID="P2_ST00161" HPOS="265" VPOS="4631" WIDTH="76" HEIGHT="23" CONTENT="over" WC="0.98" CC="1060"/>
						<SP ID="P2_SP00134" HPOS="341" VPOS="4663" WIDTH="14"/>
						<String ID="P2_ST00162" HPOS="355" VPOS="4622" WIDTH="84" HEIGHT="32" CONTENT="until" WC="0.98" CC="75001"/>
						<SP ID="P2_SP00135" HPOS="439" VPOS="4663" WIDTH="15"/>
						<String ID="P2_ST00163" HPOS="454" VPOS="4628" WIDTH="77" HEIGHT="27" CONTENT="next" WC="0.97" CC="7140"/>
						<SP ID="P2_SP00136" HPOS="531" VPOS="4663" WIDTH="16"/>
						<String ID="P2_ST00164" HPOS="547" VPOS="4624" WIDTH="98" HEIGHT="32" CONTENT="week." WC="0.96" CC="99272"/>
					</TextLine>
					<TextLine ID="P2_TL00029" HPOS="183" VPOS="4688" WIDTH="713" HEIGHT="40">
						<String ID="P2_ST00165" HPOS="183" VPOS="4688" WIDTH="172" HEIGHT="34" CONTENT="Attention" WC="0.99" CC="000080148"/>
						<SP ID="P2_SP00137" HPOS="355" VPOS="4722" WIDTH="26"/>
						<String ID="P2_ST00166" HPOS="381" VPOS="4688" WIDTH="27" HEIGHT="34" CONTENT="is" WC="0.69" CC="23"/>
						<SP ID="P2_SP00138" HPOS="408" VPOS="4722" WIDTH="24"/>
						<String ID="P2_ST00167" HPOS="432" VPOS="4690" WIDTH="110" HEIGHT="33" CONTENT="drawn" WC="0.96" CC="76096"/>
						<SP ID="P2_SP00139" HPOS="542" VPOS="4723" WIDTH="27"/>
						<String ID="P2_ST00168" HPOS="569" VPOS="4696" WIDTH="33" HEIGHT="28" CONTENT="to" WC="0.70" CC="05"/>
						<SP ID="P2_SP00140" HPOS="602" VPOS="4724" WIDTH="28"/>
						<String ID="P2_ST00169" HPOS="630" VPOS="4694" WIDTH="54" HEIGHT="31" CONTENT="the" WC="0.94" CC="376"/>
						<SP ID="P2_SP00141" HPOS="684" VPOS="4725" WIDTH="29"/>
						<String ID="P2_ST00170" HPOS="713" VPOS="4706" WIDTH="163" HEIGHT="22" CONTENT="announce" SUBS_TYPE="HypPart1" SUBS_CONTENT="announcements" WC="0.97" CC="78876676"/>
						<HYP HPOS="876" VPOS="4706" WIDTH="20" CONTENT="-"/>
					</TextLine>
					<TextLine ID="P2_TL00030" HPOS="141" VPOS="4744" WIDTH="755" HEIGHT="52">
						<String ID="P2_ST00171" HPOS="141" VPOS="4747" WIDTH="112" HEIGHT="30" CONTENT="ments" SUBS_TYPE="HypPart2" SUBS_CONTENT="announcements" WC="0.97" CC="95400"/>
						<SP ID="P2_SP00142" HPOS="253" VPOS="4777" WIDTH="22"/>
						<String ID="P2_ST00172" HPOS="275" VPOS="4744" WIDTH="35" HEIGHT="33" CONTENT="in" WC="0.58" CC="08"/>
						<SP ID="P2_SP00143" HPOS="310" VPOS="4777" WIDTH="23"/>
						<String ID="P2_ST00173" HPOS="333" VPOS="4755" WIDTH="58" HEIGHT="23" CONTENT="our" WC="0.94" CC="079"/>
						<SP ID="P2_SP00144" HPOS="391" VPOS="4778" WIDTH="22"/>
						<String ID="P2_ST00174" HPOS="413" VPOS="4745" WIDTH="200" HEIGHT="44" CONTENT="advertising" WC="0.99" CC="30600005069"/>
						<SP ID="P2_SP00145" HPOS="613" VPOS="4789" WIDTH="26"/>
						<String ID="P2_ST00175" HPOS="639" VPOS="4749" WIDTH="160" HEIGHT="41" CONTENT="columns," WC="0.98" CC="36485720"/>
						<SP ID="P2_SP00146" HPOS="799" VPOS="4790" WIDTH="28"/>
						<String ID="P2_ST00176" HPOS="827" VPOS="4763" WIDTH="52" HEIGHT="33" CONTENT="per" SUBS_TYPE="HypPart1" SUBS_CONTENT="pertaining" WC="0.98" CC="050"/>
						<HYP HPOS="879" VPOS="4763" WIDTH="17" CONTENT="-"/>
					</TextLine>
					<TextLine ID="P2_TL00031" HPOS="143" VPOS="4802" WIDTH="752" HEIGHT="41">
						<String ID="P2_ST00177" HPOS="143" VPOS="4802" WIDTH="128" HEIGHT="41" CONTENT="taining" SUBS_TYPE="HypPart2" SUBS_CONTENT="pertaining" WC="0.98" CC="0748060"/>
						<SP ID="P2_SP00147" HPOS="271" VPOS="4843" WIDTH="23"/>
						<String ID="P2_ST00178" HPOS="294" VPOS="4807" WIDTH="33" HEIGHT="28" CONTENT="to" WC="0.67" CC="06"/>
						<SP ID="P2_SP00148" HPOS="327" VPOS="4843" WIDTH="25"/>
						<String ID="P2_ST00179" HPOS="352" VPOS="4803" WIDTH="54" HEIGHT="33" CONTENT="the" WC="0.97" CC="070"/>
						<SP ID="P2_SP00149" HPOS="406" VPOS="4843" WIDTH="26"/>
						<String ID="P2_ST00180" HPOS="432" VPOS="4806" WIDTH="130" HEIGHT="32" CONTENT="various" WC="0.97" CC="9090577"/>
						<SP ID="P2_SP00150" HPOS="562" VPOS="4843" WIDTH="25"/>
						<String ID="P2_ST00181" HPOS="587" VPOS="4808" WIDTH="105" HEIGHT="32" CONTENT="works" WC="0.97" CC="06905"/>
						<SP ID="P2_SP00151" HPOS="692" VPOS="4843" WIDTH="24"/>
						<String ID="P2_ST00182" HPOS="716" VPOS="4810" WIDTH="49" HEIGHT="31" CONTENT="for" WC="0.94" CC="950"/>
						<SP ID="P2_SP00152" HPOS="765" VPOS="4843" WIDTH="24"/>
						<String ID="P2_ST00183" HPOS="789" VPOS="4810" WIDTH="106" HEIGHT="33" CONTENT="which" WC="0.96" CC="97047"/>
					</TextLine>
					<TextLine ID="P2_TL00032" HPOS="143" VPOS="4856" WIDTH="753" HEIGHT="51">
						<String ID="P2_ST00184" HPOS="143" VPOS="4856" WIDTH="143" HEIGHT="42" CONTENT="tenders," WC="0.99" CC="00700330"/>
						<SP ID="P2_SP00153" HPOS="286" VPOS="4898" WIDTH="33"/>
						<String ID="P2_ST00185" HPOS="319" VPOS="4858" WIDTH="123" HEIGHT="44" CONTENT="closing" WC="0.99" CC="0300079"/>
						<SP ID="P2_SP00154" HPOS="442" VPOS="4902" WIDTH="36"/>
						<String ID="P2_ST00186" HPOS="478" VPOS="4871" WIDTH="43" HEIGHT="23" CONTENT="on" WC="0.51" CC="36"/>
						<SP ID="P2_SP00155" HPOS="521" VPOS="4902" WIDTH="33"/>
						<String ID="P2_ST00187" HPOS="554" VPOS="4862" WIDTH="144" HEIGHT="45" CONTENT="Monday" WC="0.97" CC="007990"/>
						<SP ID="P2_SP00156" HPOS="698" VPOS="4907" WIDTH="30"/>
						<String ID="P2_ST00188" HPOS="728" VPOS="4864" WIDTH="168" HEIGHT="36" CONTENT="afternoon" WC="0.98" CC="080293358"/>
					</TextLine>
					<TextLine ID="P2_TL00033" HPOS="143" VPOS="4916" WIDTH="755" HEIGHT="51">
						<String ID="P2_ST00189" HPOS="143" VPOS="4918" WIDTH="89" HEIGHT="35" CONTENT="next," WC="0.98" CC="90003"/>
						<SP ID="P2_SP00157" HPOS="232" VPOS="4953" WIDTH="38"/>
						<String ID="P2_ST00190" HPOS="270" VPOS="4925" WIDTH="53" HEIGHT="22" CONTENT="are" WC="0.97" CC="007"/>
						<SP ID="P2_SP00158" HPOS="323" VPOS="4953" WIDTH="37"/>
						<String ID="P2_ST00191" HPOS="360" VPOS="4916" WIDTH="103" HEIGHT="33" CONTENT="called" WC="1.00" CC="001300"/>
						<SP ID="P2_SP00159" HPOS="463" VPOS="4953" WIDTH="37"/>
						<String ID="P2_ST00192" HPOS="500" VPOS="4918" WIDTH="48" HEIGHT="33" CONTENT="for" WC="0.96" CC="090"/>
						<SP ID="P2_SP00160" HPOS="548" VPOS="4953" WIDTH="37"/>
						<String ID="P2_ST00193" HPOS="585" VPOS="4919" WIDTH="42" HEIGHT="43" CONTENT="by" WC="0.63" CC="70"/>
						<SP ID="P2_SP00161" HPOS="627" VPOS="4962" WIDTH="41"/>
						<String ID="P2_ST00194" HPOS="668" VPOS="4922" WIDTH="55" HEIGHT="32" CONTENT="the" WC="0.96" CC="072"/>
						<SP ID="P2_SP00162" HPOS="723" VPOS="4962" WIDTH="46"/>
						<String ID="P2_ST00195" HPOS="769" VPOS="4923" WIDTH="129" HEIGHT="44" CONTENT="County" WC="0.98" CC="407800"/>
					</TextLine>
					<TextLine ID="P2_TL00034" HPOS="145" VPOS="4970" WIDTH="751" HEIGHT="47">
						<String ID="P2_ST00196" HPOS="145" VPOS="4970" WIDTH="146" HEIGHT="33" CONTENT="Council." WC="0.98" CC="66660223"/>
						<SP ID="P2_SP00163" HPOS="291" VPOS="5003" WIDTH="45"/>
						<String ID="P2_ST00197" HPOS="336" VPOS="4972" WIDTH="68" HEIGHT="33" CONTENT="The" WC="0.95" CC="066"/>
						<SP ID="P2_SP00164" HPOS="404" VPOS="5005" WIDTH="37"/>
						<String ID="P2_ST00198" HPOS="441" VPOS="4973" WIDTH="187" HEIGHT="36" CONTENT="alterations" WC="0.99" CC="03020005680"/>
						<SP ID="P2_SP00165" HPOS="628" VPOS="5009" WIDTH="30"/>
						<String ID="P2_ST00199" HPOS="658" VPOS="4977" WIDTH="45" HEIGHT="40" CONTENT="in," WC="0.96" CC="081"/>
						<SP ID="P2_SP00166" HPOS="703" VPOS="5017" WIDTH="33"/>
						<String ID="P2_ST00200" HPOS="736" VPOS="4979" WIDTH="65" HEIGHT="34" CONTENT="and" WC="0.97" CC="080"/>
						<SP ID="P2_SP00167" HPOS="801" VPOS="5017" WIDTH="36"/>
						<String ID="P2_ST00201" HPOS="837" VPOS="4981" WIDTH="40" HEIGHT="33" CONTENT="im" SUBS_TYPE="HypPart1" SUBS_CONTENT="improvements" WC="0.98" CC="00"/>
						<HYP HPOS="877" VPOS="4981" WIDTH="19" CONTENT="-"/>
					</TextLine>
					<TextLine ID="P2_TL00035" HPOS="145" VPOS="5029" WIDTH="751" HEIGHT="42">
						<String ID="P2_ST00202" HPOS="145" VPOS="5033" WIDTH="209" HEIGHT="36" CONTENT="provements" SUBS_TYPE="HypPart2" SUBS_CONTENT="improvements" WC="0.99" CC="9000000290"/>
						<SP ID="P2_SP00168" HPOS="354" VPOS="5069" WIDTH="16"/>
						<String ID="P2_ST00203" HPOS="370" VPOS="5035" WIDTH="32" HEIGHT="27" CONTENT="to" WC="0.70" CC="05"/>
						<SP ID="P2_SP00169" HPOS="402" VPOS="5069" WIDTH="16"/>
						<String ID="P2_ST00204" HPOS="418" VPOS="5029" WIDTH="54" HEIGHT="34" CONTENT="the" WC="0.96" CC="072"/>
						<SP ID="P2_SP00170" HPOS="472" VPOS="5069" WIDTH="17"/>
						<String ID="P2_ST00205" HPOS="489" VPOS="5032" WIDTH="112" HEIGHT="34" CONTENT="Buller" WC="0.43" CC="777109"/>
						<SP ID="P2_SP00171" HPOS="601" VPOS="5069" WIDTH="15"/>
						<String ID="P2_ST00206" HPOS="616" VPOS="5035" WIDTH="77" HEIGHT="33" CONTENT="road" WC="0.96" CC="9270"/>
						<SP ID="P2_SP00172" HPOS="693" VPOS="5069" WIDTH="14"/>
						<String ID="P2_ST00207" HPOS="707" VPOS="5036" WIDTH="26" HEIGHT="32" CONTENT="is" WC="0.42" CC="19"/>
						<SP ID="P2_SP00173" HPOS="733" VPOS="5069" WIDTH="16"/>
						<String ID="P2_ST00208" HPOS="749" VPOS="5048" WIDTH="17" HEIGHT="21" CONTENT="a" WC="0.07" CC="9"/>
						<SP ID="P2_SP00174" HPOS="766" VPOS="5069" WIDTH="17"/>
						<String ID="P2_ST00209" HPOS="783" VPOS="5039" WIDTH="91" HEIGHT="32" CONTENT="much" SUBS_TYPE="HypPart1" SUBS_CONTENT="muchneeded" WC="0.97" CC="0667"/>
						<HYP HPOS="874" VPOS="5039" WIDTH="22" CONTENT="-"/>
					</TextLine>
					<TextLine ID="P2_TL00036" HPOS="145" VPOS="5084" WIDTH="755" HEIGHT="46">
						<String ID="P2_ST00210" HPOS="145" VPOS="5084" WIDTH="125" HEIGHT="34" CONTENT="needed" SUBS_TYPE="HypPart2" SUBS_CONTENT="muchneeded" WC="0.98" CC="907000"/>
						<SP ID="P2_SP00175" HPOS="270" VPOS="5118" WIDTH="15"/>
						<String ID="P2_ST00211" HPOS="285" VPOS="5085" WIDTH="98" HEIGHT="40" CONTENT="work," WC="0.97" CC="96003"/>
						<SP ID="P2_SP00176" HPOS="383" VPOS="5125" WIDTH="19"/>
						<String ID="P2_ST00212" HPOS="402" VPOS="5088" WIDTH="64" HEIGHT="33" CONTENT="and" WC="0.99" CC="030"/>
						<SP ID="P2_SP00177" HPOS="466" VPOS="5125" WIDTH="15"/>
						<String ID="P2_ST00213" HPOS="481" VPOS="5099" WIDTH="48" HEIGHT="23" CONTENT="we" WC="1.00" CC="00"/>
						<SP ID="P2_SP00178" HPOS="529" VPOS="5125" WIDTH="16"/>
						<String ID="P2_ST00214" HPOS="545" VPOS="5090" WIDTH="201" HEIGHT="37" CONTENT="understand" WC="0.98" CC="7704969670"/>
						<SP ID="P2_SP00179" HPOS="746" VPOS="5127" WIDTH="16"/>
						<String ID="P2_ST00215" HPOS="762" VPOS="5094" WIDTH="26" HEIGHT="33" CONTENT="is" WC="1.00" CC="00"/>
						<SP ID="P2_SP00180" HPOS="788" VPOS="5127" WIDTH="18"/>
						<String ID="P2_ST00216" HPOS="806" VPOS="5094" WIDTH="94" HEIGHT="36" CONTENT="bein»" WC="0.43" CC="73087"/>
					</TextLine>
					<TextLine ID="P2_TL00037" HPOS="148" VPOS="5141" WIDTH="748" HEIGHT="46">
						<String ID="P2_ST00217" HPOS="148" VPOS="5141" WIDTH="82" HEIGHT="34" CONTENT="done" WC="0.96" CC="9430"/>
						<SP ID="P2_SP00181" HPOS="230" VPOS="5175" WIDTH="17"/>
						<String ID="P2_ST00218" HPOS="247" VPOS="5142" WIDTH="43" HEIGHT="42" CONTENT="by" WC="0.68" CC="60"/>
						<SP ID="P2_SP00182" HPOS="290" VPOS="5184" WIDTH="17"/>
						<String ID="P2_ST00219" HPOS="307" VPOS="5143" WIDTH="53" HEIGHT="33" CONTENT="the" WC="0.93" CC="675"/>
						<SP ID="P2_SP00183" HPOS="360" VPOS="5184" WIDTH="14"/>
						<String ID="P2_ST00220" HPOS="374" VPOS="5144" WIDTH="139" HEIGHT="35" CONTENT="General" WC="0.98" CC="7270004"/>
						<SP ID="P2_SP00184" HPOS="513" VPOS="5184" WIDTH="13"/>
						<String ID="P2_ST00221" HPOS="526" VPOS="5147" WIDTH="232" HEIGHT="37" CONTENT="Government." WC="0.99" CC="84060087790"/>
						<SP ID="P2_SP00185" HPOS="758" VPOS="5184" WIDTH="45"/>
						<String ID="P2_ST00222" HPOS="803" VPOS="5153" WIDTH="93" HEIGHT="34" CONTENT="Then" WC="0.97" CC="0607"/>
					</TextLine>
					<TextLine ID="P2_TL00038" HPOS="148" VPOS="5199" WIDTH="751" HEIGHT="53">
						<String ID="P2_ST00223" HPOS="148" VPOS="5199" WIDTH="91" HEIGHT="34" CONTENT="there" WC="0.97" CC="76090"/>
						<SP ID="P2_SP00186" HPOS="239" VPOS="5233" WIDTH="22"/>
						<String ID="P2_ST00224" HPOS="261" VPOS="5200" WIDTH="26" HEIGHT="33" CONTENT="is" WC="0.39" CC="38"/>
						<SP ID="P2_SP00187" HPOS="287" VPOS="5233" WIDTH="24"/>
						<String ID="P2_ST00225" HPOS="311" VPOS="5200" WIDTH="54" HEIGHT="34" CONTENT="the" WC="0.95" CC="076"/>
						<SP ID="P2_SP00188" HPOS="365" VPOS="5234" WIDTH="22"/>
						<String ID="P2_ST00226" HPOS="387" VPOS="5203" WIDTH="167" HEIGHT="33" CONTENT="extension" WC="0.98" CC="730276038"/>
						<SP ID="P2_SP00189" HPOS="554" VPOS="5236" WIDTH="17"/>
						<String ID="P2_ST00227" HPOS="571" VPOS="5206" WIDTH="36" HEIGHT="32" CONTENT="of" WC="0.69" CC="60"/>
						<SP ID="P2_SP00190" HPOS="607" VPOS="5238" WIDTH="11"/>
						<String ID="P2_ST00228" HPOS="618" VPOS="5207" WIDTH="54" HEIGHT="33" CONTENT="the" WC="0.92" CC="974"/>
						<SP ID="P2_SP00191" HPOS="672" VPOS="5240" WIDTH="25"/>
						<String ID="P2_ST00229" HPOS="697" VPOS="5209" WIDTH="100" HEIGHT="43" CONTENT="Eight" WC="0.97" CC="40960"/>
						<SP ID="P2_SP00192" HPOS="797" VPOS="5252" WIDTH="25"/>
						<String ID="P2_ST00230" HPOS="822" VPOS="5211" WIDTH="77" HEIGHT="33" CONTENT="Mile" WC="0.95" CC="6069"/>
					</TextLine>
					<TextLine ID="P2_TL00039" HPOS="148" VPOS="5256" WIDTH="753" HEIGHT="46">
						<String ID="P2_ST00231" HPOS="148" VPOS="5256" WIDTH="92" HEIGHT="34" CONTENT="track" WC="1.00" CC="30000"/>
						<SP ID="P2_SP00193" HPOS="240" VPOS="5290" WIDTH="28"/>
						<String ID="P2_ST00232" HPOS="268" VPOS="5256" WIDTH="48" HEIGHT="35" CONTENT="for" WC="0.97" CC="070"/>
						<SP ID="P2_SP00194" HPOS="316" VPOS="5291" WIDTH="30"/>
						<String ID="P2_ST00233" HPOS="346" VPOS="5258" WIDTH="36" HEIGHT="33" CONTENT="11" WC="1.00" CC="00"/>
						<SP ID="P2_SP00195" HPOS="382" VPOS="5291" WIDTH="31"/>
						<String ID="P2_ST00234" HPOS="413" VPOS="5259" WIDTH="305" HEIGHT="40" CONTENT="chains,—another" WC="0.99" CC="070087085770687"/>
						<SP ID="P2_SP00196" HPOS="718" VPOS="5299" WIDTH="29"/>
						<String ID="P2_ST00235" HPOS="747" VPOS="5266" WIDTH="154" HEIGHT="36" CONTENT="welcome" WC="0.99" CC="0451001"/>
					</TextLine>
					<TextLine ID="P2_TL00040" HPOS="147" VPOS="5314" WIDTH="751" HEIGHT="54">
						<String ID="P2_ST00236" HPOS="147" VPOS="5314" WIDTH="88" HEIGHT="39" CONTENT="item," WC="0.96" CC="72593"/>
						<SP ID="P2_SP00197" HPOS="235" VPOS="5353" WIDTH="18"/>
						<String ID="P2_ST00237" HPOS="253" VPOS="5325" WIDTH="44" HEIGHT="30" CONTENT="as," WC="1.00" CC="000"/>
						<SP ID="P2_SP00198" HPOS="297" VPOS="5355" WIDTH="18"/>
						<String ID="P2_ST00238" HPOS="315" VPOS="5314" WIDTH="224" HEIGHT="48" CONTENT="immediately" WC="1.00" CC="00930200130"/>
						<SP ID="P2_SP00199" HPOS="539" VPOS="5362" WIDTH="16"/>
						<String ID="P2_ST00239" HPOS="555" VPOS="5331" WIDTH="40" HEIGHT="22" CONTENT="on" WC="0.35" CC="57"/>
						<SP ID="P2_SP00200" HPOS="595" VPOS="5362" WIDTH="25"/>
						<String ID="P2_ST00240" HPOS="620" VPOS="5322" WIDTH="50" HEIGHT="33" CONTENT="its'" WC="0.98" CC="0900"/>
						<SP ID="P2_SP00201" HPOS="670" VPOS="5362" WIDTH="19"/>
						<String ID="P2_ST00241" HPOS="689" VPOS="5325" WIDTH="209" HEIGHT="43" CONTENT="completion," WC="0.99" CC="01405191680"/>
					</TextLine>
					<TextLine ID="P2_TL00041" HPOS="149" VPOS="5371" WIDTH="753" HEIGHT="48">
						<String ID="P2_ST00242" HPOS="149" VPOS="5371" WIDTH="138" HEIGHT="34" CONTENT="another" WC="0.98" CC="7800750"/>
						<SP ID="P2_SP00202" HPOS="287" VPOS="5405" WIDTH="29"/>
						<String ID="P2_ST00243" HPOS="316" VPOS="5373" WIDTH="36" HEIGHT="33" CONTENT="of" WC="1.00" CC="00"/>
						<SP ID="P2_SP00203" HPOS="352" VPOS="5406" WIDTH="24"/>
						<String ID="P2_ST00244" HPOS="376" VPOS="5374" WIDTH="55" HEIGHT="35" CONTENT="the" WC="0.95" CC="075"/>
						<SP ID="P2_SP00204" HPOS="431" VPOS="5409" WIDTH="34"/>
						<String ID="P2_ST00245" HPOS="465" VPOS="5376" WIDTH="107" HEIGHT="35" CONTENT="leader" WC="0.98" CC="109060"/>
						<SP ID="P2_SP00205" HPOS="572" VPOS="5411" WIDTH="36"/>
						<String ID="P2_ST00246" HPOS="608" VPOS="5379" WIDTH="114" HEIGHT="35" CONTENT="claims" WC="0.98" CC="210097"/>
						<SP ID="P2_SP00206" HPOS="722" VPOS="5414" WIDTH="37"/>
						<String ID="P2_ST00247" HPOS="759" VPOS="5383" WIDTH="33" HEIGHT="33" CONTENT="in" WC="0.59" CC="08"/>
						<SP ID="P2_SP00207" HPOS="792" VPOS="5416" WIDTH="38"/>
						<String ID="P2_ST00248" HPOS="830" VPOS="5384" WIDTH="72" HEIGHT="35" CONTENT="that" WC="0.98" CC="0700"/>
					</TextLine>
					<TextLine ID="P2_TL00042" HPOS="148" VPOS="5428" WIDTH="752" HEIGHT="56">
						<String ID="P2_ST00249" HPOS="148" VPOS="5428" WIDTH="133" HEIGHT="45" CONTENT="locality" WC="0.99" CC="74002090"/>
						<SP ID="P2_SP00208" HPOS="281" VPOS="5473" WIDTH="16"/>
						<String ID="P2_ST00250" HPOS="297" VPOS="5431" WIDTH="65" HEIGHT="33" CONTENT="will" WC="0.98" CC="0107"/>
						<SP ID="P2_SP00209" HPOS="362" VPOS="5473" WIDTH="16"/>
						<String ID="P2_ST00251" HPOS="378" VPOS="5438" WIDTH="136" HEIGHT="29" CONTENT="connect" WC="0.98" CC="3760350"/>
						<SP ID="P2_SP00210" HPOS="514" VPOS="5473" WIDTH="15"/>
						<String ID="P2_ST00252" HPOS="529" VPOS="5436" WIDTH="77" HEIGHT="33" CONTENT="with" WC="0.98" CC="0007"/>
						<SP ID="P2_SP00211" HPOS="606" VPOS="5473" WIDTH="19"/>
						<String ID="P2_ST00253" HPOS="625" VPOS="5449" WIDTH="17" HEIGHT="21" CONTENT="a" WC="1.00" CC="0"/>
						<SP ID="P2_SP00212" HPOS="642" VPOS="5473" WIDTH="16"/>
						<String ID="P2_ST00254" HPOS="658" VPOS="5438" WIDTH="124" HEIGHT="46" CONTENT="battery" WC="0.99" CC="7007200"/>
						<SP ID="P2_SP00213" HPOS="782" VPOS="5484" WIDTH="15"/>
						<String ID="P2_ST00255" HPOS="797" VPOS="5442" WIDTH="103" HEIGHT="42" CONTENT="plant," WC="0.97" CC="650870"/>
					</TextLine>
					<TextLine ID="P2_TL00043" HPOS="149" VPOS="5487" WIDTH="493" HEIGHT="40">
						<String ID="P2_ST00256" HPOS="149" VPOS="5487" WIDTH="66" HEIGHT="33" CONTENT="and" WC="0.95" CC="930"/>
						<SP ID="P2_SP00214" HPOS="215" VPOS="5520" WIDTH="16"/>
						<String ID="P2_ST00257" HPOS="231" VPOS="5498" WIDTH="34" HEIGHT="22" CONTENT="so" WC="0.62" CC="07"/>
						<SP ID="P2_SP00215" HPOS="265" VPOS="5520" WIDTH="15"/>
						<String ID="P2_ST00258" HPOS="280" VPOS="5487" WIDTH="38" HEIGHT="34" CONTENT="be" WC="0.41" CC="65"/>
						<SP ID="P2_SP00216" HPOS="318" VPOS="5521" WIDTH="17"/>
						<String ID="P2_ST00259" HPOS="335" VPOS="5489" WIDTH="136" HEIGHT="35" CONTENT="enabled" WC="0.99" CC="4803120"/>
						<SP ID="P2_SP00217" HPOS="471" VPOS="5524" WIDTH="16"/>
						<String ID="P2_ST00260" HPOS="487" VPOS="5496" WIDTH="33" HEIGHT="29" CONTENT="to" WC="0.57" CC="25"/>
						<SP ID="P2_SP00218" HPOS="520" VPOS="5525" WIDTH="16"/>
						<String ID="P2_ST00261" HPOS="536" VPOS="5494" WIDTH="106" HEIGHT="33" CONTENT="crush." WC="0.98" CC="006672"/>
					</TextLine>
					<TextLine ID="P2_TL00044" HPOS="192" VPOS="5555" WIDTH="710" HEIGHT="54">
						<String ID="P2_ST00262" HPOS="192" VPOS="5555" WIDTH="68" HEIGHT="35" CONTENT="The" WC="0.97" CC="070"/>
						<SP ID="P2_SP00219" HPOS="260" VPOS="5590" WIDTH="17"/>
						<String ID="P2_ST00263" HPOS="277" VPOS="5556" WIDTH="164" HEIGHT="36" CONTENT="Directors" WC="0.99" CC="730074400"/>
						<SP ID="P2_SP00220" HPOS="441" VPOS="5592" WIDTH="16"/>
						<String ID="P2_ST00264" HPOS="457" VPOS="5560" WIDTH="34" HEIGHT="33" CONTENT="of" WC="1.00" CC="00"/>
						<SP ID="P2_SP00221" HPOS="491" VPOS="5593" WIDTH="12"/>
						<String ID="P2_ST00265" HPOS="503" VPOS="5560" WIDTH="54" HEIGHT="35" CONTENT="the" WC="0.97" CC="070"/>
						<SP ID="P2_SP00222" HPOS="557" VPOS="5595" WIDTH="19"/>
						<String ID="P2_ST00266" HPOS="576" VPOS="5562" WIDTH="146" HEIGHT="37" CONTENT="Manuka" WC="0.98" CC="008700"/>
						<SP ID="P2_SP00223" HPOS="722" VPOS="5599" WIDTH="21"/>
						<String ID="P2_ST00267" HPOS="743" VPOS="5567" WIDTH="75" HEIGHT="35" CONTENT="Flat" WC="0.97" CC="7080"/>
						<SP ID="P2_SP00224" HPOS="818" VPOS="5602" WIDTH="16"/>
						<String ID="P2_ST00268" HPOS="834" VPOS="5568" WIDTH="68" HEIGHT="41" CONTENT="Co.," WC="0.97" CC="4442"/>
					</TextLine>
					<TextLine ID="P2_TL00045" HPOS="150" VPOS="5611" WIDTH="752" HEIGHT="52">
						<String ID="P2_ST00269" HPOS="150" VPOS="5611" WIDTH="77" HEIGHT="34" CONTENT="held" WC="0.98" CC="7030"/>
						<SP ID="P2_SP00225" HPOS="227" VPOS="5645" WIDTH="17"/>
						<String ID="P2_ST00270" HPOS="244" VPOS="5613" WIDTH="83" HEIGHT="34" CONTENT="their" WC="0.99" CC="07000"/>
						<SP ID="P2_SP00226" HPOS="327" VPOS="5647" WIDTH="16"/>
						<String ID="P2_ST00271" HPOS="343" VPOS="5614" WIDTH="69" HEIGHT="35" CONTENT="first" WC="1.00" CC="11000"/>
						<SP ID="P2_SP00227" HPOS="412" VPOS="5649" WIDTH="22"/>
						<String ID="P2_ST00272" HPOS="434" VPOS="5619" WIDTH="142" HEIGHT="42" CONTENT="meeting" WC="0.99" CC="0000470"/>
						<SP ID="P2_SP00228" HPOS="576" VPOS="5661" WIDTH="16"/>
						<String ID="P2_ST00273" HPOS="592" VPOS="5631" WIDTH="41" HEIGHT="22" CONTENT="on" WC="0.63" CC="07"/>
						<SP ID="P2_SP00229" HPOS="633" VPOS="5661" WIDTH="24"/>
						<String ID="P2_ST00274" HPOS="657" VPOS="5622" WIDTH="54" HEIGHT="34" CONTENT="the" WC="0.97" CC="070"/>
						<SP ID="P2_SP00230" HPOS="711" VPOS="5661" WIDTH="24"/>
						<String ID="P2_ST00275" HPOS="735" VPOS="5624" WIDTH="55" HEIGHT="32" CONTENT="4th" WC="0.24" CC="966"/>
						<SP ID="P2_SP00231" HPOS="790" VPOS="5661" WIDTH="25"/>
						<String ID="P2_ST00276" HPOS="815" VPOS="5625" WIDTH="87" HEIGHT="38" CONTENT="inst.," WC="0.68" CC="070523"/>
					</TextLine>
					<TextLine ID="P2_TL00046" HPOS="149" VPOS="5669" WIDTH="758" HEIGHT="52">
						<String ID="P2_ST00277" HPOS="149" VPOS="5669" WIDTH="45" HEIGHT="33" CONTENT="all" WC="0.92" CC="775"/>
						<SP ID="P2_SP00232" HPOS="194" VPOS="5702" WIDTH="17"/>
						<String ID="P2_ST00278" HPOS="211" VPOS="5670" WIDTH="54" HEIGHT="34" CONTENT="the" WC="0.97" CC="070"/>
						<SP ID="P2_SP00233" HPOS="265" VPOS="5704" WIDTH="17"/>
						<String ID="P2_ST00279" HPOS="282" VPOS="5671" WIDTH="91" HEIGHT="44" CONTENT="Lyell" WC="0.53" CC="09652"/>
						<SP ID="P2_SP00234" HPOS="373" VPOS="5715" WIDTH="18"/>
						<String ID="P2_ST00280" HPOS="391" VPOS="5675" WIDTH="159" HEIGHT="33" CONTENT="members" WC="0.97" CC="9597509"/>
						<SP ID="P2_SP00235" HPOS="550" VPOS="5715" WIDTH="12"/>
						<String ID="P2_ST00281" HPOS="562" VPOS="5678" WIDTH="63" HEIGHT="32" CONTENT="and" WC="0.97" CC="080"/>
						<SP ID="P2_SP00236" HPOS="625" VPOS="5715" WIDTH="14"/>
						<String ID="P2_ST00282" HPOS="639" VPOS="5679" WIDTH="50" HEIGHT="32" CONTENT="Mr" WC="0.50" CC="90"/>
						<SP ID="P2_SP00237" HPOS="689" VPOS="5715" WIDTH="10"/>
						<String ID="P2_ST00283" HPOS="699" VPOS="5680" WIDTH="37" HEIGHT="33" CONTENT="A." WC="0.46" CC="82"/>
						<SP ID="P2_SP00238" HPOS="736" VPOS="5715" WIDTH="17"/>
						<String ID="P2_ST00284" HPOS="753" VPOS="5682" WIDTH="105" HEIGHT="39" CONTENT="Horn," WC="0.96" CC="78770"/>
						<SP ID="P2_SP00239" HPOS="858" VPOS="5721" WIDTH="14"/>
						<String ID="P2_ST00285" HPOS="872" VPOS="5685" WIDTH="35" HEIGHT="31" CONTENT="of" WC="0.54" CC="53"/>
					</TextLine>
					<TextLine ID="P2_TL00047" HPOS="148" VPOS="5726" WIDTH="753" HEIGHT="48">
						<String ID="P2_ST00286" HPOS="148" VPOS="5726" WIDTH="176" HEIGHT="44" CONTENT="Westport," WC="0.56" CC="920900790"/>
						<SP ID="P2_SP00240" HPOS="324" VPOS="5770" WIDTH="17"/>
						<String ID="P2_ST00287" HPOS="341" VPOS="5729" WIDTH="95" HEIGHT="43" CONTENT="being" WC="0.97" CC="60079"/>
						<SP ID="P2_SP00241" HPOS="436" VPOS="5772" WIDTH="15"/>
						<String ID="P2_ST00288" HPOS="451" VPOS="5739" WIDTH="138" HEIGHT="35" CONTENT="present." WC="0.99" CC="00050804"/>
						<SP ID="P2_SP00242" HPOS="589" VPOS="5774" WIDTH="48"/>
						<String ID="P2_ST00289" HPOS="637" VPOS="5736" WIDTH="51" HEIGHT="33" CONTENT="Mr" WC="1.00" CC="00"/>
						<SP ID="P2_SP00243" HPOS="688" VPOS="5774" WIDTH="15"/>
						<String ID="P2_ST00290" HPOS="703" VPOS="5738" WIDTH="89" HEIGHT="34" CONTENT="John" WC="0.94" CC="6577"/>
						<SP ID="P2_SP00244" HPOS="792" VPOS="5774" WIDTH="28"/>
						<String ID="P2_ST00291" HPOS="820" VPOS="5741" WIDTH="61" HEIGHT="33" CONTENT="Fen" SUBS_TYPE="HypPart1" SUBS_CONTENT="Fennell," WC="0.40" CC="965"/>
						<HYP HPOS="881" VPOS="5741" WIDTH="20" CONTENT="-"/>
					</TextLine>
					<TextLine ID="P2_TL00048" HPOS="149" VPOS="5783" WIDTH="753" HEIGHT="47">
						<String ID="P2_ST00292" HPOS="149" VPOS="5783" WIDTH="78" HEIGHT="38" CONTENT="nell," SUBS_TYPE="HypPart2" SUBS_CONTENT="Fennell," WC="0.67" CC="90500"/>
						<SP ID="P2_SP00245" HPOS="227" VPOS="5821" WIDTH="17"/>
						<String ID="P2_ST00293" HPOS="244" VPOS="5795" WIDTH="65" HEIGHT="22" CONTENT="was" WC="0.94" CC="960"/>
						<SP ID="P2_SP00246" HPOS="309" VPOS="5821" WIDTH="19"/>
						<String ID="P2_ST00294" HPOS="328" VPOS="5785" WIDTH="121" HEIGHT="34" CONTENT="elected" WC="0.99" CC="0635020"/>
						<SP ID="P2_SP00247" HPOS="449" VPOS="5821" WIDTH="25"/>
						<String ID="P2_ST00295" HPOS="474" VPOS="5788" WIDTH="177" HEIGHT="36" CONTENT="Chairman" WC="0.98" CC="47000098"/>
						<SP ID="P2_SP00248" HPOS="651" VPOS="5824" WIDTH="17"/>
						<String ID="P2_ST00296" HPOS="668" VPOS="5793" WIDTH="36" HEIGHT="33" CONTENT="of" WC="0.55" CC="09"/>
						<SP ID="P2_SP00249" HPOS="704" VPOS="5826" WIDTH="19"/>
						<String ID="P2_ST00297" HPOS="723" VPOS="5795" WIDTH="179" HEIGHT="35" CONTENT="Directors." WC="0.99" CC="9309258004"/>
					</TextLine>
					<TextLine ID="P2_TL00049" HPOS="151" VPOS="5840" WIDTH="754" HEIGHT="57">
						<String ID="P2_ST00298" HPOS="151" VPOS="5840" WIDTH="54" HEIGHT="32" CONTENT="Mr" WC="1.00" CC="99"/>
						<SP ID="P2_SP00250" HPOS="205" VPOS="5872" WIDTH="25"/>
						<String ID="P2_ST00299" HPOS="230" VPOS="5841" WIDTH="113" HEIGHT="43" CONTENT="Ingli.s," WC="0.49" CC="55900791"/>
						<SP ID="P2_SP00251" HPOS="343" VPOS="5884" WIDTH="26"/>
						<String ID="P2_ST00300" HPOS="369" VPOS="5844" WIDTH="54" HEIGHT="33" CONTENT="the" WC="0.94" CC="970"/>
						<SP ID="P2_SP00252" HPOS="423" VPOS="5884" WIDTH="30"/>
						<String ID="P2_ST00301" HPOS="453" VPOS="5846" WIDTH="84" HEIGHT="44" CONTENT="legal" WC="0.96" CC="50767"/>
						<SP ID="P2_SP00253" HPOS="537" VPOS="5890" WIDTH="27"/>
						<String ID="P2_ST00302" HPOS="564" VPOS="5859" WIDTH="166" HEIGHT="35" CONTENT="manager," WC="0.98" CC="09869090"/>
						<SP ID="P2_SP00254" HPOS="730" VPOS="5894" WIDTH="25"/>
						<String ID="P2_ST00303" HPOS="755" VPOS="5855" WIDTH="150" HEIGHT="42" CONTENT="reported" WC="0.99" CC="90030070"/>
					</TextLine>
					<TextLine ID="P2_TL00050" HPOS="150" VPOS="5897" WIDTH="755" HEIGHT="49">
						<String ID="P2_ST00304" HPOS="150" VPOS="5897" WIDTH="206" HEIGHT="44" CONTENT="registration" WC="0.99" CC="770060000304"/>
						<SP ID="P2_SP00255" HPOS="356" VPOS="5941" WIDTH="17"/>
						<String ID="P2_ST00305" HPOS="373" VPOS="5903" WIDTH="170" HEIGHT="43" CONTENT="complete," WC="0.99" CC="630010004"/>
						<SP ID="P2_SP00256" HPOS="543" VPOS="5946" WIDTH="18"/>
						<String ID="P2_ST00306" HPOS="561" VPOS="5906" WIDTH="66" HEIGHT="33" CONTENT="and" WC="0.90" CC="979"/>
						<SP ID="P2_SP00257" HPOS="627" VPOS="5946" WIDTH="21"/>
						<String ID="P2_ST00307" HPOS="648" VPOS="5908" WIDTH="26" HEIGHT="34" CONTENT="it" WC="0.94" CC="10"/>
						<SP ID="P2_SP00258" HPOS="674" VPOS="5946" WIDTH="15"/>
						<String ID="P2_ST00308" HPOS="689" VPOS="5920" WIDTH="67" HEIGHT="23" CONTENT="was" WC="1.00" CC="000"/>
						<SP ID="P2_SP00259" HPOS="756" VPOS="5946" WIDTH="16"/>
						<String ID="P2_ST00309" HPOS="772" VPOS="5910" WIDTH="133" HEIGHT="36" CONTENT="decided" WC="1.00" CC="0240000"/>
					</TextLine>
					<TextLine ID="P2_TL00051" HPOS="167" VPOS="5962" WIDTH="737" HEIGHT="49">
						<String ID="P2_ST00310" HPOS="167" VPOS="5967" WIDTH="18" HEIGHT="20" CONTENT="o" WC="1.00" CC="9"/>
						<SP ID="P2_SP00260" HPOS="185" VPOS="5987" WIDTH="24"/>
						<String ID="P2_ST00311" HPOS="209" VPOS="5966" WIDTH="188" HEIGHT="24" CONTENT="commence" WC="0.99" CC="02051830"/>
						<SP ID="P2_SP00261" HPOS="397" VPOS="5990" WIDTH="23"/>
						<String ID="P2_ST00312" HPOS="420" VPOS="5962" WIDTH="183" HEIGHT="40" CONTENT="operations" WC="0.99" CC="8004005670"/>
						<SP ID="P2_SP00262" HPOS="603" VPOS="6002" WIDTH="22"/>
						<String ID="P2_ST00313" HPOS="625" VPOS="5975" WIDTH="41" HEIGHT="22" CONTENT="©n" WC="0.21" CC="78"/>
						<SP ID="P2_SP00263" HPOS="666" VPOS="6002" WIDTH="25"/>
						<String ID="P2_ST00314" HPOS="691" VPOS="5966" WIDTH="54" HEIGHT="34" CONTENT="the" WC="0.94" CC="970"/>
						<SP ID="P2_SP00264" HPOS="745" VPOS="6002" WIDTH="23"/>
						<String ID="P2_ST00315" HPOS="768" VPOS="5970" WIDTH="136" HEIGHT="41" CONTENT="ground," WC="0.98" CC="9066800"/>
					</TextLine>
					<TextLine ID="P2_TL00052" HPOS="150" VPOS="6011" WIDTH="757" HEIGHT="51">
						<String ID="P2_ST00316" HPOS="150" VPOS="6011" WIDTH="181" HEIGHT="36" CONTENT="forthwith." WC="0.98" CC="7905780973"/>
						<SP ID="P2_SP00265" HPOS="331" VPOS="6047" WIDTH="45"/>
						<String ID="P2_ST00317" HPOS="376" VPOS="6014" WIDTH="68" HEIGHT="36" CONTENT="The" WC="0.92" CC="973"/>
						<SP ID="P2_SP00266" HPOS="444" VPOS="6050" WIDTH="17"/>
						<String ID="P2_ST00318" HPOS="461" VPOS="6017" WIDTH="58" HEIGHT="35" CONTENT="site" WC="0.98" CC="4400"/>
						<SP ID="P2_SP00267" HPOS="519" VPOS="6052" WIDTH="17"/>
						<String ID="P2_ST00319" HPOS="536" VPOS="6019" WIDTH="120" HEIGHT="37" CONTENT="chosen" WC="0.99" CC="770000"/>
						<SP ID="P2_SP00268" HPOS="656" VPOS="6056" WIDTH="17"/>
						<String ID="P2_ST00320" HPOS="673" VPOS="6023" WIDTH="48" HEIGHT="34" CONTENT="for" WC="0.98" CC="050"/>
						<SP ID="P2_SP00269" HPOS="721" VPOS="6057" WIDTH="16"/>
						<String ID="P2_ST00321" HPOS="737" VPOS="6036" WIDTH="18" HEIGHT="22" CONTENT="a" WC="1.00" CC="0"/>
						<SP ID="P2_SP00270" HPOS="755" VPOS="6058" WIDTH="17"/>
						<String ID="P2_ST00322" HPOS="772" VPOS="6031" WIDTH="91" HEIGHT="31" CONTENT="start," WC="0.98" CC="730094"/>
						<SP ID="P2_SP00271" HPOS="863" VPOS="6062" WIDTH="17"/>
						<String ID="P2_ST00323" HPOS="880" VPOS="6028" WIDTH="27" HEIGHT="34" CONTENT="is" WC="0.90" CC="20"/>
					</TextLine>
				</TextBlock>
				<TextBlock ID="P2_TB00003" HPOS="913" VPOS="225" WIDTH="782" HEIGHT="3349" STYLEREFS="TXT_0 PAR_BLOCK">
					<TextLine ID="P2_TL00053" HPOS="915" VPOS="226" WIDTH="756" HEIGHT="45">
						<String ID="P2_ST00324" HPOS="915" VPOS="239" WIDTH="46" HEIGHT="22" CONTENT="we" WC="0.71" CC="41"/>
						<SP ID="P2_SP00272" HPOS="961" VPOS="261" WIDTH="30"/>
						<String ID="P2_ST00325" HPOS="991" VPOS="226" WIDTH="133" HEIGHT="42" CONTENT="believe," WC="0.98" CC="93317362"/>
						<SP ID="P2_SP00273" HPOS="1124" VPOS="268" WIDTH="31"/>
						<String ID="P2_ST00326" HPOS="1155" VPOS="229" WIDTH="33" HEIGHT="33" CONTENT="in" WC="0.40" CC="48"/>
						<SP ID="P2_SP00274" HPOS="1188" VPOS="268" WIDTH="38"/>
						<String ID="P2_ST00327" HPOS="1226" VPOS="242" WIDTH="41" HEIGHT="21" CONTENT="an" WC="0.26" CC="68"/>
						<SP ID="P2_SP00275" HPOS="1267" VPOS="268" WIDTH="42"/>
						<String ID="P2_ST00328" HPOS="1309" VPOS="231" WIDTH="52" HEIGHT="33" CONTENT="old" WC="0.95" CC="057"/>
						<SP ID="P2_SP00276" HPOS="1361" VPOS="268" WIDTH="35"/>
						<String ID="P2_ST00329" HPOS="1396" VPOS="234" WIDTH="114" HEIGHT="33" CONTENT="tunnel" WC="0.97" CC="158871"/>
						<SP ID="P2_SP00277" HPOS="1510" VPOS="268" WIDTH="38"/>
						<String ID="P2_ST00330" HPOS="1548" VPOS="236" WIDTH="32" HEIGHT="32" CONTENT="in" WC="0.44" CC="37"/>
						<SP ID="P2_SP00278" HPOS="1580" VPOS="268" WIDTH="38"/>
						<String ID="P2_ST00331" HPOS="1618" VPOS="236" WIDTH="53" HEIGHT="35" CONTENT="the" WC="0.94" CC="770"/>
					</TextLine>
					<TextLine ID="P2_TL00054" HPOS="916" VPOS="284" WIDTH="756" HEIGHT="45">
						<String ID="P2_ST00332" HPOS="916" VPOS="284" WIDTH="133" HEIGHT="43" CONTENT="vicinity" WC="0.98" CC="03518079"/>
						<SP ID="P2_SP00279" HPOS="1049" VPOS="327" WIDTH="24"/>
						<String ID="P2_ST00333" HPOS="1073" VPOS="285" WIDTH="35" HEIGHT="32" CONTENT="of" WC="0.64" CC="70"/>
						<SP ID="P2_SP00280" HPOS="1108" VPOS="327" WIDTH="14"/>
						<String ID="P2_ST00334" HPOS="1122" VPOS="285" WIDTH="140" HEIGHT="44" CONTENT="Scotty's" WC="0.43" CC="77590067"/>
						<SP ID="P2_SP00281" HPOS="1262" VPOS="329" WIDTH="24"/>
						<String ID="P2_ST00335" HPOS="1286" VPOS="289" WIDTH="112" HEIGHT="38" CONTENT="Creek," WC="0.97" CC="579740"/>
						<SP ID="P2_SP00282" HPOS="1398" VPOS="329" WIDTH="25"/>
						<String ID="P2_ST00336" HPOS="1423" VPOS="290" WIDTH="63" HEIGHT="33" CONTENT="and" WC="0.90" CC="998"/>
						<SP ID="P2_SP00283" HPOS="1486" VPOS="329" WIDTH="26"/>
						<String ID="P2_ST00337" HPOS="1512" VPOS="292" WIDTH="105" HEIGHT="35" CONTENT="which" WC="0.96" CC="77507"/>
						<SP ID="P2_SP00284" HPOS="1617" VPOS="329" WIDTH="29"/>
						<String ID="P2_ST00338" HPOS="1646" VPOS="294" WIDTH="26" HEIGHT="33" CONTENT="is" WC="0.51" CC="09"/>
					</TextLine>
					<TextLine ID="P2_TL00055" HPOS="916" VPOS="342" WIDTH="754" HEIGHT="50">
						<String ID="P2_ST00339" HPOS="916" VPOS="342" WIDTH="130" HEIGHT="41" CONTENT="already" WC="0.97" CC="9270890"/>
						<SP ID="P2_SP00285" HPOS="1046" VPOS="383" WIDTH="24"/>
						<String ID="P2_ST00340" HPOS="1070" VPOS="343" WIDTH="113" HEIGHT="31" CONTENT="driven" WC="0.98" CC="903090"/>
						<SP ID="P2_SP00286" HPOS="1183" VPOS="383" WIDTH="24"/>
						<String ID="P2_ST00341" HPOS="1207" VPOS="345" WIDTH="140" HEIGHT="31" CONTENT="towards" WC="0.99" CC="0190004"/>
						<SP ID="P2_SP00287" HPOS="1347" VPOS="383" WIDTH="26"/>
						<String ID="P2_ST00342" HPOS="1373" VPOS="346" WIDTH="53" HEIGHT="32" CONTENT="the" WC="0.96" CC="900"/>
						<SP ID="P2_SP00288" HPOS="1426" VPOS="383" WIDTH="25"/>
						<String ID="P2_ST00343" HPOS="1451" VPOS="347" WIDTH="67" HEIGHT="39" CONTENT="flat," WC="0.97" CC="70980"/>
						<SP ID="P2_SP00289" HPOS="1518" VPOS="386" WIDTH="26"/>
						<String ID="P2_ST00344" HPOS="1544" VPOS="350" WIDTH="48" HEIGHT="31" CONTENT="for" WC="0.95" CC="860"/>
						<SP ID="P2_SP00290" HPOS="1592" VPOS="386" WIDTH="23"/>
						<String ID="P2_ST00345" HPOS="1615" VPOS="362" WIDTH="37" HEIGHT="30" CONTENT="up" SUBS_TYPE="HypPart1" SUBS_CONTENT="upwards" WC="0.93" CC="89"/>
						<HYP HPOS="1652" VPOS="362" WIDTH="18" CONTENT="-"/>
					</TextLine>
					<TextLine ID="P2_TL00056" HPOS="915" VPOS="397" WIDTH="756" HEIGHT="53">
						<String ID="P2_ST00346" HPOS="915" VPOS="397" WIDTH="105" HEIGHT="34" CONTENT="wards" SUBS_TYPE="HypPart2" SUBS_CONTENT="upwards" WC="0.97" CC="04907"/>
						<SP ID="P2_SP00291" HPOS="1020" VPOS="431" WIDTH="31"/>
						<String ID="P2_ST00347" HPOS="1051" VPOS="398" WIDTH="36" HEIGHT="34" CONTENT="of" WC="0.46" CC="64"/>
						<SP ID="P2_SP00292" HPOS="1087" VPOS="432" WIDTH="26"/>
						<String ID="P2_ST00348" HPOS="1113" VPOS="400" WIDTH="60" HEIGHT="33" CONTENT="200" WC="0.31" CC="936"/>
						<SP ID="P2_SP00293" HPOS="1173" VPOS="433" WIDTH="28"/>
						<String ID="P2_ST00349" HPOS="1201" VPOS="399" WIDTH="74" HEIGHT="39" CONTENT="feet," WC="0.96" CC="77870"/>
						<SP ID="P2_SP00294" HPOS="1275" VPOS="438" WIDTH="32"/>
						<String ID="P2_ST00350" HPOS="1307" VPOS="401" WIDTH="31" HEIGHT="34" CONTENT="in" WC="0.63" CC="16"/>
						<SP ID="P2_SP00295" HPOS="1338" VPOS="438" WIDTH="32"/>
						<String ID="P2_ST00351" HPOS="1370" VPOS="415" WIDTH="19" HEIGHT="20" CONTENT="a" WC="0.31" CC="6"/>
						<SP ID="P2_SP00296" HPOS="1389" VPOS="438" WIDTH="30"/>
						<String ID="P2_ST00352" HPOS="1419" VPOS="404" WIDTH="252" HEIGHT="46" CONTENT="south-easterly" WC="0.99" CC="90850478002909"/>
					</TextLine>
					<TextLine ID="P2_TL00057" HPOS="917" VPOS="454" WIDTH="755" HEIGHT="51">
						<String ID="P2_ST00353" HPOS="917" VPOS="454" WIDTH="167" HEIGHT="35" CONTENT="direction." WC="0.99" CC="9691074000"/>
						<SP ID="P2_SP00297" HPOS="1084" VPOS="489" WIDTH="45"/>
						<String ID="P2_ST00354" HPOS="1129" VPOS="456" WIDTH="78" HEIGHT="33" CONTENT="Two" WC="0.97" CC="701"/>
						<SP ID="P2_SP00298" HPOS="1207" VPOS="489" WIDTH="30"/>
						<String ID="P2_ST00355" HPOS="1237" VPOS="468" WIDTH="75" HEIGHT="22" CONTENT="men" WC="0.95" CC="560"/>
						<SP ID="P2_SP00299" HPOS="1312" VPOS="490" WIDTH="30"/>
						<String ID="P2_ST00356" HPOS="1342" VPOS="470" WIDTH="52" HEIGHT="21" CONTENT="are" WC="1.00" CC="999"/>
						<SP ID="P2_SP00300" HPOS="1394" VPOS="491" WIDTH="29"/>
						<String ID="P2_ST00357" HPOS="1423" VPOS="462" WIDTH="169" HEIGHT="43" CONTENT="employed" WC="0.97" CC="78909980"/>
						<SP ID="P2_SP00301" HPOS="1592" VPOS="505" WIDTH="33"/>
						<String ID="P2_ST00358" HPOS="1625" VPOS="464" WIDTH="47" HEIGHT="34" CONTENT="for" WC="0.96" CC="090"/>
					</TextLine>
					<TextLine ID="P2_TL00058" HPOS="918" VPOS="511" WIDTH="755" HEIGHT="50">
						<String ID="P2_ST00359" HPOS="918" VPOS="511" WIDTH="53" HEIGHT="32" CONTENT="the" WC="0.96" CC="090"/>
						<SP ID="P2_SP00302" HPOS="971" VPOS="543" WIDTH="28"/>
						<String ID="P2_ST00360" HPOS="999" VPOS="511" WIDTH="71" HEIGHT="33" CONTENT="first" WC="0.95" CC="11999"/>
						<SP ID="P2_SP00303" HPOS="1070" VPOS="544" WIDTH="28"/>
						<String ID="P2_ST00361" HPOS="1098" VPOS="513" WIDTH="129" HEIGHT="38" CONTENT="month," WC="0.96" CC="658790"/>
						<SP ID="P2_SP00304" HPOS="1227" VPOS="551" WIDTH="11"/>
						<String ID="P2_ST00362" HPOS="1238" VPOS="514" WIDTH="104" HEIGHT="32" CONTENT="—Mr" WC="0.91" CC="886"/>
						<SP ID="P2_SP00305" HPOS="1342" VPOS="551" WIDTH="29"/>
						<String ID="P2_ST00363" HPOS="1371" VPOS="515" WIDTH="30" HEIGHT="31" CONTENT="J." WC="0.51" CC="63"/>
						<SP ID="P2_SP00306" HPOS="1401" VPOS="551" WIDTH="33"/>
						<String ID="P2_ST00364" HPOS="1434" VPOS="517" WIDTH="88" HEIGHT="43" CONTENT="Bray" WC="0.93" CC="7799"/>
						<SP ID="P2_SP00307" HPOS="1522" VPOS="560" WIDTH="30"/>
						<String ID="P2_ST00365" HPOS="1552" VPOS="520" WIDTH="121" HEIGHT="41" CONTENT="having" WC="0.96" CC="796088"/>
					</TextLine>
					<TextLine ID="P2_TL00059" HPOS="918" VPOS="569" WIDTH="348" HEIGHT="41">
						<String ID="P2_ST00366" HPOS="918" VPOS="569" WIDTH="116" HEIGHT="41" CONTENT="charge" WC="0.96" CC="279975"/>
						<SP ID="P2_SP00308" HPOS="1034" VPOS="610" WIDTH="17"/>
						<String ID="P2_ST00367" HPOS="1051" VPOS="570" WIDTH="35" HEIGHT="32" CONTENT="of" WC="0.67" CC="06"/>
						<SP ID="P2_SP00309" HPOS="1086" VPOS="610" WIDTH="12"/>
						<String ID="P2_ST00368" HPOS="1098" VPOS="570" WIDTH="52" HEIGHT="32" CONTENT="the" WC="0.93" CC="675"/>
						<SP ID="P2_SP00310" HPOS="1150" VPOS="610" WIDTH="18"/>
						<String ID="P2_ST00369" HPOS="1168" VPOS="570" WIDTH="98" HEIGHT="33" CONTENT="work." WC="0.99" CC="05030"/>
					</TextLine>
					<TextLine ID="P2_TL00060" HPOS="960" VPOS="637" WIDTH="709" HEIGHT="47">
						<String ID="P2_ST00370" HPOS="960" VPOS="637" WIDTH="58" HEIGHT="34" CONTENT="We" WC="0.41" CC="91"/>
						<SP ID="P2_SP00311" HPOS="1018" VPOS="671" WIDTH="18"/>
						<String ID="P2_ST00371" HPOS="1036" VPOS="637" WIDTH="72" HEIGHT="34" CONTENT="take" WC="0.95" CC="0796"/>
						<SP ID="P2_SP00312" HPOS="1108" VPOS="671" WIDTH="18"/>
						<String ID="P2_ST00372" HPOS="1126" VPOS="637" WIDTH="53" HEIGHT="34" CONTENT="the" WC="0.94" CC="095"/>
						<SP ID="P2_SP00313" HPOS="1179" VPOS="671" WIDTH="18"/>
						<String ID="P2_ST00373" HPOS="1197" VPOS="638" WIDTH="164" HEIGHT="44" CONTENT="following" WC="0.98" CC="648409078"/>
						<SP ID="P2_SP00314" HPOS="1361" VPOS="682" WIDTH="23"/>
						<String ID="P2_ST00374" HPOS="1384" VPOS="638" WIDTH="190" HEIGHT="46" CONTENT="interesting" WC="0.98" CC="50576782788"/>
						<SP ID="P2_SP00315" HPOS="1574" VPOS="684" WIDTH="18"/>
						<String ID="P2_ST00375" HPOS="1592" VPOS="645" WIDTH="77" HEIGHT="34" CONTENT="item" WC="0.95" CC="4780"/>
					</TextLine>
					<TextLine ID="P2_TL00061" HPOS="919" VPOS="690" WIDTH="774" HEIGHT="51">
						<String ID="P2_ST00376" HPOS="919" VPOS="695" WIDTH="80" HEIGHT="32" CONTENT="from" WC="0.95" CC="0949"/>
						<SP ID="P2_SP00316" HPOS="999" VPOS="727" WIDTH="26"/>
						<String ID="P2_ST00377" HPOS="1025" VPOS="706" WIDTH="17" HEIGHT="21" CONTENT="a" WC="1.00" CC="9"/>
						<SP ID="P2_SP00317" HPOS="1042" VPOS="727" WIDTH="24"/>
						<String ID="P2_ST00378" HPOS="1066" VPOS="696" WIDTH="52" HEIGHT="31" CONTENT="list" WC="0.95" CC="5269"/>
						<SP ID="P2_SP00318" HPOS="1118" VPOS="727" WIDTH="23"/>
						<String ID="P2_ST00379" HPOS="1141" VPOS="697" WIDTH="34" HEIGHT="32" CONTENT="of" WC="1.00" CC="00"/>
						<SP ID="P2_SP00319" HPOS="1175" VPOS="729" WIDTH="20"/>
						<String ID="P2_ST00380" HPOS="1195" VPOS="698" WIDTH="221" HEIGHT="42" CONTENT="approaching" WC="0.98" CC="89989830678"/>
						<SP ID="P2_SP00320" HPOS="1416" VPOS="740" WIDTH="24"/>
						<String ID="P2_ST00381" HPOS="1440" VPOS="701" WIDTH="176" HEIGHT="40" CONTENT="marriages" WC="0.97" CC="999749799"/>
						<SP ID="P2_SP00321" HPOS="1616" VPOS="741" WIDTH="26"/>
						<String ID="P2_ST00382" HPOS="1642" VPOS="705" WIDTH="29" HEIGHT="29" CONTENT="in" WC="0.65" CC="06"/>
						<SP ID="P2_SP00322" HPOS="1671" VPOS="741" WIDTH="19"/>
						<String ID="P2_ST00383" HPOS="1690" VPOS="690" WIDTH="3" HEIGHT="51" CONTENT="I" WC="0.22" CC="7"/>
					</TextLine>
					<TextLine ID="P2_TL00062" HPOS="921" VPOS="749" WIDTH="772" HEIGHT="46">
						<String ID="P2_ST00384" HPOS="921" VPOS="751" WIDTH="76" HEIGHT="44" CONTENT="high" WC="0.98" CC="0070"/>
						<SP ID="P2_SP00323" HPOS="997" VPOS="795" WIDTH="33"/>
						<String ID="P2_ST00385" HPOS="1030" VPOS="751" WIDTH="52" HEIGHT="35" CONTENT="life" WC="0.99" CC="0005"/>
						<SP ID="P2_SP00324" HPOS="1082" VPOS="795" WIDTH="31"/>
						<String ID="P2_ST00386" HPOS="1113" VPOS="754" WIDTH="170" HEIGHT="34" CONTENT="contiiued" WC="0.60" CC="070004679"/>
						<SP ID="P2_SP00325" HPOS="1283" VPOS="795" WIDTH="31"/>
						<String ID="P2_ST00387" HPOS="1314" VPOS="755" WIDTH="31" HEIGHT="33" CONTENT="in" WC="0.50" CC="09"/>
						<SP ID="P2_SP00326" HPOS="1345" VPOS="795" WIDTH="29"/>
						<String ID="P2_ST00388" HPOS="1374" VPOS="768" WIDTH="17" HEIGHT="19" CONTENT="a" WC="1.00" CC="9"/>
						<SP ID="P2_SP00327" HPOS="1391" VPOS="795" WIDTH="32"/>
						<String ID="P2_ST00389" HPOS="1423" VPOS="763" WIDTH="105" HEIGHT="27" CONTENT="recent" WC="0.97" CC="098909"/>
						<SP ID="P2_SP00328" HPOS="1528" VPOS="795" WIDTH="36"/>
						<String ID="P2_ST00390" HPOS="1564" VPOS="758" WIDTH="107" HEIGHT="35" CONTENT="Homo" WC="0.93" CC="8978"/>
						<SP ID="P2_SP00329" HPOS="1671" VPOS="795" WIDTH="19"/>
						<String ID="P2_ST00391" HPOS="1690" VPOS="749" WIDTH="3" HEIGHT="46" CONTENT="!" WC="1.00" CC="0"/>
					</TextLine>
					<TextLine ID="P2_TL00063" HPOS="920" VPOS="809" WIDTH="773" HEIGHT="46">
						<String ID="P2_ST00392" HPOS="920" VPOS="809" WIDTH="144" HEIGHT="34" CONTENT="Journal." WC="0.98" CC="84878700"/>
						<SP ID="P2_SP00330" HPOS="1064" VPOS="843" WIDTH="47"/>
						<String ID="P2_ST00393" HPOS="1111" VPOS="811" WIDTH="84" HEIGHT="33" CONTENT='"Mr' WC="0.95" CC="390"/>
						<SP ID="P2_SP00331" HPOS="1195" VPOS="844" WIDTH="28"/>
						<String ID="P2_ST00394" HPOS="1223" VPOS="814" WIDTH="35" HEIGHT="31" CONTENT="A." WC="0.50" CC="90"/>
						<SP ID="P2_SP00332" HPOS="1258" VPOS="845" WIDTH="18"/>
						<String ID="P2_ST00395" HPOS="1276" VPOS="812" WIDTH="36" HEIGHT="32" CONTENT="A." WC="1.00" CC="00"/>
						<SP ID="P2_SP00333" HPOS="1312" VPOS="845" WIDTH="20"/>
						<String ID="P2_ST00396" HPOS="1332" VPOS="814" WIDTH="134" HEIGHT="31" CONTENT="Stewart" WC="0.97" CC="8579007"/>
						<SP ID="P2_SP00334" HPOS="1466" VPOS="845" WIDTH="29"/>
						<String ID="P2_ST00397" HPOS="1495" VPOS="814" WIDTH="179" HEIGHT="41" CONTENT="Meuteath," WC="0.35" CC="908919980"/>
						<SP ID="P2_SP00335" HPOS="1674" VPOS="855" WIDTH="17"/>
						<String ID="P2_ST00398" HPOS="1691" VPOS="809" WIDTH="2" HEIGHT="46" CONTENT="1" WC="0.14" CC="8"/>
					</TextLine>
					<TextLine ID="P2_TL00064" HPOS="923" VPOS="866" WIDTH="771" HEIGHT="44">
						<String ID="P2_ST00399" HPOS="923" VPOS="866" WIDTH="135" HEIGHT="34" CONTENT="M.H.Ii." WC="0.55" CC="8040574"/>
						<SP ID="P2_SP00336" HPOS="1058" VPOS="900" WIDTH="19"/>
						<String ID="P2_ST00400" HPOS="1077" VPOS="867" WIDTH="46" HEIGHT="33" CONTENT="for" WC="0.97" CC="070"/>
						<SP ID="P2_SP00337" HPOS="1123" VPOS="900" WIDTH="19"/>
						<String ID="P2_ST00401" HPOS="1142" VPOS="867" WIDTH="200" HEIGHT="43" CONTENT="liiaugahui," WC="0.35" CC="87798907803"/>
						<SP ID="P2_SP00338" HPOS="1342" VPOS="910" WIDTH="25"/>
						<String ID="P2_ST00402" HPOS="1367" VPOS="870" WIDTH="76" HEIGHT="31" CONTENT="New" WC="0.92" CC="778"/>
						<SP ID="P2_SP00339" HPOS="1443" VPOS="910" WIDTH="26"/>
						<String ID="P2_ST00403" HPOS="1469" VPOS="870" WIDTH="116" HEIGHT="35" CONTENT="Zealan" WC="0.21" CC="799198"/>
						<SP ID="P2_SP00340" HPOS="1585" VPOS="910" WIDTH="18"/>
						<String ID="P2_ST00404" HPOS="1603" VPOS="872" WIDTH="18" HEIGHT="37" CONTENT="1," WC="0.73" CC="31"/>
						<SP ID="P2_SP00341" HPOS="1621" VPOS="910" WIDTH="19"/>
						<String ID="P2_ST00405" HPOS="1640" VPOS="879" WIDTH="31" HEIGHT="27" CONTENT="to" WC="0.50" CC="09"/>
						<SP ID="P2_SP00342" HPOS="1671" VPOS="910" WIDTH="21"/>
						<String ID="P2_ST00406" HPOS="1692" VPOS="866" WIDTH="2" HEIGHT="44" CONTENT="\" WC="0.30" CC="6" STYLEREFS="TXT_2"/>
					</TextLine>
					<TextLine ID="P2_TL00065" HPOS="923" VPOS="921" WIDTH="772" HEIGHT="48">
						<String ID="P2_ST00407" HPOS="923" VPOS="925" WIDTH="78" HEIGHT="32" CONTENT="Miss" WC="0.93" CC="9497"/>
						<SP ID="P2_SP00343" HPOS="1001" VPOS="957" WIDTH="20"/>
						<String ID="P2_ST00408" HPOS="1021" VPOS="925" WIDTH="86" HEIGHT="32" CONTENT="Vans" WC="0.94" CC="8957"/>
						<SP ID="P2_SP00344" HPOS="1107" VPOS="957" WIDTH="17"/>
						<String ID="P2_ST00409" HPOS="1124" VPOS="926" WIDTH="131" HEIGHT="42" CONTENT="Agnew," WC="0.41" CC="098762"/>
						<SP ID="P2_SP00345" HPOS="1255" VPOS="968" WIDTH="20"/>
						<String ID="P2_ST00410" HPOS="1275" VPOS="933" WIDTH="162" HEIGHT="36" CONTENT="youngest" WC="0.97" CC="09879899"/>
						<SP ID="P2_SP00346" HPOS="1437" VPOS="969" WIDTH="23"/>
						<String ID="P2_ST00411" HPOS="1460" VPOS="927" WIDTH="160" HEIGHT="38" CONTENT="daughter" WC="0.99" CC="00807008"/>
						<SP ID="P2_SP00347" HPOS="1620" VPOS="969" WIDTH="24"/>
						<String ID="P2_ST00412" HPOS="1644" VPOS="932" WIDTH="35" HEIGHT="30" CONTENT="of" WC="0.20" CC="78"/>
						<SP ID="P2_SP00348" HPOS="1679" VPOS="969" WIDTH="12"/>
						<String ID="P2_ST00413" HPOS="1691" VPOS="921" WIDTH="4" HEIGHT="48" CONTENT="I" WC="0.32" CC="6"/>
					</TextLine>
					<TextLine ID="P2_TL00066" HPOS="925" VPOS="981" WIDTH="770" HEIGHT="52">
						<String ID="P2_ST00414" HPOS="925" VPOS="983" WIDTH="34" HEIGHT="33" CONTENT="R." WC="0.45" CC="73"/>
						<SP ID="P2_SP00349" HPOS="959" VPOS="1016" WIDTH="19"/>
						<String ID="P2_ST00415" HPOS="978" VPOS="983" WIDTH="89" HEIGHT="33" CONTENT="Vans" WC="0.94" CC="7786"/>
						<SP ID="P2_SP00350" HPOS="1067" VPOS="1016" WIDTH="17"/>
						<String ID="P2_ST00416" HPOS="1084" VPOS="983" WIDTH="132" HEIGHT="43" CONTENT="Aguew," WC="0.23" CC="998890"/>
						<SP ID="P2_SP00351" HPOS="1216" VPOS="1026" WIDTH="14"/>
						<String ID="P2_ST00417" HPOS="1230" VPOS="983" WIDTH="66" HEIGHT="45" CONTENT="Esq" WC="0.94" CC="185"/>
						<SP ID="P2_SP00352" HPOS="1296" VPOS="1028" WIDTH="18"/>
						<String ID="P2_ST00418" HPOS="1314" VPOS="984" WIDTH="285" HEIGHT="39" CONTENT=",ofßarubarroch" WC="0.21" CC="08899988909978"/>
						<SP ID="P2_SP00353" HPOS="1599" VPOS="1028" WIDTH="14"/>
						<String ID="P2_ST00419" HPOS="1613" VPOS="990" WIDTH="61" HEIGHT="33" CONTENT="and" WC="1.00" CC="999"/>
						<SP ID="P2_SP00354" HPOS="1674" VPOS="1028" WIDTH="19"/>
						<String ID="P2_ST00420" HPOS="1693" VPOS="981" WIDTH="2" HEIGHT="52" CONTENT="j" WC="0.27" CC="7"/>
					</TextLine>
					<TextLine ID="P2_TL00067" HPOS="924" VPOS="1040" WIDTH="563" HEIGHT="39">
						<String ID="P2_ST00421" HPOS="924" VPOS="1040" WIDTH="184" HEIGHT="38" CONTENT="Shenchan," WC="0.59" CC="707260740"/>
						<SP ID="P2_SP00355" HPOS="1108" VPOS="1078" WIDTH="19"/>
						<String ID="P2_ST00422" HPOS="1127" VPOS="1040" WIDTH="258" HEIGHT="39" CONTENT="Wigtownshire," WC="0.99" CC="9009708705020"/>
						<SP ID="P2_SP00356" HPOS="1385" VPOS="1079" WIDTH="21"/>
						<String ID="P2_ST00423" HPOS="1406" VPOS="1042" WIDTH="81" HEIGHT="32" CONTENT="N.B." WC="0.47" CC="8290"/>
					</TextLine>
					<TextLine ID="P2_TL00068" HPOS="964" VPOS="1096" WIDTH="711" HEIGHT="45">
						<String ID="P2_ST00424" HPOS="964" VPOS="1099" WIDTH="41" HEIGHT="31" CONTENT="At" WC="0.46" CC="54"/>
						<SP ID="P2_SP00357" HPOS="1005" VPOS="1130" WIDTH="16"/>
						<String ID="P2_ST00425" HPOS="1021" VPOS="1109" WIDTH="13" HEIGHT="21" CONTENT="&lt;\" WC="0.22" CC="87" STYLEREFS="TXT_2"/>
						<SP ID="P2_SP00358" HPOS="1034" VPOS="1130" WIDTH="21"/>
						<String ID="P2_ST00426" HPOS="1055" VPOS="1096" WIDTH="141" HEIGHT="43" CONTENT="meeting" WC="0.97" CC="8677290"/>
						<SP ID="P2_SP00359" HPOS="1196" VPOS="1139" WIDTH="14"/>
						<String ID="P2_ST00427" HPOS="1210" VPOS="1106" WIDTH="29" HEIGHT="24" CONTENT="oi" WC="0.25" CC="68"/>
						<SP ID="P2_SP00360" HPOS="1239" VPOS="1139" WIDTH="18"/>
						<String ID="P2_ST00428" HPOS="1257" VPOS="1098" WIDTH="52" HEIGHT="33" CONTENT="the" WC="0.94" CC="609"/>
						<SP ID="P2_SP00361" HPOS="1309" VPOS="1139" WIDTH="19"/>
						<String ID="P2_ST00429" HPOS="1328" VPOS="1098" WIDTH="85" HEIGHT="43" CONTENT="Grey" WC="0.94" CC="7738"/>
						<SP ID="P2_SP00362" HPOS="1413" VPOS="1141" WIDTH="5"/>
						<String ID="P2_ST00430" HPOS="1418" VPOS="1099" WIDTH="113" HEIGHT="33" CONTENT="month" WC="0.96" CC="82847"/>
						<SP ID="P2_SP00363" HPOS="1531" VPOS="1141" WIDTH="18"/>
						<String ID="P2_ST00431" HPOS="1549" VPOS="1100" WIDTH="126" HEIGHT="34" CONTENT="Harbor" WC="0.95" CC="899889"/>
					</TextLine>
					<TextLine ID="P2_TL00069" HPOS="923" VPOS="1154" WIDTH="756" HEIGHT="44">
						<String ID="P2_ST00432" HPOS="923" VPOS="1154" WIDTH="107" HEIGHT="34" CONTENT="Board" WC="0.96" CC="79960"/>
						<SP ID="P2_SP00364" HPOS="1030" VPOS="1188" WIDTH="18"/>
						<String ID="P2_ST00433" HPOS="1048" VPOS="1155" WIDTH="74" HEIGHT="32" CONTENT="held" WC="0.95" CC="7609"/>
						<SP ID="P2_SP00365" HPOS="1122" VPOS="1188" WIDTH="17"/>
						<String ID="P2_ST00434" HPOS="1139" VPOS="1167" WIDTH="40" HEIGHT="21" CONTENT="on" WC="0.70" CC="50"/>
						<SP ID="P2_SP00366" HPOS="1179" VPOS="1188" WIDTH="21"/>
						<String ID="P2_ST00435" HPOS="1200" VPOS="1155" WIDTH="142" HEIGHT="43" CONTENT="Monday" WC="0.95" CC="968999"/>
						<SP ID="P2_SP00367" HPOS="1342" VPOS="1198" WIDTH="19"/>
						<String ID="P2_ST00436" HPOS="1361" VPOS="1155" WIDTH="71" HEIGHT="35" CONTENT="last," WC="0.96" CC="00997"/>
						<SP ID="P2_SP00368" HPOS="1432" VPOS="1198" WIDTH="14"/>
						<String ID="P2_ST00437" HPOS="1446" VPOS="1155" WIDTH="54" HEIGHT="34" CONTENT="the" WC="0.94" CC="907"/>
						<SP ID="P2_SP00369" HPOS="1500" VPOS="1198" WIDTH="16"/>
						<String ID="P2_ST00438" HPOS="1516" VPOS="1158" WIDTH="111" HEIGHT="34" CONTENT="tenJer" WC="0.45" CC="627807"/>
						<SP ID="P2_SP00370" HPOS="1627" VPOS="1198" WIDTH="17"/>
						<String ID="P2_ST00439" HPOS="1644" VPOS="1160" WIDTH="35" HEIGHT="32" CONTENT="of" WC="0.75" CC="22"/>
					</TextLine>
					<TextLine ID="P2_TL00070" HPOS="926" VPOS="1211" WIDTH="749" HEIGHT="45">
						<String ID="P2_ST00440" HPOS="926" VPOS="1212" WIDTH="116" HEIGHT="32" CONTENT="Messrs" WC="0.97" CC="026797"/>
						<SP ID="P2_SP00371" HPOS="1042" VPOS="1244" WIDTH="28"/>
						<String ID="P2_ST00441" HPOS="1070" VPOS="1211" WIDTH="208" HEIGHT="41" CONTENT="Hungerford" WC="0.45" CC="8769005790"/>
						<SP ID="P2_SP00372" HPOS="1278" VPOS="1252" WIDTH="24"/>
						<String ID="P2_ST00442" HPOS="1302" VPOS="1213" WIDTH="63" HEIGHT="32" CONTENT="and" WC="0.93" CC="909"/>
						<SP ID="P2_SP00373" HPOS="1365" VPOS="1252" WIDTH="22"/>
						<String ID="P2_ST00443" HPOS="1387" VPOS="1212" WIDTH="123" HEIGHT="44" CONTENT="M'Kay" WC="0.36" CC="94890"/>
						<SP ID="P2_SP00374" HPOS="1510" VPOS="1256" WIDTH="25"/>
						<String ID="P2_ST00444" HPOS="1535" VPOS="1226" WIDTH="63" HEIGHT="22" CONTENT="was" WC="0.93" CC="099"/>
						<SP ID="P2_SP00375" HPOS="1598" VPOS="1256" WIDTH="29"/>
						<String ID="P2_ST00445" HPOS="1627" VPOS="1228" WIDTH="32" HEIGHT="21" CONTENT="ac" SUBS_TYPE="HypPart1" SUBS_CONTENT="accepted" WC="0.96" CC="07"/>
						<HYP HPOS="1659" VPOS="1228" WIDTH="16" CONTENT="-"/>
					</TextLine>
					<TextLine ID="P2_TL00071" HPOS="924" VPOS="1269" WIDTH="752" HEIGHT="44">
						<String ID="P2_ST00446" HPOS="924" VPOS="1269" WIDTH="108" HEIGHT="44" CONTENT="cepted" SUBS_TYPE="HypPart2" SUBS_CONTENT="accepted" WC="0.98" CC="060017"/>
						<SP ID="P2_SP00376" HPOS="1032" VPOS="1313" WIDTH="18"/>
						<String ID="P2_ST00447" HPOS="1050" VPOS="1269" WIDTH="48" HEIGHT="34" CONTENT="for" WC="0.97" CC="070"/>
						<SP ID="P2_SP00377" HPOS="1098" VPOS="1313" WIDTH="14"/>
						<String ID="P2_ST00448" HPOS="1112" VPOS="1282" WIDTH="17" HEIGHT="21" CONTENT="a" WC="0.05" CC="9"/>
						<SP ID="P2_SP00378" HPOS="1129" VPOS="1313" WIDTH="18"/>
						<String ID="P2_ST00449" HPOS="1147" VPOS="1275" WIDTH="145" HEIGHT="28" CONTENT="contract" WC="0.98" CC="89800029"/>
						<SP ID="P2_SP00379" HPOS="1292" VPOS="1313" WIDTH="15"/>
						<String ID="P2_ST00450" HPOS="1307" VPOS="1271" WIDTH="49" HEIGHT="32" CONTENT="for" WC="0.94" CC="770"/>
						<SP ID="P2_SP00380" HPOS="1356" VPOS="1313" WIDTH="19"/>
						<String ID="P2_ST00451" HPOS="1375" VPOS="1273" WIDTH="222" HEIGHT="40" CONTENT="constructing" WC="0.98" CC="798930860409"/>
						<SP ID="P2_SP00381" HPOS="1597" VPOS="1313" WIDTH="27"/>
						<String ID="P2_ST00452" HPOS="1624" VPOS="1273" WIDTH="52" HEIGHT="34" CONTENT="the" WC="0.93" CC="909"/>
					</TextLine>
					<TextLine ID="P2_TL00072" HPOS="924" VPOS="1327" WIDTH="751" HEIGHT="39">
						<String ID="P2_ST00453" HPOS="924" VPOS="1327" WIDTH="142" HEIGHT="39" CONTENT="training" WC="0.99" CC="00948300"/>
						<SP ID="P2_SP00382" HPOS="1066" VPOS="1366" WIDTH="25"/>
						<String ID="P2_ST00454" HPOS="1091" VPOS="1327" WIDTH="72" HEIGHT="33" CONTENT="wall" WC="0.98" CC="0016"/>
						<SP ID="P2_SP00383" HPOS="1163" VPOS="1366" WIDTH="40"/>
						<String ID="P2_ST00455" HPOS="1203" VPOS="1339" WIDTH="41" HEIGHT="21" CONTENT="on" WC="0.39" CC="47"/>
						<SP ID="P2_SP00384" HPOS="1244" VPOS="1366" WIDTH="39"/>
						<String ID="P2_ST00456" HPOS="1283" VPOS="1329" WIDTH="93" HEIGHT="30" CONTENT="north" WC="0.94" CC="97979"/>
						<SP ID="P2_SP00385" HPOS="1376" VPOS="1366" WIDTH="40"/>
						<String ID="P2_ST00457" HPOS="1416" VPOS="1329" WIDTH="67" HEIGHT="30" CONTENT="side" WC="0.95" CC="9074"/>
						<SP ID="P2_SP00386" HPOS="1483" VPOS="1366" WIDTH="38"/>
						<String ID="P2_ST00458" HPOS="1521" VPOS="1331" WIDTH="34" HEIGHT="30" CONTENT="of" WC="0.79" CC="04"/>
						<SP ID="P2_SP00387" HPOS="1555" VPOS="1366" WIDTH="29"/>
						<String ID="P2_ST00459" HPOS="1584" VPOS="1332" WIDTH="91" HEIGHT="30" CONTENT="river." WC="0.96" CC="079994"/>
					</TextLine>
					<TextLine ID="P2_TL00073" HPOS="924" VPOS="1383" WIDTH="750" HEIGHT="42">
						<String ID="P2_ST00460" HPOS="924" VPOS="1383" WIDTH="127" HEIGHT="40" CONTENT="Figure," WC="0.97" CC="9496901"/>
						<SP ID="P2_SP00388" HPOS="1051" VPOS="1423" WIDTH="32"/>
						<String ID="P2_ST00461" HPOS="1083" VPOS="1384" WIDTH="137" HEIGHT="39" CONTENT="£33,315" WC="0.34" CC="9786508"/>
						<SP ID="P2_SP00389" HPOS="1220" VPOS="1423" WIDTH="33"/>
						<String ID="P2_ST00462" HPOS="1253" VPOS="1386" WIDTH="54" HEIGHT="31" CONTENT="18s" WC="0.41" CC="079"/>
						<SP ID="P2_SP00390" HPOS="1307" VPOS="1423" WIDTH="31"/>
						<String ID="P2_ST00463" HPOS="1338" VPOS="1385" WIDTH="38" HEIGHT="40" CONTENT="6}" WC="0.20" CC="78"/>
						<SP ID="P2_SP00391" HPOS="1376" VPOS="1425" WIDTH="11"/>
						<String ID="P2_ST00464" HPOS="1387" VPOS="1383" WIDTH="22" HEIGHT="34" CONTENT="I." WC="1.00" CC="00"/>
						<SP ID="P2_SP00392" HPOS="1409" VPOS="1425" WIDTH="46"/>
						<String ID="P2_ST00465" HPOS="1455" VPOS="1385" WIDTH="103" HEIGHT="33" CONTENT="There" WC="0.94" CC="99779"/>
						<SP ID="P2_SP00393" HPOS="1558" VPOS="1425" WIDTH="34"/>
						<String ID="P2_ST00466" HPOS="1592" VPOS="1397" WIDTH="82" HEIGHT="22" CONTENT="were" WC="0.93" CC="9977"/>
					</TextLine>
					<TextLine ID="P2_TL00074" HPOS="924" VPOS="1440" WIDTH="373" HEIGHT="39">
						<String ID="P2_ST00467" HPOS="924" VPOS="1451" WIDTH="96" HEIGHT="21" CONTENT="seven" WC="0.97" CC="19077"/>
						<SP ID="P2_SP00394" HPOS="1020" VPOS="1472" WIDTH="18"/>
						<String ID="P2_ST00468" HPOS="1038" VPOS="1440" WIDTH="138" HEIGHT="39" CONTENT="tenders," WC="0.99" CC="07700900"/>
						<SP ID="P2_SP00395" HPOS="1176" VPOS="1479" WIDTH="18"/>
						<String ID="P2_ST00469" HPOS="1194" VPOS="1440" WIDTH="33" HEIGHT="33" CONTENT="in" WC="0.64" CC="06"/>
						<SP ID="P2_SP00396" HPOS="1227" VPOS="1479" WIDTH="18"/>
						<String ID="P2_ST00470" HPOS="1245" VPOS="1441" WIDTH="52" HEIGHT="32" CONTENT="all." WC="0.96" CC="5641"/>
					</TextLine>
					<TextLine ID="P2_TL00075" HPOS="966" VPOS="1490" WIDTH="729" HEIGHT="51">
						<String ID="P2_ST00471" HPOS="966" VPOS="1497" WIDTH="39" HEIGHT="32" CONTENT="In" WC="0.57" CC="08"/>
						<SP ID="P2_SP00397" HPOS="1005" VPOS="1529" WIDTH="18"/>
						<String ID="P2_ST00472" HPOS="1023" VPOS="1497" WIDTH="89" HEIGHT="43" CONTENT="reply" WC="0.99" CC="90000"/>
						<SP ID="P2_SP00398" HPOS="1112" VPOS="1540" WIDTH="17"/>
						<String ID="P2_ST00473" HPOS="1129" VPOS="1503" WIDTH="32" HEIGHT="28" CONTENT="to" WC="0.89" CC="20"/>
						<SP ID="P2_SP00399" HPOS="1161" VPOS="1540" WIDTH="17"/>
						<String ID="P2_ST00474" HPOS="1178" VPOS="1509" WIDTH="40" HEIGHT="21" CONTENT="an" WC="0.57" CC="08"/>
						<SP ID="P2_SP00400" HPOS="1218" VPOS="1540" WIDTH="18"/>
						<String ID="P2_ST00475" HPOS="1236" VPOS="1498" WIDTH="146" HEIGHT="43" CONTENT="enquiry," WC="0.98" CC="78984003"/>
						<SP ID="P2_SP00401" HPOS="1382" VPOS="1541" WIDTH="19"/>
						<String ID="P2_ST00476" HPOS="1401" VPOS="1510" WIDTH="45" HEIGHT="21" CONTENT="we" WC="0.62" CC="07"/>
						<SP ID="P2_SP00402" HPOS="1446" VPOS="1541" WIDTH="18"/>
						<String ID="P2_ST00477" HPOS="1464" VPOS="1498" WIDTH="59" HEIGHT="39" CONTENT="beg" WC="0.90" CC="799"/>
						<SP ID="P2_SP00403" HPOS="1523" VPOS="1541" WIDTH="16"/>
						<String ID="P2_ST00478" HPOS="1539" VPOS="1503" WIDTH="32" HEIGHT="29" CONTENT="to" WC="0.23" CC="95"/>
						<SP ID="P2_SP00404" HPOS="1571" VPOS="1541" WIDTH="25"/>
						<String ID="P2_ST00479" HPOS="1596" VPOS="1505" WIDTH="80" HEIGHT="29" CONTENT="state" WC="0.98" CC="00960"/>
						<SP ID="P2_SP00405" HPOS="1676" VPOS="1541" WIDTH="18"/>
						<String ID="P2_ST00480" HPOS="1694" VPOS="1490" WIDTH="1" HEIGHT="51" CONTENT="I" WC="0.76" CC="2"/>
					</TextLine>
					<TextLine ID="P2_TL00076" HPOS="925" VPOS="1549" WIDTH="770" HEIGHT="51">
						<String ID="P2_ST00481" HPOS="925" VPOS="1553" WIDTH="71" HEIGHT="33" CONTENT="that" WC="0.96" CC="9090"/>
						<SP ID="P2_SP00406" HPOS="996" VPOS="1586" WIDTH="15"/>
						<String ID="P2_ST00482" HPOS="1011" VPOS="1553" WIDTH="54" HEIGHT="33" CONTENT="the" WC="0.97" CC="070"/>
						<SP ID="P2_SP00407" HPOS="1065" VPOS="1586" WIDTH="18"/>
						<String ID="P2_ST00483" HPOS="1083" VPOS="1559" WIDTH="69" HEIGHT="27" CONTENT="nett" WC="0.44" CC="8408"/>
						<SP ID="P2_SP00408" HPOS="1152" VPOS="1586" WIDTH="16"/>
						<String ID="P2_ST00484" HPOS="1168" VPOS="1555" WIDTH="151" HEIGHT="42" CONTENT="proceeds" WC="0.98" CC="00772509"/>
						<SP ID="P2_SP00409" HPOS="1319" VPOS="1597" WIDTH="12"/>
						<String ID="P2_ST00485" HPOS="1331" VPOS="1555" WIDTH="35" HEIGHT="31" CONTENT="of" WC="0.50" CC="09"/>
						<SP ID="P2_SP00410" HPOS="1366" VPOS="1597" WIDTH="9"/>
						<String ID="P2_ST00486" HPOS="1375" VPOS="1555" WIDTH="52" HEIGHT="32" CONTENT="the" WC="0.94" CC="079"/>
						<SP ID="P2_SP00411" HPOS="1427" VPOS="1597" WIDTH="19"/>
						<String ID="P2_ST00487" HPOS="1446" VPOS="1555" WIDTH="101" HEIGHT="42" CONTENT="Loyal" WC="0.95" CC="97992"/>
						<SP ID="P2_SP00412" HPOS="1547" VPOS="1597" WIDTH="16"/>
						<String ID="P2_ST00488" HPOS="1563" VPOS="1557" WIDTH="113" HEIGHT="43" CONTENT="Alpine" WC="0.97" CC="909085"/>
						<SP ID="P2_SP00413" HPOS="1676" VPOS="1600" WIDTH="18"/>
						<String ID="P2_ST00489" HPOS="1694" VPOS="1549" WIDTH="1" HEIGHT="51" CONTENT="I" WC="1.00" CC="0"/>
					</TextLine>
					<TextLine ID="P2_TL00077" HPOS="926" VPOS="1612" WIDTH="748" HEIGHT="41">
						<String ID="P2_ST00490" HPOS="926" VPOS="1612" WIDTH="107" HEIGHT="41" CONTENT="Lodge" WC="0.98" CC="05091"/>
						<SP ID="P2_SP00414" HPOS="1033" VPOS="1653" WIDTH="18"/>
						<String ID="P2_ST00491" HPOS="1051" VPOS="1613" WIDTH="217" HEIGHT="40" CONTENT="Anniversary" WC="0.98" CC="08616099990"/>
						<SP ID="P2_SP00415" HPOS="1268" VPOS="1653" WIDTH="18"/>
						<String ID="P2_ST00492" HPOS="1286" VPOS="1613" WIDTH="82" HEIGHT="38" CONTENT="Ball," WC="0.97" CC="79401"/>
						<SP ID="P2_SP00416" HPOS="1368" VPOS="1653" WIDTH="20"/>
						<String ID="P2_ST00493" HPOS="1388" VPOS="1612" WIDTH="74" HEIGHT="33" CONTENT="held" WC="0.95" CC="7950"/>
						<SP ID="P2_SP00417" HPOS="1462" VPOS="1653" WIDTH="17"/>
						<String ID="P2_ST00494" HPOS="1479" VPOS="1625" WIDTH="41" HEIGHT="21" CONTENT="on" WC="0.43" CC="91"/>
						<SP ID="P2_SP00418" HPOS="1520" VPOS="1653" WIDTH="27"/>
						<String ID="P2_ST00495" HPOS="1547" VPOS="1614" WIDTH="52" HEIGHT="34" CONTENT="the" WC="0.93" CC="971"/>
						<SP ID="P2_SP00419" HPOS="1599" VPOS="1653" WIDTH="19"/>
						<String ID="P2_ST00496" HPOS="1618" VPOS="1616" WIDTH="56" HEIGHT="33" CONTENT="6th" WC="0.38" CC="890"/>
					</TextLine>
					<TextLine ID="P2_TL00078" HPOS="925" VPOS="1667" WIDTH="751" HEIGHT="44">
						<String ID="P2_ST00497" HPOS="925" VPOS="1668" WIDTH="30" HEIGHT="32" CONTENT="of" WC="0.32" CC="57"/>
						<SP ID="P2_SP00420" HPOS="955" VPOS="1700" WIDTH="16"/>
						<String ID="P2_ST00498" HPOS="971" VPOS="1667" WIDTH="91" HEIGHT="44" CONTENT="April" WC="0.98" CC="00760"/>
						<SP ID="P2_SP00421" HPOS="1062" VPOS="1711" WIDTH="20"/>
						<String ID="P2_ST00499" HPOS="1082" VPOS="1667" WIDTH="69" HEIGHT="37" CONTENT="last," WC="0.98" CC="08006"/>
						<SP ID="P2_SP00422" HPOS="1151" VPOS="1711" WIDTH="19"/>
						<String ID="P2_ST00500" HPOS="1170" VPOS="1679" WIDTH="62" HEIGHT="21" CONTENT="was" WC="0.94" CC="790"/>
						<SP ID="P2_SP00423" HPOS="1232" VPOS="1711" WIDTH="20"/>
						<String ID="P2_ST00501" HPOS="1252" VPOS="1668" WIDTH="42" HEIGHT="34" CONTENT="Mo" WC="0.01" CC="99" STYLEREFS="TXT_2"/>
						<SP ID="P2_SP00424" HPOS="1294" VPOS="1711" WIDTH="18"/>
						<String ID="P2_ST00502" HPOS="1312" VPOS="1670" WIDTH="53" HEIGHT="38" CONTENT="ss;" WC="0.70" CC="710"/>
						<SP ID="P2_SP00425" HPOS="1365" VPOS="1711" WIDTH="25"/>
						<String ID="P2_ST00503" HPOS="1390" VPOS="1669" WIDTH="63" HEIGHT="32" CONTENT="and" WC="0.97" CC="080"/>
						<SP ID="P2_SP00426" HPOS="1453" VPOS="1711" WIDTH="20"/>
						<String ID="P2_ST00504" HPOS="1473" VPOS="1668" WIDTH="103" HEIGHT="35" CONTENT="which" WC="0.96" CC="79640"/>
						<SP ID="P2_SP00427" HPOS="1576" VPOS="1711" WIDTH="17"/>
						<String ID="P2_ST00505" HPOS="1593" VPOS="1682" WIDTH="83" HEIGHT="29" CONTENT="sum," WC="0.94" CC="9890"/>
					</TextLine>
					<TextLine ID="P2_TL00079" HPOS="926" VPOS="1726" WIDTH="751" HEIGHT="37">
						<String ID="P2_ST00506" HPOS="926" VPOS="1726" WIDTH="57" HEIGHT="31" CONTENT="has" WC="0.96" CC="037"/>
						<SP ID="P2_SP00428" HPOS="983" VPOS="1757" WIDTH="27"/>
						<String ID="P2_ST00507" HPOS="1010" VPOS="1727" WIDTH="74" HEIGHT="30" CONTENT="been" WC="0.93" CC="7798"/>
						<SP ID="P2_SP00429" HPOS="1084" VPOS="1757" WIDTH="27"/>
						<String ID="P2_ST00508" HPOS="1111" VPOS="1727" WIDTH="126" HEIGHT="31" CONTENT="handed" WC="0.95" CC="798988"/>
						<SP ID="P2_SP00430" HPOS="1237" VPOS="1758" WIDTH="21"/>
						<String ID="P2_ST00509" HPOS="1258" VPOS="1733" WIDTH="31" HEIGHT="25" CONTENT="to" WC="0.46" CC="91"/>
						<SP ID="P2_SP00431" HPOS="1289" VPOS="1758" WIDTH="17"/>
						<String ID="P2_ST00510" HPOS="1306" VPOS="1727" WIDTH="53" HEIGHT="32" CONTENT="the" WC="0.93" CC="990"/>
						<SP ID="P2_SP00432" HPOS="1359" VPOS="1759" WIDTH="19"/>
						<String ID="P2_ST00511" HPOS="1378" VPOS="1727" WIDTH="175" HEIGHT="33" CONTENT="Treasurer" WC="0.98" CC="606707990"/>
						<SP ID="P2_SP00433" HPOS="1553" VPOS="1760" WIDTH="17"/>
						<String ID="P2_ST00512" HPOS="1570" VPOS="1730" WIDTH="34" HEIGHT="31" CONTENT="of" WC="0.47" CC="37"/>
						<SP ID="P2_SP00434" HPOS="1604" VPOS="1761" WIDTH="21"/>
						<String ID="P2_ST00513" HPOS="1625" VPOS="1731" WIDTH="52" HEIGHT="32" CONTENT="the" WC="0.93" CC="908"/>
					</TextLine>
					<TextLine ID="P2_TL00080" HPOS="927" VPOS="1780" WIDTH="493" HEIGHT="45">
						<String ID="P2_ST00514" HPOS="927" VPOS="1780" WIDTH="163" HEIGHT="45" CONTENT="Westport" WC="0.40" CC="03699079"/>
						<SP ID="P2_SP00435" HPOS="1090" VPOS="1825" WIDTH="18"/>
						<String ID="P2_ST00515" HPOS="1108" VPOS="1782" WIDTH="133" HEIGHT="34" CONTENT="District" WC="0.98" CC="90409475"/>
						<SP ID="P2_SP00436" HPOS="1241" VPOS="1825" WIDTH="18"/>
						<String ID="P2_ST00516" HPOS="1259" VPOS="1783" WIDTH="161" HEIGHT="42" CONTENT="Hospital." WC="0.98" CC="828079082"/>
					</TextLine>
					<TextLine ID="P2_TL00081" HPOS="966" VPOS="1838" WIDTH="711" HEIGHT="44">
						<String ID="P2_ST00517" HPOS="966" VPOS="1838" WIDTH="69" HEIGHT="33" CONTENT="The" WC="0.97" CC="800"/>
						<SP ID="P2_SP00437" HPOS="1035" VPOS="1871" WIDTH="17"/>
						<String ID="P2_ST00518" HPOS="1052" VPOS="1838" WIDTH="163" HEIGHT="34" CONTENT="Directors" WC="0.98" CC="920449405"/>
						<SP ID="P2_SP00438" HPOS="1215" VPOS="1872" WIDTH="17"/>
						<String ID="P2_ST00519" HPOS="1232" VPOS="1839" WIDTH="35" HEIGHT="32" CONTENT="of" WC="0.70" CC="50"/>
						<SP ID="P2_SP00439" HPOS="1267" VPOS="1872" WIDTH="7"/>
						<String ID="P2_ST00520" HPOS="1274" VPOS="1839" WIDTH="53" HEIGHT="33" CONTENT="the" WC="0.98" CC="005"/>
						<SP ID="P2_SP00440" HPOS="1327" VPOS="1872" WIDTH="15"/>
						<String ID="P2_ST00521" HPOS="1342" VPOS="1839" WIDTH="136" HEIGHT="43" CONTENT="Captain" WC="0.98" CC="1709808"/>
						<SP ID="P2_SP00441" HPOS="1478" VPOS="1882" WIDTH="11"/>
						<String ID="P2_ST00522" HPOS="1489" VPOS="1840" WIDTH="87" HEIGHT="34" CONTENT="Cook" WC="0.99" CC="2020"/>
						<SP ID="P2_SP00442" HPOS="1576" VPOS="1882" WIDTH="14"/>
						<String ID="P2_ST00523" HPOS="1590" VPOS="1842" WIDTH="87" HEIGHT="34" CONTENT="mine" WC="0.98" CC="3070"/>
					</TextLine>
					<TextLine ID="P2_TL00082" HPOS="927" VPOS="1896" WIDTH="752" HEIGHT="45">
						<String ID="P2_ST00524" HPOS="927" VPOS="1896" WIDTH="81" HEIGHT="35" CONTENT="have" WC="0.99" CC="0004"/>
						<SP ID="P2_SP00443" HPOS="1008" VPOS="1931" WIDTH="17"/>
						<String ID="P2_ST00525" HPOS="1025" VPOS="1896" WIDTH="150" HEIGHT="45" CONTENT="accepted" WC="0.97" CC="75709907"/>
						<SP ID="P2_SP00444" HPOS="1175" VPOS="1941" WIDTH="16"/>
						<String ID="P2_ST00526" HPOS="1191" VPOS="1897" WIDTH="54" HEIGHT="34" CONTENT="the" WC="0.94" CC="906"/>
						<SP ID="P2_SP00445" HPOS="1245" VPOS="1941" WIDTH="18"/>
						<String ID="P2_ST00527" HPOS="1263" VPOS="1898" WIDTH="79" HEIGHT="34" CONTENT="offer" WC="0.95" CC="48866"/>
						<SP ID="P2_SP00446" HPOS="1342" VPOS="1941" WIDTH="15"/>
						<String ID="P2_ST00528" HPOS="1357" VPOS="1898" WIDTH="34" HEIGHT="33" CONTENT="of" WC="0.76" CC="40"/>
						<SP ID="P2_SP00447" HPOS="1391" VPOS="1941" WIDTH="12"/>
						<String ID="P2_ST00529" HPOS="1403" VPOS="1897" WIDTH="118" HEIGHT="36" CONTENT="Messrs" WC="0.98" CC="002794"/>
						<SP ID="P2_SP00448" HPOS="1521" VPOS="1941" WIDTH="17"/>
						<String ID="P2_ST00530" HPOS="1538" VPOS="1898" WIDTH="33" HEIGHT="36" CONTENT="l\" WC="0.61" CC="07"/>
						<SP ID="P2_SP00449" HPOS="1571" VPOS="1941" WIDTH="13"/>
						<String ID="P2_ST00531" HPOS="1584" VPOS="1901" WIDTH="95" HEIGHT="35" CONTENT="Hunt" WC="0.95" CC="8770"/>
					</TextLine>
					<TextLine ID="P2_TL00083" HPOS="927" VPOS="1954" WIDTH="753" HEIGHT="41">
						<String ID="P2_ST00532" HPOS="927" VPOS="1954" WIDTH="63" HEIGHT="32" CONTENT="and" WC="1.00" CC="010"/>
						<SP ID="P2_SP00450" HPOS="990" VPOS="1986" WIDTH="23"/>
						<String ID="P2_ST00533" HPOS="1013" VPOS="1954" WIDTH="43" HEIGHT="31" CONTENT="H." WC="0.48" CC="63"/>
						<SP ID="P2_SP00451" HPOS="1056" VPOS="1986" WIDTH="26"/>
						<String ID="P2_ST00534" HPOS="1082" VPOS="1954" WIDTH="159" HEIGHT="41" CONTENT="Cosgrove" WC="0.58" CC="60698001"/>
						<SP ID="P2_SP00452" HPOS="1241" VPOS="1995" WIDTH="17"/>
						<String ID="P2_ST00535" HPOS="1258" VPOS="1961" WIDTH="32" HEIGHT="27" CONTENT="to" WC="0.58" CC="52"/>
						<SP ID="P2_SP00453" HPOS="1290" VPOS="1995" WIDTH="16"/>
						<String ID="P2_ST00536" HPOS="1306" VPOS="1955" WIDTH="89" HEIGHT="33" CONTENT="work" WC="0.97" CC="0609"/>
						<SP ID="P2_SP00454" HPOS="1395" VPOS="1995" WIDTH="16"/>
						<String ID="P2_ST00537" HPOS="1411" VPOS="1957" WIDTH="56" HEIGHT="31" CONTENT="the" WC="1.00" CC="000"/>
						<SP ID="P2_SP00455" HPOS="1467" VPOS="1995" WIDTH="23"/>
						<String ID="P2_ST00538" HPOS="1490" VPOS="1957" WIDTH="126" HEIGHT="34" CONTENT="leaders" WC="0.99" CC="0000093"/>
						<SP ID="P2_SP00456" HPOS="1616" VPOS="1995" WIDTH="23"/>
						<String ID="P2_ST00539" HPOS="1639" VPOS="1971" WIDTH="41" HEIGHT="21" CONTENT="on" WC="0.60" CC="07"/>
					</TextLine>
					<TextLine ID="P2_TL00084" HPOS="927" VPOS="2011" WIDTH="751" HEIGHT="49">
						<String ID="P2_ST00540" HPOS="927" VPOS="2011" WIDTH="118" HEIGHT="35" CONTENT="tribute" WC="0.97" CC="0958492"/>
						<SP ID="P2_SP00457" HPOS="1045" VPOS="2046" WIDTH="17"/>
						<String ID="P2_ST00541" HPOS="1062" VPOS="2012" WIDTH="48" HEIGHT="34" CONTENT="for" WC="0.96" CC="190"/>
						<SP ID="P2_SP00458" HPOS="1110" VPOS="2046" WIDTH="14"/>
						<String ID="P2_ST00542" HPOS="1124" VPOS="2012" WIDTH="89" HEIGHT="34" CONTENT="three" WC="0.98" CC="07045"/>
						<SP ID="P2_SP00459" HPOS="1213" VPOS="2046" WIDTH="19"/>
						<String ID="P2_ST00543" HPOS="1232" VPOS="2023" WIDTH="105" HEIGHT="33" CONTENT="years," WC="0.98" CC="921603"/>
						<SP ID="P2_SP00460" HPOS="1337" VPOS="2056" WIDTH="24"/>
						<String ID="P2_ST00544" HPOS="1361" VPOS="2013" WIDTH="54" HEIGHT="35" CONTENT="the" WC="0.96" CC="065"/>
						<SP ID="P2_SP00461" HPOS="1415" VPOS="2056" WIDTH="23"/>
						<String ID="P2_ST00545" HPOS="1438" VPOS="2014" WIDTH="172" HEIGHT="46" CONTENT="Company" WC="0.99" CC="4080060"/>
						<SP ID="P2_SP00462" HPOS="1610" VPOS="2060" WIDTH="22"/>
						<String ID="P2_ST00546" HPOS="1632" VPOS="2029" WIDTH="31" HEIGHT="22" CONTENT="re" SUBS_TYPE="HypPart1" SUBS_CONTENT="receiving" WC="0.96" CC="70"/>
						<HYP HPOS="1663" VPOS="2029" WIDTH="15" CONTENT="-"/>
					</TextLine>
					<TextLine ID="P2_TL00085" HPOS="928" VPOS="2068" WIDTH="749" HEIGHT="44">
						<String ID="P2_ST00547" HPOS="928" VPOS="2068" WIDTH="125" HEIGHT="44" CONTENT="ceiving" SUBS_TYPE="HypPart2" SUBS_CONTENT="receiving" WC="0.98" CC="1410079"/>
						<SP ID="P2_SP00463" HPOS="1053" VPOS="2112" WIDTH="25"/>
						<String ID="P2_ST00548" HPOS="1078" VPOS="2073" WIDTH="64" HEIGHT="30" CONTENT="two" WC="0.97" CC="206"/>
						<SP ID="P2_SP00464" HPOS="1142" VPOS="2112" WIDTH="23"/>
						<String ID="P2_ST00549" HPOS="1165" VPOS="2070" WIDTH="64" HEIGHT="33" CONTENT="and" WC="1.00" CC="000"/>
						<SP ID="P2_SP00465" HPOS="1229" VPOS="2112" WIDTH="23"/>
						<String ID="P2_ST00550" HPOS="1252" VPOS="2070" WIDTH="107" HEIGHT="34" CONTENT="a-half" WC="0.60" CC="447340"/>
						<SP ID="P2_SP00466" HPOS="1359" VPOS="2112" WIDTH="21"/>
						<String ID="P2_ST00551" HPOS="1380" VPOS="2083" WIDTH="56" HEIGHT="27" CONTENT="per" WC="0.93" CC="719"/>
						<SP ID="P2_SP00467" HPOS="1436" VPOS="2112" WIDTH="21"/>
						<String ID="P2_ST00552" HPOS="1457" VPOS="2079" WIDTH="83" HEIGHT="28" CONTENT="cent," WC="0.98" CC="40402"/>
						<SP ID="P2_SP00468" HPOS="1540" VPOS="2112" WIDTH="25"/>
						<String ID="P2_ST00553" HPOS="1565" VPOS="2075" WIDTH="35" HEIGHT="33" CONTENT="of" WC="0.96" CC="00"/>
						<SP ID="P2_SP00469" HPOS="1600" VPOS="2112" WIDTH="25"/>
						<String ID="P2_ST00554" HPOS="1625" VPOS="2076" WIDTH="52" HEIGHT="34" CONTENT="the" WC="0.91" CC="697"/>
					</TextLine>
					<TextLine ID="P2_TL00086" HPOS="926" VPOS="2129" WIDTH="661" HEIGHT="43">
						<String ID="P2_ST00555" HPOS="926" VPOS="2138" WIDTH="91" HEIGHT="30" CONTENT="gross" WC="0.98" CC="90060"/>
						<SP ID="P2_SP00470" HPOS="1017" VPOS="2168" WIDTH="15"/>
						<String ID="P2_ST00556" HPOS="1032" VPOS="2129" WIDTH="404" HEIGHT="43" CONTENT="proceeds.—lnangahua" WC="0.99" CC="9604209038570870760"/>
						<SP ID="P2_SP00471" HPOS="1436" VPOS="2172" WIDTH="16"/>
						<String ID="P2_ST00557" HPOS="1452" VPOS="2131" WIDTH="135" HEIGHT="34" CONTENT="Herald." WC="0.98" CC="6990302"/>
					</TextLine>
					<TextLine ID="P2_TL00087" HPOS="969" VPOS="2184" WIDTH="712" HEIGHT="42">
						<String ID="P2_ST00558" HPOS="969" VPOS="2184" WIDTH="171" HEIGHT="35" CONTENT="Constable" WC="0.99" CC="600009055"/>
						<SP ID="P2_SP00472" HPOS="1140" VPOS="2219" WIDTH="17"/>
						<String ID="P2_ST00559" HPOS="1157" VPOS="2185" WIDTH="145" HEIGHT="35" CONTENT="Bowden" WC="0.72" CC="060810"/>
						<SP ID="P2_SP00473" HPOS="1302" VPOS="2220" WIDTH="15"/>
						<String ID="P2_ST00560" HPOS="1317" VPOS="2188" WIDTH="136" HEIGHT="34" CONTENT="informs" WC="0.98" CC="0103997"/>
						<SP ID="P2_SP00474" HPOS="1453" VPOS="2222" WIDTH="17"/>
						<String ID="P2_ST00561" HPOS="1470" VPOS="2201" WIDTH="38" HEIGHT="22" CONTENT="us" WC="0.78" CC="40"/>
						<SP ID="P2_SP00475" HPOS="1508" VPOS="2223" WIDTH="24"/>
						<String ID="P2_ST00562" HPOS="1532" VPOS="2190" WIDTH="71" HEIGHT="34" CONTENT="that" WC="0.97" CC="0706"/>
						<SP ID="P2_SP00476" HPOS="1603" VPOS="2224" WIDTH="24"/>
						<String ID="P2_ST00563" HPOS="1627" VPOS="2192" WIDTH="54" HEIGHT="34" CONTENT="the" WC="0.94" CC="960"/>
					</TextLine>
					<TextLine ID="P2_TL00088" HPOS="928" VPOS="2243" WIDTH="753" HEIGHT="45">
						<String ID="P2_ST00564" HPOS="928" VPOS="2243" WIDTH="95" HEIGHT="32" CONTENT="claim" WC="0.98" CC="04029"/>
						<SP ID="P2_SP00477" HPOS="1023" VPOS="2275" WIDTH="26"/>
						<String ID="P2_ST00565" HPOS="1049" VPOS="2244" WIDTH="169" HEIGHT="42" CONTENT="possessed" WC="0.99" CC="630000749"/>
						<SP ID="P2_SP00478" HPOS="1218" VPOS="2286" WIDTH="25"/>
						<String ID="P2_ST00566" HPOS="1243" VPOS="2244" WIDTH="36" HEIGHT="33" CONTENT="of" WC="0.84" CC="21"/>
						<SP ID="P2_SP00479" HPOS="1279" VPOS="2286" WIDTH="17"/>
						<String ID="P2_ST00567" HPOS="1296" VPOS="2244" WIDTH="44" HEIGHT="44" CONTENT="by" WC="0.63" CC="70"/>
						<SP ID="P2_SP00480" HPOS="1340" VPOS="2288" WIDTH="29"/>
						<String ID="P2_ST00568" HPOS="1369" VPOS="2246" WIDTH="54" HEIGHT="33" CONTENT="the" WC="0.93" CC="972"/>
						<SP ID="P2_SP00481" HPOS="1423" VPOS="2288" WIDTH="25"/>
						<String ID="P2_ST00569" HPOS="1448" VPOS="2248" WIDTH="62" HEIGHT="33" CONTENT="late" WC="0.95" CC="4970"/>
						<SP ID="P2_SP00482" HPOS="1510" VPOS="2288" WIDTH="27"/>
						<String ID="P2_ST00570" HPOS="1537" VPOS="2249" WIDTH="144" HEIGHT="34" CONTENT="William" WC="0.99" CC="0036009"/>
					</TextLine>
					<TextLine ID="P2_TL00089" HPOS="928" VPOS="2299" WIDTH="752" HEIGHT="47">
						<String ID="P2_ST00571" HPOS="928" VPOS="2299" WIDTH="254" HEIGHT="39" CONTENT="Tucker,—who" WC="0.99" CC="16000008074"/>
						<SP ID="P2_SP00483" HPOS="1182" VPOS="2338" WIDTH="26"/>
						<String ID="P2_ST00572" HPOS="1208" VPOS="2300" WIDTH="72" HEIGHT="33" CONTENT="died" WC="0.99" CC="0400"/>
						<SP ID="P2_SP00484" HPOS="1280" VPOS="2338" WIDTH="30"/>
						<String ID="P2_ST00573" HPOS="1310" VPOS="2303" WIDTH="145" HEIGHT="43" CONTENT="recently" WC="0.99" CC="90014060"/>
						<SP ID="P2_SP00485" HPOS="1455" VPOS="2346" WIDTH="26"/>
						<String ID="P2_ST00574" HPOS="1481" VPOS="2310" WIDTH="34" HEIGHT="27" CONTENT="at" WC="0.87" CC="02"/>
						<SP ID="P2_SP00486" HPOS="1515" VPOS="2346" WIDTH="29"/>
						<String ID="P2_ST00575" HPOS="1544" VPOS="2305" WIDTH="117" HEIGHT="34" CONTENT="Mataki" SUBS_TYPE="HypPart1" SUBS_CONTENT="Matakitaki," WC="0.88" CC="400040"/>
						<HYP HPOS="1661" VPOS="2305" WIDTH="19" CONTENT="-"/>
					</TextLine>
					<TextLine ID="P2_TL00090" HPOS="928" VPOS="2356" WIDTH="754" HEIGHT="50">
						<String ID="P2_ST00576" HPOS="928" VPOS="2356" WIDTH="78" HEIGHT="40" CONTENT="taki," SUBS_TYPE="HypPart2" SUBS_CONTENT="Matakitaki," WC="0.83" CC="00044"/>
						<SP ID="P2_SP00487" HPOS="1006" VPOS="2396" WIDTH="37"/>
						<String ID="P2_ST00577" HPOS="1043" VPOS="2357" WIDTH="66" HEIGHT="33" CONTENT="will" WC="0.96" CC="9053"/>
						<SP ID="P2_SP00488" HPOS="1109" VPOS="2396" WIDTH="37"/>
						<String ID="P2_ST00578" HPOS="1146" VPOS="2357" WIDTH="126" HEIGHT="42" CONTENT="shortly" WC="1.00" CC="0700000"/>
						<SP ID="P2_SP00489" HPOS="1272" VPOS="2399" WIDTH="37"/>
						<String ID="P2_ST00579" HPOS="1309" VPOS="2359" WIDTH="38" HEIGHT="33" CONTENT="be" WC="0.63" CC="70"/>
						<SP ID="P2_SP00490" HPOS="1347" VPOS="2399" WIDTH="45"/>
						<String ID="P2_ST00580" HPOS="1392" VPOS="2361" WIDTH="70" HEIGHT="33" CONTENT="sold" WC="0.96" CC="7650"/>
						<SP ID="P2_SP00491" HPOS="1462" VPOS="2399" WIDTH="35"/>
						<String ID="P2_ST00581" HPOS="1497" VPOS="2362" WIDTH="41" HEIGHT="44" CONTENT="by" WC="0.63" CC="70"/>
						<SP ID="P2_SP00492" HPOS="1538" VPOS="2406" WIDTH="37"/>
						<String ID="P2_ST00582" HPOS="1575" VPOS="2364" WIDTH="107" HEIGHT="37" CONTENT="public" WC="0.96" CC="984438"/>
					</TextLine>
					<TextLine ID="P2_TL00091" HPOS="928" VPOS="2414" WIDTH="755" HEIGHT="48">
						<String ID="P2_ST00583" HPOS="928" VPOS="2414" WIDTH="125" HEIGHT="33" CONTENT="tender." WC="0.98" CC="4078063"/>
						<SP ID="P2_SP00493" HPOS="1053" VPOS="2447" WIDTH="45"/>
						<String ID="P2_ST00584" HPOS="1098" VPOS="2415" WIDTH="71" HEIGHT="33" CONTENT="Due" WC="0.93" CC="764"/>
						<SP ID="P2_SP00494" HPOS="1169" VPOS="2448" WIDTH="16"/>
						<String ID="P2_ST00585" HPOS="1185" VPOS="2416" WIDTH="105" HEIGHT="33" CONTENT="notice" WC="0.99" CC="036000"/>
						<SP ID="P2_SP00495" HPOS="1290" VPOS="2449" WIDTH="19"/>
						<String ID="P2_ST00586" HPOS="1309" VPOS="2417" WIDTH="34" HEIGHT="33" CONTENT="of" WC="0.27" CC="49"/>
						<SP ID="P2_SP00496" HPOS="1343" VPOS="2450" WIDTH="13"/>
						<String ID="P2_ST00587" HPOS="1356" VPOS="2417" WIDTH="54" HEIGHT="34" CONTENT="the" WC="0.95" CC="075"/>
						<SP ID="P2_SP00497" HPOS="1410" VPOS="2451" WIDTH="17"/>
						<String ID="P2_ST00588" HPOS="1427" VPOS="2418" WIDTH="73" HEIGHT="35" CONTENT="date" WC="0.99" CC="0003"/>
						<SP ID="P2_SP00498" HPOS="1500" VPOS="2453" WIDTH="13"/>
						<String ID="P2_ST00589" HPOS="1513" VPOS="2420" WIDTH="36" HEIGHT="33" CONTENT="of" WC="0.65" CC="70"/>
						<SP ID="P2_SP00499" HPOS="1549" VPOS="2453" WIDTH="11"/>
						<String ID="P2_ST00590" HPOS="1560" VPOS="2421" WIDTH="123" HEIGHT="41" CONTENT="closing" WC="0.99" CC="0050070"/>
					</TextLine>
					<TextLine ID="P2_TL00092" HPOS="928" VPOS="2470" WIDTH="240" HEIGHT="44">
						<String ID="P2_ST00591" HPOS="928" VPOS="2470" WIDTH="66" HEIGHT="35" CONTENT="will" WC="0.99" CC="0012"/>
						<SP ID="P2_SP00500" HPOS="994" VPOS="2505" WIDTH="14"/>
						<String ID="P2_ST00592" HPOS="1008" VPOS="2470" WIDTH="39" HEIGHT="35" CONTENT="be" WC="0.64" CC="70"/>
						<SP ID="P2_SP00501" HPOS="1047" VPOS="2505" WIDTH="15"/>
						<String ID="P2_ST00593" HPOS="1062" VPOS="2472" WIDTH="106" HEIGHT="42" CONTENT="given." WC="0.99" CC="900002"/>
					</TextLine>
					<TextLine ID="P2_TL00093" HPOS="969" VPOS="2529" WIDTH="714" HEIGHT="45">
						<String ID="P2_ST00594" HPOS="969" VPOS="2529" WIDTH="68" HEIGHT="33" CONTENT="The" WC="0.94" CC="806"/>
						<SP ID="P2_SP00502" HPOS="1037" VPOS="2562" WIDTH="26"/>
						<String ID="P2_ST00595" HPOS="1063" VPOS="2529" WIDTH="161" HEIGHT="35" CONTENT="Willmott" WC="0.50" CC="00549099"/>
						<SP ID="P2_SP00503" HPOS="1224" VPOS="2564" WIDTH="25"/>
						<String ID="P2_ST00596" HPOS="1249" VPOS="2531" WIDTH="145" HEIGHT="43" CONTENT="Comedy" WC="1.00" CC="010100"/>
						<SP ID="P2_SP00504" HPOS="1394" VPOS="2574" WIDTH="28"/>
						<String ID="P2_ST00597" HPOS="1422" VPOS="2534" WIDTH="64" HEIGHT="33" CONTENT="and" WC="0.94" CC="780"/>
						<SP ID="P2_SP00505" HPOS="1486" VPOS="2574" WIDTH="28"/>
						<String ID="P2_ST00598" HPOS="1514" VPOS="2535" WIDTH="169" HEIGHT="35" CONTENT="Dramatic" WC="0.99" CC="90010940"/>
					</TextLine>
					<TextLine ID="P2_TL00094" HPOS="928" VPOS="2586" WIDTH="755" HEIGHT="49">
						<String ID="P2_ST00599" HPOS="928" VPOS="2586" WIDTH="172" HEIGHT="43" CONTENT="Company" WC="0.98" CC="6427070"/>
						<SP ID="P2_SP00506" HPOS="1100" VPOS="2629" WIDTH="17"/>
						<String ID="P2_ST00600" HPOS="1117" VPOS="2588" WIDTH="126" HEIGHT="34" CONTENT="arrived" WC="0.98" CC="9990400"/>
						<SP ID="P2_SP00507" HPOS="1243" VPOS="2629" WIDTH="19"/>
						<String ID="P2_ST00601" HPOS="1262" VPOS="2589" WIDTH="73" HEIGHT="34" CONTENT="here" WC="0.95" CC="7707"/>
						<SP ID="P2_SP00508" HPOS="1335" VPOS="2629" WIDTH="19"/>
						<String ID="P2_ST00602" HPOS="1354" VPOS="2592" WIDTH="184" HEIGHT="43" CONTENT="yesterday," WC="0.99" CC="0790300000"/>
						<SP ID="P2_SP00509" HPOS="1538" VPOS="2635" WIDTH="17"/>
						<String ID="P2_ST00603" HPOS="1555" VPOS="2594" WIDTH="75" HEIGHT="38" CONTENT="and," WC="0.96" CC="0990"/>
						<SP ID="P2_SP00510" HPOS="1630" VPOS="2635" WIDTH="18"/>
						<String ID="P2_ST00604" HPOS="1648" VPOS="2607" WIDTH="35" HEIGHT="20" CONTENT="as" WC="0.19" CC="87"/>
					</TextLine>
					<TextLine ID="P2_TL00095" HPOS="928" VPOS="2642" WIDTH="753" HEIGHT="50">
						<String ID="P2_ST00605" HPOS="928" VPOS="2642" WIDTH="26" HEIGHT="33" CONTENT="is" WC="0.81" CC="30"/>
						<SP ID="P2_SP00511" HPOS="954" VPOS="2675" WIDTH="17"/>
						<String ID="P2_ST00606" HPOS="971" VPOS="2644" WIDTH="193" HEIGHT="33" CONTENT="announced" WC="0.99" CC="068377010"/>
						<SP ID="P2_SP00512" HPOS="1164" VPOS="2677" WIDTH="16"/>
						<String ID="P2_ST00607" HPOS="1180" VPOS="2646" WIDTH="33" HEIGHT="31" CONTENT="in" WC="0.72" CC="05"/>
						<SP ID="P2_SP00513" HPOS="1213" VPOS="2677" WIDTH="18"/>
						<String ID="P2_ST00608" HPOS="1231" VPOS="2656" WIDTH="59" HEIGHT="22" CONTENT="our" WC="0.96" CC="460"/>
						<SP ID="P2_SP00514" HPOS="1290" VPOS="2678" WIDTH="16"/>
						<String ID="P2_ST00609" HPOS="1306" VPOS="2646" WIDTH="200" HEIGHT="46" CONTENT="advertising" WC="0.99" CC="90030000589"/>
						<SP ID="P2_SP00515" HPOS="1506" VPOS="2692" WIDTH="16"/>
						<String ID="P2_ST00610" HPOS="1522" VPOS="2650" WIDTH="159" HEIGHT="39" CONTENT="columns," WC="0.98" CC="66070790"/>
					</TextLine>
					<TextLine ID="P2_TL00096" HPOS="930" VPOS="2700" WIDTH="751" HEIGHT="51">
						<String ID="P2_ST00611" HPOS="930" VPOS="2700" WIDTH="65" HEIGHT="33" CONTENT="will" WC="0.96" CC="8053"/>
						<SP ID="P2_SP00516" HPOS="995" VPOS="2733" WIDTH="30"/>
						<String ID="P2_ST00612" HPOS="1025" VPOS="2712" WIDTH="120" HEIGHT="32" CONTENT="appear" WC="0.98" CC="099400"/>
						<SP ID="P2_SP00517" HPOS="1145" VPOS="2744" WIDTH="26"/>
						<String ID="P2_ST00613" HPOS="1171" VPOS="2703" WIDTH="49" HEIGHT="32" CONTENT="for" WC="0.97" CC="070"/>
						<SP ID="P2_SP00518" HPOS="1220" VPOS="2744" WIDTH="30"/>
						<String ID="P2_ST00614" HPOS="1250" VPOS="2704" WIDTH="53" HEIGHT="32" CONTENT="the" WC="0.95" CC="076"/>
						<SP ID="P2_SP00519" HPOS="1303" VPOS="2744" WIDTH="25"/>
						<String ID="P2_ST00615" HPOS="1328" VPOS="2705" WIDTH="69" HEIGHT="33" CONTENT="first" WC="0.95" CC="96099"/>
						<SP ID="P2_SP00520" HPOS="1397" VPOS="2744" WIDTH="23"/>
						<String ID="P2_ST00616" HPOS="1420" VPOS="2708" WIDTH="78" HEIGHT="32" CONTENT="time" WC="0.99" CC="0201"/>
						<SP ID="P2_SP00521" HPOS="1498" VPOS="2744" WIDTH="32"/>
						<String ID="P2_ST00617" HPOS="1530" VPOS="2709" WIDTH="151" HEIGHT="42" CONTENT="to-night." WC="0.98" CC="744767060"/>
					</TextLine>
					<TextLine ID="P2_TL00097" HPOS="927" VPOS="2758" WIDTH="756" HEIGHT="51">
						<String ID="P2_ST00618" HPOS="927" VPOS="2758" WIDTH="69" HEIGHT="34" CONTENT="The" WC="0.91" CC="994"/>
						<SP ID="P2_SP00522" HPOS="996" VPOS="2792" WIDTH="16"/>
						<String ID="P2_ST00619" HPOS="1012" VPOS="2760" WIDTH="171" HEIGHT="34" CONTENT="attractive" WC="0.99" CC="4009750002"/>
						<SP ID="P2_SP00523" HPOS="1183" VPOS="2794" WIDTH="17"/>
						<String ID="P2_ST00620" HPOS="1200" VPOS="2773" WIDTH="204" HEIGHT="31" CONTENT="programme" WC="0.99" CC="003900007"/>
						<SP ID="P2_SP00524" HPOS="1404" VPOS="2804" WIDTH="14"/>
						<String ID="P2_ST00621" HPOS="1418" VPOS="2769" WIDTH="32" HEIGHT="28" CONTENT="to" WC="0.62" CC="07"/>
						<SP ID="P2_SP00525" HPOS="1450" VPOS="2804" WIDTH="10"/>
						<String ID="P2_ST00622" HPOS="1460" VPOS="2764" WIDTH="37" HEIGHT="34" CONTENT="be" WC="0.46" CC="73"/>
						<SP ID="P2_SP00526" HPOS="1497" VPOS="2804" WIDTH="16"/>
						<String ID="P2_ST00623" HPOS="1513" VPOS="2772" WIDTH="170" HEIGHT="37" CONTENT="presented" WC="0.98" CC="000048997"/>
					</TextLine>
					<TextLine ID="P2_TL00098" HPOS="928" VPOS="2818" WIDTH="753" HEIGHT="46">
						<String ID="P2_ST00624" HPOS="928" VPOS="2818" WIDTH="26" HEIGHT="30" CONTENT="is" WC="0.94" CC="10"/>
						<SP ID="P2_SP00527" HPOS="954" VPOS="2848" WIDTH="24"/>
						<String ID="P2_ST00625" HPOS="978" VPOS="2828" WIDTH="18" HEIGHT="20" CONTENT="a" WC="0.09" CC="9"/>
						<SP ID="P2_SP00528" HPOS="996" VPOS="2848" WIDTH="23"/>
						<String ID="P2_ST00626" HPOS="1019" VPOS="2818" WIDTH="109" HEIGHT="32" CONTENT="varied" WC="1.00" CC="000100"/>
						<SP ID="P2_SP00529" HPOS="1128" VPOS="2850" WIDTH="24"/>
						<String ID="P2_ST00627" HPOS="1152" VPOS="2829" WIDTH="71" HEIGHT="28" CONTENT="one," WC="0.98" CC="3700"/>
						<SP ID="P2_SP00530" HPOS="1223" VPOS="2857" WIDTH="18"/>
						<String ID="P2_ST00628" HPOS="1241" VPOS="2820" WIDTH="64" HEIGHT="32" CONTENT="and" WC="0.97" CC="060"/>
						<SP ID="P2_SP00531" HPOS="1305" VPOS="2857" WIDTH="25"/>
						<String ID="P2_ST00629" HPOS="1330" VPOS="2823" WIDTH="158" HEIGHT="41" CONTENT="certainly" WC="0.99" CC="660000770"/>
						<SP ID="P2_SP00532" HPOS="1488" VPOS="2864" WIDTH="21"/>
						<String ID="P2_ST00630" HPOS="1509" VPOS="2823" WIDTH="35" HEIGHT="32" CONTENT="of" WC="0.33" CC="66"/>
						<SP ID="P2_SP00533" HPOS="1544" VPOS="2864" WIDTH="19"/>
						<String ID="P2_ST00631" HPOS="1563" VPOS="2836" WIDTH="18" HEIGHT="19" CONTENT="a" WC="1.00" CC="9"/>
						<SP ID="P2_SP00534" HPOS="1581" VPOS="2864" WIDTH="25"/>
						<String ID="P2_ST00632" HPOS="1606" VPOS="2825" WIDTH="75" HEIGHT="31" CONTENT="kind" WC="0.97" CC="2580"/>
					</TextLine>
					<TextLine ID="P2_TL00099" HPOS="928" VPOS="2872" WIDTH="755" HEIGHT="51">
						<String ID="P2_ST00633" HPOS="928" VPOS="2872" WIDTH="108" HEIGHT="35" CONTENT="which" WC="0.97" CC="06617"/>
						<SP ID="P2_SP00535" HPOS="1036" VPOS="2907" WIDTH="18"/>
						<String ID="P2_ST00634" HPOS="1054" VPOS="2874" WIDTH="67" HEIGHT="34" CONTENT="will" WC="0.98" CC="0044"/>
						<SP ID="P2_SP00536" HPOS="1121" VPOS="2908" WIDTH="16"/>
						<String ID="P2_ST00635" HPOS="1137" VPOS="2881" WIDTH="33" HEIGHT="28" CONTENT="at" WC="0.54" CC="09"/>
						<SP ID="P2_SP00537" HPOS="1170" VPOS="2909" WIDTH="16"/>
						<String ID="P2_ST00636" HPOS="1186" VPOS="2888" WIDTH="78" HEIGHT="21" CONTENT="once" WC="0.96" CC="3741"/>
						<SP ID="P2_SP00538" HPOS="1264" VPOS="2909" WIDTH="18"/>
						<String ID="P2_ST00637" HPOS="1282" VPOS="2879" WIDTH="65" HEIGHT="32" CONTENT="suit" WC="0.96" CC="8830"/>
						<SP ID="P2_SP00539" HPOS="1347" VPOS="2911" WIDTH="15"/>
						<String ID="P2_ST00638" HPOS="1362" VPOS="2878" WIDTH="55" HEIGHT="34" CONTENT="the" WC="0.97" CC="800"/>
						<SP ID="P2_SP00540" HPOS="1417" VPOS="2912" WIDTH="16"/>
						<String ID="P2_ST00639" HPOS="1433" VPOS="2881" WIDTH="136" HEIGHT="42" CONTENT="popular" WC="0.99" CC="0707200"/>
						<SP ID="P2_SP00541" HPOS="1569" VPOS="2923" WIDTH="11"/>
						<String ID="P2_ST00640" HPOS="1580" VPOS="2887" WIDTH="81" HEIGHT="28" CONTENT="taste" WC="0.95" CC="97790"/>
						<SP ID="P2_SP00542" HPOS="1661" VPOS="2923" WIDTH="15"/>
						<String ID="P2_ST00641" HPOS="1676" VPOS="2893" WIDTH="7" HEIGHT="29" CONTENT=";" WC="0.40" CC="5"/>
					</TextLine>
					<TextLine ID="P2_TL00100" HPOS="928" VPOS="2929" WIDTH="755" HEIGHT="48">
						<String ID="P2_ST00642" HPOS="928" VPOS="2929" WIDTH="111" HEIGHT="32" CONTENT="whilst" WC="0.98" CC="070409"/>
						<SP ID="P2_SP00543" HPOS="1039" VPOS="2961" WIDTH="17"/>
						<String ID="P2_ST00643" HPOS="1056" VPOS="2930" WIDTH="54" HEIGHT="32" CONTENT="the" WC="0.97" CC="070"/>
						<SP ID="P2_SP00544" HPOS="1110" VPOS="2962" WIDTH="16"/>
						<String ID="P2_ST00644" HPOS="1126" VPOS="2931" WIDTH="79" HEIGHT="42" CONTENT="high" WC="0.95" CC="7077"/>
						<SP ID="P2_SP00545" HPOS="1205" VPOS="2973" WIDTH="18"/>
						<String ID="P2_ST00645" HPOS="1223" VPOS="2935" WIDTH="211" HEIGHT="39" CONTENT="professional" WC="0.98" CC="904967737805"/>
						<SP ID="P2_SP00546" HPOS="1434" VPOS="2974" WIDTH="18"/>
						<String ID="P2_ST00646" HPOS="1452" VPOS="2943" WIDTH="112" HEIGHT="34" CONTENT="repute" WC="0.99" CC="000700"/>
						<SP ID="P2_SP00547" HPOS="1564" VPOS="2977" WIDTH="18"/>
						<String ID="P2_ST00647" HPOS="1582" VPOS="2939" WIDTH="35" HEIGHT="30" CONTENT="of" WC="0.32" CC="49"/>
						<SP ID="P2_SP00548" HPOS="1617" VPOS="2977" WIDTH="11"/>
						<String ID="P2_ST00648" HPOS="1628" VPOS="2938" WIDTH="55" HEIGHT="32" CONTENT="the" WC="0.91" CC="977"/>
					</TextLine>
					<TextLine ID="P2_TL00101" HPOS="928" VPOS="2985" WIDTH="751" HEIGHT="42">
						<String ID="P2_ST00649" HPOS="928" VPOS="2985" WIDTH="143" HEIGHT="36" CONTENT="talented" WC="0.99" CC="09021070"/>
						<SP ID="P2_SP00549" HPOS="1071" VPOS="3021" WIDTH="17"/>
						<String ID="P2_ST00650" HPOS="1088" VPOS="2987" WIDTH="161" HEIGHT="35" CONTENT="members" WC="0.99" CC="0307008"/>
						<SP ID="P2_SP00550" HPOS="1249" VPOS="3022" WIDTH="17"/>
						<String ID="P2_ST00651" HPOS="1266" VPOS="2990" WIDTH="35" HEIGHT="32" CONTENT="of" WC="0.74" CC="50"/>
						<SP ID="P2_SP00551" HPOS="1301" VPOS="3022" WIDTH="13"/>
						<String ID="P2_ST00652" HPOS="1314" VPOS="2990" WIDTH="64" HEIGHT="34" CONTENT="this" WC="0.96" CC="0709"/>
						<SP ID="P2_SP00552" HPOS="1378" VPOS="3024" WIDTH="17"/>
						<String ID="P2_ST00653" HPOS="1395" VPOS="3003" WIDTH="179" HEIGHT="23" CONTENT="numerous" WC="0.97" CC="88730685"/>
						<SP ID="P2_SP00553" HPOS="1574" VPOS="3026" WIDTH="16"/>
						<String ID="P2_ST00654" HPOS="1590" VPOS="2995" WIDTH="67" HEIGHT="32" CONTENT="Com" SUBS_TYPE="HypPart1" SUBS_CONTENT="Company," WC="0.95" CC="909"/>
						<HYP HPOS="1657" VPOS="2995" WIDTH="22" CONTENT="-"/>
					</TextLine>
					<TextLine ID="P2_TL00102" HPOS="929" VPOS="3044" WIDTH="754" HEIGHT="46">
						<String ID="P2_ST00655" HPOS="929" VPOS="3053" WIDTH="98" HEIGHT="30" CONTENT="pany," SUBS_TYPE="HypPart2" SUBS_CONTENT="Company," WC="0.97" CC="90702"/>
						<SP ID="P2_SP00554" HPOS="1027" VPOS="3083" WIDTH="17"/>
						<String ID="P2_ST00656" HPOS="1044" VPOS="3044" WIDTH="63" HEIGHT="30" CONTENT="and" WC="0.95" CC="840"/>
						<SP ID="P2_SP00555" HPOS="1107" VPOS="3083" WIDTH="18"/>
						<String ID="P2_ST00657" HPOS="1125" VPOS="3044" WIDTH="53" HEIGHT="30" CONTENT="the" WC="0.93" CC="279"/>
						<SP ID="P2_SP00556" HPOS="1178" VPOS="3083" WIDTH="19"/>
						<String ID="P2_ST00658" HPOS="1197" VPOS="3046" WIDTH="163" HEIGHT="31" CONTENT="favorable" WC="0.98" CC="990379753"/>
						<SP ID="P2_SP00557" HPOS="1360" VPOS="3083" WIDTH="17"/>
						<String ID="P2_ST00659" HPOS="1377" VPOS="3047" WIDTH="212" HEIGHT="41" CONTENT="impressions" WC="0.98" CC="09775777787"/>
						<SP ID="P2_SP00558" HPOS="1589" VPOS="3088" WIDTH="17"/>
						<String ID="P2_ST00660" HPOS="1606" VPOS="3051" WIDTH="77" HEIGHT="39" CONTENT="they" WC="0.97" CC="0770"/>
					</TextLine>
					<TextLine ID="P2_TL00103" HPOS="929" VPOS="3097" WIDTH="754" HEIGHT="48">
						<String ID="P2_ST00661" HPOS="929" VPOS="3097" WIDTH="82" HEIGHT="34" CONTENT="have" WC="0.95" CC="7960"/>
						<SP ID="P2_SP00559" HPOS="1011" VPOS="3131" WIDTH="24"/>
						<String ID="P2_ST00662" HPOS="1035" VPOS="3099" WIDTH="94" HEIGHT="34" CONTENT="made" WC="0.96" CC="9007"/>
						<SP ID="P2_SP00560" HPOS="1129" VPOS="3133" WIDTH="25"/>
						<String ID="P2_ST00663" HPOS="1154" VPOS="3111" WIDTH="120" HEIGHT="30" CONTENT="among" WC="0.97" CC="09580"/>
						<SP ID="P2_SP00561" HPOS="1274" VPOS="3141" WIDTH="22"/>
						<String ID="P2_ST00664" HPOS="1296" VPOS="3102" WIDTH="195" HEIGHT="43" CONTENT="play-goers," WC="0.99" CC="01904970900"/>
						<SP ID="P2_SP00562" HPOS="1491" VPOS="3145" WIDTH="26"/>
						<String ID="P2_ST00665" HPOS="1517" VPOS="3104" WIDTH="166" HEIGHT="33" CONTENT="wherever" WC="0.98" CC="97004940"/>
					</TextLine>
					<TextLine ID="P2_TL00104" HPOS="929" VPOS="3154" WIDTH="755" HEIGHT="43">
						<String ID="P2_ST00666" HPOS="929" VPOS="3154" WIDTH="77" HEIGHT="43" CONTENT="they" WC="0.95" CC="6709"/>
						<SP ID="P2_SP00563" HPOS="1006" VPOS="3197" WIDTH="23"/>
						<String ID="P2_ST00667" HPOS="1029" VPOS="3155" WIDTH="83" HEIGHT="34" CONTENT="have" WC="0.98" CC="7000"/>
						<SP ID="P2_SP00564" HPOS="1112" VPOS="3197" WIDTH="24"/>
						<String ID="P2_ST00668" HPOS="1136" VPOS="3156" WIDTH="127" HEIGHT="41" CONTENT="visited," WC="0.98" CC="60940900"/>
						<SP ID="P2_SP00565" HPOS="1263" VPOS="3197" WIDTH="25"/>
						<String ID="P2_ST00669" HPOS="1288" VPOS="3159" WIDTH="116" HEIGHT="33" CONTENT="should" WC="0.97" CC="977460"/>
						<SP ID="P2_SP00566" HPOS="1404" VPOS="3197" WIDTH="18"/>
						<String ID="P2_ST00670" HPOS="1422" VPOS="3159" WIDTH="42" HEIGHT="33" CONTENT="all" WC="0.91" CC="958"/>
						<SP ID="P2_SP00567" HPOS="1464" VPOS="3197" WIDTH="15"/>
						<String ID="P2_ST00671" HPOS="1479" VPOS="3162" WIDTH="103" HEIGHT="32" CONTENT="result" WC="0.97" CC="099609"/>
						<SP ID="P2_SP00568" HPOS="1582" VPOS="3197" WIDTH="25"/>
						<String ID="P2_ST00672" HPOS="1607" VPOS="3162" WIDTH="33" HEIGHT="32" CONTENT="in" WC="0.56" CC="08"/>
						<SP ID="P2_SP00569" HPOS="1640" VPOS="3197" WIDTH="27"/>
						<String ID="P2_ST00673" HPOS="1667" VPOS="3175" WIDTH="17" HEIGHT="21" CONTENT="a" WC="1.00" CC="0"/>
					</TextLine>
					<TextLine ID="P2_TL00105" HPOS="928" VPOS="3212" WIDTH="755" HEIGHT="48">
						<String ID="P2_ST00674" HPOS="928" VPOS="3212" WIDTH="150" HEIGHT="32" CONTENT="crowded" WC="0.99" CC="7060050"/>
						<SP ID="P2_SP00570" HPOS="1078" VPOS="3244" WIDTH="43"/>
						<String ID="P2_ST00675" HPOS="1121" VPOS="3213" WIDTH="111" HEIGHT="40" CONTENT="house," WC="0.97" CC="726922"/>
						<SP ID="P2_SP00571" HPOS="1232" VPOS="3253" WIDTH="38"/>
						<String ID="P2_ST00676" HPOS="1270" VPOS="3216" WIDTH="64" HEIGHT="31" CONTENT="and" WC="0.97" CC="080"/>
						<SP ID="P2_SP00572" HPOS="1334" VPOS="3253" WIDTH="44"/>
						<String ID="P2_ST00677" HPOS="1378" VPOS="3228" WIDTH="42" HEIGHT="20" CONTENT="an" WC="0.07" CC="98"/>
						<SP ID="P2_SP00573" HPOS="1420" VPOS="3253" WIDTH="43"/>
						<String ID="P2_ST00678" HPOS="1463" VPOS="3220" WIDTH="220" HEIGHT="40" CONTENT="appreciative" WC="0.99" CC="090077499003"/>
					</TextLine>
					<TextLine ID="P2_TL00106" HPOS="929" VPOS="3267" WIDTH="167" HEIGHT="37">
						<String ID="P2_ST00679" HPOS="929" VPOS="3267" WIDTH="167" HEIGHT="37" CONTENT="audience." WC="0.99" CC="950008004"/>
					</TextLine>
					<TextLine ID="P2_TL00107" HPOS="970" VPOS="3327" WIDTH="714" HEIGHT="46">
						<String ID="P2_ST00680" HPOS="970" VPOS="3327" WIDTH="128" HEIGHT="41" CONTENT="During" WC="0.97" CC="950179"/>
						<SP ID="P2_SP00574" HPOS="1098" VPOS="3368" WIDTH="17"/>
						<String ID="P2_ST00681" HPOS="1115" VPOS="3340" WIDTH="60" HEIGHT="19" CONTENT="one" WC="1.00" CC="001"/>
						<SP ID="P2_SP00575" HPOS="1175" VPOS="3368" WIDTH="16"/>
						<String ID="P2_ST00682" HPOS="1191" VPOS="3331" WIDTH="116" HEIGHT="30" CONTENT="month" WC="0.96" CC="04977"/>
						<SP ID="P2_SP00576" HPOS="1307" VPOS="3368" WIDTH="16"/>
						<String ID="P2_ST00683" HPOS="1323" VPOS="3332" WIDTH="155" HEIGHT="41" CONTENT="recently," WC="0.99" CC="004180400"/>
						<SP ID="P2_SP00577" HPOS="1478" VPOS="3373" WIDTH="15"/>
						<String ID="P2_ST00684" HPOS="1493" VPOS="3333" WIDTH="55" HEIGHT="31" CONTENT="the" WC="0.94" CC="970"/>
						<SP ID="P2_SP00578" HPOS="1548" VPOS="3373" WIDTH="13"/>
						<String ID="P2_ST00685" HPOS="1561" VPOS="3334" WIDTH="123" HEIGHT="32" CONTENT="officers" WC="0.99" CC="03375007"/>
					</TextLine>
					<TextLine ID="P2_TL00108" HPOS="928" VPOS="3371" WIDTH="758" HEIGHT="49">
						<String ID="P2_ST00686" HPOS="928" VPOS="3377" WIDTH="32" HEIGHT="27" CONTENT="ot" WC="0.25" CC="77"/>
						<SP ID="P2_SP00579" HPOS="960" VPOS="3404" WIDTH="16"/>
						<String ID="P2_ST00687" HPOS="976" VPOS="3371" WIDTH="54" HEIGHT="34" CONTENT="the" WC="0.95" CC="076"/>
						<SP ID="P2_SP00580" HPOS="1030" VPOS="3405" WIDTH="17"/>
						<String ID="P2_ST00688" HPOS="1047" VPOS="3373" WIDTH="244" HEIGHT="44" CONTENT="Fishmongers'" WC="0.98" CC="950709697982"/>
						<SP ID="P2_SP00581" HPOS="1291" VPOS="3417" WIDTH="26"/>
						<String ID="P2_ST00689" HPOS="1317" VPOS="3378" WIDTH="171" HEIGHT="42" CONTENT="Company" WC="0.98" CC="9070080"/>
						<SP ID="P2_SP00582" HPOS="1488" VPOS="3420" WIDTH="22"/>
						<String ID="P2_ST00690" HPOS="1510" VPOS="3380" WIDTH="115" HEIGHT="37" CONTENT="seized," WC="0.97" CC="9476603"/>
						<SP ID="P2_SP00583" HPOS="1625" VPOS="3420" WIDTH="28"/>
						<String ID="P2_ST00691" HPOS="1653" VPOS="3387" WIDTH="33" HEIGHT="27" CONTENT="at" WC="0.53" CC="09"/>
					</TextLine>
					<TextLine ID="P2_TL00109" HPOS="929" VPOS="3418" WIDTH="755" HEIGHT="45">
						<String ID="P2_ST00692" HPOS="929" VPOS="3418" WIDTH="64" HEIGHT="33" CONTENT="and" WC="0.92" CC="786"/>
						<SP ID="P2_SP00584" HPOS="993" VPOS="3451" WIDTH="23"/>
						<String ID="P2_ST00693" HPOS="1016" VPOS="3430" WIDTH="79" HEIGHT="22" CONTENT="near" WC="0.97" CC="8500"/>
						<SP ID="P2_SP00585" HPOS="1095" VPOS="3452" WIDTH="22"/>
						<String ID="P2_ST00694" HPOS="1117" VPOS="3420" WIDTH="213" HEIGHT="42" CONTENT="Billingsgate" WC="0.99" CC="715448089045"/>
						<SP ID="P2_SP00586" HPOS="1330" VPOS="3462" WIDTH="24"/>
						<String ID="P2_ST00695" HPOS="1354" VPOS="3424" WIDTH="137" HEIGHT="39" CONTENT="market," WC="0.99" CC="0000694"/>
						<SP ID="P2_SP00587" HPOS="1491" VPOS="3463" WIDTH="31"/>
						<String ID="P2_ST00696" HPOS="1522" VPOS="3436" WIDTH="41" HEIGHT="21" CONTENT="no" WC="0.13" CC="88"/>
						<SP ID="P2_SP00588" HPOS="1563" VPOS="3463" WIDTH="26"/>
						<String ID="P2_ST00697" HPOS="1589" VPOS="3428" WIDTH="95" HEIGHT="32" CONTENT="fewer" WC="0.97" CC="76830"/>
					</TextLine>
					<TextLine ID="P2_TL00110" HPOS="928" VPOS="3465" WIDTH="756" HEIGHT="42">
						<String ID="P2_ST00698" HPOS="928" VPOS="3465" WIDTH="81" HEIGHT="33" CONTENT="than" WC="0.96" CC="5706"/>
						<SP ID="P2_SP00589" HPOS="1009" VPOS="3498" WIDTH="23"/>
						<String ID="P2_ST00699" HPOS="1032" VPOS="3467" WIDTH="40" HEIGHT="33" CONTENT="GG" WC="1.00" CC="00"/>
						<SP ID="P2_SP00590" HPOS="1072" VPOS="3500" WIDTH="23"/>
						<String ID="P2_ST00700" HPOS="1095" VPOS="3472" WIDTH="73" HEIGHT="28" CONTENT="tons" WC="0.95" CC="9409"/>
						<SP ID="P2_SP00591" HPOS="1168" VPOS="3500" WIDTH="22"/>
						<String ID="P2_ST00701" HPOS="1190" VPOS="3470" WIDTH="37" HEIGHT="32" CONTENT="of" WC="0.68" CC="60"/>
						<SP ID="P2_SP00592" HPOS="1227" VPOS="3502" WIDTH="17"/>
						<String ID="P2_ST00702" HPOS="1244" VPOS="3469" WIDTH="63" HEIGHT="33" CONTENT="fish" WC="0.95" CC="8097"/>
						<SP ID="P2_SP00593" HPOS="1307" VPOS="3502" WIDTH="17"/>
						<String ID="P2_ST00703" HPOS="1324" VPOS="3482" WIDTH="35" HEIGHT="21" CONTENT="as" WC="1.00" CC="99"/>
						<SP ID="P2_SP00594" HPOS="1359" VPOS="3503" WIDTH="22"/>
						<String ID="P2_ST00704" HPOS="1381" VPOS="3473" WIDTH="84" HEIGHT="33" CONTENT="unlit" WC="0.96" CC="60559"/>
						<SP ID="P2_SP00595" HPOS="1465" VPOS="3506" WIDTH="22"/>
						<String ID="P2_ST00705" HPOS="1487" VPOS="3472" WIDTH="50" HEIGHT="34" CONTENT="for" WC="0.91" CC="877"/>
						<SP ID="P2_SP00596" HPOS="1537" VPOS="3506" WIDTH="22"/>
						<String ID="P2_ST00706" HPOS="1559" VPOS="3473" WIDTH="125" HEIGHT="34" CONTENT="human" WC="0.94" CC="77998"/>
					</TextLine>
					<TextLine ID="P2_TL00111" HPOS="928" VPOS="3512" WIDTH="85" HEIGHT="33">
						<String ID="P2_ST00707" HPOS="928" VPOS="3512" WIDTH="85" HEIGHT="33" CONTENT="food." WC="0.98" CC="47000"/>
					</TextLine>
				</TextBlock>
				<TextBlock ID="P2_TB00004" HPOS="913" VPOS="3574" WIDTH="772" HEIGHT="153" STYLEREFS="TXT_3 PAR_LEFT">
					<TextLine ID="P2_TL00112" HPOS="929" VPOS="3615" WIDTH="755" HEIGHT="75">
						<String ID="P2_ST00708" HPOS="929" VPOS="3615" WIDTH="755" HEIGHT="75" CONTENT="CORRESPONDENCE" WC="0.99" CC="35031066735540"/>
					</TextLine>
				</TextBlock>
				<TextBlock ID="P2_TB00005" HPOS="913" VPOS="3727" WIDTH="774" HEIGHT="157" STYLEREFS="TXT_0 PAR_LEFT">
					<TextLine ID="P2_TL00113" HPOS="976" VPOS="3752" WIDTH="708" HEIGHT="54">
						<String ID="P2_ST00709" HPOS="976" VPOS="3752" WIDTH="72" HEIGHT="48" CONTENT="[We" WC="0.96" CC="190"/>
						<SP ID="P2_SP00597" HPOS="1048" VPOS="3800" WIDTH="38"/>
						<String ID="P2_ST00710" HPOS="1086" VPOS="3756" WIDTH="40" HEIGHT="34" CONTENT="do" WC="0.22" CC="95"/>
						<SP ID="P2_SP00598" HPOS="1126" VPOS="3800" WIDTH="37"/>
						<String ID="P2_ST00711" HPOS="1163" VPOS="3761" WIDTH="57" HEIGHT="30" CONTENT="not" WC="0.94" CC="429"/>
						<SP ID="P2_SP00599" HPOS="1220" VPOS="3800" WIDTH="38"/>
						<String ID="P2_ST00712" HPOS="1258" VPOS="3761" WIDTH="197" HEIGHT="43" CONTENT="necessarily" WC="0.98" CC="70006797129"/>
						<SP ID="P2_SP00600" HPOS="1455" VPOS="3804" WIDTH="38"/>
						<String ID="P2_ST00713" HPOS="1493" VPOS="3762" WIDTH="101" HEIGHT="44" CONTENT="adopt" WC="0.95" CC="79099"/>
						<SP ID="P2_SP00601" HPOS="1594" VPOS="3806" WIDTH="37"/>
						<String ID="P2_ST00714" HPOS="1631" VPOS="3765" WIDTH="53" HEIGHT="33" CONTENT="the" WC="0.97" CC="170"/>
					</TextLine>
					<TextLine ID="P2_TL00114" HPOS="1051" VPOS="3803" WIDTH="597" HEIGHT="50">
						<String ID="P2_ST00715" HPOS="1051" VPOS="3803" WIDTH="151" HEIGHT="45" CONTENT="opinions" WC="0.98" CC="38095090"/>
						<SP ID="P2_SP00602" HPOS="1202" VPOS="3848" WIDTH="16"/>
						<String ID="P2_ST00716" HPOS="1218" VPOS="3805" WIDTH="35" HEIGHT="34" CONTENT="of" WC="0.68" CC="06"/>
						<SP ID="P2_SP00603" HPOS="1253" VPOS="3848" WIDTH="12"/>
						<String ID="P2_ST00717" HPOS="1265" VPOS="3819" WIDTH="59" HEIGHT="21" CONTENT="our" WC="0.92" CC="677"/>
						<SP ID="P2_SP00604" HPOS="1324" VPOS="3848" WIDTH="16"/>
						<String ID="P2_ST00718" HPOS="1340" VPOS="3808" WIDTH="277" HEIGHT="45" CONTENT="Correspondents" WC="0.98" CC="06072796997776"/>
						<SP ID="P2_SP00605" HPOS="1617" VPOS="3853" WIDTH="10"/>
						<String ID="P2_ST00719" HPOS="1627" VPOS="3812" WIDTH="21" HEIGHT="41" CONTENT="j." WC="0.59" CC="80"/>
					</TextLine>
				</TextBlock>
				<TextBlock ID="P2_TB00006" HPOS="913" VPOS="3884" WIDTH="650" HEIGHT="55" STYLEREFS="TXT_0 PAR_LEFT">
					<TextLine ID="P2_TL00115" HPOS="1037" VPOS="3896" WIDTH="524" HEIGHT="41">
						<String ID="P2_ST00720" HPOS="1037" VPOS="3896" WIDTH="94" HEIGHT="35" CONTENT="THE" WC="0.92" CC="768"/>
						<SP ID="P2_SP00606" HPOS="1131" VPOS="3931" WIDTH="25"/>
						<String ID="P2_ST00721" HPOS="1156" VPOS="3898" WIDTH="134" HEIGHT="35" CONTENT="PRICE" WC="0.97" CC="77140"/>
						<SP ID="P2_SP00607" HPOS="1290" VPOS="3933" WIDTH="26"/>
						<String ID="P2_ST00722" HPOS="1316" VPOS="3900" WIDTH="55" HEIGHT="34" CONTENT="OF" WC="0.44" CC="46"/>
						<SP ID="P2_SP00608" HPOS="1371" VPOS="3934" WIDTH="22"/>
						<String ID="P2_ST00723" HPOS="1393" VPOS="3902" WIDTH="168" HEIGHT="35" CONTENT="BREAD." WC="0.97" CC="772930"/>
					</TextLine>
				</TextBlock>
				<TextBlock ID="P2_TB00007" HPOS="913" VPOS="3939" WIDTH="777" HEIGHT="1201" STYLEREFS="TXT_0 PAR_LEFT">
					<TextLine ID="P2_TL00116" HPOS="1147" VPOS="4013" WIDTH="320" HEIGHT="47">
						<String ID="P2_ST00724" HPOS="1147" VPOS="4013" WIDTH="59" HEIGHT="42" CONTENT="(To" WC="0.95" CC="570"/>
						<SP ID="P2_SP00609" HPOS="1206" VPOS="4055" WIDTH="23"/>
						<String ID="P2_ST00725" HPOS="1229" VPOS="4024" WIDTH="66" HEIGHT="22" CONTENT="the" WC="0.94" CC="915"/>
						<SP ID="P2_SP00610" HPOS="1295" VPOS="4055" WIDTH="18"/>
						<String ID="P2_ST00726" HPOS="1313" VPOS="4016" WIDTH="154" HEIGHT="44" CONTENT="Editor.)" WC="0.99" CC="07145501"/>
					</TextLine>
					<TextLine ID="P2_TL00117" HPOS="971" VPOS="4067" WIDTH="715" HEIGHT="55">
						<String ID="P2_ST00727" HPOS="971" VPOS="4067" WIDTH="182" HEIGHT="42" CONTENT="Sir,—The" WC="0.99" CC="13608070"/>
						<SP ID="P2_SP00611" HPOS="1153" VPOS="4109" WIDTH="38"/>
						<String ID="P2_ST00728" HPOS="1191" VPOS="4078" WIDTH="131" HEIGHT="37" CONTENT="present" WC="0.98" CC="9905009"/>
						<SP ID="P2_SP00612" HPOS="1322" VPOS="4115" WIDTH="27"/>
						<String ID="P2_ST00729" HPOS="1349" VPOS="4072" WIDTH="79" HEIGHT="45" CONTENT="high" WC="0.94" CC="8586"/>
						<SP ID="P2_SP00613" HPOS="1428" VPOS="4117" WIDTH="38"/>
						<String ID="P2_ST00730" HPOS="1466" VPOS="4076" WIDTH="86" HEIGHT="44" CONTENT="price" WC="0.99" CC="00064"/>
						<SP ID="P2_SP00614" HPOS="1552" VPOS="4120" WIDTH="37"/>
						<String ID="P2_ST00731" HPOS="1589" VPOS="4076" WIDTH="97" HEIGHT="46" CONTENT="being" WC="0.96" CC="80297"/>
					</TextLine>
					<TextLine ID="P2_TL00118" HPOS="927" VPOS="4127" WIDTH="759" HEIGHT="55">
						<String ID="P2_ST00732" HPOS="927" VPOS="4127" WIDTH="142" HEIGHT="44" CONTENT="charged" WC="0.98" CC="4900728"/>
						<SP ID="P2_SP00615" HPOS="1069" VPOS="4171" WIDTH="15"/>
						<String ID="P2_ST00733" HPOS="1084" VPOS="4128" WIDTH="77" HEIGHT="35" CONTENT="here" WC="0.97" CC="6404"/>
						<SP ID="P2_SP00616" HPOS="1161" VPOS="4171" WIDTH="12"/>
						<String ID="P2_ST00734" HPOS="1173" VPOS="4130" WIDTH="122" HEIGHT="34" CONTENT="fortius" WC="0.98" CC="7608580"/>
						<SP ID="P2_SP00617" HPOS="1295" VPOS="4171" WIDTH="14"/>
						<String ID="P2_ST00735" HPOS="1309" VPOS="4132" WIDTH="227" HEIGHT="40" CONTENT="article,—one" WC="0.99" CC="806495038071"/>
						<SP ID="P2_SP00618" HPOS="1536" VPOS="4172" WIDTH="17"/>
						<String ID="P2_ST00736" HPOS="1553" VPOS="4135" WIDTH="133" HEIGHT="47" CONTENT="shilling" WC="0.98" CC="77402260"/>
					</TextLine>
					<TextLine ID="P2_TL00119" HPOS="929" VPOS="4184" WIDTH="756" HEIGHT="48">
						<String ID="P2_ST00737" HPOS="929" VPOS="4184" WIDTH="54" HEIGHT="31" CONTENT="the" WC="0.93" CC="990"/>
						<SP ID="P2_SP00619" HPOS="983" VPOS="4215" WIDTH="17"/>
						<String ID="P2_ST00738" HPOS="1000" VPOS="4184" WIDTH="60" HEIGHT="32" CONTENT="lull" WC="0.97" CC="8700"/>
						<SP ID="P2_SP00620" HPOS="1060" VPOS="4216" WIDTH="14"/>
						<String ID="P2_ST00739" HPOS="1074" VPOS="4185" WIDTH="158" HEIGHT="41" CONTENT="loaf,—is," WC="1.00" CC="040140003"/>
						<SP ID="P2_SP00621" HPOS="1232" VPOS="4226" WIDTH="24"/>
						<String ID="P2_ST00740" HPOS="1256" VPOS="4187" WIDTH="18" HEIGHT="32" CONTENT="I" WC="0.86" CC="1"/>
						<SP ID="P2_SP00622" HPOS="1274" VPOS="4226" WIDTH="16"/>
						<String ID="P2_ST00741" HPOS="1290" VPOS="4194" WIDTH="135" HEIGHT="27" CONTENT="venture" WC="0.98" CC="5090665"/>
						<SP ID="P2_SP00623" HPOS="1425" VPOS="4226" WIDTH="26"/>
						<String ID="P2_ST00742" HPOS="1451" VPOS="4198" WIDTH="31" HEIGHT="25" CONTENT="to" WC="0.51" CC="72"/>
						<SP ID="P2_SP00624" HPOS="1482" VPOS="4226" WIDTH="17"/>
						<String ID="P2_ST00743" HPOS="1499" VPOS="4191" WIDTH="106" HEIGHT="41" CONTENT="think," WC="0.97" CC="090693"/>
						<SP ID="P2_SP00625" HPOS="1605" VPOS="4232" WIDTH="20"/>
						<String ID="P2_ST00744" HPOS="1625" VPOS="4205" WIDTH="60" HEIGHT="22" CONTENT="one" WC="0.97" CC="080"/>
					</TextLine>
					<TextLine ID="P2_TL00120" HPOS="929" VPOS="4241" WIDTH="756" HEIGHT="48">
						<String ID="P2_ST00745" HPOS="929" VPOS="4241" WIDTH="108" HEIGHT="34" CONTENT="which" WC="0.96" CC="99470"/>
						<SP ID="P2_SP00626" HPOS="1037" VPOS="4275" WIDTH="26"/>
						<String ID="P2_ST00746" HPOS="1063" VPOS="4242" WIDTH="107" HEIGHT="43" CONTENT="might" WC="0.97" CC="00909"/>
						<SP ID="P2_SP00627" HPOS="1170" VPOS="4285" WIDTH="25"/>
						<String ID="P2_ST00747" HPOS="1195" VPOS="4255" WIDTH="79" HEIGHT="32" CONTENT="very" WC="0.97" CC="7107"/>
						<SP ID="P2_SP00628" HPOS="1274" VPOS="4287" WIDTH="24"/>
						<String ID="P2_ST00748" HPOS="1298" VPOS="4245" WIDTH="144" HEIGHT="44" CONTENT="fittingly" WC="0.98" CC="709537978"/>
						<SP ID="P2_SP00629" HPOS="1442" VPOS="4289" WIDTH="23"/>
						<String ID="P2_ST00749" HPOS="1465" VPOS="4247" WIDTH="69" HEIGHT="36" CONTENT="find" WC="0.96" CC="2269"/>
						<SP ID="P2_SP00630" HPOS="1534" VPOS="4289" WIDTH="24"/>
						<String ID="P2_ST00750" HPOS="1558" VPOS="4262" WIDTH="19" HEIGHT="21" CONTENT="a" WC="1.00" CC="0"/>
						<SP ID="P2_SP00631" HPOS="1577" VPOS="4289" WIDTH="25"/>
						<String ID="P2_ST00751" HPOS="1602" VPOS="4252" WIDTH="83" HEIGHT="34" CONTENT="little" WC="0.98" CC="209037"/>
					</TextLine>
					<TextLine ID="P2_TL00121" HPOS="929" VPOS="4300" WIDTH="757" HEIGHT="46">
						<String ID="P2_ST00752" HPOS="929" VPOS="4300" WIDTH="210" HEIGHT="42" CONTENT="prominence" WC="0.99" CC="8057180000"/>
						<SP ID="P2_SP00632" HPOS="1139" VPOS="4342" WIDTH="16"/>
						<String ID="P2_ST00753" HPOS="1155" VPOS="4300" WIDTH="34" HEIGHT="34" CONTENT="in" WC="0.61" CC="07"/>
						<SP ID="P2_SP00633" HPOS="1189" VPOS="4342" WIDTH="15"/>
						<String ID="P2_ST00754" HPOS="1204" VPOS="4312" WIDTH="84" HEIGHT="32" CONTENT="your" WC="0.97" CC="7060"/>
						<SP ID="P2_SP00634" HPOS="1288" VPOS="4344" WIDTH="15"/>
						<String ID="P2_ST00755" HPOS="1303" VPOS="4303" WIDTH="158" HEIGHT="35" CONTENT="columns." WC="0.98" CC="10079860"/>
						<SP ID="P2_SP00635" HPOS="1461" VPOS="4344" WIDTH="46"/>
						<String ID="P2_ST00756" HPOS="1507" VPOS="4307" WIDTH="99" HEIGHT="35" CONTENT="From" WC="0.93" CC="7978"/>
						<SP ID="P2_SP00636" HPOS="1606" VPOS="4344" WIDTH="25"/>
						<String ID="P2_ST00757" HPOS="1631" VPOS="4310" WIDTH="55" HEIGHT="36" CONTENT="the" WC="0.98" CC="600"/>
					</TextLine>
					<TextLine ID="P2_TL00122" HPOS="930" VPOS="4356" WIDTH="756" HEIGHT="52">
						<String ID="P2_ST00758" HPOS="930" VPOS="4356" WIDTH="76" HEIGHT="39" CONTENT="fact," WC="0.96" CC="09492"/>
						<SP ID="P2_SP00637" HPOS="1006" VPOS="4395" WIDTH="27"/>
						<String ID="P2_ST00759" HPOS="1033" VPOS="4356" WIDTH="83" HEIGHT="40" CONTENT="that," WC="0.97" CC="07383"/>
						<SP ID="P2_SP00638" HPOS="1116" VPOS="4396" WIDTH="27"/>
						<String ID="P2_ST00760" HPOS="1143" VPOS="4369" WIDTH="36" HEIGHT="22" CONTENT="as" WC="1.00" CC="00"/>
						<SP ID="P2_SP00639" HPOS="1179" VPOS="4396" WIDTH="26"/>
						<String ID="P2_ST00761" HPOS="1205" VPOS="4366" WIDTH="137" HEIGHT="27" CONTENT="matters" WC="0.98" CC="0659090"/>
						<SP ID="P2_SP00640" HPOS="1342" VPOS="4396" WIDTH="23"/>
						<String ID="P2_ST00762" HPOS="1365" VPOS="4363" WIDTH="95" HEIGHT="32" CONTENT="stand" WC="0.99" CC="00070"/>
						<SP ID="P2_SP00641" HPOS="1460" VPOS="4396" WIDTH="23"/>
						<String ID="P2_ST00763" HPOS="1483" VPOS="4368" WIDTH="33" HEIGHT="28" CONTENT="at" WC="0.83" CC="03"/>
						<SP ID="P2_SP00642" HPOS="1516" VPOS="4396" WIDTH="28"/>
						<String ID="P2_ST00764" HPOS="1544" VPOS="4376" WIDTH="142" HEIGHT="32" CONTENT="present," WC="0.98" CC="99050800"/>
					</TextLine>
					<TextLine ID="P2_TL00123" HPOS="931" VPOS="4411" WIDTH="756" HEIGHT="55">
						<String ID="P2_ST00765" HPOS="931" VPOS="4411" WIDTH="91" HEIGHT="34" CONTENT="there" WC="0.99" CC="00070"/>
						<SP ID="P2_SP00643" HPOS="1022" VPOS="4445" WIDTH="29"/>
						<String ID="P2_ST00766" HPOS="1051" VPOS="4412" WIDTH="28" HEIGHT="34" CONTENT="is" WC="0.61" CC="60"/>
						<SP ID="P2_SP00644" HPOS="1079" VPOS="4446" WIDTH="30"/>
						<String ID="P2_ST00767" HPOS="1109" VPOS="4424" WIDTH="19" HEIGHT="23" CONTENT="a" WC="0.77" CC="2"/>
						<SP ID="P2_SP00645" HPOS="1128" VPOS="4447" WIDTH="29"/>
						<String ID="P2_ST00768" HPOS="1157" VPOS="4413" WIDTH="82" HEIGHT="35" CONTENT="little" WC="0.99" CC="009030"/>
						<SP ID="P2_SP00646" HPOS="1239" VPOS="4448" WIDTH="31"/>
						<String ID="P2_ST00769" HPOS="1270" VPOS="4416" WIDTH="80" HEIGHT="33" CONTENT="mild" WC="0.97" CC="0029"/>
						<SP ID="P2_SP00647" HPOS="1350" VPOS="4449" WIDTH="32"/>
						<String ID="P2_ST00770" HPOS="1382" VPOS="4421" WIDTH="176" HEIGHT="43" CONTENT="monopoly" WC="1.00" CC="00300300"/>
						<SP ID="P2_SP00648" HPOS="1558" VPOS="4464" WIDTH="31"/>
						<String ID="P2_ST00771" HPOS="1589" VPOS="4425" WIDTH="98" HEIGHT="41" CONTENT="goin&lt;*" WC="0.53" CC="051757"/>
					</TextLine>
					<TextLine ID="P2_TL00124" HPOS="933" VPOS="4471" WIDTH="753" HEIGHT="47">
						<String ID="P2_ST00772" HPOS="933" VPOS="4480" WIDTH="51" HEIGHT="28" CONTENT="on," WC="0.95" CC="470"/>
						<SP ID="P2_SP00649" HPOS="984" VPOS="4508" WIDTH="18"/>
						<String ID="P2_ST00773" HPOS="1002" VPOS="4471" WIDTH="24" HEIGHT="31" CONTENT="it" WC="0.29" CC="49"/>
						<SP ID="P2_SP00650" HPOS="1026" VPOS="4508" WIDTH="16"/>
						<String ID="P2_ST00774" HPOS="1042" VPOS="4481" WIDTH="105" HEIGHT="23" CONTENT="seems" WC="0.97" CC="96006"/>
						<SP ID="P2_SP00651" HPOS="1147" VPOS="4508" WIDTH="17"/>
						<String ID="P2_ST00775" HPOS="1164" VPOS="4472" WIDTH="109" HEIGHT="34" CONTENT="rather" WC="0.98" CC="079030"/>
						<SP ID="P2_SP00652" HPOS="1273" VPOS="4508" WIDTH="16"/>
						<String ID="P2_ST00776" HPOS="1289" VPOS="4474" WIDTH="199" HEIGHT="43" CONTENT="improbable" WC="0.98" CC="0099977847"/>
						<SP ID="P2_SP00653" HPOS="1488" VPOS="4517" WIDTH="21"/>
						<String ID="P2_ST00777" HPOS="1509" VPOS="4479" WIDTH="72" HEIGHT="35" CONTENT="that" WC="0.94" CC="0798"/>
						<SP ID="P2_SP00654" HPOS="1581" VPOS="4517" WIDTH="15"/>
						<String ID="P2_ST00778" HPOS="1596" VPOS="4482" WIDTH="90" HEIGHT="36" CONTENT="there" WC="0.98" CC="07701"/>
					</TextLine>
					<TextLine ID="P2_TL00125" HPOS="932" VPOS="4526" WIDTH="754" HEIGHT="46">
						<String ID="P2_ST00779" HPOS="932" VPOS="4526" WIDTH="65" HEIGHT="31" CONTENT="will" WC="0.96" CC="9403"/>
						<SP ID="P2_SP00655" HPOS="997" VPOS="4557" WIDTH="31"/>
						<String ID="P2_ST00780" HPOS="1028" VPOS="4527" WIDTH="37" HEIGHT="31" CONTENT="be" WC="0.13" CC="79"/>
						<SP ID="P2_SP00656" HPOS="1065" VPOS="4558" WIDTH="30"/>
						<String ID="P2_ST00781" HPOS="1095" VPOS="4539" WIDTH="64" HEIGHT="30" CONTENT="any" WC="0.95" CC="670"/>
						<SP ID="P2_SP00657" HPOS="1159" VPOS="4569" WIDTH="31"/>
						<String ID="P2_ST00782" HPOS="1190" VPOS="4528" WIDTH="172" HEIGHT="35" CONTENT="alteration" WC="0.98" CC="9300999168"/>
						<SP ID="P2_SP00658" HPOS="1362" VPOS="4569" WIDTH="31"/>
						<String ID="P2_ST00783" HPOS="1393" VPOS="4534" WIDTH="109" HEIGHT="31" CONTENT="unless" WC="0.96" CC="880497"/>
						<SP ID="P2_SP00659" HPOS="1502" VPOS="4569" WIDTH="31"/>
						<String ID="P2_ST00784" HPOS="1533" VPOS="4548" WIDTH="153" HEIGHT="24" CONTENT="someone" WC="0.97" CC="7735689"/>
					</TextLine>
					<TextLine ID="P2_TL00126" HPOS="933" VPOS="4582" WIDTH="753" HEIGHT="50">
						<String ID="P2_ST00785" HPOS="933" VPOS="4582" WIDTH="83" HEIGHT="34" CONTENT="from" WC="0.98" CC="0090"/>
						<SP ID="P2_SP00660" HPOS="1016" VPOS="4616" WIDTH="28"/>
						<String ID="P2_ST00786" HPOS="1044" VPOS="4584" WIDTH="54" HEIGHT="33" CONTENT="the" WC="0.95" CC="075"/>
						<SP ID="P2_SP00661" HPOS="1098" VPOS="4617" WIDTH="23"/>
						<String ID="P2_ST00787" HPOS="1121" VPOS="4585" WIDTH="125" HEIGHT="34" CONTENT="outside" WC="0.97" CC="5798206"/>
						<SP ID="P2_SP00662" HPOS="1246" VPOS="4619" WIDTH="23"/>
						<String ID="P2_ST00788" HPOS="1269" VPOS="4594" WIDTH="87" HEIGHT="37" CONTENT="steps" WC="0.96" CC="47695"/>
						<SP ID="P2_SP00663" HPOS="1356" VPOS="4631" WIDTH="16"/>
						<String ID="P2_ST00789" HPOS="1372" VPOS="4589" WIDTH="32" HEIGHT="33" CONTENT="in" WC="0.44" CC="28"/>
						<SP ID="P2_SP00664" HPOS="1404" VPOS="4631" WIDTH="25"/>
						<String ID="P2_ST00790" HPOS="1429" VPOS="4597" WIDTH="31" HEIGHT="28" CONTENT="to" WC="0.01" CC="99"/>
						<SP ID="P2_SP00665" HPOS="1460" VPOS="4631" WIDTH="26"/>
						<String ID="P2_ST00791" HPOS="1486" VPOS="4593" WIDTH="54" HEIGHT="34" CONTENT="the" WC="0.96" CC="073"/>
						<SP ID="P2_SP00666" HPOS="1540" VPOS="4631" WIDTH="24"/>
						<String ID="P2_ST00792" HPOS="1564" VPOS="4607" WIDTH="122" HEIGHT="25" CONTENT="rescue." WC="0.98" CC="0077870"/>
					</TextLine>
					<TextLine ID="P2_TL00127" HPOS="935" VPOS="4640" WIDTH="753" HEIGHT="50">
						<String ID="P2_ST00793" HPOS="935" VPOS="4640" WIDTH="119" HEIGHT="38" CONTENT="Stores," WC="0.97" CC="7696530"/>
						<SP ID="P2_SP00667" HPOS="1054" VPOS="4678" WIDTH="15"/>
						<String ID="P2_ST00794" HPOS="1069" VPOS="4642" WIDTH="180" HEIGHT="42" CONTENT="provisions" WC="0.98" CC="0009584989"/>
						<SP ID="P2_SP00668" HPOS="1249" VPOS="4684" WIDTH="14"/>
						<String ID="P2_ST00795" HPOS="1263" VPOS="4647" WIDTH="176" HEIGHT="43" CONTENT="generally," WC="0.98" CC="9085997503"/>
						<SP ID="P2_SP00669" HPOS="1439" VPOS="4690" WIDTH="11"/>
						<String ID="P2_ST00796" HPOS="1450" VPOS="4650" WIDTH="62" HEIGHT="33" CONTENT="and" WC="0.90" CC="989"/>
						<SP ID="P2_SP00670" HPOS="1512" VPOS="4690" WIDTH="11"/>
						<String ID="P2_ST00797" HPOS="1523" VPOS="4650" WIDTH="165" HEIGHT="38" CONTENT="butcher's" WC="0.98" CC="589677038"/>
					</TextLine>
					<TextLine ID="P2_TL00128" HPOS="934" VPOS="4699" WIDTH="754" HEIGHT="49">
						<String ID="P2_ST00798" HPOS="934" VPOS="4704" WIDTH="88" HEIGHT="26" CONTENT="meat" WC="0.94" CC="6499"/>
						<SP ID="P2_SP00671" HPOS="1022" VPOS="4730" WIDTH="24"/>
						<String ID="P2_ST00799" HPOS="1046" VPOS="4699" WIDTH="82" HEIGHT="32" CONTENT="have" WC="0.95" CC="7980"/>
						<SP ID="P2_SP00672" HPOS="1128" VPOS="4731" WIDTH="24"/>
						<String ID="P2_ST00800" HPOS="1152" VPOS="4701" WIDTH="43" HEIGHT="31" CONTENT="all" WC="0.95" CC="560"/>
						<SP ID="P2_SP00673" HPOS="1195" VPOS="4732" WIDTH="25"/>
						<String ID="P2_ST00801" HPOS="1220" VPOS="4703" WIDTH="78" HEIGHT="31" CONTENT="been" WC="0.94" CC="8378"/>
						<SP ID="P2_SP00674" HPOS="1298" VPOS="4734" WIDTH="24"/>
						<String ID="P2_ST00802" HPOS="1322" VPOS="4707" WIDTH="146" HEIGHT="41" CONTENT="recently" WC="0.97" CC="92478459"/>
						<SP ID="P2_SP00675" HPOS="1468" VPOS="4748" WIDTH="23"/>
						<String ID="P2_ST00803" HPOS="1491" VPOS="4709" WIDTH="141" HEIGHT="34" CONTENT="reduced" WC="0.97" CC="9698860"/>
						<SP ID="P2_SP00676" HPOS="1632" VPOS="4748" WIDTH="25"/>
						<String ID="P2_ST00804" HPOS="1657" VPOS="4713" WIDTH="31" HEIGHT="32" CONTENT="in" WC="0.50" CC="18"/>
					</TextLine>
					<TextLine ID="P2_TL00129" HPOS="933" VPOS="4755" WIDTH="755" HEIGHT="50">
						<String ID="P2_ST00805" HPOS="933" VPOS="4763" WIDTH="114" HEIGHT="34" CONTENT="prices," WC="0.99" CC="0901400"/>
						<SP ID="P2_SP00677" HPOS="1047" VPOS="4797" WIDTH="25"/>
						<String ID="P2_ST00806" HPOS="1072" VPOS="4755" WIDTH="64" HEIGHT="34" CONTENT="and" WC="0.97" CC="070"/>
						<SP ID="P2_SP00678" HPOS="1136" VPOS="4797" WIDTH="23"/>
						<String ID="P2_ST00807" HPOS="1159" VPOS="4756" WIDTH="73" HEIGHT="35" CONTENT="that" WC="0.95" CC="8709"/>
						<SP ID="P2_SP00679" HPOS="1232" VPOS="4797" WIDTH="23"/>
						<String ID="P2_ST00808" HPOS="1255" VPOS="4761" WIDTH="184" HEIGHT="44" CONTENT="materially" WC="0.99" CC="0791039570"/>
						<SP ID="P2_SP00680" HPOS="1439" VPOS="4805" WIDTH="25"/>
						<String ID="P2_ST00809" HPOS="1464" VPOS="4770" WIDTH="64" HEIGHT="35" CONTENT="too," WC="0.95" CC="5653"/>
						<SP ID="P2_SP00681" HPOS="1528" VPOS="4805" WIDTH="25"/>
						<String ID="P2_ST00810" HPOS="1553" VPOS="4765" WIDTH="57" HEIGHT="37" CONTENT="but" WC="0.91" CC="789"/>
						<SP ID="P2_SP00682" HPOS="1610" VPOS="4805" WIDTH="23"/>
						<String ID="P2_ST00811" HPOS="1633" VPOS="4769" WIDTH="55" HEIGHT="34" CONTENT="the" WC="0.95" CC="381"/>
					</TextLine>
					<TextLine ID="P2_TL00130" HPOS="935" VPOS="4813" WIDTH="753" HEIGHT="46">
						<String ID="P2_ST00812" HPOS="935" VPOS="4813" WIDTH="52" HEIGHT="31" CONTENT="old" WC="0.99" CC="200"/>
						<SP ID="P2_SP00683" HPOS="987" VPOS="4844" WIDTH="31"/>
						<String ID="P2_ST00813" HPOS="1018" VPOS="4814" WIDTH="101" HEIGHT="40" CONTENT="figure" WC="0.97" CC="761709"/>
						<SP ID="P2_SP00684" HPOS="1119" VPOS="4854" WIDTH="31"/>
						<String ID="P2_ST00814" HPOS="1150" VPOS="4816" WIDTH="49" HEIGHT="31" CONTENT="for" WC="0.93" CC="099"/>
						<SP ID="P2_SP00685" HPOS="1199" VPOS="4854" WIDTH="26"/>
						<String ID="P2_ST00815" HPOS="1225" VPOS="4817" WIDTH="53" HEIGHT="32" CONTENT="the" WC="0.91" CC="977"/>
						<SP ID="P2_SP00686" HPOS="1278" VPOS="4854" WIDTH="27"/>
						<String ID="P2_ST00816" HPOS="1305" VPOS="4819" WIDTH="77" HEIGHT="31" CONTENT="staff" WC="0.94" CC="99877"/>
						<SP ID="P2_SP00687" HPOS="1382" VPOS="4854" WIDTH="28"/>
						<String ID="P2_ST00817" HPOS="1410" VPOS="4822" WIDTH="35" HEIGHT="30" CONTENT="of" WC="0.69" CC="60"/>
						<SP ID="P2_SP00688" HPOS="1445" VPOS="4854" WIDTH="17"/>
						<String ID="P2_ST00818" HPOS="1462" VPOS="4822" WIDTH="54" HEIGHT="33" CONTENT="life" WC="0.96" CC="5166"/>
						<SP ID="P2_SP00689" HPOS="1516" VPOS="4855" WIDTH="30"/>
						<String ID="P2_ST00819" HPOS="1546" VPOS="4828" WIDTH="142" HEIGHT="31" CONTENT="remains" WC="0.96" CC="9799287"/>
					</TextLine>
					<TextLine ID="P2_TL00131" HPOS="934" VPOS="4869" WIDTH="753" HEIGHT="49">
						<String ID="P2_ST00820" HPOS="934" VPOS="4869" WIDTH="199" HEIGHT="33" CONTENT="untouched." WC="0.98" CC="7895977703"/>
						<SP ID="P2_SP00690" HPOS="1133" VPOS="4902" WIDTH="45"/>
						<String ID="P2_ST00821" HPOS="1178" VPOS="4871" WIDTH="87" HEIGHT="34" CONTENT="How" WC="0.95" CC="607"/>
						<SP ID="P2_SP00691" HPOS="1265" VPOS="4905" WIDTH="37"/>
						<String ID="P2_ST00822" HPOS="1302" VPOS="4873" WIDTH="77" HEIGHT="45" CONTENT="long" WC="0.95" CC="6980"/>
						<SP ID="P2_SP00692" HPOS="1379" VPOS="4918" WIDTH="31"/>
						<String ID="P2_ST00823" HPOS="1410" VPOS="4876" WIDTH="27" HEIGHT="33" CONTENT="is" WC="0.46" CC="46"/>
						<SP ID="P2_SP00693" HPOS="1437" VPOS="4918" WIDTH="30"/>
						<String ID="P2_ST00824" HPOS="1467" VPOS="4878" WIDTH="24" HEIGHT="33" CONTENT="it" WC="0.62" CC="07"/>
						<SP ID="P2_SP00694" HPOS="1491" VPOS="4918" WIDTH="39"/>
						<String ID="P2_ST00825" HPOS="1530" VPOS="4886" WIDTH="32" HEIGHT="28" CONTENT="to" WC="0.58" CC="52"/>
						<SP ID="P2_SP00695" HPOS="1562" VPOS="4918" WIDTH="37"/>
						<String ID="P2_ST00826" HPOS="1599" VPOS="4882" WIDTH="60" HEIGHT="34" CONTENT="last" WC="0.98" CC="0460"/>
						<SP ID="P2_SP00696" HPOS="1659" VPOS="4918" WIDTH="15"/>
						<String ID="P2_ST00827" HPOS="1674" VPOS="4886" WIDTH="13" HEIGHT="32" CONTENT="?" WC="0.07" CC="9"/>
					</TextLine>
					<TextLine ID="P2_TL00132" HPOS="936" VPOS="4927" WIDTH="670" HEIGHT="53">
						<String ID="P2_ST00828" HPOS="936" VPOS="4927" WIDTH="98" HEIGHT="32" CONTENT="What" WC="0.93" CC="9779"/>
						<SP ID="P2_SP00697" HPOS="1034" VPOS="4959" WIDTH="15"/>
						<String ID="P2_ST00829" HPOS="1049" VPOS="4927" WIDTH="99" HEIGHT="34" CONTENT="about" WC="0.95" CC="77569"/>
						<SP ID="P2_SP00698" HPOS="1148" VPOS="4961" WIDTH="17"/>
						<String ID="P2_ST00830" HPOS="1165" VPOS="4941" WIDTH="17" HEIGHT="21" CONTENT="a" WC="1.00" CC="0"/>
						<SP ID="P2_SP00699" HPOS="1182" VPOS="4962" WIDTH="18"/>
						<String ID="P2_ST00831" HPOS="1200" VPOS="4929" WIDTH="223" HEIGHT="46" CONTENT="Co-operative" WC="0.98" CC="574990975066"/>
						<SP ID="P2_SP00700" HPOS="1423" VPOS="4975" WIDTH="19"/>
						<String ID="P2_ST00832" HPOS="1442" VPOS="4934" WIDTH="132" HEIGHT="46" CONTENT="Bakery" WC="0.98" CC="761090"/>
						<SP ID="P2_SP00701" HPOS="1574" VPOS="4980" WIDTH="20"/>
						<String ID="P2_ST00833" HPOS="1594" VPOS="4941" WIDTH="12" HEIGHT="31" CONTENT="?" WC="0.47" CC="5"/>
					</TextLine>
					<TextLine ID="P2_TL00133" HPOS="1180" VPOS="4986" WIDTH="263" HEIGHT="45">
						<String ID="P2_ST00834" HPOS="1180" VPOS="4986" WIDTH="115" HEIGHT="42" CONTENT="Yours," WC="0.98" CC="705900"/>
						<SP ID="P2_SP00702" HPOS="1295" VPOS="5028" WIDTH="17"/>
						<String ID="P2_ST00835" HPOS="1312" VPOS="4988" WIDTH="66" HEIGHT="42" CONTENT="«fec," WC="0.54" CC="44480"/>
						<SP ID="P2_SP00703" HPOS="1378" VPOS="5030" WIDTH="18"/>
						<String ID="P2_ST00836" HPOS="1396" VPOS="4990" WIDTH="47" HEIGHT="41" CONTENT="&amp;.," WC="0.86" CC="012"/>
					</TextLine>
					<TextLine ID="P2_TL00134" HPOS="1260" VPOS="5045" WIDTH="388" HEIGHT="42">
						<String ID="P2_ST00837" HPOS="1260" VPOS="5045" WIDTH="86" HEIGHT="32" CONTENT="Live" WC="0.97" CC="3450"/>
						<SP ID="P2_SP00704" HPOS="1346" VPOS="5077" WIDTH="24"/>
						<String ID="P2_ST00838" HPOS="1370" VPOS="5057" WIDTH="64" HEIGHT="22" CONTENT="and" WC="0.93" CC="567"/>
						<SP ID="P2_SP00705" HPOS="1434" VPOS="5079" WIDTH="25"/>
						<String ID="P2_ST00839" HPOS="1459" VPOS="5049" WIDTH="70" HEIGHT="33" CONTENT="Let" WC="0.96" CC="017"/>
						<SP ID="P2_SP00706" HPOS="1529" VPOS="5082" WIDTH="23"/>
						<String ID="P2_ST00840" HPOS="1552" VPOS="5052" WIDTH="96" HEIGHT="35" CONTENT="Live." WC="0.98" CC="00920"/>
					</TextLine>
				</TextBlock>
				<TextBlock ID="P2_TB00008" HPOS="914" VPOS="5140" WIDTH="776" HEIGHT="139" STYLEREFS="TXT_4 PAR_LEFT">
					<TextLine ID="P2_TL00135" HPOS="940" VPOS="5148" WIDTH="748" HEIGHT="62">
						<String ID="P2_ST00841" HPOS="940" VPOS="5148" WIDTH="256" HEIGHT="48" CONTENT="LATEST" WC="0.98" CC="662006"/>
						<SP ID="P2_SP00707" HPOS="1196" VPOS="5196" WIDTH="67"/>
						<String ID="P2_ST00842" HPOS="1263" VPOS="5150" WIDTH="425" HEIGHT="60" CONTENT="TELEGRAMS." WC="0.99" CC="0320057501"/>
					</TextLine>
				</TextBlock>
				<TextBlock ID="P2_TB00009" HPOS="915" VPOS="5280" WIDTH="780" HEIGHT="794" STYLEREFS="TXT_5 PAR_BLOCK">
					<TextLine ID="P2_TL00136" HPOS="1316" VPOS="5285" WIDTH="335" HEIGHT="51">
						<String ID="P2_ST00843" HPOS="1316" VPOS="5285" WIDTH="194" HEIGHT="44" CONTENT="Auckland," WC="0.98" CC="616676750"/>
						<SP ID="P2_SP00708" HPOS="1510" VPOS="5329" WIDTH="18"/>
						<String ID="P2_ST00844" HPOS="1528" VPOS="5291" WIDTH="78" HEIGHT="45" CONTENT="July" WC="0.94" CC="9567"/>
						<SP ID="P2_SP00709" HPOS="1606" VPOS="5336" WIDTH="16"/>
						<String ID="P2_ST00845" HPOS="1622" VPOS="5297" WIDTH="29" HEIGHT="30" CONTENT="5." WC="0.57" CC="80"/>
					</TextLine>
					<TextLine ID="P2_TL00137" HPOS="980" VPOS="5339" WIDTH="713" HEIGHT="50">
						<String ID="P2_ST00846" HPOS="980" VPOS="5339" WIDTH="161" HEIGHT="39" CONTENT="Maxwell," WC="0.97" CC="96991743"/>
						<SP ID="P2_SP00710" HPOS="1141" VPOS="5378" WIDTH="25"/>
						<String ID="P2_ST00847" HPOS="1166" VPOS="5341" WIDTH="139" HEIGHT="44" CONTENT="charged" WC="0.97" CC="0747709"/>
						<SP ID="P2_SP00711" HPOS="1305" VPOS="5385" WIDTH="24"/>
						<String ID="P2_ST00848" HPOS="1329" VPOS="5345" WIDTH="78" HEIGHT="33" CONTENT="with" WC="0.96" CC="4176"/>
						<SP ID="P2_SP00712" HPOS="1407" VPOS="5385" WIDTH="28"/>
						<String ID="P2_ST00849" HPOS="1435" VPOS="5347" WIDTH="54" HEIGHT="33" CONTENT="the" WC="0.96" CC="900"/>
						<SP ID="P2_SP00713" HPOS="1489" VPOS="5385" WIDTH="32"/>
						<String ID="P2_ST00850" HPOS="1521" VPOS="5350" WIDTH="46" HEIGHT="34" CONTENT="St." WC="0.97" CC="600"/>
						<SP ID="P2_SP00714" HPOS="1567" VPOS="5385" WIDTH="27"/>
						<String ID="P2_ST00851" HPOS="1594" VPOS="5352" WIDTH="99" HEIGHT="37" CONTENT="Louis" WC="0.96" CC="56826"/>
					</TextLine>
					<TextLine ID="P2_TL00138" HPOS="938" VPOS="5397" WIDTH="755" HEIGHT="49">
						<String ID="P2_ST00852" HPOS="938" VPOS="5397" WIDTH="143" HEIGHT="41" CONTENT="murder," WC="0.97" CC="8866570"/>
						<SP ID="P2_SP00715" HPOS="1081" VPOS="5438" WIDTH="18"/>
						<String ID="P2_ST00853" HPOS="1099" VPOS="5400" WIDTH="159" HEIGHT="42" CONTENT="appeared" WC="0.96" CC="79959779"/>
						<SP ID="P2_SP00716" HPOS="1258" VPOS="5442" WIDTH="17"/>
						<String ID="P2_ST00854" HPOS="1275" VPOS="5406" WIDTH="33" HEIGHT="28" CONTENT="at" WC="0.46" CC="37"/>
						<SP ID="P2_SP00717" HPOS="1308" VPOS="5442" WIDTH="23"/>
						<String ID="P2_ST00855" HPOS="1331" VPOS="5401" WIDTH="55" HEIGHT="34" CONTENT="the" WC="0.95" CC="607"/>
						<SP ID="P2_SP00718" HPOS="1386" VPOS="5442" WIDTH="22"/>
						<String ID="P2_ST00856" HPOS="1408" VPOS="5404" WIDTH="105" HEIGHT="35" CONTENT="Police" WC="0.97" CC="766281"/>
						<SP ID="P2_SP00719" HPOS="1513" VPOS="5442" WIDTH="19"/>
						<String ID="P2_ST00857" HPOS="1532" VPOS="5408" WIDTH="100" HEIGHT="36" CONTENT="Court" WC="0.94" CC="69978"/>
						<SP ID="P2_SP00720" HPOS="1632" VPOS="5444" WIDTH="16"/>
						<String ID="P2_ST00858" HPOS="1648" VPOS="5416" WIDTH="30" HEIGHT="30" CONTENT="to" SUBS_TYPE="HypPart1" SUBS_CONTENT="today," WC="0.92" CC="97"/>
						<HYP HPOS="1678" VPOS="5416" WIDTH="15" CONTENT="-"/>
					</TextLine>
					<TextLine ID="P2_TL00139" HPOS="938" VPOS="5454" WIDTH="757" HEIGHT="49">
						<String ID="P2_ST00859" HPOS="938" VPOS="5454" WIDTH="74" HEIGHT="43" CONTENT="day," SUBS_TYPE="HypPart2" SUBS_CONTENT="today," WC="0.94" CC="7990"/>
						<SP ID="P2_SP00721" HPOS="1012" VPOS="5497" WIDTH="18"/>
						<String ID="P2_ST00860" HPOS="1030" VPOS="5454" WIDTH="94" HEIGHT="34" CONTENT="when" WC="0.96" CC="8028"/>
						<SP ID="P2_SP00722" HPOS="1124" VPOS="5497" WIDTH="17"/>
						<String ID="P2_ST00861" HPOS="1141" VPOS="5456" WIDTH="54" HEIGHT="33" CONTENT="the" WC="0.96" CC="090"/>
						<SP ID="P2_SP00723" HPOS="1195" VPOS="5497" WIDTH="21"/>
						<String ID="P2_ST00862" HPOS="1216" VPOS="5456" WIDTH="199" HEIGHT="45" CONTENT="depositions" WC="0.98" CC="08931496589"/>
						<SP ID="P2_SP00724" HPOS="1415" VPOS="5501" WIDTH="23"/>
						<String ID="P2_ST00863" HPOS="1438" VPOS="5461" WIDTH="83" HEIGHT="35" CONTENT="from" WC="0.94" CC="5958"/>
						<SP ID="P2_SP00725" HPOS="1521" VPOS="5501" WIDTH="22"/>
						<String ID="P2_ST00864" HPOS="1543" VPOS="5466" WIDTH="152" HEIGHT="37" CONTENT="America" WC="0.97" CC="8809479"/>
					</TextLine>
					<TextLine ID="P2_TL00140" HPOS="939" VPOS="5514" WIDTH="756" HEIGHT="45">
						<String ID="P2_ST00865" HPOS="939" VPOS="5524" WIDTH="82" HEIGHT="21" CONTENT="were" WC="0.95" CC="3595"/>
						<SP ID="P2_SP00726" HPOS="1021" VPOS="5545" WIDTH="28"/>
						<String ID="P2_ST00866" HPOS="1049" VPOS="5514" WIDTH="86" HEIGHT="31" CONTENT="read." WC="0.97" CC="90804"/>
						<SP ID="P2_SP00727" HPOS="1135" VPOS="5545" WIDTH="46"/>
						<String ID="P2_ST00867" HPOS="1181" VPOS="5514" WIDTH="68" HEIGHT="31" CONTENT="The" WC="0.94" CC="807"/>
						<SP ID="P2_SP00728" HPOS="1249" VPOS="5545" WIDTH="27"/>
						<String ID="P2_ST00868" HPOS="1276" VPOS="5517" WIDTH="157" HEIGHT="40" CONTENT="prisoner," WC="0.97" CC="995798900"/>
						<SP ID="P2_SP00729" HPOS="1433" VPOS="5557" WIDTH="25"/>
						<String ID="P2_ST00869" HPOS="1458" VPOS="5520" WIDTH="72" HEIGHT="33" CONTENT="who" WC="0.94" CC="096"/>
						<SP ID="P2_SP00730" HPOS="1530" VPOS="5557" WIDTH="29"/>
						<String ID="P2_ST00870" HPOS="1559" VPOS="5525" WIDTH="68" HEIGHT="32" CONTENT="said" WC="0.97" CC="0049"/>
						<SP ID="P2_SP00731" HPOS="1627" VPOS="5557" WIDTH="28"/>
						<String ID="P2_ST00871" HPOS="1655" VPOS="5526" WIDTH="40" HEIGHT="33" CONTENT="he" WC="0.72" CC="05"/>
					</TextLine>
					<TextLine ID="P2_TL00141" HPOS="939" VPOS="5570" WIDTH="756" HEIGHT="48">
						<String ID="P2_ST00872" HPOS="939" VPOS="5571" WIDTH="146" HEIGHT="32" CONTENT="reserved" WC="0.98" CC="77730549"/>
						<SP ID="P2_SP00732" HPOS="1085" VPOS="5603" WIDTH="25"/>
						<String ID="P2_ST00873" HPOS="1110" VPOS="5570" WIDTH="51" HEIGHT="33" CONTENT="his" WC="0.96" CC="910"/>
						<SP ID="P2_SP00733" HPOS="1161" VPOS="5603" WIDTH="27"/>
						<String ID="P2_ST00874" HPOS="1188" VPOS="5571" WIDTH="143" HEIGHT="39" CONTENT="defence," WC="0.98" CC="00948763"/>
						<SP ID="P2_SP00734" HPOS="1331" VPOS="5610" WIDTH="32"/>
						<String ID="P2_ST00875" HPOS="1363" VPOS="5585" WIDTH="66" HEIGHT="23" CONTENT="was" WC="0.97" CC="080"/>
						<SP ID="P2_SP00735" HPOS="1429" VPOS="5610" WIDTH="26"/>
						<String ID="P2_ST00876" HPOS="1455" VPOS="5581" WIDTH="179" HEIGHT="34" CONTENT="remanded" WC="0.98" CC="93767050"/>
						<SP ID="P2_SP00736" HPOS="1634" VPOS="5615" WIDTH="29"/>
						<String ID="P2_ST00877" HPOS="1663" VPOS="5588" WIDTH="32" HEIGHT="30" CONTENT="to" WC="0.86" CC="02"/>
					</TextLine>
					<TextLine ID="P2_TL00142" HPOS="939" VPOS="5616" WIDTH="753" HEIGHT="47">
						<String ID="P2_ST00878" HPOS="939" VPOS="5616" WIDTH="72" HEIGHT="42" CONTENT="gaol" WC="0.96" CC="7091"/>
						<SP ID="P2_SP00737" HPOS="1011" VPOS="5658" WIDTH="17"/>
						<String ID="P2_ST00879" HPOS="1028" VPOS="5622" WIDTH="32" HEIGHT="26" CONTENT="to" WC="0.54" CC="09"/>
						<SP ID="P2_SP00738" HPOS="1060" VPOS="5658" WIDTH="17"/>
						<String ID="P2_ST00880" HPOS="1077" VPOS="5616" WIDTH="96" HEIGHT="33" CONTENT="await" WC="0.96" CC="90919"/>
						<SP ID="P2_SP00739" HPOS="1173" VPOS="5658" WIDTH="17"/>
						<String ID="P2_ST00881" HPOS="1190" VPOS="5618" WIDTH="54" HEIGHT="31" CONTENT="the" WC="0.97" CC="006"/>
						<SP ID="P2_SP00740" HPOS="1244" VPOS="5658" WIDTH="16"/>
						<String ID="P2_ST00882" HPOS="1260" VPOS="5619" WIDTH="84" HEIGHT="32" CONTENT="issue" WC="0.96" CC="36982"/>
						<SP ID="P2_SP00741" HPOS="1344" VPOS="5658" WIDTH="20"/>
						<String ID="P2_ST00883" HPOS="1364" VPOS="5621" WIDTH="35" HEIGHT="32" CONTENT="of" WC="0.50" CC="27"/>
						<SP ID="P2_SP00742" HPOS="1399" VPOS="5658" WIDTH="19"/>
						<String ID="P2_ST00884" HPOS="1418" VPOS="5621" WIDTH="54" HEIGHT="34" CONTENT="the" WC="0.97" CC="007"/>
						<SP ID="P2_SP00743" HPOS="1472" VPOS="5658" WIDTH="25"/>
						<String ID="P2_ST00885" HPOS="1497" VPOS="5625" WIDTH="195" HEIGHT="38" CONTENT="Governor's" WC="0.98" CC="2950086979"/>
					</TextLine>
					<TextLine ID="P2_TL00143" HPOS="940" VPOS="5663" WIDTH="363" HEIGHT="35">
						<String ID="P2_ST00886" HPOS="940" VPOS="5663" WIDTH="193" HEIGHT="32" CONTENT="extradition" WC="0.99" CC="66800040218"/>
						<SP ID="P2_SP00744" HPOS="1133" VPOS="5695" WIDTH="18"/>
						<String ID="P2_ST00887" HPOS="1151" VPOS="5670" WIDTH="152" HEIGHT="28" CONTENT="warrant." WC="0.98" CC="09069802"/>
					</TextLine>
					<TextLine ID="P2_TL00144" HPOS="1298" VPOS="5712" WIDTH="355" HEIGHT="48">
						<String ID="P2_ST00888" HPOS="1298" VPOS="5712" WIDTH="215" HEIGHT="41" CONTENT="ASHBURTON," WC="0.45" CC="0977770454" STYLEREFS="TXT_6"/>
						<SP ID="P2_SP00745" HPOS="1513" VPOS="5753" WIDTH="16"/>
						<String ID="P2_ST00889" HPOS="1529" VPOS="5717" WIDTH="80" HEIGHT="43" CONTENT="July" WC="0.97" CC="9400" STYLEREFS="TXT_6"/>
						<SP ID="P2_SP00746" HPOS="1609" VPOS="5760" WIDTH="16"/>
						<String ID="P2_ST00890" HPOS="1625" VPOS="5722" WIDTH="28" HEIGHT="31" CONTENT="0." WC="0.51" CC="72" STYLEREFS="TXT_6"/>
					</TextLine>
					<TextLine ID="P2_TL00145" HPOS="981" VPOS="5754" WIDTH="711" HEIGHT="47">
						<String ID="P2_ST00891" HPOS="981" VPOS="5754" WIDTH="68" HEIGHT="31" CONTENT="The" WC="0.96" CC="505"/>
						<SP ID="P2_SP00747" HPOS="1049" VPOS="5785" WIDTH="19"/>
						<String ID="P2_ST00892" HPOS="1068" VPOS="5755" WIDTH="110" HEIGHT="32" CONTENT="House" WC="0.95" CC="87779"/>
						<SP ID="P2_SP00748" HPOS="1178" VPOS="5787" WIDTH="18"/>
						<String ID="P2_ST00893" HPOS="1196" VPOS="5759" WIDTH="31" HEIGHT="28" CONTENT="ot" WC="0.63" CC="07"/>
						<SP ID="P2_SP00749" HPOS="1227" VPOS="5787" WIDTH="17"/>
						<String ID="P2_ST00894" HPOS="1244" VPOS="5755" WIDTH="283" HEIGHT="44" CONTENT="Representatives" WC="0.99" CC="710007427974179"/>
						<SP ID="P2_SP00750" HPOS="1527" VPOS="5799" WIDTH="16"/>
						<String ID="P2_ST00895" HPOS="1543" VPOS="5764" WIDTH="149" HEIGHT="37" CONTENT="Election" WC="0.98" CC="71477258"/>
					</TextLine>
					<TextLine ID="P2_TL00146" HPOS="939" VPOS="5800" WIDTH="394" HEIGHT="35">
						<String ID="P2_ST00896" HPOS="939" VPOS="5800" WIDTH="141" HEIGHT="32" CONTENT="resulted" WC="0.98" CC="04964990"/>
						<SP ID="P2_SP00751" HPOS="1080" VPOS="5832" WIDTH="17"/>
						<String ID="P2_ST00897" HPOS="1097" VPOS="5812" WIDTH="34" HEIGHT="21" CONTENT="as" WC="0.29" CC="94"/>
						<SP ID="P2_SP00752" HPOS="1131" VPOS="5833" WIDTH="16"/>
						<String ID="P2_ST00898" HPOS="1147" VPOS="5801" WIDTH="186" HEIGHT="34" CONTENT="follows:" WC="0.98" CC="80019048"/>
					</TextLine>
					<TextLine ID="P2_TL00147" HPOS="1021" VPOS="5846" WIDTH="593" HEIGHT="43">
						<String ID="P2_ST00899" HPOS="1021" VPOS="5846" WIDTH="122" HEIGHT="43" CONTENT="Joseph" WC="0.96" CC="067699"/>
						<SP ID="P2_SP00753" HPOS="1143" VPOS="5889" WIDTH="26"/>
						<String ID="P2_ST00900" HPOS="1169" VPOS="5848" WIDTH="91" HEIGHT="33" CONTENT="Ivess" WC="0.76" CC="60400"/>
						<SP ID="P2_SP00754" HPOS="1260" VPOS="5889" WIDTH="294"/>
						<String ID="P2_ST00901" HPOS="1554" VPOS="5859" WIDTH="60" HEIGHT="30" CONTENT="59(3" WC="0.06" CC="7999"/>
					</TextLine>
					<TextLine ID="P2_TL00148" HPOS="1023" VPOS="5892" WIDTH="592" HEIGHT="44">
						<String ID="P2_ST00902" HPOS="1023" VPOS="5892" WIDTH="38" HEIGHT="33" CONTENT="G." WC="0.44" CC="46"/>
						<SP ID="P2_SP00755" HPOS="1061" VPOS="5925" WIDTH="25"/>
						<String ID="P2_ST00903" HPOS="1086" VPOS="5892" WIDTH="129" HEIGHT="43" CONTENT="Wright" WC="0.97" CC="703709"/>
						<SP ID="P2_SP00756" HPOS="1215" VPOS="5935" WIDTH="339"/>
						<String ID="P2_ST00904" HPOS="1554" VPOS="5905" WIDTH="61" HEIGHT="31" CONTENT="520" WC="0.20" CC="797"/>
					</TextLine>
					<TextLine ID="P2_TL00149" HPOS="1065" VPOS="5939" WIDTH="221" HEIGHT="44">
						<String ID="P2_ST00905" HPOS="1065" VPOS="5939" WIDTH="155" HEIGHT="44" CONTENT="Majority" WC="0.98" CC="29050099"/>
						<SP ID="P2_SP00757" HPOS="1220" VPOS="5983" WIDTH="15"/>
						<String ID="P2_ST00906" HPOS="1235" VPOS="5940" WIDTH="51" HEIGHT="34" CONTENT="for" WC="0.96" CC="055"/>
						<SP ID="P2_SP00758" HPOS="1286" VPOS="5983" WIDTH="0"/>
					</TextLine>
					<TextLine ID="P2_TL00150" HPOS="981" VPOS="5984" WIDTH="713" HEIGHT="48">
						<String ID="P2_ST00907" HPOS="981" VPOS="5984" WIDTH="104" HEIGHT="34" CONTENT="There" WC="0.98" CC="70004"/>
						<SP ID="P2_SP00759" HPOS="1085" VPOS="6018" WIDTH="23"/>
						<String ID="P2_ST00908" HPOS="1108" VPOS="5986" WIDTH="27" HEIGHT="32" CONTENT="is" WC="0.81" CC="30"/>
						<SP ID="P2_SP00760" HPOS="1135" VPOS="6018" WIDTH="23"/>
						<String ID="P2_ST00909" HPOS="1158" VPOS="5997" WIDTH="18" HEIGHT="21" CONTENT="a" WC="0.69" CC="3"/>
						<SP ID="P2_SP00761" HPOS="1176" VPOS="6018" WIDTH="17"/>
						<String ID="P2_ST00910" HPOS="1193" VPOS="5997" WIDTH="92" HEIGHT="24" CONTENT="scene" WC="0.97" CC="42455"/>
						<SP ID="P2_SP00762" HPOS="1285" VPOS="6021" WIDTH="18"/>
						<String ID="P2_ST00911" HPOS="1303" VPOS="5988" WIDTH="36" HEIGHT="33" CONTENT="of" WC="0.63" CC="70"/>
						<SP ID="P2_SP00763" HPOS="1339" VPOS="6021" WIDTH="14"/>
						<String ID="P2_ST00912" HPOS="1353" VPOS="5990" WIDTH="73" HEIGHT="34" CONTENT="wild" WC="0.95" CC="9039"/>
						<SP ID="P2_SP00764" HPOS="1426" VPOS="6024" WIDTH="24"/>
						<String ID="P2_ST00913" HPOS="1450" VPOS="5994" WIDTH="195" HEIGHT="37" CONTENT="excitement" WC="0.99" CC="0032808099"/>
						<SP ID="P2_SP00765" HPOS="1645" VPOS="6031" WIDTH="17"/>
						<String ID="P2_ST00914" HPOS="1662" VPOS="5997" WIDTH="32" HEIGHT="35" CONTENT="in" WC="0.89" CC="02"/>
					</TextLine>
					<TextLine ID="P2_TL00151" HPOS="940" VPOS="6031" WIDTH="251" HEIGHT="43">
						<String ID="P2_ST00915" HPOS="940" VPOS="6037" WIDTH="87" HEIGHT="29" CONTENT="town" WC="0.97" CC="0608"/>
						<SP ID="P2_SP00766" HPOS="1027" VPOS="6066" WIDTH="12"/>
						<String ID="P2_ST00916" HPOS="1039" VPOS="6031" WIDTH="152" HEIGHT="43" CONTENT="to-night." WC="0.98" CC="061909090"/>
					</TextLine>
				</TextBlock>
				<TextBlock ID="P2_TB00010" HPOS="1746" VPOS="210" WIDTH="671" HEIGHT="140" STYLEREFS="TXT_7 PAR_LEFT">
					<TextLine ID="P2_TL00152" HPOS="1945" VPOS="236" WIDTH="277" HEIGHT="38">
						<String ID="P2_ST00917" HPOS="1945" VPOS="236" WIDTH="277" HEIGHT="38" CONTENT="LATEST" WC="0.98" CC="400099" STYLEREFS="TXT_0"/>
					</TextLine>
					<TextLine ID="P2_TL00153" HPOS="1748" VPOS="293" WIDTH="669" HEIGHT="54">
						<String ID="P2_ST00918" HPOS="1748" VPOS="293" WIDTH="290" HEIGHT="48" CONTENT="CABLE" WC="1.00" CC="00030"/>
						<SP ID="P2_SP00767" HPOS="2038" VPOS="341" WIDTH="95"/>
						<String ID="P2_ST00919" HPOS="2133" VPOS="298" WIDTH="284" HEIGHT="49" CONTENT="NEWS." WC="0.98" CC="00704"/>
					</TextLine>
				</TextBlock>
				<TextBlock ID="P2_TB00011" HPOS="1707" VPOS="394" WIDTH="766" HEIGHT="3445" STYLEREFS="TXT_0 PAR_BLOCK">
					<TextLine ID="P2_TL00154" HPOS="2129" VPOS="438" WIDTH="291" HEIGHT="43">
						<String ID="P2_ST00920" HPOS="2129" VPOS="438" WIDTH="150" HEIGHT="39" CONTENT="London," WC="0.96" CC="9779673"/>
						<SP ID="P2_SP00768" HPOS="2279" VPOS="477" WIDTH="17"/>
						<String ID="P2_ST00921" HPOS="2296" VPOS="440" WIDTH="80" HEIGHT="41" CONTENT="July" WC="0.95" CC="7816"/>
						<SP ID="P2_SP00769" HPOS="2376" VPOS="481" WIDTH="16"/>
						<String ID="P2_ST00922" HPOS="2392" VPOS="442" WIDTH="28" HEIGHT="30" CONTENT="3." WC="0.61" CC="70"/>
					</TextLine>
					<TextLine ID="P2_TL00155" HPOS="1748" VPOS="487" WIDTH="714" HEIGHT="42">
						<String ID="P2_ST00923" HPOS="1748" VPOS="487" WIDTH="67" HEIGHT="34" CONTENT="The" WC="0.91" CC="977"/>
						<SP ID="P2_SP00770" HPOS="1815" VPOS="521" WIDTH="38"/>
						<String ID="P2_ST00924" HPOS="1853" VPOS="489" WIDTH="136" HEIGHT="33" CONTENT="election" WC="0.98" CC="57467407"/>
						<SP ID="P2_SP00771" HPOS="1989" VPOS="522" WIDTH="33"/>
						<String ID="P2_ST00925" HPOS="2022" VPOS="491" WIDTH="37" HEIGHT="32" CONTENT="of" WC="0.45" CC="37"/>
						<SP ID="P2_SP00772" HPOS="2059" VPOS="523" WIDTH="33"/>
						<String ID="P2_ST00926" HPOS="2092" VPOS="504" WIDTH="18" HEIGHT="21" CONTENT="a" WC="0.32" CC="6"/>
						<SP ID="P2_SP00773" HPOS="2110" VPOS="525" WIDTH="38"/>
						<String ID="P2_ST00927" HPOS="2148" VPOS="494" WIDTH="147" HEIGHT="32" CONTENT="member" WC="0.97" CC="773707"/>
						<SP ID="P2_SP00774" HPOS="2295" VPOS="526" WIDTH="30"/>
						<String ID="P2_ST00928" HPOS="2325" VPOS="495" WIDTH="47" HEIGHT="33" CONTENT="for" WC="0.97" CC="007"/>
						<SP ID="P2_SP00775" HPOS="2372" VPOS="528" WIDTH="37"/>
						<String ID="P2_ST00929" HPOS="2409" VPOS="496" WIDTH="53" HEIGHT="33" CONTENT="the" WC="0.92" CC="478"/>
					</TextLine>
					<TextLine ID="P2_TL00156" HPOS="1708" VPOS="541" WIDTH="755" HEIGHT="46">
						<String ID="P2_ST00930" HPOS="1708" VPOS="541" WIDTH="142" HEIGHT="45" CONTENT="borough" WC="0.96" CC="9890877"/>
						<SP ID="P2_SP00776" HPOS="1850" VPOS="586" WIDTH="19"/>
						<String ID="P2_ST00931" HPOS="1869" VPOS="544" WIDTH="33" HEIGHT="34" CONTENT="of" WC="0.17" CC="69"/>
						<SP ID="P2_SP00777" HPOS="1902" VPOS="586" WIDTH="16"/>
						<String ID="P2_ST00932" HPOS="1918" VPOS="545" WIDTH="189" HEIGHT="42" CONTENT="Wakefield," WC="0.98" CC="6709747080"/>
						<SP ID="P2_SP00778" HPOS="2107" VPOS="587" WIDTH="18"/>
						<String ID="P2_ST00933" HPOS="2125" VPOS="549" WIDTH="32" HEIGHT="32" CONTENT="in" WC="0.22" CC="78"/>
						<SP ID="P2_SP00779" HPOS="2157" VPOS="587" WIDTH="20"/>
						<String ID="P2_ST00934" HPOS="2177" VPOS="548" WIDTH="53" HEIGHT="33" CONTENT="the" WC="0.94" CC="185"/>
						<SP ID="P2_SP00780" HPOS="2230" VPOS="587" WIDTH="22"/>
						<String ID="P2_ST00935" HPOS="2252" VPOS="561" WIDTH="91" HEIGHT="22" CONTENT="room" WC="0.96" CC="9055"/>
						<SP ID="P2_SP00781" HPOS="2343" VPOS="587" WIDTH="19"/>
						<String ID="P2_ST00936" HPOS="2362" VPOS="551" WIDTH="34" HEIGHT="33" CONTENT="of" WC="0.76" CC="40"/>
						<SP ID="P2_SP00782" HPOS="2396" VPOS="587" WIDTH="17"/>
						<String ID="P2_ST00937" HPOS="2413" VPOS="552" WIDTH="50" HEIGHT="33" CONTENT="Mr" WC="0.42" CC="83"/>
					</TextLine>
					<TextLine ID="P2_TL00157" HPOS="1710" VPOS="600" WIDTH="752" HEIGHT="45">
						<String ID="P2_ST00938" HPOS="1710" VPOS="600" WIDTH="118" HEIGHT="32" CONTENT="Robert" WC="0.98" CC="028409"/>
						<SP ID="P2_SP00783" HPOS="1828" VPOS="632" WIDTH="28"/>
						<String ID="P2_ST00939" HPOS="1856" VPOS="601" WIDTH="126" HEIGHT="32" CONTENT="Mackie" WC="0.54" CC="596600"/>
						<SP ID="P2_SP00784" HPOS="1982" VPOS="633" WIDTH="28"/>
						<String ID="P2_ST00940" HPOS="2010" VPOS="603" WIDTH="164" HEIGHT="41" CONTENT="(Liberal)," WC="0.99" CC="0627044170"/>
						<SP ID="P2_SP00785" HPOS="2174" VPOS="644" WIDTH="34"/>
						<String ID="P2_ST00941" HPOS="2208" VPOS="606" WIDTH="165" HEIGHT="39" CONTENT="defeased," WC="0.97" CC="898988780"/>
						<SP ID="P2_SP00786" HPOS="2373" VPOS="645" WIDTH="30"/>
						<String ID="P2_ST00942" HPOS="2403" VPOS="608" WIDTH="59" HEIGHT="33" CONTENT="has" WC="0.91" CC="797"/>
					</TextLine>
					<TextLine ID="P2_TL00158" HPOS="1708" VPOS="657" WIDTH="752" HEIGHT="47">
						<String ID="P2_ST00943" HPOS="1708" VPOS="657" WIDTH="139" HEIGHT="33" CONTENT="resulted" WC="0.97" CC="06986399"/>
						<SP ID="P2_SP00787" HPOS="1847" VPOS="690" WIDTH="18"/>
						<String ID="P2_ST00944" HPOS="1865" VPOS="658" WIDTH="31" HEIGHT="32" CONTENT="in" WC="0.30" CC="58"/>
						<SP ID="P2_SP00788" HPOS="1896" VPOS="690" WIDTH="19"/>
						<String ID="P2_ST00945" HPOS="1915" VPOS="658" WIDTH="54" HEIGHT="33" CONTENT="the" WC="0.91" CC="976"/>
						<SP ID="P2_SP00789" HPOS="1969" VPOS="691" WIDTH="15"/>
						<String ID="P2_ST00946" HPOS="1984" VPOS="667" WIDTH="109" HEIGHT="26" CONTENT="return" WC="0.97" CC="766690"/>
						<SP ID="P2_SP00790" HPOS="2093" VPOS="693" WIDTH="13"/>
						<String ID="P2_ST00947" HPOS="2106" VPOS="663" WIDTH="35" HEIGHT="31" CONTENT="of" WC="0.26" CC="68"/>
						<SP ID="P2_SP00791" HPOS="2141" VPOS="694" WIDTH="11"/>
						<String ID="P2_ST00948" HPOS="2152" VPOS="662" WIDTH="50" HEIGHT="33" CONTENT="Mr" WC="0.13" CC="79"/>
						<SP ID="P2_SP00792" HPOS="2202" VPOS="695" WIDTH="14"/>
						<String ID="P2_ST00949" HPOS="2216" VPOS="665" WIDTH="116" HEIGHT="39" CONTENT="Green," WC="0.96" CC="999680"/>
						<SP ID="P2_SP00793" HPOS="2332" VPOS="704" WIDTH="16"/>
						<String ID="P2_ST00950" HPOS="2348" VPOS="679" WIDTH="17" HEIGHT="19" CONTENT="a" WC="1.00" CC="0"/>
						<SP ID="P2_SP00794" HPOS="2365" VPOS="704" WIDTH="15"/>
						<String ID="P2_ST00951" HPOS="2380" VPOS="668" WIDTH="60" HEIGHT="30" CONTENT="Con" SUBS_TYPE="HypPart1" SUBS_CONTENT="Conservative" WC="0.95" CC="878"/>
						<HYP HPOS="2440" VPOS="668" WIDTH="20" CONTENT="-"/>
					</TextLine>
					<TextLine ID="P2_TL00159" HPOS="1708" VPOS="715" WIDTH="355" HEIGHT="35">
						<String ID="P2_ST00952" HPOS="1708" VPOS="715" WIDTH="157" HEIGHT="32" CONTENT="servative" SUBS_TYPE="HypPart2" SUBS_CONTENT="Conservative" WC="0.98" CC="909276387"/>
						<SP ID="P2_SP00795" HPOS="1865" VPOS="747" WIDTH="19"/>
						<String ID="P2_ST00953" HPOS="1884" VPOS="715" WIDTH="179" HEIGHT="35" CONTENT="candidate." WC="0.99" CC="3781088030"/>
					</TextLine>
					<TextLine ID="P2_TL00160" HPOS="1750" VPOS="771" WIDTH="712" HEIGHT="50">
						<String ID="P2_ST00954" HPOS="1750" VPOS="771" WIDTH="66" HEIGHT="34" CONTENT="The" WC="0.90" CC="979"/>
						<SP ID="P2_SP00796" HPOS="1816" VPOS="805" WIDTH="22"/>
						<String ID="P2_ST00955" HPOS="1838" VPOS="772" WIDTH="192" HEIGHT="34" CONTENT="Woodstock" WC="0.97" CC="899090979"/>
						<SP ID="P2_SP00797" HPOS="2030" VPOS="806" WIDTH="19"/>
						<String ID="P2_ST00956" HPOS="2049" VPOS="776" WIDTH="136" HEIGHT="32" CONTENT="election" WC="0.97" CC="95779778"/>
						<SP ID="P2_SP00798" HPOS="2185" VPOS="808" WIDTH="24"/>
						<String ID="P2_ST00957" HPOS="2209" VPOS="777" WIDTH="74" HEIGHT="34" CONTENT="took" WC="0.94" CC="6788"/>
						<SP ID="P2_SP00799" HPOS="2283" VPOS="811" WIDTH="28"/>
						<String ID="P2_ST00958" HPOS="2311" VPOS="779" WIDTH="88" HEIGHT="42" CONTENT="place" WC="0.94" CC="98978"/>
						<SP ID="P2_SP00800" HPOS="2399" VPOS="821" WIDTH="20"/>
						<String ID="P2_ST00959" HPOS="2419" VPOS="785" WIDTH="29" HEIGHT="28" CONTENT="to" SUBS_TYPE="HypPart1" SUBS_CONTENT="today," WC="0.96" CC="09"/>
						<HYP HPOS="2448" VPOS="785" WIDTH="14" CONTENT="-"/>
					</TextLine>
					<TextLine ID="P2_TL00161" HPOS="1709" VPOS="828" WIDTH="753" HEIGHT="47">
						<String ID="P2_ST00960" HPOS="1709" VPOS="828" WIDTH="73" HEIGHT="41" CONTENT="day," SUBS_TYPE="HypPart2" SUBS_CONTENT="today," WC="0.98" CC="0090"/>
						<SP ID="P2_SP00801" HPOS="1782" VPOS="869" WIDTH="25"/>
						<String ID="P2_ST00961" HPOS="1807" VPOS="830" WIDTH="63" HEIGHT="30" CONTENT="and" WC="0.93" CC="089"/>
						<SP ID="P2_SP00802" HPOS="1870" VPOS="869" WIDTH="27"/>
						<String ID="P2_ST00962" HPOS="1897" VPOS="830" WIDTH="83" HEIGHT="32" CONTENT="Lord" WC="0.94" CC="9870"/>
						<SP ID="P2_SP00803" HPOS="1980" VPOS="869" WIDTH="27"/>
						<String ID="P2_ST00963" HPOS="2007" VPOS="830" WIDTH="169" HEIGHT="45" CONTENT="Randolph" WC="0.96" CC="78888799"/>
						<SP ID="P2_SP00804" HPOS="2176" VPOS="875" WIDTH="30"/>
						<String ID="P2_ST00964" HPOS="2206" VPOS="835" WIDTH="163" HEIGHT="33" CONTENT="Churchill" WC="0.98" CC="778777003"/>
						<SP ID="P2_SP00805" HPOS="2369" VPOS="875" WIDTH="29"/>
						<String ID="P2_ST00965" HPOS="2398" VPOS="849" WIDTH="64" HEIGHT="20" CONTENT="was" WC="0.93" CC="909"/>
					</TextLine>
					<TextLine ID="P2_TL00162" HPOS="1710" VPOS="886" WIDTH="564" HEIGHT="45">
						<String ID="P2_ST00966" HPOS="1710" VPOS="886" WIDTH="169" HEIGHT="32" CONTENT="re-elected" WC="0.98" CC="0717577099"/>
						<SP ID="P2_SP00806" HPOS="1879" VPOS="918" WIDTH="19"/>
						<String ID="P2_ST00967" HPOS="1898" VPOS="886" WIDTH="40" HEIGHT="43" CONTENT="by" WC="1.00" CC="99"/>
						<SP ID="P2_SP00807" HPOS="1938" VPOS="929" WIDTH="17"/>
						<String ID="P2_ST00968" HPOS="1955" VPOS="898" WIDTH="16" HEIGHT="21" CONTENT="a" WC="1.00" CC="9"/>
						<SP ID="P2_SP00808" HPOS="1971" VPOS="929" WIDTH="18"/>
						<String ID="P2_ST00969" HPOS="1989" VPOS="888" WIDTH="152" HEIGHT="43" CONTENT="majority" WC="0.97" CC="69489779"/>
						<SP ID="P2_SP00809" HPOS="2141" VPOS="931" WIDTH="19"/>
						<String ID="P2_ST00970" HPOS="2160" VPOS="891" WIDTH="34" HEIGHT="31" CONTENT="of" WC="1.00" CC="99"/>
						<SP ID="P2_SP00810" HPOS="2194" VPOS="931" WIDTH="12"/>
						<String ID="P2_ST00971" HPOS="2206" VPOS="891" WIDTH="68" HEIGHT="33" CONTENT="137." WC="0.50" CC="3960"/>
					</TextLine>
					<TextLine ID="P2_TL00163" HPOS="2300" VPOS="950" WIDTH="123" HEIGHT="44">
						<String ID="P2_ST00972" HPOS="2300" VPOS="950" WIDTH="78" HEIGHT="44" CONTENT="July" WC="0.94" CC="6849"/>
						<SP ID="P2_SP00811" HPOS="2378" VPOS="994" WIDTH="17"/>
						<String ID="P2_ST00973" HPOS="2395" VPOS="953" WIDTH="28" HEIGHT="30" CONTENT="4." WC="0.30" CC="93"/>
					</TextLine>
					<TextLine ID="P2_TL00164" HPOS="1752" VPOS="1002" WIDTH="711" HEIGHT="42">
						<String ID="P2_ST00974" HPOS="1752" VPOS="1002" WIDTH="64" HEIGHT="32" CONTENT="The" WC="0.92" CC="686"/>
						<SP ID="P2_SP00812" HPOS="1816" VPOS="1034" WIDTH="19"/>
						<String ID="P2_ST00975" HPOS="1835" VPOS="1002" WIDTH="102" HEIGHT="34" CONTENT="whole" WC="0.96" CC="77067"/>
						<SP ID="P2_SP00813" HPOS="1937" VPOS="1036" WIDTH="18"/>
						<String ID="P2_ST00976" HPOS="1955" VPOS="1004" WIDTH="34" HEIGHT="32" CONTENT="of" WC="0.75" CC="40"/>
						<SP ID="P2_SP00814" HPOS="1989" VPOS="1036" WIDTH="13"/>
						<String ID="P2_ST00977" HPOS="2002" VPOS="1005" WIDTH="54" HEIGHT="32" CONTENT="the" WC="0.93" CC="972"/>
						<SP ID="P2_SP00815" HPOS="2056" VPOS="1037" WIDTH="21"/>
						<String ID="P2_ST00978" HPOS="2077" VPOS="1006" WIDTH="162" HEIGHT="34" CONTENT="members" WC="0.97" CC="0607779"/>
						<SP ID="P2_SP00816" HPOS="2239" VPOS="1040" WIDTH="19"/>
						<String ID="P2_ST00979" HPOS="2258" VPOS="1009" WIDTH="35" HEIGHT="33" CONTENT="of" WC="0.81" CC="30"/>
						<SP ID="P2_SP00817" HPOS="2293" VPOS="1042" WIDTH="21"/>
						<String ID="P2_ST00980" HPOS="2314" VPOS="1010" WIDTH="53" HEIGHT="32" CONTENT="the" WC="0.94" CC="077"/>
						<SP ID="P2_SP00818" HPOS="2367" VPOS="1042" WIDTH="25"/>
						<String ID="P2_ST00981" HPOS="2392" VPOS="1023" WIDTH="71" HEIGHT="21" CONTENT="new" WC="0.94" CC="808"/>
					</TextLine>
					<TextLine ID="P2_TL00165" HPOS="1712" VPOS="1056" WIDTH="751" HEIGHT="51">
						<String ID="P2_ST00982" HPOS="1712" VPOS="1056" WIDTH="149" HEIGHT="44" CONTENT="Ministry" WC="0.97" CC="84857970"/>
						<SP ID="P2_SP00819" HPOS="1861" VPOS="1100" WIDTH="18"/>
						<String ID="P2_ST00983" HPOS="1879" VPOS="1060" WIDTH="82" HEIGHT="32" CONTENT="have" WC="0.96" CC="7066"/>
						<SP ID="P2_SP00820" HPOS="1961" VPOS="1100" WIDTH="16"/>
						<String ID="P2_ST00984" HPOS="1977" VPOS="1072" WIDTH="71" HEIGHT="21" CONTENT="now" WC="0.90" CC="899"/>
						<SP ID="P2_SP00821" HPOS="2048" VPOS="1100" WIDTH="19"/>
						<String ID="P2_ST00985" HPOS="2067" VPOS="1062" WIDTH="79" HEIGHT="32" CONTENT="been" WC="0.95" CC="7078"/>
						<SP ID="P2_SP00822" HPOS="2146" VPOS="1100" WIDTH="13"/>
						<String ID="P2_ST00986" HPOS="2159" VPOS="1065" WIDTH="150" HEIGHT="31" CONTENT="returned" WC="0.97" CC="99789890"/>
						<SP ID="P2_SP00823" HPOS="2309" VPOS="1100" WIDTH="19"/>
						<String ID="P2_ST00987" HPOS="2328" VPOS="1065" WIDTH="38" HEIGHT="42" CONTENT="by" WC="1.00" CC="99"/>
						<SP ID="P2_SP00824" HPOS="2366" VPOS="1107" WIDTH="16"/>
						<String ID="P2_ST00988" HPOS="2382" VPOS="1067" WIDTH="81" HEIGHT="31" CONTENT="their" WC="0.96" CC="77880"/>
					</TextLine>
					<TextLine ID="P2_TL00166" HPOS="1711" VPOS="1115" WIDTH="223" HEIGHT="34">
						<String ID="P2_ST00989" HPOS="1711" VPOS="1115" WIDTH="223" HEIGHT="34" CONTENT="constituents." WC="0.98" CC="7989949878990"/>
					</TextLine>
					<TextLine ID="P2_TL00167" HPOS="2301" VPOS="1180" WIDTH="123" HEIGHT="42">
						<String ID="P2_ST00990" HPOS="2301" VPOS="1180" WIDTH="78" HEIGHT="42" CONTENT="July" WC="0.93" CC="9759"/>
						<SP ID="P2_SP00825" HPOS="2379" VPOS="1222" WIDTH="18"/>
						<String ID="P2_ST00991" HPOS="2397" VPOS="1184" WIDTH="27" HEIGHT="29" CONTENT="0." WC="0.43" CC="73"/>
					</TextLine>
					<TextLine ID="P2_TL00168" HPOS="1752" VPOS="1227" WIDTH="717" HEIGHT="53">
						<String ID="P2_ST00992" HPOS="1752" VPOS="1227" WIDTH="38" HEIGHT="34" CONTENT="In" WC="0.76" CC="04"/>
						<SP ID="P2_SP00826" HPOS="1790" VPOS="1261" WIDTH="19"/>
						<String ID="P2_ST00993" HPOS="1809" VPOS="1229" WIDTH="52" HEIGHT="32" CONTENT="the" WC="0.93" CC="944"/>
						<SP ID="P2_SP00827" HPOS="1861" VPOS="1261" WIDTH="18"/>
						<String ID="P2_ST00994" HPOS="1879" VPOS="1230" WIDTH="112" HEIGHT="34" CONTENT="House" WC="0.95" CC="87897"/>
						<SP ID="P2_SP00828" HPOS="1991" VPOS="1264" WIDTH="17"/>
						<String ID="P2_ST00995" HPOS="2008" VPOS="1232" WIDTH="35" HEIGHT="33" CONTENT="of" WC="0.22" CC="59"/>
						<SP ID="P2_SP00829" HPOS="2043" VPOS="1265" WIDTH="13"/>
						<String ID="P2_ST00996" HPOS="2056" VPOS="1233" WIDTH="113" HEIGHT="39" CONTENT="Lords," WC="0.98" CC="050970"/>
						<SP ID="P2_SP00830" HPOS="2169" VPOS="1272" WIDTH="25"/>
						<String ID="P2_ST00997" HPOS="2194" VPOS="1235" WIDTH="53" HEIGHT="32" CONTENT="the" WC="0.94" CC="771"/>
						<SP ID="P2_SP00831" HPOS="2247" VPOS="1272" WIDTH="23"/>
						<String ID="P2_ST00998" HPOS="2270" VPOS="1236" WIDTH="146" HEIGHT="44" CONTENT="Marquis" WC="0.98" CC="0607827"/>
						<SP ID="P2_SP00832" HPOS="2416" VPOS="1280" WIDTH="20"/>
						<String ID="P2_ST00999" HPOS="2436" VPOS="1239" WIDTH="33" HEIGHT="31" CONTENT="of" WC="0.28" CC="77"/>
					</TextLine>
					<TextLine ID="P2_TL00169" HPOS="1713" VPOS="1286" WIDTH="752" HEIGHT="52">
						<String ID="P2_ST01000" HPOS="1713" VPOS="1286" WIDTH="164" HEIGHT="45" CONTENT="Salisbury" WC="0.97" CC="990697890"/>
						<SP ID="P2_SP00833" HPOS="1877" VPOS="1331" WIDTH="24"/>
						<String ID="P2_ST01001" HPOS="1901" VPOS="1291" WIDTH="191" HEIGHT="33" CONTENT="announced" WC="0.98" CC="988088750"/>
						<SP ID="P2_SP00834" HPOS="2092" VPOS="1331" WIDTH="18"/>
						<String ID="P2_ST01002" HPOS="2110" VPOS="1291" WIDTH="72" HEIGHT="35" CONTENT="that" WC="0.97" CC="8400"/>
						<SP ID="P2_SP00835" HPOS="2182" VPOS="1331" WIDTH="21"/>
						<String ID="P2_ST01003" HPOS="2203" VPOS="1293" WIDTH="69" HEIGHT="34" CONTENT="Her" WC="0.90" CC="899"/>
						<SP ID="P2_SP00836" HPOS="2272" VPOS="1331" WIDTH="25"/>
						<String ID="P2_ST01004" HPOS="2297" VPOS="1295" WIDTH="168" HEIGHT="43" CONTENT="Majesty's" WC="0.99" CC="900700620"/>
					</TextLine>
					<TextLine ID="P2_TL00170" HPOS="1712" VPOS="1345" WIDTH="751" HEIGHT="47">
						<String ID="P2_ST01005" HPOS="1712" VPOS="1345" WIDTH="219" HEIGHT="32" CONTENT="Government" WC="0.98" CC="7809088889"/>
						<SP ID="P2_SP00837" HPOS="1931" VPOS="1377" WIDTH="26"/>
						<String ID="P2_ST01006" HPOS="1957" VPOS="1348" WIDTH="106" HEIGHT="31" CONTENT="would" WC="0.95" CC="85849"/>
						<SP ID="P2_SP00838" HPOS="2063" VPOS="1379" WIDTH="25"/>
						<String ID="P2_ST01007" HPOS="2088" VPOS="1359" WIDTH="126" HEIGHT="22" CONTENT="resume" WC="0.96" CC="999800"/>
						<SP ID="P2_SP00839" HPOS="2214" VPOS="1381" WIDTH="30"/>
						<String ID="P2_ST01008" HPOS="2244" VPOS="1354" WIDTH="219" HEIGHT="38" CONTENT="negotiations" WC="0.98" CC="868963062789"/>
					</TextLine>
					<TextLine ID="P2_TL00171" HPOS="1712" VPOS="1400" WIDTH="751" HEIGHT="52">
						<String ID="P2_ST01009" HPOS="1712" VPOS="1410" WIDTH="36" HEIGHT="22" CONTENT="Wi" WC="0.33" CC="67"/>
						<SP ID="P2_SP00840" HPOS="1748" VPOS="1432" WIDTH="14"/>
						<String ID="P2_ST01010" HPOS="1762" VPOS="1401" WIDTH="25" HEIGHT="31" CONTENT=",li" WC="0.50" CC="535"/>
						<SP ID="P2_SP00841" HPOS="1787" VPOS="1432" WIDTH="19"/>
						<String ID="P2_ST01011" HPOS="1806" VPOS="1400" WIDTH="116" HEIGHT="35" CONTENT="Russia" WC="0.97" CC="787606"/>
						<SP ID="P2_SP00842" HPOS="1922" VPOS="1435" WIDTH="17"/>
						<String ID="P2_ST01012" HPOS="1939" VPOS="1414" WIDTH="40" HEIGHT="21" CONTENT="on" WC="0.19" CC="78"/>
						<SP ID="P2_SP00843" HPOS="1979" VPOS="1435" WIDTH="18"/>
						<String ID="P2_ST01013" HPOS="1997" VPOS="1403" WIDTH="53" HEIGHT="33" CONTENT="the" WC="0.91" CC="976"/>
						<SP ID="P2_SP00844" HPOS="2050" VPOS="1436" WIDTH="18"/>
						<String ID="P2_ST01014" HPOS="2068" VPOS="1405" WIDTH="128" HEIGHT="39" CONTENT="Afghan" WC="0.96" CC="905788"/>
						<SP ID="P2_SP00845" HPOS="2196" VPOS="1444" WIDTH="24"/>
						<String ID="P2_ST01015" HPOS="2220" VPOS="1408" WIDTH="135" HEIGHT="33" CONTENT="frontier" WC="0.97" CC="60782759"/>
						<SP ID="P2_SP00846" HPOS="2355" VPOS="1444" WIDTH="18"/>
						<String ID="P2_ST01016" HPOS="2373" VPOS="1421" WIDTH="72" HEIGHT="31" CONTENT="ques" SUBS_TYPE="HypPart1" SUBS_CONTENT="question" WC="0.96" CC="9890"/>
						<HYP HPOS="2445" VPOS="1421" WIDTH="18" CONTENT="-"/>
					</TextLine>
					<TextLine ID="P2_TL00172" HPOS="1714" VPOS="1457" WIDTH="750" HEIGHT="50">
						<String ID="P2_ST01017" HPOS="1714" VPOS="1457" WIDTH="62" HEIGHT="32" CONTENT="tion" SUBS_TYPE="HypPart2" SUBS_CONTENT="question" WC="0.95" CC="7608"/>
						<SP ID="P2_SP00847" HPOS="1776" VPOS="1489" WIDTH="19"/>
						<String ID="P2_ST01018" HPOS="1795" VPOS="1463" WIDTH="33" HEIGHT="27" CONTENT="at" WC="0.50" CC="09"/>
						<SP ID="P2_SP00848" HPOS="1828" VPOS="1490" WIDTH="18"/>
						<String ID="P2_ST01019" HPOS="1846" VPOS="1459" WIDTH="51" HEIGHT="33" CONTENT="the" WC="0.94" CC="077"/>
						<SP ID="P2_SP00849" HPOS="1897" VPOS="1492" WIDTH="17"/>
						<String ID="P2_ST01020" HPOS="1914" VPOS="1462" WIDTH="91" HEIGHT="41" CONTENT="point" WC="0.96" CC="97580"/>
						<SP ID="P2_SP00850" HPOS="2005" VPOS="1503" WIDTH="16"/>
						<String ID="P2_ST01021" HPOS="2021" VPOS="1469" WIDTH="33" HEIGHT="25" CONTENT="at" WC="1.00" CC="99"/>
						<SP ID="P2_SP00851" HPOS="2054" VPOS="1503" WIDTH="18"/>
						<String ID="P2_ST01022" HPOS="2072" VPOS="1463" WIDTH="104" HEIGHT="33" CONTENT="which" WC="0.96" CC="77457"/>
						<SP ID="P2_SP00852" HPOS="2176" VPOS="1503" WIDTH="25"/>
						<String ID="P2_ST01023" HPOS="2201" VPOS="1465" WIDTH="78" HEIGHT="42" CONTENT="they" WC="0.95" CC="0779"/>
						<SP ID="P2_SP00853" HPOS="2279" VPOS="1507" WIDTH="19"/>
						<String ID="P2_ST01024" HPOS="2298" VPOS="1466" WIDTH="61" HEIGHT="32" CONTENT="had" WC="0.94" CC="690"/>
						<SP ID="P2_SP00854" HPOS="2359" VPOS="1507" WIDTH="27"/>
						<String ID="P2_ST01025" HPOS="2386" VPOS="1467" WIDTH="78" HEIGHT="33" CONTENT="been" WC="0.96" CC="7228"/>
					</TextLine>
					<TextLine ID="P2_TL00173" HPOS="1712" VPOS="1516" WIDTH="751" HEIGHT="46">
						<String ID="P2_ST01026" HPOS="1712" VPOS="1516" WIDTH="174" HEIGHT="33" CONTENT="continued" WC="0.97" CC="798758809"/>
						<SP ID="P2_SP00855" HPOS="1886" VPOS="1549" WIDTH="31"/>
						<String ID="P2_ST01027" HPOS="1917" VPOS="1517" WIDTH="40" HEIGHT="42" CONTENT="by" WC="0.62" CC="70"/>
						<SP ID="P2_SP00856" HPOS="1957" VPOS="1559" WIDTH="31"/>
						<String ID="P2_ST01028" HPOS="1988" VPOS="1519" WIDTH="77" HEIGHT="33" CONTENT="Earl" WC="0.98" CC="3007"/>
						<SP ID="P2_SP00857" HPOS="2065" VPOS="1559" WIDTH="39"/>
						<String ID="P2_ST01029" HPOS="2104" VPOS="1523" WIDTH="177" HEIGHT="39" CONTENT="Granville," WC="0.98" CC="7998648860"/>
						<SP ID="P2_SP00858" HPOS="2281" VPOS="1562" WIDTH="33"/>
						<String ID="P2_ST01030" HPOS="2314" VPOS="1524" WIDTH="54" HEIGHT="32" CONTENT="the" WC="0.95" CC="076"/>
						<SP ID="P2_SP00859" HPOS="2368" VPOS="1562" WIDTH="31"/>
						<String ID="P2_ST01031" HPOS="2399" VPOS="1524" WIDTH="64" HEIGHT="35" CONTENT="late" WC="0.95" CC="3594"/>
					</TextLine>
					<TextLine ID="P2_TL00174" HPOS="1713" VPOS="1572" WIDTH="752" HEIGHT="47">
						<String ID="P2_ST01032" HPOS="1713" VPOS="1572" WIDTH="136" HEIGHT="39" CONTENT="Foreign" WC="0.97" CC="4695337"/>
						<SP ID="P2_SP00860" HPOS="1849" VPOS="1611" WIDTH="28"/>
						<String ID="P2_ST01033" HPOS="1877" VPOS="1576" WIDTH="178" HEIGHT="43" CONTENT="Secretary," WC="0.98" CC="9260599090"/>
						<SP ID="P2_SP00861" HPOS="2055" VPOS="1619" WIDTH="25"/>
						<String ID="P2_ST01034" HPOS="2080" VPOS="1578" WIDTH="63" HEIGHT="32" CONTENT="and" WC="0.94" CC="087"/>
						<SP ID="P2_SP00862" HPOS="2143" VPOS="1619" WIDTH="29"/>
						<String ID="P2_ST01035" HPOS="2172" VPOS="1580" WIDTH="103" HEIGHT="33" CONTENT="would" WC="0.97" CC="77800"/>
						<SP ID="P2_SP00863" HPOS="2275" VPOS="1619" WIDTH="24"/>
						<String ID="P2_ST01036" HPOS="2299" VPOS="1580" WIDTH="83" HEIGHT="35" CONTENT="fulfil" WC="0.98" CC="570005"/>
						<SP ID="P2_SP00864" HPOS="2382" VPOS="1619" WIDTH="30"/>
						<String ID="P2_ST01037" HPOS="2412" VPOS="1583" WIDTH="53" HEIGHT="32" CONTENT="the" WC="0.91" CC="966"/>
					</TextLine>
					<TextLine ID="P2_TL00175" HPOS="1714" VPOS="1632" WIDTH="751" HEIGHT="47">
						<String ID="P2_ST01038" HPOS="1714" VPOS="1632" WIDTH="137" HEIGHT="40" CONTENT="promise" WC="0.97" CC="9079407"/>
						<SP ID="P2_SP00865" HPOS="1851" VPOS="1672" WIDTH="24"/>
						<String ID="P2_ST01039" HPOS="1875" VPOS="1635" WIDTH="94" HEIGHT="30" CONTENT="made" WC="0.98" CC="0007"/>
						<SP ID="P2_SP00866" HPOS="1969" VPOS="1672" WIDTH="26"/>
						<String ID="P2_ST01040" HPOS="1995" VPOS="1644" WIDTH="30" HEIGHT="23" CONTENT="to" WC="1.00" CC="00"/>
						<SP ID="P2_SP00867" HPOS="2025" VPOS="1672" WIDTH="24"/>
						<String ID="P2_ST01041" HPOS="2049" VPOS="1636" WIDTH="54" HEIGHT="31" CONTENT="the" WC="0.92" CC="974"/>
						<SP ID="P2_SP00868" HPOS="2103" VPOS="1672" WIDTH="23"/>
						<String ID="P2_ST01042" HPOS="2126" VPOS="1638" WIDTH="120" HEIGHT="31" CONTENT="Ameer" WC="0.97" CC="80650"/>
						<SP ID="P2_SP00869" HPOS="2246" VPOS="1672" WIDTH="22"/>
						<String ID="P2_ST01043" HPOS="2268" VPOS="1640" WIDTH="35" HEIGHT="30" CONTENT="of" WC="0.63" CC="70"/>
						<SP ID="P2_SP00870" HPOS="2303" VPOS="1672" WIDTH="18"/>
						<String ID="P2_ST01044" HPOS="2321" VPOS="1640" WIDTH="124" HEIGHT="39" CONTENT="Afghan" SUBS_TYPE="HypPart1" SUBS_CONTENT="Afghanistau" WC="0.97" CC="980968"/>
						<HYP HPOS="2445" VPOS="1640" WIDTH="20" CONTENT="-"/>
					</TextLine>
					<TextLine ID="P2_TL00176" HPOS="1713" VPOS="1686" WIDTH="754" HEIGHT="45">
						<String ID="P2_ST01045" HPOS="1713" VPOS="1686" WIDTH="82" HEIGHT="35" CONTENT="istau" SUBS_TYPE="HypPart2" SUBS_CONTENT="Afghanistau" WC="0.16" CC="59987"/>
						<SP ID="P2_SP00871" HPOS="1795" VPOS="1721" WIDTH="28"/>
						<String ID="P2_ST01046" HPOS="1823" VPOS="1688" WIDTH="70" HEIGHT="35" CONTENT="that" WC="0.96" CC="0709"/>
						<SP ID="P2_SP00872" HPOS="1893" VPOS="1723" WIDTH="27"/>
						<String ID="P2_ST01047" HPOS="1920" VPOS="1690" WIDTH="53" HEIGHT="33" CONTENT="the" WC="0.93" CC="673"/>
						<SP ID="P2_SP00873" HPOS="1973" VPOS="1723" WIDTH="24"/>
						<String ID="P2_ST01048" HPOS="1997" VPOS="1693" WIDTH="162" HEIGHT="33" CONTENT="retention" WC="0.98" CC="639080058"/>
						<SP ID="P2_SP00874" HPOS="2159" VPOS="1726" WIDTH="28"/>
						<String ID="P2_ST01049" HPOS="2187" VPOS="1693" WIDTH="34" HEIGHT="34" CONTENT="of" WC="1.00" CC="00"/>
						<SP ID="P2_SP00875" HPOS="2221" VPOS="1727" WIDTH="21"/>
						<String ID="P2_ST01050" HPOS="2242" VPOS="1694" WIDTH="54" HEIGHT="34" CONTENT="the" WC="0.91" CC="977"/>
						<SP ID="P2_SP00876" HPOS="2296" VPOS="1728" WIDTH="28"/>
						<String ID="P2_ST01051" HPOS="2324" VPOS="1695" WIDTH="143" HEIGHT="36" CONTENT="Zulficar" WC="0.64" CC="07422326"/>
					</TextLine>
					<TextLine ID="P2_TL00177" HPOS="1714" VPOS="1746" WIDTH="751" HEIGHT="41">
						<String ID="P2_ST01052" HPOS="1714" VPOS="1746" WIDTH="77" HEIGHT="31" CONTENT="Pass" WC="0.94" CC="7990"/>
						<SP ID="P2_SP00877" HPOS="1791" VPOS="1777" WIDTH="25"/>
						<String ID="P2_ST01053" HPOS="1816" VPOS="1758" WIDTH="65" HEIGHT="21" CONTENT="was" WC="0.96" CC="090"/>
						<SP ID="P2_SP00878" HPOS="1881" VPOS="1779" WIDTH="24"/>
						<String ID="P2_ST01054" HPOS="1905" VPOS="1749" WIDTH="127" HEIGHT="31" CONTENT="arrived" WC="0.99" CC="0092060"/>
						<SP ID="P2_SP00879" HPOS="2032" VPOS="1780" WIDTH="30"/>
						<String ID="P2_ST01055" HPOS="2062" VPOS="1755" WIDTH="43" HEIGHT="27" CONTENT="at." WC="0.95" CC="094"/>
						<SP ID="P2_SP00880" HPOS="2105" VPOS="1782" WIDTH="47"/>
						<String ID="P2_ST01056" HPOS="2152" VPOS="1752" WIDTH="177" HEIGHT="33" CONTENT="Whatever" WC="0.98" CC="97994050"/>
						<SP ID="P2_SP00881" HPOS="2329" VPOS="1785" WIDTH="32"/>
						<String ID="P2_ST01057" HPOS="2361" VPOS="1755" WIDTH="90" HEIGHT="32" CONTENT="settle" SUBS_TYPE="HypPart1" SUBS_CONTENT="settlement" WC="0.99" CC="700013"/>
						<HYP HPOS="2451" VPOS="1755" WIDTH="14" CONTENT="-"/>
					</TextLine>
					<TextLine ID="P2_TL00178" HPOS="1712" VPOS="1806" WIDTH="753" HEIGHT="46">
						<String ID="P2_ST01058" HPOS="1712" VPOS="1810" WIDTH="90" HEIGHT="25" CONTENT="ment" SUBS_TYPE="HypPart2" SUBS_CONTENT="settlement" WC="0.97" CC="0780"/>
						<SP ID="P2_SP00882" HPOS="1802" VPOS="1835" WIDTH="11"/>
						<String ID="P2_ST01059" HPOS="1813" VPOS="1816" WIDTH="65" HEIGHT="21" CONTENT="was" WC="0.93" CC="099"/>
						<SP ID="P2_SP00883" HPOS="1878" VPOS="1837" WIDTH="13"/>
						<String ID="P2_ST01060" HPOS="1891" VPOS="1806" WIDTH="125" HEIGHT="33" CONTENT="arrived" WC="0.97" CC="9090469"/>
						<SP ID="P2_SP00884" HPOS="2016" VPOS="1839" WIDTH="12"/>
						<String ID="P2_ST01061" HPOS="2028" VPOS="1818" WIDTH="34" HEIGHT="22" CONTENT="at" WC="0.99" CC="00"/>
						<SP ID="P2_SP00885" HPOS="2062" VPOS="1840" WIDTH="12"/>
						<String ID="P2_ST01062" HPOS="2074" VPOS="1808" WIDTH="143" HEIGHT="33" CONTENT="between" WC="0.97" CC="7590937"/>
						<SP ID="P2_SP00886" HPOS="2217" VPOS="1841" WIDTH="13"/>
						<String ID="P2_ST01063" HPOS="2230" VPOS="1811" WIDTH="156" HEIGHT="41" CONTENT="England" WC="0.98" CC="9897000"/>
						<SP ID="P2_SP00887" HPOS="2386" VPOS="1852" WIDTH="15"/>
						<String ID="P2_ST01064" HPOS="2401" VPOS="1813" WIDTH="64" HEIGHT="32" CONTENT="and" WC="0.97" CC="070"/>
					</TextLine>
					<TextLine ID="P2_TL00179" HPOS="1715" VPOS="1860" WIDTH="750" HEIGHT="52">
						<String ID="P2_ST01065" HPOS="1715" VPOS="1860" WIDTH="126" HEIGHT="40" CONTENT="Russia," WC="0.98" CC="2749380"/>
						<SP ID="P2_SP00888" HPOS="1841" VPOS="1900" WIDTH="18"/>
						<String ID="P2_ST01066" HPOS="1859" VPOS="1861" WIDTH="25" HEIGHT="34" CONTENT="it" WC="0.52" CC="09"/>
						<SP ID="P2_SP00889" HPOS="1884" VPOS="1900" WIDTH="15"/>
						<String ID="P2_ST01067" HPOS="1899" VPOS="1861" WIDTH="26" HEIGHT="34" CONTENT="is" WC="0.69" CC="32"/>
						<SP ID="P2_SP00890" HPOS="1925" VPOS="1900" WIDTH="22"/>
						<String ID="P2_ST01068" HPOS="1947" VPOS="1861" WIDTH="192" HEIGHT="46" CONTENT="imperative" WC="0.98" CC="0895099405"/>
						<SP ID="P2_SP00891" HPOS="2139" VPOS="1907" WIDTH="18"/>
						<String ID="P2_ST01069" HPOS="2157" VPOS="1871" WIDTH="32" HEIGHT="29" CONTENT="to" WC="0.92" CC="01"/>
						<SP ID="P2_SP00892" HPOS="2189" VPOS="1907" WIDTH="24"/>
						<String ID="P2_ST01070" HPOS="2213" VPOS="1868" WIDTH="166" HEIGHT="44" CONTENT="promptly" WC="0.98" CC="90309920"/>
						<SP ID="P2_SP00893" HPOS="2379" VPOS="1912" WIDTH="23"/>
						<String ID="P2_ST01071" HPOS="2402" VPOS="1869" WIDTH="63" HEIGHT="33" CONTENT="and" WC="0.89" CC="989"/>
					</TextLine>
					<TextLine ID="P2_TL00180" HPOS="1714" VPOS="1918" WIDTH="758" HEIGHT="51">
						<String ID="P2_ST01072" HPOS="1714" VPOS="1918" WIDTH="183" HEIGHT="45" CONTENT="vigorously" WC="0.98" CC="0395027649"/>
						<SP ID="P2_SP00894" HPOS="1897" VPOS="1963" WIDTH="23"/>
						<String ID="P2_ST01073" HPOS="1920" VPOS="1933" WIDTH="135" HEIGHT="32" CONTENT="prepare" WC="0.99" CC="8700000"/>
						<SP ID="P2_SP00895" HPOS="2055" VPOS="1965" WIDTH="23"/>
						<String ID="P2_ST01074" HPOS="2078" VPOS="1923" WIDTH="48" HEIGHT="34" CONTENT="for" WC="0.98" CC="050"/>
						<SP ID="P2_SP00896" HPOS="2126" VPOS="1965" WIDTH="24"/>
						<String ID="P2_ST01075" HPOS="2150" VPOS="1925" WIDTH="55" HEIGHT="33" CONTENT="the" WC="0.97" CC="070"/>
						<SP ID="P2_SP00897" HPOS="2205" VPOS="1965" WIDTH="27"/>
						<String ID="P2_ST01076" HPOS="2232" VPOS="1928" WIDTH="180" HEIGHT="41" CONTENT="protection" WC="0.99" CC="7330072015"/>
						<SP ID="P2_SP00898" HPOS="2412" VPOS="1969" WIDTH="25"/>
						<String ID="P2_ST01077" HPOS="2437" VPOS="1930" WIDTH="35" HEIGHT="31" CONTENT="of" WC="0.69" CC="60"/>
					</TextLine>
					<TextLine ID="P2_TL00181" HPOS="1713" VPOS="1975" WIDTH="756" HEIGHT="41">
						<String ID="P2_ST01078" HPOS="1713" VPOS="1985" WIDTH="58" HEIGHT="21" CONTENT="our" WC="0.95" CC="660"/>
						<SP ID="P2_SP00899" HPOS="1771" VPOS="2006" WIDTH="16"/>
						<String ID="P2_ST01079" HPOS="1787" VPOS="1975" WIDTH="120" HEIGHT="33" CONTENT="Indian" WC="0.98" CC="080207"/>
						<SP ID="P2_SP00900" HPOS="1907" VPOS="2008" WIDTH="11"/>
						<String ID="P2_ST01080" HPOS="1918" VPOS="1977" WIDTH="143" HEIGHT="38" CONTENT="frontier," WC="1.00" CC="001501040"/>
						<SP ID="P2_SP00901" HPOS="2061" VPOS="2015" WIDTH="18"/>
						<String ID="P2_ST01081" HPOS="2079" VPOS="1978" WIDTH="63" HEIGHT="33" CONTENT="and" WC="0.92" CC="839"/>
						<SP ID="P2_SP00902" HPOS="2142" VPOS="2015" WIDTH="13"/>
						<String ID="P2_ST01082" HPOS="2155" VPOS="1990" WIDTH="91" HEIGHT="23" CONTENT="more" WC="0.99" CC="6000"/>
						<SP ID="P2_SP00903" HPOS="2246" VPOS="2015" WIDTH="13"/>
						<String ID="P2_ST01083" HPOS="2259" VPOS="1981" WIDTH="81" HEIGHT="33" CONTENT="than" WC="0.95" CC="6708"/>
						<SP ID="P2_SP00904" HPOS="2340" VPOS="2015" WIDTH="13"/>
						<String ID="P2_ST01084" HPOS="2353" VPOS="1982" WIDTH="72" HEIGHT="33" CONTENT="that" WC="0.97" CC="0780"/>
						<SP ID="P2_SP00905" HPOS="2425" VPOS="2015" WIDTH="12"/>
						<String ID="P2_ST01085" HPOS="2437" VPOS="1988" WIDTH="32" HEIGHT="28" CONTENT="to" WC="0.78" CC="04"/>
					</TextLine>
					<TextLine ID="P2_TL00182" HPOS="1714" VPOS="2032" WIDTH="755" HEIGHT="46">
						<String ID="P2_ST01086" HPOS="1714" VPOS="2032" WIDTH="120" HEIGHT="33" CONTENT="stretch" WC="0.98" CC="9001757"/>
						<SP ID="P2_SP00906" HPOS="1834" VPOS="2065" WIDTH="24"/>
						<String ID="P2_ST01087" HPOS="1858" VPOS="2034" WIDTH="180" HEIGHT="33" CONTENT="somewhat" WC="0.98" CC="94008700"/>
						<SP ID="P2_SP00907" HPOS="2038" VPOS="2067" WIDTH="23"/>
						<String ID="P2_ST01088" HPOS="2061" VPOS="2035" WIDTH="128" HEIGHT="43" CONTENT="beyond" WC="0.97" CC="709270"/>
						<SP ID="P2_SP00908" HPOS="2189" VPOS="2078" WIDTH="21"/>
						<String ID="P2_ST01089" HPOS="2210" VPOS="2038" WIDTH="36" HEIGHT="39" CONTENT="it," WC="0.98" CC="021"/>
						<SP ID="P2_SP00909" HPOS="2246" VPOS="2078" WIDTH="16"/>
						<String ID="P2_ST01090" HPOS="2262" VPOS="2050" WIDTH="34" HEIGHT="21" CONTENT="in" WC="0.45" CC="37"/>
						<SP ID="P2_SP00910" HPOS="2296" VPOS="2078" WIDTH="25"/>
						<String ID="P2_ST01091" HPOS="2321" VPOS="2039" WIDTH="94" HEIGHT="33" CONTENT="order" WC="0.98" CC="00904"/>
						<SP ID="P2_SP00911" HPOS="2415" VPOS="2078" WIDTH="22"/>
						<String ID="P2_ST01092" HPOS="2437" VPOS="2046" WIDTH="32" HEIGHT="28" CONTENT="to" WC="0.35" CC="66"/>
					</TextLine>
					<TextLine ID="P2_TL00183" HPOS="1714" VPOS="2090" WIDTH="756" HEIGHT="51">
						<String ID="P2_ST01093" HPOS="1714" VPOS="2093" WIDTH="132" HEIGHT="40" CONTENT="prevent" WC="0.97" CC="0069389"/>
						<SP ID="P2_SP00912" HPOS="1846" VPOS="2133" WIDTH="16"/>
						<String ID="P2_ST01094" HPOS="1862" VPOS="2090" WIDTH="53" HEIGHT="35" CONTENT="the" WC="0.94" CC="096"/>
						<SP ID="P2_SP00913" HPOS="1915" VPOS="2133" WIDTH="18"/>
						<String ID="P2_ST01095" HPOS="1933" VPOS="2090" WIDTH="65" HEIGHT="35" CONTENT="tide" WC="0.98" CC="0090"/>
						<SP ID="P2_SP00914" HPOS="1998" VPOS="2133" WIDTH="16"/>
						<String ID="P2_ST01096" HPOS="2014" VPOS="2091" WIDTH="36" HEIGHT="35" CONTENT="of" WC="0.41" CC="74"/>
						<SP ID="P2_SP00915" HPOS="2050" VPOS="2133" WIDTH="11"/>
						<String ID="P2_ST01097" HPOS="2061" VPOS="2104" WIDTH="68" HEIGHT="22" CONTENT="war" WC="0.92" CC="849"/>
						<SP ID="P2_SP00916" HPOS="2129" VPOS="2133" WIDTH="15"/>
						<String ID="P2_ST01098" HPOS="2144" VPOS="2093" WIDTH="119" HEIGHT="46" CONTENT="setting" WC="0.98" CC="0199067"/>
						<SP ID="P2_SP00917" HPOS="2263" VPOS="2139" WIDTH="21"/>
						<String ID="P2_ST01099" HPOS="2284" VPOS="2096" WIDTH="35" HEIGHT="32" CONTENT="in" WC="0.58" CC="07"/>
						<SP ID="P2_SP00918" HPOS="2319" VPOS="2139" WIDTH="23"/>
						<String ID="P2_ST01100" HPOS="2342" VPOS="2096" WIDTH="128" HEIGHT="45" CONTENT="against" WC="0.98" CC="8903840"/>
					</TextLine>
					<TextLine ID="P2_TL00184" HPOS="1713" VPOS="2150" WIDTH="35" HEIGHT="32">
						<String ID="P2_ST01101" HPOS="1713" VPOS="2150" WIDTH="35" HEIGHT="32" CONTENT="it." WC="0.97" CC="403"/>
					</TextLine>
					<TextLine ID="P2_TL00185" HPOS="2181" VPOS="2210" WIDTH="248" HEIGHT="46">
						<String ID="P2_ST01102" HPOS="2181" VPOS="2210" WIDTH="115" HEIGHT="42" CONTENT="Cairo," WC="0.97" CC="391653"/>
						<SP ID="P2_SP00919" HPOS="2296" VPOS="2252" WIDTH="14"/>
						<String ID="P2_ST01103" HPOS="2310" VPOS="2212" WIDTH="79" HEIGHT="44" CONTENT="July" WC="0.96" CC="8540"/>
						<SP ID="P2_SP00920" HPOS="2389" VPOS="2256" WIDTH="12"/>
						<String ID="P2_ST01104" HPOS="2401" VPOS="2215" WIDTH="28" HEIGHT="31" CONTENT="3." WC="0.53" CC="71"/>
					</TextLine>
					<TextLine ID="P2_TL00186" HPOS="1755" VPOS="2263" WIDTH="715" HEIGHT="45">
						<String ID="P2_ST01105" HPOS="1755" VPOS="2263" WIDTH="87" HEIGHT="33" CONTENT="Lord" WC="0.97" CC="2507"/>
						<SP ID="P2_SP00921" HPOS="1842" VPOS="2296" WIDTH="17"/>
						<String ID="P2_ST01106" HPOS="1859" VPOS="2264" WIDTH="172" HEIGHT="44" CONTENT="Wolseley," WC="0.61" CC="832063090"/>
						<SP ID="P2_SP00922" HPOS="2031" VPOS="2308" WIDTH="17"/>
						<String ID="P2_ST01107" HPOS="2048" VPOS="2266" WIDTH="73" HEIGHT="33" CONTENT="who" WC="0.93" CC="774"/>
						<SP ID="P2_SP00923" HPOS="2121" VPOS="2308" WIDTH="17"/>
						<String ID="P2_ST01108" HPOS="2138" VPOS="2267" WIDTH="59" HEIGHT="33" CONTENT="has" WC="0.95" CC="707"/>
						<SP ID="P2_SP00924" HPOS="2197" VPOS="2308" WIDTH="16"/>
						<String ID="P2_ST01109" HPOS="2213" VPOS="2269" WIDTH="50" HEIGHT="31" CONTENT="for" WC="0.96" CC="090"/>
						<SP ID="P2_SP00925" HPOS="2263" VPOS="2308" WIDTH="23"/>
						<String ID="P2_ST01110" HPOS="2286" VPOS="2281" WIDTH="90" HEIGHT="21" CONTENT="some" WC="0.97" CC="9501"/>
						<SP ID="P2_SP00926" HPOS="2376" VPOS="2308" WIDTH="17"/>
						<String ID="P2_ST01111" HPOS="2393" VPOS="2271" WIDTH="77" HEIGHT="32" CONTENT="time" WC="0.98" CC="9000"/>
					</TextLine>
					<TextLine ID="P2_TL00187" HPOS="1715" VPOS="2321" WIDTH="754" HEIGHT="49">
						<String ID="P2_ST01112" HPOS="1715" VPOS="2326" WIDTH="71" HEIGHT="37" CONTENT="past" WC="0.98" CC="0800"/>
						<SP ID="P2_SP00927" HPOS="1786" VPOS="2363" WIDTH="16"/>
						<String ID="P2_ST01113" HPOS="1802" VPOS="2321" WIDTH="80" HEIGHT="33" CONTENT="been" WC="0.94" CC="7738"/>
						<SP ID="P2_SP00928" HPOS="1882" VPOS="2363" WIDTH="16"/>
						<String ID="P2_ST01114" HPOS="1898" VPOS="2327" WIDTH="32" HEIGHT="27" CONTENT="at" WC="0.01" CC="99"/>
						<SP ID="P2_SP00929" HPOS="1930" VPOS="2363" WIDTH="18"/>
						<String ID="P2_ST01115" HPOS="1948" VPOS="2323" WIDTH="147" HEIGHT="41" CONTENT="Suakim," WC="0.51" CC="9690502"/>
						<SP ID="P2_SP00930" HPOS="2095" VPOS="2364" WIDTH="17"/>
						<String ID="P2_ST01116" HPOS="2112" VPOS="2325" WIDTH="26" HEIGHT="33" CONTENT="is" WC="0.95" CC="00"/>
						<SP ID="P2_SP00931" HPOS="2138" VPOS="2364" WIDTH="15"/>
						<String ID="P2_ST01117" HPOS="2153" VPOS="2326" WIDTH="171" HEIGHT="42" CONTENT="returning" WC="0.98" CC="909708287"/>
						<SP ID="P2_SP00932" HPOS="2324" VPOS="2368" WIDTH="12"/>
						<String ID="P2_ST01118" HPOS="2336" VPOS="2330" WIDTH="33" HEIGHT="29" CONTENT="to" WC="0.14" CC="97"/>
						<SP ID="P2_SP00933" HPOS="2369" VPOS="2368" WIDTH="14"/>
						<String ID="P2_ST01119" HPOS="2383" VPOS="2327" WIDTH="65" HEIGHT="43" CONTENT="Eng" SUBS_TYPE="HypPart1" SUBS_CONTENT="England." WC="0.95" CC="789"/>
						<HYP HPOS="2448" VPOS="2327" WIDTH="21" CONTENT="-"/>
					</TextLine>
					<TextLine ID="P2_TL00188" HPOS="1714" VPOS="2378" WIDTH="87" HEIGHT="33">
						<String ID="P2_ST01120" HPOS="1714" VPOS="2378" WIDTH="87" HEIGHT="33" CONTENT="land." SUBS_TYPE="HypPart2" SUBS_CONTENT="England." WC="0.98" CC="50090"/>
					</TextLine>
					<TextLine ID="P2_TL00189" HPOS="2056" VPOS="2437" WIDTH="374" HEIGHT="42">
						<String ID="P2_ST01121" HPOS="2056" VPOS="2437" WIDTH="84" HEIGHT="34" CONTENT="New" WC="0.94" CC="709"/>
						<SP ID="P2_SP00934" HPOS="2140" VPOS="2471" WIDTH="15"/>
						<String ID="P2_ST01122" HPOS="2155" VPOS="2438" WIDTH="107" HEIGHT="41" CONTENT="York," WC="0.97" CC="54630"/>
						<SP ID="P2_SP00935" HPOS="2262" VPOS="2479" WIDTH="17"/>
						<String ID="P2_ST01123" HPOS="2279" VPOS="2440" WIDTH="87" HEIGHT="34" CONTENT="June" WC="0.94" CC="9863"/>
						<SP ID="P2_SP00936" HPOS="2366" VPOS="2479" WIDTH="16"/>
						<String ID="P2_ST01124" HPOS="2382" VPOS="2443" WIDTH="48" HEIGHT="31" CONTENT="30." WC="0.60" CC="613"/>
					</TextLine>
					<TextLine ID="P2_TL00190" HPOS="1755" VPOS="2493" WIDTH="718" HEIGHT="50">
						<String ID="P2_ST01125" HPOS="1755" VPOS="2493" WIDTH="68" HEIGHT="33" CONTENT="The" WC="0.95" CC="570"/>
						<SP ID="P2_SP00937" HPOS="1823" VPOS="2526" WIDTH="16"/>
						<String ID="P2_ST01126" HPOS="1839" VPOS="2505" WIDTH="111" HEIGHT="32" CONTENT="young" WC="0.94" CC="96879"/>
						<SP ID="P2_SP00938" HPOS="1950" VPOS="2537" WIDTH="10"/>
						<String ID="P2_ST01127" HPOS="1960" VPOS="2506" WIDTH="141" HEIGHT="28" CONTENT="woman," WC="0.97" CC="500983"/>
						<SP ID="P2_SP00939" HPOS="2101" VPOS="2537" WIDTH="13"/>
						<String ID="P2_ST01128" HPOS="2114" VPOS="2496" WIDTH="113" HEIGHT="35" CONTENT="Yseult" WC="0.61" CC="660640"/>
						<SP ID="P2_SP00940" HPOS="2227" VPOS="2537" WIDTH="17"/>
						<String ID="P2_ST01129" HPOS="2244" VPOS="2498" WIDTH="141" HEIGHT="45" CONTENT="Dudley," WC="0.98" CC="7607600"/>
						<SP ID="P2_SP00941" HPOS="2385" VPOS="2543" WIDTH="15"/>
						<String ID="P2_ST01130" HPOS="2400" VPOS="2501" WIDTH="73" HEIGHT="34" CONTENT="who" WC="0.93" CC="575"/>
					</TextLine>
					<TextLine ID="P2_TL00191" HPOS="1715" VPOS="2549" WIDTH="756" HEIGHT="50">
						<String ID="P2_ST01131" HPOS="1715" VPOS="2549" WIDTH="58" HEIGHT="34" CONTENT="has" WC="0.97" CC="700"/>
						<SP ID="P2_SP00942" HPOS="1773" VPOS="2583" WIDTH="18"/>
						<String ID="P2_ST01132" HPOS="1791" VPOS="2550" WIDTH="79" HEIGHT="33" CONTENT="been" WC="0.95" CC="7608"/>
						<SP ID="P2_SP00943" HPOS="1870" VPOS="2583" WIDTH="18"/>
						<String ID="P2_ST01133" HPOS="1888" VPOS="2552" WIDTH="170" HEIGHT="43" CONTENT="arraigned" WC="0.99" CC="000089840"/>
						<SP ID="P2_SP00944" HPOS="2058" VPOS="2595" WIDTH="24"/>
						<String ID="P2_ST01134" HPOS="2082" VPOS="2565" WIDTH="42" HEIGHT="21" CONTENT="on" WC="0.12" CC="97"/>
						<SP ID="P2_SP00945" HPOS="2124" VPOS="2595" WIDTH="27"/>
						<String ID="P2_ST01135" HPOS="2151" VPOS="2553" WIDTH="53" HEIGHT="34" CONTENT="the" WC="0.93" CC="774"/>
						<SP ID="P2_SP00946" HPOS="2204" VPOS="2595" WIDTH="25"/>
						<String ID="P2_ST01136" HPOS="2229" VPOS="2555" WIDTH="118" HEIGHT="44" CONTENT="charge" WC="0.97" CC="079094"/>
						<SP ID="P2_SP00947" HPOS="2347" VPOS="2599" WIDTH="24"/>
						<String ID="P2_ST01137" HPOS="2371" VPOS="2557" WIDTH="35" HEIGHT="34" CONTENT="of" WC="0.35" CC="66"/>
						<SP ID="P2_SP00948" HPOS="2406" VPOS="2599" WIDTH="20"/>
						<String ID="P2_ST01138" HPOS="2426" VPOS="2563" WIDTH="30" HEIGHT="28" CONTENT="at" SUBS_TYPE="HypPart1" SUBS_CONTENT="attempting" WC="0.95" CC="90"/>
						<HYP HPOS="2456" VPOS="2563" WIDTH="15" CONTENT="-"/>
					</TextLine>
					<TextLine ID="P2_TL00192" HPOS="1716" VPOS="2609" WIDTH="756" HEIGHT="44">
						<String ID="P2_ST01139" HPOS="1716" VPOS="2609" WIDTH="161" HEIGHT="41" CONTENT="tempting" SUBS_TYPE="HypPart2" SUBS_CONTENT="attempting" WC="0.98" CC="95090780"/>
						<SP ID="P2_SP00949" HPOS="1877" VPOS="2650" WIDTH="16"/>
						<String ID="P2_ST01140" HPOS="1893" VPOS="2614" WIDTH="31" HEIGHT="27" CONTENT="to" WC="1.00" CC="00"/>
						<SP ID="P2_SP00950" HPOS="1924" VPOS="2650" WIDTH="19"/>
						<String ID="P2_ST01141" HPOS="1943" VPOS="2610" WIDTH="131" HEIGHT="32" CONTENT="murder" WC="0.98" CC="960030"/>
						<SP ID="P2_SP00951" HPOS="2074" VPOS="2650" WIDTH="11"/>
						<String ID="P2_ST01142" HPOS="2085" VPOS="2611" WIDTH="206" HEIGHT="34" CONTENT="o'Donovan" WC="0.44" CC="036684387"/>
						<SP ID="P2_SP00952" HPOS="2291" VPOS="2650" WIDTH="12"/>
						<String ID="P2_ST01143" HPOS="2303" VPOS="2613" WIDTH="115" HEIGHT="40" CONTENT="Rossa," WC="0.59" CC="764600"/>
						<SP ID="P2_SP00953" HPOS="2418" VPOS="2653" WIDTH="13"/>
						<String ID="P2_ST01144" HPOS="2431" VPOS="2625" WIDTH="41" HEIGHT="22" CONTENT="on" WC="0.17" CC="97"/>
					</TextLine>
					<TextLine ID="P2_TL00193" HPOS="1717" VPOS="2664" WIDTH="756" HEIGHT="49">
						<String ID="P2_ST01145" HPOS="1717" VPOS="2664" WIDTH="165" HEIGHT="43" CONTENT="February" WC="0.97" CC="67798990"/>
						<SP ID="P2_SP00954" HPOS="1882" VPOS="2707" WIDTH="17"/>
						<String ID="P2_ST01146" HPOS="1899" VPOS="2666" WIDTH="63" HEIGHT="33" CONTENT="2nd" WC="0.91" CC="976"/>
						<SP ID="P2_SP00955" HPOS="1962" VPOS="2707" WIDTH="18"/>
						<String ID="P2_ST01147" HPOS="1980" VPOS="2666" WIDTH="74" HEIGHT="41" CONTENT="last," WC="0.96" CC="38593"/>
						<SP ID="P2_SP00956" HPOS="2054" VPOS="2707" WIDTH="11"/>
						<String ID="P2_ST01148" HPOS="2065" VPOS="2666" WIDTH="60" HEIGHT="34" CONTENT="has" WC="0.94" CC="790"/>
						<SP ID="P2_SP00957" HPOS="2125" VPOS="2707" WIDTH="11"/>
						<String ID="P2_ST01149" HPOS="2136" VPOS="2667" WIDTH="37" HEIGHT="34" CONTENT="be" WC="0.65" CC="60"/>
						<SP ID="P2_SP00958" HPOS="2173" VPOS="2707" WIDTH="22"/>
						<String ID="P2_ST01150" HPOS="2195" VPOS="2680" WIDTH="21" HEIGHT="21" CONTENT="n" WC="0.39" CC="6"/>
						<SP ID="P2_SP00959" HPOS="2216" VPOS="2707" WIDTH="12"/>
						<String ID="P2_ST01151" HPOS="2228" VPOS="2669" WIDTH="177" HEIGHT="44" CONTENT="acquitted," WC="0.99" CC="4466309300"/>
						<SP ID="P2_SP00960" HPOS="2405" VPOS="2713" WIDTH="13"/>
						<String ID="P2_ST01152" HPOS="2418" VPOS="2671" WIDTH="55" HEIGHT="34" CONTENT="the" WC="0.90" CC="979"/>
					</TextLine>
					<TextLine ID="P2_TL00194" HPOS="1714" VPOS="2722" WIDTH="758" HEIGHT="42">
						<String ID="P2_ST01153" HPOS="1714" VPOS="2722" WIDTH="83" HEIGHT="42" CONTENT="Jury" WC="0.99" CC="0600"/>
						<SP ID="P2_SP00961" HPOS="1797" VPOS="2764" WIDTH="16"/>
						<String ID="P2_ST01154" HPOS="1813" VPOS="2722" WIDTH="126" HEIGHT="42" CONTENT="finding" WC="0.97" CC="6770059"/>
						<SP ID="P2_SP00962" HPOS="1939" VPOS="2764" WIDTH="16"/>
						<String ID="P2_ST01155" HPOS="1955" VPOS="2735" WIDTH="18" HEIGHT="21" CONTENT="a" WC="0.28" CC="7"/>
						<SP ID="P2_SP00963" HPOS="1973" VPOS="2764" WIDTH="15"/>
						<String ID="P2_ST01156" HPOS="1988" VPOS="2724" WIDTH="124" HEIGHT="34" CONTENT="verdict" WC="0.98" CC="5000249"/>
						<SP ID="P2_SP00964" HPOS="2112" VPOS="2764" WIDTH="13"/>
						<String ID="P2_ST01157" HPOS="2125" VPOS="2726" WIDTH="34" HEIGHT="32" CONTENT="in" WC="0.89" CC="20"/>
						<SP ID="P2_SP00965" HPOS="2159" VPOS="2764" WIDTH="17"/>
						<String ID="P2_ST01158" HPOS="2176" VPOS="2726" WIDTH="59" HEIGHT="33" CONTENT="her" WC="0.95" CC="830"/>
						<SP ID="P2_SP00966" HPOS="2235" VPOS="2764" WIDTH="16"/>
						<String ID="P2_ST01159" HPOS="2251" VPOS="2727" WIDTH="92" HEIGHT="34" CONTENT="favor" WC="0.99" CC="30030"/>
						<SP ID="P2_SP00967" HPOS="2343" VPOS="2764" WIDTH="15"/>
						<String ID="P2_ST01160" HPOS="2358" VPOS="2740" WIDTH="42" HEIGHT="21" CONTENT="on" WC="0.39" CC="65"/>
						<SP ID="P2_SP00968" HPOS="2400" VPOS="2764" WIDTH="17"/>
						<String ID="P2_ST01161" HPOS="2417" VPOS="2729" WIDTH="55" HEIGHT="34" CONTENT="the" WC="0.96" CC="073"/>
					</TextLine>
					<TextLine ID="P2_TL00195" HPOS="1715" VPOS="2779" WIDTH="343" HEIGHT="46">
						<String ID="P2_ST01162" HPOS="1715" VPOS="2779" WIDTH="125" HEIGHT="43" CONTENT="ground" WC="0.97" CC="906670"/>
						<SP ID="P2_SP00969" HPOS="1840" VPOS="2822" WIDTH="17"/>
						<String ID="P2_ST01163" HPOS="1857" VPOS="2781" WIDTH="34" HEIGHT="33" CONTENT="of" WC="0.80" CC="40"/>
						<SP ID="P2_SP00970" HPOS="1891" VPOS="2822" WIDTH="12"/>
						<String ID="P2_ST01164" HPOS="1903" VPOS="2781" WIDTH="155" HEIGHT="44" CONTENT="insanity." WC="0.99" CC="026060601"/>
					</TextLine>
					<TextLine ID="P2_TL00196" HPOS="2063" VPOS="2840" WIDTH="367" HEIGHT="46">
						<String ID="P2_ST01165" HPOS="2063" VPOS="2840" WIDTH="225" HEIGHT="42" CONTENT="Melbourne," WC="0.98" CC="4697306732"/>
						<SP ID="P2_SP00971" HPOS="2288" VPOS="2882" WIDTH="17"/>
						<String ID="P2_ST01166" HPOS="2305" VPOS="2843" WIDTH="81" HEIGHT="43" CONTENT="July" WC="0.96" CC="8610"/>
						<SP ID="P2_SP00972" HPOS="2386" VPOS="2886" WIDTH="17"/>
						<String ID="P2_ST01167" HPOS="2403" VPOS="2845" WIDTH="27" HEIGHT="32" CONTENT="1." WC="0.80" CC="40"/>
					</TextLine>
					<TextLine ID="P2_TL00197" HPOS="1755" VPOS="2894" WIDTH="715" HEIGHT="48">
						<String ID="P2_ST01168" HPOS="1755" VPOS="2894" WIDTH="68" HEIGHT="33" CONTENT="The" WC="0.93" CC="874"/>
						<SP ID="P2_SP00973" HPOS="1823" VPOS="2927" WIDTH="14"/>
						<String ID="P2_ST01169" HPOS="1837" VPOS="2895" WIDTH="222" HEIGHT="35" CONTENT="examination" WC="0.99" CC="26020808366"/>
						<SP ID="P2_SP00974" HPOS="2059" VPOS="2930" WIDTH="11"/>
						<String ID="P2_ST01170" HPOS="2070" VPOS="2899" WIDTH="35" HEIGHT="32" CONTENT="of" WC="0.39" CC="56"/>
						<SP ID="P2_SP00975" HPOS="2105" VPOS="2931" WIDTH="10"/>
						<String ID="P2_ST01171" HPOS="2115" VPOS="2899" WIDTH="53" HEIGHT="33" CONTENT="the" WC="0.96" CC="072"/>
						<SP ID="P2_SP00976" HPOS="2168" VPOS="2932" WIDTH="15"/>
						<String ID="P2_ST01172" HPOS="2183" VPOS="2899" WIDTH="182" HEIGHT="43" CONTENT="Simpson's" WC="0.99" CC="700001833"/>
						<SP ID="P2_SP00977" HPOS="2365" VPOS="2942" WIDTH="13"/>
						<String ID="P2_ST01173" HPOS="2378" VPOS="2902" WIDTH="92" HEIGHT="33" CONTENT="Road" WC="0.94" CC="9690"/>
					</TextLine>
					<TextLine ID="P2_TL00198" HPOS="1715" VPOS="2949" WIDTH="756" HEIGHT="50">
						<String ID="P2_ST01174" HPOS="1715" VPOS="2949" WIDTH="86" HEIGHT="33" CONTENT="bank" WC="0.97" CC="7080"/>
						<SP ID="P2_SP00978" HPOS="1801" VPOS="2982" WIDTH="16"/>
						<String ID="P2_ST01175" HPOS="1817" VPOS="2952" WIDTH="132" HEIGHT="32" CONTENT="robbers" WC="0.98" CC="0377102"/>
						<SP ID="P2_SP00979" HPOS="1949" VPOS="2984" WIDTH="24"/>
						<String ID="P2_ST01176" HPOS="1973" VPOS="2953" WIDTH="180" HEIGHT="33" CONTENT="concluded" WC="0.99" CC="257457000"/>
						<SP ID="P2_SP00980" HPOS="2153" VPOS="2986" WIDTH="20"/>
						<String ID="P2_ST01177" HPOS="2173" VPOS="2956" WIDTH="184" HEIGHT="43" CONTENT="yesterday," WC="0.99" CC="0420047602"/>
						<SP ID="P2_SP00981" HPOS="2357" VPOS="2999" WIDTH="18"/>
						<String ID="P2_ST01178" HPOS="2375" VPOS="2958" WIDTH="96" HEIGHT="32" CONTENT="when" WC="0.96" CC="0945"/>
					</TextLine>
					<TextLine ID="P2_TL00199" HPOS="1716" VPOS="3007" WIDTH="757" HEIGHT="44">
						<String ID="P2_ST01179" HPOS="1716" VPOS="3007" WIDTH="53" HEIGHT="33" CONTENT="the" WC="0.94" CC="970"/>
						<SP ID="P2_SP00982" HPOS="1769" VPOS="3040" WIDTH="18"/>
						<String ID="P2_ST01180" HPOS="1787" VPOS="3008" WIDTH="161" HEIGHT="43" CONTENT="prisoners" WC="0.99" CC="001007196"/>
						<SP ID="P2_SP00983" HPOS="1948" VPOS="3051" WIDTH="16"/>
						<String ID="P2_ST01181" HPOS="1964" VPOS="3021" WIDTH="83" HEIGHT="22" CONTENT="were" WC="0.99" CC="0600"/>
						<SP ID="P2_SP00984" HPOS="2047" VPOS="3051" WIDTH="16"/>
						<String ID="P2_ST01182" HPOS="2063" VPOS="3010" WIDTH="44" HEIGHT="33" CONTENT="all" WC="0.96" CC="550"/>
						<SP ID="P2_SP00985" HPOS="2107" VPOS="3051" WIDTH="17"/>
						<String ID="P2_ST01183" HPOS="2124" VPOS="3013" WIDTH="194" HEIGHT="34" CONTENT="committed" WC="0.98" CC="090950904"/>
						<SP ID="P2_SP00986" HPOS="2318" VPOS="3051" WIDTH="17"/>
						<String ID="P2_ST01184" HPOS="2335" VPOS="3013" WIDTH="48" HEIGHT="34" CONTENT="for" WC="0.96" CC="046"/>
						<SP ID="P2_SP00987" HPOS="2383" VPOS="3051" WIDTH="16"/>
						<String ID="P2_ST01185" HPOS="2399" VPOS="3015" WIDTH="74" HEIGHT="33" CONTENT="trial" WC="0.97" CC="99005"/>
					</TextLine>
					<TextLine ID="P2_TL00200" HPOS="1715" VPOS="3066" WIDTH="758" HEIGHT="46">
						<String ID="P2_ST01186" HPOS="1715" VPOS="3069" WIDTH="33" HEIGHT="25" CONTENT="at" WC="0.21" CC="87" STYLEREFS="TXT_6"/>
						<SP ID="P2_SP00988" HPOS="1748" VPOS="3094" WIDTH="23"/>
						<String ID="P2_ST01187" HPOS="1771" VPOS="3066" WIDTH="54" HEIGHT="28" CONTENT="the" WC="0.91" CC="976" STYLEREFS="TXT_6"/>
						<SP ID="P2_SP00989" HPOS="1825" VPOS="3094" WIDTH="24"/>
						<String ID="P2_ST01188" HPOS="1849" VPOS="3066" WIDTH="78" HEIGHT="39" CONTENT="July" WC="0.98" CC="0730" STYLEREFS="TXT_6"/>
						<SP ID="P2_SP00990" HPOS="1927" VPOS="3105" WIDTH="16"/>
						<String ID="P2_ST01189" HPOS="1943" VPOS="3068" WIDTH="151" HEIGHT="29" CONTENT="criminal" WC="0.98" CC="67654790" STYLEREFS="TXT_6"/>
						<SP ID="P2_SP00991" HPOS="2094" VPOS="3105" WIDTH="20"/>
						<String ID="P2_ST01190" HPOS="2114" VPOS="3070" WIDTH="150" HEIGHT="36" CONTENT="sessions," WC="0.98" CC="844965874" STYLEREFS="TXT_6"/>
						<SP ID="P2_SP00992" HPOS="2264" VPOS="3106" WIDTH="24"/>
						<String ID="P2_ST01191" HPOS="2288" VPOS="3070" WIDTH="64" HEIGHT="32" CONTENT="bail" WC="0.97" CC="6006" STYLEREFS="TXT_6"/>
						<SP ID="P2_SP00993" HPOS="2352" VPOS="3106" WIDTH="26"/>
						<String ID="P2_ST01192" HPOS="2378" VPOS="3072" WIDTH="80" HEIGHT="40" CONTENT="being" SUBS_TYPE="HypPart1" SUBS_CONTENT="beingrefused." WC="0.97" CC="52594" STYLEREFS="TXT_6"/>
						<HYP HPOS="2458" VPOS="3072" WIDTH="15" CONTENT="-"/>
					</TextLine>
					<TextLine ID="P2_TL00201" HPOS="1716" VPOS="3119" WIDTH="137" HEIGHT="33">
						<String ID="P2_ST01193" HPOS="1716" VPOS="3119" WIDTH="137" HEIGHT="33" CONTENT="refused." SUBS_TYPE="HypPart2" SUBS_CONTENT="beingrefused." WC="0.97" CC="99840890"/>
					</TextLine>
					<TextLine ID="P2_TL00202" HPOS="2305" VPOS="3183" WIDTH="126" HEIGHT="44">
						<String ID="P2_ST01194" HPOS="2305" VPOS="3183" WIDTH="81" HEIGHT="44" CONTENT="July" WC="0.96" CC="2870"/>
						<SP ID="P2_SP00994" HPOS="2386" VPOS="3227" WIDTH="15"/>
						<String ID="P2_ST01195" HPOS="2401" VPOS="3186" WIDTH="30" HEIGHT="32" CONTENT="4." WC="0.41" CC="92"/>
					</TextLine>
					<TextLine ID="P2_TL00203" HPOS="1757" VPOS="3234" WIDTH="713" HEIGHT="50">
						<String ID="P2_ST01196" HPOS="1757" VPOS="3234" WIDTH="68" HEIGHT="31" CONTENT="Thj" WC="0.41" CC="097"/>
						<SP ID="P2_SP00995" HPOS="1825" VPOS="3265" WIDTH="22"/>
						<String ID="P2_ST01197" HPOS="1847" VPOS="3235" WIDTH="78" HEIGHT="31" CONTENT="rush" WC="0.94" CC="9847"/>
						<SP ID="P2_SP00996" HPOS="1925" VPOS="3266" WIDTH="25"/>
						<String ID="P2_ST01198" HPOS="1950" VPOS="3236" WIDTH="106" HEIGHT="32" CONTENT="which" WC="0.95" CC="97377"/>
						<SP ID="P2_SP00997" HPOS="2056" VPOS="3268" WIDTH="25"/>
						<String ID="P2_ST01199" HPOS="2081" VPOS="3238" WIDTH="76" HEIGHT="32" CONTENT="took" WC="0.98" CC="0421"/>
						<SP ID="P2_SP00998" HPOS="2157" VPOS="3270" WIDTH="21"/>
						<String ID="P2_ST01200" HPOS="2178" VPOS="3239" WIDTH="91" HEIGHT="43" CONTENT="place" WC="0.98" CC="93000"/>
						<SP ID="P2_SP00999" HPOS="2269" VPOS="3282" WIDTH="24"/>
						<String ID="P2_ST01201" HPOS="2293" VPOS="3244" WIDTH="33" HEIGHT="29" CONTENT="to" WC="0.91" CC="01"/>
						<SP ID="P2_SP01000" HPOS="2326" VPOS="3282" WIDTH="25"/>
						<String ID="P2_ST01202" HPOS="2351" VPOS="3242" WIDTH="119" HEIGHT="42" CONTENT="Snowy" WC="0.98" CC="68100"/>
					</TextLine>
					<TextLine ID="P2_TL00204" HPOS="1717" VPOS="3290" WIDTH="753" HEIGHT="52">
						<String ID="P2_ST01203" HPOS="1717" VPOS="3290" WIDTH="97" HEIGHT="35" CONTENT="River" WC="0.97" CC="96040"/>
						<SP ID="P2_SP01001" HPOS="1814" VPOS="3325" WIDTH="25"/>
						<String ID="P2_ST01204" HPOS="1839" VPOS="3304" WIDTH="127" HEIGHT="32" CONTENT="ranges," WC="0.97" CC="9090493"/>
						<SP ID="P2_SP01002" HPOS="1966" VPOS="3336" WIDTH="29"/>
						<String ID="P2_ST01205" HPOS="1995" VPOS="3295" WIDTH="107" HEIGHT="43" CONTENT="owing" WC="0.98" CC="02080"/>
						<SP ID="P2_SP01003" HPOS="2102" VPOS="3338" WIDTH="27"/>
						<String ID="P2_ST01206" HPOS="2129" VPOS="3301" WIDTH="32" HEIGHT="29" CONTENT="to" WC="0.73" CC="05"/>
						<SP ID="P2_SP01004" HPOS="2161" VPOS="3338" WIDTH="29"/>
						<String ID="P2_ST01207" HPOS="2190" VPOS="3308" WIDTH="18" HEIGHT="22" CONTENT="a" WC="1.00" CC="9"/>
						<SP ID="P2_SP01005" HPOS="2208" VPOS="3338" WIDTH="24"/>
						<String ID="P2_ST01208" HPOS="2232" VPOS="3298" WIDTH="150" HEIGHT="44" CONTENT="reported" WC="0.97" CC="90959929"/>
						<SP ID="P2_SP01006" HPOS="2382" VPOS="3342" WIDTH="26"/>
						<String ID="P2_ST01209" HPOS="2408" VPOS="3299" WIDTH="47" HEIGHT="34" CONTENT="dis" SUBS_TYPE="HypPart1" SUBS_CONTENT="discovery" WC="0.94" CC="929"/>
						<HYP HPOS="2455" VPOS="3299" WIDTH="15" CONTENT="-"/>
					</TextLine>
					<TextLine ID="P2_TL00205" HPOS="1715" VPOS="3350" WIDTH="754" HEIGHT="48">
						<String ID="P2_ST01210" HPOS="1715" VPOS="3360" WIDTH="115" HEIGHT="31" CONTENT="covery" SUBS_TYPE="HypPart2" SUBS_CONTENT="discovery" WC="0.97" CC="790790"/>
						<SP ID="P2_SP01007" HPOS="1830" VPOS="3391" WIDTH="24"/>
						<String ID="P2_ST01211" HPOS="1854" VPOS="3350" WIDTH="35" HEIGHT="31" CONTENT="of" WC="0.14" CC="79"/>
						<SP ID="P2_SP01008" HPOS="1889" VPOS="3391" WIDTH="12"/>
						<String ID="P2_ST01212" HPOS="1901" VPOS="3351" WIDTH="84" HEIGHT="40" CONTENT="gold," WC="0.97" CC="93303"/>
						<SP ID="P2_SP01009" HPOS="1985" VPOS="3391" WIDTH="24"/>
						<String ID="P2_ST01213" HPOS="2009" VPOS="3353" WIDTH="122" HEIGHT="40" CONTENT="proved" WC="0.98" CC="903050"/>
						<SP ID="P2_SP01010" HPOS="2131" VPOS="3393" WIDTH="17"/>
						<String ID="P2_ST01214" HPOS="2148" VPOS="3358" WIDTH="33" HEIGHT="27" CONTENT="to" WC="0.83" CC="03"/>
						<SP ID="P2_SP01011" HPOS="2181" VPOS="3393" WIDTH="23"/>
						<String ID="P2_ST01215" HPOS="2204" VPOS="3353" WIDTH="38" HEIGHT="33" CONTENT="be" WC="0.61" CC="70"/>
						<SP ID="P2_SP01012" HPOS="2242" VPOS="3393" WIDTH="26"/>
						<String ID="P2_ST01216" HPOS="2268" VPOS="3365" WIDTH="14" HEIGHT="21" CONTENT="a" WC="0.25" CC="7"/>
						<SP ID="P2_SP01013" HPOS="2282" VPOS="3393" WIDTH="27"/>
						<String ID="P2_ST01217" HPOS="2309" VPOS="3357" WIDTH="160" HEIGHT="41" CONTENT="complete" WC="0.99" CC="01904090"/>
					</TextLine>
					<TextLine ID="P2_TL00206" HPOS="1716" VPOS="3406" WIDTH="754" HEIGHT="46">
						<String ID="P2_ST01218" HPOS="1716" VPOS="3406" WIDTH="122" HEIGHT="39" CONTENT="failure," WC="0.98" CC="08348030"/>
						<SP ID="P2_SP01014" HPOS="1838" VPOS="3445" WIDTH="24"/>
						<String ID="P2_ST01219" HPOS="1862" VPOS="3419" WIDTH="35" HEIGHT="20" CONTENT="as" WC="0.50" CC="09"/>
						<SP ID="P2_SP01015" HPOS="1897" VPOS="3445" WIDTH="24"/>
						<String ID="P2_ST01220" HPOS="1921" VPOS="3407" WIDTH="54" HEIGHT="33" CONTENT="the" WC="0.92" CC="974"/>
						<SP ID="P2_SP01016" HPOS="1975" VPOS="3445" WIDTH="25"/>
						<String ID="P2_ST01221" HPOS="2000" VPOS="3409" WIDTH="230" HEIGHT="43" CONTENT="anticipations" WC="0.99" CC="0892500095483"/>
						<SP ID="P2_SP01017" HPOS="2230" VPOS="3452" WIDTH="16"/>
						<String ID="P2_ST01222" HPOS="2246" VPOS="3412" WIDTH="36" HEIGHT="32" CONTENT="of" WC="0.89" CC="20"/>
						<SP ID="P2_SP01018" HPOS="2282" VPOS="3452" WIDTH="19"/>
						<String ID="P2_ST01223" HPOS="2301" VPOS="3412" WIDTH="56" HEIGHT="33" CONTENT="the" WC="0.95" CC="670"/>
						<SP ID="P2_SP01019" HPOS="2357" VPOS="3452" WIDTH="25"/>
						<String ID="P2_ST01224" HPOS="2382" VPOS="3424" WIDTH="71" HEIGHT="23" CONTENT="nros" SUBS_TYPE="HypPart1" SUBS_CONTENT="nrospectors" WC="0.40" CC="8079"/>
						<HYP HPOS="2453" VPOS="3424" WIDTH="17" CONTENT="-"/>
					</TextLine>
					<TextLine ID="P2_TL00207" HPOS="1715" VPOS="3464" WIDTH="562" HEIGHT="44">
						<String ID="P2_ST01225" HPOS="1715" VPOS="3473" WIDTH="125" HEIGHT="35" CONTENT="pectors" SUBS_TYPE="HypPart2" SUBS_CONTENT="nrospectors" WC="0.33" CC="9557475"/>
						<SP ID="P2_SP01020" HPOS="1840" VPOS="3508" WIDTH="16"/>
						<String ID="P2_ST01226" HPOS="1856" VPOS="3464" WIDTH="84" HEIGHT="34" CONTENT="have" WC="0.98" CC="7020"/>
						<SP ID="P2_SP01021" HPOS="1940" VPOS="3508" WIDTH="18"/>
						<String ID="P2_ST01227" HPOS="1958" VPOS="3471" WIDTH="57" HEIGHT="28" CONTENT="not" WC="0.90" CC="879"/>
						<SP ID="P2_SP01022" HPOS="2015" VPOS="3508" WIDTH="17"/>
						<String ID="P2_ST01228" HPOS="2032" VPOS="3465" WIDTH="80" HEIGHT="35" CONTENT="been" WC="0.94" CC="7657"/>
						<SP ID="P2_SP01023" HPOS="2112" VPOS="3508" WIDTH="17"/>
						<String ID="P2_ST01229" HPOS="2129" VPOS="3468" WIDTH="148" HEIGHT="34" CONTENT="realised." WC="0.99" CC="049477000"/>
					</TextLine>
					<TextLine ID="P2_TL00208" HPOS="2144" VPOS="3527" WIDTH="285" HEIGHT="43">
						<String ID="P2_ST01230" HPOS="2144" VPOS="3527" WIDTH="142" HEIGHT="38" CONTENT="Sydney," WC="0.97" CC="9477950"/>
						<SP ID="P2_SP01024" HPOS="2286" VPOS="3565" WIDTH="17"/>
						<String ID="P2_ST01231" HPOS="2303" VPOS="3528" WIDTH="80" HEIGHT="42" CONTENT="July" WC="0.97" CC="0740"/>
						<SP ID="P2_SP01025" HPOS="2383" VPOS="3570" WIDTH="17"/>
						<String ID="P2_ST01232" HPOS="2400" VPOS="3530" WIDTH="29" HEIGHT="31" CONTENT="3." WC="0.45" CC="73"/>
					</TextLine>
					<TextLine ID="P2_TL00209" HPOS="1757" VPOS="3577" WIDTH="713" HEIGHT="51">
						<String ID="P2_ST01233" HPOS="1757" VPOS="3577" WIDTH="68" HEIGHT="33" CONTENT="The" WC="0.97" CC="070"/>
						<SP ID="P2_SP01026" HPOS="1825" VPOS="3610" WIDTH="24"/>
						<String ID="P2_ST01234" HPOS="1849" VPOS="3577" WIDTH="132" HEIGHT="35" CONTENT="Soudan" WC="0.96" CC="558797"/>
						<SP ID="P2_SP01027" HPOS="1981" VPOS="3612" WIDTH="24"/>
						<String ID="P2_ST01235" HPOS="2005" VPOS="3579" WIDTH="197" HEIGHT="45" CONTENT="Contingent" WC="0.97" CC="6769389489"/>
						<SP ID="P2_SP01028" HPOS="2202" VPOS="3624" WIDTH="27"/>
						<String ID="P2_ST01236" HPOS="2229" VPOS="3595" WIDTH="66" HEIGHT="22" CONTENT="was" WC="0.94" CC="097"/>
						<SP ID="P2_SP01029" HPOS="2295" VPOS="3624" WIDTH="22"/>
						<String ID="P2_ST01237" HPOS="2317" VPOS="3584" WIDTH="153" HEIGHT="44" CONTENT="formally" WC="0.98" CC="65090640"/>
					</TextLine>
					<TextLine ID="P2_TL00210" HPOS="1715" VPOS="3635" WIDTH="755" HEIGHT="50">
						<String ID="P2_ST01238" HPOS="1715" VPOS="3635" WIDTH="178" HEIGHT="34" CONTENT="disbanded" WC="0.99" CC="009708010"/>
						<SP ID="P2_SP01030" HPOS="1893" VPOS="3669" WIDTH="17"/>
						<String ID="P2_ST01239" HPOS="1910" VPOS="3638" WIDTH="122" HEIGHT="44" CONTENT="to-day." WC="0.97" CC="0649990"/>
						<SP ID="P2_SP01031" HPOS="2032" VPOS="3682" WIDTH="45"/>
						<String ID="P2_ST01240" HPOS="2077" VPOS="3640" WIDTH="68" HEIGHT="33" CONTENT="The" WC="0.97" CC="070"/>
						<SP ID="P2_SP01032" HPOS="2145" VPOS="3682" WIDTH="16"/>
						<String ID="P2_ST01241" HPOS="2161" VPOS="3652" WIDTH="77" HEIGHT="23" CONTENT="men" WC="0.97" CC="007"/>
						<SP ID="P2_SP01033" HPOS="2238" VPOS="3682" WIDTH="15"/>
						<String ID="P2_ST01242" HPOS="2253" VPOS="3654" WIDTH="42" HEIGHT="21" CONTENT="on" WC="0.49" CC="36"/>
						<SP ID="P2_SP01034" HPOS="2295" VPOS="3682" WIDTH="12"/>
						<String ID="P2_ST01243" HPOS="2307" VPOS="3642" WIDTH="163" HEIGHT="43" CONTENT="receiving" WC="0.99" CC="001330089"/>
					</TextLine>
					<TextLine ID="P2_TL00211" HPOS="1715" VPOS="3694" WIDTH="755" HEIGHT="45">
						<String ID="P2_ST01244" HPOS="1715" VPOS="3694" WIDTH="84" HEIGHT="32" CONTENT="their" WC="0.98" CC="07900"/>
						<SP ID="P2_SP01035" HPOS="1799" VPOS="3726" WIDTH="14"/>
						<String ID="P2_ST01245" HPOS="1813" VPOS="3694" WIDTH="168" HEIGHT="45" CONTENT="discharge" WC="0.98" CC="947777095"/>
						<SP ID="P2_SP01036" HPOS="1981" VPOS="3739" WIDTH="17"/>
						<String ID="P2_ST01246" HPOS="1998" VPOS="3707" WIDTH="83" HEIGHT="23" CONTENT="wera" WC="0.41" CC="8077"/>
						<SP ID="P2_SP01037" HPOS="2081" VPOS="3739" WIDTH="17"/>
						<String ID="P2_ST01247" HPOS="2098" VPOS="3699" WIDTH="136" HEIGHT="33" CONTENT="allowed" WC="0.98" CC="0359079"/>
						<SP ID="P2_SP01038" HPOS="2234" VPOS="3739" WIDTH="21"/>
						<String ID="P2_ST01248" HPOS="2255" VPOS="3704" WIDTH="63" HEIGHT="30" CONTENT="two" WC="0.91" CC="896"/>
						<SP ID="P2_SP01039" HPOS="2318" VPOS="3739" WIDTH="17"/>
						<String ID="P2_ST01249" HPOS="2335" VPOS="3701" WIDTH="135" HEIGHT="33" CONTENT="months" WC="0.99" CC="056000"/>
					</TextLine>
				</TextBlock>
				<TextBlock ID="P2_TB00012" HPOS="2513" VPOS="251" WIDTH="722" HEIGHT="54" STYLEREFS="TXT_0 PAR_RIGHT">
					<TextLine ID="P2_TL00212" HPOS="2516" VPOS="252" WIDTH="718" HEIGHT="50">
						<String ID="P2_ST01250" HPOS="2516" VPOS="252" WIDTH="125" HEIGHT="35" CONTENT="WITH" WC="0.93" CC="7697"/>
						<SP ID="P2_SP01040" HPOS="2641" VPOS="287" WIDTH="26"/>
						<String ID="P2_ST01251" HPOS="2667" VPOS="256" WIDTH="185" HEIGHT="36" CONTENT="SORROW" WC="0.97" CC="507777"/>
						<SP ID="P2_SP01041" HPOS="2852" VPOS="292" WIDTH="24"/>
						<String ID="P2_ST01252" HPOS="2876" VPOS="263" WIDTH="54" HEIGHT="33" CONTENT="TO" WC="0.72" CC="50"/>
						<SP ID="P2_SP01042" HPOS="2930" VPOS="296" WIDTH="22"/>
						<String ID="P2_ST01253" HPOS="2952" VPOS="264" WIDTH="92" HEIGHT="34" CONTENT="THE" WC="0.96" CC="082"/>
						<SP ID="P2_SP01043" HPOS="3044" VPOS="298" WIDTH="26"/>
						<String ID="P2_ST01254" HPOS="3070" VPOS="267" WIDTH="164" HEIGHT="35" CONTENT="GRAVE." WC="0.96" CC="799773"/>
					</TextLine>
				</TextBlock>
				<TextBlock ID="P2_TB00013" HPOS="2495" VPOS="335" WIDTH="770" HEIGHT="1971" STYLEREFS="TXT_0 PAR_BLOCK">
					<TextLine ID="P2_TL00213" HPOS="2538" VPOS="366" WIDTH="716" HEIGHT="53">
						<String ID="P2_ST01255" HPOS="2538" VPOS="366" WIDTH="68" HEIGHT="34" CONTENT="The" WC="0.94" CC="760"/>
						<SP ID="P2_SP01044" HPOS="2606" VPOS="400" WIDTH="31"/>
						<String ID="P2_ST01256" HPOS="2637" VPOS="369" WIDTH="98" HEIGHT="33" CONTENT="death" WC="0.95" CC="74767"/>
						<SP ID="P2_SP01045" HPOS="2735" VPOS="402" WIDTH="31"/>
						<String ID="P2_ST01257" HPOS="2766" VPOS="373" WIDTH="35" HEIGHT="31" CONTENT="of" WC="0.48" CC="54"/>
						<SP ID="P2_SP01046" HPOS="2801" VPOS="404" WIDTH="26"/>
						<String ID="P2_ST01258" HPOS="2827" VPOS="385" WIDTH="79" HEIGHT="33" CONTENT="poor" WC="0.95" CC="9507"/>
						<SP ID="P2_SP01047" HPOS="2906" VPOS="418" WIDTH="30"/>
						<String ID="P2_ST01259" HPOS="2936" VPOS="379" WIDTH="53" HEIGHT="33" CONTENT="old" WC="0.92" CC="568"/>
						<SP ID="P2_SP01048" HPOS="2989" VPOS="418" WIDTH="31"/>
						<String ID="P2_ST01260" HPOS="3020" VPOS="381" WIDTH="88" HEIGHT="34" CONTENT="Lord" WC="0.94" CC="3679"/>
						<SP ID="P2_SP01049" HPOS="3108" VPOS="418" WIDTH="30"/>
						<String ID="P2_ST01261" HPOS="3138" VPOS="383" WIDTH="116" HEIGHT="36" CONTENT="Cairns" WC="0.97" CC="766017"/>
					</TextLine>
					<TextLine ID="P2_TL00214" HPOS="2498" VPOS="424" WIDTH="753" HEIGHT="53">
						<String ID="P2_ST01262" HPOS="2498" VPOS="424" WIDTH="118" HEIGHT="41" CONTENT="(writes" WC="0.98" CC="0370707"/>
						<SP ID="P2_SP01050" HPOS="2616" VPOS="465" WIDTH="24"/>
						<String ID="P2_ST01263" HPOS="2640" VPOS="428" WIDTH="54" HEIGHT="32" CONTENT="the" WC="0.94" CC="096"/>
						<SP ID="P2_SP01051" HPOS="2694" VPOS="465" WIDTH="24"/>
						<String ID="P2_ST01264" HPOS="2718" VPOS="430" WIDTH="154" HEIGHT="35" CONTENT="Dunedin" WC="0.47" CC="8580067"/>
						<SP ID="P2_SP01052" HPOS="2872" VPOS="465" WIDTH="19"/>
						<String ID="P2_ST01265" HPOS="2891" VPOS="436" WIDTH="101" HEIGHT="35" CONTENT="Star's" WC="0.98" CC="604910"/>
						<SP ID="P2_SP01053" HPOS="2992" VPOS="471" WIDTH="23"/>
						<String ID="P2_ST01266" HPOS="3015" VPOS="440" WIDTH="138" HEIGHT="34" CONTENT="London" WC="0.98" CC="226008"/>
						<SP ID="P2_SP01054" HPOS="3153" VPOS="474" WIDTH="24"/>
						<String ID="P2_ST01267" HPOS="3177" VPOS="443" WIDTH="56" HEIGHT="34" CONTENT="Cor" SUBS_TYPE="HypPart1" SUBS_CONTENT="Correspondent)," WC="0.95" CC="676"/>
						<HYP HPOS="3233" VPOS="443" WIDTH="18" CONTENT="-"/>
					</TextLine>
					<TextLine ID="P2_TL00215" HPOS="2496" VPOS="483" WIDTH="755" HEIGHT="51">
						<String ID="P2_ST01268" HPOS="2496" VPOS="483" WIDTH="219" HEIGHT="43" CONTENT="respondent)," SUBS_TYPE="HypPart2" SUBS_CONTENT="Correspondent)," WC="0.98" CC="037978093931"/>
						<SP ID="P2_SP01055" HPOS="2715" VPOS="526" WIDTH="18"/>
						<String ID="P2_ST01269" HPOS="2733" VPOS="485" WIDTH="124" HEIGHT="45" CONTENT="though" WC="0.95" CC="897889"/>
						<SP ID="P2_SP01056" HPOS="2857" VPOS="530" WIDTH="18"/>
						<String ID="P2_ST01270" HPOS="2875" VPOS="494" WIDTH="124" HEIGHT="34" CONTENT="sudden" WC="0.97" CC="870980"/>
						<SP ID="P2_SP01057" HPOS="2999" VPOS="530" WIDTH="24"/>
						<String ID="P2_ST01271" HPOS="3023" VPOS="509" WIDTH="66" HEIGHT="21" CONTENT="was" WC="0.89" CC="999"/>
						<SP ID="P2_SP01058" HPOS="3089" VPOS="530" WIDTH="24"/>
						<String ID="P2_ST01272" HPOS="3113" VPOS="505" WIDTH="56" HEIGHT="27" CONTENT="not" WC="0.90" CC="899"/>
						<SP ID="P2_SP01059" HPOS="3169" VPOS="532" WIDTH="24"/>
						<String ID="P2_ST01273" HPOS="3193" VPOS="511" WIDTH="39" HEIGHT="23" CONTENT="un" SUBS_TYPE="HypPart1" SUBS_CONTENT="unexpected" WC="0.93" CC="76"/>
						<HYP HPOS="3232" VPOS="511" WIDTH="19" CONTENT="-"/>
					</TextLine>
					<TextLine ID="P2_TL00216" HPOS="2498" VPOS="539" WIDTH="754" HEIGHT="50">
						<String ID="P2_ST01274" HPOS="2498" VPOS="539" WIDTH="153" HEIGHT="40" CONTENT="expected" SUBS_TYPE="HypPart2" SUBS_CONTENT="unexpected" WC="0.97" CC="98966700"/>
						<SP ID="P2_SP01060" HPOS="2651" VPOS="579" WIDTH="25"/>
						<String ID="P2_ST01275" HPOS="2676" VPOS="540" WIDTH="42" HEIGHT="44" CONTENT="by" WC="0.63" CC="07"/>
						<SP ID="P2_SP01061" HPOS="2718" VPOS="584" WIDTH="27"/>
						<String ID="P2_ST01276" HPOS="2745" VPOS="543" WIDTH="91" HEIGHT="36" CONTENT="tho.se" WC="0.37" CC="943396"/>
						<SP ID="P2_SP01062" HPOS="2836" VPOS="584" WIDTH="26"/>
						<String ID="P2_ST01277" HPOS="2862" VPOS="549" WIDTH="70" HEIGHT="34" CONTENT="who" WC="0.94" CC="907"/>
						<SP ID="P2_SP01063" HPOS="2932" VPOS="584" WIDTH="29"/>
						<String ID="P2_ST01278" HPOS="2961" VPOS="551" WIDTH="92" HEIGHT="35" CONTENT="knew" WC="0.94" CC="9079"/>
						<SP ID="P2_SP01064" HPOS="3053" VPOS="586" WIDTH="26"/>
						<String ID="P2_ST01279" HPOS="3079" VPOS="555" WIDTH="65" HEIGHT="33" CONTENT="him" WC="0.93" CC="908"/>
						<SP ID="P2_SP01065" HPOS="3144" VPOS="588" WIDTH="29"/>
						<String ID="P2_ST01280" HPOS="3173" VPOS="556" WIDTH="79" HEIGHT="33" CONTENT="best." WC="0.95" CC="88974"/>
					</TextLine>
					<TextLine ID="P2_TL00217" HPOS="2499" VPOS="592" WIDTH="754" HEIGHT="54">
						<String ID="P2_ST01281" HPOS="2499" VPOS="592" WIDTH="50" HEIGHT="33" CONTENT="He" WC="0.25" CC="77"/>
						<SP ID="P2_SP01066" HPOS="2549" VPOS="625" WIDTH="18"/>
						<String ID="P2_ST01282" HPOS="2567" VPOS="603" WIDTH="57" HEIGHT="33" CONTENT="put" WC="0.90" CC="989"/>
						<SP ID="P2_SP01067" HPOS="2624" VPOS="636" WIDTH="17"/>
						<String ID="P2_ST01283" HPOS="2641" VPOS="609" WIDTH="17" HEIGHT="19" CONTENT="a" WC="1.00" CC="9"/>
						<SP ID="P2_SP01068" HPOS="2658" VPOS="636" WIDTH="23"/>
						<String ID="P2_ST01284" HPOS="2681" VPOS="600" WIDTH="83" HEIGHT="39" CONTENT="good" WC="0.95" CC="0768"/>
						<SP ID="P2_SP01069" HPOS="2764" VPOS="639" WIDTH="24"/>
						<String ID="P2_ST01285" HPOS="2788" VPOS="602" WIDTH="68" HEIGHT="33" CONTENT="face" WC="0.93" CC="8979"/>
						<SP ID="P2_SP01070" HPOS="2856" VPOS="639" WIDTH="25"/>
						<String ID="P2_ST01286" HPOS="2881" VPOS="616" WIDTH="40" HEIGHT="22" CONTENT="on" WC="0.06" CC="99"/>
						<SP ID="P2_SP01071" HPOS="2921" VPOS="639" WIDTH="26"/>
						<String ID="P2_ST01287" HPOS="2947" VPOS="608" WIDTH="52" HEIGHT="34" CONTENT="the" WC="0.94" CC="905"/>
						<SP ID="P2_SP01072" HPOS="2999" VPOS="642" WIDTH="24"/>
						<String ID="P2_ST01288" HPOS="3023" VPOS="611" WIDTH="101" HEIGHT="33" CONTENT="follies" WC="0.97" CC="4947429"/>
						<SP ID="P2_SP01073" HPOS="3124" VPOS="644" WIDTH="25"/>
						<String ID="P2_ST01289" HPOS="3149" VPOS="614" WIDTH="35" HEIGHT="31" CONTENT="of" WC="0.84" CC="30"/>
						<SP ID="P2_SP01074" HPOS="3184" VPOS="645" WIDTH="20"/>
						<String ID="P2_ST01290" HPOS="3204" VPOS="615" WIDTH="49" HEIGHT="31" CONTENT="his" WC="0.96" CC="019"/>
					</TextLine>
					<TextLine ID="P2_TL00218" HPOS="2498" VPOS="650" WIDTH="754" HEIGHT="62">
						<String ID="P2_ST01291" HPOS="2498" VPOS="650" WIDTH="73" HEIGHT="45" CONTENT="silly" WC="0.95" CC="77689"/>
						<SP ID="P2_SP01075" HPOS="2571" VPOS="695" WIDTH="25"/>
						<String ID="P2_ST01292" HPOS="2596" VPOS="666" WIDTH="68" HEIGHT="28" CONTENT="son," WC="0.94" CC="9882"/>
						<SP ID="P2_SP01076" HPOS="2664" VPOS="695" WIDTH="25"/>
						<String ID="P2_ST01293" HPOS="2689" VPOS="655" WIDTH="57" HEIGHT="36" CONTENT="but" WC="0.91" CC="879"/>
						<SP ID="P2_SP01077" HPOS="2746" VPOS="695" WIDTH="23"/>
						<String ID="P2_ST01294" HPOS="2769" VPOS="658" WIDTH="30" HEIGHT="34" CONTENT="in" WC="0.34" CC="48"/>
						<SP ID="P2_SP01078" HPOS="2799" VPOS="695" WIDTH="27"/>
						<String ID="P2_ST01295" HPOS="2826" VPOS="664" WIDTH="113" HEIGHT="44" CONTENT="reality" WC="0.97" CC="7977447"/>
						<SP ID="P2_SP01079" HPOS="2939" VPOS="708" WIDTH="24"/>
						<String ID="P2_ST01296" HPOS="2963" VPOS="666" WIDTH="77" HEIGHT="46" CONTENT="they" WC="0.97" CC="0039"/>
						<SP ID="P2_SP01080" HPOS="3040" VPOS="712" WIDTH="25"/>
						<String ID="P2_ST01297" HPOS="3065" VPOS="670" WIDTH="70" HEIGHT="34" CONTENT="half" WC="0.94" CC="7957"/>
						<SP ID="P2_SP01081" HPOS="3135" VPOS="712" WIDTH="21"/>
						<String ID="P2_ST01298" HPOS="3156" VPOS="672" WIDTH="96" HEIGHT="33" CONTENT="broke" WC="0.95" CC="99375"/>
					</TextLine>
					<TextLine ID="P2_TL00219" HPOS="2498" VPOS="708" WIDTH="755" HEIGHT="61">
						<String ID="P2_ST01299" HPOS="2498" VPOS="708" WIDTH="49" HEIGHT="33" CONTENT="l»s" WC="0.22" CC="778"/>
						<SP ID="P2_SP01082" HPOS="2547" VPOS="741" WIDTH="30"/>
						<String ID="P2_ST01300" HPOS="2577" VPOS="710" WIDTH="101" HEIGHT="36" CONTENT="heart." WC="0.96" CC="979990"/>
						<SP ID="P2_SP01083" HPOS="2678" VPOS="746" WIDTH="65"/>
						<String ID="P2_ST01301" HPOS="2743" VPOS="718" WIDTH="28" HEIGHT="31" CONTENT="A" WC="1.00" CC="9"/>
						<SP ID="P2_SP01084" HPOS="2771" VPOS="749" WIDTH="31"/>
						<String ID="P2_ST01302" HPOS="2802" VPOS="721" WIDTH="169" HEIGHT="36" CONTENT="self-made" WC="0.98" CC="778747907"/>
						<SP ID="P2_SP01085" HPOS="2971" VPOS="757" WIDTH="32"/>
						<String ID="P2_ST01303" HPOS="3003" VPOS="738" WIDTH="76" HEIGHT="21" CONTENT="man" WC="0.93" CC="098"/>
						<SP ID="P2_SP01086" HPOS="3079" VPOS="759" WIDTH="32"/>
						<String ID="P2_ST01304" HPOS="3111" VPOS="729" WIDTH="142" HEIGHT="40" CONTENT="himself," WC="0.98" CC="74098194"/>
					</TextLine>
					<TextLine ID="P2_TL00220" HPOS="2498" VPOS="769" WIDTH="757" HEIGHT="52">
						<String ID="P2_ST01305" HPOS="2498" VPOS="769" WIDTH="112" HEIGHT="41" CONTENT="proud," WC="0.97" CC="777802"/>
						<SP ID="P2_SP01087" HPOS="2610" VPOS="810" WIDTH="19"/>
						<String ID="P2_ST01306" HPOS="2629" VPOS="772" WIDTH="183" HEIGHT="41" CONTENT="ambitious," WC="0.98" CC="9904746804"/>
						<SP ID="P2_SP01088" HPOS="2812" VPOS="813" WIDTH="19"/>
						<String ID="P2_ST01307" HPOS="2831" VPOS="778" WIDTH="114" HEIGHT="43" CONTENT="clever," WC="0.98" CC="3700593"/>
						<SP ID="P2_SP01089" HPOS="2945" VPOS="821" WIDTH="13"/>
						<String ID="P2_ST01308" HPOS="2958" VPOS="783" WIDTH="65" HEIGHT="33" CONTENT="and" WC="0.93" CC="809"/>
						<SP ID="P2_SP01090" HPOS="3023" VPOS="821" WIDTH="13"/>
						<String ID="P2_ST01309" HPOS="3036" VPOS="796" WIDTH="34" HEIGHT="22" CONTENT="as" WC="0.46" CC="46"/>
						<SP ID="P2_SP01091" HPOS="3070" VPOS="821" WIDTH="26"/>
						<String ID="P2_ST01310" HPOS="3096" VPOS="790" WIDTH="17" HEIGHT="13" CONTENT='"' WC="0.56" CC="4"/>
						<SP ID="P2_SP01092" HPOS="3113" VPOS="821" WIDTH="17"/>
						<String ID="P2_ST01311" HPOS="3130" VPOS="786" WIDTH="80" HEIGHT="33" CONTENT="hard" WC="0.92" CC="7999"/>
						<SP ID="P2_SP01093" HPOS="3210" VPOS="821" WIDTH="10"/>
						<String ID="P2_ST01312" HPOS="3220" VPOS="800" WIDTH="35" HEIGHT="20" CONTENT="a*" WC="0.62" CC="07"/>
					</TextLine>
					<TextLine ID="P2_TL00221" HPOS="2502" VPOS="827" WIDTH="753" HEIGHT="60">
						<String ID="P2_ST01313" HPOS="2502" VPOS="827" WIDTH="113" HEIGHT="37" CONTENT='iiiuls,"' WC="0.33" CC="77890864"/>
						<SP ID="P2_SP01094" HPOS="2615" VPOS="864" WIDTH="20"/>
						<String ID="P2_ST01314" HPOS="2635" VPOS="830" WIDTH="54" HEIGHT="33" CONTENT="the" WC="0.94" CC="176"/>
						<SP ID="P2_SP01095" HPOS="2689" VPOS="864" WIDTH="19"/>
						<String ID="P2_ST01315" HPOS="2708" VPOS="834" WIDTH="124" HEIGHT="34" CONTENT="asinine" WC="0.97" CC="9908777"/>
						<SP ID="P2_SP01096" HPOS="2832" VPOS="868" WIDTH="17"/>
						<String ID="P2_ST01316" HPOS="2849" VPOS="840" WIDTH="148" HEIGHT="43" CONTENT="capacity" WC="0.98" CC="80007599"/>
						<SP ID="P2_SP01097" HPOS="2997" VPOS="883" WIDTH="24"/>
						<String ID="P2_ST01317" HPOS="3021" VPOS="842" WIDTH="35" HEIGHT="32" CONTENT="of" WC="0.50" CC="90"/>
						<SP ID="P2_SP01098" HPOS="3056" VPOS="883" WIDTH="21"/>
						<String ID="P2_ST01318" HPOS="3077" VPOS="844" WIDTH="178" HEIGHT="43" CONTENT="Garmoyle" WC="0.27" CC="69959932"/>
					</TextLine>
					<TextLine ID="P2_TL00222" HPOS="2499" VPOS="883" WIDTH="756" HEIGHT="53">
						<String ID="P2_ST01319" HPOS="2499" VPOS="883" WIDTH="121" HEIGHT="45" CONTENT="simply" WC="0.96" CC="709749"/>
						<SP ID="P2_SP01099" HPOS="2620" VPOS="928" WIDTH="17"/>
						<String ID="P2_ST01320" HPOS="2637" VPOS="887" WIDTH="97" HEIGHT="35" CONTENT="drove" WC="0.96" CC="90557"/>
						<SP ID="P2_SP01100" HPOS="2734" VPOS="928" WIDTH="26"/>
						<String ID="P2_ST01321" HPOS="2760" VPOS="891" WIDTH="83" HEIGHT="34" CONTENT="Lord" WC="0.97" CC="7600"/>
						<SP ID="P2_SP01101" HPOS="2843" VPOS="928" WIDTH="23"/>
						<String ID="P2_ST01322" HPOS="2866" VPOS="895" WIDTH="113" HEIGHT="34" CONTENT="Cairns" WC="0.96" CC="874089"/>
						<SP ID="P2_SP01102" HPOS="2979" VPOS="929" WIDTH="24"/>
						<String ID="P2_ST01323" HPOS="3003" VPOS="899" WIDTH="126" HEIGHT="34" CONTENT="frantic." WC="0.99" CC="00077041"/>
						<SP ID="P2_SP01103" HPOS="3129" VPOS="933" WIDTH="48"/>
						<String ID="P2_ST01324" HPOS="3177" VPOS="903" WIDTH="78" HEIGHT="33" CONTENT="Had" WC="0.94" CC="880"/>
					</TextLine>
					<TextLine ID="P2_TL00223" HPOS="2501" VPOS="940" WIDTH="754" HEIGHT="60">
						<String ID="P2_ST01325" HPOS="2501" VPOS="940" WIDTH="48" HEIGHT="31" CONTENT="his" WC="0.96" CC="730"/>
						<SP ID="P2_SP01104" HPOS="2549" VPOS="971" WIDTH="31"/>
						<String ID="P2_ST01326" HPOS="2580" VPOS="955" WIDTH="56" HEIGHT="20" CONTENT="sou" WC="0.92" CC="588"/>
						<SP ID="P2_SP01105" HPOS="2636" VPOS="975" WIDTH="31"/>
						<String ID="P2_ST01327" HPOS="2667" VPOS="945" WIDTH="80" HEIGHT="34" CONTENT="been" WC="0.94" CC="6968"/>
						<SP ID="P2_SP01106" HPOS="2747" VPOS="979" WIDTH="31"/>
						<String ID="P2_ST01328" HPOS="2778" VPOS="960" WIDTH="18" HEIGHT="21" CONTENT="a" WC="0.95" CC="0"/>
						<SP ID="P2_SP01107" HPOS="2796" VPOS="981" WIDTH="38"/>
						<String ID="P2_ST01329" HPOS="2834" VPOS="952" WIDTH="106" HEIGHT="33" CONTENT="clever" WC="0.98" CC="067560"/>
						<SP ID="P2_SP01108" HPOS="2940" VPOS="985" WIDTH="33"/>
						<String ID="P2_ST01330" HPOS="2973" VPOS="967" WIDTH="110" HEIGHT="33" CONTENT="scamp" WC="0.96" CC="60909"/>
						<SP ID="P2_SP01109" HPOS="3083" VPOS="1000" WIDTH="34"/>
						<String ID="P2_ST01331" HPOS="3117" VPOS="959" WIDTH="53" HEIGHT="33" CONTENT="the" WC="0.91" CC="977"/>
						<SP ID="P2_SP01110" HPOS="3170" VPOS="1000" WIDTH="31"/>
						<String ID="P2_ST01332" HPOS="3201" VPOS="961" WIDTH="54" HEIGHT="32" CONTENT="old" WC="0.97" CC="060"/>
					</TextLine>
					<TextLine ID="P2_TL00224" HPOS="2500" VPOS="997" WIDTH="755" HEIGHT="59">
						<String ID="P2_ST01333" HPOS="2500" VPOS="997" WIDTH="119" HEIGHT="45" CONTENT="lawyer" WC="0.96" CC="698079"/>
						<SP ID="P2_SP01111" HPOS="2619" VPOS="1042" WIDTH="18"/>
						<String ID="P2_ST01334" HPOS="2637" VPOS="1004" WIDTH="105" HEIGHT="42" CONTENT="might" WC="0.96" CC="03977"/>
						<SP ID="P2_SP01112" HPOS="2742" VPOS="1046" WIDTH="16"/>
						<String ID="P2_ST01335" HPOS="2758" VPOS="1007" WIDTH="81" HEIGHT="35" CONTENT="have" WC="0.98" CC="7002"/>
						<SP ID="P2_SP01113" HPOS="2839" VPOS="1046" WIDTH="18"/>
						<String ID="P2_ST01336" HPOS="2857" VPOS="1010" WIDTH="98" HEIGHT="36" CONTENT="borne" WC="0.97" CC="77080"/>
						<SP ID="P2_SP01114" HPOS="2955" VPOS="1046" WIDTH="17"/>
						<String ID="P2_ST01337" HPOS="2972" VPOS="1021" WIDTH="25" HEIGHT="26" CONTENT="it" WC="0.16" CC="69"/>
						<SP ID="P2_SP01115" HPOS="2997" VPOS="1047" WIDTH="19"/>
						<String ID="P2_ST01338" HPOS="3016" VPOS="1015" WIDTH="113" HEIGHT="41" CONTENT="better," WC="0.98" CC="7709500"/>
						<SP ID="P2_SP01116" HPOS="3129" VPOS="1056" WIDTH="18"/>
						<String ID="P2_ST01339" HPOS="3147" VPOS="1018" WIDTH="58" HEIGHT="33" CONTENT="but" WC="0.95" CC="670"/>
						<SP ID="P2_SP01117" HPOS="3205" VPOS="1056" WIDTH="18"/>
						<String ID="P2_ST01340" HPOS="3223" VPOS="1028" WIDTH="32" HEIGHT="25" CONTENT="to" WC="1.00" CC="00"/>
					</TextLine>
					<TextLine ID="P2_TL00225" HPOS="2501" VPOS="1056" WIDTH="753" HEIGHT="57">
						<String ID="P2_ST01341" HPOS="2501" VPOS="1056" WIDTH="81" HEIGHT="33" CONTENT="have" WC="0.95" CC="7087"/>
						<SP ID="P2_SP01118" HPOS="2582" VPOS="1089" WIDTH="40"/>
						<String ID="P2_ST01342" HPOS="2622" VPOS="1060" WIDTH="147" HEIGHT="43" CONTENT="begotten" WC="0.98" CC="97960008"/>
						<SP ID="P2_SP01119" HPOS="2769" VPOS="1103" WIDTH="39"/>
						<String ID="P2_ST01343" HPOS="2808" VPOS="1077" WIDTH="17" HEIGHT="21" CONTENT="a" WC="1.00" CC="9"/>
						<SP ID="P2_SP01120" HPOS="2825" VPOS="1103" WIDTH="38"/>
						<String ID="P2_ST01344" HPOS="2863" VPOS="1068" WIDTH="184" HEIGHT="45" CONTENT="downright" WC="0.98" CC="707742777"/>
						<SP ID="P2_SP01121" HPOS="3047" VPOS="1113" WIDTH="39"/>
						<String ID="P2_ST01345" HPOS="3086" VPOS="1075" WIDTH="63" HEIGHT="31" CONTENT="fool" WC="0.96" CC="0971"/>
						<SP ID="P2_SP01122" HPOS="3149" VPOS="1113" WIDTH="38"/>
						<String ID="P2_ST01346" HPOS="3187" VPOS="1088" WIDTH="67" HEIGHT="20" CONTENT="was" WC="0.93" CC="909"/>
					</TextLine>
					<TextLine ID="P2_TL00226" HPOS="2501" VPOS="1112" WIDTH="756" HEIGHT="60">
						<String ID="P2_ST01347" HPOS="2501" VPOS="1112" WIDTH="104" HEIGHT="42" CONTENT="bitter," WC="0.98" CC="7347704"/>
						<SP ID="P2_SP01123" HPOS="2605" VPOS="1154" WIDTH="19"/>
						<String ID="P2_ST01348" HPOS="2624" VPOS="1115" WIDTH="124" HEIGHT="37" CONTENT="indeed." WC="0.98" CC="0804404"/>
						<SP ID="P2_SP01124" HPOS="2748" VPOS="1154" WIDTH="46"/>
						<String ID="P2_ST01349" HPOS="2794" VPOS="1122" WIDTH="85" HEIGHT="35" CONTENT="Lord" WC="0.97" CC="5009"/>
						<SP ID="P2_SP01125" HPOS="2879" VPOS="1157" WIDTH="19"/>
						<String ID="P2_ST01350" HPOS="2898" VPOS="1128" WIDTH="186" HEIGHT="44" CONTENT="Garmoyle." WC="0.43" CC="890090867"/>
						<SP ID="P2_SP01126" HPOS="3084" VPOS="1172" WIDTH="18"/>
						<String ID="P2_ST01351" HPOS="3102" VPOS="1133" WIDTH="78" HEIGHT="32" CONTENT="with" WC="0.93" CC="9697"/>
						<SP ID="P2_SP01127" HPOS="3180" VPOS="1172" WIDTH="26"/>
						<String ID="P2_ST01352" HPOS="3206" VPOS="1133" WIDTH="51" HEIGHT="34" CONTENT="his" WC="0.93" CC="936"/>
					</TextLine>
					<TextLine ID="P2_TL00227" HPOS="2501" VPOS="1171" WIDTH="756" HEIGHT="57">
						<String ID="P2_ST01353" HPOS="2501" VPOS="1171" WIDTH="124" HEIGHT="45" CONTENT="sloping" WC="0.97" CC="7279389"/>
						<SP ID="P2_SP01128" HPOS="2625" VPOS="1216" WIDTH="26"/>
						<String ID="P2_ST01354" HPOS="2651" VPOS="1174" WIDTH="164" HEIGHT="44" CONTENT="forehead," WC="0.99" CC="050076094"/>
						<SP ID="P2_SP01129" HPOS="2815" VPOS="1218" WIDTH="28"/>
						<String ID="P2_ST01355" HPOS="2843" VPOS="1181" WIDTH="102" HEIGHT="44" CONTENT="shifty" WC="0.96" CC="277949"/>
						<SP ID="P2_SP01130" HPOS="2945" VPOS="1225" WIDTH="30"/>
						<String ID="P2_ST01356" HPOS="2975" VPOS="1197" WIDTH="86" HEIGHT="31" CONTENT="eyes," WC="0.96" CC="69681"/>
						<SP ID="P2_SP01131" HPOS="3061" VPOS="1228" WIDTH="29"/>
						<String ID="P2_ST01357" HPOS="3090" VPOS="1189" WIDTH="167" HEIGHT="36" CONTENT="irresolute" WC="0.98" CC="4000656894"/>
					</TextLine>
					<TextLine ID="P2_TL00228" HPOS="2501" VPOS="1230" WIDTH="756" HEIGHT="55">
						<String ID="P2_ST01358" HPOS="2501" VPOS="1230" WIDTH="126" HEIGHT="39" CONTENT="mouth," WC="0.96" CC="198970"/>
						<SP ID="P2_SP01132" HPOS="2627" VPOS="1269" WIDTH="33"/>
						<String ID="P2_ST01359" HPOS="2660" VPOS="1234" WIDTH="64" HEIGHT="32" CONTENT="and" WC="0.94" CC="079"/>
						<SP ID="P2_SP01133" HPOS="2724" VPOS="1269" WIDTH="33"/>
						<String ID="P2_ST01360" HPOS="2757" VPOS="1236" WIDTH="221" HEIGHT="38" CONTENT="self-satisfied" WC="0.99" CC="30564190573349"/>
						<SP ID="P2_SP01134" HPOS="2978" VPOS="1274" WIDTH="37"/>
						<String ID="P2_ST01361" HPOS="3015" VPOS="1244" WIDTH="112" HEIGHT="41" CONTENT="smirk," WC="0.98" CC="806044"/>
						<SP ID="P2_SP01135" HPOS="3127" VPOS="1285" WIDTH="39"/>
						<String ID="P2_ST01362" HPOS="3166" VPOS="1247" WIDTH="91" HEIGHT="33" CONTENT="takes" WC="0.96" CC="90079"/>
					</TextLine>
					<TextLine ID="P2_TL00229" HPOS="2502" VPOS="1286" WIDTH="755" HEIGHT="63">
						<String ID="P2_ST01363" HPOS="2502" VPOS="1286" WIDTH="81" HEIGHT="35" CONTENT="after" WC="0.97" CC="90930"/>
						<SP ID="P2_SP01136" HPOS="2583" VPOS="1321" WIDTH="30"/>
						<String ID="P2_ST01364" HPOS="2613" VPOS="1289" WIDTH="50" HEIGHT="35" CONTENT="his" WC="0.93" CC="737"/>
						<SP ID="P2_SP01137" HPOS="2663" VPOS="1324" WIDTH="30"/>
						<String ID="P2_ST01365" HPOS="2693" VPOS="1295" WIDTH="139" HEIGHT="41" CONTENT="mother," WC="0.98" CC="8097402"/>
						<SP ID="P2_SP01138" HPOS="2832" VPOS="1336" WIDTH="28"/>
						<String ID="P2_ST01366" HPOS="2860" VPOS="1309" WIDTH="17" HEIGHT="24" CONTENT="a" WC="1.00" CC="0"/>
						<SP ID="P2_SP01139" HPOS="2877" VPOS="1336" WIDTH="26"/>
						<String ID="P2_ST01367" HPOS="2903" VPOS="1306" WIDTH="124" HEIGHT="38" CONTENT="watery" WC="0.98" CC="006709"/>
						<SP ID="P2_SP01140" HPOS="3027" VPOS="1344" WIDTH="30"/>
						<String ID="P2_ST01368" HPOS="3057" VPOS="1305" WIDTH="200" HEIGHT="44" CONTENT="evangelical" WC="0.98" CC="30987705725"/>
					</TextLine>
					<TextLine ID="P2_TL00230" HPOS="2502" VPOS="1345" WIDTH="755" HEIGHT="57">
						<String ID="P2_ST01369" HPOS="2502" VPOS="1345" WIDTH="52" HEIGHT="30" CONTENT="old" WC="0.96" CC="540"/>
						<SP ID="P2_SP01141" HPOS="2554" VPOS="1375" WIDTH="36"/>
						<String ID="P2_ST01370" HPOS="2590" VPOS="1346" WIDTH="86" HEIGHT="43" CONTENT="ladj," WC="0.23" CC="59786"/>
						<SP ID="P2_SP01142" HPOS="2676" VPOS="1389" WIDTH="37"/>
						<String ID="P2_ST01371" HPOS="2713" VPOS="1352" WIDTH="72" HEIGHT="31" CONTENT="who" WC="0.91" CC="986"/>
						<SP ID="P2_SP01143" HPOS="2785" VPOS="1389" WIDTH="38"/>
						<String ID="P2_ST01372" HPOS="2823" VPOS="1366" WIDTH="59" HEIGHT="21" CONTENT="can" WC="0.96" CC="308"/>
						<SP ID="P2_SP01144" HPOS="2882" VPOS="1389" WIDTH="37"/>
						<String ID="P2_ST01373" HPOS="2919" VPOS="1357" WIDTH="68" HEIGHT="32" CONTENT="talk" WC="0.96" CC="7740"/>
						<SP ID="P2_SP01145" HPOS="2987" VPOS="1389" WIDTH="37"/>
						<String ID="P2_ST01374" HPOS="3024" VPOS="1362" WIDTH="139" HEIGHT="40" CONTENT="nothing" WC="0.97" CC="8908589"/>
						<SP ID="P2_SP01146" HPOS="3163" VPOS="1402" WIDTH="38"/>
						<String ID="P2_ST01375" HPOS="3201" VPOS="1364" WIDTH="56" HEIGHT="32" CONTENT="but" WC="0.91" CC="699"/>
					</TextLine>
					<TextLine ID="P2_TL00231" HPOS="2502" VPOS="1405" WIDTH="754" HEIGHT="53">
						<String ID="P2_ST01376" HPOS="2502" VPOS="1406" WIDTH="107" HEIGHT="29" CONTENT="tracts." WC="0.98" CC="9080003"/>
						<SP ID="P2_SP01147" HPOS="2609" VPOS="1435" WIDTH="46"/>
						<String ID="P2_ST01377" HPOS="2655" VPOS="1405" WIDTH="53" HEIGHT="34" CONTENT="He" WC="0.54" CC="71"/>
						<SP ID="P2_SP01148" HPOS="2708" VPOS="1439" WIDTH="16"/>
						<String ID="P2_ST01378" HPOS="2724" VPOS="1418" WIDTH="66" HEIGHT="23" CONTENT="was" WC="0.96" CC="090"/>
						<SP ID="P2_SP01149" HPOS="2790" VPOS="1441" WIDTH="18"/>
						<String ID="P2_ST01379" HPOS="2808" VPOS="1410" WIDTH="138" HEIGHT="44" CONTENT="brought" WC="0.97" CC="7066775"/>
						<SP ID="P2_SP01150" HPOS="2946" VPOS="1454" WIDTH="16"/>
						<String ID="P2_ST01380" HPOS="2962" VPOS="1425" WIDTH="42" HEIGHT="33" CONTENT="up" WC="0.28" CC="49"/>
						<SP ID="P2_SP01151" HPOS="3004" VPOS="1458" WIDTH="19"/>
						<String ID="P2_ST01381" HPOS="3023" VPOS="1416" WIDTH="30" HEIGHT="33" CONTENT="in" WC="0.78" CC="40"/>
						<SP ID="P2_SP01152" HPOS="3053" VPOS="1458" WIDTH="25"/>
						<String ID="P2_ST01382" HPOS="3078" VPOS="1428" WIDTH="39" HEIGHT="23" CONTENT="an" WC="0.19" CC="78"/>
						<SP ID="P2_SP01153" HPOS="3117" VPOS="1458" WIDTH="20"/>
						<String ID="P2_ST01383" HPOS="3137" VPOS="1427" WIDTH="100" HEIGHT="26" CONTENT="atmos" SUBS_TYPE="HypPart1" SUBS_CONTENT="atmosphere" WC="0.98" CC="00909"/>
						<HYP HPOS="3237" VPOS="1427" WIDTH="19" CONTENT="-"/>
					</TextLine>
					<TextLine ID="P2_TL00232" HPOS="2503" VPOS="1457" WIDTH="752" HEIGHT="54">
						<String ID="P2_ST01384" HPOS="2503" VPOS="1457" WIDTH="98" HEIGHT="42" CONTENT="phere" SUBS_TYPE="HypPart2" SUBS_CONTENT="atmosphere" WC="0.96" CC="97404"/>
						<SP ID="P2_SP01154" HPOS="2601" VPOS="1499" WIDTH="24"/>
						<String ID="P2_ST01385" HPOS="2625" VPOS="1462" WIDTH="35" HEIGHT="32" CONTENT="of" WC="0.74" CC="50"/>
						<SP ID="P2_SP01155" HPOS="2660" VPOS="1499" WIDTH="19"/>
						<String ID="P2_ST01386" HPOS="2679" VPOS="1465" WIDTH="150" HEIGHT="41" CONTENT="religious" WC="0.98" CC="072490289"/>
						<SP ID="P2_SP01156" HPOS="2829" VPOS="1506" WIDTH="28"/>
						<String ID="P2_ST01387" HPOS="2857" VPOS="1476" WIDTH="85" HEIGHT="34" CONTENT="cant," WC="0.97" CC="50890"/>
						<SP ID="P2_SP01157" HPOS="2942" VPOS="1510" WIDTH="26"/>
						<String ID="P2_ST01388" HPOS="2968" VPOS="1475" WIDTH="63" HEIGHT="32" CONTENT="and" WC="0.97" CC="080"/>
						<SP ID="P2_SP01158" HPOS="3031" VPOS="1510" WIDTH="24"/>
						<String ID="P2_ST01389" HPOS="3055" VPOS="1476" WIDTH="126" HEIGHT="34" CONTENT="seldom" WC="0.96" CC="746978"/>
						<SP ID="P2_SP01159" HPOS="3181" VPOS="1510" WIDTH="31"/>
						<String ID="P2_ST01390" HPOS="3212" VPOS="1479" WIDTH="29" HEIGHT="32" CONTENT="al" SUBS_TYPE="HypPart1" SUBS_CONTENT="allowed" WC="0.98" CC="02"/>
						<HYP HPOS="3241" VPOS="1479" WIDTH="14" CONTENT="-"/>
					</TextLine>
					<TextLine ID="P2_TL00233" HPOS="2504" VPOS="1515" WIDTH="754" HEIGHT="55">
						<String ID="P2_ST01391" HPOS="2504" VPOS="1515" WIDTH="102" HEIGHT="35" CONTENT="lowed" SUBS_TYPE="HypPart2" SUBS_CONTENT="allowed" WC="0.96" CC="89900"/>
						<SP ID="P2_SP01160" HPOS="2606" VPOS="1550" WIDTH="17"/>
						<String ID="P2_ST01392" HPOS="2623" VPOS="1524" WIDTH="31" HEIGHT="28" CONTENT="to" WC="0.46" CC="45"/>
						<SP ID="P2_SP01161" HPOS="2654" VPOS="1552" WIDTH="16"/>
						<String ID="P2_ST01393" HPOS="2670" VPOS="1522" WIDTH="67" HEIGHT="33" CONTENT="mix" WC="0.94" CC="445"/>
						<SP ID="P2_SP01162" HPOS="2737" VPOS="1555" WIDTH="16"/>
						<String ID="P2_ST01394" HPOS="2753" VPOS="1525" WIDTH="79" HEIGHT="34" CONTENT="with" WC="0.96" CC="0377"/>
						<SP ID="P2_SP01163" HPOS="2832" VPOS="1559" WIDTH="18"/>
						<String ID="P2_ST01395" HPOS="2850" VPOS="1528" WIDTH="93" HEIGHT="34" CONTENT="other" WC="0.98" CC="16720"/>
						<SP ID="P2_SP01164" HPOS="2943" VPOS="1562" WIDTH="22"/>
						<String ID="P2_ST01396" HPOS="2965" VPOS="1531" WIDTH="81" HEIGHT="33" CONTENT="lads." WC="0.96" CC="79073"/>
						<SP ID="P2_SP01165" HPOS="3046" VPOS="1564" WIDTH="47"/>
						<String ID="P2_ST01397" HPOS="3093" VPOS="1534" WIDTH="106" HEIGHT="34" CONTENT="When" WC="0.93" CC="8778"/>
						<SP ID="P2_SP01166" HPOS="3199" VPOS="1568" WIDTH="25"/>
						<String ID="P2_ST01398" HPOS="3224" VPOS="1543" WIDTH="34" HEIGHT="27" CONTENT="at" WC="0.64" CC="07"/>
					</TextLine>
					<TextLine ID="P2_TL00234" HPOS="2503" VPOS="1573" WIDTH="757" HEIGHT="64">
						<String ID="P2_ST01399" HPOS="2503" VPOS="1573" WIDTH="61" HEIGHT="35" CONTENT="last" WC="0.94" CC="5939"/>
						<SP ID="P2_SP01167" HPOS="2564" VPOS="1608" WIDTH="24"/>
						<String ID="P2_ST01400" HPOS="2588" VPOS="1576" WIDTH="39" HEIGHT="33" CONTENT="he" WC="0.29" CC="76"/>
						<SP ID="P2_SP01168" HPOS="2627" VPOS="1609" WIDTH="18"/>
						<String ID="P2_ST01401" HPOS="2645" VPOS="1578" WIDTH="153" HEIGHT="37" CONTENT="obtained" WC="0.99" CC="07004710"/>
						<SP ID="P2_SP01169" HPOS="2798" VPOS="1615" WIDTH="23"/>
						<String ID="P2_ST01402" HPOS="2821" VPOS="1583" WIDTH="51" HEIGHT="35" CONTENT="his" WC="0.95" CC="740"/>
						<SP ID="P2_SP01170" HPOS="2872" VPOS="1618" WIDTH="23"/>
						<String ID="P2_ST01403" HPOS="2895" VPOS="1587" WIDTH="142" HEIGHT="36" CONTENT="freedom" WC="0.99" CC="0044040"/>
						<SP ID="P2_SP01171" HPOS="3037" VPOS="1623" WIDTH="24"/>
						<String ID="P2_ST01404" HPOS="3061" VPOS="1590" WIDTH="51" HEIGHT="40" CONTENT="he," WC="0.96" CC="604"/>
						<SP ID="P2_SP01172" HPOS="3112" VPOS="1630" WIDTH="26"/>
						<String ID="P2_ST01405" HPOS="3138" VPOS="1604" WIDTH="34" HEIGHT="21" CONTENT="as" WC="0.50" CC="09"/>
						<SP ID="P2_SP01173" HPOS="3172" VPOS="1630" WIDTH="23"/>
						<String ID="P2_ST01406" HPOS="3195" VPOS="1606" WIDTH="65" HEIGHT="31" CONTENT="you" WC="0.97" CC="007"/>
					</TextLine>
					<TextLine ID="P2_TL00235" HPOS="2503" VPOS="1630" WIDTH="756" HEIGHT="54">
						<String ID="P2_ST01407" HPOS="2503" VPOS="1630" WIDTH="107" HEIGHT="43" CONTENT="know," WC="0.96" CC="78090"/>
						<SP ID="P2_SP01174" HPOS="2610" VPOS="1673" WIDTH="18"/>
						<String ID="P2_ST01408" HPOS="2628" VPOS="1638" WIDTH="94" HEIGHT="32" CONTENT="made" WC="0.99" CC="0400"/>
						<SP ID="P2_SP01175" HPOS="2722" VPOS="1673" WIDTH="19"/>
						<String ID="P2_ST01409" HPOS="2741" VPOS="1641" WIDTH="53" HEIGHT="32" CONTENT="the" WC="0.92" CC="876"/>
						<SP ID="P2_SP01176" HPOS="2794" VPOS="1673" WIDTH="17"/>
						<String ID="P2_ST01410" HPOS="2811" VPOS="1650" WIDTH="85" HEIGHT="26" CONTENT="most" WC="0.93" CC="9399"/>
						<SP ID="P2_SP01177" HPOS="2896" VPOS="1676" WIDTH="18"/>
						<String ID="P2_ST01411" HPOS="2914" VPOS="1647" WIDTH="35" HEIGHT="30" CONTENT="of" WC="0.81" CC="30"/>
						<SP ID="P2_SP01178" HPOS="2949" VPOS="1677" WIDTH="18"/>
						<String ID="P2_ST01412" HPOS="2967" VPOS="1648" WIDTH="35" HEIGHT="31" CONTENT="it." WC="0.97" CC="204"/>
						<SP ID="P2_SP01179" HPOS="3002" VPOS="1679" WIDTH="46"/>
						<String ID="P2_ST01413" HPOS="3048" VPOS="1650" WIDTH="68" HEIGHT="31" CONTENT="The" WC="0.95" CC="670"/>
						<SP ID="P2_SP01180" HPOS="3116" VPOS="1681" WIDTH="17"/>
						<String ID="P2_ST01414" HPOS="3133" VPOS="1652" WIDTH="126" HEIGHT="32" CONTENT="sudden" WC="0.97" CC="970037"/>
					</TextLine>
					<TextLine ID="P2_TL00236" HPOS="2504" VPOS="1687" WIDTH="756" HEIGHT="56">
						<String ID="P2_ST01415" HPOS="2504" VPOS="1687" WIDTH="130" HEIGHT="38" CONTENT="decease" WC="0.98" CC="0942031"/>
						<SP ID="P2_SP01181" HPOS="2634" VPOS="1725" WIDTH="24"/>
						<String ID="P2_ST01416" HPOS="2658" VPOS="1693" WIDTH="35" HEIGHT="34" CONTENT="©f" WC="0.61" CC="70"/>
						<SP ID="P2_SP01182" HPOS="2693" VPOS="1727" WIDTH="13"/>
						<String ID="P2_ST01417" HPOS="2706" VPOS="1695" WIDTH="55" HEIGHT="34" CONTENT="the" WC="0.92" CC="876"/>
						<SP ID="P2_SP01183" HPOS="2761" VPOS="1729" WIDTH="23"/>
						<String ID="P2_ST01418" HPOS="2784" VPOS="1696" WIDTH="65" HEIGHT="36" CONTENT="late" WC="0.96" CC="5705"/>
						<SP ID="P2_SP01184" HPOS="2849" VPOS="1732" WIDTH="24"/>
						<String ID="P2_ST01419" HPOS="2873" VPOS="1700" WIDTH="87" HEIGHT="36" CONTENT="Lord" WC="0.99" CC="1400"/>
						<SP ID="P2_SP01185" HPOS="2960" VPOS="1736" WIDTH="24"/>
						<String ID="P2_ST01420" HPOS="2984" VPOS="1703" WIDTH="193" HEIGHT="38" CONTENT="Chancellor" WC="0.98" CC="4798044129"/>
						<SP ID="P2_SP01186" HPOS="3177" VPOS="1741" WIDTH="16"/>
						<String ID="P2_ST01421" HPOS="3193" VPOS="1719" WIDTH="67" HEIGHT="24" CONTENT="was" WC="0.96" CC="092"/>
					</TextLine>
					<TextLine ID="P2_TL00237" HPOS="2504" VPOS="1752" WIDTH="756" HEIGHT="47">
						<String ID="P2_ST01422" HPOS="2504" VPOS="1752" WIDTH="192" HEIGHT="32" CONTENT="announced" WC="0.98" CC="988478000"/>
						<SP ID="P2_SP01187" HPOS="2696" VPOS="1784" WIDTH="24"/>
						<String ID="P2_ST01423" HPOS="2720" VPOS="1758" WIDTH="32" HEIGHT="28" CONTENT="to" WC="0.70" CC="50"/>
						<SP ID="P2_SP01188" HPOS="2752" VPOS="1786" WIDTH="23"/>
						<String ID="P2_ST01424" HPOS="2775" VPOS="1755" WIDTH="54" HEIGHT="33" CONTENT="the" WC="0.94" CC="761"/>
						<SP ID="P2_SP01189" HPOS="2829" VPOS="1788" WIDTH="18"/>
						<String ID="P2_ST01425" HPOS="2847" VPOS="1759" WIDTH="108" HEIGHT="40" CONTENT="public" WC="0.97" CC="985523"/>
						<SP ID="P2_SP01190" HPOS="2955" VPOS="1799" WIDTH="23"/>
						<String ID="P2_ST01426" HPOS="2978" VPOS="1761" WIDTH="34" HEIGHT="33" CONTENT="in" WC="1.00" CC="00"/>
						<SP ID="P2_SP01191" HPOS="3012" VPOS="1799" WIDTH="24"/>
						<String ID="P2_ST01427" HPOS="3036" VPOS="1774" WIDTH="18" HEIGHT="20" CONTENT="a" WC="0.09" CC="9"/>
						<SP ID="P2_SP01192" HPOS="3054" VPOS="1799" WIDTH="23"/>
						<String ID="P2_ST01428" HPOS="3077" VPOS="1766" WIDTH="183" HEIGHT="33" CONTENT="somewhat" WC="0.98" CC="13009707"/>
					</TextLine>
					<TextLine ID="P2_TL00238" HPOS="2505" VPOS="1804" WIDTH="753" HEIGHT="59">
						<String ID="P2_ST01429" HPOS="2505" VPOS="1804" WIDTH="61" HEIGHT="33" CONTENT="odd" WC="0.94" CC="690"/>
						<SP ID="P2_SP01193" HPOS="2566" VPOS="1837" WIDTH="17"/>
						<String ID="P2_ST01430" HPOS="2583" VPOS="1818" WIDTH="148" HEIGHT="24" CONTENT="manner." WC="0.98" CC="8068603"/>
						<SP ID="P2_SP01194" HPOS="2731" VPOS="1842" WIDTH="44"/>
						<String ID="P2_ST01431" HPOS="2775" VPOS="1813" WIDTH="29" HEIGHT="31" CONTENT="A" WC="0.04" CC="9"/>
						<SP ID="P2_SP01195" HPOS="2804" VPOS="1844" WIDTH="15"/>
						<String ID="P2_ST01432" HPOS="2819" VPOS="1815" WIDTH="185" HEIGHT="40" CONTENT="pedestrian" WC="0.99" CC="0390280508"/>
						<SP ID="P2_SP01196" HPOS="3004" VPOS="1855" WIDTH="23"/>
						<String ID="P2_ST01433" HPOS="3027" VPOS="1823" WIDTH="133" HEIGHT="40" CONTENT="passing" WC="0.99" CC="0700580"/>
						<SP ID="P2_SP01197" HPOS="3160" VPOS="1863" WIDTH="22"/>
						<String ID="P2_ST01434" HPOS="3182" VPOS="1823" WIDTH="57" HEIGHT="33" CONTENT="Liu" SUBS_TYPE="HypPart1" SUBS_CONTENT="Liudisfarne" WC="0.55" CC="348"/>
						<HYP HPOS="3239" VPOS="1823" WIDTH="19" CONTENT="-"/>
					</TextLine>
					<TextLine ID="P2_TL00239" HPOS="2504" VPOS="1860" WIDTH="755" HEIGHT="57">
						<String ID="P2_ST01435" HPOS="2504" VPOS="1860" WIDTH="140" HEIGHT="37" CONTENT="disfarne" SUBS_TYPE="HypPart2" SUBS_CONTENT="Liudisfarne" WC="0.68" CC="92606000"/>
						<SP ID="P2_SP01198" HPOS="2644" VPOS="1897" WIDTH="34"/>
						<String ID="P2_ST01436" HPOS="2678" VPOS="1865" WIDTH="67" HEIGHT="43" CONTENT="(the" WC="0.96" CC="1970"/>
						<SP ID="P2_SP01199" HPOS="2745" VPOS="1908" WIDTH="31"/>
						<String ID="P2_ST01437" HPOS="2776" VPOS="1867" WIDTH="124" HEIGHT="38" CONTENT="Cairns'" WC="0.99" CC="6020800"/>
						<SP ID="P2_SP01200" HPOS="2900" VPOS="1908" WIDTH="33"/>
						<String ID="P2_ST01438" HPOS="2933" VPOS="1873" WIDTH="90" HEIGHT="44" CONTENT="place" WC="0.96" CC="04946"/>
						<SP ID="P2_SP01201" HPOS="3023" VPOS="1917" WIDTH="29"/>
						<String ID="P2_ST01439" HPOS="3052" VPOS="1881" WIDTH="31" HEIGHT="29" CONTENT="at" WC="0.30" CC="67"/>
						<SP ID="P2_SP01202" HPOS="3083" VPOS="1917" WIDTH="32"/>
						<String ID="P2_ST01440" HPOS="3115" VPOS="1878" WIDTH="124" HEIGHT="36" CONTENT="Bourne" SUBS_TYPE="HypPart1" SUBS_CONTENT="Bournemouth)" WC="0.98" CC="766082"/>
						<HYP HPOS="3239" VPOS="1878" WIDTH="20" CONTENT="-"/>
					</TextLine>
					<TextLine ID="P2_TL00240" HPOS="2505" VPOS="1923" WIDTH="757" HEIGHT="57">
						<String ID="P2_ST01441" HPOS="2505" VPOS="1923" WIDTH="127" HEIGHT="42" CONTENT="mouth)" SUBS_TYPE="HypPart2" SUBS_CONTENT="Bournemouth)" WC="0.97" CC="038277"/>
						<SP ID="P2_SP01203" HPOS="2632" VPOS="1965" WIDTH="26"/>
						<String ID="P2_ST01442" HPOS="2658" VPOS="1936" WIDTH="42" HEIGHT="23" CONTENT="on" WC="0.69" CC="60"/>
						<SP ID="P2_SP01204" HPOS="2700" VPOS="1965" WIDTH="24"/>
						<String ID="P2_ST01443" HPOS="2724" VPOS="1927" WIDTH="171" HEIGHT="48" CONTENT="Thursday" WC="0.99" CC="00409009"/>
						<SP ID="P2_SP01205" HPOS="2895" VPOS="1975" WIDTH="22"/>
						<String ID="P2_ST01444" HPOS="2917" VPOS="1936" WIDTH="164" HEIGHT="44" CONTENT="morning," WC="0.98" CC="04074894"/>
						<SP ID="P2_SP01206" HPOS="3081" VPOS="1980" WIDTH="24"/>
						<String ID="P2_ST01445" HPOS="3105" VPOS="1938" WIDTH="157" HEIGHT="36" CONTENT="observed" WC="0.99" CC="57060030"/>
					</TextLine>
					<TextLine ID="P2_TL00241" HPOS="2505" VPOS="1979" WIDTH="756" HEIGHT="55">
						<String ID="P2_ST01446" HPOS="2505" VPOS="1990" WIDTH="17" HEIGHT="20" CONTENT="a" WC="1.00" CC="9"/>
						<SP ID="P2_SP01207" HPOS="2522" VPOS="2010" WIDTH="18"/>
						<String ID="P2_ST01447" HPOS="2540" VPOS="1979" WIDTH="71" HEIGHT="34" CONTENT="half" WC="0.95" CC="7970"/>
						<SP ID="P2_SP01208" HPOS="2611" VPOS="2013" WIDTH="12"/>
						<String ID="P2_ST01448" HPOS="2623" VPOS="1982" WIDTH="89" HEIGHT="36" CONTENT="sheet" WC="0.97" CC="67350"/>
						<SP ID="P2_SP01209" HPOS="2712" VPOS="2018" WIDTH="16"/>
						<String ID="P2_ST01449" HPOS="2728" VPOS="1985" WIDTH="36" HEIGHT="33" CONTENT="of" WC="0.64" CC="70"/>
						<SP ID="P2_SP01210" HPOS="2764" VPOS="2018" WIDTH="12"/>
						<String ID="P2_ST01450" HPOS="2776" VPOS="1992" WIDTH="189" HEIGHT="42" CONTENT="note-paper" WC="0.99" CC="6560403060"/>
						<SP ID="P2_SP01211" HPOS="2965" VPOS="2034" WIDTH="15"/>
						<String ID="P2_ST01451" HPOS="2980" VPOS="1995" WIDTH="152" HEIGHT="34" CONTENT="attached" WC="0.99" CC="00903750"/>
						<SP ID="P2_SP01212" HPOS="3132" VPOS="2034" WIDTH="17"/>
						<String ID="P2_ST01452" HPOS="3149" VPOS="2001" WIDTH="32" HEIGHT="29" CONTENT="to" WC="0.19" CC="87"/>
						<SP ID="P2_SP01213" HPOS="3181" VPOS="2034" WIDTH="25"/>
						<String ID="P2_ST01453" HPOS="3206" VPOS="1998" WIDTH="55" HEIGHT="35" CONTENT="the" WC="0.93" CC="666"/>
					</TextLine>
					<TextLine ID="P2_TL00242" HPOS="2505" VPOS="2043" WIDTH="753" HEIGHT="46">
						<String ID="P2_ST01454" HPOS="2505" VPOS="2043" WIDTH="172" HEIGHT="38" CONTENT="gate-post." WC="0.98" CC="7905270693"/>
						<SP ID="P2_SP01214" HPOS="2677" VPOS="2081" WIDTH="46"/>
						<String ID="P2_ST01455" HPOS="2723" VPOS="2043" WIDTH="68" HEIGHT="34" CONTENT="The" WC="0.96" CC="072"/>
						<SP ID="P2_SP01215" HPOS="2791" VPOS="2081" WIDTH="17"/>
						<String ID="P2_ST01456" HPOS="2808" VPOS="2058" WIDTH="108" HEIGHT="23" CONTENT="memo" WC="0.97" CC="0384"/>
						<SP ID="P2_SP01216" HPOS="2916" VPOS="2081" WIDTH="17"/>
						<String ID="P2_ST01457" HPOS="2933" VPOS="2061" WIDTH="66" HEIGHT="22" CONTENT="was" WC="0.96" CC="009"/>
						<SP ID="P2_SP01217" HPOS="2999" VPOS="2083" WIDTH="23"/>
						<String ID="P2_ST01458" HPOS="3022" VPOS="2051" WIDTH="34" HEIGHT="33" CONTENT="in" WC="0.55" CC="25"/>
						<SP ID="P2_SP01218" HPOS="3056" VPOS="2084" WIDTH="24"/>
						<String ID="P2_ST01459" HPOS="3080" VPOS="2055" WIDTH="53" HEIGHT="32" CONTENT="the" WC="0.95" CC="075"/>
						<SP ID="P2_SP01219" HPOS="3133" VPOS="2087" WIDTH="25"/>
						<String ID="P2_ST01460" HPOS="3158" VPOS="2056" WIDTH="80" HEIGHT="33" CONTENT="hand" SUBS_TYPE="HypPart1" SUBS_CONTENT="handwriting" WC="0.99" CC="7010"/>
						<HYP HPOS="3238" VPOS="2056" WIDTH="20" CONTENT="-"/>
					</TextLine>
					<TextLine ID="P2_TL00243" HPOS="2506" VPOS="2094" WIDTH="758" HEIGHT="59">
						<String ID="P2_ST01461" HPOS="2506" VPOS="2094" WIDTH="130" HEIGHT="46" CONTENT="writing" SUBS_TYPE="HypPart2" SUBS_CONTENT="handwriting" WC="0.98" CC="5040489"/>
						<SP ID="P2_SP01220" HPOS="2636" VPOS="2140" WIDTH="23"/>
						<String ID="P2_ST01462" HPOS="2659" VPOS="2097" WIDTH="36" HEIGHT="34" CONTENT="of" WC="0.73" CC="50"/>
						<SP ID="P2_SP01221" HPOS="2695" VPOS="2140" WIDTH="20"/>
						<String ID="P2_ST01463" HPOS="2715" VPOS="2098" WIDTH="54" HEIGHT="36" CONTENT="the" WC="1.00" CC="100"/>
						<SP ID="P2_SP01222" HPOS="2769" VPOS="2140" WIDTH="30"/>
						<String ID="P2_ST01464" HPOS="2799" VPOS="2104" WIDTH="218" HEIGHT="43" CONTENT="newly-made" WC="0.99" CC="9085720006"/>
						<SP ID="P2_SP01223" HPOS="3017" VPOS="2147" WIDTH="27"/>
						<String ID="P2_ST01465" HPOS="3044" VPOS="2110" WIDTH="126" HEIGHT="43" CONTENT="widow," WC="1.00" CC="010000"/>
						<SP ID="P2_SP01224" HPOS="3170" VPOS="2153" WIDTH="27"/>
						<String ID="P2_ST01466" HPOS="3197" VPOS="2114" WIDTH="67" HEIGHT="34" CONTENT="and" WC="0.91" CC="579"/>
					</TextLine>
					<TextLine ID="P2_TL00244" HPOS="2506" VPOS="2149" WIDTH="754" HEIGHT="57">
						<String ID="P2_ST01467" HPOS="2506" VPOS="2149" WIDTH="113" HEIGHT="47" CONTENT="briefly" WC="0.97" CC="8980669"/>
						<SP ID="P2_SP01225" HPOS="2619" VPOS="2196" WIDTH="11"/>
						<String ID="P2_ST01468" HPOS="2630" VPOS="2156" WIDTH="134" HEIGHT="34" CONTENT="notified" WC="0.99" CC="83040070"/>
						<SP ID="P2_SP01226" HPOS="2764" VPOS="2196" WIDTH="12"/>
						<String ID="P2_ST01469" HPOS="2776" VPOS="2163" WIDTH="73" HEIGHT="31" CONTENT="that" WC="0.96" CC="0990"/>
						<SP ID="P2_SP01227" HPOS="2849" VPOS="2196" WIDTH="12"/>
						<String ID="P2_ST01470" HPOS="2861" VPOS="2162" WIDTH="87" HEIGHT="34" CONTENT="Lord" WC="0.99" CC="2400"/>
						<SP ID="P2_SP01228" HPOS="2948" VPOS="2196" WIDTH="15"/>
						<String ID="P2_ST01471" HPOS="2963" VPOS="2166" WIDTH="114" HEIGHT="35" CONTENT="Cairns" WC="0.98" CC="500085"/>
						<SP ID="P2_SP01229" HPOS="3077" VPOS="2201" WIDTH="13"/>
						<String ID="P2_ST01472" HPOS="3090" VPOS="2169" WIDTH="66" HEIGHT="34" CONTENT="had" WC="0.95" CC="760"/>
						<SP ID="P2_SP01230" HPOS="3156" VPOS="2203" WIDTH="17"/>
						<String ID="P2_ST01473" HPOS="3173" VPOS="2175" WIDTH="17" HEIGHT="15" CONTENT='"' WC="1.00" CC="0"/>
						<SP ID="P2_SP01231" HPOS="3190" VPOS="2203" WIDTH="16"/>
						<String ID="P2_ST01474" HPOS="3206" VPOS="2184" WIDTH="36" HEIGHT="22" CONTENT="en" SUBS_TYPE="HypPart1" SUBS_CONTENT="entered" WC="0.95" CC="16"/>
						<HYP HPOS="3242" VPOS="2184" WIDTH="18" CONTENT="-"/>
					</TextLine>
					<TextLine ID="P2_TL00245" HPOS="2507" VPOS="2211" WIDTH="424" HEIGHT="44">
						<String ID="P2_ST01475" HPOS="2507" VPOS="2211" WIDTH="87" HEIGHT="33" CONTENT="tered" SUBS_TYPE="HypPart2" SUBS_CONTENT="entered" WC="0.98" CC="27050"/>
						<SP ID="P2_SP01232" HPOS="2594" VPOS="2244" WIDTH="16"/>
						<String ID="P2_ST01476" HPOS="2610" VPOS="2211" WIDTH="69" HEIGHT="35" CONTENT="into" WC="0.94" CC="1896"/>
						<SP ID="P2_SP01233" HPOS="2679" VPOS="2246" WIDTH="17"/>
						<String ID="P2_ST01477" HPOS="2696" VPOS="2220" WIDTH="66" HEIGHT="30" CONTENT="rest" WC="0.99" CC="0300"/>
						<SP ID="P2_SP01234" HPOS="2762" VPOS="2250" WIDTH="16"/>
						<String ID="P2_ST01478" HPOS="2778" VPOS="2222" WIDTH="33" HEIGHT="29" CONTENT="at" WC="0.56" CC="80"/>
						<SP ID="P2_SP01235" HPOS="2811" VPOS="2251" WIDTH="16"/>
						<String ID="P2_ST01479" HPOS="2827" VPOS="2220" WIDTH="104" HEIGHT="35" CONTENT='6.45."' WC="0.44" CC="609834"/>
					</TextLine>
				</TextBlock>
				<TextBlock ID="P2_TB00014" HPOS="833" VPOS="89" WIDTH="1733" HEIGHT="82" STYLEREFS="TXT_4 PAR_CENTER">
					<TextLine ID="P2_TL00246" HPOS="834" VPOS="89" WIDTH="1732" HEIGHT="81">
						<String ID="P2_ST01480" HPOS="834" VPOS="90" WIDTH="139" HEIGHT="45" CONTENT="THE" WC="0.98" CC="410"/>
						<SP ID="P2_SP01236" HPOS="973" VPOS="135" WIDTH="65"/>
						<String ID="P2_ST01481" HPOS="1038" VPOS="89" WIDTH="222" HEIGHT="48" CONTENT="LYELL" WC="0.57" CC="26606"/>
						<SP ID="P2_SP01237" HPOS="1260" VPOS="137" WIDTH="64"/>
						<String ID="P2_ST01482" HPOS="1324" VPOS="92" WIDTH="221" HEIGHT="56" CONTENT="TIMES," WC="0.97" CC="677330"/>
						<SP ID="P2_SP01238" HPOS="1545" VPOS="148" WIDTH="68"/>
						<String ID="P2_ST01483" HPOS="1613" VPOS="98" WIDTH="369" HEIGHT="60" CONTENT="SATURDAY," WC="0.99" CC="000127003"/>
						<SP ID="P2_SP01239" HPOS="1982" VPOS="158" WIDTH="72"/>
						<String ID="P2_ST01484" HPOS="2054" VPOS="102" WIDTH="163" HEIGHT="58" CONTENT="JULY" WC="0.97" CC="7500"/>
						<SP ID="P2_SP01240" HPOS="2217" VPOS="160" WIDTH="71"/>
						<String ID="P2_ST01485" HPOS="2288" VPOS="122" WIDTH="63" HEIGHT="42" CONTENT="u," WC="0.45" CC="82"/>
						<SP ID="P2_SP01241" HPOS="2351" VPOS="164" WIDTH="83"/>
						<String ID="P2_ST01486" HPOS="2434" VPOS="112" WIDTH="132" HEIGHT="58" CONTENT="1885." WC="0.59" CC="61066"/>
					</TextLine>
				</TextBlock>
				<ComposedBlock ID="P2_CB00001" HPOS="131" VPOS="229" WIDTH="776" HEIGHT="2606" TYPE="Advertisement">
					<TextBlock ID="P2_TB00015" HPOS="131" VPOS="229" WIDTH="776" HEIGHT="2606" STYLEREFS="TXT_5 PAR_LEFT">
						<TextLine ID="P2_TL00247" HPOS="251" VPOS="231" WIDTH="505" HEIGHT="42">
							<String ID="P2_ST01487" HPOS="251" VPOS="239" WIDTH="148" HEIGHT="34" CONTENT="LYELL" WC="0.50" CC="07754"/>
							<SP ID="P2_SP01242" HPOS="399" VPOS="273" WIDTH="31"/>
							<String ID="P2_ST01488" HPOS="430" VPOS="231" WIDTH="326" HEIGHT="40" CONTENT="SCHOOL-ROOM." WC="0.99" CC="007509170090"/>
						</TextLine>
						<TextLine ID="P2_TL00248" HPOS="157" VPOS="343" WIDTH="693" HEIGHT="60">
							<String ID="P2_ST01489" HPOS="157" VPOS="348" WIDTH="311" HEIGHT="55" CONTENT="TO-NIGHT!" WC="0.98" CC="963607590" STYLEREFS="TXT_8"/>
							<SP ID="P2_SP01243" HPOS="468" VPOS="403" WIDTH="40"/>
							<String ID="P2_ST01490" HPOS="508" VPOS="343" WIDTH="342" HEIGHT="52" CONTENT="TO-NIGHT!!" WC="0.99" CC="0137077800" STYLEREFS="TXT_8"/>
						</TextLine>
						<TextLine ID="P2_TL00249" HPOS="411" VPOS="426" WIDTH="196" HEIGHT="33">
							<String ID="P2_ST01491" HPOS="411" VPOS="426" WIDTH="74" HEIGHT="33" CONTENT="11th" WC="0.75" CC="2007"/>
							<SP ID="P2_SP01244" HPOS="485" VPOS="459" WIDTH="25"/>
							<String ID="P2_ST01492" HPOS="510" VPOS="426" WIDTH="97" HEIGHT="32" CONTENT="July." WC="0.97" CC="90530"/>
						</TextLine>
						<TextLine ID="P2_TL00250" HPOS="329" VPOS="534" WIDTH="359" HEIGHT="39">
							<String ID="P2_ST01493" HPOS="329" VPOS="539" WIDTH="92" HEIGHT="34" CONTENT="THE" WC="0.93" CC="387"/>
							<SP ID="P2_SP01245" HPOS="421" VPOS="573" WIDTH="24"/>
							<String ID="P2_ST01494" HPOS="445" VPOS="534" WIDTH="243" HEIGHT="38" CONTENT="WILLMOTT" WC="0.47" CC="82659009"/>
						</TextLine>
						<TextLine ID="P2_TL00251" HPOS="158" VPOS="590" WIDTH="724" HEIGHT="43">
							<String ID="P2_ST01495" HPOS="158" VPOS="597" WIDTH="198" HEIGHT="36" CONTENT="COMEDY" WC="0.96" CC="827495"/>
							<SP ID="P2_SP01246" HPOS="356" VPOS="633" WIDTH="30"/>
							<String ID="P2_ST01496" HPOS="386" VPOS="597" WIDTH="93" HEIGHT="31" CONTENT="AND" WC="0.94" CC="475"/>
							<SP ID="P2_SP01247" HPOS="479" VPOS="633" WIDTH="31"/>
							<String ID="P2_ST01497" HPOS="510" VPOS="592" WIDTH="233" HEIGHT="36" CONTENT="DRAMATIC" WC="0.97" CC="67589826"/>
							<SP ID="P2_SP01248" HPOS="743" VPOS="633" WIDTH="35"/>
							<String ID="P2_ST01498" HPOS="778" VPOS="590" WIDTH="104" HEIGHT="36" CONTENT="COM-" WC="0.64" CC="6304"/>
						</TextLine>
						<TextLine ID="P2_TL00252" HPOS="158" VPOS="638" WIDTH="545" HEIGHT="53">
							<String ID="P2_ST01499" HPOS="158" VPOS="638" WIDTH="33" HEIGHT="33" CONTENT="J" STYLE="superscript" WC="0.37" CC="6" STYLEREFS="TXT_9"/>
							<SP ID="P2_SP01249" HPOS="191" VPOS="671" WIDTH="61"/>
							<String ID="P2_ST01500" HPOS="252" VPOS="654" WIDTH="218" HEIGHT="37" CONTENT="BINATION" WC="0.49" CC="85605327"/>
							<SP ID="P2_SP01250" HPOS="470" VPOS="691" WIDTH="21"/>
							<String ID="P2_ST01501" HPOS="491" VPOS="651" WIDTH="212" HEIGHT="36" CONTENT="COMPANY" WC="0.96" CC="1697997"/>
						</TextLine>
						<TextLine ID="P2_TL00253" HPOS="132" VPOS="729" WIDTH="749" HEIGHT="50">
							<String ID="P2_ST01502" HPOS="132" VPOS="736" WIDTH="78" HEIGHT="35" CONTENT="Will" WC="0.96" CC="8034"/>
							<SP ID="P2_SP01251" HPOS="210" VPOS="771" WIDTH="16"/>
							<String ID="P2_ST01503" HPOS="226" VPOS="747" WIDTH="82" HEIGHT="32" CONTENT="open" WC="0.94" CC="3978"/>
							<SP ID="P2_SP01252" HPOS="308" VPOS="779" WIDTH="24"/>
							<String ID="P2_ST01504" HPOS="332" VPOS="732" WIDTH="220" HEIGHT="35" CONTENT="TO-NIGHT" WC="0.98" CC="66230770"/>
							<SP ID="P2_SP01253" HPOS="552" VPOS="779" WIDTH="20"/>
							<String ID="P2_ST01505" HPOS="572" VPOS="731" WIDTH="32" HEIGHT="33" CONTENT="in" WC="0.27" CC="67"/>
							<SP ID="P2_SP01254" HPOS="604" VPOS="779" WIDTH="24"/>
							<String ID="P2_ST01506" HPOS="628" VPOS="742" WIDTH="18" HEIGHT="22" CONTENT="a" WC="0.09" CC="9"/>
							<SP ID="P2_SP01255" HPOS="646" VPOS="779" WIDTH="25"/>
							<String ID="P2_ST01507" HPOS="671" VPOS="729" WIDTH="210" HEIGHT="34" CONTENT="MONSTER" WC="0.97" CC="9079087"/>
						</TextLine>
						<TextLine ID="P2_TL00254" HPOS="359" VPOS="788" WIDTH="297" HEIGHT="38">
							<String ID="P2_ST01508" HPOS="359" VPOS="788" WIDTH="297" HEIGHT="38" CONTENT="PROGRAMME." WC="0.98" CC="7706709620"/>
						</TextLine>
						<TextLine ID="P2_TL00255" HPOS="133" VPOS="860" WIDTH="308" HEIGHT="36">
							<String ID="P2_ST01509" HPOS="133" VPOS="860" WIDTH="168" HEIGHT="36" CONTENT="Withered" WC="0.97" CC="80495479"/>
							<SP ID="P2_SP01256" HPOS="301" VPOS="896" WIDTH="17"/>
							<String ID="P2_ST01510" HPOS="318" VPOS="860" WIDTH="123" HEIGHT="34" CONTENT="Leaves" WC="0.97" CC="657472"/>
						</TextLine>
						<TextLine ID="P2_TL00256" HPOS="466" VPOS="917" WIDTH="104" HEIGHT="41">
							<String ID="P2_ST01511" HPOS="466" VPOS="917" WIDTH="104" HEIGHT="41" CONTENT="Songs" WC="0.96" CC="93873"/>
						</TextLine>
						<TextLine ID="P2_TL00257" HPOS="607" VPOS="972" WIDTH="199" HEIGHT="37">
							<String ID="P2_ST01512" HPOS="607" VPOS="972" WIDTH="199" HEIGHT="37" CONTENT="Recitations" WC="0.98" CC="91031982755"/>
						</TextLine>
						<TextLine ID="P2_TL00258" HPOS="341" VPOS="1033" WIDTH="292" HEIGHT="40">
							<String ID="P2_ST01513" HPOS="341" VPOS="1034" WIDTH="140" HEIGHT="39" CONTENT="Dances," WC="0.98" CC="9262502"/>
							<SP ID="P2_SP01257" HPOS="481" VPOS="1073" WIDTH="17"/>
							<String ID="P2_ST01514" HPOS="498" VPOS="1033" WIDTH="65" HEIGHT="39" CONTENT="&amp;c," WC="0.58" CC="083"/>
							<SP ID="P2_SP01258" HPOS="563" VPOS="1073" WIDTH="16"/>
							<String ID="P2_ST01515" HPOS="579" VPOS="1033" WIDTH="54" HEIGHT="31" CONTENT="&amp;c." WC="0.75" CC="060"/>
						</TextLine>
						<TextLine ID="P2_TL00259" HPOS="197" VPOS="1146" WIDTH="614" HEIGHT="37">
							<String ID="P2_ST01516" HPOS="197" VPOS="1150" WIDTH="76" HEIGHT="33" CONTENT="Also" WC="0.98" CC="0304"/>
							<SP ID="P2_SP01259" HPOS="273" VPOS="1183" WIDTH="16"/>
							<String ID="P2_ST01517" HPOS="289" VPOS="1149" WIDTH="55" HEIGHT="34" CONTENT="the" WC="0.99" CC="001"/>
							<SP ID="P2_SP01260" HPOS="344" VPOS="1183" WIDTH="17"/>
							<String ID="P2_ST01518" HPOS="361" VPOS="1147" WIDTH="180" HEIGHT="34" CONTENT="celebrated" WC="0.98" CC="2400776618"/>
							<SP ID="P2_SP01261" HPOS="541" VPOS="1183" WIDTH="20"/>
							<String ID="P2_ST01519" HPOS="561" VPOS="1146" WIDTH="134" HEIGHT="33" CONTENT="London" WC="0.98" CC="904060"/>
							<SP ID="P2_SP01262" HPOS="695" VPOS="1183" WIDTH="17"/>
							<String ID="P2_ST01520" HPOS="712" VPOS="1146" WIDTH="99" HEIGHT="32" CONTENT="Farce" WC="0.96" CC="79708"/>
						</TextLine>
						<TextLine ID="P2_TL00260" HPOS="160" VPOS="1213" WIDTH="705" HEIGHT="51">
							<String ID="P2_ST01521" HPOS="160" VPOS="1214" WIDTH="339" HEIGHT="50" CONTENT="CHOPSTICKS" WC="0.99" CC="0607000190" STYLEREFS="TXT_8"/>
							<SP ID="P2_SP01263" HPOS="499" VPOS="1264" WIDTH="41"/>
							<String ID="P2_ST01522" HPOS="540" VPOS="1217" WIDTH="33" HEIGHT="43" CONTENT="&amp;" WC="1.00" CC="0" STYLEREFS="TXT_8"/>
							<SP ID="P2_SP01264" HPOS="573" VPOS="1264" WIDTH="41"/>
							<String ID="P2_ST01523" HPOS="614" VPOS="1213" WIDTH="251" HEIGHT="45" CONTENT="SPIKENS." WC="0.67" CC="07061504" STYLEREFS="TXT_8"/>
						</TextLine>
						<TextLine ID="P2_TL00261" HPOS="436" VPOS="1336" WIDTH="213" HEIGHT="34">
							<String ID="P2_ST01524" HPOS="436" VPOS="1336" WIDTH="213" HEIGHT="34" CONTENT="Remember!" WC="0.98" CC="407578092"/>
						</TextLine>
						<TextLine ID="P2_TL00262" HPOS="198" VPOS="1392" WIDTH="627" HEIGHT="47">
							<String ID="P2_ST01525" HPOS="198" VPOS="1395" WIDTH="72" HEIGHT="35" CONTENT="The" WC="0.97" CC="070"/>
							<SP ID="P2_SP01265" HPOS="270" VPOS="1430" WIDTH="23"/>
							<String ID="P2_ST01526" HPOS="293" VPOS="1399" WIDTH="140" HEIGHT="40" CONTENT="greatest" WC="0.98" CC="69656008"/>
							<SP ID="P2_SP01266" HPOS="433" VPOS="1439" WIDTH="16"/>
							<String ID="P2_ST01527" HPOS="449" VPOS="1394" WIDTH="170" HEIGHT="43" CONTENT="Company" WC="0.97" CC="5799905"/>
							<SP ID="P2_SP01267" HPOS="619" VPOS="1439" WIDTH="23"/>
							<String ID="P2_ST01528" HPOS="642" VPOS="1392" WIDTH="183" HEIGHT="40" CONTENT="travelling." WC="0.99" CC="80510110844"/>
						</TextLine>
						<TextLine ID="P2_TL00263" HPOS="176" VPOS="1507" WIDTH="666" HEIGHT="42">
							<String ID="P2_ST01529" HPOS="176" VPOS="1510" WIDTH="127" HEIGHT="35" CONTENT="Trices:" WC="0.98" CC="8802005"/>
							<String ID="P2_ST01530" HPOS="307" VPOS="1512" WIDTH="77" HEIGHT="31" CONTENT="—3s" WC="0.94" CC="880"/>
							<SP ID="P2_SP01268" HPOS="384" VPOS="1545" WIDTH="16"/>
							<String ID="P2_ST01531" HPOS="400" VPOS="1508" WIDTH="63" HEIGHT="35" CONTENT="and" WC="1.00" CC="000"/>
							<SP ID="P2_SP01269" HPOS="463" VPOS="1545" WIDTH="17"/>
							<String ID="P2_ST01532" HPOS="480" VPOS="1511" WIDTH="54" HEIGHT="38" CONTENT="2s;" WC="0.57" CC="930"/>
							<SP ID="P2_SP01270" HPOS="534" VPOS="1549" WIDTH="35"/>
							<String ID="P2_ST01533" HPOS="569" VPOS="1508" WIDTH="162" HEIGHT="37" CONTENT="Children," WC="0.99" CC="374480101"/>
							<SP ID="P2_SP01271" HPOS="731" VPOS="1549" WIDTH="19"/>
							<String ID="P2_ST01534" HPOS="750" VPOS="1507" WIDTH="74" HEIGHT="33" CONTENT="Half" SUBS_TYPE="HypPart1" SUBS_CONTENT="Halfprice." WC="0.98" CC="7030"/>
							<HYP HPOS="824" VPOS="1507" WIDTH="18" CONTENT="-"/>
						</TextLine>
						<TextLine ID="P2_TL00264" HPOS="467" VPOS="1566" WIDTH="98" HEIGHT="45">
							<String ID="P2_ST01535" HPOS="467" VPOS="1566" WIDTH="98" HEIGHT="45" CONTENT="price." SUBS_TYPE="HypPart2" SUBS_CONTENT="Halfprice." WC="0.98" CC="900701"/>
						</TextLine>
						<TextLine ID="P2_TL00265" HPOS="195" VPOS="1681" WIDTH="627" HEIGHT="43">
							<String ID="P2_ST01536" HPOS="195" VPOS="1681" WIDTH="104" HEIGHT="36" CONTENT="Doors" WC="0.97" CC="02690"/>
							<SP ID="P2_SP01272" HPOS="299" VPOS="1717" WIDTH="16"/>
							<String ID="P2_ST01537" HPOS="315" VPOS="1691" WIDTH="83" HEIGHT="33" CONTENT="open" WC="0.95" CC="6874"/>
							<SP ID="P2_SP01273" HPOS="398" VPOS="1724" WIDTH="16"/>
							<String ID="P2_ST01538" HPOS="414" VPOS="1684" WIDTH="34" HEIGHT="31" CONTENT="at" WC="0.38" CC="29"/>
							<SP ID="P2_SP01274" HPOS="448" VPOS="1724" WIDTH="15"/>
							<String ID="P2_ST01539" HPOS="463" VPOS="1681" WIDTH="72" HEIGHT="33" CONTENT="7.30" WC="0.77" CC="0080"/>
							<SP ID="P2_SP01275" HPOS="535" VPOS="1724" WIDTH="17"/>
							<String ID="P2_ST01540" HPOS="552" VPOS="1689" WIDTH="7" HEIGHT="32" CONTENT=";" WC="1.00" CC="0"/>
							<SP ID="P2_SP01276" HPOS="559" VPOS="1724" WIDTH="25"/>
							<String ID="P2_ST01541" HPOS="584" VPOS="1682" WIDTH="33" HEIGHT="32" CONTENT="to" WC="0.85" CC="02"/>
							<SP ID="P2_SP01277" HPOS="617" VPOS="1724" WIDTH="17"/>
							<String ID="P2_ST01542" HPOS="634" VPOS="1690" WIDTH="188" HEIGHT="24" CONTENT="commence" WC="0.98" CC="06980675"/>
						</TextLine>
						<TextLine ID="P2_TL00266" HPOS="480" VPOS="1740" WIDTH="81" HEIGHT="31">
							<String ID="P2_ST01543" HPOS="480" VPOS="1742" WIDTH="33" HEIGHT="29" CONTENT="at" WC="0.71" CC="50"/>
							<SP ID="P2_SP01278" HPOS="513" VPOS="1771" WIDTH="19"/>
							<String ID="P2_ST01544" HPOS="532" VPOS="1740" WIDTH="29" HEIGHT="31" CONTENT="8." WC="0.53" CC="53"/>
						</TextLine>
						<TextLine ID="P2_TL00267" HPOS="578" VPOS="1793" WIDTH="232" HEIGHT="37">
							<String ID="P2_ST01545" HPOS="578" VPOS="1794" WIDTH="31" HEIGHT="33" CONTENT="J." WC="0.37" CC="83"/>
							<SP ID="P2_SP01279" HPOS="609" VPOS="1827" WIDTH="26"/>
							<String ID="P2_ST01546" HPOS="635" VPOS="1793" WIDTH="175" HEIGHT="37" CONTENT="SHIELS," WC="0.57" CC="5633414"/>
						</TextLine>
						<TextLine ID="P2_TL00268" HPOS="734" VPOS="1851" WIDTH="117" HEIGHT="43">
							<String ID="P2_ST01547" HPOS="734" VPOS="1851" WIDTH="117" HEIGHT="43" CONTENT="Agent." WC="0.97" CC="570773"/>
						</TextLine>
						<TextLine ID="P2_TL00269" HPOS="135" VPOS="1952" WIDTH="754" HEIGHT="36">
							<String ID="P2_ST01548" HPOS="135" VPOS="1954" WIDTH="94" HEIGHT="34" CONTENT="THE" WC="0.91" CC="877"/>
							<SP ID="P2_SP01280" HPOS="229" VPOS="1988" WIDTH="36"/>
							<String ID="P2_ST01549" HPOS="265" VPOS="1952" WIDTH="232" HEIGHT="35" CONTENT="NATIONAL" WC="0.99" CC="90000502"/>
							<SP ID="P2_SP01281" HPOS="497" VPOS="1988" WIDTH="36"/>
							<String ID="P2_ST01550" HPOS="533" VPOS="1952" WIDTH="123" HEIGHT="33" CONTENT="BANK" WC="0.93" CC="7998"/>
							<SP ID="P2_SP01282" HPOS="656" VPOS="1988" WIDTH="38"/>
							<String ID="P2_ST01551" HPOS="694" VPOS="1952" WIDTH="55" HEIGHT="32" CONTENT="OF" WC="0.63" CC="07"/>
							<SP ID="P2_SP01283" HPOS="749" VPOS="1988" WIDTH="36"/>
							<String ID="P2_ST01552" HPOS="785" VPOS="1952" WIDTH="104" HEIGHT="32" CONTENT="NEW" WC="0.94" CC="078"/>
						</TextLine>
						<TextLine ID="P2_TL00270" HPOS="283" VPOS="2033" WIDTH="463" HEIGHT="39">
							<String ID="P2_ST01553" HPOS="283" VPOS="2034" WIDTH="220" HEIGHT="38" CONTENT="ZEALAND," WC="0.99" CC="53000095"/>
							<SP ID="P2_SP01284" HPOS="503" VPOS="2072" WIDTH="33"/>
							<String ID="P2_ST01554" HPOS="536" VPOS="2033" WIDTH="210" HEIGHT="32" CONTENT="LIMITED." WC="0.99" CC="00050474"/>
						</TextLine>
						<TextLine ID="P2_TL00271" HPOS="141" VPOS="2196" WIDTH="750" HEIGHT="64">
							<String ID="P2_ST01555" HPOS="141" VPOS="2199" WIDTH="143" HEIGHT="61" CONTENT="rpHIS" WC="0.65" CC="09600" STYLEREFS="TXT_10"/>
							<SP ID="P2_SP01285" HPOS="284" VPOS="2260" WIDTH="38"/>
							<String ID="P2_ST01556" HPOS="322" VPOS="2198" WIDTH="123" HEIGHT="35" CONTENT="BANK" WC="0.95" CC="8093"/>
							<SP ID="P2_SP01286" HPOS="445" VPOS="2260" WIDTH="29"/>
							<String ID="P2_ST01557" HPOS="474" VPOS="2197" WIDTH="66" HEIGHT="35" CONTENT="will" WC="0.96" CC="6036"/>
							<SP ID="P2_SP01287" HPOS="540" VPOS="2260" WIDTH="29"/>
							<String ID="P2_ST01558" HPOS="569" VPOS="2197" WIDTH="39" HEIGHT="34" CONTENT="be" WC="0.27" CC="76"/>
							<SP ID="P2_SP01288" HPOS="608" VPOS="2260" WIDTH="31"/>
							<String ID="P2_ST01559" HPOS="639" VPOS="2196" WIDTH="183" HEIGHT="35" CONTENT="OPENED" WC="0.97" CC="270929"/>
							<SP ID="P2_SP01289" HPOS="822" VPOS="2260" WIDTH="36"/>
							<String ID="P2_ST01560" HPOS="858" VPOS="2200" WIDTH="33" HEIGHT="30" CONTENT="to" WC="0.50" CC="09"/>
						</TextLine>
						<TextLine ID="P2_TL00272" HPOS="278" VPOS="2270" WIDTH="616" HEIGHT="34">
							<String ID="P2_ST01561" HPOS="278" VPOS="2271" WIDTH="94" HEIGHT="33" CONTENT="BUY" WC="0.97" CC="630"/>
							<SP ID="P2_SP01290" HPOS="372" VPOS="2304" WIDTH="37"/>
							<String ID="P2_ST01562" HPOS="409" VPOS="2270" WIDTH="119" HEIGHT="33" CONTENT="GOLD" WC="0.96" CC="6047"/>
							<SP ID="P2_SP01291" HPOS="528" VPOS="2304" WIDTH="38"/>
							<String ID="P2_ST01563" HPOS="566" VPOS="2270" WIDTH="64" HEIGHT="33" CONTENT="and" WC="0.96" CC="009"/>
							<SP ID="P2_SP01292" HPOS="630" VPOS="2304" WIDTH="36"/>
							<String ID="P2_ST01564" HPOS="666" VPOS="2270" WIDTH="228" HEIGHT="32" CONTENT="TRANSACT" WC="0.98" CC="08909940"/>
						</TextLine>
						<TextLine ID="P2_TL00273" HPOS="139" VPOS="2348" WIDTH="755" HEIGHT="35">
							<String ID="P2_ST01565" HPOS="139" VPOS="2349" WIDTH="216" HEIGHT="34" CONTENT="GENERAL" WC="0.98" CC="8783700"/>
							<SP ID="P2_SP01293" HPOS="355" VPOS="2383" WIDTH="57"/>
							<String ID="P2_ST01566" HPOS="412" VPOS="2349" WIDTH="207" HEIGHT="33" CONTENT="BANKING" WC="0.98" CC="7005297"/>
							<SP ID="P2_SP01294" HPOS="619" VPOS="2383" WIDTH="53"/>
							<String ID="P2_ST01567" HPOS="672" VPOS="2348" WIDTH="222" HEIGHT="34" CONTENT="BUSINESS" WC="0.98" CC="91037358"/>
						</TextLine>
						<TextLine ID="P2_TL00274" HPOS="139" VPOS="2428" WIDTH="754" HEIGHT="44">
							<String ID="P2_ST01568" HPOS="139" VPOS="2432" WIDTH="35" HEIGHT="31" CONTENT="at" WC="1.00" CC="00"/>
							<SP ID="P2_SP01295" HPOS="174" VPOS="2463" WIDTH="27"/>
							<String ID="P2_ST01569" HPOS="201" VPOS="2428" WIDTH="95" HEIGHT="44" CONTENT="Lyell" WC="0.69" CC="29030"/>
							<SP ID="P2_SP01296" HPOS="296" VPOS="2472" WIDTH="22"/>
							<String ID="P2_ST01570" HPOS="318" VPOS="2440" WIDTH="43" HEIGHT="22" CONTENT="on" WC="0.30" CC="58"/>
							<SP ID="P2_SP01297" HPOS="361" VPOS="2472" WIDTH="28"/>
							<String ID="P2_ST01571" HPOS="389" VPOS="2428" WIDTH="246" HEIGHT="41" CONTENT="SATURDAY," WC="1.00" CC="100070003"/>
							<SP ID="P2_SP01298" HPOS="635" VPOS="2472" WIDTH="28"/>
							<String ID="P2_ST01572" HPOS="663" VPOS="2429" WIDTH="75" HEIGHT="34" CONTENT="11th" WC="0.56" CC="0079"/>
							<SP ID="P2_SP01299" HPOS="738" VPOS="2472" WIDTH="31"/>
							<String ID="P2_ST01573" HPOS="769" VPOS="2430" WIDTH="124" HEIGHT="40" CONTENT="JULY," WC="0.99" CC="30002"/>
						</TextLine>
						<TextLine ID="P2_TL00275" HPOS="138" VPOS="2514" WIDTH="754" HEIGHT="44">
							<String ID="P2_ST01574" HPOS="138" VPOS="2514" WIDTH="104" HEIGHT="34" CONTENT="under" WC="0.99" CC="73000"/>
							<SP ID="P2_SP01300" HPOS="242" VPOS="2548" WIDTH="12"/>
							<String ID="P2_ST01575" HPOS="254" VPOS="2514" WIDTH="54" HEIGHT="34" CONTENT="the" WC="0.97" CC="070"/>
							<SP ID="P2_SP01301" HPOS="308" VPOS="2548" WIDTH="14"/>
							<String ID="P2_ST01576" HPOS="322" VPOS="2514" WIDTH="116" HEIGHT="43" CONTENT="charge" WC="0.98" CC="077072"/>
							<SP ID="P2_SP01302" HPOS="438" VPOS="2557" WIDTH="16"/>
							<String ID="P2_ST01577" HPOS="454" VPOS="2523" WIDTH="32" HEIGHT="26" CONTENT="oi" WC="0.39" CC="38"/>
							<SP ID="P2_SP01303" HPOS="486" VPOS="2557" WIDTH="16"/>
							<String ID="P2_ST01578" HPOS="502" VPOS="2514" WIDTH="55" HEIGHT="35" CONTENT="the" WC="0.97" CC="071"/>
							<SP ID="P2_SP01304" HPOS="557" VPOS="2557" WIDTH="13"/>
							<String ID="P2_ST01579" HPOS="570" VPOS="2515" WIDTH="138" HEIGHT="34" CONTENT="Reefton" WC="0.68" CC="7025430"/>
							<SP ID="P2_SP01305" HPOS="708" VPOS="2557" WIDTH="15"/>
							<String ID="P2_ST01580" HPOS="723" VPOS="2516" WIDTH="169" HEIGHT="42" CONTENT="Manager," WC="0.98" CC="99007600"/>
						</TextLine>
						<TextLine ID="P2_TL00276" HPOS="139" VPOS="2593" WIDTH="168" HEIGHT="34">
							<String ID="P2_ST01581" HPOS="139" VPOS="2593" WIDTH="28" HEIGHT="34" CONTENT="I." WC="0.45" CC="64"/>
							<SP ID="P2_SP01306" HPOS="167" VPOS="2627" WIDTH="18"/>
							<String ID="P2_ST01582" HPOS="185" VPOS="2594" WIDTH="122" HEIGHT="33" CONTENT="Lewis." WC="0.99" CC="008003"/>
						</TextLine>
						<TextLine ID="P2_TL00277" HPOS="530" VPOS="2674" WIDTH="275" HEIGHT="41">
							<String ID="P2_ST01583" HPOS="530" VPOS="2674" WIDTH="52" HEIGHT="36" CONTENT="W." WC="0.31" CC="93"/>
							<SP ID="P2_SP01307" HPOS="582" VPOS="2710" WIDTH="24"/>
							<String ID="P2_ST01584" HPOS="606" VPOS="2674" WIDTH="199" HEIGHT="41" CONTENT="DYMOCK," WC="0.78" CC="0000580"/>
						</TextLine>
						<TextLine ID="P2_TL00278" HPOS="668" VPOS="2754" WIDTH="183" HEIGHT="40">
							<String ID="P2_ST01585" HPOS="668" VPOS="2754" WIDTH="183" HEIGHT="40" CONTENT="Inspector." WC="0.99" CC="5049016390"/>
						</TextLine>
					</TextBlock>
				</ComposedBlock>
				<ComposedBlock ID="P2_CB00002" HPOS="1707" VPOS="3870" WIDTH="766" HEIGHT="2209" TYPE="Advertisement">
					<TextBlock ID="P2_TB00016" HPOS="1707" VPOS="3870" WIDTH="766" HEIGHT="2209" STYLEREFS="TXT_0 PAR_BLOCK">
						<TextLine ID="P2_TL00279" HPOS="1887" VPOS="3873" WIDTH="411" HEIGHT="40">
							<String ID="P2_ST01586" HPOS="1887" VPOS="3873" WIDTH="411" HEIGHT="40" CONTENT="PREDESTINATION." WC="0.99" CC="884576442950387"/>
						</TextLine>
						<TextLine ID="P2_TL00280" HPOS="1755" VPOS="3986" WIDTH="713" HEIGHT="51">
							<String ID="P2_ST01587" HPOS="1755" VPOS="3988" WIDTH="19" HEIGHT="17" CONTENT='"' WC="0.57" CC="4"/>
							<SP ID="P2_SP01308" HPOS="1774" VPOS="4005" WIDTH="16"/>
							<String ID="P2_ST01588" HPOS="1790" VPOS="3986" WIDTH="49" HEIGHT="35" CONTENT="Do" WC="0.20" CC="96"/>
							<SP ID="P2_SP01309" HPOS="1839" VPOS="4021" WIDTH="24"/>
							<String ID="P2_ST01589" HPOS="1863" VPOS="3999" WIDTH="64" HEIGHT="32" CONTENT="you" WC="0.95" CC="707"/>
							<SP ID="P2_SP01310" HPOS="1927" VPOS="4031" WIDTH="23"/>
							<String ID="P2_ST01590" HPOS="1950" VPOS="3988" WIDTH="122" HEIGHT="36" CONTENT="believe" WC="0.97" CC="4086556"/>
							<SP ID="P2_SP01311" HPOS="2072" VPOS="4031" WIDTH="23"/>
							<String ID="P2_ST01591" HPOS="2095" VPOS="3991" WIDTH="33" HEIGHT="33" CONTENT="in" WC="0.63" CC="07"/>
							<SP ID="P2_SP01312" HPOS="2128" VPOS="4031" WIDTH="26"/>
							<String ID="P2_ST01592" HPOS="2154" VPOS="3993" WIDTH="259" HEIGHT="44" CONTENT="predestination" WC="0.99" CC="27091072698669"/>
							<SP ID="P2_SP01313" HPOS="2413" VPOS="4037" WIDTH="18"/>
							<String ID="P2_ST01593" HPOS="2431" VPOS="3998" WIDTH="37" HEIGHT="33" CONTENT='?"' WC="0.17" CC="96"/>
						</TextLine>
						<TextLine ID="P2_TL00281" HPOS="1719" VPOS="4044" WIDTH="751" HEIGHT="51">
							<String ID="P2_ST01594" HPOS="1719" VPOS="4044" WIDTH="64" HEIGHT="33" CONTENT="said" WC="0.95" CC="7338"/>
							<SP ID="P2_SP01314" HPOS="1783" VPOS="4077" WIDTH="16"/>
							<String ID="P2_ST01595" HPOS="1799" VPOS="4044" WIDTH="54" HEIGHT="33" CONTENT="the" WC="0.91" CC="976"/>
							<SP ID="P2_SP01315" HPOS="1853" VPOS="4077" WIDTH="17"/>
							<String ID="P2_ST01596" HPOS="1870" VPOS="4047" WIDTH="129" HEIGHT="42" CONTENT="captain" WC="0.97" CC="7298938"/>
							<SP ID="P2_SP01316" HPOS="1999" VPOS="4089" WIDTH="18"/>
							<String ID="P2_ST01597" HPOS="2017" VPOS="4047" WIDTH="36" HEIGHT="33" CONTENT="of" WC="0.46" CC="64"/>
							<SP ID="P2_SP01317" HPOS="2053" VPOS="4089" WIDTH="17"/>
							<String ID="P2_ST01598" HPOS="2070" VPOS="4058" WIDTH="19" HEIGHT="24" CONTENT="a" WC="0.88" CC="1"/>
							<SP ID="P2_SP01318" HPOS="2089" VPOS="4089" WIDTH="21"/>
							<String ID="P2_ST01599" HPOS="2110" VPOS="4049" WIDTH="195" HEIGHT="46" CONTENT="Mississippi" WC="1.00" CC="00300002090"/>
							<SP ID="P2_SP01319" HPOS="2305" VPOS="4095" WIDTH="23"/>
							<String ID="P2_ST01600" HPOS="2328" VPOS="4057" WIDTH="142" HEIGHT="29" CONTENT="steamer" WC="0.99" CC="0030080"/>
						</TextLine>
						<TextLine ID="P2_TL00282" HPOS="1721" VPOS="4103" WIDTH="749" HEIGHT="52">
							<String ID="P2_ST01601" HPOS="1721" VPOS="4113" WIDTH="25" HEIGHT="24" CONTENT="10" WC="0.28" CC="77"/>
							<SP ID="P2_SP01320" HPOS="1746" VPOS="4137" WIDTH="16"/>
							<String ID="P2_ST01602" HPOS="1762" VPOS="4115" WIDTH="19" HEIGHT="21" CONTENT="a" WC="1.00" CC="0"/>
							<SP ID="P2_SP01321" HPOS="1781" VPOS="4137" WIDTH="16"/>
							<String ID="P2_ST01603" HPOS="1797" VPOS="4103" WIDTH="188" HEIGHT="36" CONTENT="Calvinistic" WC="0.53" CC="46700047956"/>
							<SP ID="P2_SP01322" HPOS="1985" VPOS="4139" WIDTH="17"/>
							<String ID="P2_ST01604" HPOS="2002" VPOS="4105" WIDTH="187" HEIGHT="45" CONTENT="clergyman" WC="0.98" CC="400071777"/>
							<SP ID="P2_SP01323" HPOS="2189" VPOS="4150" WIDTH="17"/>
							<String ID="P2_ST01605" HPOS="2206" VPOS="4109" WIDTH="73" HEIGHT="34" CONTENT="who" WC="0.95" CC="076"/>
							<SP ID="P2_SP01324" HPOS="2279" VPOS="4150" WIDTH="17"/>
							<String ID="P2_ST01606" HPOS="2296" VPOS="4110" WIDTH="174" HEIGHT="45" CONTENT="happened" WC="0.99" CC="07004009"/>
						</TextLine>
						<TextLine ID="P2_TL00283" HPOS="1721" VPOS="4161" WIDTH="747" HEIGHT="50">
							<String ID="P2_ST01607" HPOS="1721" VPOS="4172" WIDTH="25" HEIGHT="21" CONTENT=";o" WC="0.45" CC="73"/>
							<SP ID="P2_SP01325" HPOS="1746" VPOS="4193" WIDTH="16"/>
							<String ID="P2_ST01608" HPOS="1762" VPOS="4161" WIDTH="37" HEIGHT="32" CONTENT="be" WC="0.48" CC="81"/>
							<SP ID="P2_SP01326" HPOS="1799" VPOS="4193" WIDTH="16"/>
							<String ID="P2_ST01609" HPOS="1815" VPOS="4163" WIDTH="174" HEIGHT="42" CONTENT="travelling" WC="0.98" CC="0972363487"/>
							<SP ID="P2_SP01327" HPOS="1989" VPOS="4205" WIDTH="17"/>
							<String ID="P2_ST01610" HPOS="2006" VPOS="4165" WIDTH="78" HEIGHT="32" CONTENT="with" WC="0.96" CC="3097"/>
							<SP ID="P2_SP01328" HPOS="2084" VPOS="4205" WIDTH="17"/>
							<String ID="P2_ST01611" HPOS="2101" VPOS="4165" WIDTH="81" HEIGHT="33" CONTENT="him." WC="0.97" CC="7090"/>
							<SP ID="P2_SP01329" HPOS="2182" VPOS="4205" WIDTH="47"/>
							<String ID="P2_ST01612" HPOS="2229" VPOS="4171" WIDTH="18" HEIGHT="14" CONTENT='"' WC="0.55" CC="4"/>
							<SP ID="P2_SP01330" HPOS="2247" VPOS="4205" WIDTH="20"/>
							<String ID="P2_ST01613" HPOS="2267" VPOS="4168" WIDTH="201" HEIGHT="43" CONTENT='Certainly."' WC="0.99" CC="65900094733"/>
						</TextLine>
						<TextLine ID="P2_TL00284" HPOS="1727" VPOS="4216" WIDTH="740" HEIGHT="45">
							<String ID="P2_ST01614" HPOS="1727" VPOS="4219" WIDTH="6" HEIGHT="14" CONTENT="'" WC="0.59" CC="4"/>
							<SP ID="P2_SP01331" HPOS="1733" VPOS="4233" WIDTH="14"/>
							<String ID="P2_ST01615" HPOS="1747" VPOS="4216" WIDTH="73" HEIGHT="34" CONTENT="And" WC="0.96" CC="902"/>
							<SP ID="P2_SP01332" HPOS="1820" VPOS="4250" WIDTH="16"/>
							<String ID="P2_ST01616" HPOS="1836" VPOS="4228" WIDTH="65" HEIGHT="33" CONTENT="you" WC="0.96" CC="046"/>
							<SP ID="P2_SP01333" HPOS="1901" VPOS="4261" WIDTH="16"/>
							<String ID="P2_ST01617" HPOS="1917" VPOS="4217" WIDTH="66" HEIGHT="35" CONTENT="also" WC="0.93" CC="8796"/>
							<SP ID="P2_SP01334" HPOS="1983" VPOS="4261" WIDTH="17"/>
							<String ID="P2_ST01618" HPOS="2000" VPOS="4218" WIDTH="122" HEIGHT="36" CONTENT="believe" WC="0.98" CC="7132273"/>
							<SP ID="P2_SP01335" HPOS="2122" VPOS="4261" WIDTH="16"/>
							<String ID="P2_ST01619" HPOS="2138" VPOS="4220" WIDTH="72" HEIGHT="36" CONTENT="that" WC="0.95" CC="0769"/>
							<SP ID="P2_SP01336" HPOS="2210" VPOS="4261" WIDTH="22"/>
							<String ID="P2_ST01620" HPOS="2232" VPOS="4221" WIDTH="90" HEIGHT="36" CONTENT="what" WC="0.95" CC="8709"/>
							<SP ID="P2_SP01337" HPOS="2322" VPOS="4261" WIDTH="15"/>
							<String ID="P2_ST01621" HPOS="2337" VPOS="4222" WIDTH="27" HEIGHT="35" CONTENT="is" WC="0.81" CC="30"/>
							<SP ID="P2_SP01338" HPOS="2364" VPOS="4261" WIDTH="17"/>
							<String ID="P2_ST01622" HPOS="2381" VPOS="4228" WIDTH="32" HEIGHT="30" CONTENT="to" WC="0.35" CC="65"/>
							<SP ID="P2_SP01339" HPOS="2413" VPOS="4261" WIDTH="16"/>
							<String ID="P2_ST01623" HPOS="2429" VPOS="4223" WIDTH="38" HEIGHT="36" CONTENT="be" WC="0.26" CC="77"/>
						</TextLine>
						<TextLine ID="P2_TL00285" HPOS="1719" VPOS="4275" WIDTH="750" HEIGHT="45">
							<String ID="P2_ST01624" HPOS="1719" VPOS="4275" WIDTH="60" HEIGHT="31" CONTENT="will" WC="0.95" CC="8427"/>
							<SP ID="P2_SP01340" HPOS="1779" VPOS="4306" WIDTH="22"/>
							<String ID="P2_ST01625" HPOS="1801" VPOS="4275" WIDTH="38" HEIGHT="32" CONTENT="be" WC="0.37" CC="74"/>
							<SP ID="P2_SP01341" HPOS="1839" VPOS="4307" WIDTH="15"/>
							<String ID="P2_ST01626" HPOS="1854" VPOS="4277" WIDTH="36" HEIGHT="31" CONTENT='?"' WC="0.41" CC="56"/>
							<SP ID="P2_SP01342" HPOS="1890" VPOS="4308" WIDTH="55"/>
							<String ID="P2_ST01627" HPOS="1945" VPOS="4279" WIDTH="19" HEIGHT="15" CONTENT='"' WC="1.00" CC="0"/>
							<SP ID="P2_SP01343" HPOS="1964" VPOS="4308" WIDTH="16"/>
							<String ID="P2_ST01628" HPOS="1980" VPOS="4277" WIDTH="199" HEIGHT="43" CONTENT='Certainly."' WC="0.99" CC="54060000925"/>
							<SP ID="P2_SP01344" HPOS="2179" VPOS="4320" WIDTH="54"/>
							<String ID="P2_ST01629" HPOS="2233" VPOS="4283" WIDTH="19" HEIGHT="16" CONTENT='"' WC="0.67" CC="3"/>
							<SP ID="P2_SP01345" HPOS="2252" VPOS="4320" WIDTH="15"/>
							<String ID="P2_ST01630" HPOS="2267" VPOS="4281" WIDTH="85" HEIGHT="33" CONTENT="Well" WC="0.96" CC="9640"/>
							<SP ID="P2_SP01346" HPOS="2352" VPOS="4320" WIDTH="23"/>
							<String ID="P2_ST01631" HPOS="2375" VPOS="4282" WIDTH="94" HEIGHT="33" CONTENT="lam" WC="0.94" CC="500"/>
						</TextLine>
						<TextLine ID="P2_TL00286" HPOS="1719" VPOS="4331" WIDTH="750" HEIGHT="49">
							<String ID="P2_ST01632" HPOS="1719" VPOS="4331" WIDTH="69" HEIGHT="45" CONTENT="glad" WC="0.95" CC="4709"/>
							<SP ID="P2_SP01347" HPOS="1788" VPOS="4376" WIDTH="21"/>
							<String ID="P2_ST01633" HPOS="1809" VPOS="4336" WIDTH="33" HEIGHT="30" CONTENT="to" WC="0.35" CC="66"/>
							<SP ID="P2_SP01348" HPOS="1842" VPOS="4376" WIDTH="23"/>
							<String ID="P2_ST01634" HPOS="1865" VPOS="4332" WIDTH="79" HEIGHT="35" CONTENT="hear" WC="0.98" CC="0250"/>
							<SP ID="P2_SP01349" HPOS="1944" VPOS="4376" WIDTH="22"/>
							<String ID="P2_ST01635" HPOS="1966" VPOS="4332" WIDTH="57" HEIGHT="36" CONTENT='it."' WC="0.98" CC="0044"/>
							<SP ID="P2_SP01350" HPOS="2023" VPOS="4376" WIDTH="46"/>
							<String ID="P2_ST01636" HPOS="2069" VPOS="4337" WIDTH="19" HEIGHT="16" CONTENT='"' WC="0.91" CC="0"/>
							<SP ID="P2_SP01351" HPOS="2088" VPOS="4376" WIDTH="16"/>
							<String ID="P2_ST01637" HPOS="2104" VPOS="4336" WIDTH="88" HEIGHT="44" CONTENT="Why" WC="0.94" CC="770"/>
							<SP ID="P2_SP01352" HPOS="2192" VPOS="4380" WIDTH="14"/>
							<String ID="P2_ST01638" HPOS="2206" VPOS="4337" WIDTH="38" HEIGHT="35" CONTENT='?"' WC="0.56" CC="61"/>
							<SP ID="P2_SP01353" HPOS="2244" VPOS="4380" WIDTH="46"/>
							<String ID="P2_ST01639" HPOS="2290" VPOS="4341" WIDTH="19" HEIGHT="16" CONTENT='"' WC="0.65" CC="3"/>
							<SP ID="P2_SP01354" HPOS="2309" VPOS="4380" WIDTH="15"/>
							<String ID="P2_ST01640" HPOS="2324" VPOS="4339" WIDTH="145" HEIGHT="35" CONTENT="Because" WC="0.98" CC="6007607"/>
						</TextLine>
						<TextLine ID="P2_TL00287" HPOS="1719" VPOS="4389" WIDTH="750" HEIGHT="44">
							<String ID="P2_ST01641" HPOS="1719" VPOS="4389" WIDTH="14" HEIGHT="31" CONTENT="I" WC="0.33" CC="6"/>
							<SP ID="P2_SP01355" HPOS="1733" VPOS="4420" WIDTH="36"/>
							<String ID="P2_ST01642" HPOS="1769" VPOS="4390" WIDTH="112" HEIGHT="32" CONTENT="intend" WC="0.98" CC="070280"/>
							<SP ID="P2_SP01356" HPOS="1881" VPOS="4422" WIDTH="28"/>
							<String ID="P2_ST01643" HPOS="1909" VPOS="4395" WIDTH="32" HEIGHT="28" CONTENT="to" WC="0.70" CC="05"/>
							<SP ID="P2_SP01357" HPOS="1941" VPOS="4423" WIDTH="30"/>
							<String ID="P2_ST01644" HPOS="1971" VPOS="4402" WIDTH="74" HEIGHT="31" CONTENT="pass" WC="0.98" CC="7003"/>
							<SP ID="P2_SP01358" HPOS="2045" VPOS="4433" WIDTH="30"/>
							<String ID="P2_ST01645" HPOS="2075" VPOS="4391" WIDTH="73" HEIGHT="35" CONTENT="that" WC="0.95" CC="5609"/>
							<SP ID="P2_SP01359" HPOS="2148" VPOS="4433" WIDTH="29"/>
							<String ID="P2_ST01646" HPOS="2177" VPOS="4393" WIDTH="76" HEIGHT="34" CONTENT="boat" WC="0.98" CC="1500"/>
							<SP ID="P2_SP01360" HPOS="2253" VPOS="4433" WIDTH="38"/>
							<String ID="P2_ST01647" HPOS="2291" VPOS="4395" WIDTH="109" HEIGHT="33" CONTENT="ahead" WC="0.97" CC="97300"/>
							<SP ID="P2_SP01361" HPOS="2400" VPOS="4433" WIDTH="36"/>
							<String ID="P2_ST01648" HPOS="2436" VPOS="4398" WIDTH="33" HEIGHT="31" CONTENT="in" WC="0.64" CC="07"/>
						</TextLine>
						<TextLine ID="P2_TL00288" HPOS="1719" VPOS="4445" WIDTH="748" HEIGHT="53">
							<String ID="P2_ST01649" HPOS="1719" VPOS="4445" WIDTH="104" HEIGHT="35" CONTENT="fifteen" WC="0.98" CC="4493009"/>
							<SP ID="P2_SP01362" HPOS="1823" VPOS="4480" WIDTH="18"/>
							<String ID="P2_ST01650" HPOS="1841" VPOS="4450" WIDTH="206" HEIGHT="32" CONTENT="consecutive" WC="0.99" CC="06900057480"/>
							<SP ID="P2_SP01363" HPOS="2047" VPOS="4482" WIDTH="18"/>
							<String ID="P2_ST01651" HPOS="2065" VPOS="4451" WIDTH="152" HEIGHT="39" CONTENT="minutes," WC="0.97" CC="73869066"/>
							<SP ID="P2_SP01364" HPOS="2217" VPOS="4490" WIDTH="18"/>
							<String ID="P2_ST01652" HPOS="2235" VPOS="4452" WIDTH="27" HEIGHT="33" CONTENT="if" WC="0.97" CC="00"/>
							<SP ID="P2_SP01365" HPOS="2262" VPOS="4490" WIDTH="8"/>
							<String ID="P2_ST01653" HPOS="2270" VPOS="4452" WIDTH="119" HEIGHT="35" CONTENT="there's" WC="0.98" CC="9700123"/>
							<SP ID="P2_SP01366" HPOS="2389" VPOS="4490" WIDTH="12"/>
							<String ID="P2_ST01654" HPOS="2401" VPOS="4466" WIDTH="66" HEIGHT="32" CONTENT="any" WC="0.94" CC="870"/>
						</TextLine>
						<TextLine ID="P2_TL00289" HPOS="1719" VPOS="4506" WIDTH="748" HEIGHT="48">
							<String ID="P2_ST01655" HPOS="1719" VPOS="4506" WIDTH="101" HEIGHT="32" CONTENT="virtue" WC="0.98" CC="339070"/>
							<SP ID="P2_SP01367" HPOS="1820" VPOS="4538" WIDTH="19"/>
							<String ID="P2_ST01656" HPOS="1839" VPOS="4506" WIDTH="33" HEIGHT="32" CONTENT="in" WC="0.41" CC="19"/>
							<SP ID="P2_SP01368" HPOS="1872" VPOS="4538" WIDTH="23"/>
							<String ID="P2_ST01657" HPOS="1895" VPOS="4508" WIDTH="187" HEIGHT="40" CONTENT="pine-knots" WC="0.98" CC="0486477663"/>
							<SP ID="P2_SP01369" HPOS="2082" VPOS="4548" WIDTH="30"/>
							<String ID="P2_ST01658" HPOS="2112" VPOS="4509" WIDTH="65" HEIGHT="32" CONTENT="and" WC="0.93" CC="980"/>
							<SP ID="P2_SP01370" HPOS="2177" VPOS="4548" WIDTH="30"/>
							<String ID="P2_ST01659" HPOS="2207" VPOS="4510" WIDTH="118" HEIGHT="33" CONTENT="loaded" WC="0.97" CC="577059"/>
							<SP ID="P2_SP01371" HPOS="2325" VPOS="4548" WIDTH="25"/>
							<String ID="P2_ST01660" HPOS="2350" VPOS="4513" WIDTH="101" HEIGHT="41" CONTENT="safety" SUBS_TYPE="HypPart1" SUBS_CONTENT="safetyvalves." WC="0.97" CC="496569"/>
							<HYP HPOS="2451" VPOS="4513" WIDTH="16" CONTENT="-"/>
						</TextLine>
						<TextLine ID="P2_TL00290" HPOS="1720" VPOS="4560" WIDTH="749" HEIGHT="47">
							<String ID="P2_ST01661" HPOS="1720" VPOS="4560" WIDTH="117" HEIGHT="33" CONTENT="valves." SUBS_TYPE="HypPart2" SUBS_CONTENT="safetyvalves." WC="0.96" CC="6979773"/>
							<SP ID="P2_SP01372" HPOS="1837" VPOS="4593" WIDTH="44"/>
							<String ID="P2_ST01662" HPOS="1881" VPOS="4562" WIDTH="40" HEIGHT="32" CONTENT="So" WC="0.26" CC="77"/>
							<SP ID="P2_SP01373" HPOS="1921" VPOS="4594" WIDTH="17"/>
							<String ID="P2_ST01663" HPOS="1938" VPOS="4562" WIDTH="91" HEIGHT="34" CONTENT="don't" WC="0.97" CC="94703"/>
							<SP ID="P2_SP01374" HPOS="2029" VPOS="4596" WIDTH="17"/>
							<String ID="P2_ST01664" HPOS="2046" VPOS="4563" WIDTH="36" HEIGHT="34" CONTENT="be" WC="0.13" CC="97"/>
							<SP ID="P2_SP01375" HPOS="2082" VPOS="4597" WIDTH="16"/>
							<String ID="P2_ST01665" HPOS="2098" VPOS="4564" WIDTH="146" HEIGHT="34" CONTENT="alarmed" WC="0.97" CC="9690049"/>
							<SP ID="P2_SP01376" HPOS="2244" VPOS="4598" WIDTH="15"/>
							<String ID="P2_ST01666" HPOS="2259" VPOS="4576" WIDTH="6" HEIGHT="29" CONTENT=";" WC="1.00" CC="0"/>
							<SP ID="P2_SP01377" HPOS="2265" VPOS="4605" WIDTH="26"/>
							<String ID="P2_ST01667" HPOS="2291" VPOS="4567" WIDTH="58" HEIGHT="40" CONTENT="for," WC="0.96" CC="0395"/>
							<SP ID="P2_SP01378" HPOS="2349" VPOS="4607" WIDTH="26"/>
							<String ID="P2_ST01668" HPOS="2375" VPOS="4568" WIDTH="26" HEIGHT="32" CONTENT="if" WC="0.86" CC="20"/>
							<SP ID="P2_SP01379" HPOS="2401" VPOS="4607" WIDTH="14"/>
							<String ID="P2_ST01669" HPOS="2415" VPOS="4569" WIDTH="54" HEIGHT="33" CONTENT="the" WC="0.96" CC="073"/>
						</TextLine>
						<TextLine ID="P2_TL00291" HPOS="1721" VPOS="4619" WIDTH="748" HEIGHT="46">
							<String ID="P2_ST01670" HPOS="1721" VPOS="4619" WIDTH="92" HEIGHT="33" CONTENT="bilers" WC="0.32" CC="915796"/>
							<SP ID="P2_SP01380" HPOS="1813" VPOS="4652" WIDTH="17"/>
							<String ID="P2_ST01671" HPOS="1830" VPOS="4619" WIDTH="75" HEIGHT="33" CONTENT="ain't" WC="0.97" CC="72733"/>
							<SP ID="P2_SP01381" HPOS="1905" VPOS="4652" WIDTH="23"/>
							<String ID="P2_ST01672" HPOS="1928" VPOS="4626" WIDTH="32" HEIGHT="28" CONTENT="to" WC="0.16" CC="96"/>
							<SP ID="P2_SP01382" HPOS="1960" VPOS="4654" WIDTH="21"/>
							<String ID="P2_ST01673" HPOS="1981" VPOS="4621" WIDTH="101" HEIGHT="38" CONTENT="burst," WC="0.98" CC="780900"/>
							<SP ID="P2_SP01383" HPOS="2082" VPOS="4659" WIDTH="18"/>
							<String ID="P2_ST01674" HPOS="2100" VPOS="4623" WIDTH="77" HEIGHT="42" CONTENT="they" WC="0.95" CC="7790"/>
							<SP ID="P2_SP01384" HPOS="2177" VPOS="4665" WIDTH="24"/>
							<String ID="P2_ST01675" HPOS="2201" VPOS="4627" WIDTH="132" HEIGHT="30" CONTENT="won't.&#34;" WC="0.97" CC="9792926"/>
							<SP ID="P2_SP01385" HPOS="2333" VPOS="4665" WIDTH="47"/>
							<String ID="P2_ST01676" HPOS="2380" VPOS="4626" WIDTH="89" HEIGHT="33" CONTENT="Here" WC="0.97" CC="7600"/>
						</TextLine>
						<TextLine ID="P2_TL00292" HPOS="1720" VPOS="4675" WIDTH="748" HEIGHT="52">
							<String ID="P2_ST01677" HPOS="1720" VPOS="4677" WIDTH="53" HEIGHT="34" CONTENT="the" WC="0.92" CC="675"/>
							<SP ID="P2_SP01386" HPOS="1773" VPOS="4711" WIDTH="24"/>
							<String ID="P2_ST01678" HPOS="1797" VPOS="4675" WIDTH="102" HEIGHT="37" CONTENT="div'.ne" WC="0.63" CC="0350384"/>
							<SP ID="P2_SP01387" HPOS="1899" VPOS="4712" WIDTH="23"/>
							<String ID="P2_ST01679" HPOS="1922" VPOS="4680" WIDTH="212" HEIGHT="34" CONTENT="commenced" WC="0.98" CC="560807390"/>
							<SP ID="P2_SP01388" HPOS="2134" VPOS="4714" WIDTH="23"/>
							<String ID="P2_ST01680" HPOS="2157" VPOS="4687" WIDTH="31" HEIGHT="28" CONTENT="to" WC="0.23" CC="95"/>
							<SP ID="P2_SP01389" HPOS="2188" VPOS="4715" WIDTH="17"/>
							<String ID="P2_ST01681" HPOS="2205" VPOS="4682" WIDTH="75" HEIGHT="34" CONTENT="look" WC="0.96" CC="1095"/>
							<SP ID="P2_SP01390" HPOS="2280" VPOS="4716" WIDTH="24"/>
							<String ID="P2_ST01682" HPOS="2304" VPOS="4694" WIDTH="78" HEIGHT="33" CONTENT="very" WC="0.99" CC="0500"/>
							<SP ID="P2_SP01391" HPOS="2382" VPOS="4727" WIDTH="22"/>
							<String ID="P2_ST01683" HPOS="2404" VPOS="4684" WIDTH="64" HEIGHT="35" CONTENT="like" WC="0.97" CC="5402"/>
						</TextLine>
						<TextLine ID="P2_TL00293" HPOS="1721" VPOS="4734" WIDTH="749" HEIGHT="50">
							<String ID="P2_ST01684" HPOS="1721" VPOS="4734" WIDTH="138" HEIGHT="40" CONTENT="backing" WC="0.97" CC="7955087"/>
							<SP ID="P2_SP01392" HPOS="1859" VPOS="4774" WIDTH="10"/>
							<String ID="P2_ST01685" HPOS="1869" VPOS="4741" WIDTH="65" HEIGHT="33" CONTENT="out," WC="0.95" CC="7772"/>
							<SP ID="P2_SP01393" HPOS="1934" VPOS="4774" WIDTH="18"/>
							<String ID="P2_ST01686" HPOS="1952" VPOS="4736" WIDTH="106" HEIGHT="33" CONTENT="which" WC="0.96" CC="97407"/>
							<SP ID="P2_SP01394" HPOS="2058" VPOS="4774" WIDTH="17"/>
							<String ID="P2_ST01687" HPOS="2075" VPOS="4738" WIDTH="54" HEIGHT="32" CONTENT="the" WC="0.93" CC="970"/>
							<SP ID="P2_SP01395" HPOS="2129" VPOS="4774" WIDTH="17"/>
							<String ID="P2_ST01688" HPOS="2146" VPOS="4739" WIDTH="131" HEIGHT="42" CONTENT="captain" WC="0.96" CC="7699748"/>
							<SP ID="P2_SP01396" HPOS="2277" VPOS="4781" WIDTH="16"/>
							<String ID="P2_ST01689" HPOS="2293" VPOS="4741" WIDTH="120" HEIGHT="43" CONTENT="seeing," WC="0.98" CC="7611781"/>
							<SP ID="P2_SP01397" HPOS="2413" VPOS="4784" WIDTH="18"/>
							<String ID="P2_ST01690" HPOS="2431" VPOS="4742" WIDTH="39" HEIGHT="32" CONTENT="he" WC="0.36" CC="75"/>
						</TextLine>
						<TextLine ID="P2_TL00294" HPOS="1720" VPOS="4791" WIDTH="750" HEIGHT="49">
							<String ID="P2_ST01691" HPOS="1720" VPOS="4791" WIDTH="166" HEIGHT="36" CONTENT="observed:" WC="0.99" CC="070074904"/>
							<SP ID="P2_SP01398" HPOS="1886" VPOS="4827" WIDTH="26"/>
							<String ID="P2_ST01692" HPOS="1912" VPOS="4797" WIDTH="18" HEIGHT="15" CONTENT='"' WC="0.29" CC="7"/>
							<SP ID="P2_SP01399" HPOS="1930" VPOS="4827" WIDTH="17"/>
							<String ID="P2_ST01693" HPOS="1947" VPOS="4794" WIDTH="16" HEIGHT="33" CONTENT="I" WC="0.59" CC="4"/>
							<SP ID="P2_SP01400" HPOS="1963" VPOS="4827" WIDTH="31"/>
							<String ID="P2_ST01694" HPOS="1994" VPOS="4795" WIDTH="141" HEIGHT="44" CONTENT="thought" WC="0.97" CC="0705779"/>
							<SP ID="P2_SP01401" HPOS="2135" VPOS="4839" WIDTH="29"/>
							<String ID="P2_ST01695" HPOS="2164" VPOS="4809" WIDTH="65" HEIGHT="31" CONTENT="you" WC="0.91" CC="968"/>
							<SP ID="P2_SP01402" HPOS="2229" VPOS="4840" WIDTH="32"/>
							<String ID="P2_ST01696" HPOS="2261" VPOS="4797" WIDTH="145" HEIGHT="36" CONTENT="believed" WC="0.98" CC="76705990"/>
							<SP ID="P2_SP01403" HPOS="2406" VPOS="4840" WIDTH="30"/>
							<String ID="P2_ST01697" HPOS="2436" VPOS="4800" WIDTH="34" HEIGHT="34" CONTENT="in" WC="0.49" CC="27"/>
						</TextLine>
						<TextLine ID="P2_TL00295" HPOS="1722" VPOS="4849" WIDTH="747" HEIGHT="42">
							<String ID="P2_ST01698" HPOS="1722" VPOS="4849" WIDTH="256" HEIGHT="42" CONTENT="predestination," WC="0.99" CC="007710077790593"/>
							<SP ID="P2_SP01404" HPOS="1978" VPOS="4891" WIDTH="19"/>
							<String ID="P2_ST01699" HPOS="1997" VPOS="4854" WIDTH="63" HEIGHT="31" CONTENT="and" WC="0.94" CC="069"/>
							<SP ID="P2_SP01405" HPOS="2060" VPOS="4891" WIDTH="19"/>
							<String ID="P2_ST01700" HPOS="2079" VPOS="4854" WIDTH="70" HEIGHT="32" CONTENT="that" WC="0.97" CC="6700"/>
							<SP ID="P2_SP01406" HPOS="2149" VPOS="4891" WIDTH="17"/>
							<String ID="P2_ST01701" HPOS="2166" VPOS="4856" WIDTH="89" HEIGHT="32" CONTENT="what" WC="0.96" CC="0709"/>
							<SP ID="P2_SP01407" HPOS="2255" VPOS="4891" WIDTH="12"/>
							<String ID="P2_ST01702" HPOS="2267" VPOS="4858" WIDTH="26" HEIGHT="30" CONTENT="is" WC="0.36" CC="39"/>
							<SP ID="P2_SP01408" HPOS="2293" VPOS="4891" WIDTH="18"/>
							<String ID="P2_ST01703" HPOS="2311" VPOS="4862" WIDTH="31" HEIGHT="27" CONTENT="to" WC="0.21" CC="86"/>
							<SP ID="P2_SP01409" HPOS="2342" VPOS="4891" WIDTH="15"/>
							<String ID="P2_ST01704" HPOS="2357" VPOS="4857" WIDTH="37" HEIGHT="33" CONTENT="be" WC="0.47" CC="73"/>
							<SP ID="P2_SP01410" HPOS="2394" VPOS="4891" WIDTH="12"/>
							<String ID="P2_ST01705" HPOS="2406" VPOS="4859" WIDTH="63" HEIGHT="32" CONTENT="will" WC="0.97" CC="0362"/>
						</TextLine>
						<TextLine ID="P2_TL00296" HPOS="1723" VPOS="4906" WIDTH="748" HEIGHT="51">
							<String ID="P2_ST01706" HPOS="1723" VPOS="4906" WIDTH="87" HEIGHT="33" CONTENT='be?"' WC="0.94" CC="7974"/>
							<SP ID="P2_SP01411" HPOS="1810" VPOS="4939" WIDTH="61"/>
							<String ID="P2_ST01707" HPOS="1871" VPOS="4910" WIDTH="67" HEIGHT="32" CONTENT='"So' WC="0.91" CC="678"/>
							<SP ID="P2_SP01412" HPOS="1938" VPOS="4942" WIDTH="31"/>
							<String ID="P2_ST01708" HPOS="1969" VPOS="4910" WIDTH="16" HEIGHT="31" CONTENT="I" WC="0.61" CC="3"/>
							<SP ID="P2_SP01413" HPOS="1985" VPOS="4942" WIDTH="31"/>
							<String ID="P2_ST01709" HPOS="2016" VPOS="4910" WIDTH="61" HEIGHT="40" CONTENT="do;" WC="0.97" CC="070"/>
							<SP ID="P2_SP01414" HPOS="2077" VPOS="4950" WIDTH="30"/>
							<String ID="P2_ST01710" HPOS="2107" VPOS="4912" WIDTH="56" HEIGHT="33" CONTENT="but" WC="0.95" CC="750"/>
							<SP ID="P2_SP01415" HPOS="2163" VPOS="4950" WIDTH="32"/>
							<String ID="P2_ST01711" HPOS="2195" VPOS="4913" WIDTH="16" HEIGHT="32" CONTENT="I" WC="0.90" CC="0"/>
							<SP ID="P2_SP01416" HPOS="2211" VPOS="4950" WIDTH="31"/>
							<String ID="P2_ST01712" HPOS="2242" VPOS="4915" WIDTH="104" HEIGHT="42" CONTENT="prefer" WC="0.99" CC="004900"/>
							<SP ID="P2_SP01417" HPOS="2346" VPOS="4957" WIDTH="29"/>
							<String ID="P2_ST01713" HPOS="2375" VPOS="4915" WIDTH="96" HEIGHT="42" CONTENT="being" WC="0.96" CC="76089"/>
						</TextLine>
						<TextLine ID="P2_TL00297" HPOS="1722" VPOS="4963" WIDTH="750" HEIGHT="43">
							<String ID="P2_ST01714" HPOS="1722" VPOS="4974" WIDTH="18" HEIGHT="21" CONTENT="a" WC="1.00" CC="0"/>
							<SP ID="P2_SP01418" HPOS="1740" VPOS="4995" WIDTH="24"/>
							<String ID="P2_ST01715" HPOS="1764" VPOS="4963" WIDTH="82" HEIGHT="32" CONTENT="little" WC="0.98" CC="440474"/>
							<SP ID="P2_SP01419" HPOS="1846" VPOS="4995" WIDTH="27"/>
							<String ID="P2_ST01716" HPOS="1873" VPOS="4974" WIDTH="104" HEIGHT="26" CONTENT="ntarer" WC="0.52" CC="574037"/>
							<SP ID="P2_SP01420" HPOS="1977" VPOS="5000" WIDTH="24"/>
							<String ID="P2_ST01717" HPOS="2001" VPOS="4967" WIDTH="54" HEIGHT="33" CONTENT="the" WC="0.92" CC="776"/>
							<SP ID="P2_SP01421" HPOS="2055" VPOS="5000" WIDTH="32"/>
							<String ID="P2_ST01718" HPOS="2087" VPOS="4974" WIDTH="88" HEIGHT="28" CONTENT="stern" WC="0.97" CC="09707"/>
							<SP ID="P2_SP01422" HPOS="2175" VPOS="5002" WIDTH="29"/>
							<String ID="P2_ST01719" HPOS="2204" VPOS="4971" WIDTH="98" HEIGHT="33" CONTENT="when" WC="0.98" CC="0704"/>
							<SP ID="P2_SP01423" HPOS="2302" VPOS="5004" WIDTH="28"/>
							<String ID="P2_ST01720" HPOS="2330" VPOS="4972" WIDTH="27" HEIGHT="34" CONTENT="it" WC="1.00" CC="00"/>
							<SP ID="P2_SP01424" HPOS="2357" VPOS="5006" WIDTH="23"/>
							<String ID="P2_ST01721" HPOS="2380" VPOS="4972" WIDTH="92" HEIGHT="34" CONTENT="takes" WC="0.95" CC="69568"/>
						</TextLine>
						<TextLine ID="P2_TL00298" HPOS="1723" VPOS="5021" WIDTH="123" HEIGHT="43">
							<String ID="P2_ST01722" HPOS="1723" VPOS="5021" WIDTH="123" HEIGHT="43" CONTENT='place."' WC="0.99" CC="0202326"/>
						</TextLine>
						<TextLine ID="P2_TL00299" HPOS="1765" VPOS="5130" WIDTH="707" HEIGHT="50">
							<String ID="P2_ST01723" HPOS="1765" VPOS="5130" WIDTH="128" HEIGHT="43" CONTENT="During" WC="0.97" CC="979090"/>
							<SP ID="P2_SP01425" HPOS="1893" VPOS="5173" WIDTH="29"/>
							<String ID="P2_ST01724" HPOS="1922" VPOS="5133" WIDTH="70" HEIGHT="32" CONTENT="884" WC="0.13" CC="987"/>
							<SP ID="P2_SP01426" HPOS="1992" VPOS="5173" WIDTH="31"/>
							<String ID="P2_ST01725" HPOS="2023" VPOS="5133" WIDTH="55" HEIGHT="32" CONTENT="the" WC="0.95" CC="075"/>
							<SP ID="P2_SP01427" HPOS="2078" VPOS="5173" WIDTH="30"/>
							<String ID="P2_ST01726" HPOS="2108" VPOS="5134" WIDTH="225" HEIGHT="42" CONTENT="immigration" WC="0.98" CC="39639003468"/>
							<SP ID="P2_SP01428" HPOS="2333" VPOS="5176" WIDTH="31"/>
							<String ID="P2_ST01727" HPOS="2364" VPOS="5145" WIDTH="108" HEIGHT="35" CONTENT="report" WC="0.99" CC="060000"/>
						</TextLine>
						<TextLine ID="P2_TL00300" HPOS="1724" VPOS="5187" WIDTH="748" HEIGHT="46">
							<String ID="P2_ST01728" HPOS="1724" VPOS="5187" WIDTH="107" HEIGHT="34" CONTENT="shows" WC="0.97" CC="87504"/>
							<SP ID="P2_SP01429" HPOS="1831" VPOS="5221" WIDTH="22"/>
							<String ID="P2_ST01729" HPOS="1853" VPOS="5187" WIDTH="73" HEIGHT="33" CONTENT="that" WC="0.97" CC="9700"/>
							<SP ID="P2_SP01430" HPOS="1926" VPOS="5221" WIDTH="16"/>
							<String ID="P2_ST01730" HPOS="1942" VPOS="5188" WIDTH="10" HEIGHT="16" CONTENT="e" STYLE="superscript" WC="0.24" CC="7"/>
							<String ID="P2_ST01731" HPOS="1953" VPOS="5200" WIDTH="57" HEIGHT="23" CONTENT="our" WC="0.65" CC="450"/>
							<SP ID="P2_SP01431" HPOS="2010" VPOS="5223" WIDTH="22"/>
							<String ID="P2_ST01732" HPOS="2032" VPOS="5188" WIDTH="89" HEIGHT="45" CONTENT="ships" WC="0.97" CC="07390"/>
							<SP ID="P2_SP01432" HPOS="2121" VPOS="5233" WIDTH="27"/>
							<String ID="P2_ST01733" HPOS="2148" VPOS="5191" WIDTH="65" HEIGHT="33" CONTENT="and" WC="0.95" CC="680"/>
							<SP ID="P2_SP01433" HPOS="2213" VPOS="5233" WIDTH="24"/>
							<String ID="P2_ST01734" HPOS="2237" VPOS="5196" WIDTH="53" HEIGHT="29" CONTENT="ten" WC="0.93" CC="638"/>
							<SP ID="P2_SP01434" HPOS="2290" VPOS="5233" WIDTH="25"/>
							<String ID="P2_ST01735" HPOS="2315" VPOS="5195" WIDTH="157" HEIGHT="33" CONTENT="steamers" WC="0.98" CC="67690000"/>
						</TextLine>
						<TextLine ID="P2_TL00301" HPOS="1725" VPOS="5244" WIDTH="744" HEIGHT="47">
							<String ID="P2_ST01736" HPOS="1725" VPOS="5244" WIDTH="126" HEIGHT="35" CONTENT="arrived" WC="0.98" CC="0773200"/>
							<SP ID="P2_SP01435" HPOS="1851" VPOS="5279" WIDTH="16"/>
							<String ID="P2_ST01737" HPOS="1867" VPOS="5244" WIDTH="33" HEIGHT="33" CONTENT="in" WC="0.63" CC="07"/>
							<SP ID="P2_SP01436" HPOS="1900" VPOS="5279" WIDTH="19"/>
							<String ID="P2_ST01738" HPOS="1919" VPOS="5244" WIDTH="131" HEIGHT="45" CONTENT="Sidney," WC="0.98" CC="9800490"/>
							<SP ID="P2_SP01437" HPOS="2050" VPOS="5289" WIDTH="18"/>
							<String ID="P2_ST01739" HPOS="2068" VPOS="5248" WIDTH="183" HEIGHT="43" CONTENT="conveying" WC="0.98" CC="296009179"/>
							<SP ID="P2_SP01438" HPOS="2251" VPOS="5291" WIDTH="17"/>
							<String ID="P2_ST01740" HPOS="2268" VPOS="5251" WIDTH="80" HEIGHT="32" CONTENT="7508" WC="0.41" CC="2775"/>
							<SP ID="P2_SP01439" HPOS="2348" VPOS="5291" WIDTH="16"/>
							<String ID="P2_ST01741" HPOS="2364" VPOS="5253" WIDTH="84" HEIGHT="31" CONTENT="immi" SUBS_TYPE="HypPart1" SUBS_CONTENT="immigrants." WC="0.99" CC="3000"/>
							<HYP HPOS="2448" VPOS="5253" WIDTH="21" CONTENT="-"/>
						</TextLine>
						<TextLine ID="P2_TL00302" HPOS="1725" VPOS="5301" WIDTH="121" HEIGHT="34">
							<String ID="P2_ST01742" HPOS="1725" VPOS="5301" WIDTH="121" HEIGHT="34" CONTENT="grants." SUBS_TYPE="HypPart2" SUBS_CONTENT="immigrants." WC="0.97" CC="9797913"/>
						</TextLine>
						<TextLine ID="P2_TL00303" HPOS="1767" VPOS="5337" WIDTH="705" HEIGHT="42">
							<String ID="P2_ST01743" HPOS="1767" VPOS="5339" WIDTH="68" HEIGHT="32" CONTENT="The" WC="0.92" CC="975"/>
							<SP ID="P2_SP01440" HPOS="1835" VPOS="5371" WIDTH="18"/>
							<String ID="P2_ST01744" HPOS="1853" VPOS="5337" WIDTH="80" HEIGHT="35" CONTENT="total" WC="0.97" CC="00995"/>
							<SP ID="P2_SP01441" HPOS="1933" VPOS="5372" WIDTH="17"/>
							<String ID="P2_ST01745" HPOS="1950" VPOS="5339" WIDTH="133" HEIGHT="35" CONTENT="enrolled" WC="0.98" CC="08975420"/>
							<SP ID="P2_SP01442" HPOS="2083" VPOS="5374" WIDTH="18"/>
							<String ID="P2_ST01746" HPOS="2101" VPOS="5341" WIDTH="193" HEIGHT="35" CONTENT="Volunteers" WC="0.98" CC="7637852700"/>
							<SP ID="P2_SP01443" HPOS="2294" VPOS="5376" WIDTH="20"/>
							<String ID="P2_ST01747" HPOS="2314" VPOS="5344" WIDTH="34" HEIGHT="33" CONTENT="in" WC="0.54" CC="17"/>
							<SP ID="P2_SP01444" HPOS="2348" VPOS="5377" WIDTH="25"/>
							<String ID="P2_ST01748" HPOS="2373" VPOS="5345" WIDTH="99" HEIGHT="34" CONTENT="Great" WC="0.96" CC="59590"/>
						</TextLine>
						<TextLine ID="P2_TL00304" HPOS="1728" VPOS="5385" WIDTH="744" HEIGHT="47">
							<String ID="P2_ST01749" HPOS="1728" VPOS="5387" WIDTH="124" HEIGHT="32" CONTENT="Britain" WC="0.97" CC="7008938"/>
							<SP ID="P2_SP01445" HPOS="1852" VPOS="5419" WIDTH="31"/>
							<String ID="P2_ST01750" HPOS="1883" VPOS="5390" WIDTH="32" HEIGHT="28" CONTENT="at" WC="1.00" CC="99"/>
							<SP ID="P2_SP01446" HPOS="1915" VPOS="5419" WIDTH="30"/>
							<String ID="P2_ST01751" HPOS="1945" VPOS="5385" WIDTH="45" HEIGHT="35" CONTENT="the" WC="0.94" CC="088"/>
							<SP ID="P2_SP01447" HPOS="1990" VPOS="5420" WIDTH="30"/>
							<String ID="P2_ST01752" HPOS="2020" VPOS="5392" WIDTH="130" HEIGHT="38" CONTENT="present" WC="0.97" CC="9029980"/>
							<SP ID="P2_SP01448" HPOS="2150" VPOS="5430" WIDTH="31"/>
							<String ID="P2_ST01753" HPOS="2181" VPOS="5390" WIDTH="78" HEIGHT="32" CONTENT="time" WC="0.98" CC="0007"/>
							<SP ID="P2_SP01449" HPOS="2259" VPOS="5430" WIDTH="27"/>
							<String ID="P2_ST01754" HPOS="2286" VPOS="5390" WIDTH="26" HEIGHT="33" CONTENT="is" WC="0.29" CC="49"/>
							<SP ID="P2_SP01450" HPOS="2312" VPOS="5430" WIDTH="25"/>
							<String ID="P2_ST01755" HPOS="2337" VPOS="5393" WIDTH="135" HEIGHT="39" CONTENT="215,000" WC="0.45" CC="9090647"/>
						</TextLine>
						<TextLine ID="P2_TL00305" HPOS="1726" VPOS="5432" WIDTH="702" HEIGHT="46">
							<String ID="P2_ST01756" HPOS="1726" VPOS="5444" WIDTH="87" HEIGHT="26" CONTENT="men," WC="0.96" CC="3682"/>
							<SP ID="P2_SP01451" HPOS="1813" VPOS="5470" WIDTH="18"/>
							<String ID="P2_ST01757" HPOS="1831" VPOS="5432" WIDTH="53" HEIGHT="32" CONTENT="the" WC="0.92" CC="975"/>
							<SP ID="P2_SP01452" HPOS="1884" VPOS="5470" WIDTH="17"/>
							<String ID="P2_ST01758" HPOS="1901" VPOS="5439" WIDTH="129" HEIGHT="33" CONTENT="greatest" WC="0.98" CC="49394409"/>
							<SP ID="P2_SP01453" HPOS="2030" VPOS="5472" WIDTH="16"/>
							<String ID="P2_ST01759" HPOS="2046" VPOS="5435" WIDTH="139" HEIGHT="32" CONTENT="number" WC="0.97" CC="880720"/>
							<SP ID="P2_SP01454" HPOS="2185" VPOS="5472" WIDTH="16"/>
							<String ID="P2_ST01760" HPOS="2201" VPOS="5442" WIDTH="55" HEIGHT="36" CONTENT="yet" WC="0.90" CC="969"/>
							<SP ID="P2_SP01455" HPOS="2256" VPOS="5478" WIDTH="16"/>
							<String ID="P2_ST01761" HPOS="2272" VPOS="5439" WIDTH="156" HEIGHT="31" CONTENT="attained." WC="0.98" CC="091938302"/>
						</TextLine>
						<TextLine ID="P2_TL00306" HPOS="1767" VPOS="5477" WIDTH="705" HEIGHT="46">
							<String ID="P2_ST01762" HPOS="1767" VPOS="5478" WIDTH="68" HEIGHT="33" CONTENT="The" WC="0.92" CC="676"/>
							<SP ID="P2_SP01456" HPOS="1835" VPOS="5511" WIDTH="26"/>
							<String ID="P2_ST01763" HPOS="1861" VPOS="5477" WIDTH="127" HEIGHT="44" CONTENT="deepest" WC="0.97" CC="9509690"/>
							<SP ID="P2_SP01457" HPOS="1988" VPOS="5521" WIDTH="12"/>
							<String ID="P2_ST01764" HPOS="2000" VPOS="5486" WIDTH="73" HEIGHT="37" CONTENT="part" WC="0.96" CC="0809"/>
							<SP ID="P2_SP01458" HPOS="2073" VPOS="5523" WIDTH="25"/>
							<String ID="P2_ST01765" HPOS="2098" VPOS="5482" WIDTH="35" HEIGHT="32" CONTENT="of" WC="0.38" CC="48"/>
							<SP ID="P2_SP01459" HPOS="2133" VPOS="5523" WIDTH="26"/>
							<String ID="P2_ST01766" HPOS="2159" VPOS="5482" WIDTH="54" HEIGHT="33" CONTENT="the" WC="0.94" CC="770"/>
							<SP ID="P2_SP01460" HPOS="2213" VPOS="5523" WIDTH="32"/>
							<String ID="P2_ST01767" HPOS="2245" VPOS="5482" WIDTH="144" HEIGHT="36" CONTENT="Atlantic" WC="0.98" CC="90421775"/>
							<SP ID="P2_SP01461" HPOS="2389" VPOS="5523" WIDTH="25"/>
							<String ID="P2_ST01768" HPOS="2414" VPOS="5484" WIDTH="58" HEIGHT="34" CONTENT="has" WC="0.94" CC="680"/>
						</TextLine>
						<TextLine ID="P2_TL00307" HPOS="1727" VPOS="5524" WIDTH="743" HEIGHT="45">
							<String ID="P2_ST01769" HPOS="1727" VPOS="5536" WIDTH="77" HEIGHT="30" CONTENT="very" WC="0.96" CC="6508"/>
							<SP ID="P2_SP01462" HPOS="1804" VPOS="5566" WIDTH="16"/>
							<String ID="P2_ST01770" HPOS="1820" VPOS="5525" WIDTH="145" HEIGHT="41" CONTENT="recently" WC="0.98" CC="06588089"/>
							<SP ID="P2_SP01463" HPOS="1965" VPOS="5566" WIDTH="16"/>
							<String ID="P2_ST01771" HPOS="1981" VPOS="5524" WIDTH="69" HEIGHT="35" CONTENT="leen" WC="0.45" CC="4367"/>
							<SP ID="P2_SP01464" HPOS="2050" VPOS="5566" WIDTH="18"/>
							<String ID="P2_ST01772" HPOS="2068" VPOS="5529" WIDTH="120" HEIGHT="40" CONTENT="proved" WC="0.98" CC="096010"/>
							<SP ID="P2_SP01465" HPOS="2188" VPOS="5569" WIDTH="14"/>
							<String ID="P2_ST01773" HPOS="2202" VPOS="5534" WIDTH="32" HEIGHT="27" CONTENT="to" WC="0.30" CC="76"/>
							<SP ID="P2_SP01466" HPOS="2234" VPOS="5569" WIDTH="15"/>
							<String ID="P2_ST01774" HPOS="2249" VPOS="5529" WIDTH="36" HEIGHT="32" CONTENT="be" WC="0.44" CC="73"/>
							<SP ID="P2_SP01467" HPOS="2285" VPOS="5569" WIDTH="15"/>
							<String ID="P2_ST01775" HPOS="2300" VPOS="5529" WIDTH="99" HEIGHT="34" CONTENT="about" WC="0.96" CC="07669"/>
							<SP ID="P2_SP01468" HPOS="2399" VPOS="5569" WIDTH="9"/>
							<String ID="P2_ST01776" HPOS="2408" VPOS="5530" WIDTH="62" HEIGHT="34" CONTENT="five" WC="0.97" CC="8600"/>
						</TextLine>
						<TextLine ID="P2_TL00308" HPOS="1727" VPOS="5569" WIDTH="289" HEIGHT="38">
							<String ID="P2_ST01777" HPOS="1727" VPOS="5572" WIDTH="94" HEIGHT="32" CONTENT="miles" WC="0.95" CC="92697"/>
							<SP ID="P2_SP01469" HPOS="1821" VPOS="5604" WIDTH="17"/>
							<String ID="P2_ST01778" HPOS="1838" VPOS="5570" WIDTH="63" HEIGHT="33" CONTENT="and" WC="0.90" CC="988"/>
							<SP ID="P2_SP01470" HPOS="1901" VPOS="5604" WIDTH="17"/>
							<String ID="P2_ST01779" HPOS="1918" VPOS="5569" WIDTH="98" HEIGHT="38" CONTENT="a-haf." WC="0.60" CC="019704"/>
						</TextLine>
						<TextLine ID="P2_TL00309" HPOS="1768" VPOS="5677" WIDTH="702" HEIGHT="41">
							<String ID="P2_ST01780" HPOS="1768" VPOS="5677" WIDTH="198" HEIGHT="34" CONTENT="TOWLE'S" WC="0.28" CC="9794746"/>
							<SP ID="P2_SP01471" HPOS="1966" VPOS="5711" WIDTH="17"/>
							<String ID="P2_ST01781" HPOS="1983" VPOS="5677" WIDTH="291" HEIGHT="38" CONTENT="lENNYKOYAL" WC="0.51" CC="8718671700"/>
							<SP ID="P2_SP01472" HPOS="2274" VPOS="5715" WIDTH="13"/>
							<String ID="P2_ST01782" HPOS="2287" VPOS="5684" WIDTH="23" HEIGHT="31" CONTENT="&amp;" WC="0.60" CC="3"/>
							<SP ID="P2_SP01473" HPOS="2310" VPOS="5715" WIDTH="14"/>
							<String ID="P2_ST01783" HPOS="2324" VPOS="5684" WIDTH="146" HEIGHT="34" CONTENT="STEEL" WC="0.98" CC="50344"/>
						</TextLine>
						<TextLine ID="P2_TL00310" HPOS="1727" VPOS="5724" WIDTH="743" HEIGHT="48">
							<String ID="P2_ST01784" HPOS="1727" VPOS="5724" WIDTH="129" HEIGHT="33" CONTENT="PILLS" WC="0.96" CC="80767"/>
							<SP ID="P2_SP01474" HPOS="1856" VPOS="5757" WIDTH="18"/>
							<String ID="P2_ST01785" HPOS="1874" VPOS="5724" WIDTH="86" HEIGHT="33" CONTENT="FOR" WC="0.95" CC="707"/>
							<SP ID="P2_SP01475" HPOS="1960" VPOS="5757" WIDTH="16"/>
							<String ID="P2_ST01786" HPOS="1976" VPOS="5724" WIDTH="200" HEIGHT="37" CONTENT="FEMALES" WC="0.97" CC="7860483"/>
							<SP ID="P2_SP01476" HPOS="2176" VPOS="5761" WIDTH="20"/>
							<String ID="P2_ST01787" HPOS="2196" VPOS="5729" WIDTH="132" HEIGHT="43" CONTENT="quickly" WC="0.97" CC="9777750"/>
							<SP ID="P2_SP01477" HPOS="2328" VPOS="5772" WIDTH="22"/>
							<String ID="P2_ST01788" HPOS="2350" VPOS="5740" WIDTH="120" HEIGHT="26" CONTENT="correct" WC="0.98" CC="6790750"/>
						</TextLine>
						<TextLine ID="P2_TL00311" HPOS="1727" VPOS="5770" WIDTH="743" HEIGHT="42">
							<String ID="P2_ST01789" HPOS="1727" VPOS="5771" WIDTH="42" HEIGHT="30" CONTENT="all" WC="0.96" CC="074"/>
							<SP ID="P2_SP01478" HPOS="1769" VPOS="5801" WIDTH="18"/>
							<String ID="P2_ST01790" HPOS="1787" VPOS="5770" WIDTH="225" HEIGHT="42" CONTENT="irregularities" WC="0.99" CC="00049540008007"/>
							<SP ID="P2_SP01479" HPOS="2012" VPOS="5812" WIDTH="19"/>
							<String ID="P2_ST01791" HPOS="2031" VPOS="5773" WIDTH="65" HEIGHT="33" CONTENT="and" WC="0.97" CC="070"/>
							<SP ID="P2_SP01480" HPOS="2096" VPOS="5812" WIDTH="16"/>
							<String ID="P2_ST01792" HPOS="2112" VPOS="5773" WIDTH="117" HEIGHT="34" CONTENT="relieve" WC="0.98" CC="0542506"/>
							<SP ID="P2_SP01481" HPOS="2229" VPOS="5812" WIDTH="24"/>
							<String ID="P2_ST01793" HPOS="2253" VPOS="5776" WIDTH="55" HEIGHT="32" CONTENT="the" WC="0.91" CC="976"/>
							<SP ID="P2_SP01482" HPOS="2308" VPOS="5812" WIDTH="16"/>
							<String ID="P2_ST01794" HPOS="2324" VPOS="5776" WIDTH="130" HEIGHT="34" CONTENT="distress" SUBS_TYPE="HypPart1" SUBS_CONTENT="distressing" WC="0.98" CC="00390497"/>
							<HYP HPOS="2454" VPOS="5776" WIDTH="16" CONTENT="-"/>
						</TextLine>
						<TextLine ID="P2_TL00312" HPOS="1726" VPOS="5816" WIDTH="744" HEIGHT="46">
							<String ID="P2_ST01795" HPOS="1726" VPOS="5816" WIDTH="56" HEIGHT="40" CONTENT="ing" SUBS_TYPE="HypPart2" SUBS_CONTENT="distressing" WC="0.97" CC="070"/>
							<SP ID="P2_SP01483" HPOS="1782" VPOS="5856" WIDTH="15"/>
							<String ID="P2_ST01796" HPOS="1797" VPOS="5822" WIDTH="183" HEIGHT="36" CONTENT="symptoms" WC="0.97" CC="99793706"/>
							<SP ID="P2_SP01484" HPOS="1980" VPOS="5858" WIDTH="17"/>
							<String ID="P2_ST01797" HPOS="1997" VPOS="5827" WIDTH="21" HEIGHT="22" CONTENT="s." WC="0.61" CC="07"/>
							<SP ID="P2_SP01485" HPOS="2018" VPOS="5858" WIDTH="17"/>
							<String ID="P2_ST01798" HPOS="2035" VPOS="5820" WIDTH="169" HEIGHT="42" CONTENT="prevalent" WC="0.99" CC="005003060"/>
							<SP ID="P2_SP01486" HPOS="2204" VPOS="5862" WIDTH="19"/>
							<String ID="P2_ST01799" HPOS="2223" VPOS="5821" WIDTH="77" HEIGHT="33" CONTENT="with" WC="0.97" CC="9007"/>
							<SP ID="P2_SP01487" HPOS="2300" VPOS="5862" WIDTH="26"/>
							<String ID="P2_ST01800" HPOS="2326" VPOS="5822" WIDTH="55" HEIGHT="34" CONTENT="the" WC="0.95" CC="074"/>
							<SP ID="P2_SP01488" HPOS="2381" VPOS="5862" WIDTH="24"/>
							<String ID="P2_ST01801" HPOS="2405" VPOS="5834" WIDTH="65" HEIGHT="23" CONTENT="sex." WC="0.96" CC="3933"/>
						</TextLine>
						<TextLine ID="P2_TL00313" HPOS="1726" VPOS="5862" WIDTH="744" HEIGHT="47">
							<String ID="P2_ST01802" HPOS="1726" VPOS="5862" WIDTH="106" HEIGHT="31" CONTENT="Boxes" WC="0.96" CC="07838"/>
							<SP ID="P2_SP01489" HPOS="1832" VPOS="5893" WIDTH="17"/>
							<String ID="P2_ST01803" HPOS="1849" VPOS="5864" WIDTH="33" HEIGHT="30" CONTENT="Is" WC="0.47" CC="09"/>
							<SP ID="P2_SP01490" HPOS="1882" VPOS="5894" WIDTH="18"/>
							<String ID="P2_ST01804" HPOS="1900" VPOS="5863" WIDTH="61" HEIGHT="33" CONTENT="Hd" WC="0.56" CC="80"/>
							<SP ID="P2_SP01491" HPOS="1961" VPOS="5896" WIDTH="15"/>
							<String ID="P2_ST01805" HPOS="1976" VPOS="5865" WIDTH="52" HEIGHT="32" CONTENT="anl" WC="0.53" CC="940"/>
							<SP ID="P2_SP01492" HPOS="2028" VPOS="5897" WIDTH="16"/>
							<String ID="P2_ST01806" HPOS="2044" VPOS="5867" WIDTH="35" HEIGHT="30" CONTENT="2s" WC="0.51" CC="90"/>
							<SP ID="P2_SP01493" HPOS="2079" VPOS="5897" WIDTH="16"/>
							<String ID="P2_ST01807" HPOS="2095" VPOS="5865" WIDTH="64" HEIGHT="40" CONTENT="9d.," WC="0.70" CC="3233"/>
							<SP ID="P2_SP01494" HPOS="2159" VPOS="5905" WIDTH="24"/>
							<String ID="P2_ST01808" HPOS="2183" VPOS="5867" WIDTH="35" HEIGHT="33" CONTENT="of" WC="0.81" CC="30"/>
							<SP ID="P2_SP01495" HPOS="2218" VPOS="5905" WIDTH="17"/>
							<String ID="P2_ST01809" HPOS="2235" VPOS="5867" WIDTH="45" HEIGHT="33" CONTENT="all" WC="0.97" CC="035"/>
							<SP ID="P2_SP01496" HPOS="2280" VPOS="5905" WIDTH="17"/>
							<String ID="P2_ST01810" HPOS="2297" VPOS="5868" WIDTH="173" HEIGHT="41" CONTENT="Chemists," WC="0.99" CC="575000000"/>
						</TextLine>
						<TextLine ID="P2_TL00314" HPOS="1727" VPOS="5907" WIDTH="743" HEIGHT="46">
							<String ID="P2_ST01811" HPOS="1727" VPOS="5908" WIDTH="161" HEIGHT="43" CONTENT="Prepared" WC="0.97" CC="70309979"/>
							<SP ID="P2_SP01497" HPOS="1888" VPOS="5951" WIDTH="16"/>
							<String ID="P2_ST01812" HPOS="1904" VPOS="5909" WIDTH="77" HEIGHT="42" CONTENT="only" WC="0.97" CC="1740"/>
							<SP ID="P2_SP01498" HPOS="1981" VPOS="5951" WIDTH="17"/>
							<String ID="P2_ST01813" HPOS="1998" VPOS="5907" WIDTH="30" HEIGHT="46" CONTENT="b;" WC="0.19" CC="78"/>
							<SP ID="P2_SP01499" HPOS="2028" VPOS="5953" WIDTH="23"/>
							<String ID="P2_ST01814" HPOS="2051" VPOS="5912" WIDTH="39" HEIGHT="31" CONTENT="E." WC="0.88" CC="02"/>
							<SP ID="P2_SP01500" HPOS="2090" VPOS="5953" WIDTH="18"/>
							<String ID="P2_ST01815" HPOS="2108" VPOS="5912" WIDTH="36" HEIGHT="33" CONTENT="T." WC="0.93" CC="01"/>
							<SP ID="P2_SP01501" HPOS="2144" VPOS="5953" WIDTH="21"/>
							<String ID="P2_ST01816" HPOS="2165" VPOS="5912" WIDTH="120" HEIGHT="41" CONTENT="Towle," WC="0.79" CC="030232"/>
							<SP ID="P2_SP01502" HPOS="2285" VPOS="5953" WIDTH="25"/>
							<String ID="P2_ST01817" HPOS="2310" VPOS="5915" WIDTH="160" HEIGHT="35" CONTENT="Chemistl" WC="0.63" CC="87004090"/>
						</TextLine>
						<TextLine ID="P2_TL00315" HPOS="1727" VPOS="5955" WIDTH="743" HEIGHT="44">
							<String ID="P2_ST01818" HPOS="1727" VPOS="5955" WIDTH="230" HEIGHT="42" CONTENT="Nottingham," WC="0.98" CC="75976709000"/>
							<SP ID="P2_SP01503" HPOS="1957" VPOS="5997" WIDTH="24"/>
							<String ID="P2_ST01819" HPOS="1981" VPOS="5956" WIDTH="152" HEIGHT="43" CONTENT="Eigland." WC="0.73" CC="05140703"/>
							<SP ID="P2_SP01504" HPOS="2133" VPOS="5999" WIDTH="47"/>
							<String ID="P2_ST01820" HPOS="2180" VPOS="5959" WIDTH="184" HEIGHT="35" CONTENT="Wholesale" WC="0.99" CC="970504030"/>
							<SP ID="P2_SP01505" HPOS="2364" VPOS="5999" WIDTH="17"/>
							<String ID="P2_ST01821" HPOS="2381" VPOS="5962" WIDTH="34" HEIGHT="34" CONTENT="of" WC="0.70" CC="50"/>
							<SP ID="P2_SP01506" HPOS="2415" VPOS="5999" WIDTH="14"/>
							<String ID="P2_ST01822" HPOS="2429" VPOS="5964" WIDTH="41" HEIGHT="32" CONTENT="all" WC="0.93" CC="953"/>
						</TextLine>
						<TextLine ID="P2_TL00316" HPOS="1726" VPOS="6000" WIDTH="741" HEIGHT="43">
							<String ID="P2_ST01823" HPOS="1726" VPOS="6000" WIDTH="55" HEIGHT="32" CONTENT="the" WC="0.95" CC="075"/>
							<SP ID="P2_SP01507" HPOS="1781" VPOS="6032" WIDTH="25"/>
							<String ID="P2_ST01824" HPOS="1806" VPOS="6001" WIDTH="183" HEIGHT="35" CONTENT="Wholesale" WC="0.99" CC="873600006"/>
							<SP ID="P2_SP01508" HPOS="1989" VPOS="6036" WIDTH="24"/>
							<String ID="P2_ST01825" HPOS="2013" VPOS="6002" WIDTH="127" HEIGHT="36" CONTENT="louses." WC="0.97" CC="9640494"/>
							<SP ID="P2_SP01509" HPOS="2140" VPOS="6038" WIDTH="45"/>
							<String ID="P2_ST01826" HPOS="2185" VPOS="6006" WIDTH="134" HEIGHT="35" CONTENT="Beware" WC="0.99" CC="610003"/>
							<SP ID="P2_SP01510" HPOS="2319" VPOS="6041" WIDTH="24"/>
							<String ID="P2_ST01827" HPOS="2343" VPOS="6008" WIDTH="35" HEIGHT="34" CONTENT="of" WC="1.00" CC="00"/>
							<SP ID="P2_SP01511" HPOS="2378" VPOS="6042" WIDTH="23"/>
							<String ID="P2_ST01828" HPOS="2401" VPOS="6009" WIDTH="44" HEIGHT="34" CONTENT="Im" SUBS_TYPE="HypPart1" SUBS_CONTENT="Imitations." WC="0.93" CC="58"/>
							<HYP HPOS="2445" VPOS="6009" WIDTH="22" CONTENT="-"/>
						</TextLine>
						<TextLine ID="P2_TL00317" HPOS="1726" VPOS="6047" WIDTH="142" HEIGHT="32">
							<String ID="P2_ST01829" HPOS="1726" VPOS="6047" WIDTH="142" HEIGHT="32" CONTENT="itations." SUBS_TYPE="HypPart2" SUBS_CONTENT="Imitations." WC="0.98" CC="050968804"/>
						</TextLine>
					</TextBlock>
				</ComposedBlock>
				<ComposedBlock ID="P2_CB00003" HPOS="2502" VPOS="2314" WIDTH="766" HEIGHT="3805" TYPE="Advertisement">
					<TextBlock ID="P2_TB00017" HPOS="2502" VPOS="2314" WIDTH="766" HEIGHT="3805" STYLEREFS="TXT_5 PAR_BLOCK">
						<TextLine ID="P2_TL00318" HPOS="2548" VPOS="2315" WIDTH="716" HEIGHT="65">
							<String ID="P2_ST01830" HPOS="2548" VPOS="2315" WIDTH="79" HEIGHT="35" CONTENT="Last" WC="0.94" CC="9709"/>
							<SP ID="P2_SP01512" HPOS="2627" VPOS="2350" WIDTH="36"/>
							<String ID="P2_ST01831" HPOS="2663" VPOS="2331" WIDTH="115" HEIGHT="24" CONTENT="season" WC="0.98" CC="038007"/>
							<SP ID="P2_SP01513" HPOS="2778" VPOS="2355" WIDTH="44"/>
							<String ID="P2_ST01832" HPOS="2822" VPOS="2326" WIDTH="89" HEIGHT="35" CONTENT="there" WC="0.97" CC="77071"/>
							<SP ID="P2_SP01514" HPOS="2911" VPOS="2361" WIDTH="43"/>
							<String ID="P2_ST01833" HPOS="2954" VPOS="2341" WIDTH="83" HEIGHT="24" CONTENT="were" WC="0.93" CC="9777"/>
							<SP ID="P2_SP01515" HPOS="3037" VPOS="2365" WIDTH="44"/>
							<String ID="P2_ST01834" HPOS="3081" VPOS="2335" WIDTH="183" HEIGHT="45" CONTENT="thirty-two" WC="0.98" CC="9960974694"/>
						</TextLine>
						<TextLine ID="P2_TL00319" HPOS="2507" VPOS="2373" WIDTH="758" HEIGHT="58">
							<String ID="P2_ST01835" HPOS="2507" VPOS="2373" WIDTH="127" HEIGHT="35" CONTENT="million" WC="0.97" CC="9378354"/>
							<SP ID="P2_SP01516" HPOS="2634" VPOS="2408" WIDTH="27"/>
							<String ID="P2_ST01836" HPOS="2661" VPOS="2378" WIDTH="106" HEIGHT="36" CONTENT="rabbit" WC="0.96" CC="908829"/>
							<SP ID="P2_SP01517" HPOS="2767" VPOS="2414" WIDTH="29"/>
							<String ID="P2_ST01837" HPOS="2796" VPOS="2382" WIDTH="90" HEIGHT="35" CONTENT="skins" WC="0.97" CC="36480"/>
							<SP ID="P2_SP01518" HPOS="2886" VPOS="2417" WIDTH="30"/>
							<String ID="P2_ST01838" HPOS="2916" VPOS="2388" WIDTH="154" HEIGHT="36" CONTENT="collected" WC="0.98" CC="304716067"/>
							<SP ID="P2_SP01519" HPOS="3070" VPOS="2424" WIDTH="32"/>
							<String ID="P2_ST01839" HPOS="3102" VPOS="2393" WIDTH="34" HEIGHT="33" CONTENT="in" WC="0.34" CC="48"/>
							<SP ID="P2_SP01520" HPOS="3136" VPOS="2426" WIDTH="29"/>
							<String ID="P2_ST01840" HPOS="3165" VPOS="2397" WIDTH="100" HEIGHT="34" CONTENT="Great" WC="0.97" CC="00569"/>
						</TextLine>
						<TextLine ID="P2_TL00320" HPOS="2508" VPOS="2430" WIDTH="757" HEIGHT="66">
							<String ID="P2_ST01841" HPOS="2508" VPOS="2430" WIDTH="129" HEIGHT="37" CONTENT="Britain" WC="0.97" CC="9949900"/>
							<SP ID="P2_SP01521" HPOS="2637" VPOS="2467" WIDTH="39"/>
							<String ID="P2_ST01842" HPOS="2676" VPOS="2435" WIDTH="105" HEIGHT="36" CONTENT="alone." WC="0.98" CC="956400"/>
							<SP ID="P2_SP01522" HPOS="2781" VPOS="2471" WIDTH="46"/>
							<String ID="P2_ST01843" HPOS="2827" VPOS="2442" WIDTH="68" HEIGHT="33" CONTENT="The" WC="0.91" CC="977"/>
							<SP ID="P2_SP01523" HPOS="2895" VPOS="2475" WIDTH="38"/>
							<String ID="P2_ST01844" HPOS="2933" VPOS="2446" WIDTH="142" HEIGHT="35" CONTENT="colonies" WC="0.98" CC="76460046"/>
							<SP ID="P2_SP01524" HPOS="3075" VPOS="2481" WIDTH="41"/>
							<String ID="P2_ST01845" HPOS="3116" VPOS="2454" WIDTH="149" HEIGHT="42" CONTENT="supplied" WC="0.97" CC="68996359"/>
						</TextLine>
						<TextLine ID="P2_TL00321" HPOS="2508" VPOS="2487" WIDTH="758" HEIGHT="68">
							<String ID="P2_ST01846" HPOS="2508" VPOS="2487" WIDTH="98" HEIGHT="37" CONTENT="aWit" WC="0.19" CC="6977"/>
							<SP ID="P2_SP01525" HPOS="2606" VPOS="2524" WIDTH="31"/>
							<String ID="P2_ST01847" HPOS="2637" VPOS="2493" WIDTH="48" HEIGHT="34" CONTENT="six" WC="0.95" CC="029"/>
							<SP ID="P2_SP01526" HPOS="2685" VPOS="2527" WIDTH="30"/>
							<String ID="P2_ST01848" HPOS="2715" VPOS="2496" WIDTH="157" HEIGHT="36" CONTENT="millions." WC="0.98" CC="931340925"/>
							<SP ID="P2_SP01527" HPOS="2872" VPOS="2532" WIDTH="45"/>
							<String ID="P2_ST01849" HPOS="2917" VPOS="2501" WIDTH="79" HEIGHT="36" CONTENT="This" WC="0.96" CC="7713"/>
							<SP ID="P2_SP01528" HPOS="2996" VPOS="2537" WIDTH="33"/>
							<String ID="P2_ST01850" HPOS="3029" VPOS="2505" WIDTH="88" HEIGHT="43" CONTENT="large" WC="0.96" CC="06476"/>
							<SP ID="P2_SP01529" HPOS="3117" VPOS="2548" WIDTH="32"/>
							<String ID="P2_ST01851" HPOS="3149" VPOS="2513" WIDTH="117" HEIGHT="42" CONTENT="supply" WC="0.97" CC="680944"/>
						</TextLine>
						<TextLine ID="P2_TL00322" HPOS="2509" VPOS="2548" WIDTH="756" HEIGHT="56">
							<String ID="P2_ST01852" HPOS="2509" VPOS="2548" WIDTH="118" HEIGHT="33" CONTENT="caused" WC="0.96" CC="598079"/>
							<SP ID="P2_SP01530" HPOS="2627" VPOS="2581" WIDTH="23"/>
							<String ID="P2_ST01853" HPOS="2650" VPOS="2561" WIDTH="19" HEIGHT="21" CONTENT="a" WC="1.00" CC="9"/>
							<SP ID="P2_SP01531" HPOS="2669" VPOS="2582" WIDTH="22"/>
							<String ID="P2_ST01854" HPOS="2691" VPOS="2550" WIDTH="56" HEIGHT="35" CONTENT="fall" WC="0.98" CC="0036"/>
							<SP ID="P2_SP01532" HPOS="2747" VPOS="2585" WIDTH="24"/>
							<String ID="P2_ST01855" HPOS="2771" VPOS="2554" WIDTH="35" HEIGHT="33" CONTENT="in" WC="0.56" CC="08"/>
							<SP ID="P2_SP01533" HPOS="2806" VPOS="2587" WIDTH="22"/>
							<String ID="P2_ST01856" HPOS="2828" VPOS="2556" WIDTH="55" HEIGHT="34" CONTENT="the" WC="0.94" CC="095"/>
							<SP ID="P2_SP01534" HPOS="2883" VPOS="2590" WIDTH="20"/>
							<String ID="P2_ST01857" HPOS="2903" VPOS="2559" WIDTH="87" HEIGHT="43" CONTENT="price" WC="0.97" CC="90256"/>
							<SP ID="P2_SP01535" HPOS="2990" VPOS="2602" WIDTH="24"/>
							<String ID="P2_ST01858" HPOS="3014" VPOS="2563" WIDTH="35" HEIGHT="34" CONTENT="of" WC="1.00" CC="00"/>
							<SP ID="P2_SP01536" HPOS="3049" VPOS="2602" WIDTH="19"/>
							<String ID="P2_ST01859" HPOS="3068" VPOS="2564" WIDTH="90" HEIGHT="37" CONTENT="skins" WC="0.96" CC="59470"/>
							<SP ID="P2_SP01537" HPOS="3158" VPOS="2602" WIDTH="22"/>
							<String ID="P2_ST01860" HPOS="3180" VPOS="2570" WIDTH="85" HEIGHT="34" CONTENT="from" WC="0.95" CC="7509"/>
						</TextLine>
						<TextLine ID="P2_TL00323" HPOS="2508" VPOS="2604" WIDTH="376" HEIGHT="50">
							<String ID="P2_ST01861" HPOS="2508" VPOS="2605" WIDTH="35" HEIGHT="32" CONTENT="2s" WC="0.53" CC="90"/>
							<SP ID="P2_SP01538" HPOS="2543" VPOS="2637" WIDTH="17"/>
							<String ID="P2_ST01862" HPOS="2560" VPOS="2604" WIDTH="41" HEIGHT="34" CONTENT="2d" WC="0.25" CC="86"/>
							<SP ID="P2_SP01539" HPOS="2601" VPOS="2638" WIDTH="15"/>
							<String ID="P2_ST01863" HPOS="2616" VPOS="2611" WIDTH="32" HEIGHT="28" CONTENT="to" WC="0.68" CC="06"/>
							<SP ID="P2_SP01540" HPOS="2648" VPOS="2639" WIDTH="19"/>
							<String ID="P2_ST01864" HPOS="2667" VPOS="2610" WIDTH="33" HEIGHT="31" CONTENT="Is" WC="1.00" CC="00"/>
							<SP ID="P2_SP01541" HPOS="2700" VPOS="2641" WIDTH="17"/>
							<String ID="P2_ST01865" HPOS="2717" VPOS="2611" WIDTH="40" HEIGHT="31" CONTENT="Gd" WC="0.66" CC="60"/>
							<SP ID="P2_SP01542" HPOS="2757" VPOS="2642" WIDTH="12"/>
							<String ID="P2_ST01866" HPOS="2769" VPOS="2623" WIDTH="58" HEIGHT="31" CONTENT="per" WC="0.99" CC="020"/>
							<SP ID="P2_SP01543" HPOS="2827" VPOS="2654" WIDTH="14"/>
							<String ID="P2_ST01867" HPOS="2841" VPOS="2614" WIDTH="43" HEIGHT="33" CONTENT="lb." WC="0.95" CC="373"/>
						</TextLine>
						<TextLine ID="P2_TL00324" HPOS="2550" VPOS="2672" WIDTH="717" HEIGHT="57">
							<String ID="P2_ST01868" HPOS="2550" VPOS="2672" WIDTH="118" HEIGHT="38" CONTENT="Russia" WC="0.97" CC="776418"/>
							<SP ID="P2_SP01544" HPOS="2668" VPOS="2710" WIDTH="15"/>
							<String ID="P2_ST01869" HPOS="2683" VPOS="2688" WIDTH="161" HEIGHT="33" CONTENT="possesses" WC="0.98" CC="950606470"/>
							<SP ID="P2_SP01545" HPOS="2844" VPOS="2721" WIDTH="18"/>
							<String ID="P2_ST01870" HPOS="2862" VPOS="2695" WIDTH="61" HEIGHT="23" CONTENT="one" WC="0.94" CC="087"/>
							<SP ID="P2_SP01546" HPOS="2923" VPOS="2721" WIDTH="21"/>
							<String ID="P2_ST01871" HPOS="2944" VPOS="2685" WIDTH="149" HEIGHT="39" CONTENT="hundred" WC="0.98" CC="7440500"/>
							<SP ID="P2_SP01547" HPOS="3093" VPOS="2724" WIDTH="19"/>
							<String ID="P2_ST01872" HPOS="3112" VPOS="2692" WIDTH="155" HEIGHT="37" CONTENT="admirals" WC="0.98" CC="40740750"/>
						</TextLine>
						<TextLine ID="P2_TL00325" HPOS="2509" VPOS="2725" WIDTH="756" HEIGHT="51">
							<String ID="P2_ST01873" HPOS="2509" VPOS="2731" WIDTH="83" HEIGHT="23" CONTENT="—an" WC="0.93" CC="827"/>
							<SP ID="P2_SP01548" HPOS="2592" VPOS="2754" WIDTH="17"/>
							<String ID="P2_ST01874" HPOS="2609" VPOS="2725" WIDTH="139" HEIGHT="34" CONTENT="admiral" WC="0.97" CC="9950643"/>
							<SP ID="P2_SP01549" HPOS="2748" VPOS="2759" WIDTH="15"/>
							<String ID="P2_ST01875" HPOS="2763" VPOS="2728" WIDTH="48" HEIGHT="33" CONTENT="for" WC="0.95" CC="750"/>
							<SP ID="P2_SP01550" HPOS="2811" VPOS="2761" WIDTH="16"/>
							<String ID="P2_ST01876" HPOS="2827" VPOS="2740" WIDTH="97" HEIGHT="35" CONTENT="every" WC="0.96" CC="47409"/>
							<SP ID="P2_SP01551" HPOS="2924" VPOS="2775" WIDTH="15"/>
							<String ID="P2_ST01877" HPOS="2939" VPOS="2740" WIDTH="63" HEIGHT="28" CONTENT="two" WC="0.91" CC="995"/>
							<SP ID="P2_SP01552" HPOS="3002" VPOS="2775" WIDTH="15"/>
							<String ID="P2_ST01878" HPOS="3017" VPOS="2736" WIDTH="164" HEIGHT="38" CONTENT="thousand" WC="0.97" CC="79580388"/>
							<SP ID="P2_SP01553" HPOS="3181" VPOS="2775" WIDTH="10"/>
							<String ID="P2_ST01879" HPOS="3191" VPOS="2745" WIDTH="74" HEIGHT="31" CONTENT="tons" WC="0.95" CC="9672"/>
						</TextLine>
						<TextLine ID="P2_TL00326" HPOS="2508" VPOS="2771" WIDTH="208" HEIGHT="44">
							<String ID="P2_ST01880" HPOS="2508" VPOS="2776" WIDTH="31" HEIGHT="22" CONTENT="oi" WC="0.70" CC="50"/>
							<SP ID="P2_SP01554" HPOS="2539" VPOS="2798" WIDTH="15"/>
							<String ID="P2_ST01881" HPOS="2554" VPOS="2771" WIDTH="162" HEIGHT="44" CONTENT="shipping." WC="0.98" CC="091995870"/>
						</TextLine>
						<TextLine ID="P2_TL00327" HPOS="2546" VPOS="2852" WIDTH="682" HEIGHT="63">
							<String ID="P2_ST01882" HPOS="2546" VPOS="2852" WIDTH="250" HEIGHT="46" CONTENT="[Continuation" WC="0.99" CC="7557928600006"/>
							<SP ID="P2_SP01555" HPOS="2796" VPOS="2898" WIDTH="17"/>
							<String ID="P2_ST01883" HPOS="2813" VPOS="2865" WIDTH="35" HEIGHT="32" CONTENT="of" WC="0.83" CC="30"/>
							<SP ID="P2_SP01556" HPOS="2848" VPOS="2898" WIDTH="12"/>
							<String ID="P2_ST01884" HPOS="2860" VPOS="2865" WIDTH="97" HEIGHT="37" CONTENT="News" WC="0.97" CC="3091"/>
							<SP ID="P2_SP01557" HPOS="2957" VPOS="2902" WIDTH="17"/>
							<String ID="P2_ST01885" HPOS="2974" VPOS="2880" WIDTH="51" HEIGHT="24" CONTENT="see" WC="0.98" CC="040"/>
							<SP ID="P2_SP01558" HPOS="3025" VPOS="2904" WIDTH="17"/>
							<String ID="P2_ST01886" HPOS="3042" VPOS="2872" WIDTH="56" HEIGHT="33" CONTENT="4th" WC="0.43" CC="609"/>
							<SP ID="P2_SP01559" HPOS="3098" VPOS="2905" WIDTH="19"/>
							<String ID="P2_ST01887" HPOS="3117" VPOS="2874" WIDTH="111" HEIGHT="41" CONTENT="Pa.^e.l" WC="0.40" CC="7948048"/>
						</TextLine>
						<TextLine ID="P2_TL00328" HPOS="2569" VPOS="2961" WIDTH="620" HEIGHT="51">
							<String ID="P2_ST01888" HPOS="2569" VPOS="2961" WIDTH="185" HEIGHT="36" CONTENT="BULLER" WC="0.44" CC="805369" STYLEREFS="TXT_11"/>
							<SP ID="P2_SP01560" HPOS="2754" VPOS="2997" WIDTH="24"/>
							<String ID="P2_ST01889" HPOS="2778" VPOS="2968" WIDTH="179" HEIGHT="37" CONTENT="COUNTY" WC="0.96" CC="446985" STYLEREFS="TXT_11"/>
							<SP ID="P2_SP01561" HPOS="2957" VPOS="3005" WIDTH="24"/>
							<String ID="P2_ST01890" HPOS="2981" VPOS="2975" WIDTH="208" HEIGHT="37" CONTENT="COUNCIL." WC="0.98" CC="60346564" STYLEREFS="TXT_11"/>
						</TextLine>
						<TextLine ID="P2_TL00329" HPOS="2512" VPOS="3088" WIDTH="750" HEIGHT="68">
							<String ID="P2_ST01891" HPOS="2512" VPOS="3088" WIDTH="247" HEIGHT="68" CONTENT="IJIENDERS" WC="0.27" CC="777787675"/>
							<SP ID="P2_SP01562" HPOS="2759" VPOS="3156" WIDTH="8"/>
							<String ID="P2_ST01892" HPOS="2767" VPOS="3095" WIDTH="67" HEIGHT="33" CONTENT="will" WC="0.96" CC="7506"/>
							<SP ID="P2_SP01563" HPOS="2834" VPOS="3156" WIDTH="10"/>
							<String ID="P2_ST01893" HPOS="2844" VPOS="3096" WIDTH="39" HEIGHT="34" CONTENT="be" WC="0.28" CC="67"/>
							<SP ID="P2_SP01564" HPOS="2883" VPOS="3156" WIDTH="12"/>
							<String ID="P2_ST01894" HPOS="2895" VPOS="3102" WIDTH="148" HEIGHT="33" CONTENT="received" WC="0.98" CC="04836740"/>
							<SP ID="P2_SP01565" HPOS="3043" VPOS="3156" WIDTH="13"/>
							<String ID="P2_ST01895" HPOS="3056" VPOS="3107" WIDTH="84" HEIGHT="32" CONTENT="until" WC="0.95" CC="58945"/>
							<SP ID="P2_SP01566" HPOS="3140" VPOS="3156" WIDTH="12"/>
							<String ID="P2_ST01896" HPOS="3152" VPOS="3109" WIDTH="19" HEIGHT="32" CONTENT="4" WC="0.16" CC="8"/>
							<SP ID="P2_SP01567" HPOS="3171" VPOS="3156" WIDTH="12"/>
							<String ID="P2_ST01897" HPOS="3183" VPOS="3120" WIDTH="79" HEIGHT="30" CONTENT="p.m." WC="0.95" CC="6484"/>
						</TextLine>
						<TextLine ID="P2_TL00330" HPOS="2615" VPOS="3154" WIDTH="650" HEIGHT="56">
							<String ID="P2_ST01898" HPOS="2615" VPOS="3163" WIDTH="42" HEIGHT="22" CONTENT="on" WC="0.27" CC="58"/>
							<SP ID="P2_SP01568" HPOS="2657" VPOS="3185" WIDTH="19"/>
							<String ID="P2_ST01899" HPOS="2676" VPOS="3154" WIDTH="201" HEIGHT="46" CONTENT="MONDAY," WC="0.97" CC="0599823"/>
							<SP ID="P2_SP01569" HPOS="2877" VPOS="3200" WIDTH="18"/>
							<String ID="P2_ST01900" HPOS="2895" VPOS="3161" WIDTH="54" HEIGHT="34" CONTENT="the" WC="0.96" CC="073"/>
							<SP ID="P2_SP01570" HPOS="2949" VPOS="3200" WIDTH="18"/>
							<String ID="P2_ST01901" HPOS="2967" VPOS="3164" WIDTH="76" HEIGHT="34" CONTENT="13th" WC="0.23" CC="6697"/>
							<SP ID="P2_SP01571" HPOS="3043" VPOS="3200" WIDTH="24"/>
							<String ID="P2_ST01902" HPOS="3067" VPOS="3167" WIDTH="126" HEIGHT="43" CONTENT="JULY," WC="0.99" CC="50103"/>
							<SP ID="P2_SP01572" HPOS="3193" VPOS="3210" WIDTH="24"/>
							<String ID="P2_ST01903" HPOS="3217" VPOS="3172" WIDTH="48" HEIGHT="34" CONTENT="for" WC="0.92" CC="279"/>
						</TextLine>
						<TextLine ID="P2_TL00331" HPOS="2509" VPOS="3211" WIDTH="755" HEIGHT="63">
							<String ID="P2_ST01904" HPOS="2509" VPOS="3211" WIDTH="147" HEIGHT="37" CONTENT="Sections" WC="0.98" CC="60550095"/>
							<SP ID="P2_SP01573" HPOS="2656" VPOS="3248" WIDTH="30"/>
							<String ID="P2_ST01905" HPOS="2686" VPOS="3218" WIDTH="16" HEIGHT="31" CONTENT="1" WC="1.00" CC="0"/>
							<SP ID="P2_SP01574" HPOS="2702" VPOS="3249" WIDTH="27"/>
							<String ID="P2_ST01906" HPOS="2729" VPOS="3222" WIDTH="32" HEIGHT="29" CONTENT="to" WC="0.76" CC="04"/>
							<SP ID="P2_SP01575" HPOS="2761" VPOS="3251" WIDTH="25"/>
							<String ID="P2_ST01907" HPOS="2786" VPOS="3222" WIDTH="30" HEIGHT="37" CONTENT="8," WC="0.61" CC="60"/>
							<SP ID="P2_SP01576" HPOS="2816" VPOS="3259" WIDTH="25"/>
							<String ID="P2_ST01908" HPOS="2841" VPOS="3222" WIDTH="136" HEIGHT="44" CONTENT="Repairs" WC="0.98" CC="9490007"/>
							<SP ID="P2_SP01577" HPOS="2977" VPOS="3266" WIDTH="24"/>
							<String ID="P2_ST01909" HPOS="3001" VPOS="3229" WIDTH="65" HEIGHT="31" CONTENT="and" WC="0.97" CC="070"/>
							<SP ID="P2_SP01578" HPOS="3066" VPOS="3266" WIDTH="30"/>
							<String ID="P2_ST01910" HPOS="3096" VPOS="3231" WIDTH="147" HEIGHT="43" CONTENT="Improve" SUBS_TYPE="HypPart1" SUBS_CONTENT="Improvements," WC="0.99" CC="5000545"/>
							<HYP HPOS="3243" VPOS="3231" WIDTH="21" CONTENT="-"/>
						</TextLine>
						<TextLine ID="P2_TL00332" HPOS="2509" VPOS="3277" WIDTH="370" HEIGHT="42">
							<String ID="P2_ST01911" HPOS="2509" VPOS="3281" WIDTH="117" HEIGHT="35" CONTENT="ments," SUBS_TYPE="HypPart2" SUBS_CONTENT="Improvements," WC="0.96" CC="958993"/>
							<SP ID="P2_SP01579" HPOS="2626" VPOS="3316" WIDTH="18"/>
							<String ID="P2_ST01912" HPOS="2644" VPOS="3277" WIDTH="116" HEIGHT="38" CONTENT="Buller" WC="0.55" CC="775006"/>
							<SP ID="P2_SP01580" HPOS="2760" VPOS="3316" WIDTH="15"/>
							<String ID="P2_ST01913" HPOS="2775" VPOS="3281" WIDTH="104" HEIGHT="38" CONTENT="Road." WC="0.97" CC="72604"/>
						</TextLine>
						<TextLine ID="P2_TL00333" HPOS="2550" VPOS="3399" WIDTH="717" HEIGHT="68">
							<String ID="P2_ST01914" HPOS="2550" VPOS="3399" WIDTH="246" HEIGHT="45" CONTENT="Specifications" WC="0.99" CC="70064227004375"/>
							<SP ID="P2_SP01581" HPOS="2796" VPOS="3444" WIDTH="18"/>
							<String ID="P2_ST01915" HPOS="2814" VPOS="3411" WIDTH="63" HEIGHT="33" CONTENT="and" WC="0.94" CC="780"/>
							<SP ID="P2_SP01582" HPOS="2877" VPOS="3444" WIDTH="19"/>
							<String ID="P2_ST01916" HPOS="2896" VPOS="3413" WIDTH="98" HEIGHT="35" CONTENT="Plans" WC="0.96" CC="70779"/>
							<SP ID="P2_SP01583" HPOS="2994" VPOS="3448" WIDTH="19"/>
							<String ID="P2_ST01917" HPOS="3013" VPOS="3420" WIDTH="33" HEIGHT="30" CONTENT="at" WC="0.50" CC="09"/>
							<SP ID="P2_SP01584" HPOS="3046" VPOS="3450" WIDTH="17"/>
							<String ID="P2_ST01918" HPOS="3063" VPOS="3418" WIDTH="54" HEIGHT="33" CONTENT="the" WC="0.95" CC="076"/>
							<SP ID="P2_SP01585" HPOS="3117" VPOS="3451" WIDTH="19"/>
							<String ID="P2_ST01919" HPOS="3136" VPOS="3421" WIDTH="131" HEIGHT="46" CONTENT="County" WC="0.96" CC="338899"/>
						</TextLine>
						<TextLine ID="P2_TL00334" HPOS="2509" VPOS="3462" WIDTH="605" HEIGHT="62">
							<String ID="P2_ST01920" HPOS="2509" VPOS="3462" WIDTH="109" HEIGHT="42" CONTENT="Office," WC="0.99" CC="0333650"/>
							<SP ID="P2_SP01586" HPOS="2618" VPOS="3504" WIDTH="19"/>
							<String ID="P2_ST01921" HPOS="2637" VPOS="3467" WIDTH="65" HEIGHT="35" CONTENT="and" WC="0.94" CC="970"/>
							<SP ID="P2_SP01587" HPOS="2702" VPOS="3504" WIDTH="14"/>
							<String ID="P2_ST01922" HPOS="2716" VPOS="3469" WIDTH="77" HEIGHT="36" CONTENT="Jno." WC="0.33" CC="9852"/>
							<SP ID="P2_SP01588" HPOS="2793" VPOS="3505" WIDTH="17"/>
							<String ID="P2_ST01923" HPOS="2810" VPOS="3472" WIDTH="180" HEIGHT="44" CONTENT="Fennell's," WC="0.61" CC="7086602203"/>
							<SP ID="P2_SP01589" HPOS="2990" VPOS="3516" WIDTH="18"/>
							<String ID="P2_ST01924" HPOS="3008" VPOS="3480" WIDTH="106" HEIGHT="44" CONTENT="Lyell." WC="0.50" CC="097453"/>
						</TextLine>
						<TextLine ID="P2_TL00335" HPOS="2876" VPOS="3540" WIDTH="265" HEIGHT="47">
							<String ID="P2_ST01925" HPOS="2876" VPOS="3540" WIDTH="40" HEIGHT="34" CONTENT="E." WC="0.69" CC="60"/>
							<SP ID="P2_SP01590" HPOS="2916" VPOS="3574" WIDTH="26"/>
							<String ID="P2_ST01926" HPOS="2942" VPOS="3544" WIDTH="199" HEIGHT="43" CONTENT="O'CONOR," WC="0.56" CC="03529374"/>
						</TextLine>
						<TextLine ID="P2_TL00336" HPOS="2886" VPOS="3603" WIDTH="337" HEIGHT="47">
							<String ID="P2_ST01927" HPOS="2886" VPOS="3603" WIDTH="131" HEIGHT="47" CONTENT="County" WC="0.97" CC="615069"/>
							<SP ID="P2_SP01591" HPOS="3017" VPOS="3650" WIDTH="17"/>
							<String ID="P2_ST01928" HPOS="3034" VPOS="3608" WIDTH="189" HEIGHT="40" CONTENT="Chairman." WC="0.98" CC="679500072"/>
						</TextLine>
						<TextLine ID="P2_TL00337" HPOS="2512" VPOS="3692" WIDTH="754" HEIGHT="59">
							<String ID="P2_ST01929" HPOS="2512" VPOS="3692" WIDTH="173" HEIGHT="36" CONTENT="UNITED" WC="0.98" CC="070067"/>
							<SP ID="P2_SP01592" HPOS="2685" VPOS="3728" WIDTH="23"/>
							<String ID="P2_ST01930" HPOS="2708" VPOS="3698" WIDTH="168" HEIGHT="38" CONTENT="ALPINE" WC="0.96" CC="847457"/>
							<SP ID="P2_SP01593" HPOS="2876" VPOS="3736" WIDTH="18"/>
							<String ID="P2_ST01931" HPOS="2894" VPOS="3705" WIDTH="177" HEIGHT="42" CONTENT="QUARTZ" WC="0.96" CC="799708"/>
							<SP ID="P2_SP01594" HPOS="3071" VPOS="3747" WIDTH="24"/>
							<String ID="P2_ST01932" HPOS="3095" VPOS="3712" WIDTH="171" HEIGHT="39" CONTENT="MINING" WC="0.96" CC="970696"/>
						</TextLine>
						<TextLine ID="P2_TL00338" HPOS="2653" VPOS="3761" WIDTH="457" HEIGHT="47">
							<String ID="P2_ST01933" HPOS="2653" VPOS="3761" WIDTH="224" HEIGHT="45" CONTENT="COMPANY," WC="0.98" CC="60087704"/>
							<SP ID="P2_SP01595" HPOS="2877" VPOS="3806" WIDTH="24"/>
							<String ID="P2_ST01934" HPOS="2901" VPOS="3769" WIDTH="209" HEIGHT="39" CONTENT="LIMITED." WC="0.99" CC="31300304"/>
						</TextLine>
						<TextLine ID="P2_TL00339" HPOS="2629" VPOS="3886" WIDTH="635" HEIGHT="57">
							<String ID="P2_ST01935" HPOS="2629" VPOS="3897" WIDTH="19" HEIGHT="22" CONTENT="a" WC="1.00" CC="0"/>
							<SP ID="P2_SP01596" HPOS="2648" VPOS="3919" WIDTH="28"/>
							<String ID="P2_ST01936" HPOS="2676" VPOS="3886" WIDTH="144" HEIGHT="49" CONTENT="Meeting" WC="0.98" CC="7050672"/>
							<SP ID="P2_SP01597" HPOS="2820" VPOS="3935" WIDTH="26"/>
							<String ID="P2_ST01937" HPOS="2846" VPOS="3894" WIDTH="38" HEIGHT="34" CONTENT="of" WC="0.48" CC="27"/>
							<SP ID="P2_SP01598" HPOS="2884" VPOS="3935" WIDTH="24"/>
							<String ID="P2_ST01938" HPOS="2908" VPOS="3896" WIDTH="164" HEIGHT="40" CONTENT="Directors" WC="0.98" CC="960358772"/>
							<SP ID="P2_SP01599" HPOS="3072" VPOS="3936" WIDTH="26"/>
							<String ID="P2_ST01939" HPOS="3098" VPOS="3903" WIDTH="77" HEIGHT="36" CONTENT="held" WC="0.97" CC="0570"/>
							<SP ID="P2_SP01600" HPOS="3175" VPOS="3939" WIDTH="24"/>
							<String ID="P2_ST01940" HPOS="3199" VPOS="3907" WIDTH="65" HEIGHT="36" CONTENT="this" WC="0.95" CC="9707"/>
						</TextLine>
						<TextLine ID="P2_TL00340" HPOS="2630" VPOS="3950" WIDTH="637" HEIGHT="62">
							<String ID="P2_ST01941" HPOS="2630" VPOS="3950" WIDTH="74" HEIGHT="43" CONTENT="day," WC="0.95" CC="9902"/>
							<SP ID="P2_SP01601" HPOS="2704" VPOS="3993" WIDTH="24"/>
							<String ID="P2_ST01942" HPOS="2728" VPOS="3965" WIDTH="19" HEIGHT="20" CONTENT="a" WC="0.61" CC="3"/>
							<SP ID="P2_SP01602" HPOS="2747" VPOS="3993" WIDTH="23"/>
							<String ID="P2_ST01943" HPOS="2770" VPOS="3954" WIDTH="244" HEIGHT="49" CONTENT="DIVIDEND," WC="0.99" CC="007090800"/>
							<SP ID="P2_SP01603" HPOS="3014" VPOS="4003" WIDTH="27"/>
							<String ID="P2_ST01944" HPOS="3041" VPOS="3966" WIDTH="66" HEIGHT="40" CONTENT="(the" WC="0.96" CC="2970"/>
							<SP ID="P2_SP01604" HPOS="3107" VPOS="4006" WIDTH="21"/>
							<String ID="P2_ST01945" HPOS="3128" VPOS="3970" WIDTH="85" HEIGHT="42" CONTENT="13th)" WC="0.54" CC="27173"/>
							<SP ID="P2_SP01605" HPOS="3213" VPOS="4012" WIDTH="19"/>
							<String ID="P2_ST01946" HPOS="3232" VPOS="3972" WIDTH="35" HEIGHT="34" CONTENT="of" WC="0.57" CC="08"/>
						</TextLine>
						<TextLine ID="P2_TL00341" HPOS="2508" VPOS="4009" WIDTH="752" HEIGHT="69">
							<String ID="P2_ST01947" HPOS="2508" VPOS="4009" WIDTH="89" HEIGHT="34" CONTENT="ONE" WC="0.99" CC="300"/>
							<SP ID="P2_SP01606" HPOS="2597" VPOS="4043" WIDTH="33"/>
							<String ID="P2_ST01948" HPOS="2630" VPOS="4013" WIDTH="223" HEIGHT="40" CONTENT="SHILLING" WC="0.98" CC="67066007"/>
							<SP ID="P2_SP01607" HPOS="2853" VPOS="4053" WIDTH="23"/>
							<String ID="P2_ST01949" HPOS="2876" VPOS="4034" WIDTH="57" HEIGHT="30" CONTENT="per" WC="1.00" CC="000"/>
							<SP ID="P2_SP01608" HPOS="2933" VPOS="4064" WIDTH="24"/>
							<String ID="P2_ST01950" HPOS="2957" VPOS="4026" WIDTH="94" HEIGHT="34" CONTENT="share" WC="0.97" CC="07905"/>
							<SP ID="P2_SP01609" HPOS="3051" VPOS="4064" WIDTH="35"/>
							<String ID="P2_ST01951" HPOS="3086" VPOS="4031" WIDTH="121" HEIGHT="47" CONTENT="(32,000" WC="0.50" CC="2782014"/>
							<SP ID="P2_SP01610" HPOS="3207" VPOS="4078" WIDTH="0"/>
							<String ID="P2_ST01952" HPOS="3207" VPOS="4031" WIDTH="53" HEIGHT="47" CONTENT="th)" WC="0.50" CC="770"/>
						</TextLine>
						<TextLine ID="P2_TL00342" HPOS="2509" VPOS="4076" WIDTH="754" HEIGHT="65">
							<String ID="P2_ST01953" HPOS="2509" VPOS="4083" WIDTH="64" HEIGHT="23" CONTENT="was" WC="0.92" CC="990"/>
							<SP ID="P2_SP01611" HPOS="2573" VPOS="4106" WIDTH="30"/>
							<String ID="P2_ST01954" HPOS="2603" VPOS="4076" WIDTH="107" HEIGHT="42" CONTENT="made," WC="0.96" CC="99054"/>
							<SP ID="P2_SP01612" HPOS="2710" VPOS="4118" WIDTH="28"/>
							<String ID="P2_ST01955" HPOS="2738" VPOS="4082" WIDTH="138" HEIGHT="43" CONTENT="payable" WC="0.97" CC="9408661"/>
							<SP ID="P2_SP01613" HPOS="2876" VPOS="4125" WIDTH="38"/>
							<String ID="P2_ST01956" HPOS="2914" VPOS="4092" WIDTH="34" HEIGHT="29" CONTENT="at" WC="0.35" CC="29"/>
							<SP ID="P2_SP01614" HPOS="2948" VPOS="4125" WIDTH="29"/>
							<String ID="P2_ST01957" HPOS="2977" VPOS="4088" WIDTH="54" HEIGHT="37" CONTENT="the" WC="0.95" CC="570"/>
							<SP ID="P2_SP01615" HPOS="3031" VPOS="4125" WIDTH="32"/>
							<String ID="P2_ST01958" HPOS="3063" VPOS="4092" WIDTH="200" HEIGHT="49" CONTENT="Company's" WC="0.98" CC="478007017"/>
						</TextLine>
						<TextLine ID="P2_TL00343" HPOS="2507" VPOS="4136" WIDTH="755" HEIGHT="60">
							<String ID="P2_ST01959" HPOS="2507" VPOS="4136" WIDTH="111" HEIGHT="43" CONTENT="Office," WC="0.98" CC="7333603"/>
							<SP ID="P2_SP01616" HPOS="2618" VPOS="4179" WIDTH="39"/>
							<String ID="P2_ST01960" HPOS="2657" VPOS="4141" WIDTH="77" HEIGHT="36" CONTENT="Cliff" WC="0.96" CC="45396"/>
							<SP ID="P2_SP01617" HPOS="2734" VPOS="4179" WIDTH="27"/>
							<String ID="P2_ST01961" HPOS="2761" VPOS="4145" WIDTH="59" HEIGHT="42" CONTENT="St.," WC="0.97" CC="6043"/>
							<SP ID="P2_SP01618" HPOS="2820" VPOS="4187" WIDTH="37"/>
							<String ID="P2_ST01962" HPOS="2857" VPOS="4149" WIDTH="106" HEIGHT="43" CONTENT="Lyell," WC="0.79" CC="641000"/>
							<SP ID="P2_SP01619" HPOS="2963" VPOS="4192" WIDTH="38"/>
							<String ID="P2_ST01963" HPOS="3001" VPOS="4166" WIDTH="42" HEIGHT="22" CONTENT="on" WC="0.64" CC="07"/>
							<SP ID="P2_SP01620" HPOS="3043" VPOS="4192" WIDTH="36"/>
							<String ID="P2_ST01964" HPOS="3079" VPOS="4158" WIDTH="64" HEIGHT="34" CONTENT="and" WC="0.96" CC="460"/>
							<SP ID="P2_SP01621" HPOS="3143" VPOS="4192" WIDTH="37"/>
							<String ID="P2_ST01965" HPOS="3180" VPOS="4161" WIDTH="82" HEIGHT="35" CONTENT="after" WC="0.97" CC="47740"/>
						</TextLine>
						<TextLine ID="P2_TL00344" HPOS="2507" VPOS="4198" WIDTH="595" HEIGHT="57">
							<String ID="P2_ST01966" HPOS="2507" VPOS="4198" WIDTH="249" HEIGHT="48" CONTENT="SATURDAY," WC="0.98" CC="909370953"/>
							<SP ID="P2_SP01622" HPOS="2756" VPOS="4246" WIDTH="19"/>
							<String ID="P2_ST01967" HPOS="2775" VPOS="4208" WIDTH="75" HEIGHT="34" CONTENT="11th" WC="0.28" CC="5499"/>
							<SP ID="P2_SP01623" HPOS="2850" VPOS="4246" WIDTH="17"/>
							<String ID="P2_ST01968" HPOS="2867" VPOS="4210" WIDTH="124" HEIGHT="45" CONTENT="JULY," WC="0.97" CC="90380"/>
							<SP ID="P2_SP01624" HPOS="2991" VPOS="4255" WIDTH="20"/>
							<String ID="P2_ST01969" HPOS="3011" VPOS="4217" WIDTH="91" HEIGHT="35" CONTENT="1885." WC="0.31" CC="66794"/>
						</TextLine>
						<TextLine ID="P2_TL00345" HPOS="2800" VPOS="4273" WIDTH="337" HEIGHT="50">
							<String ID="P2_ST01970" HPOS="2800" VPOS="4273" WIDTH="146" HEIGHT="38" CONTENT="JAMES" WC="0.96" CC="90966"/>
							<SP ID="P2_SP01625" HPOS="2946" VPOS="4311" WIDTH="24"/>
							<String ID="P2_ST01971" HPOS="2970" VPOS="4279" WIDTH="167" HEIGHT="44" CONTENT="INGLIS," WC="0.37" CC="5985483"/>
						</TextLine>
						<TextLine ID="P2_TL00346" HPOS="3055" VPOS="4345" WIDTH="167" HEIGHT="49">
							<String ID="P2_ST01972" HPOS="3055" VPOS="4345" WIDTH="167" HEIGHT="49" CONTENT="Manager." WC="0.98" CC="30709170"/>
						</TextLine>
						<TextLine ID="P2_TL00347" HPOS="2547" VPOS="4389" WIDTH="391" HEIGHT="52">
							<String ID="P2_ST01973" HPOS="2547" VPOS="4389" WIDTH="103" HEIGHT="43" CONTENT="Lyell," WC="0.63" CC="090523"/>
							<SP ID="P2_SP01626" HPOS="2650" VPOS="4432" WIDTH="18"/>
							<String ID="P2_ST01974" HPOS="2668" VPOS="4394" WIDTH="56" HEIGHT="33" CONTENT="7th" WC="0.43" CC="097"/>
							<SP ID="P2_SP01627" HPOS="2724" VPOS="4432" WIDTH="16"/>
							<String ID="P2_ST01975" HPOS="2740" VPOS="4396" WIDTH="89" HEIGHT="45" CONTENT="July," WC="0.98" CC="08303"/>
							<SP ID="P2_SP01628" HPOS="2829" VPOS="4441" WIDTH="19"/>
							<String ID="P2_ST01976" HPOS="2848" VPOS="4401" WIDTH="90" HEIGHT="35" CONTENT="1885." WC="0.54" CC="25472"/>
						</TextLine>
						<TextLine ID="P2_TL00348" HPOS="2528" VPOS="4492" WIDTH="714" HEIGHT="61">
							<String ID="P2_ST01977" HPOS="2528" VPOS="4492" WIDTH="193" HEIGHT="40" CONTENT="MANUKA" WC="0.99" CC="000380"/>
							<SP ID="P2_SP01629" HPOS="2721" VPOS="4532" WIDTH="36"/>
							<String ID="P2_ST01978" HPOS="2757" VPOS="4500" WIDTH="119" HEIGHT="37" CONTENT="FLAT" WC="0.96" CC="6607"/>
							<SP ID="P2_SP01630" HPOS="2876" VPOS="4537" WIDTH="33"/>
							<String ID="P2_ST01979" HPOS="2909" VPOS="4506" WIDTH="120" HEIGHT="36" CONTENT="GOLD" WC="0.98" CC="7220"/>
							<SP ID="P2_SP01631" HPOS="3029" VPOS="4542" WIDTH="40"/>
							<String ID="P2_ST01980" HPOS="3069" VPOS="4513" WIDTH="173" HEIGHT="40" CONTENT="MIxNING" WC="0.46" CC="0599408"/>
						</TextLine>
						<TextLine ID="P2_TL00349" HPOS="2658" VPOS="4558" WIDTH="457" HEIGHT="50">
							<String ID="P2_ST01981" HPOS="2658" VPOS="4558" WIDTH="223" HEIGHT="48" CONTENT="COMPANY," WC="0.98" CC="65079001"/>
							<SP ID="P2_SP01632" HPOS="2881" VPOS="4606" WIDTH="24"/>
							<String ID="P2_ST01982" HPOS="2905" VPOS="4567" WIDTH="210" HEIGHT="41" CONTENT="LIMITED." WC="0.98" CC="65850004"/>
						</TextLine>
						<TextLine ID="P2_TL00350" HPOS="2629" VPOS="4686" WIDTH="633" HEIGHT="60">
							<String ID="P2_ST01983" HPOS="2629" VPOS="4697" WIDTH="20" HEIGHT="23" CONTENT="a" WC="1.00" CC="9"/>
							<SP ID="P2_SP01633" HPOS="2649" VPOS="4720" WIDTH="28"/>
							<String ID="P2_ST01984" HPOS="2677" VPOS="4686" WIDTH="145" HEIGHT="48" CONTENT="Meeting" WC="0.98" CC="0009279"/>
							<SP ID="P2_SP01634" HPOS="2822" VPOS="4734" WIDTH="26"/>
							<String ID="P2_ST01985" HPOS="2848" VPOS="4694" WIDTH="36" HEIGHT="33" CONTENT="of" WC="0.83" CC="02"/>
							<SP ID="P2_SP01635" HPOS="2884" VPOS="4734" WIDTH="17"/>
							<String ID="P2_ST01986" HPOS="2901" VPOS="4696" WIDTH="164" HEIGHT="40" CONTENT="Directors" WC="0.99" CC="069056007"/>
							<SP ID="P2_SP01636" HPOS="3065" VPOS="4736" WIDTH="30"/>
							<String ID="P2_ST01987" HPOS="3095" VPOS="4706" WIDTH="77" HEIGHT="35" CONTENT="held" WC="0.98" CC="7030"/>
							<SP ID="P2_SP01637" HPOS="3172" VPOS="4741" WIDTH="24"/>
							<String ID="P2_ST01988" HPOS="3196" VPOS="4711" WIDTH="66" HEIGHT="35" CONTENT="this" WC="0.97" CC="0706"/>
						</TextLine>
						<TextLine ID="P2_TL00351" HPOS="2618" VPOS="4747" WIDTH="642" HEIGHT="61">
							<String ID="P2_ST01989" HPOS="2618" VPOS="4747" WIDTH="75" HEIGHT="44" CONTENT="day," WC="0.96" CC="4903"/>
							<SP ID="P2_SP01638" HPOS="2693" VPOS="4791" WIDTH="32"/>
							<String ID="P2_ST01990" HPOS="2725" VPOS="4763" WIDTH="18" HEIGHT="21" CONTENT="a" WC="1.00" CC="0"/>
							<SP ID="P2_SP01639" HPOS="2743" VPOS="4791" WIDTH="30"/>
							<String ID="P2_ST01991" HPOS="2773" VPOS="4754" WIDTH="113" HEIGHT="35" CONTENT="CALL" WC="0.98" CC="5012"/>
							<SP ID="P2_SP01640" HPOS="2886" VPOS="4791" WIDTH="33"/>
							<String ID="P2_ST01992" HPOS="2919" VPOS="4759" WIDTH="65" HEIGHT="44" CONTENT="(the" WC="0.98" CC="1061"/>
							<SP ID="P2_SP01641" HPOS="2984" VPOS="4803" WIDTH="32"/>
							<String ID="P2_ST01993" HPOS="3016" VPOS="4765" WIDTH="60" HEIGHT="43" CONTENT="Ist)" WC="0.97" CC="6090"/>
							<SP ID="P2_SP01642" HPOS="3076" VPOS="4808" WIDTH="33"/>
							<String ID="P2_ST01994" HPOS="3109" VPOS="4770" WIDTH="36" HEIGHT="33" CONTENT="of" WC="1.00" CC="00"/>
							<SP ID="P2_SP01643" HPOS="3145" VPOS="4808" WIDTH="25"/>
							<String ID="P2_ST01995" HPOS="3170" VPOS="4772" WIDTH="90" HEIGHT="36" CONTENT="ONE" WC="0.97" CC="007"/>
						</TextLine>
						<TextLine ID="P2_TL00352" HPOS="2507" VPOS="4808" WIDTH="753" HEIGHT="70">
							<String ID="P2_ST01996" HPOS="2507" VPOS="4808" WIDTH="292" HEIGHT="43" CONTENT="HALF-PENNY" WC="0.99" CC="7006490604"/>
							<SP ID="P2_SP01644" HPOS="2799" VPOS="4851" WIDTH="28"/>
							<String ID="P2_ST01997" HPOS="2827" VPOS="4832" WIDTH="58" HEIGHT="31" CONTENT="per" WC="0.95" CC="453"/>
							<SP ID="P2_SP01645" HPOS="2885" VPOS="4863" WIDTH="32"/>
							<String ID="P2_ST01998" HPOS="2917" VPOS="4824" WIDTH="94" HEIGHT="36" CONTENT="share" WC="0.97" CC="47404"/>
							<SP ID="P2_SP01646" HPOS="3011" VPOS="4863" WIDTH="38"/>
							<String ID="P2_ST01999" HPOS="3049" VPOS="4841" WIDTH="67" HEIGHT="23" CONTENT="was" WC="0.92" CC="974"/>
							<SP ID="P2_SP01647" HPOS="3116" VPOS="4864" WIDTH="35"/>
							<String ID="P2_ST02000" HPOS="3151" VPOS="4838" WIDTH="109" HEIGHT="40" CONTENT="made," WC="0.97" CC="44073"/>
						</TextLine>
						<TextLine ID="P2_TL00353" HPOS="2506" VPOS="4871" WIDTH="759" HEIGHT="63">
							<String ID="P2_ST02001" HPOS="2506" VPOS="4871" WIDTH="136" HEIGHT="42" CONTENT="payable" WC="0.98" CC="8600756"/>
							<SP ID="P2_SP01648" HPOS="2642" VPOS="4913" WIDTH="31"/>
							<String ID="P2_ST02002" HPOS="2673" VPOS="4881" WIDTH="34" HEIGHT="28" CONTENT="at" WC="0.56" CC="08"/>
							<SP ID="P2_SP01649" HPOS="2707" VPOS="4913" WIDTH="30"/>
							<String ID="P2_ST02003" HPOS="2737" VPOS="4877" WIDTH="55" HEIGHT="35" CONTENT="the" WC="0.95" CC="770"/>
							<SP ID="P2_SP01650" HPOS="2792" VPOS="4913" WIDTH="32"/>
							<String ID="P2_ST02004" HPOS="2824" VPOS="4880" WIDTH="200" HEIGHT="50" CONTENT="Company's" WC="0.99" CC="675004040"/>
							<SP ID="P2_SP01651" HPOS="3024" VPOS="4930" WIDTH="26"/>
							<String ID="P2_ST02005" HPOS="3050" VPOS="4890" WIDTH="109" HEIGHT="44" CONTENT="Office," WC="0.99" CC="0111504"/>
							<SP ID="P2_SP01652" HPOS="3159" VPOS="4934" WIDTH="30"/>
							<String ID="P2_ST02006" HPOS="3189" VPOS="4897" WIDTH="76" HEIGHT="37" CONTENT="Cliff" WC="0.96" CC="45287"/>
						</TextLine>
						<TextLine ID="P2_TL00354" HPOS="2507" VPOS="4932" WIDTH="754" HEIGHT="64">
							<String ID="P2_ST02007" HPOS="2507" VPOS="4932" WIDTH="59" HEIGHT="40" CONTENT="St.," WC="0.95" CC="7943"/>
							<SP ID="P2_SP01653" HPOS="2566" VPOS="4972" WIDTH="24"/>
							<String ID="P2_ST02008" HPOS="2590" VPOS="4935" WIDTH="104" HEIGHT="42" CONTENT="Lyell," WC="0.67" CC="200664"/>
							<SP ID="P2_SP01654" HPOS="2694" VPOS="4977" WIDTH="23"/>
							<String ID="P2_ST02009" HPOS="2717" VPOS="4950" WIDTH="42" HEIGHT="22" CONTENT="on" WC="0.23" CC="68"/>
							<SP ID="P2_SP01655" HPOS="2759" VPOS="4977" WIDTH="23"/>
							<String ID="P2_ST02010" HPOS="2782" VPOS="4941" WIDTH="299" HEIGHT="52" CONTENT="WEDNESDAY," WC="0.99" CC="7679630001"/>
							<SP ID="P2_SP01656" HPOS="3081" VPOS="4993" WIDTH="24"/>
							<String ID="P2_ST02011" HPOS="3105" VPOS="4955" WIDTH="55" HEIGHT="35" CONTENT="the" WC="0.94" CC="870"/>
							<SP ID="P2_SP01657" HPOS="3160" VPOS="4993" WIDTH="24"/>
							<String ID="P2_ST02012" HPOS="3184" VPOS="4960" WIDTH="77" HEIGHT="36" CONTENT="12th" WC="0.28" CC="4697"/>
						</TextLine>
						<TextLine ID="P2_TL00355" HPOS="2505" VPOS="4994" WIDTH="299" HEIGHT="47">
							<String ID="P2_ST02013" HPOS="2505" VPOS="4994" WIDTH="191" HEIGHT="47" CONTENT="AUGUST," WC="0.98" CC="9064603"/>
							<SP ID="P2_SP01658" HPOS="2696" VPOS="5041" WIDTH="20"/>
							<String ID="P2_ST02014" HPOS="2716" VPOS="5003" WIDTH="88" HEIGHT="34" CONTENT="1885." WC="0.45" CC="06794"/>
						</TextLine>
						<TextLine ID="P2_TL00356" HPOS="2799" VPOS="5068" WIDTH="338" HEIGHT="54">
							<String ID="P2_ST02015" HPOS="2799" VPOS="5068" WIDTH="146" HEIGHT="39" CONTENT="JAMES" WC="0.96" CC="67455"/>
							<SP ID="P2_SP01659" HPOS="2945" VPOS="5107" WIDTH="24"/>
							<String ID="P2_ST02016" HPOS="2969" VPOS="5075" WIDTH="168" HEIGHT="47" CONTENT="INGLIS," WC="0.61" CC="2064093"/>
						</TextLine>
						<TextLine ID="P2_TL00357" HPOS="3050" VPOS="5143" WIDTH="170" HEIGHT="47">
							<String ID="P2_ST02017" HPOS="3050" VPOS="5143" WIDTH="170" HEIGHT="47" CONTENT="Manager." WC="0.99" CC="50709000"/>
						</TextLine>
						<TextLine ID="P2_TL00358" HPOS="2547" VPOS="5183" WIDTH="396" HEIGHT="55">
							<String ID="P2_ST02018" HPOS="2547" VPOS="5183" WIDTH="106" HEIGHT="45" CONTENT="Lyell," WC="0.74" CC="000653"/>
							<SP ID="P2_SP01660" HPOS="2653" VPOS="5228" WIDTH="18"/>
							<String ID="P2_ST02019" HPOS="2671" VPOS="5189" WIDTH="56" HEIGHT="35" CONTENT="4th" WC="0.42" CC="907"/>
							<SP ID="P2_SP01661" HPOS="2727" VPOS="5228" WIDTH="18"/>
							<String ID="P2_ST02020" HPOS="2745" VPOS="5191" WIDTH="91" HEIGHT="47" CONTENT="July," WC="0.97" CC="04793"/>
							<SP ID="P2_SP01662" HPOS="2836" VPOS="5238" WIDTH="17"/>
							<String ID="P2_ST02021" HPOS="2853" VPOS="5197" WIDTH="90" HEIGHT="36" CONTENT="1885." WC="0.50" CC="36094"/>
						</TextLine>
						<TextLine ID="P2_TL00359" HPOS="2684" VPOS="5289" WIDTH="397" HEIGHT="51">
							<String ID="P2_ST02022" HPOS="2684" VPOS="5289" WIDTH="184" HEIGHT="40" CONTENT="BULLER" WC="0.60" CC="701229"/>
							<SP ID="P2_SP01663" HPOS="2868" VPOS="5329" WIDTH="23"/>
							<String ID="P2_ST02023" HPOS="2891" VPOS="5297" WIDTH="190" HEIGHT="43" CONTENT="COUNTY." WC="0.98" CC="5350804"/>
						</TextLine>
						<TextLine ID="P2_TL00360" HPOS="2508" VPOS="5401" WIDTH="737" HEIGHT="68">
							<String ID="P2_ST02024" HPOS="2508" VPOS="5401" WIDTH="277" HEIGHT="68" CONTENT="RENDERS" WC="0.97" CC="8780590"/>
							<SP ID="P2_SP01664" HPOS="2785" VPOS="5469" WIDTH="38"/>
							<String ID="P2_ST02025" HPOS="2823" VPOS="5422" WIDTH="53" HEIGHT="24" CONTENT="are" WC="0.96" CC="441"/>
							<SP ID="P2_SP01665" HPOS="2876" VPOS="5469" WIDTH="36"/>
							<String ID="P2_ST02026" HPOS="2912" VPOS="5416" WIDTH="125" HEIGHT="38" CONTENT="invited" WC="0.98" CC="4845930"/>
							<SP ID="P2_SP01666" HPOS="3037" VPOS="5469" WIDTH="35"/>
							<String ID="P2_ST02027" HPOS="3072" VPOS="5424" WIDTH="51" HEIGHT="35" CONTENT="for" WC="0.94" CC="447"/>
							<SP ID="P2_SP01667" HPOS="3123" VPOS="5469" WIDTH="36"/>
							<String ID="P2_ST02028" HPOS="3159" VPOS="5429" WIDTH="86" HEIGHT="37" CONTENT="CON" WC="0.94" CC="509"/>
						</TextLine>
						<TextLine ID="P2_TL00361" HPOS="2614" VPOS="5467" WIDTH="647" HEIGHT="64">
							<String ID="P2_ST02029" HPOS="2614" VPOS="5467" WIDTH="251" HEIGHT="40" CONTENT="STRUCTION" WC="0.71" CC="607060500"/>
							<SP ID="P2_SP01668" HPOS="2865" VPOS="5507" WIDTH="37"/>
							<String ID="P2_ST02030" HPOS="2902" VPOS="5489" WIDTH="18" HEIGHT="22" CONTENT="0" STYLE="subscript" WC="0.32" CC="6"/>
							<String ID="P2_ST02031" HPOS="2923" VPOS="5478" WIDTH="15" HEIGHT="33" CONTENT="f" WC="1.00" CC="0"/>
							<SP ID="P2_SP01669" HPOS="2938" VPOS="5511" WIDTH="33"/>
							<String ID="P2_ST02032" HPOS="2971" VPOS="5483" WIDTH="63" HEIGHT="44" CONTENT="(n)" STYLE="subscript" WC="0.56" CC="075"/>
							<SP ID="P2_SP01670" HPOS="3034" VPOS="5527" WIDTH="39"/>
							<String ID="P2_ST02033" HPOS="3073" VPOS="5487" WIDTH="188" HEIGHT="44" CONTENT="ELEVEN" WC="0.96" CC="644779"/>
						</TextLine>
						<TextLine ID="P2_TL00362" HPOS="2505" VPOS="5527" WIDTH="755" HEIGHT="73">
							<String ID="P2_ST02034" HPOS="2505" VPOS="5527" WIDTH="168" HEIGHT="36" CONTENT="CHAINS" WC="0.98" CC="570007"/>
							<SP ID="P2_SP01671" HPOS="2673" VPOS="5563" WIDTH="30"/>
							<String ID="P2_ST02035" HPOS="2703" VPOS="5532" WIDTH="102" HEIGHT="44" CONTENT="Eight" WC="0.95" CC="94479"/>
							<SP ID="P2_SP01672" HPOS="2805" VPOS="5576" WIDTH="30"/>
							<String ID="P2_ST02036" HPOS="2835" VPOS="5537" WIDTH="79" HEIGHT="36" CONTENT="Mile" WC="0.96" CC="7327"/>
							<SP ID="P2_SP01673" HPOS="2914" VPOS="5576" WIDTH="32"/>
							<String ID="P2_ST02037" HPOS="2946" VPOS="5542" WIDTH="93" HEIGHT="38" CONTENT="Road" WC="0.95" CC="7409"/>
							<SP ID="P2_SP01674" HPOS="3039" VPOS="5580" WIDTH="29"/>
							<String ID="P2_ST02038" HPOS="3068" VPOS="5549" WIDTH="192" HEIGHT="51" CONTENT="Extension," WC="0.98" CC="6656946594"/>
						</TextLine>
						<TextLine ID="P2_TL00363" HPOS="2505" VPOS="5589" WIDTH="103" HEIGHT="44">
							<String ID="P2_ST02039" HPOS="2505" VPOS="5589" WIDTH="103" HEIGHT="44" CONTENT="Lyell." WC="0.66" CC="300663"/>
						</TextLine>
						<TextLine ID="P2_TL00364" HPOS="2546" VPOS="5683" WIDTH="716" HEIGHT="75">
							<String ID="P2_ST02040" HPOS="2546" VPOS="5683" WIDTH="142" HEIGHT="37" CONTENT="Tenders" WC="0.98" CC="9680190"/>
							<SP ID="P2_SP01675" HPOS="2688" VPOS="5720" WIDTH="16"/>
							<String ID="P2_ST02041" HPOS="2704" VPOS="5690" WIDTH="85" HEIGHT="35" CONTENT="close" WC="0.97" CC="14707"/>
							<SP ID="P2_SP01676" HPOS="2789" VPOS="5725" WIDTH="10"/>
							<String ID="P2_ST02042" HPOS="2799" VPOS="5704" WIDTH="40" HEIGHT="22" CONTENT="on" WC="0.17" CC="97"/>
							<SP ID="P2_SP01677" HPOS="2839" VPOS="5726" WIDTH="15"/>
							<String ID="P2_ST02043" HPOS="2854" VPOS="5694" WIDTH="202" HEIGHT="51" CONTENT="MONDAY," WC="1.00" CC="0100002"/>
							<SP ID="P2_SP01678" HPOS="3056" VPOS="5745" WIDTH="14"/>
							<String ID="P2_ST02044" HPOS="3070" VPOS="5708" WIDTH="77" HEIGHT="36" CONTENT="13th" WC="0.48" CC="4807"/>
							<SP ID="P2_SP01679" HPOS="3147" VPOS="5745" WIDTH="16"/>
							<String ID="P2_ST02045" HPOS="3163" VPOS="5711" WIDTH="99" HEIGHT="47" CONTENT="July," WC="0.98" CC="08134"/>
						</TextLine>
						<TextLine ID="P2_TL00365" HPOS="2506" VPOS="5746" WIDTH="422" HEIGHT="54">
							<String ID="P2_ST02046" HPOS="2506" VPOS="5746" WIDTH="90" HEIGHT="42" CONTENT="1885," WC="0.45" CC="65590"/>
							<SP ID="P2_SP01680" HPOS="2596" VPOS="5788" WIDTH="18"/>
							<String ID="P2_ST02047" HPOS="2614" VPOS="5754" WIDTH="34" HEIGHT="29" CONTENT="at" WC="1.00" CC="00"/>
							<SP ID="P2_SP01681" HPOS="2648" VPOS="5788" WIDTH="16"/>
							<String ID="P2_ST02048" HPOS="2664" VPOS="5752" WIDTH="19" HEIGHT="32" CONTENT="4" WC="1.00" CC="0"/>
							<SP ID="P2_SP01682" HPOS="2683" VPOS="5788" WIDTH="16"/>
							<String ID="P2_ST02049" HPOS="2699" VPOS="5753" WIDTH="133" HEIGHT="44" CONTENT="o'clock," WC="0.98" CC="34635061"/>
							<SP ID="P2_SP01683" HPOS="2832" VPOS="5797" WIDTH="16"/>
							<String ID="P2_ST02050" HPOS="2848" VPOS="5769" WIDTH="80" HEIGHT="31" CONTENT="p.m." WC="0.95" CC="9363"/>
						</TextLine>
						<TextLine ID="P2_TL00366" HPOS="2546" VPOS="5866" WIDTH="714" HEIGHT="77">
							<String ID="P2_ST02051" HPOS="2546" VPOS="5866" WIDTH="98" HEIGHT="37" CONTENT="Plans" WC="0.98" CC="71260"/>
							<SP ID="P2_SP01684" HPOS="2644" VPOS="5903" WIDTH="38"/>
							<String ID="P2_ST02052" HPOS="2682" VPOS="5872" WIDTH="66" HEIGHT="34" CONTENT="and" WC="0.94" CC="159"/>
							<SP ID="P2_SP01685" HPOS="2748" VPOS="5906" WIDTH="35"/>
							<String ID="P2_ST02053" HPOS="2783" VPOS="5878" WIDTH="239" HEIGHT="41" CONTENT="specifications" WC="0.99" CC="40730116073074"/>
							<SP ID="P2_SP01686" HPOS="3022" VPOS="5919" WIDTH="36"/>
							<String ID="P2_ST02054" HPOS="3058" VPOS="5893" WIDTH="34" HEIGHT="31" CONTENT="at" WC="0.23" CC="59"/>
							<SP ID="P2_SP01687" HPOS="3092" VPOS="5924" WIDTH="37"/>
							<String ID="P2_ST02055" HPOS="3129" VPOS="5892" WIDTH="131" HEIGHT="51" CONTENT="County" WC="0.97" CC="678706"/>
						</TextLine>
						<TextLine ID="P2_TL00367" HPOS="2504" VPOS="5928" WIDTH="610" HEIGHT="66">
							<String ID="P2_ST02056" HPOS="2504" VPOS="5928" WIDTH="109" HEIGHT="42" CONTENT="Office," WC="0.98" CC="8333052"/>
							<SP ID="P2_SP01688" HPOS="2613" VPOS="5970" WIDTH="17"/>
							<String ID="P2_ST02057" HPOS="2630" VPOS="5934" WIDTH="65" HEIGHT="34" CONTENT="and" WC="0.96" CC="260"/>
							<SP ID="P2_SP01689" HPOS="2695" VPOS="5970" WIDTH="16"/>
							<String ID="P2_ST02058" HPOS="2711" VPOS="5939" WIDTH="34" HEIGHT="31" CONTENT="at" WC="0.19" CC="69"/>
							<SP ID="P2_SP01690" HPOS="2745" VPOS="5970" WIDTH="17"/>
							<String ID="P2_ST02059" HPOS="2762" VPOS="5937" WIDTH="53" HEIGHT="35" CONTENT="Mr" WC="0.97" CC="00"/>
							<SP ID="P2_SP01691" HPOS="2815" VPOS="5972" WIDTH="15"/>
							<String ID="P2_ST02060" HPOS="2830" VPOS="5940" WIDTH="164" HEIGHT="40" CONTENT="Fennell's" WC="0.59" CC="600756442"/>
							<SP ID="P2_SP01692" HPOS="2994" VPOS="5980" WIDTH="16"/>
							<String ID="P2_ST02061" HPOS="3010" VPOS="5949" WIDTH="104" HEIGHT="45" CONTENT="Lyell." WC="0.60" CC="201784"/>
						</TextLine>
						<TextLine ID="P2_TL00368" HPOS="2877" VPOS="6005" WIDTH="265" HEIGHT="52">
							<String ID="P2_ST02062" HPOS="2877" VPOS="6005" WIDTH="40" HEIGHT="34" CONTENT="E." WC="1.00" CC="00"/>
							<SP ID="P2_SP01693" HPOS="2917" VPOS="6039" WIDTH="25"/>
							<String ID="P2_ST02063" HPOS="2942" VPOS="6008" WIDTH="200" HEIGHT="49" CONTENT="O'CONOR," WC="0.74" CC="04600072"/>
						</TextLine>
						<TextLine ID="P2_TL00369" HPOS="2885" VPOS="6068" WIDTH="335" HEIGHT="50">
							<String ID="P2_ST02064" HPOS="2885" VPOS="6068" WIDTH="129" HEIGHT="48" CONTENT="County" WC="0.97" CC="656709"/>
							<SP ID="P2_SP01694" HPOS="3014" VPOS="6116" WIDTH="17"/>
							<String ID="P2_ST02065" HPOS="3031" VPOS="6075" WIDTH="189" HEIGHT="43" CONTENT="Chairman." WC="0.98" CC="471069884"/>
						</TextLine>
					</TextBlock>
				</ComposedBlock>
			</PrintSpace>
		</Page>
	</Layout>
</alto>
