3388 6182
822 84 137 46 THE
1026 85 219 47 LYELL
1310 85 221 55 TIMES,
1598 86 364 58 SATURDAY,
2027 94 161 61 JULY
2258 110 41 31 n
2407 98 121 58 1885.

347 224 301 35 NOTICE,

194 348 190 36 HEREBY
400 352 71 40 giro
487 351 105 34 notice
608 351 72 33 that
691 351 16 32 I
720 349 114 34 intend
845 354 32 29 to

237 413 96 44 apply
356 418 33 30 to
413 413 54 36 the
491 415 93 34 Land
607 415 119 40 Board,
753 414 48 35 for
823 415 54 34 the

126 471 138 38 District
279 479 32 30 ot
326 477 133 40 Nelson,
479 479 44 32 for
540 489 39 22 an
598 476 278 36 OCCUPATION

126 535 197 37 LICENSE
354 542 49 31 for
430 542 89 32 ONE
554 542 225 33 HUNDRED
817 542 63 31 and

128 599 135 35 FIFTY
294 614 89 23 acres
413 605 35 33 of
474 605 86 38 land,
586 605 139 33 situated
754 615 40 21 on
827 604 53 32 the

130 667 82 30 west
227 664 68 35 side
319 667 36 33 of
375 665 193 36 Matakitaki
593 667 85 33 river
696 672 32 28 at
750 679 18 21 a
792 667 89 43 place

129 725 123 36 known
274 740 35 21 as
333 729 126 35 Fenian
474 730 92 40 Flat;
591 730 148 33 bounded
763 742 40 21 on
828 730 53 33 the

130 794 71 28 cast
236 790 44 42 by
318 792 195 32 Matukitaki
548 793 85 31 river
662 793 63 31 and
756 805 40 19 on
828 793 53 31 the

133 849 204 42 north-west,
353 853 66 32 and
435 852 106 37 south,
558 852 42 44 by
613 853 115 33 Crown
744 853 117 32 Lands.

328 924 265 35 FREDERICK
617 926 184 41 LESTER,

175 986 202 41 Murchison,
394 988 74 33 27th
485 989 98 38 June,
603 991 87 31 1885.

128 1081 259 49 WOLF
469 1088 178 44 AND
735 1090 146 53 CO.,

287 1172 214 33 Wholesale
517 1185 65 21 and
602 1175 128 33 Retail

133 1234 752 75 BUTCHERS.

259 1362 134 35 Dealers
409 1365 33 33 in
458 1366 44 33 all
519 1366 212 45 descriptions
747 1368 36 33 of

153 1429 126 35 FARM
322 1433 93 32 AND
460 1434 141 33 DAIRY
645 1436 224 33 PRODUCE.

133 1542 122 36 Hotels
264 1544 66 34 and
346 1546 155 35 Families
512 1548 117 34 waited
645 1560 43 22 on
704 1549 49 33 for
763 1549 120 33 Orders

176 1658 120 36 Orders
319 1659 164 35 delivered
508 1666 32 30 to
567 1662 43 34 all
636 1668 90 39 parts
741 1676 19 21 o
798 1664 54 33 the

445 1718 148 36 District.

347 1833 86 35 Note
450 1835 56 33 the
523 1835 146 34 Address

316 1903 77 33 OL
418 1906 26 30 F
530 1907 136 31 AND
765 1908 110 40 CO.,

202 1971 88 35 Next
318 1972 55 35 the
404 1973 227 36 Government
657 1975 180 45 Buildiugs,

318 2040 102 34 Cliff
444 2041 142 42 Street,
609 2042 124 36 Lyell.

200 2143 81 33 1050
341 2144 349 57 -pßnnnn
769 2147 57 33 105
829 2148 19 31 °

161 2189 160 32 PRIZES
337 2178 369 41 aJJU.UUU.
730 2193 155 28 PRT/FS

730 2193 158 35 PRIZES

221 2285 74 33 The
311 2287 134 32 Sydney
461 2287 128 33 Jockey
603 2289 94 31 Turf
715 2289 118 32 Club's

149 2350 522 83 JJELBOUENE
735 2355 48 82 Q
809 2356 95 49 UP

297 2457 355 44 CONSULTATION,
671 2463 88 32 1885.

152 2572 50 37 To
211 2572 39 36 bi
261 2583 62 24 run
335 2584 42 24 on
392 2573 52 36 the
457 2574 210 47 Flemington
679 2576 58 35 Ra(
746 2588 18 22 e
776 2576 130 41 Course,

250 2632 201 39 Melbourne,
467 2633 33 31 in
517 2635 195 38 November,
726 2637 89 30 ISBS.

314 2722 329 68 MEMBERS
678 2731 59 61 £i

155 2835 71 36 The
243 2836 159 36 PRIZES
418 2837 64 34 will
500 2837 37 34 be
554 2837 133 36 allotted
699 2838 41 46 by
754 2838 156 43 Drawing

424 2897 35 23 as
474 2885 103 34 under
593 2896 50 24 :

197 2951 88 35 First
299 2952 107 35 Horse

196 2998 129 35 Second
340 2999 107 36 Horse

194 3046 104 34 Third
313 3047 107 34 Horse

198 3092 102 33 Other
315 3093 140 32 Starters
473 3094 151 42 (divided)
645 3120 34 7 ...

198 3136 225 36 Non-starters
439 3139 154 44 (divided)
643 3167 36 8 ...

200 3184 17 31 1
234 3183 84 33 Cash
336 3184 92 33 Prize

198 3230 22 33 2
235 3229 85 34 Cash
338 3229 108 35 Prizes
459 3232 121 41 (£IOOO
591 3233 92 43 each)

200 3277 20 32 4
235 3277 86 32 Cash
338 3278 107 32 Prizes
463 3279 100 40 (£SOO
578 3279 91 43 each)

180 3322 41 33 10
236 3322 86 33 Cash
339 3323 106 33 Prizes
464 3324 100 38 (£IOO
579 3325 91 41 each)

177 3368 43 33 30
469 3369 87 35 £IOO

519 3512 42 31 20
611 3512 18 14 M

730 2957 140 32 £IO.OOO

777 3003 93 34 4,000

777 3051 93 35 2,000

779 3096 91 31 1.500

779 3143 91 35 1,500

778 3189 93 30 2.000

778 3235 93 37 2,000

779 3282 93 35 2,0)0

779 3327 93 35 2,000

779 3373 94 31 3.000

779 3421 94 33 3,500

779 3466 94 37 5,000

760 3513 112 38 11,500

380 3603 115 32 Grand
511 3604 94 31 Total
649 3629 36 8 ...
732 3606 140 38 £50,000

200 3691 69 35 The
279 3692 133 44 Sydney
419 3693 126 43 Jockey
558 3694 83 34 Turf
643 3693 82 36 Club
735 3695 37 34 of
781 3696 131 43 Sydney

159 3739 34 33 in
210 3738 160 42 thanking
388 3739 84 34 their
488 3751 176 23 numerous
681 3742 122 32 Clients
819 3743 33 33 in
869 3743 43 33 all

157 3788 75 39 past
253 3785 379 42 CONSULTATIONS,
655 3786 60 42 beg
737 3794 32 27 to
794 3789 115 32 inform

159 3830 93 34 them
273 3831 66 34 and
362 3831 55 34 the
440 3832 112 33 Public
573 3834 176 43 generally,
773 3834 32 33 in
832 3835 79 33 New

158 3876 106 35 South
300 3877 120 40 Wales,
457 3878 55 34 the
547 3879 168 43 adjoining
751 3880 160 39 Colonies,

158 3923 118 38 China,
294 3924 61 32 and
371 3924 105 40 India,
490 3925 73 33 that
572 3926 48 33 for
630 3927 55 32 the
699 3926 212 35 Melbourne

157 3969 72 34 Cup
245 3970 34 34 of
293 3972 89 39 1885,
398 3971 78 43 they
492 3971 81 34 have
591 3972 132 34 decided
744 3978 32 29 to
794 3974 74 33 hold
894 3987 13 20 n

158 4017 142 35 £50,000
311 4018 252 31 Consultation
572 4018 48 32 for
629 4019 73 32 that
713 4026 106 27 event.
844 4020 67 33 The

158 4061 129 45 highest
317 4063 103 33 Prize
452 4063 95 42 being
580 4065 150 40 £IO,OOO,
761 4067 65 32 and
856 4067 53 33 the

158 4107 113 37 lowest
294 4111 76 33 £2O.
415 4111 68 33 The
505 4110 108 35 SJ.T.
632 4112 82 33 Club
738 4112 82 34 have
844 4114 67 32 also

159 4155 134 35 decided
317 4163 31 27 to
372 4157 118 35 deduct
513 4158 77 43 only
613 4160 39 32 10
674 4170 57 32 per
754 4166 84 27 cent,
863 4162 49 31 for

157 4202 178 43 Expenses,
351 4204 127 33 instead
492 4205 37 32 of
542 4207 36 30 15
595 4216 56 32 per
666 4210 83 29 cent,
774 4206 48 42 (as
846 4207 61 32 last

154 4251 104 40 year).
281 4296 5 5 _

201 4296 33 33 It
247 4295 67 34 will
329 4295 38 34 be
384 4307 73 22 seen
476 4296 42 43 by
540 4297 54 32 the
612 4297 210 43 Programme
840 4298 70 33 that

159 4342 80 33 1050
271 4342 121 33 Prizes
415 4342 68 33 will
506 4342 38 34 be
572 4343 243 40 Distributed,
847 4346 63 32 and

155 4394 249 36 arrangements
434 4401 52 21 are
513 4389 96 43 being
634 4390 94 32 made
755 4397 32 25 to
819 4392 92 38 bring

158 4433 66 34 this
241 4433 226 35 Consultation
485 4435 219 45 prominently
728 4435 103 35 before
856 4437 54 34 the

156 4480 116 34 Public
288 4482 32 31 in
337 4481 42 33 all
391 4488 88 36 parts
490 4482 35 33 of
532 4482 53 33 the
606 4483 194 32 World—no
812 4484 99 33 doubt

156 4527 177 40 whatever,
365 4527 57 35 but
450 4528 71 34 that
554 4528 44 34 all
629 4529 117 33 Shares
776 4531 65 32 will
873 4530 37 34 be

156 4573 99 36 taken
271 4585 55 33 up.

201 4621 156 41 Drawing
372 4622 64 33 will
453 4622 73 33 take
541 4623 91 43 place
643 4624 102 33 under
755 4624 55 34 the
825 4625 62 33 Com-

157 4677 126 23 mittee
300 4668 35 33 of
349 4668 236 32 Management
602 4669 98 34 about
716 4671 95 32 Four
827 4671 84 33 clear

156 4714 83 43 days
254 4714 107 35 before
378 4715 54 34 the
449 4715 71 34 Day
537 4716 34 33 of
581 4715 53 35 the
648 4716 102 34 Race.
798 4717 113 35 Result

156 4761 39 33 of
213 4761 55 33 the
292 4761 156 42 Drawing
470 4762 66 32 will
552 4762 37 32 be
608 4763 179 33 forwarded
809 4770 34 27 to
867 4766 42 31 all

160 4805 213 37 Subscribers.
438 4807 74 41 Any
547 4807 190 36 Subscriber
775 4822 60 21 can
872 4810 38 34 he

159 4858 131 38 present
305 4859 32 27 at
354 4855 54 31 the
433 4855 164 38 Drawing,
616 4856 104 32 either
737 4857 33 31 in
795 4869 114 30 person

155 4910 40 23 or
210 4899 43 43 by
269 4910 111 33 proxy,
398 4911 40 22 on
447 4900 137 42 making
601 4900 197 45 application
813 4907 32 29 to
857 4903 54 33 the

157 4946 173 43 Secretary
346 4947 34 31 in
393 4947 137 39 writing.

197 5038 78 38 162
298 5038 204 38 HORSES
524 5039 348 39 NOMINATED.

372 5128 175 42 Exchange
558 5136 32 27 to
603 5130 158 43 Cheques,
773 5132 64 33 and
850 5137 62 28 two

325 5176 134 42 Stamps
495 5176 48 32 for
573 5177 92 41 reply
702 5178 64 32 and
802 5179 109 32 result.

325 5222 110 32 Drafts
451 5232 35 21 or
502 5222 76 33 P.O.
596 5222 117 34 Orders
725 5229 32 28 to
770 5224 38 33 be
819 5225 92 32 made

323 5267 136 47 payable
469 5273 75 29 to—

391 5327 146 33 JAMES
561 5328 227 40 WALLACE,

531 5373 166 45 Secretary
717 5375 153 35 S.J.T.C,

239 5422 73 32 Dox
328 5422 70 37 784,
415 5421 131 37 G,P.0.,
565 5420 142 44 Sydney.

199 5532 20 15 '*
234 5529 70 32 For
333 5536 66 22 the
429 5526 114 32 Blood
570 5536 33 22 is
633 5535 65 22 the

154 5572 219 38 CLARKE'S
400 5571 338 35 WORLD-FAMED
764 5574 147 34 BLOOD

160 5620 211 35 MIXTURE
392 5619 30 31 is
445 5618 182 32 warranted
653 5625 33 25 to
710 5620 124 33 cleanse
858 5622 54 33 the

156 5667 99 36 blood
270 5666 83 33 from
377 5664 43 34 all
442 5664 182 43 impurities
643 5664 84 33 from
750 5664 163 37 whatever

153 5725 100 25 •cause
264 5713 131 38 arising.
440 5711 64 32 For
514 5710 155 39 Scrofula,
683 5711 134 43 Scurvy,
833 5714 77 31 Skin

158 5761 64 35 and
234 5758 103 35 Blood
349 5757 160 37 Diseases,
522 5755 64 33 and
598 5756 94 33 Sores
706 5757 34 32 of
751 5757 42 34 all
805 5758 106 41 kinds,

155 5810 43 33 its
213 5806 110 35 effects
339 5815 53 22 are
409 5802 208 33 marvellous.
662 5803 193 35 Thousands
878 5807 36 31 of

154 5850 232 41 testimonials.
433 5848 76 35 Sold
532 5849 33 32 in
582 5848 127 41 bottles,
727 5852 34 32 2s
784 5851 40 34 6d
847 5853 64 34 and

158 5906 54 30 lis
228 5899 80 35 each
323 5899 42 42 by
376 5896 163 34 Chemists
550 5895 64 33 and
624 5897 117 33 Patent
752 5898 159 35 Medicine

156 5947 148 37 Vendors
326 5942 217 45 everywhere.
598 5942 71 33 Sole
700 5942 209 46 Proprietors,

149 5998 78 33 The
259 5994 151 33 Lincoln
440 5999 66 23 and
544 5989 160 33 Midland
743 5991 168 36 Counties

147 6044 107 34 Dim*
271 6040 70 34 Co..
358 6036 139 35 Lincoln
514 6034 164 44 England,

931 221 425 46 WELCOME
1442 224 220 56 INN,

1221 293 122 33 Lyell.

1023 384 162 39 Ellen
1258 385 292 50 Williams,

929 461 9 16 ■
959 451 24 26 A
1018 451 169 36 ieluiuiiig
1210 451 119 29 tiifumo
1352 448 49 32 for
1427 458 72 32 pact
1526 449 139 35 favours,

1001 508 74 40 begs
1097 512 32 31 to
1154 509 118 33 inform
1294 510 58 33 her
1375 510 121 34 friends
1519 510 65 34 and
1611 510 54 33 the

914 568 106 45 public
1046 569 69 35 that
1141 571 57 33 she
1229 571 59 33 has
1313 573 69 41 just
1409 571 182 44 con-.pleted
1616 583 33 21 ex-

916 634 120 31 tensive
1061 634 161 32 additions
1251 646 40 22 nil
1307 635 7 31 1
1339 635 189 33 alterations
1556 640 31 27 to
1611 634 58 31 her

917 695 164 43 premises,
1106 697 62 32 and
1195 698 51 32 the
1275 698 245 33 accomodation
1545 698 26 31 is
1594 708 73 21 now

1176 761 226 34 unsurpassed.

917 871 85 38 Ales,
1035 871 72 31 Win
1130 883 24 20 s.
1183 872 62 32 and
1275 873 114 41 Spirits
1421 873 34 30 of
1484 872 186 33 First-class

1124 929 130 42 Quality
1272 929 75 42 only
1366 929 84 42 kept.

1152 1042 91 34 Good
1267 1041 157 45 Stabling.

1126 1109 149 33 ELLEN
1305 1109 244 40 WILLIAMS,

1374 1182 258 23 rKOPUIiCTUESS.

923 1272 468 39 COMMERCIAL
1420 1272 254 48 HOTEL,

1066 1331 115 34 Cliff
1213 1333 153 38 iSthkkt,
1397 1330 124 35 Lyell

927 1426 127 69 THE
1072 1425 228 42 undersigned,
1319 1425 120 40 having
1455 1425 130 33 become
1603 1426 55 31 Pro-

1033 1471 119 43 prietor
1182 1477 31 27 ot
1243 1472 54 34 the
1337 1471 100 34 jibove
1467 1472 210 33 well-known

928 1517 109 37 Hotel,
1055 1518 99 41 hopes
1171 1517 42 44 by
1230 1519 89 31 strict
1336 1519 156 31 attention
1512 1524 32 27 to
1561 1518 54 33 the
1633 1529 28 21 re-

927 1563 199 44 quirements
1139 1564 35 34 of
1178 1564 54 34 the
1244 1570 130 38 patrons
1391 1564 34 33 of
1435 1564 53 35 the
1503 1564 100 33 house
1615 1564 63 33 and

927 1611 39 31 he
981 1610 107 43 public
1100 1612 163 42 generally
1275 1617 30 27 to
1319 1613 94 30 merit
1424 1623 18 20 a
1457 1611 217 33 continuance

934 1656 28 33 jf
982 1657 53 31 the
1061 1656 112 34 liberal
1198 1663 132 38 support
1355 1656 141 35 hitherto
1522 1655 157 36 accorded

1145 1704 54 31 the
1216 1704 258 32 establishment.

971 1797 68 31 The
1069 1798 156 40 premises
1252 1798 83 30 have
1353 1797 69 42 just
1449 1797 187 39 undergone
1667 1809 14 18 a

931 1841 158 42 thorough
1135 1842 203 39 renovation,
1384 1842 61 34 and
1493 1842 191 39 Travellers,

931 1890 148 36 Visitors,
1111 1890 61 32 Mild
1206 1891 108 31 others
1342 1890 64 33 will
1432 1902 71 20 now
1531 1890 70 32 find
1630 1890 54 31 the

933 1935 214 34 Commercial
1177 1947 60 22 one
1264 1942 31 27 ot
1322 1936 54 33 the
1404 1935 70 35 best
1500 1936 92 34 fitted
1624 1928 77 50 and]

933 1990 85 25 most
1048 1984 224 32 commodious
1295 1985 116 31 Hotels
1439 1996 43 20 on
1514 1984 54 33 the
1601 1985 86 31 West
1700 1984 1 37 j

934 2029 107 31 Coast.
1700 2024 1 36 i

976 2123 71 31 One
1085 2131 39 23 of
1157 2121 162 33 Alcock's
1358 2122 87 32 Best
1484 2121 164 33 Billiard

1241 2168 139 34 Tables.

938 2264 111 34 Wines
1065 2263 63 34 and
1148 2264 115 43 Spirits
1281 2266 30 31 of
1327 2265 55 32 the
1393 2264 70 34 best
1474 2264 127 43 quality
1615 2264 77 43 only

1275 2309 87 45 kept.

980 2403 186 34 First-class
1190 2404 118 43 Livery
1332 2404 63 33 and
1416 2404 73 35 Lait
1514 2404 138 41 Stables,

1186 2451 69 32 well
1275 2451 159 44 supplied.

1166 2507 174 40 JAM.&S
1369 2507 249 51 ORMOND,

1147 2554 92 39 (Late
1258 2554 33 31 of
1308 2553 173 43 Westport)

1420 2600 193 43 Proprietor,

921 2702 2 58 I
1153 2707 34 46 N
1216 2708 33 45 0
1275 2707 32 46 T
1331 2707 20 44 I
1376 2707 31 47 C
1429 2707 53 47 E.

943 2819 45 31 To
1013 2819 53 31 the
1098 2819 125 31 Publlc
1247 2819 35 30 of
1307 2819 99 41 Lyell,
1434 2820 62 31 and
1524 2819 153 33 surround-

1247 2874 152 37 distriots.

922 2931 1 26 i

947 2989 128 35 milE
1105 2989 343 36 UNDERSIGNED,
1473 2991 122 41 having
1622 3003 56 34 pur-

1049 3049 120 33 chased
1187 3050 52 33 the
1259 3049 145 34 business
1421 3050 118 33 known
1562 3064 35 19 as
1625 3050 72 34 Win

945 3104 146 33 Brown's
1108 3106 83 32 Boot
1209 3106 98 43 Shop,
1329 3107 99 41 Lyell.
1447 3118 25 20 is
1491 3106 153 43 prepared
1665 3114 31 26 to

944 3161 58 33 sell
1015 3162 54 33 the
1088 3163 210 32 whoieofhis
1315 3161 64 35 LA:
1389 3163 72 32 MS--i
1474 3163 62 32 and
1557 3165 109 31 WELL-

944 3218 229 35 ASSOUTED
1194 3219 146 40 STOCK,
1359 3219 34 35 of
1409 3219 107 35 Ma.v's
1537 3220 159 35 Women's

945 3276 64 32 and
1046 3276 203 33 Children's
1284 3278 96 32 Boots
1413 3278 63 32 and
1517 3279 112 39 Shoes,
1668 3287 32 24 at

946 3332 102 43 prices
1079 3341 31 23 to
1136 3334 64 32 suit
1225 3334 53 33 the
1303 3334 105 33 ti:u*s.
1434 3335 63 31 .ml
1658 3337 41 42 by

946 3390 120 32 careful
1089 3391 157 33 attention
1267 3402 29 22 to
1322 3391 155 39 business,
1503 3400 30 26 to
1559 3395 95 32 merit
1684 3407 16 20 a

946 3447 60 33 fair
1021 3447 94 34 share
1132 3449 35 32 of
1181 3447 105 45 public
1305 3457 185 35 patronage.

985 3526 52 33 All
1054 3527 99 42 goods
1171 3526 108 36 marko
1294 3528 9 33 1
1321 3529 30 33 in
1371 3529 85 43 plain
1476 3530 41 38 (i;
1529 3541 72 22 ires.

987 3602 154 30 N.B.—A
1159 3602 85 39 large
1260 3603 117 40 supply
1394 3604 35 30 of
1444 3604 103 31 North
1576 3605 120 31 British

914 3656 16 37 ■
946 3656 86 32 Gum
1060 3656 110 37 Boots,
1195 3657 63 32 and
1283 3659 76 30 Ow\
1360 3656 2 37 T
1390 3657 98 35 Maku
1512 3659 37 34 of
1575 3659 103 34 Water-

924 3711 2 45 :
947 3711 99 42 tights
1062 3713 121 43 always
1200 3725 41 21 on
1260 3713 95 33 hand.

987 3790 135 42 Repairs
1139 3792 110 43 neatly
1266 3793 165 35 executed.

1152 3885 82 32 Note
1251 3885 54 33 the
1323 3886 158 34 Address:

923 3944 3 70 :
1079 3951 27 47 J
1139 3951 34 49 0
1206 3951 43 49 H
1282 3954 36 46 N
1375 3954 37 48 13
1440 3957 33 46 li
1496 3957 110 48 0W
1628 3958 37 47 N
1685 3997 10 17 ,

923 4040 1 37 I
1088 4040 83 31 Boot
1188 4040 62 32 and
1270 4042 200 34 Shoemaker
1489 4044 63 33 and

1235 4110 171 42 Importer.

985 4177 85 32 Next
1086 4177 78 32 door
1181 4183 30 27 to
1227 4181 18 14 kt
1260 4179 109 32 Tnn>s
1540 4182 101 41 Lyell.

962 4272 392 41 ALHAMBRA
1416 4277 264 51 HOTEL,

922 4409 2 47 i
948 4409 126 31 VTIHE
1093 4411 216 40 undersigned
1328 4412 120 44 having
1464 4415 133 34 become
1623 4417 57 33 Pro-

955 4464 42 16 -*-
1052 4456 120 43 pi'ietor
1187 4458 35 32 of
1235 4458 63 33 this
1315 4461 210 36 well-known
1543 4463 63 33 and
1625 4465 75 40 long

944 4502 196 34 established
1157 4505 110 38 Hotel,
1286 4508 106 33 would
1415 4511 57 39 beg
1491 4517 30 26 to
1540 4510 88 33 draw
1646 4512 53 33 the

944 4552 160 31 attention
1128 4550 35 35 of
1188 4551 193 42 Travellers,
1408 4556 137 34 Persons
1571 4558 130 40 visiting

945 4595 52 35 the
1016 4597 134 39 district,
1168 4598 62 34 and
1256 4600 52 33 the
1333 4603 108 41 public
1465 4605 178 42 generally,
1669 4612 31 26 to

947 4642 51 34 the
1015 4644 106 43 ample
1138 4645 63 32 and
1220 4649 195 33 convenient
1427 4651 166 33 character
1606 4653 35 31 of
1648 4652 52 33 the

922 4691 1 47 ;
944 4691 246 33 accomodation
1222 4693 106 34 which
1366 4696 53 34 the
1450 4697 251 35 establishment

1253 4741 129 34 affords.

945 4829 135 36 Board
1096 4832 81 35 and
1192 4832 164 48 lodging
1382 4865 19 7 ..
1425 4836 54 37 £1
1494 4847 73 35 per
1587 4839 114 35 week

945 4872 219 37 Meals—at
1179 4875 54 35 all
1247 4876 170 37 hours—
1591 4880 38 36 Is
1646 4881 55 35 6d

945 4914 106 37 Beds
1663 4923 38 36 is

945 4992 68 33 The
1030 4993 110 33 Table
1157 4995 65 34 will
1238 4997 37 33 be
1292 4998 104 34 under
1407 4999 54 34 the
1473 5000 103 34 direct
1589 5012 92 32 super-

946 5038 104 34 vision
1067 5040 34 33 of
1115 5040 67 35 Mrs
1198 5044 37 31 A.

948 5132 83 34 Next
1038 5133 79 34 door
1130 5140 32 28 to
1178 5136 54 33 the
1249 5138 99 34 Hotel
1361 5139 89 34 there
1461 5139 28 34 is
1502 5152 17 21 a
1532 5141 89 40 large
1634 5141 65 33 and

1028 5181 225 35 commodious
1281 5185 106 33 Boom
1410 5186 138 34 suitable
1571 5189 50 32 for

1090 5227 171 42 Meetings,
1287 5231 112 33 Dance
1425 5234 132 42 parties,

1173 5275 294 44 Entertainment,

1295 5326 53 32 &c.

924 5363 2 26 i

950 5414 113 33 Wines
1079 5425 65 22 and
1163 5417 126 33 Splits
1307 5429 38 22 of
1362 5429 65 23 the
1445 5430 80 22 best
1549 5430 151 28 quality.

988 5507 159 33 Marshall
1169 5509 65 32 and
1256 5510 196 41 CopelaiKps
1469 5512 126 31 XX.XX
1620 5523 40 20 on

1290 5559 65 42 tap.

1183 5668 94 33 Good
1303 5668 157 38 Stablms.

1122 5781 52 34 All
1193 5782 133 43 charges
1343 5783 176 35 moderate.

1160 5851 200 34 ANTONIO
1384 5852 235 41 ACCOLINO,

1468 5902 192 41 Proprietor.

1019 5995 245 34 ILL-HEADS
1282 5997 110 44 neatly
1412 5999 154 34 executed
1590 6008 33 25 at
1648 5999 52 35 the

1091 6043 109 31 Times
1218 6042 109 32 Office.

1848 228 251 51 NEWM
2120 235 39 44 A
2181 235 38 44 N
2244 236 5 16 '
2274 235 29 46 S

1786 366 70 33 0Y
1873 369 28 32 A
1917 369 26 32 L

2103 373 101 33 AIL

2346 376 105 33 INE

1939 490 56 34 OF
2019 492 209 37 COACHES

1741 603 282 37 Twice-Weekly
2062 609 144 34 Service
2246 611 168 34 Between

1896 662 111 36 Lyell
2030 676 64 22 and
2114 667 145 35 Nelson.

1704 753 106 34 Leave
1828 754 95 43 Lyell
1939 757 48 33 for
2004 759 119 32 Nelson
2143 773 95 29 every
2256 761 204 42 Wednesday

1705 810 62 31 and
1788 811 118 42 Friday
1925 820 32 24 at
1974 816 16 29 7
2009 826 92 22 a.m.,
2120 816 146 41 arriving
2283 825 32 23 at
2345 816 109 33 Foxhi

1705 876 98 31 every
1820 867 172 44 Thursday
2018 872 63 30 and
2101 872 162 42 Saturday
2282 872 33 31 in
2333 879 78 25 tune
2430 879 30 26 to

1859 926 94 32 catch
1971 926 54 34 the
2044 928 147 41 nidi-day
2209 929 94 31 train.

1706 984 106 32 Leave
1844 985 127 35 Foxliill
2002 990 47 31 tor
2077 989 93 42 Lyell
2203 1000 98 31 every
2319 989 143 44 Monday

1706 1041 65 33 and
1788 1042 207 46 Wednesday
2019 1053 33 26 at
2080 1048 36 31 11
2152 1059 90 25 a.m.,
2268 1048 143 40 arriving

1788 1098 93 42 Lyell
1896 1110 41 21 on
1955 1101 148 44 Tuesday
2122 1103 64 31 and
2204 1103 179 44 Thursday.

1711 1199 195 45 Passengers
1936 1202 118 36 booket
2055 1199 4 51 1
2099 1204 49 35 for
2186 1205 178 45 Hampden
2404 1206 62 35 and

1852 1261 95 33 other
1964 1263 228 33 intermediate
2211 1263 119 44 places.

1915 1354 157 33 P>ookincx
2099 1357 142 32 Offices
2256 1366 6 23 :

1712 1420 95 43 Lyell
2136 1424 217 34 Commercial
2370 1427 98 33 Hotel

1712 1466 177 45 Hampden
2143 1470 214 42 Moonlight's
2370 1472 98 36 Hotel

1712 1513 132 34 Foxliill
1930 1544 34 8 ...
2055 1542 32 7 ...
2116 1516 241 45 Gaukrodger's
2372 1521 97 32 Hotel

2101 1585 43 33 H.
2171 1587 217 40 NEWMAN,

2236 1633 184 43 Proprietor

2126 1937 102 26 Sao

1957 1971 57 34 S*
2082 1992 8 9 .

2072 2005 16 18 '/■
2127 2012 19 11 -»
2169 2005 18 14 -n
2209 2006 19 14 =

2035 2213 16 13 j
2074 2210 27 12 •—'
2171 2219 18 8 *»
2213 2214 19 12 w
2254 2219 11 10 rt
2268 2221 5 8 ,
2303 2208 43 18 n

1847 2522 9 8 r
1858 2516 14 11 U
1896 2512 17 14 in
1967 2512 55 18 An

2122 2227 110 42 s*B

2427 2514 27 26 CD

2290 2549 63 58 O
2413 2549 42 44 55

2294 2879 62 55 H
2417 2875 42 42 <

2135 3468 29 28 <
2186 3477 19 20 sS
2228 3476 18 21 si

1758 3540 134 47 NEW
1944 3544 163 47 CHUM
2153 3548 320 59 BUTCHEEY,

1990 3651 256 41 LYELL.

1851 3788 243 49 JAMES
2156 3791 220 60 EDGE,

1738 3873 102 36 TITT
1851 3874 174 35 HOLES
2034 3877 99 35 ALB
2178 3880 95 33 AND
2328 3883 89 34 BET
2422 3885 75 33 AIL

1912 3979 406 44 BUTCHER.

1739 4124 113 34 Hotels
1868 4125 64 32 and
1950 4125 156 34 Families
2131 4127 118 35 waited
2275 4142 45 22 on
2338 4132 97 45 Daily
2450 4134 48 35 for

2054 4184 130 34 Orders.

1797 4298 89 34 Meat
1903 4298 174 34 Delivered
2100 4304 31 28 to
2149 4300 43 32 all
2216 4306 90 38 parts
2323 4304 31 33 of
2383 4305 54 34 the

2046 4357 147 36 District.

1737 4482 140 38 XKW
1932 4484 182 38 CHUM
2169 4484 188 40 BUTCH
2373 4489 111 39 BRF

1816 4558 153 44 Opposite
1983 4558 181 36 Alhantbra
2179 4560 110 39 Hotel,
2311 4562 103 43 Lyell.

1757 4666 152 47 POST
1961 4670 231 45 OFFICE
2246 4672 224 54 HOTEL,

1983 4746 264 34 LYELL.

1796 4869 265 50 PETER
2101 4874 334 48 MANGOS

1741 4945 165 83 BEGS
1931 4953 33 29 to
1981 4949 120 34 inform
2126 4950 51 33 his
2199 4952 121 31 triends
2348 4952 65 33 and
2441 4953 55 33 the

1861 4995 109 42 publie
1997 4996 73 33 that
2099 4995 51 35 his
2174 5007 71 23 new
2270 4998 225 34 commodious

1941 5053 102 34 Hotel
2058 5054 28 32 is
2102 5065 74 22 how
2192 5066 95 31 ©pen.

1736 5143 181 36 Travellers
1940 5147 65 33 and
2026 5148 132 33 visitors
2181 5152 33 29 to
2237 5147 66 36 dus
2326 5148 154 35 establish

1776 5218 92 29 meat
1884 5214 65 34 will
1963 5214 70 35 find
2047 5216 88 33 their
2147 5218 140 31 comfort
2298 5218 64 32 and
2378 5229 55 22 con-

1818 5282 155 36 venience
1986 5284 200 47 thoroughly
2197 5285 155 37 attended
2369 5291 42 30 to-

1736 5374 68 35 The
1819 5374 176 39 bedrooms
2022 5390 53 23 are
2089 5379 92 44 lofty,
2199 5379 65 35 and
2281 5380 72 34 well
2371 5380 121 44 lighted

1974 5436 69 33 aiad
2068 5437 189 33 ventilated.

1774 5545 248 37 Comfortable
2059 5549 151 34 Parlors
2243 5560 64 23 and
2333 5551 101 33 First-

1992 5616 101 23 class
2117 5609 122 31 Table.

1736 5696 68 32 The
1822 5696 66 34 Ear
1903 5699 27 32 is
1947 5699 134 33 stocked
2094 5699 79 34 with
2190 5700 87 39 Ales.,
2291 5700 123 41 Wines,
2432 5702 61 32 and

1800 5759 115 43 Spirits
1932 5762 34 32 of
1985 5762 201 43 guaranteed
2208 5762 121 34 brands
2346 5764 86 44 only.

1776 5851 28 33 A
1826 5852 171 36 first-class
2025 5855 217 36 sixteen-stall
2259 5856 103 35 stable
2378 5858 85 33 iscon-

1736 5911 116 32 nected
1869 5914 79 32 with
1967 5914 65 32 this
2051 5915 99 32 hotel.

2037 5983 149 35 PETER
2217 5985 196 38 MANGOS,

2259 6053 181 35 Pronrieor-

2520 235 135 46 SOLD
2684 238 127 45 OFF!
2886 239 136 46 SOLD
3050 240 155 47 OFF!!

2678 312 65 22 AND
2761 312 145 25 STARTED
2923 315 111 24 AGAIN.

2494 391 228 49 QELLING
2752 393 159 38 Cheaper
2940 397 95 36 Than
3065 397 180 38 Ever—2o

2613 442 58 31 Per
2709 442 81 31 Cent
2827 443 61 32 less
2933 445 80 31 than
3050 457 66 30 any
3153 447 92 31 other

2801 487 120 36 House.

2683 579 108 33 JUST
2814 580 226 36 ARRIVED:

2550 635 98 44 Five
2693 636 122 44 Gases
2857 638 139 56 Fancy
3039 641 146 53 Goods,

2535 699 184 43 Consisting
2738 701 34 31 of
2787 701 124 32 Ladies'
2936 703 98 33 Hand
3053 704 87 40 bags,
3161 706 68 32 Reti-

2495 744 96 40 cules,
2609 745 129 39 Combs,
2758 747 151 37 Brushes,
2932 748 102 35 Toilet
3055 751 192 42 Requisites,

2497 792 123 32 Scents,
2640 793 186 38 Stationary
2851 795 122 35 Scents,
3000 795 124 31 G.B.D.
3144 798 104 38 Pipes,

2497 834 153 32 Assorted
2667 834 92 34 Briar
2787 836 101 42 Pipes,
2909 837 208 35 Meerchaum
3144 840 105 42 Pipes,

2499 880 134 30 Ambers
2663 880 63 32 and
2758 882 156 38 Ferrules,
2949 884 40 31 all
3020 884 95 32 kinds
3154 886 95 39 Pens,

2500 924 136 38 Pencils,
2662 925 120 33 Pocket
2814 927 133 39 Knives,
2979 929 98 33 Table
3105 930 145 42 Cutlery,

2498 970 53 32 Jet
2588 970 156 41 Earrings
2781 972 64 32 and
2889 974 174 38 Brooches,
3107 976 146 33 Tobacco

2501 1015 156 41 Pouches,
2690 1017 125 40 Parses,
2853 1018 126 34 Ladies'
3020 1021 233 43 Companions,

2500 1063 112 40 Fancy
2659 1063 207 40 Workboxes,
2912 1067 92 30 Pearl
3048 1069 63 30 and
3160 1069 95 32 Glass

2501 1107 116 37 Beads,
2643 1108 137 42 Playing
2803 1110 110 37 Cards,
2938 1110 156 43 Cribbage
3119 1112 136 41 Boards,

2598 1153 115 38 Slates,
2732 1155 116 32 School
2865 1157 85 41 Bags
2967 1158 64 32 and
3047 1158 118 33 Books.

2749 1247 97 35 TWO
2874 1249 136 35 CASES

2502 1304 198 41 Containing
2737 1305 104 34 Music
2880 1308 104 33 Boxes
3031 1308 59 42 (six
3135 1310 120 41 tunes),

2503 1350 126 33 Violins
2666 1351 33 33 in
2744 1364 81 26 case,
2870 1354 208 40 Accordiaris,
3119 1357 138 33 Musical

2502 1397 148 36 Albums,
2702 1398 245 38 Tambourines,
2991 1401 132 41 Banjos,
3177 1402 60 32 Con-

2545 1444 149 40 certinas,
2711 1444 117 33 Tutors
2845 1444 48 34 for
2916 1444 44 34 all
2984 1445 231 36 Instruments.

2768 1536 89 35 ONE
2883 1538 108 35 CASE

2504 1593 198 32 Invincible
2722 1593 109 33 Music
2851 1594 177 36 Machines
3050 1598 64 32 and
3139 1598 116 34 Music.

2504 1639 27 32 A
2547 1639 85 33 child
2650 1642 16 30 5
2689 1651 79 32 year
2783 1640 53 33 old
2852 1652 60 23 can
2930 1642 75 44 play
3027 1644 103 33 them.
3177 1645 79 34 Five

2505 1686 161 32 Hundred
2702 1686 138 33 selected
2878 1689 105 42 pieces
3012 1695 32 28 ol
3083 1691 104 33 Music
3225 1696 33 29 to

2825 1735 114 34 arrive.

2773 1825 28 32 A
2819 1825 25 32 L
2862 1827 120 40 So,—

2506 1872 222 33 Harmonium
2758 1873 78 33 with
2867 1875 47 33 six
2946 1882 88 37 stops
3052 1886 6 30 ;
3090 1887 61 23 one
3182 1876 80 36 with

2506 1918 198 33 knee-swell.
2751 1919 117 33 Pianos
2885 1921 69 33 sold
2971 1922 102 44 cheap
3097 1922 49 33 for
3163 1923 98 41 Cash,

2577 1964 66 35 and
2659 1978 41 21 on
2718 1964 54 36 the
2789 1967 78 33 time
2883 1976 158 35 payment
3055 1976 137 37 system.

2742 2056 240 59 Jewellery:

2511 2119 26 32 A
2573 2119 104 41 grand
2706 2121 154 33 selection
2892 2124 35 32 of
2954 2124 84 33 Gold
3068 2124 65 34 and
3164 2125 103 35 Silver

2511 2166 182 44 Jewellery,
2725 2167 43 35 all
2798 2180 71 22 new
2907 2169 151 42 designs;
3097 2171 171 37 Waltham

2516 2213 160 40 Watches,
2702 2215 44 34 MS
2779 2216 54 33 15s
2851 2227 6 31 ;
2896 2216 137 45 English
3064 2219 132 41 Levers,
3222 2221 45 35 i's

2512 2262 153 42 upwards
2683 2273 5 22 :
2735 2263 42 33 all
2816 2265 130 34 makers
2982 2266 77 44 kept
3095 2267 34 33 in
3167 2268 101 34 stock.

2514 2307 299 41 Clocks—Alarms,
2833 2310 134 40 Marble,
2986 2313 126 32 French
3131 2316 20 31 8
3167 2315 102 44 Eight

2855 2357 73 44 day.

2612 2402 193 35 Weetheim
2824 2404 135 35 Sewing
2976 2406 190 36 Machines.

2784 2496 205 49 Books.

2519 2560 233 44 Shakespeare,
2783 2562 120 40 Burns,
2931 2564 211 44 Longfellow,
3174 2566 78 35 Gold-

2518 2607 111 39 smith,
2648 2608 153 39 Dickens,
2820 2610 86 32 Lord
2923 2611 132 42 Lytton,
3074 2613 80 33 Miss
3169 2614 82 32 Brad-

2518 2652 75 40 don,
2615 2653 119 43 Payne,
2753 2655 179 43 Hayward,
2949 2657 139 41 Hatton,
3107 2658 165 44 Mayhew,

2519 2699 193 42 Routledge,
2744 2701 115 41 Noble,
2891 2703 64 33 and
2984 2705 94 33 other
3113 2706 160 41 authors;

2562 2745 122 45 Moody
2711 2747 68 33 and
2806 2747 157 46 Sankey's
2985 2750 117 45 Hymn
3124 2751 110 36 Books

2843 2796 53 33 &c.
2914 2797 52 33 &c.

2683 2886 150 46 Patent
2858 2889 251 47 Medicines:

2523 2949 86 33 Irish
2646 2949 100 40 Moss,
2792 2952 112 42 Ayer's
2950 2954 124 43 Cherry
3118 2956 160 41 Pectoral,

2523 2994 126 35 Clark's
2686 2996 104 34 Blood
2822 2997 151 43 Mixture,
3012 3000 181 45 Hepaticus
3229 3002 50 35 for

2524 3042 98 34 Liver
2637 3042 199 44 Complaint,
2852 3046 83 33 Hair
2951 3047 99 42 Dyes,
3067 3049 102 33 Eno's
3185 3050 95 34 Fruit

2526 3088 80 39 Salt,
2631 3089 226 43 Tricopherus,
2881 3092 204 44 Holloway's
3113 3095 78 33 Pills
3212 3096 69 33 and

2526 3134 181 40 Ointment,
2758 3136 146 35 Cockle's
2946 3139 68 33 and
3062 3140 49 34 Dr
3161 3142 121 34 Rook's

2526 3180 147 33 Oriental
2702 3182 80 31 Pills
2813 3183 65 32 and
2914 3184 115 39 Elixir,
3068 3185 97 33 Head
3201 3187 81 33 ache

2530 3225 87 42 Pills,
2634 3226 178 43 Neuralgia
2828 3229 88 38 Pills,
2934 3230 149 35 Powell's
3099 3231 134 36 Balsam
3250 3232 37 36 of

2492 3274 18 47 |
2527 3274 151 39 Aniseed,
2695 3274 68 33 Cod
2779 3275 97 34 Liver
2899 3277 61 38 Oil,
2986 3278 131 34 Mother
3140 3279 143 42 Seagle's

2530 3320 104 43 Syrup
2651 3320 65 32 and
2733 3321 89 38 Pills,
2841 3323 46 31 St.
2904 3323 134 33 Jacob's
3054 3324 52 33 Oil
3123 3326 96 41 (good
3233 3326 51 33 for

2528 3365 218 45 everything),
2771 3367 126 35 Bunter
2925 3369 153 42 Nervine,
3108 3371 177 46 Eucalypti

2529 3412 178 43 Lozenges,
2726 3414 183 43 Glycerine,
2927 3417 76 43 Hop
3020 3418 133 39 Bitters,
3167 3420 97 33 Eucal-

2509 3459 1 46 ■
2526 3459 82 43 ypti,
2634 3459 138 34 Scented
2790 3461 114 44 Soaps,
2920 3463 123 41 Agents
3065 3464 49 33 for
3136 3465 151 36 Baxter's

2530 3505 96 44 Lung
2657 3506 181 41 Preserver,
2867 3509 160 45 Soothing
3059 3510 117 45 Syrup,
3206 3512 60 34 Aro-

2530 3553 100 34 matic
2655 3552 141 37 Mixture
2819 3556 64 34 and
2904 3556 179 36 Alterative
3111 3559 114 41 Elixir,
3248 3559 39 35 T.

2533 3600 44 31 M.
2596 3600 198 41 Shepherd's
2811 3602 209 39 Queensland
3031 3604 141 33 Asthma
3184 3606 103 38 Herb,

2533 3644 240 43 Bonnington's
2804 3646 85 33 Irish
2923 3648 99 40 Moss,
3061 3650 103 33 Neil's
3194 3651 94 33 Herli

2531 3690 158 39 Tobacco,
2726 3691 188 35 Dandelion
2951 3694 107 34 Coffee
3095 3695 65 34 and
3196 3697 92 41 Pills,

2534 3736 111 34 Worm
2664 3738 106 44 Syrup
2786 3738 65 33 and
2874 3740 225 44 Composition
3123 3742 165 43 Powders,

2511 3784 1 39 i
2779 3784 120 39 Herbs,
2916 3787 53 33 &c.
2987 3787 53 35 &e.

2674 3876 87 46 Ten
2787 3877 123 46 Cases
2932 3879 198 58 Drapery,

2533 3938 117 35 Which
2681 3945 89 30 must
2800 3941 38 34 be
2869 3942 70 34 sold
2973 3943 122 45 Cheap,
3125 3950 33 28 to
3189 3944 99 38 make

2532 3996 90 22 room
2638 3987 50 33 for
2704 3988 80 34 New
2809 3989 150 33 Season's
2982 3991 110 33 Goods
3114 3996 33 29 to
3171 3992 116 40 arrive,

2532 4032 178 44 consisting
2732 4034 36 33 of
2787 4036 80 32 5000
2890 4036 99 42 yards
3017 4037 144 34 assorted
3187 4038 101 35 Dress

2533 4078 108 34 Pieces-
2661 4080 109 43 (Silks.
2787 4082 132 40 Latin's,
2929 4083 67 32 and
3005 4083 86 33 Irish
3103 4084 143 44 Poplins,
3253 4085 38 35 of

2532 4125 44 33 all
2592 4125 151 44 Shades),
2760 4128 172 33 Dolman's
2944 4129 138 34 Ulster's
3095 4130 66 33 and
3170 4131 119 36 Cloaks

2532 4172 69 41 (the
2639 4173 114 34 Latest
2782 4175 183 42 Fashions),
3003 4177 118 33 Ladies
3160 4177 106 35 Under-

2533 4217 156 42 clothing,
2709 4219 114 40 Skirts,
2842 4221 114 42 Fancy
2979 4221 181 39 Costumes,
3183 4223 105 44 Bugle

2534 4271 83 26 Lace
2634 4264 65 34 and
2715 4266 211 44 Trimmings,
2943 4266 86 41 large
3046 4273 197 30 assortment
3255 4269 36 35 of

2533 4309 103 43 Bugle
2676 4312 208 39 Ornaments,
2922 4314 109 33 White
3068 4315 65 32 and
3170 4316 120 34 Cream

2534 4355 95 40 Lace,
2647 4356 165 42 Button's,
2830 4358 93 44 Baby
2940 4359 116 39 Robes,
3081 4359 119 36 Cloaks
3221 4361 68 36 and

2534 4403 131 39 Gowns,
2677 4404 98 42 Boys'
2789 4405 97 40 Suits,
2904 4406 97 39 Hats,
3020 4406 147 40 Flannel,
3186 4407 81 34 Mole-

2533 4447 72 35 skin
2636 4449 64 34 and
2730 4450 127 45 Carpet,
2895 4452 255 44 Counterpanes,
3183 4453 107 38 Toilet

2533 4495 131 40 Covers,
2692 4497 161 41 Curtains,
2886 4499 106 33 Men's
3021 4499 66 33 and
3116 4500 172 36 Women'*

2533 4541 65 34 and
2634 4542 184 35 Children's
2857 4545 99 34 Socks
2995 4546 63 33 and
3104 4546 183 47 Stockings,

2689 4590 104 35 Shirts
2810 4591 42 35 all
2868 4593 113 40 colors,
2995 4596 56 31 <fec.
3069 4593 53 34 &c.

2533 4681 68 34 The
2619 4683 102 33 Trade
2738 4684 148 44 supplied
2907 4685 34 34 ha
2963 4697 66 32 any
3052 4687 36 33 of
3106 4686 55 35 the
3185 4687 103 37 above

2855 4731 109 34 Lines.

2533 4820 219 37 Motto—The
2770 4823 130 34 Nimble
3126 4826 91 36 beats
3231 4827 58 37 the

2779 4870 88 32 Slow
2892 4871 148 42 Shilling.

2530 4958 94 75 E.
2657 4960 90 73 K.
2773 4961 231 72 Issell
3046 4963 62 73 &
3156 4965 135 78 Co.

2646 5062 222 33 Palmeeston
2887 5065 64 37 St.,
2968 5065 199 36 Westport.

2622 5179 110 56 JOB,
2750 5181 117 44 AND
2886 5182 110 44 ALL
3017 5184 179 47 KINDS

2530 5280 80 49 OF
2639 5278 293 52 PEINTING
2961 5282 329 59 EXECUTED

2774 5394 100 33 —AT
2897 5395 94 34 THE

2570 5633 28 31 A
2615 5631 221 35 CARD.—TO
2853 5645 61 21 ALL
2932 5645 73 24 WHO
3022 5649 63 22 ARE
3103 5652 187 28 SUFFERING

2507 5676 2 56 !
2530 5688 87 24 FR<nc
2634 5689 181 23 tee-errors
2828 5682 64 31 and
2909 5683 208 37 indiscretion
3132 5689 36 33 of
3173 5692 115 40 youth,

2530 5736 139 21 nervous
2699 5725 178 40 weakness,
2906 5729 88 41 early
3022 5731 111 45 decay,
3164 5736 64 34 less
3255 5739 36 33 of

2530 5770 177 40 manhood,
2725 5770 64 40 &e.,
2815 5772 16 32 I
2853 5773 68 33 will
2945 5776 79 33 send
3043 5790 17 20 a
3083 5781 106 43 recipe
3217 5784 72 35 that

2530 5817 65 33 will
2611 5828 74 22 cure
2693 5828 79 32 you,
2785 5817 119 35 FEEE
2920 5821 55 32 OF
2989 5822 59 35 CH
3054 5826 84 33 AKG
3148 5828 37 32 E.
3210 5831 78 34 This

2530 5870 90 35 great
2635 5864 133 43 remedy
2782 5877 66 22 was
2857 5866 186 37 discovered
3057 5871 42 44 by
3107 5885 19 22 a
3138 5875 129 36 mission-

2530 5922 57 31 ary
2612 5913 30 29 in
2666 5913 102 30 South
2794 5914 160 34 America.
3003 5917 83 34 Send
3115 5932 17 20 a
3158 5923 110 34 self-ad-

2530 5957 130 33 dressed
2678 5958 154 44 envelope
2850 5961 63 32 and
2936 5962 149 44 sixpence
3111 5974 30 26 to
3165 5980 118 34 prepay

2530 6010 130 37 postage
2691 6013 32 24 to
2755 6006 53 32 the
2834 6007 76 33 Rev.
2940 6010 129 34 Joskph
3097 6014 35 31 T.
3165 6015 111 35 Inmajst

2532 6049 127 36 Station
2674 6050 42 40 D,
2736 6050 79 37 New
2834 6052 87 37 York:
2937 6056 85 44 City,
3041 6057 119 38 U-S-A.
