3260 4260
201 70 418 74 Hot
758 70 696 74 Lakes
1593 70 1393 74 Chronicle.

436 389 215 38 J±3>TID
703 390 505 40 TQUHIBTS'
2084 398 483 40 J'OTJIRasr.AIL.

455 502 117 70 Cif
574 502 331 87 culating
925 503 456 86 throughout
1405 502 127 69 the
1555 503 289 70 Tourist
1890 506 304 71 Resorts
2241 512 80 66 of
2355 512 126 69 the
2526 513 267 72 World.

78 657 50 21 YOL.
142 657 17 18 4.
191 656 38 18 No.
247 657 42 16 189.

1296 654 139 23 KOTORUA,
1454 655 56 22 N.Z.,
1529 654 184 23 WEDNESDAY,
1731 654 74 19 JULY
1820 657 29 20 15,
1869 657 47 17 1896.

2847 669 255 26 PJttOE—THBEEPEK
3107 676 32 19 CE

76 741 20 25 BY
107 738 85 25 SPECIAL
217 738 73 43 |H§
304 738 150 24 APPOINTMENT

101 786 55 28 ASK
181 786 145 26 GROCERS
352 786 57 26 FOR

252 953 53 18 TTBP
329 953 20 18 ft
379 953 23 18 ft
431 953 11 18 B

243 978 63 38 lit
323 978 38 38 Ob
379 978 48 38 UO
446 978 20 38 b

101 1054 158 25 CEYLON
307 1072 15 12 „

101 1089 133 26 INDiAIM
266 1088 30 26 &

100 1124 183 26 BLENDED

177 1164 152 18 AWARDED

77 1191 67 25 GOLD
155 1191 55 24 AND
221 1191 97 23 SILVER
329 1192 110 23 MEDALS

90 1232 58 26 Why
162 1233 46 25 buy
223 1232 96 21 Inferior
333 1232 57 21 Teas
404 1233 64 20 when

54 1265 32 22 you
100 1264 42 15 can
155 1260 38 25 get
207 1258 24 21 N.
248 1259 27 20 M.
291 1259 17 19 &
324 1258 55 21 Co.'s
393 1260 24 19 at
431 1259 38 20 the

54 1291 48 16 same
116 1285 66 26 price.
216 1284 36 21 All
266 1284 77 21 others
362 1291 39 14 are
417 1286 51 25 only

53 1312 60 26 copies
132 1312 23 19 in
175 1317 72 17 name,
263 1312 44 19 and
329 1317 39 14 are
383 1312 85 25 pushed

53 1340 25 19 for
89 1339 64 20 extra
167 1338 73 25 profit.

90 1373 13 12 A
111 1373 45 16 proof
167 1372 17 12 of
195 1372 27 13 tho
234 1372 93 16 Buporiorit.f
339 1372 16 13 of
364 1372 19 13 N.
396 1371 21 14 M.
426 1372 12 13 &

76 1388 37 14 Co.'b
123 1389 38 13 Teaß
168 1388 13 13 is
191 1388 26 13 tho
227 1389 31 13 fact
268 1388 34 13 that
311 1388 74 14 although
393 1388 44 13 there

83 1409 16 9 re
108 1404 78 14 hundreds
197 1405 16 13 of
224 1405 55 16 jacket
289 1406 31 12 tsas
332 1408 19 9 on
363 1404 28 14 tho
400 1409 31 8 inar-

85 1423 20 14 et,
124 1421 18 14 N.
155 1421 19 14 Mi
189 1421 11 13 *fe
216 1421 40 14 Co.'s
271 1421 37 13 Teas
323 1425 27 9 are
368 1421 13 13 in
400 1422 38 12 such

92 1439 46 12 imand
148 1439 34 12 that
195 1438 36 16 they
243 1437 29 13 tell
283 1437 53 16 nearly
348 1437 90 14 one-fourth

106 1455 26 12 the
151 1454 47 13 whole
216 1454 16 13 of
249 1454 27 13 the
294 1455 24 12 tea
336 1453 87 15 consumed,

50 1474 95 26 SOLO
182 1472 282 26 EVERYWHERE

130 1589 48 26 Do
191 1589 56 25 not
259 1588 120 31 Forget
448 1590 27 22 m

129 1636 250 46 CRAIG'S
447 1618 28 74 1

93 1701 165 20 CURIOSITY
278 1700 79 18 SHOP
377 1700 46 18 and
449 1684 27 33 M

186 1728 140 22 MUSEUM,
449 1719 27 43 H

116 1768 113 25 Opposite
236 1768 79 19 Grand
322 1767 76 22 Hotel,
449 1768 12 29 |

79 1809 125 26 PRINCES
216 1809 44 28 ST,
272 1799 205 35 AUCKLAND.!

129 1933 140 16 INSURS
294 1932 94 15 MITH

46 1968 46 16 THE
98 1967 80 16 SOUTH
188 1966 95 17 KE.ITISH
292 1966 77 16 VHUISc
379 1964 96 17 MARIXE

115 1989 36 15 Gov
169 1989 29 15 OF
210 1987 56 16 NEW
275 1987 120 16 ZEALAND.

44 2011 70 16 Capitvl
372 2009 103 18 £1,900,000

85 2031 94 17 Unlimited
195 2030 74 21 M«hility
279 2030 17 15 of
303 2029 11 17 S
323 2029 109 16 .in-.-liolJerf.

44 2054 53 20 Beiii£
105 2059 8 10 u
125 2053 75 16 Colonial
214 2051 102 16 In.-tituti..n
332 2051 62 16 I'iofits
408 2056 28 10 are
449 2051 25 15 in-

47 2179 207 45 Rotorua
279 2174 196 48 Sawmill

130 2235 247 54 Company.

52 2323 116 17 CT7HITE
182 2322 53 17 AND
254 2321 52 17 RED
324 2320 64 18 PISTE
409 2319 19 18 of
444 2320 32 17 tlie

55 2338 14 26 V
76 2352 8 13 T
128 2346 56 17 finest
193 2345 73 21 quality
276 2343 37 18 and
327 2343 94 23 carefully
438 2344 37 16 cut.

228 2368 62 17 ALSO

43 2397 87 27 Matai,
162 2396 127 26 Pukatea,
318 2394 52 23 and
398 2394 79 23 Tawa

80 2427 130 29 Shingles,
222 2426 115 28 Palings,
352 2424 97 23 Blocks

185 2457 51 22 and
244 2457 76 21 Posts

66 2490 18 18 A
99 2489 51 25 good
163 2488 39 19 and
214 2488 89 19 assorted
315 2487 74 25 supply
400 2486 76 23 always

42 2523 24 12 on
76 2516 52 18 hand
141 2517 20 17 at
172 2515 33 18 the
216 2514 43 19 Tim
264 2514 35 18 her
311 2513 61 22 Yard,

164 2546 183 17 ROTORUK.

43 2577 49 19 N.B.
96 2576 106 23 —Special
212 2582 45 13 care
269 2575 60 19 taken
342 2575 19 18 in
381 2575 35 18 (he
433 2580 44 13 sea-

42 2641 105 20 PRIOBS
160 2640 40 18 AT
214 2638 144 19 CURRENT
372 2637 104 20 RATES.

80 2672 38 20 W.
134 2670 168 22 HENSHAW,
313 2670 119 22 Manager.

137 2722 27 41 F.
209 2720 173 47 GOODSON,

185 2772 151 34 rotoruja

119 2844 7 7 .
143 2819 27 31 a
190 2816 168 33 FIREWOOD
379 2816 17 31 Y

128 2863 145 19 PUKUATTTA
285 2861 102 22 STEEET,

65 2947 64 18 Goods
138 2945 94 19 delivered
241 2944 49 18 after
304 2943 69 17 anival
387 2943 20 17 of
420 2943 54 17 train:

43 2972 19 16 to
70 2971 27 16 all
105 2971 52 21 parts
166 2969 21 17 of
194 2968 33 18 the
237 2968 49 17 town
297 2966 45 18 with
352 2968 120 20 promptness

43 3007 60 22 Large
112 3006 58 17 Stouk
183 3005 20 18 of
220 3004 46 18 Coal
283 3003 36 17 and
336 3002 100 18 Eirowood
451 3002 16 17 al-

111 3035 52 16 ways
173 3034 23 11 nn
205 3027 52 17 hand
268 3027 37 17 and
314 3025 96 19 delivered

167 3054 21 14 at
197 3051 32 17 Ihe
241 3051 82 17 shortest
334 3051 20 16 at

65 3086 385 28 S^^^BM

44 3216 434 38 CIRPEITKH,

149 3260 106 20 FENTON
272 3259 103 20 STREET,

138 3295 100 18 Opposite
288 3293 80 17 Grand.

68 3324 67 17 Saslies
144 3324 54 17 made
207 3324 20 16 to
237 3322 61 17 order.

44 3444 114 21 BARBER
181 3443 59 20 AND
272 3435 209 29 HAIKDHI&SEB,

147 3478 20 18 to
179 3480 105 15 announce
294 3474 45 18 tliat
348 3473 25 19 ho
385 3473 86 18 luißcom-

112 3502 83 20 menced
207 3501 93 19 business
311 3499 20 19 in
343 3499 35 19 (ho
395 3499 51 24 shop
462 3498 20 18 in

45 3532 34 19 the
95 3529 33 19 old
144 3532 60 18 town,
225 3526 96 24 formerly
341 3525 97 25 occupied
457 3525 25 24 by

45 3558 33 19 Mr
222 3553 86 22 saddler,
326 3551 41 19 find
383 3551 64 25 hopes
463 3552 20 17 to

45 3583 59 20 merit
115 3589 12 13 a
138 3583 57 17 share
208 3580 21 18 of
239 3579 34 19 the
284 3578 69 25 public
364 3579 91 23 support.

127 3612 159 23 RAZORS
316 3611 78 19 SET.

67 3684 22 19 A
99 3682 83 19 Choice
194 3678 152 21 Assortment
360 3677 27 19 of
398 3677 72 18 Tobac-

45 3713 45 17 aos,
102 3706 86 24 Gigars,
199 3703 131 24 Cigarettes
337 3701 21 19 &
365 3699 119 20 Smoker's

45 3730 140 24 Requisites.

61 3777 11 14 A
90 3772 159 21 TJCKLAND
263 3769 220 21 ADVERTISING

46 3787 44 33 _/\.
202 3795 113 19 AGENCY,

67 3831 100 18 Victoma
180 3828 90 19 Aecade,
284 3826 73 19 Queen
374 3824 85 18 Steeet.

100 3859 123 22 Advertising
229 3858 19 18 in
257 3857 26 18 all
295 3856 25 19 its
328 3854 98 20 branches.

45 3887 53 19 New,
112 3884 77 22 Unique
205 3881 38 18 and
256 3879 86 20 Tasteful
359 3878 125 22 Advertising

218 3904 92 18 Medium.

68 3931 70 19 Orders
146 3931 50 16 from
205 3929 26 16 all
238 3929 53 21 parts
301 3924 92 19 attended
402 3925 20 16 to
437 3924 47 17 with

46 3962 41 11 oare
97 3954 35 17 and
143 3951 114 24 expedition.

306 4000 12 15 A
348 3997 77 18 ULE
434 3997 26 21 T,

46 4075 123 26 Plumber
186 4073 21 23 &
219 4067 113 28 General
344 4065 141 25 Mechanic

139 4132 132 19 TUTANKKAI
290 4126 94 21 STKEET,

787 915 282 51 ROTOROJJ,
1115 915 126 46 .NEW
1280 915 273 47 ZEJILJLND.

540 1004 115 18 OTOItUA.-
661 1005 59 17 —This
729 1005 104 19 wonderful
842 1006 74 18 district
924 1006 16 17 is
948 1006 130 22 unparalleled
1086 1006 19 17 in
1114 1006 33 17 the
1154 1006 71 17 known
1234 1006 61 17 world
1304 1006 29 17 for
1341 1006 33 17 the
1382 1006 81 17 number
1471 1006 38 17 and
1517 1006 73 21 -variety
1599 1006 21 17 of
1627 1006 25 17 its
1660 1006 89 17 Thermal
1758 1005 85 22 Springs.

496 1027 42 20 JLv
564 1029 25 16 As
599 1034 10 11 a
618 1028 65 17 health
693 1029 59 17 resort
761 1028 24 18 its
794 1029 109 22 popularity
912 1029 15 17 is
936 1030 75 21 rapidly
1018 1029 113 23 increasing,
1142 1028 38 18 and
1192 1029 43 17 that
1250 1028 80 23 entirely
1348 1034 25 12 on
1385 1029 25 17 its
1427 1035 43 11 own
1487 1029 70 21 merits,
1575 1035 21 11 as
1611 1029 85 17 hitherto
1712 1028 82 23 nothing
1810 1026 35 20 has

495 1051 47 17 been
551 1051 48 17 done
607 1051 20 17 in
637 1052 32 16 the
677 1057 43 16 way
729 1052 20 16 of
757 1052 122 23 advertising.

518 1074 85 17 Patients
613 1075 90 21 suffering
713 1075 48 16 from
771 1075 86 21 Chronic,
868 1075 100 20 Articular,
978 1075 38 17 and
1025 1075 98 18 Muscular
1130 1075 129 19 rheumatism,
1270 1075 57 20 Gout,
1337 1075 102 18 Rhuniatie
1446 1075 57 21 Gout,
1518 1075 44 18 Skin
1572 1075 91 21 Diseases,
1681 1075 86 19 Sciatica,
1785 1075 45 17 Lum-

495 1097 55 23 bago,
571 1098 110 22 Neuralgia,
699 1098 86 17 Nervous
802 1098 126 20 Exhaustion,
945 1098 78 17 Uterine
1040 1098 100 21 Ailments,
1157 1098 39 17 and
1211 1098 58 22 tardy
1285 1098 140 17 convalescense
1443 1098 50 17 from
1509 1099 54 17 acute
1580 1099 80 17 diseases
1676 1104 45 16 may
1737 1098 41 22 rely
1794 1103 50 17 upon

495 1120 100 23 obtaining
603 1121 91 17 immense
703 1121 59 20 relief,
773 1121 37 17 and
818 1122 21 16 in
845 1122 32 17 the
888 1122 88 22 majority
986 1122 20 16 of
1015 1127 50 12 cases
1074 1127 11 11 a
1094 1121 92 22 complete
1195 1127 49 11 cure.

518 1181 53 17 THE
585 1181 112 18 PRIEST'S
707 1181 146 18 BATH.—This
862 1183 15 16 is
886 1183 87 21 strongly
982 1182 47 17 acid,
1044 1182 112 20 aluminous,
1173 1181 80 23 sulphur
1270 1183 63 19 water,
1352 1182 66 23 acting
1434 1188 20 11 as
1471 1188 11 11 a
1498 1183 93 22 powerful
1608 1182 42 17 skin
1667 1182 104 18 stimulant.
1805 1182 41 17 Hot

496 1205 37 16 and
543 1204 41 17 cold
594 1205 87 20 showers,
692 1205 37 16 and
739 1205 81 17 douches
829 1211 31 11 are
869 1206 91 21 provided
968 1206 38 16 and
1015 1205 126 22 comfortably
1149 1205 87 17 enclosed
1244 1204 87 23 dressing
1340 1211 62 11 rooms

519 1228 115 18 MADAME
655 1228 125 17 RACHEL'S
801 1228 75 18 BATH.
879 1229 68 17 —This
956 1228 106 18 celebrated
1070 1228 72 23 Spring
1149 1228 15 17 is
1174 1234 11 10 a
1199 1228 63 17 Saline
1278 1229 58 16 water
1349 1228 48 18 with
1413 1228 91 21 Silicates,
1519 1229 37 17 and
1569 1229 34 17 has
1620 1235 25 11 an
1658 1228 82 18 alkaline
1756 1228 89 18 reaction.

496 1251 39 17 The
545 1252 57 16 water
610 1251 16 17 is
635 1251 40 17 also
684 1257 22 11 us
712 1251 19 17 id
739 1251 102 23 internally
850 1252 29 17 for
888 1252 24 17 its
921 1252 97 17 beneficial
1027 1252 63 17 action
1099 1257 24 11 on
1131 1251 33 17 the
1173 1251 84 22 kidneys.

519 1274 53 17 THE
593 1274 69 17 BLUE
683 1275 76 17 BATH.
761 1275 68 17 —This
845 1275 16 17 is
877 1275 33 17 the
926 1275 71 22 largest
1013 1275 78 17 natural
1107 1275 107 21 swimming
1230 1274 47 17 hath
1291 1275 21 16 in
1328 1274 31 18 the
1377 1274 94 18 Southern
1478 1275 132 23 Hemisphere.
1636 1275 19 17 It
1664 1275 69 17 affords
1742 1274 105 17 rheumatic

496 1297 80 17 invalids
585 1303 12 11 a
604 1303 65 11 means
679 1298 19 16 of
707 1298 68 21 taking
783 1298 82 21 painless
874 1299 86 19 exercise,
970 1298 62 17 which
1041 1298 46 22 they
1096 1298 67 22 highly
1173 1298 113 21 appreciate.

519 1320 53 17 THE
582 1320 123 18 SULPHUR
714 1321 106 17 VAPOUR
829 1321 146 17 BATH.—This
982 1321 15 17 is
1003 1327 11 11 a
1020 1321 77 17 natural
1102 1321 35 17 hot
1141 1327 78 16 vapour,
1226 1320 69 23 highly
1302 1320 82 23 charged
1389 1321 47 17 with
1442 1321 81 22 sulphur
1530 1327 60 17 gases,
1603 1321 105 18 conducted
1721 1321 41 17 into
1777 1327 11 11 a
1801 1326 34 17 pro-

496 1343 54 23 perly
559 1344 121 16 constructed
689 1344 51 16 chest
757 1345 19 15 in
785 1345 61 17 which
853 1345 31 16 the
892 1345 32 16 the
930 1345 74 21 patient
1012 1345 39 19 sits,
1062 1344 55 17 while
1126 1350 11 10 a
1144 1346 68 14 stream
1219 1344 20 16 of
1243 1344 89 22 palpable
1341 1345 80 21 sulphur
1426 1344 16 18 is
1447 1345 59 22 being
1511 1345 107 21 constantly
1625 1344 94 22 deposited
1728 1350 24 12 on
1759 1344 32 16 the
1798 1344 48 16 skin.

520 1367 53 17 THE
594 1367 59 17 NEW
675 1367 122 17 SULPHUR
818 1367 146 18 BATH.—This
976 1368 16 17 is
1006 1373 10 12 a
1029 1373 45 16 very
1087 1368 65 21 strong
1165 1367 59 17 acidic
1236 1368 59 16 water
1308 1367 20 17 of
1339 1367 47 22 high
1399 1369 133 21 temperature,
1547 1368 36 17 and
1600 1367 87 23 strongly
1704 1367 143 18 recommonded

497 1390 19 17 in
533 1395 50 12 cases
601 1390 20 17 of
636 1390 124 17 rheumatism
769 1390 37 17 and
816 1391 56 16 allied
881 1390 86 18 diseases.
992 1391 40 16 The
1040 1391 48 17 bath
1102 1391 58 16 house
1177 1391 15 16 is
1209 1390 75 17 divided
1302 1390 39 17 into
1358 1391 67 16 Ladies
1443 1391 37 16 and
1497 1391 121 18 Gentlemens
1635 1390 128 23 departments
1778 1390 37 17 and
1832 1390 15 17 is

498 1413 77 22 capable
583 1414 20 16 of
611 1413 165 22 accommodating
783 1414 35 17 400
828 1414 75 17 bathers
914 1414 56 22 daily.

521 1437 53 16 THE
583 1437 164 17 ELECTRICAL
756 1437 254 18 DEPARTMENT.—-This
1019 1437 120 23 department
1154 1437 16 17 is
1187 1437 71 23 replete
1275 1437 47 17 with
1335 1437 33 17 the
1384 1439 50 15 most
1447 1437 79 18 modem
1542 1438 108 22 appliances
1666 1437 30 18 for
1712 1437 88 23 carrying
1815 1439 32 15 out

498 1460 75 17 various
582 1460 88 17 forms'of
678 1460 79 17 medical
766 1461 94 16 electrical
869 1461 102 16 treatment
979 1461 20 16 in
1008 1461 49 17 their
1068 1461 87 21 entirety.

522 1483 53 17 THE
581 1483 191 17 HYDROPATHIC
780 1484 116 17 PACKING
903 1484 53 16 AND
964 1484 119 17 MASSAGE
1089 1484 225 17 DEPARTMENT.—A
1322 1484 55 17 series
1382 1484 20 17 of
1409 1489 61 12 rooms
1476 1491 33 10 are
1518 1484 97 18 furnished
1624 1484 38 17 and
1670 1484 28 17 set
1704 1485 56 21 apart
1766 1484 30 17 for
1803 1483 44 18 each

499 1512 37 14 sex,
545 1506 19 16 in
571 1506 54 17 order
630 1508 20 15 to
659 1512 55 17 carry
719 1508 34 16 out
762 1506 37 18 this
804 1507 107 22 important
916 1507 80 22 adjunct
999 1508 20 16 to
1027 1508 108 17 treatment.
1142 1508 38 16 The
1187 1507 77 17 services
1272 1507 19 17 of
1297 1514 11 10 a
1312 1507 90 23 qualified
1408 1508 96 17 Masseuse
1510 1507 37 17 and
1552 1508 86 17 Masseur
1646 1513 30 11 are
1686 1507 114 17 obtainable.

569 1586 117 17 CAMILLE
698 1587 134 20 MALFROY,
842 1587 46 18 Esq.

1395 1564 91 17 Resident
1494 1564 81 17 Medical
1584 1563 170 22 Superintendent:

1472 1587 103 17 ALFRED
1589 1586 120 21 GINDERS,
1723 1587 54 17 M.D.

707 1875 59 23 Two
779 1875 70 22 miles
863 1874 75 31 from
958 1875 122 27 Rotorua,
1102 1874 134 31 adjoining
1250 1874 151 30 interesting
1411 1874 83 23 native
1506 1874 143 23 settlement.

753 1931 37 20 r-
812 1930 47 21 \s
879 1930 33 21 «r
1006 1931 29 2 -■
1178 1930 43 3 '"'
1333 1931 8 2 ~
1415 1930 22 3 ~
1474 1930 19 2 ~
1556 1931 11 1 ~
1571 1931 11 1 _

1023 2031 26 23 i°
1065 2032 28 23 A
1116 2031 25 24 T
1154 2031 27 24 R
1201 2030 21 24 0
1239 2031 35 23 N
1289 2031 42 25 S;

641 2071 55 20 Earl
720 2071 27 19 of
769 2071 106 22 Kintore,
903 2071 56 19 Earl
983 2071 26 19 of
1031 2071 100 23 Onslow,
1153 2071 106 22 Marquis
1281 2071 26 19 of
1325 2071 130 24 Drogheda,
1477 2071 63 18 Lord
1560 2069 147 24 Carrington.

501 2104 88 27 ripHIS
603 2104 94 19 HOTEL
707 2104 36 18 ha*
754 2103 89 23 recently
856 2104 50 17 been
916 2103 142 24 considerably
1068 2103 103 24 enlarged,
1183 2103 117 23 renovated,
1312 2103 40 18 and
1362 2103 131 18 refurnished
1503 2102 114 25 regardless
1626 2102 21 19 of
1663 2108 94 18 expanse,
1776 2102 41 18 and
1832 2102 18 19 is

515 2124 7 25 8
569 2130 71 24 widely
651 2130 74 18 known
736 2130 31 19 for
778 2129 26 19 its
814 2129 100 19 excellent
924 2129 178 22 accommodation,
1114 2129 88 22 Cuisine,
1215 2130 34 17 &c.

877 2164 75 23 Here
964 2173 45 14 are
1021 2165 41 22 the
1077 2164 80 31 Cfiief
1165 2164 88 30 Sights
1265 2164 33 32 of
1305 2165 40 22 the
1358 2163 118 24 District.

629 2207 48 18 The
686 2206 141 19 Wonderful
837 2206 80 19 Steam
926 2206 47 18 and
982 2206 49 18 Hot
1039 2206 84 19 Water
1132 2205 130 24 Petrifying
1272 2206 100 22 Geysers
1385 2206 80 23 playing
1477 2206 67 21 nearly
1562 2206 33 16 100
1611 2205 39 17 feet
1665 2205 54 22 hig-h.

500 2230 132 23 Petrifying
642 2231 106 22 Geysers,
760 2229 129 19 Cauldrons
898 2229 26 18 of
932 2229 90 24 Boiling
1031 2230 58 18 Mud
1098 2229 46 19 and
1153 2229 41 19 Oil.
1221 2229 77 23 Spout
1307 2229 66 22 Bath,
1383 2229 37 19 Oil
1428 2229 67 22 Bath,
1505 2229 71 19 Alum
1585 2228 61 18 Bath
1654 2227 20 19 &
1690 2227 78 20 Jack's
1782 2227 66 20 Bath.

500 2254 80 18 Known
592 2255 31 18 for
630 2254 35 18 the
673 2253 154 23 extraordinary
837 2259 57 13 cures
901 2254 21 18 of
934 2253 148 24 Bheumatism,
1094 2253 119 25 Neuralgia,
1223 2253 113 24 Lumbago,
1347 2253 90 23 Sciatica,
1446 2253 89 24 Kidney,
1548 2251 60 20 Liver
1617 2251 39 19 and
1664 2251 58 19 other
1730 2251 120 25 complaints

797 2288 47 25 ~M
871 2287 103 26 QAM
1452 2289 8 24 I

914 2345 102 27 Guide

1314 2344 126 33 Sophia.

923 2504 39 22 On
987 2504 40 22 the
1051 2504 91 22 Direct
1164 2504 81 22 Route
1266 2506 22 20 to
1309 2504 118 22 Rotorua-

737 2544 45 18 For
799 2544 108 22 Scenery,
923 2543 110 19 Curative
1045 2543 132 23 Properties
1187 2543 25 18 of
1218 2543 40 19 the
1268 2543 73 18 Baths
1350 2543 47 19 and
1406 2543 207 23 accommodation,

645 2576 123 26 EXCEL
799 2575 71 25 ALL
903 2575 141 25 PLACES
1075 2575 47 25 OF
1152 2575 74 25 THE
1260 2575 89 26 KIND
1382 2575 32 26 IN
1446 2575 75 25 THE
1553 2575 161 26 COLONY.

526 2641 67 19 These
604 2640 93 26 Springs,
709 2639 66 20 which
785 2640 32 18 for
828 2639 54 18 their
900 2638 96 21 Curative
1007 2639 117 25 Properties
1134 2639 40 18 and
1185 2638 137 19 Comfortable
1333 2638 96 25 Fittings,
1440 2638 53 19 have
1505 2638 49 19 been
1571 2639 129 25 pronounced
1716 2639 29 24 by
1760 2639 27 19 all
1805 2640 44 19 who

501 2668 51 18 have
573 2667 74 19 visited
667 2667 56 18 them
740 2671 75 14 second
834 2671 24 12 to
875 2671 54 13 none
946 2671 22 13 in
985 2665 52 18 New
1055 2665 104 19 Zealand.
1189 2664 42 19 The
1244 2671 111 12 numerous
1366 2665 134 18 testimonials
1510 2665 91 18 received
1612 2672 22 11 as
1646 2668 20 15 to
1676 2665 55 19 their
1740 2673 57 12 cures
1808 2666 41 19 and

501 2694 85 19 comfort
599 2693 75 19 should
693 2692 25 19 be
736 2692 99 19 sufficient
853 2693 20 16 to
890 2691 72 18 induce
978 2691 92 19 Tourists
1086 2691 41 18 and
1140 2693 68 16 others
1225 2693 19 16 to
1255 2691 48 18 visit
1314 2690 62 19 them.
1405 2690 32 19 No
1448 2694 58 15 extra
1516 2691 74 25 charge
1601 2692 17 17 is
1628 2691 59 19 made
1697 2692 33 18 for
1738 2692 35 19 the
1783 2699 36 12 use
1829 2693 21 18 of

501 2720 34 19 the
547 2719 60 20 baths
618 2722 20 16 to
648 2725 85 19 persons
743 2718 82 24 staying
834 2719 22 17 at
865 2717 35 18 the
910 2717 61 19 hotel.

821 2765 84 25 THE

527 2808 22 19 2s
559 2808 110 19 connected
680 2807 49 19 with
740 2807 34 19 the
785 2806 135 25 Telegraphic
931 2809 74 22 systor.i
1015 2806 22 19 of
1047 2806 34 18 the
1092 2805 82 25 Colony,
1185 2806 33 18 the
1227 2805 116 25 Telegraph
1354 2805 61 19 Office
1425 2805 109 26 adjoiniag
1544 2806 34 18 the
1589 2805 70 19 Hotel.
1688 2806 36 19 All
1731 2806 119 25 Telegrams

501 2834 103 26 promptly
614 2834 79 23 replied
703 2837 26 15 to.

528 2860 97 23 Coaches,
637 2860 99 25 Buggies,
748 2858 39 20 and
799 2858 142 23 Conveyances
950 2858 21 18 of
981 2857 27 19 all
1018 2858 61 18 hinds
1098 2857 57 19 leave
1173 2857 40 19 this
1231 2857 64 18 Hotel
1311 2864 25 11 on
1356 2857 110 24 Tuesdays,
1488 2857 123 26 Thursdays,
1630 2857 41 19 and
1690 2857 119 26 Saturdays,
1829 2865 22 12 or

501 2887 56 24 da.iJj'
567 2887 16 19 if
595 2886 102 24 required.
740 2885 88 19 Persons
847 2890 24 12 en
891 2888 57 14 route
968 2885 31 17 for
1017 2883 91 19 Botorua
1124 2890 33 12 are
1177 2883 103 19 therefore
1300 2883 86 19 enabled
1408 2887 17 15 lo
1446 2884 47 18 visit
1504 2883 34 19 the
1554 2884 92 18 wonders
1655 2884 21 18 of
1690 2884 103 24 Okoroire,
1810 2885 40 18 and

502 2913 61 26 enjoy
574 2913 34 18 tbo
619 2911 90 19 Natural
719 2911 44 19 Hot
773 2911 65 18 Baths
848 2909 40 19 and
896 2916 12 12 a
918 2909 57 25 day's
985 2914 41 14 rest
1035 2910 95 24 previous
1140 2912 21 16 to
1172 2909 139 24 undertaking
1322 2916 11 11 a
1342 2909 88 25 journey
1441 2912 20 16 to
1471 2910 35 18 the
1517 2909 73 19 Lakes.

1063 2958 84 15 THIS
1172 2957 121 17 HOTEL

675 2988 46 19 Has
729 2987 89 24 recently
830 2987 48 18 Leon
891 2986 84 24 erected,
986 2986 37 18 and
1039 2987 18 17 is
1067 2986 76 25 replete
1154 2986 49 19 with
1220 2993 61 15 every
1290 2987 86 18 comfort
1386 2986 32 18 for
1427 2986 93 19 Tourists
1530 2986 40 19 and
1580 2986 98 19 Invalids.

531 3015 188 19 Note.—Tourists
727 3016 21 17 to
759 3012 103 25 Botorua!
891 3012 30 19 Be
931 3019 45 12 sure
990 3014 21 17 to
1028 3012 47 19 take
1095 3019 50 17 your
1163 3012 84 25 railway
1267 3012 72 19 tickets
1358 3012 31 19 fur
1406 3012 115 20 Okouoike.
1557 3012 143 25 Conveyances
1715 3015 53 17 meet
1787 3013 64 19 trains

503 3042 103 23 Okoroire,
619 3041 96 25 carrying
724 3046 122 20 passengers
856 3042 20 15 to
887 3038 64 19 Hotel
961 3038 43 19 free
1018 3038 22 18 of
1050 3038 81 24 charge.

766 3413 245 40 EXPRESS
1047 3413 134 37 LINE
1217 3412 70 40 OF
1326 3412 264 40 COACHES.

507 3466 230 57 Carrying
757 3465 96 45 Jler
878 3464 254 56 .Majesty's
1169 3463 219 47 .Mails'as
1427 3476 83 43 per
1541 3465 197 45 Time-ta

670 3535 276 20 TAURANGA-ROTORUA
959 3535 69 17 LINE,

663 3569 68 22 depart
777 3567 87 22 Tuesday
872 3566 38 17 and
919 3566 94 22 Saturday
1068 3567 11 16 S
1088 3572 44 11 a.m.

663 3592 58 18 arrive
810 3603 11 8 »
966 3603 10 7 >.
1028 3590 51 16 10.30
1088 3596 43 10 a.m.

663 3616 65 22 depart
809 3627 11 7 ~
965 3625 11 8 ~
1028 3613 51 16 10.45
1087 3618 44 11 a.m.

663 3639 60 17 arrive
809 3650 10 6 ~
965 3648 10 7 .>
1068 3637 11 15 (5
1086 3641 45 16 p.m.

663 3662 64 21 lepart
756 3658 3 25 ■
774 3660 85 21 Monday
875 3658 39 18 and
929 3658 71 23 Friday
1068 3659 10 17 7
1087 3664 44 12 a.m.

663 3684 56 18 irrive
807 3696 11 7 „
847 3677 5 4 '
963 3694 11 9 »
1025 3682 52 16 12.30
1086 3687 45 16 p.m.

663 3709 63 22 lepart
807 3719 11 7 ~
962 3717 11 8 ~
1025 3705 51 17 12.45
1084 3710 46 17 p.m.

663 3731 57 18 irrive
805 3742 11 8 ~
960 3741 11 7 »
1035 3728 41 17 3.15
1085 3733 45 16 p.m.

1181 3566 84 17 Rotorua

1181 3589 98 17 Ateamuri

1180 3636 70 20 Tanpo,

1180 3658 70 23 Taupo,

1180 3681 94 17 Wairakei

1180 3703 103 21 Ateamuri,

1180 3728 90 19 Rotorua,

1359 3535 217 18 EOTORUA-TAUPO
1594 3535 69 17 LINE,

1348 3566 40 22 part
1436 3566 119 23 Wednesday
1571 3567 37 17 and
1630 3566 95 23 Saturday

1437 3658 99 22 Thursday
1551 3658 37 18 and
1604 3658 85 22 Monday

675 3785 126 34 Special
814 3785 231 31 Conveyances
1058 3783 158 32 arranged
1228 3782 50 26 tor
1289 3782 35 26 at
1335 3782 55 25 the
1404 3782 147 26 Shortest
1562 3782 122 26 Notice.

833 3820 200 28 STABX.ES:
1052 3820 168 26 Tutanekai
1250 3819 278 31 Street,'Rotorua.

670 3865 114 33 Buggies,
802 3861 119 33 ©cashes
939 3862 50 24 ar-xd
1007 3861 96 29 §addle
1122 3861 92 32 gorges
1231 3869 30 23 °i?
1280 3860 51 32 tyre
1349 3868 31 23 or?
1399 3859 44 32 tf?e
1462 3860 119 31 §r?ortegt
1599 3860 95 32 Notice.

992 3903 131 16 TERMS
1151 3901 218 17 JiitODERKTe.

858 3934 145 30 Telegrams
1014 3932 54 24 and
1077 3932 100 23 Letters
1185 3930 150 32 punctually
1349 3930 118 24 attended
1475 3933 30 21 to.

508 4006 75 26 NB.
621 4003 115 27 Please
748 4002 75 25 note
836 3999 132 26 address

750 4041 450 56 rtoltfsri&sffltfl

712 4119 103 52 Sole
839 4119 307 46 contractors
1169 4112 77 47 for
1260 4111 182 48 Messrs
1464 4111 44 46 T.
1532 4111 126 48 Cook
1678 4111 48 47 &
1747 4111 103 47 Son.

2067 761 58 25 Hot
2151 761 98 26 Lakes
2268 764 33 24 of
2318 763 70 25 New
2408 764 143 26 Zealand.

2006 902 28 19 IS
2047 903 21 18 A
2081 903 193 20 FIRST-CLASS
2286 905 207 19 TEMPERANCE
2505 906 106 20 HOTEL.

1957 933 236 23 HIMSMOH
2210 935 198 24 STREET,
2429 936 237 24 ROTORUR.

2759 967 0 17 i

1867 996 83 19 rriHIS
1964 989 59 26 NJJW
2036 998 53 17 AND
2103 997 190 19 COMFORTABLE
2305 999 217 17 ESTABLISHMENT
2531 1000 14 17 is
2555 1001 82 17 situated
2645 1001 20 16 in
2673 1001 32 17 the
2713 1004 41 13 new

1874 1016 21 23 _l_
1929 1021 95 21 township
2034 1021 20 18 of
2061 1021 89 21 Roiorua,
2162 1021 49 16 close
2219 1023 20 14 to
2248 1021 33 17 the
2289 1022 127 18 Government
2431 1022 120 19 Sanatorium
2564 1024 37 17 and
2614 1023 65 21 Baths,
2694 1022 60 19 which

2188 1044 91 23 comprise
2287 1045 32 17 the
2328 1045 106 17 celebrated

1867 1071 93 19 Priest's
1969 1072 66 23 Bath,
2047 1072 106 19 Madame
2163 1072 87 19 Rachel
2258 1073 78 22 Baths,
2348 1073 139 19 Chameleon
2497 1074 95 19 Douche
2600 1074 67 22 Bath,
2682 1074 74 23 Large

1938 1095 57 19 Blue
2005 1095 136 24 Swimming
2148 1096 68 22 Bath,
2234 1096 101 23 Sulphur
2347 1096 95 23 Vapour
2451 1097 61 18 Bath
2520 1098 46 17 and
2576 1098 110 18 Galvanic

2223 1119 98 24 Batterj-
2329 1119 66 23 Bath,

1868 1141 69 18 OVER
1948 1142 92 17 WHICH
2056 1142 85 17 LARGE
2159 1142 119 18 BATHING
2294 1143 140 18 PAVILIONS
2455 1144 71 17 HAVE
2547 1144 71 18 BEEN
2637 1143 119 19 ERECTED

1973 1165 44 18 with
2028 1171 100 11 numerous
2136 1166 92 22 Dressing
2244 1166 75 20 Rooms,
2330 1168 35 15 etc.
2390 1167 76 16 Besides
2474 1167 52 17 these
2535 1168 52 17 there
2596 1168 15 17 is
2620 1168 31 17 the

1868 1187 134 19 Pain-killer
2013 1188 66 23 Bath,
2095 1188 133 23 Coffee-pot,
2244 1189 132 19 Cameron's
2389 1190 46 18 and
2450 1190 128 18 Hinernaru
2592 1190 73 18 Baths
2678 1190 24 18 in
2716 1190 40 19 the

2171 1211 151 19 Sanatorium
2338 1212 114 20 Grounds.

1868 1256 114 20 Bathgate
2002 1256 72 20 House
2092 1256 36 19 lifts
2145 1256 51 20 been
2216 1256 79 26 greatly
2312 1258 97 24 enlarged
2424 1258 32 18 for
2472 1258 92 19 Tourists
2580 1265 22 12 as
2622 1258 47 19 well
2685 1265 22 12 as
2726 1258 31 19 fer

2105 1283 71 24 people
2190 1282 73 25 taking
2273 1289 11 12 a
2294 1290 70 12 course
2373 1284 22 18 of
2404 1284 34 18 the
2449 1284 70 18 Baths.

2122 1317 134 20 TERMS
2276 1319 230 20 MODERATE.

2074 1389 24 9 ~
2145 1364 53 34 T.
2224 1348 148 50 ~JB°7I
2392 1352 5 2 '

2190 1409 244 18 PROPRIETOR.

1869 1434 73 17 N.B.—
1943 1436 51 17 Most
2004 1437 19 16 of
2032 1437 53 18 those
2094 1438 42 17 who
2145 1439 44 16 visit
2197 1439 76 18 Brent's
2282 1440 23 18 do
2314 1447 20 11 so
2343 1442 84 23 through
2436 1443 33 17 the
2483 1444 46 17 kind
2542 1446 181 17 recommendations
2740 1448 19 16 of

1972 1650 165 35 QUEEN
2164 1650 205 36 STREET,
2388 1651 273 34 AUCKLAND*

2099 1698 108 19 UNDER
2220 1699 75 18 NEW
2307 1700 225 19 MANAGEMENT.

2088 1730 456 65 JQSEPjOAeRJE,

1999 1808 60 26 (Late
2070 1810 20 17 of
2100 1810 34 18 the
2144 1809 57 19 Lake
2211 1809 71 19 House
2298 1810 39 19 and
2353 1810 73 20 Palace
2437 1812 77 20 Hotels,
2528 1811 108 25 Rotoruu,)

2118 1841 49 17 Has
2173 1841 52 23 just
2234 1841 72 18 taken
2318 1846 55 14 over
2382 1842 47 18 this
2439 1842 75 18 Hotel.

1872 1863 129 18 Travellers
2009 1864 47 18 wiU
2064 1864 48 18 find
2121 1869 71 17 every
2200 1864 98 19 Modern
2307 1865 161 18 Convenience
2477 1865 122 19 combined
2604 1865 58 19 with
2669 1865 93 25 Civility

2176 1887 47 19 and
2230 1888 96 23 Prompt
2333 1888 123 19 attention.

1898 1931 43 19 The
1953 1931 97 20 situation
2060 1932 22 19 of
2096 1931 35 20 the
2147 1932 125 19 Waveklkv
2290 1933 58 18 remit

1873 1958 117 21 Travelling
2001 1958 72 19 Public
2084 1958 39 19 and
2142 1958 88 19 Visitors
2246 1963 20 14 to
2283 1959 34 18 the
2335 1959 13 19 C

2392 1933 17 18 it
2427 1933 96 25 specially
2542 1934 120 18 convenient
2680 1934 31 19 for
2726 1934 35 19 the

2397 1960 52 18 from
2465 1959 35 19 the
2515 1960 90 25 Country
2623 1960 26 25 by
2670 1961 53 17 train
2740 1967 22 12 or

1874 2009 102 30 Special
1986 2010 206 29 Arrangements
2203 2011 75 23 made
2288 2011 40 23 for
2339 2011 46 23 the
2401 2011 175 24 convenience
2590 2012 28 23 of
2630 2011 129 25 Families.

2065 2049 201 16 NIGHT
2311 2051 262 16 PORTER.

1875 2090 176 26 First-class
2066 2091 117 25 Billiard
2201 2091 118 26 Rooms.
2355 2092 101 26 Wines
2469 2093 60 25 and
2546 2093 108 29 Spirits
2669 2093 31 25 of
2706 2093 55 25 the

1953 2123 68 26 best
2037 2124 125 25 Brands.
2208 2124 170 27 Hancock's
2401 2126 81 25 Prize
2497 2126 103 25 XXXX
2615 2126 68 25 Ales

2145 2156 113 33 always
2277 2165 37 18 on
2342 2158 140 31 draught.

1875 2282 78 18 under
1960 2283 40 18 the
2007 2282 171 24 distinguished
2184 2284 128 23 patronage
2319 2285 27 17 of
2349 2284 43 19 His
2398 2284 138 24 Excellency
2546 2284 60 19 Lord
2616 2285 143 24 Carrington,

1896 2314 119 19 Governor
2025 2315 26 18 of
2056 2314 99 24 N.S.W.,
2167 2315 47 18 and
2223 2315 61 18 Lord
2301 2315 95 19 Onslow
2406 2317 118 18 Governor
2533 2316 26 19 of
2565 2317 58 19 New
2632 2317 104 19 Zealand.

2033 2590 264 34 TMUR
2325 2591 45 33 K
2402 2591 45 34 N
2479 2591 43 34 G

1873 2672 9 14 r
1886 2671 73 24 FHE
2117 2672 16 18 is
2145 2672 128 24 pronounced
2286 2672 25 24 by
2328 2672 25 19 its
2366 2672 85 19 Patrons
2469 2675 20 16 to
2503 2672 26 19 be
2545 2672 34 19 the
2596 2673 46 19 best
2654 2672 53 20 built
2722 2674 39 17 and

1879 2693 24 21 JL
1941 2699 44 17 best
1993 2698 108 19 furnished
2113 2698 61 18 Hotel
2186 2698 20 18 in
2216 2698 35 18 the
2261 2698 68 19 North
2338 2698 77 19 Is.and.

1906 2729 136 26 Private
2056 2729 106 27 Suites
2171 2730 21 18 of
2202 2729 132 26 Apartments
2344 2730 32 19 for
2390 2730 98 19 Families.

2189 2763 102 29 Sample
2305 2764 95 23 Rooms
2422 2766 32 17 lor
2467 2764 133 20 Commercial
2609 2764 125 19 Gentlemen.

1872 2797 90 19 Coaches
1970 2797 57 19 leave
2037 2797 34 19 the
2082 2797 62 18 Hotel
2152 2797 33 18 for
2200 2797 35 19 the
2249 2797 66 20 Lakes
2334 2805 26 12 on
2376 2799 75 19 arrival
2467 2799 20 18 of
2505 2799 24 18 nil
2548 2801 103 17 steamers.
2682 2799 80 26 Special

1980 2823 93 25 Buggies
2089 2823 40 18 and
2140 2823 75 19 Saddle
2226 2823 78 20 Horses
2313 2831 37 12 can
2366 2825 26 18 be
2409 2825 96 19 obtained
2522 2825 32 19 for
2563 2825 28 19 all
2603 2829 55 20 parts

2230 2850 21 19 of
2261 2851 35 18 the
2312 2851 96 24 Country.

1873 2883 186 27 First-class
2073 2883 126 32 Sailing
2212 2884 63 25 and
2287 2884 138 32 Rowing-
2437 2885 99 26 Boats
2548 2885 49 26 for
2609 2885 153 27 Pleasure

2136 2917 63 25 and
2218 2917 135 32 Fishing
2366 2918 134 25 Parties.

1873 2957 65 26 The
1970 2957 163 26 Saltwater
2163 2958 128 32 Bathing
2327 2959 126 25 Pavilion
2490 2960 22 24 is
2548 2959 101 26 within
2674 2959 88 26 three

2077 2991 139 25 minutes'
2239 2992 74 25 walk
2334 2992 33 25 of
2382 2992 54 25 the

2094 3032 119 25 Telegrams
2232 3032 78 19 receive
2337 3036 82 22 prompt
2437 3034 107 18 attention.

2183 3134 280 26 PROPRIETOR.

2776 733 217 47 IMPERIAL
3049 741 143 49 HOTEL,

2818 790 124 24 PORT
2965 793 194 26 STREET.

2910 830 159 21 AUCKLAND.

2803 891 96 25 Splendid
2915 896 166 20 accommodation
3093 898 30 19 for
3136 900 48 19 Tour-

2778 917 35 19 ists
2823 918 39 18 and
2872 919 116 21 Travellers.

2794 955 181 32 High-class
3124 964 61 25 and

2888 990 115 32 Spirits
3015 993 82 32 kept.

2824 1068 40 26 W.
2898 1070 30 25 H.
2959 1072 200 33 PEARCE,

2904 1108 175 29 Proprietor.

2784 1498 47 26 W.
2845 1499 36 25 H.
2901 1500 28 26 &
2948 1501 37 27 H.
3013 1503 31 26 G.
3074 1505 134 33 Wright,

2857 1549 130 21 bUJJGBON
3000 1552 135 21 DENTISTS.

2829 1617 122 24 (Successors
2962 1622 18 17 to
2992 1621 23 18 A.
3027 1622 22 18 L.
3065 1622 101 27 Wright.)

2810 1651 74 23 Notify
2893 1653 43 19 that
2947 1653 45 24 they
3003 1662 33 12 are
3046 1656 119 27 continuing
3175 1658 35 20 the

2786 1677 95 19 Business
2892 1681 20 16 at
2920 1679 34 19 the
2964 1680 98 21 Promises
3072 1684 33 24 top
3112 1684 22 18 of
3141 1684 58 19 Short-

2785 1703 127 20 land-street.
2940 1706 40 19 The
2990 1706 111 26 high-class
3118 1710 54 18 work
3189 1711 22 18 of

2785 1729 35 18 the
2829 1729 41 20 late
2883 1731 29 18 Mr
2922 1731 23 18 A.
2956 1732 21 19 L.
2990 1732 82 27 Wright
3085 1735 37 19 will
3135 1736 23 18 be
3175 1736 24 20 ad-

2785 1755 61 19 hered
2858 1760 24 18 to,
2895 1757 39 19 and
2944 1764 39 19 any
2998 1758 36 20 left
3053 1761 113 19 unfinished
3184 1762 28 25 by

2785 1782 44 18 that
2840 1783 115 23 gentleman
2967 1783 39 21 will
3016 1785 25 19 bo
3056 1788 111 23 completed
3184 1789 27 24 by

2878 1809 34 18 the
2919 1816 43 13 now
2971 1816 147 14 uianasrenieut.

2820 1896 23 25 J.
2865 1897 30 24 H.
2917 1897 260 35 BUCHANAN,

2859 1946 95 26 Stone
2967 1948 171 28 Merchant.

2877 1993 175 20 ESTABLISHED
3069 1997 50 18 1892.

2808 2042 117 23 Statuary,
2953 2043 160 21 Monumental
3144 2048 45 18 and

2902 2065 97 20 General
3008 2067 88 20 Mason.

2785 2100 108 17 MARBLE
2902 2102 14 17 &
2922 2102 147 19 FREESTONE
3079 2104 132 20 CHIMNEY-:

2808 2123 96 22 PIECES,
2922 2125 126 22 MANTELS,
3062 2128 83 21 VASES,
3156 2130 31 17 Ac.

2812 2157 139 28 VICTORIA
2968 2161 117 26 STREET
3102 2163 80 29 EAST,

2788 2196 422 41 HUCKLHND.

2811 2258 88 26 Designs
2918 2260 40 19 and
2975 2261 66 19 Prices
3058 2262 113 20 forwarded
3190 2266 20 17 to

2785 2291 40 18 any
2834 2288 45 21 part
2890 2286 21 19 of
2920 2287 33 18 the
2964 2287 95 20 Province
3070 2295 22 12 or
3099 2288 76 26 Colony
3185 2297 26 12 on

2785 2311 129 25 application.

2836 2368 160 47 Steele
3018 2371 136 46 Bros.
3210 2368 2 49 ■

2786 2552 133 42 DESIRE
2927 2553 24 18 to
2961 2553 73 18 thank
3043 2554 39 17 the
3091 2554 77 23 public
3176 2556 36 17 for

2853 2577 54 21 past
2921 2576 77 18 favors
3012 2577 45 18 and
3071 2577 45 24 beg
3134 2578 25 18 to
3173 2584 26 13 an-

2786 2603 90 14 nounce
2884 2599 52 19 that
2944 2599 86 24 having
3038 2606 13 12 a
3065 2600 63 24 large
3143 2602 68 18 stock

2786 2622 25 17 of
2822 2622 170 19 -well-seasoned
3001 2623 119 19 hrst-class
3129 2624 84 19 timber

2786 2650 30 13 on
2825 2645 61 19 hand
2895 2646 55 23 they
2958 2651 38 13 are
3005 2647 111 22 prepared
3122 2648 25 17 to
3154 2648 58 18 fulfil

2786 2668 79 18 orders
2873 2669 25 17 at
2906 2669 99 18 reduced
3013 2670 68 18 rates.

2790 2736 47 43 T.
2877 2736 63 43 M.

2821 2799 142 18 BARRISTER
2975 2799 52 18 AND
3037 2799 139 23 SOLICITOR,

2799 2839 38 20 118,
2858 2839 98 17 Victoria
2974 2839 87 21 Arcade,
3083 2840 117 18 Auckland.

2797 2918 81 16 iiirrinter
2891 2918 36 16 and
2942 2918 85 17 Solicitor
3041 2919 19 16 of
3076 2919 31 17 the
3124 2919 89 23 Supreme

2883 2957 7 1 ..
2936 2941 1 20 ;
2939 2941 3 20 ,
2950 2941 81 18 Ontario,
3039 2942 80 17 Canada.

2789 3173 73 17 Losses
2870 3173 52 16 Paid
3094 3173 121 21 £20,000,000

2789 3204 50 16 Fire
2851 3203 99 18 Premium
2966 3204 99 18 Exceeds.
3074 3219 16 3 ..
3098 3205 117 20 .£1,500,000

2789 3235 308 18 AccumulatedFundsExceed
3106 3236 109 21 £1,000,000

2858 3274 39 19 W.
2917 3274 94 19 WARD
3029 3274 111 23 BAKER,

2822 3313 96 19 District
2926 3314 40 18 Ma

2874 3353 38 19 W.
2924 3354 28 18 A.
2967 3353 163 23 WILLIAMS,

2848 3393 69 18 Local
2936 3393 83 22 Agent,
3046 3393 108 20 Rotorua.

2874 3546 111 19 PARTLY
3001 3546 49 19 BUI
3057 3546 80 24 CHER,

2842 3596 79 18 Aiiaiva
2945 3596 89 22 Street,
3058 3595 105 20 Rotouu.i.

2815 3644 21 18 Is
2855 3650 44 12 now
2918 3644 93 25 carrying
3030 3650 24 12 on
3073 3644 34 19 the
3123 3644 92 19 business

2789 3678 61 24 lately
2872 3678 108 19 conducted
3000 3678 27 24 by
3043 3678 75 19 Messrs
3135 3678 77 19 Jecklin

2789 3713 39 17 and
2839 3711 75 24 Cotter,
2925 3711 40 19 and
2974 3713 17 17 is
3002 3711 96 26 prepared
3109 3715 19 15 to
3142 3711 70 27 supply

2789 3746 35 19 the
2833 3746 69 24 public
2912 3746 46 19 with
2970 3746 63 25 prime
3041 3746 77 24 quality
3128 3746 21 18 of
3161 3748 51 16 moat

2789 3781 40 18 and
2837 3780 59 20 small
2906 3781 62 24 goods

2862 3823 35 20 AT
2911 3822 116 20 LOWEST
3042 3822 100 20 PRICK*.

2816 3904 173 23 WYNYARD
3003 3901 181 27 &PURCHAS,

2851 3955 126 18 Barristers
2985 3960 40 13 and
3036 3953 116 21 Solicitors,

2790 4008 79 20 E.N.Z.
2877 4008 116 22 Chambers,
3003 4008 64 20 Queen
3072 4007 28 22 St,
3107 4005 105 20 Auckland

2806 4130 28 16 TT
2879 4134 52 19 gage
2942 4129 20 17 of
2975 4123 97 23 Freehold
3086 4125 40 19 and
3144 4125 17 19 L«
3170 4132 20 13 as

2789 4153 48 20 hold
2848 4156 93 21 property
2951 4155 20 17 at
2981 4154 77 20 current
3067 4154 60 16 rates.

1969 3253 229 46 ROBERT
2231 3253 254 47 FDRJHESS
2517 3257 46 43 &
2596 3255 82 48 Co.,

1912 3354 380 27 MANUFACTURERS
2330 3355 71 26 AN
2415 3356 26 24 D
2482 3355 251 28 IMPORTERS,

2069 3446 182 36 FORT
2286 3448 291 34 STRSei.

2013 3570 160 23 ROTORUA.

2361 3570 114 23 Yisitors
2486 3571 26 21 to
2526 3569 45 23 the
2586 3569 54 24 Hot
2648 3570 90 23 Lakes.

2335 3737 68 19 Situat
2417 3737 10 18 d
2452 3737 19 18 in
2497 3737 35 18 llie
2555 3736 50 20 New
2628 3737 135 23 G-ovef.iiment

2335 3762 106 24 Township
2459 3769 17 12 in
2493 3770 54 11 cinae
2565 3763 107 25 proximity
2692 3767 20 15 to
2731 3764 34 18 the

1898 3794 23 16 >r>
2010 3788 3 22 ,
2029 3788 3 22 >
2081 3802 12 8 n
2111 3802 6 6 *
2165 3801 14 9 ii
2204 3802 13 8 n
2335 3789 71 19 Buili*.
2424 3788 133 22 Sanaturiatn,
2577 3789 49 19 l'ost
2648 3789 60 19 Office
2727 3790 38 18 ai.d

1898 3803 49 19 (One
1954 3803 72 16 minute
2035 3808 8 11 s
2052 3803 48 16 walk
2109 3803 49 16 from
2165 3803 33 16 the
2204 3803 84 16 Govern-
2337 3815 16 7 ~
2368 3803 4 19 .
2402 3803 4 19 '
2434 3815 20 7 ~.
2473 3803 3 19 ,

2027 3825 53 17 inont
2088 3824 75 23 Baths.)
2335 3815 91 25 Kai.wuy
2434 3816 87 18 btattuii.

2335 3894 38 18 and
2386 3893 76 18 reuleie
2473 3892 45 19 with
2527 3899 57 12 everv
2594 3894 133 19 convenience
2735 3894 30 19 Foi

2335 3944 92 25 splendid
2438 3951 47 12 view
2496 3946 21 17 of
2528 3944 34 19 th'«
2570 3944 56 19 Lake
2636 3946 38 18 and
2685 3946 14 18 is
2709 3945 45 20 wiih-

1902 3970 46 22 -35s
1956 3977 45 22 per
2020 3970 89 26 week;
2128 3970 29 22 6s
2172 3977 46 22 per
2226 3970 59 29 day.
2335 3970 20 20 in
2366 3977 48 18 easy
2423 3977 66 13 access
2502 3970 21 19 of
2539 3969 34 20 the
2589 3973 78 18 Uevt-er
2683 3972 82 26 Springs

1977 4008 64 12 ,~~„i
2055 4014 10 6 „
2077 4015 27 5 ~„
2114 4008 92 12 i~„~«..
2231 4008 47 12 on.
2335 3996 22 19 of
2367 3996 186 19 Wbakurewarewa
2563 4003 19 12 at
2591 3997 12 18 d
2613 3998 27 18 all
2652 3997 33 20 the
2702 3997 63 23 sights

1903 4008 63 23 Two
1977 4008 90 23 weeks
2076 4015 28 15 or
2114 4008 99 28 lonerer,
2231 4008 54 23 30s.
2336 4022 21 19 of
2368 4022 34 19 the
2412 4022 12 19 d
2427 4008 4 33 ;
2433 4022 57 19 Hlrict
2492 4008 4 33 .
2720 4008 12 14 h

2349 4048 33 20 An
2393 4049 104 24 telegrams
2509 4048 102 26 promptly
2622 4049 95 20 attended
2725 4052 28 17 to.

2004 4142 186 20 PROPRIETOR

2468 4162 164 18 PROPKIETOE
