3238 4286
614 3653 124 18 VISITORS'
750 3655 63 18 LIST.

626 3699 83 19 Geyser
725 3701 77 17 Hotel.

522 3728 106 19 Mesdames
647 3731 59 21 Buck,
721 3732 108 22 Auckland;
842 3733 87 25 Findlay,

500 3752 111 20 Transvaal;
642 3754 62 23 Craig,
735 3754 95 25 England.
863 3758 67 17 Misses

500 3773 84 26 Edridge
591 3775 32 23 (2),
633 3777 101 23 Englund;
748 3779 59 20 Buck,
818 3779 99 19 Auckland
926 3773 3 28 ;

500 3797 87 24 Findlay,
602 3800 107 19 Transvaal.
739 3801 28 18 Dr
780 3803 62 21 Craig,
861 3803 70 18 Messrs

500 3820 121 23 Richardson,
632 3822 88 24 England
728 3820 3 28 ;
740 3824 81 23 Robson,
829 3826 89 18 Scotland
925 3820 4 28 ;

499 3844 68 20 Adam,
595 3845 72 22 Napier
677 3844 3 29 ;
707 3847 86 22 Findlay,
828 3848 101 25 Morrisby,

500 3867 111 21 Transvaal;
628 3869 82 23 Salmon,
720 3870 104 20 Auckland.

562 3914 88 18 Brent's
662 3916 111 18 Bathgate
785 3917 77 19 House.

520 3944 107 19 Mesdamefi
640 3947 79 21 Martin,
736 3947 118 25 Wairarapa;
876 3951 43 17 Mill-

498 3967 57 19 ward.
712 3967 4 27 ;
747 3971 76 21 Cutten,
852 3974 76 20 Barker,

498 3991 36 16 and
548 3990 199 22 MissesMendeshons
762 3994 32 23 (2),
805 3996 117 23 Canterbury

498 4012 27 17 Dr
534 4014 21 16 B.
566 4014 20 17 T.
598 4015 79 21 Russell,
694 4016 73 19 Ireland
775 4012 4 26 ;
793 4018 69 18 Messrs
876 4020 40 17 Mar-

498 4036 33 20 tin,
553 4036 108 25 Wairarapa
670 4036 4 26 ;
693 4040 99 21 Milhvard,
811 4042 21 17 P.
847 4043 81 19 Telford.

498 4058 56 23 Gray,
564 4060 82 23 Reaney,
660 4062 121 23 Wellington;
794 4064 74 21 Barker,
879 4066 38 17 Can-

506 4081 68 23 '"•bury
581 4081 4 28 ;
595 4083 101 23 Clements,
703 4086 108 22 Auckland;
826 4088 102 21 Pincknev,

540 4110 40 16 son,
589 4106 95 23 England.

1106 95 43 16 The
1163 95 113 16 Langham.

998 127 105 18 Mesdames
1127 125 78 21 Joshua,
1226 126 76 22 Taupo;
1330 125 77 19 Corlett,

975 150 90 17 Tokaanu
1072 148 4 23 ;
1090 150 75 19 Parata,
1175 150 107 21 Tauranga.
1308 148 47 17 Miss
1362 148 37 16 Bat

974 175 39 20 toy,
1021 173 81 17 Pokeno.
1128 172 64 22 Judge
1200 172 78 20 Wilson,
1296 170 99 18 Auckland
1402 173 5 17 J

974 196 70 18 Messrs
1061 196 75 19 Parata,
1162 195 110 22 Tauranga;
1300 193 107 19 Tarawhiti,

974 216 81 24 Huntly;
1070 218 71 23 Sleigh,
1151 216 98 22 Scotland;
1264 217 85 18 Skinner.
1360 216 36 22 Syd-

974 248 37 16 ney
1017 239 4 25 i
1035 242 97 19 Lichfield,
1141 241 84 17 Lismore
1233 239 3 25 J
1251 240 71 23 Bailey,
1339 239 57 17 Black-

974 265 65 20 bootd,
1049 263 110 22 Auckland;
1173 264 70 20 Proud*
1252 263 86 22 Pokeno;
1360 263 36 16 Tur-

974 288 38 22 pin,
1030 288 130 16 Webberston.
1177 287 119 17 Strathniore
1304 292 5 16 ;
1330 285 77 21 Adam?)

974 311 83 17 Hawkes
1065 311 48 21 Bay.

975 370 56 21 THE
1050 370 56 21 HOT
1125 370 93 21 LAKES
1237 370 168 21 CHRONICLE

1161 417 56 13 AND

1076 452 108 19 Tourists'
1201 450 100 25 Journal.

1008 513 170 20 WEDNESDAY,
1191 513 68 18 JULY
1269 513 27 19 15,
1308 513 50 16 1896.

1013 564 84 20 TOWN
1116 563 97 20 BOARD
1230 561 135 20 MATTERS.

974 618 45 18 The
1037 617 61 19 Town
1118 615 66 20 Board
1210 617 63 16 meets
1300 617 105 16 tomorrow

975 644 105 18 afternoon
1088 642 58 19 when
1153 641 78 18 several
1240 640 109 24 important
1356 643 42 16 mat
1400 640 3 24 1

974 673 41 15 ters
1030 669 39 18 will
1087 668 26 19 be
1128 667 102 19 discussed
1250 666 39 18 and
1306 665 99 26 probably

974 696 106 24 arranged.
1095 694 43 18 The
1146 692 140 25 appointment
1294 693 21 17 of
1323 699 11 11 a
1343 692 59 23 clerk,

974 724 100 19 in-v>ector
1093 720 22 19 of
1130 720 113 21 nuisances,
1261 719 42 21 £c,
1322 718 40 18 will
1380 718 25 19 bo

974 748 64 23 made,
1050 747 39 18 and
1099 746 17 19 if
1132 748 67 22 report
1215 744 25 18 be
1257 747 75 16 correct
1346 750 22 12 as
1385 747 20 16 to

974 775 34 18 the
1038 772 86 20 number
1151 771 22 18 of
1206 770 117 19 candidates
1349 770 56 19 there

974 800 41 19 will
1031 797 25 21 he
1073 805 26 12 no
1120 795 97 26 difficulty
1243 796 21 18 in
1282 797 97 24 choosing
1394 803 11 12 a

974 825 87 20 suitable
1072 830 73 19 person
1155 823 51 18 from
1217 825 93 22 amongct
1325 823 35 17 the
1370 829 23 18 ap-

973 852 91 25 plicants.
1094 850 25 19 In
1134 848 73 25 regard
1224 851 20 15 to
1261 847 40 19 this
1311 848 56 19 office
1377 855 28 12 we

973 877 67 20 would
1050 877 56 24 point
1117 878 36 16 out
1162 878 20 15 to
1193 875 34 18 the
1241 874 66 19 Board
1317 874 45 18 that
1371 875 34 18 the

972 903 110 19 resolution
1092 901 73 26 passed
1172 904 20 15 at
1200 901 35 17 the
1242 900 90 24 meeting
1341 900 63 18 which

973 929 116 19 authoiised
1100 929 34 17 the
1147 934 9 12 c
1170 927 52 24 lling
1231 927 32 19 for
1273 926 132 26 applications

972 956 59 19 made
1042 962 25 12 no
1075 953 101 26 provision
1188 953 30 18 for
1229 953 35 18 the
1273 952 94 25 splitting
1378 958 27 18 up

972 982 22 19 of
1004 983 35 18 the
1049 982 71 18 offices.
1149 979 20 19 It
1180 985 41 12 was
1231 979 20 18 in
1262 978 58 19 order
1330 981 19 16 to
1360 985 34 18 per-

972 1009 37 18 mit
1019 1009 21 18 of
1050 1007 35 19 the
1093 1006 160 22 amalganmtton
1260 1005 21 18 of
1289 1004 34 19 the
1332 1005 71 22 offices,

972 1041 22 12 so
1010 1034 44 20 that
1070 1042 11 11 a
1099 1032 57 19 small
1174 1031 37 18 but
1228 1030 92 24 tangible
1339 1030 65 25 salary

972 1060 66 25 might
1048 1061 25 19 be
1083 1060 67 25 given,
1162 1058 44 18 that
1224 1057 35 18 Mr
1276 1056 82 25 Dansey
1374 1062 21 14 re-

972 1085 71 25 signed
1055 1086 31 20 his
1104 1084 87 26 position
1212 1089 22 12 as
1252 1082 61 19 Clerk
1332 1085 20 16 to
1370 1082 35 20 the

972 1112 73 24 Board,
1057 1113 40 19 and
1107 1112 16 18 it.
1139 1110 67 25 places
1224 1109 45 18 that
1289 1108 114 25 gentleman

972 1139 19 18 in
1003 1146 11 12 a
1024 1139 69 19 rather
1104 1135 103 27 equivocal
1222 1135 93 25 position,
1334 1138 19 15 to
1369 1141 35 18 say

971 1165 35 18 the
1015 1165 51 20 hast
1076 1165 21 18 of
1115 1162 82 24 it,when
1211 1161 105 24 following
1332 1167 25 12 on
1374 1160 30 19 his

971 1191 124 23 resignation
1107 1190 35 19 the
1152 1188 65 19 offices
1228 1193 33 13 are
1268 1188 60 24 again
1336 1193 58 18 separ-

972 1218 52 18 ated.
1052 1217 42 20 The
1114 1213 88 26 original
1227 1213 110 19 resolution
1363 1219 40 13 was

998 1244 45 19 that
1062 1241 131 27 applications
1212 1239 26 19 be
1257 1239 77 19 invited
1353 1239 51 19 from

971 1277 83 17 persons
1063 1269 79 23 willing
1149 1270 20 16 to
1179 1266 30 19 fill
1226 1265 35 19 the
1277 1265 88 25 position
1384 1266 21 18 of

970 1299 54 16 town
1042 1296 61 21 clerk,
1130 1297 107 18 treasurer,
1265 1291 100 25 inspector
1384 1292 21 18 of

970 1322 106 19 nuisances
1095 1322 41 18 and
1153 1318 105 25 slaughter
1276 1317 67 26 yaids,
1364 1317 39 19 and

970 1348 54 19 clerk
1033 1348 21 19 of
1167 1345 39 19 and
1223 1344 57 18 there
1296 1343 73 19 should
1381 1343 22 19 bo

970 1381 25 12 no
1013 1374 108 25 departure
1146 1374 52 18 from
1224 1371 42 18 this
1285 1369 68 20 unless
1372 1369 32 19 Mr

970 1400 82 25 Dansey
1063 1400 92 25 signifies
1165 1397 31 21 his
1207 1397 125 24 willingness
1343 1399 19 15 to
1371 1402 21 12 re-

970 1427 42 18 tain
1023 1426 34 19 the
1064 1426 87 25 position
1160 1426 20 18 of
1186 1423 55 19 clerk
1249 1423 39 19 and
1297 1426 105 15 treasurer.

969 1453 21 19 It
1000 1453 66 19 would
1083 1453 48 18 then
1150 1452 26 18 be
1188 1451 115 23 competent
1320 1451 20 15 to
1356 1454 36 12 con-

970 1479 53 19 sider
1033 1479 34 18 the
1078 1479 134 24 applications
1222 1477 32 17 for
1272 1476 34 18 the
1316 1473 74 20 remain-

970 1505 35 24 ing
1016 1505 72 19 offices.
1118 1505 72 19 Under
1200 1510 40 16 any
1250 1503 153 19 circumstances

969 1531 34 18 the
1016 1532 55 18 office
1088 1531 21 19 of
1127 1533 100 16 treasurer
1241 1528 66 19 would
1324 1527 44 18 best
1379 1526 24 19 be

968 1557 56 19 filled
1035 1558 25 23 by
1072 1564 12 12 a
1093 1557 90 19 member
1193 1556 21 18 of
1226 1555 35 18 the
1269 1553 73 23 Board,
1351 1559 22 12 as
1383 1552 19 19 in

969 1583 34 19 the
1014 1586 50 21 past.
1098 1583 50 19 This
1165 1583 39 18 will
1219 1581 80 21 obviate
1316 1580 35 18 the
1367 1586 24 12 ne-

968 1610 72 23 cessity
1051 1610 21 17 of
1080 1609 33 19 the
1122 1607 107 21 successful
1236 1608 106 19 candidate
1351 1606 42 18 find-

969 1636 36 23 ing
1015 1630 100 30 a'fidelity
1125 1635 52 19 bond
1189 1635 21 18 of
1228 1636 64 21 £IOO,
1309 1632 40 20 and
1363 1637 40 13 two

968 1662 86 18 sureties
1065 1662 21 18 of
1097 1662 56 18 £IOO
1172 1661 54 23 each,
1244 1667 25 12 on
1280 1667 12 11 a
1306 1658 65 25 salary
1383 1658 20 19 of

968 1688 44 20 £52
1024 1694 35 18 per
1070 1694 82 16 annum,
1171 1694 22 12 or
1208 1687 46 23 less,
1272 1687 17 18 if
1305 1686 34 19 the
1357 1691 35 20 pro-

968 1714 62 25 posed
1041 1714 115 25 separation
1165 1714 21 18 of
1196 1714 66 19 offices
1273 1712 72 19 should
1356 1711 46 19 take

968 1740 63 25 place.
1061 1740 29 18 An
1102 1740 117 19 ins))notion
1231 1743 21 16 to
1269 1741 34 18 the
1318 1738 54 19 clerk
1383 1741 19 16 to

968 1772 39 18 pay
1018 1766 27 19 nil
1056 1766 77 19 monies
1150 1770 21 15 to
1186 1767 34 18 the
1237 1767 47 18 hon.
1302 1768 101 17 treasurer

967 1799 22 11 as
1000 1799 47 12 soon
1059 1799 21 11 as.
1087 1792 49 20 thev
1143 1793 59 18 reach
1214 1799 12 13 a
1241 1791 109 27 stipulated
1358 1797 44 12 sum

968 1818 65 19 would
1047 1818 72 25 permit
1131 1820 21 17 of
1161 1819 34 18 the
1212 1821 84 17 amount
1303 1819 21 18 of
1334 1820 68 21 surety

967 1844 93 25 required
1073 1845 62 22 being
1144 1845 87 20 reduced
1250 1846 19 18 in
1283 1843 118 21 reasonable

967 1871 116 24 proportion
1091 1873 20 16 to
1120 1872 35 17 the
1165 1871 66 25 salary
1242 1872 54 24 paid.

993 1920 24 18 In
1029 1921 86 18 nnotlier
1132 1921 77 19 column
1231 1921 41 19 will
1293 1921 25 19 be
1338 1921 62 19 found

967 1946 34 18 the
1012 1947 41 23 git-t
1064 1947 20 18 of
1101 1954 9 10 n
1132 1947 57 19 letter
1209 1948 51 18 from
1280 1947 35 19 the
1332 1947 68 19 Lands

966 1971 133 25 Department
1110 1973 21 19 in
1141 1973 57 25 reply
1208 1977 21 15 to
1246 1974 34 18 the
1290 1973 96 20 communi-

965 1998 66 19 cation
1052 1999 21 18 of
1092 1999 35 19 the
1144 1999 67 19 Board
1235 2001 112 23 conveying
1367 2000 33 20 the

966 2024 105 24 following
1094 2025 110 19 resolution
1230 2026 71 25 passed
1329 2029 20 17 at
1367 2027 33 19 the

964 2051 90 24 meeting
1064 2057 25 12 on
1099 2053 43 17 21st
1153 2052 48 23 May
1209 2051 3 24 :

1094 2085 43 18 that
1151 2086 32 18 the
1191 2086 129 19 Government
1336 2087 23 17 be
1370 2088 20 16 in-

965 2108 75 17 formed
1049 2107 41 19 that
1099 2108 19 18 in
1133 2109 53 17 order
1200 2111 19 16 to
1235 2111 49 16 meet
1299 2110 31 17 the
1345 2109 44 19 abso-

965 2131 61 23 lutely
1035 2137 98 18 necessary
1142 2133 135 22 requirements
1285 2135 21 15 to
1320 2135 35 20 put
1367 2134 33 17 the

965 2156 50 15 town
1033 2155 19 16 in
1069 2161 11 12 a
1094 2155 83 23 sanitary
1196 2155 96 18 condition
1306 2157 32 17 the
1355 2163 33 12 con-

965 2178 91 17 struction
1064 2179 19 16 of
1094 2180 31 15 114
1136 2178 63 18 chains
1209 2180 19 16 of
1245 2180 121 22 channelling
1376 2180 23 17 be

963 2201 63 21 begun
1038 2201 98 18 forthwith
1146 2202 20 18 at
1175 2208 23 12 mi
1212 2202 99 18 estimated
1324 2204 39 17 cost
1380 2204 20 17 of

963 2223 50 19 £950
1035 2223 36 19 and
1091 2225 45 18 that
1149 2225 32 18 the
1198 2226 63 17 Board
1277 2227 122 23 respectfully

963 2246 71 19 submit
1043 2248 42 17 that
1094 2248 62 19 unless
1165 2250 38 17 this
1212 2256 41 11 sum
1260 2248 15 19 is
1283 2249 80 24 granted
1370 2251 29 16 for

963 2270 32 18 the
1004 2277 86 16 purpose,
1101 2272 33 17 the
1146 2273 62 17 Board
1221 2274 52 16 must
1287 2273 71 18 decline
1373 2274 25 18 all

962 2294 140 22 responsibility
1124 2295 18 17 in
1164 2296 110 17 connection
1298 2296 45 18 with
1367 2296 31 18 the

962 2316 84 24 sanitary
1055 2319 48 16 state
1113 2319 20 17 of
1141 2319 85 18 Rotorua
1235 2320 29 16 for
1277 2320 32 17 the
1323 2322 75 16 current

962 2375 28 18 As
1000 2375 35 19 the
1044 2375 69 19 Lands
1130 2375 133 25 Department
1276 2381 44 13 now
1336 2378 61 16 states

962 2401 43 18 that
1016 2401 16 19 it
1040 2401 17 18 is
1067 2403 34 17 not
1111 2400 99 27 proposed
1217 2404 21 16 to
1250 2401 79 20 author!
1343 2408 10 12 e
1360 2402 33 18 the

962 2427 132 24 expenditure
1111 2429 22 17 of
1158 2427 33 19 the
1216 2434 45 12 sum
1284 2428 63 18 asked
1365 2429 32 18 for

961 2453 20 19 in
991 2453 35 19 the
1036 2460 84 12 manner
1137 2454 106 25 proposed,
1263 2460 28 12 we
1308 2460 46 18 may
1365 2460 21 13 as-

960 2485 63 17 sump,
1037 2486 22 12 as
1070 2487 39 11 was
1125 2480 105 19 remarked
1243 2481 28 21 by
1286 2479 34 19 Mr
1329 2479 54 21 Muel-

961 2503 29 21 ler
1001 2507 20 17 nt
1035 2507 34 17 (he
1085 2507 91 21 mooting:
1192 2507 19 18 in
1230 2506 100 25 question,
1351 2507 45 18 that

961 2531 34 19 the
1005 2531 137 19 Government,
1153 2533 36 18 has
1199 2533 91 18 resolved
1298 2533 20 18 to
1326 2535 68 22 accept

960 2557 34 18 the
1005 2558 64 18 whole
1078 2558 153 25 responsibility
1249 2558 20 19 in
1287 2559 74 23 regard
1376 2563 19 15 to

960 2583 89 25 sanitary
1059 2587 83 17 matters
1162 2585 54 18 hero.
1245 2584 49 19 This
1311 2585 17 18 is
1346 2592 47 17 very

960 2609 221 25 satisfactory—would
1200 2611 25 18 be
1246 2611 86 25 entiroly
1346 2618 20 11 so-

961 2643 49 11 woro
1021 2636 15 19 it
1047 2639 35 16 not,
1093 2637 32 18 for
1139 2637 34 19 the
1189 2644 86 12 manner
1289 2637 20 19 in
1330 2637 63 19 which

959 2662 34 18 the
1003 2662 179 21 letterfeorcludes.
1203 2663 40 20 We
1251 2665 68 25 quote:

959 2688 25 18 all
998 2688 125 25 probability
1134 2696 8 11 n
1161 2692 67 22 report,
1245 2696 25 13 on
1289 2696 11 12 a
1320 2692 73 21 «ystem

959 2714 21 18 of
989 2714 98 24 drainage
1099 2717 30 16 I'or
1142 2716 34 18 the
1186 2719 52 16 town
1257 2715 38 19 will
1316 2716 78 19 shortly

959 2739 25 18 be
993 2740 101 21 obtained,
1106 2742 53 18 after
1169 2742 64 19 which
1244 2742 17 19 it
1272 2741 39 20 will
1323 2742 25 19 be
1358 2742 24 19 de-

958 2766 57 19 cided
1026 2767 52 18 what
1090 2775 69 11 course
1170 2768 16 19 is
1201 2769 46 18 best
1262 2771 20 16 to

958 2792 64 19 There
1033 2792 16 19 is
1060 2801 9 10 a
1078 2794 165 25 foreshadowing
1261 2794 48 19 here
1325 2795 21 18 of
1358 2795 35 19 the

980 2818 51 19 later
1042 2826 24 12 on
1096 2820 67 24 policy
1174 2820 47 20 with
1229 2820 64 20 which
1303 2820 90 20 Rotorua

958 2844 69 19 affairs
1038 2852 51 11 wore
1099 2846 77 19 treated
1195 2847 40 18 last
1252 2847 82 22 session,
1353 2846 40 21 and

957 2870 68 19 unless
1036 2872 33 18 the
1080 2871 65 20 Board
1157 2873 118 22 vigorously
1285 2876 69 15 return
1370 2876 20 17 to

957 2897 34 18 the
1000 2897 80 24 charge,
1090 2898 37 18 and
1138 2898 56 19 ins'st
1203 2905 25 12 on
1238 2902 85 16 matters
1330 2898 63 26 being

957 2925 36 22 put.
1004 2923 18 18 in
1031 2930 73 19 nroper
1115 2924 87 21 tramine
1202 2923 3 26 -
1215 2928 20 15 at
1247 2932 54 16 once,
1309 2926 57 18 there
1376 2925 17 20 is

957 2955 59 19 every
1025 2950 76 23 danger
1109 2950 44 20 that
1165 2958 12 12 a
1185 2951 101 20 condition
1296 2952 20 18 of
1324 2952 69 19 affairs

956 2975 40 19 will
1008 2976 69 18 attend
1087 2977 35 18 the
1137 2977 89 24 opening
1236 2978 21 19 of
1267 2977 35 19 the
1312 2978 80 23 coming

957 3007 70 13 season
1047 3002 76 19 similar
1141 3006 20 16 to
1179 3003 45 19 that
1239 3004 65 18 which
1322 3004 59 19 unfor-

956 3027 93 23 tunately
1056 3029 107 19 continued
1170 3029 125 24 throughout
1304 3030 33 18 the
1345 3030 45 19 last.

956 3052 56 20 Even
1022 3053 103 20 Ministers
1134 3055 122 20 thenrelves
1263 3055 26 19 do
1296 3058 34 16 not
1337 3062 54 14 seem

956 3081 19 16 to
986 3079 25 19 be
1022 3086 65 13 aware
1105 3081 22 18 of
1144 3081 54 19 what
1214 3082 17 18 is
1248 3082 63 22 goiDer
1329 3089 26 12 on
1370 3082 21 19 in

956 3105 53 18 their
1016 3112 44 12 own
1071 3106 145 25 departments.
1245 3108 33 18 On
1290 3107 51 25 July
1362 3109 29 18 Ist

956 3138 28 12 we
995 3131 41 19 find
1047 3132 15 18 it
1080 3133 95 19 recorded
1191 3134 21 18 in
1230 3133 99 20 Hansard
1346 3134 45 19 that

955 3157 33 18 Mr
997 3156 20 20 J.
1026 3156 113 22 McKenzie
1149 3159 66 19 stated
1224 3159 21 20 in
1261 3159 58 26 reply
1328 3162 21 17 to
1359 3160 32 20 Sir

955 3182 78 21 Robert
1047 3184 59 19 Stout
1122 3185 46 18 that
1186 3192 26 12 an
1229 3186 103 24 Engineer
1349 3193 42 12 was

955 3209 48 19 then
1014 3211 21 17 at
1044 3210 92 19 Rotorua
1146 3213 11 9 !:
1166 3211 110 26 preparing
1350 3212 40 20 .and

955 3235 145 24 specifications
1126 3237 39 19 and
1179 3244 12 11 a
1214 3239 81 18 scheme
1309 3239 32 18 for
1355 3239 36 18 the

955 3267 87 19 purpose
1053 3262 21 18 of
1240 3264 21 19 If
1280 3271 40 17 any
1341 3265 48 18 such

955 3286 130 26 functionary
1097 3288 38 19 has
1154 3290 49 18 been
1219 3290 49 19 here
1288 3290 26 19 be
1336 3293 55 16 must,

955 3312 52 19 have
1025 3313 51 19 been
1090 3321 11 12 a
1111 3314 130 26 remarkably
1252 3316 138 20 unobtrusive

955 3339 121 18 individual.

955 3394 120 19 ROTORUA
1083 3396 110 18 AFFAIRS
1199 3396 30 19 IN
1235 3398 53 17 THE
1294 3398 87 17 HOUSE.

1047 3457 97 19 Botorua
1157 3457 59 20 Tews
1223 3460 71 17 Board

976 3488 39 17 The
1024 3488 88 19 Hansard
1123 3491 65 19 report
1199 3491 20 16 of
1232 3491 32 17 Mr
1272 3491 28 18 W.
1316 3491 72 23 Kelly's

954 3510 83 20 remarks
1054 3512 19 16 in
1087 3512 32 17 the
1128 3513 65 17 Houso
1207 3514 19 16 in
1242 3513 68 24 regard
1324 3516 20 16 to
1356 3516 32 17 the

953 3536 76 16 present
1039 3535 48 17 form
1106 3536 20 16 of
1140 3537 48 16 local
1202 3537 129 18 Government
1352 3537 36 19 and

953 3556 31 18 Mr
990 3557 52 18 John
1053 3557 118 20 McKenzie's
1183 3559 54 23 reply
1249 3561 75 17 thereto
1338 3561 15 17 is
1368 3568 20 11 as

953 3580 111 17 follows:

976 3612 31 17 Mr
1015 3612 29 18 W.
1055 3612 57 23 Kelly
1120 3613 56 18 asked
1185 3615 31 16 the
1232 3615 134 21 Government,
1373 3617 16 16 if

952 3633 16 18 it
979 3636 15 15 is
1003 3636 89 17 intended
1101 3638 19 15 to
1129 3637 49 16 alter
1186 3637 32 18 the
1227 3639 123 17 constitution
1368 3640 20 17 of

953 3657 32 18 the
990 3658 58 17 Town
1056 3658 61 18 Board
1127 3660 21 17 of
1156 3660 84 18 Rotorua
1250 3662 49 17 from
1308 3668 11 11 a
1333 3668 41 11 nom-

952 3680 70 18 inative
1036 3683 20 15 to
1072 3688 24 11 an
1108 3682 78 18 elective
1196 3683 57 23 Lody,
1264 3690 20 12 so
1297 3691 20 10 as
1326 3686 19 16 to
1355 3690 22 12 en-

952 3704 42 17 able
1003 3704 32 17 the
1044 3704 91 19 residents
1145 3707 19 16 of
1173 3706 31 18 the
1213 3706 74 18 district
1291 3709 21 15 to
1320 3708 48 17 have
1374 3715 11 11 a

1018 3727 19 17 in
1052 3728 31 17 the
1098 3728 151 20 administration
1264 3731 20 16 of
1300 3731 48 17 local
1358 3732 20 17 af-

953 3749 59 18 fairs?
1024 3751 39 17 The
1072 3751 127 19 Government
1204 3753 38 17 had
1251 3754 46 16 been
1307 3755 69 21 promis-

952 3771 34 23 ing
994 3774 20 16 to
1023 3773 43 18 take
1080 3774 38 18 this
1131 3777 69 15 matter
1214 3775 20 18 in
1250 3775 51 19 hand
1312 3777 29 17 for
1355 3777 32 17 the

952 3794 38 19 last
1002 3796 54 17 three
1070 3803 59 15 years,
1144 3798 35 17 hut
1193 3799 82 21 nothing
1289 3800 36 17 had
1340 3801 46 17 been

952 3818 54 20 done,
1017 3820 37 16 and
1070 3820 32 18 the
1110 3821 118 18 inhabitants
1237 3822 21 17 of
1265 3823 33 16 the
1314 3824 73 17 district

952 3846 48 12 were
1009 3843 20 16 to
1038 3848 50 12 some
1097 3845 66 16 extent
1176 3845 87 22 annoyed
1271 3848 20 15 at
1297 3846 32 17 the
1338 3846 39 18 laxi-

953 3865 20 19 1y
988 3865 21 16 of
1025 3865 33 18 the
1072 3866 127 19 Government
1213 3869 18 16 in
1247 3869 68 19 regard
1331 3871 21 16 to
1364 3870 21 17 it.

952 3887 39 18 The
1000 3890 75 19 present
1080 3889 63 18 Board
1152 3891 92 17 consisted
1253 3892 20 17 of
1284 3892 32 17 the
1330 3893 42 17 Com-

952 3911 99 17 missioner
1065 3912 20 16 of
1099 3912 67 18 Crown
1181 3914 70 18 Lands.
1264 3915 123 18 Auckland—

953 3933 42 18 who
1012 3934 38 17 had
1066 3936 20 15 to
1103 3935 40 18 lose
1159 3937 53 17 three
1228 3938 47 21 days
1291 3945 11 10 a
1319 3940 66 16 month

953 3956 54 18 when
1013 3958 24 16 he
1051 3959 51 16 went
1110 3959 20 16 to
1147 3960 66 17 attend
1269 3962 115 18 meetings—

952 3980 33 17 the
993 3980 66 18 doctor
1072 3980 18 18 in
1105 3981 69 24 charge
1188 3983 21 16 of
1214 3984 32 16 the
1259 3983 125 23 Sanatorium,

952 4003 33 17 the
996 4008 91 17 manager
1101 4005 18 16 in
1138 4004 68 25 charge
1220 4008 21 15 of
1258 4007 31 17 the
1306 4007 79 19 district.

952 4026 37 17 and
1004 4027 32 16 the
1052 4027 117 18 Postmaster
1187 4029 20 18 at
1221 4029 91 22 Rotorua,
1325 4031 25 17 all
1367 4032 20 17 of

953 4049 61 17 whom
1024 4055 49 12 were
1086 4051 127 18 Government
1225 4053 78 18 officers.
1327 4054 59 17 There

953 4078 38 11 was
1000 4072 45 23 only
1054 4079 34 11 one
1097 4074 55 18 other
1159 4074 83 19 member
1251 4076 21 17 of
1279 4076 33 17 the
1324 4077 61 17 Board

952 4095 43 17 who
1011 4101 39 11 was
1063 4097 32 16 the
1111 4098 106 21 proprietor
1230 4099 20 17 of
1258 4105 9 11 a
1283 4099 91 22 boarding-

952 4118 58 17 house
1029 4118 20 17 in
1063 4119 32 18 the
1109 4120 79 18 district.
1214 4121 25 18 Of
1257 4128 70 15 course,
1341 4123 45 21 they

1431 92 38 17 had
1494 93 21 16 to
1534 92 43 17 deal
1591 92 70 22 mostly
1673 92 49 17 with
1738 92 128 17 Government

1431 121 69 16 money
1508 115 30 17 for
1546 115 130 22 expenditure.
1701 115 59 17 There
1774 120 38 11 was
1826 114 40 18 also

1431 138 33 17 the
1472 144 81 11 revenue
1562 139 48 16 from
1619 138 33 17 the
1660 137 67 21 hotels,
1736 137 38 17 and
1786 143 80 12 revenue

1431 161 49 18 from
1495 161 33 17 the
1549 160 67 23 baths;
1631 160 37 18 and
1691 161 24 16 he
1732 160 84 23 thought
1834 161 32 16 the

1430 184 119 17 inhabitants
1558 186 20 15 of
1589 184 33 17 the
1630 184 74 17 district
1713 184 61 22 ought
1789 184 21 16 to
1818 183 48 17 have

1430 212 52 12 some
1498 207 53 17 voice
1566 207 20 17 in
1603 207 32 17 the
1649 208 76 16 matter.
1758 205 31 18 He
1804 206 62 23 might

1431 235 33 17 say
1470 230 33 17 the
1513 230 38 17 late
1559 230 32 17 Mr
1600 230 87 17 Ballance
1695 235 24 12 on
1728 235 11 12 a
1756 230 70 17 former
1834 235 21 12 oc-

1430 253 63 17 casion
1503 253 94 22 promised
1603 254 20 16 to
1632 252 86 18 consider
1732 252 33 18 the
1779 252 86 23 question

1429 277 21 15 of
1463 276 114 22 appointing
1591 282 51 11 some
1656 276 73 17 outside
1743 275 93 17 members
1846 276 20 16 of

1429 299 33 17 the
1471 296 69 20 Board.

1453 322 32 17 Mr
1492 322 19 17 J;
1522 322 103 17 McKenzie
1633 322 40 17 said
1682 322 52 17 what
1747 322 63 22 might
1817 321 49 18 have

1429 344 47 18 been
1483 344 108 18 considered
1601 346 19 16 at
1629 351 35 11 one
1672 345 46 17 time
1728 346 20 16 to
1755 344 47 18 have
1818 344 48 18 been

1429 368 94 17 sufficient
1530 369 21 16 to
1559 368 44 17 look
1612 369 49 16 after
1674 368 33 17 the
1722 368 54 16 affair
1800 368 21 17 of
1833 367 33 17 the

1429 391 74 17 district
1523 391 63 22 might
1606 393 33 15 not
1659 397 44 11 now
1723 391 23 17 be
1766 391 98 17 sufficient.

1429 414 85 17 Botorua
1527 414 38 17 had
1579 414 96 17 advanced
1691 416 20 15 to
1726 414 45 17 such
1784 420 12 10 a
1812 415 54 21 stage

1429 437 42 17 that
1480 435 16 19 it
1504 437 63 17 would
1576 437 23 17 be
1609 443 98 16 necessary
1723 437 43 17 that
1774 437 16 17 it
1798 437 68 17 should

1428 460 48 17 have
1485 460 48 17 local
1542 461 133 21 management
1684 460 113 22 altogether,
1808 460 37 17 and
1854 466 12 11 a

1428 482 38 18 Bill
1476 489 37 11 was
1523 489 42 11 now
1574 484 19 16 in
1603 489 63 12 course
1675 484 21 16 of
1706 484 121 21 preparation
1837 484 29 16 for

1428 506 33 17 the
1474 510 82 19 purpose
1565 507 19 17 of
1597 506 100 22 obtaining
1705 513 11 10 a
1725 506 62 17 better
1795 508 69 20 system

1428 528 20 18 of
1463 531 139 20 management.
1626 530 31 16 He
1676 529 109 17 considered
1800 529 16 17 it
1832 529 22 17 de-

1428 553 68 16 sirable
1509 553 44 16 that
1566 553 33 17 the
1612 553 38 16 Bill
1658 552 69 18 should
1739 552 75 17 become
1829 550 37 20 law

1428 576 38 16 this
1475 576 76 17 session.

1489 607 71 18 CiiEAr
1574 607 177 17 Railway-Fares
1764 607 43 17 Foil

1594 630 105 17 Invalids.

1452 661 30 17 On
1490 661 51 17 June
1551 663 22 15 26
1582 661 31 17 Mr
1619 661 20 17 T.
1650 661 108 17 Mackenzie
1767 661 57 17 asked
1833 662 32 17 the

1428 684 128 17 Government
1572 685 85 16 whether
1664 684 46 22 they
1724 685 53 20 have,
1795 682 70 26 during

1428 708 33 17 the
1475 713 66 14 recess,
1559 708 57 17 taken
1633 708 45 17 time
1687 709 21 16 to
1721 708 48 22 fully
1781 708 84 17 consider

1428 731 33 17 the
1478 731 105 22 important
1602 731 73 22 subject
1692 731 91 22 affecting
1806 732 59 22 cheap

1428 754 140 22 railway-faros
1579 754 30 17 for
1616 752 81 19 invalids
1709 754 97 23 requiring
1814 756 21 16 to
1844 762 10 10 a-

1428 777 38 17 vail
1475 777 112 17 themselves
1604 778 20 16 of
1638 778 33 16 the
1683 778 84 16 curative
1784 778 80 18 thermal

1428 800 76 23 orings
1526 802 19 15 at
1562 800 85 18 Rotorua
1668 800 38 18 and
1729 800 100 19 elsewhere
1845 802 19 17 in

1428 825 47 15 New
1504 823 89 21 Zealand,
1630 823 62 17 which
1726 821 74 25 subject
1826 830 38 13 was

1427 846 85 23 brought
1527 846 60 17 under
1598 847 50 16 their
1665 847 63 17 notice
1743 847 38 18 last
1795 849 69 17 session

1426 870 26 22 by
1462 870 32 17 the
1509 870 83 17 member
1605 870 29 17 for
1647 869 70 18 Clutha
1726 869 4 23 ;
1744 870 44 20 and,
1805 871 16 16 if
1837 877 24 12 s<v

1427 893 86 17 whether
1522 893 45 22 they
1582 890 38 20 tvill
1633 894 58 21 grant
1708 891 156 24 railway-tickets

1427 917 20 15 at
1456 916 182 22 specially-reduced
1651 918 50 15 rates
1710 917 20 16 to
1738 922 76 17 persons
1824 919 30 16 suf-

1428 939 63 23 fering
1508 940 48 17 from
1573 939 129 20 rheumatism,
1722 940 81 21 sciatica,
1823 938 41 21 skin

1428 962 86 21 diseases,
1535 962 37 17 and
1590 963 55 16 other
1664 961 98 20 affections
1784 965 20 16 to
1820 965 44 17 visit

1428 985 54 17 those
1503 985 102 24 localities;
1628 986 43 17 This
1686 992 38 10 was
1740 992 11 11 a
1769 992 45 17 very
1827 988 24 17 im-

1428 1010 78 20 portant
1520 1009 87 23 question
1619 1009 103 22 regarding
1737 1010 33 16 the
1783 1011 81 18 thermal

1428 1032 81 21 springs.
1535 1030 30 19 Ho
1595 1032 57 17 asked
1678 1032 34 17 the
1736 1033 128 19 Government

1429 1054 39 18 last
1475 1059 46 18 year
1529 1057 20 15 to
1556 1056 85 16 consider
1655 1061 51 11 some
1715 1056 73 17 scheme
1802 1058 61 17 which

1427 1078 63 17 would
1506 1079 66 17 enable
1586 1079 33 17 the
1632 1084 67 17 poorer
1717 1079 67 23 people
1797 1082 20 16 to
1831 1084 33 19 get

1428 1102 20 16 to
1464 1101 32 17 the
1510 1102 41 17 Hot
1574 1101 61 18 Lakes
1649 1101 38 18 and
1700 1102 48 17 back
1767 1105 57 21 again
1844 1106 20 16 at

1428 1124 59 22 cheap
1499 1127 56 15 rates.
1581 1126 26 16 At
1623 1126 32 16 the
1671 1127 77 20 present
1762 1127 45 17 time
1819 1127 44 19 onlv

1427 1149 39 15 two
1476 1148 67 18 classes
1552 1154 48 11 were
1610 1148 41 18 able
1660 1150 19 15 to
1694 1149 49 17 avail
1752 1150 111 19 themselves

1427 1171 20 17 of
1463 1171 33 17 the
1516 1172 117 21 advantages
1648 1173 20 16 to
1684 1171 24 18 be
1722 1173 75 17 derived
1814 1174 49 18 from

1426 1193 52 18 these
1485 1195 75 22 springs
1569 1193 4 27 ;
1588 1195 24 17 he
1626 1196 44 17 refei
1675 1195 33 17 red
1717 1198 19 15 to
1751 1197 53 17 those
1821 1202 23 17 w]
1845 1208 18 12 lo

1426 1218 62 20 could,
1499 1224 24 11 on
1533 1219 32 16 the
1574 1225 35 10 one
1617 1219 57 20 hand,
1685 1221 95 20 approach
1793 1220 60 22 charit-

1426 1240 43 18 able
1486 1241 31 17 aid
1532 1242 127 20 associations,
1683 1242 38 17 and
1737 1243 32 17 the
1781 1247 82 20 wealthv

1426 1264 73 23 people.
1525 1265 38 17 But
1572 1265 53 18 there
1641 1272 38 11 was
1688 1272 11 10 a
1708 1272 45 17 very
1762 1268 52 23 large
1823 1277 30 12 sec-

1426 1287 40 17 tion
1476 1288 20 17 of
1504 1289 75 17 settlers
1595 1289 48 21 who,
1654 1290 23 16 he
1692 1297 39 11 was
1741 1293 45 23 glad
1795 1295 19 15 to
1830 1301 33 13 say

1428 1316 48 11 were
1499 1313 32 16 too
1553 1312 153 23 self-respecting
1719 1315 37 18 and
1775 1316 88 23 honestly

1426 1334 63 21 proud
1504 1336 20 16 to
1539 1336 43 16 tale
1596 1336 32 17 the
1641 1336 70 19 benefit
1725 1339 20 16 of
1760 1339 103 20 charitable

1425 1357 37 21 aid,
1473 1358 38 17 and
1519 1360 32 20 yet
1560 1359 45 22 they
1614 1360 54 17 could
1685 1362 35 16 not
1733 1362 59 18 afford
1800 1365 20 16 to
1838 1371 24 15 go

1426 1381 20 16 to
1459 1381 53 18 these
1522 1382 74 22 springs
1610 1385 20 15 at
1645 1384 32 16 the
1694 1387 50 15 rates
1753 1388 19 14 at
1787 1390 75 19 present

1429 1403 89 24 charged.
1550 1406 39 17 The
1612 1407 83 17 curative
1717 1410 102 22 properties
1843 1412 20 16 of

1426 1427 53 17 those
1494 1429 68 16 waters
1577 1435 49 11 were
1643 1431 110 20 wonderful,
1769 1433 38 18 and
1830 1435 32 17 the

1426 1449 80 19 benefits
1516 1453 20 15 to
1544 1451 23 18 be
1577 1452 74 18 derived
1662 1454 47 18 from
1720 1454 50 20 them
1780 1456 18 17 in
1811 1463 51 12 some

1425 1474 95 17 instances
1558 1481 48 12 were
1641 1477 69 23 simply
1743 1480 116 18 marvellous.

1426 1496 107 23 Therefore,
1558 1498 32 18 the
1614 1500 129 19 Government
1758 1503 61 21 ought
1842 1506 19 15 to

1424 1521 86 17 consider
1518 1521 33 17 the
1566 1524 96 21 propriety
1671 1524 21 18 of
1698 1526 92 22 granting
1801 1528 50 20 speci-

1426 1543 40 22 ally
1483 1544 81 18 reduced
1572 1546 49 17 fares
1631 1553 24 11 on
1662 1547 32 18 the
1700 1548 87 24 railways
1798 1551 20 16 to
1827 1557 22 10 en-

1426 1566 42 18 able
1486 1568 67 22 people
1572 1570 19 16 to
1610 1576 24 16 go
1657 1571 38 17 and
1712 1567 58 23 come'
1785 1573 30 17 for
1837 1580 23 11 an

1425 1592 79 15 amount
1521 1592 46 21 they
1581 1593 55 16 could
1653 1592 60 20 afford
1727 1596 19 17 to
1762 1600 43 18 pay.
1830 1597 31 17 Pie

1426 1614 120 22 approached
1556 1616 33 16 the
1599 1616 64 18 Union
1677 1618 99 23 Company
1787 1625 23 12 on
1828 1621 32 16 the

1425 1635 79 23 subject,
1513 1638 38 17 and
1560 1639 45 22 they
1614 1646 45 16 very
1670 1644 113 19 generously
1792 1644 67 17 offered

1425 1661 20 15 to
1466 1660 54 17 make
1537 1663 117 18 concessions
1671 1665 19 16 in
1707 1665 38 18 this
1762 1666 97 18 direction.

1424 1681 39 19 The
1484 1684 87 23 railways
1589 1691 47 13 were
1655 1688 89 22 running,
1760 1689 37 17 and
1816 1691 44 22 why

1424 1707 45 22 they
1478 1708 56 17 could
1551 1710 35 16 not
1600 1716 71 17 convey
1687 1712 68 22 people
1770 1714 21 15 to
1808 1714 52 17 these

1426 1730 75 23 springs
1521 1733 20 15 at
1556 1732 80 23 cheaper
1652 1736 49 16 rates
1716 1733 24 20 lie
1755 1734 55 19 could
1826 1740 34 14 not

1424 1752 122 21 understand.
1572 1756 31 17 He
1612 1756 60 24 hoped
1682 1759 33 16 the
1729 1759 87 17 Minister
1831 1761 29 17 for

1425 1776 95 24 Railways
1529 1778 37 18 had
1576 1780 37 17 had
1622 1781 45 16 time
1677 1781 69 22 during
1755 1782 32 18 the
1801 1788 58 13 recess

1424 1801 19 16 to
1453 1801 43 16 look
1506 1802 40 17 into
1556 1802 37 18 this
1602 1804 104 22 important
1715 1806 92 21 question,
1822 1807 37 17 and

1425 1823 44 18 that
1477 1824 24 17 he
1518 1826 63 17 would
1590 1832 43 12 now
1642 1828 76 23 comply
1727 1828 45 19 with
1786 1829 30 19 his
1830 1836 20 12 re-

1423 1848 62 20 quest.

1447 1871 32 17 Mr
1489 1872 83 19 Cadman
1583 1875 39 17 said
1632 1876 32 17 tlio
1681 1876 128 18 Government
1821 1878 38 17 bad

1423 1896 108 17 considered
1541 1897 38 17 tins
1587 1899 35 16 and
1632 1905 57 16 many
1698 1900 55 17 other
1764 1901 95 21 questions

1423 1918 19 17 in
1452 1921 110 16 connection
1572 1921 46 18 with
1627 1923 33 16 the
1668 1923 97 17 reduction
1775 1924 20 16 of
1804 1924 54 18 fares.

1424 1941 122 20 Concessions
1567 1944 37 17 bad
1620 1945 77 23 already
1710 1947 47 16 been
1771 1947 54 17 made
1840 1950 19 15 to

1422 1965 33 17 the
1472 1968 66 16 extent
1555 1968 20 16 of
1592 1968 80 19 £-10,000
1684 1969 71 23 during
1771 1970 33 17 the
1816 1973 43 19 past

1422 1995 52 16 year.
1500 1989 57 19 What
1574 1991 32 18 the
1618 1990 116 21 honourable
1750 1994 108 21 gentleman

1422 2019 43 10 now
1472 2013 57 18 asked
1540 2019 37 12 was
1587 2020 10 11 a
1611 2020 44 18 very
1668 2014 54 23 larp-e
1736 2017 59 17 order.
1829 2018 30 16 He

1422 2036 57 17 asked
1486 2036 43 18 that
1538 2038 89 22 specially
1635 2038 80 19 reduced
1729 2041 49 16 rates
1792 2040 67 19 should

1421 2059 24 17 be
1462 2060 81 21 granted
1560 2062 20 16 to
1604 2067 77 16 persons
1698 2062 92 19 sufferin<r
1810 2064 48 18 from

1421 2082 130 22 rheumatism,
1562 2085 80 17 sciatica,
1661 2084 41 18 skin
1721 2086 85 20 diseases,
1821 2086 37 19 and

1422 2105 55 18 other
1483 2105 103 23 affections,
1596 2106 62 20 which
1671 2109 111 23 practically
1795 2112 64 16 meant

1421 2126 42 20 that
1473 2130 25 16 all
1513 2135 77 18 persons
1604 2131 42 18 who
1663 2132 75 17 fancied
1748 2133 111 20 themselves

1421 2153 70 17 unwell
1508 2153 63 17 would
1588 2154 23 17 be
1625 2154 79 19 entitled
1722 2158 20 15 to
1752 2156 38 17 this
1807 2153 49 24 rate;

1421 2175 23 18 ho
1460 2176 32 17 did
1509 2178 34 16 not
1562 2182 29 12 see
1611 2177 42 17 how
1676 2179 32 17 the
1731 2177 128 22 Government

1421 2198 56 18 could
1498 2200 66 17 accede
1578 2202 20 15 to
1615 2200 15 18 it
1645 2201 18 18 in
1684 2201 69 23 justice
1767 2204 20 16 to
1804 2204 55 17 other

1421 2221 72 24 people.
1527 2222 53 23 They
1587 2229 48 12 were
1648 2231 43 10 now
1705 2224 73 25 issuing
1791 2233 56 12 excur-

1420 2245 41 17 sion
1469 2245 74 20 tickets,
1554 2246 92 18 available
1651 2248 30 17 for
1687 2248 53 18 three
1750 2250 80 18 months,
1838 2252 20 15 to

1421 2267 91 23 Rotorua,
1523 2270 105 20 Auckland,
1639 2271 36 17 and
1691 2273 26 15 Te
1733 2273 69 17 Aroha.
1818 2273 40 18 also

1420 2292 48 17 from
1479 2292 134 19 Christchurch
1620 2295 19 16 to
1646 2294 31 17 the
1688 2294 86 19 Hanmer
1787 2297 69 19 Plains,

1420 2317 20 15 at
1451 2317 49 16 rates
1510 2323 19 10 as
1538 2315 37 18 low
1584 2323 20 11 as
1617 2318 15 17 it
1637 2323 38 12 was
1683 2317 83 24 possible
1774 2321 20 16 to
1803 2320 55 17 make

1421 2337 58 17 them.

1443 2361 32 17 Mr
1483 2362 21 16 T.
1515 2362 110 19 Mackenzie
1642 2364 38 16 said
1694 2363 33 18 llie
1736 2364 47 18 scale
1793 2366 20 17 of
1827 2371 19 12 re-

1420 2381 59 21 duced
1489 2385 78 24 charges
1581 2386 68 18 should
1663 2385 85 21 embrace
1762 2388 48 18 from
1825 2389 30 18 the

1419 2408 54 17 Bluff
1480 2408 53 22 right
1542 2415 25 16 up
1576 2410 20 16 to
1606 2410 90 21 Rotorua,
1707 2411 73 17 instead
1789 2413 20 16 of
1823 2412 32 18 be*

1418 2431 35 22 ing
1462 2432 91 17 sectional
1562 2432 55 19 fares.

1470 2463 94 19 Typhoid
1579 2465 70 17 Fever
1661 2465 30 18 At
1700 2466 103 19 Rotoet/a.

1442 2491 30 18 Sir
1497 2493 22 17 11.
1552 2493 55 17 Stout
1633 2493 55 18 asked
1711 2493 32 20 the
1773 2496 82 18 Premier

1418 2515 85 19 whether
1522 2517 33 16 the
1577 2517 94 18 attention
1686 2519 21 17 of
1721 2519 32 17 the
1770 2519 72 19 Govern-

1418 2540 52 17 ment
1480 2539 37 18 had
1531 2540 47 17 been
1594 2540 59 18 called
1665 2542 19 17 to
1701 2542 33 17 the
1746 2543 109 21 prevalence

1418 2561 70 24 during
1502 2562 32 19 the
1543 2566 76 19 present
1627 2570 45 15 year
1680 2566 20 16 of
1709 2565 80 22 typhoid
1804 2566 51 18 fever

1416 2584 20 18 in
1444 2585 32 17 the
1485 2585 102 23 Township
1601 2587 20 17 of
1630 2587 84 18 Rotorua
1724 2584 3 25 ;
1741 2588 16 18 if
1766 2595 25 14 so,
1803 2590 52 17 what

1417 2610 51 20 steps
1477 2609 47 18 have
1533 2610 33 17 the
1575 2608 128 21 Government
1712 2610 57 19 taken
1778 2613 19 17 to
1813 2612 41 18 deal

1416 2631 47 18 with
1473 2633 32 16 the
1515 2635 69 15 matter
1592 2633 7 18 ?
1616 2634 30 17 He
1654 2633 56 18 knew
1719 2634 42 18 that
1774 2642 11 11 a
1800 2638 54 20 great

1416 2656 80 16 number
1502 2655 20 18 of
1528 2657 67 22 people
1600 2657 38 17 had
1643 2656 46 19 been
1695 2659 102 21 prevented
1805 2659 47 18 from

1416 2677 82 25 evening
1512 2678 85 20 Rotorua
1614 2681 18 16 in
1650 2687 126 16 consequence
1785 2682 21 18 of
1820 2683 32 17 the

1415 2702 111 22 prevalence
1533 2703 20 17 of
1566 2703 79 22 typhoid
1660 2703 38 18 this
1707 2709 49 17 year,
1769 2705 37 17 and
1815 2706 15 16 if
1838 2707 15 16 it

1416 2726 101 16 continued
1524 2726 14 17 it
1546 2727 61 16 would
1618 2727 47 17 have
1672 2734 10 10 a
1689 2728 103 17 disastrous
1799 2729 54 17 effect,

1416 2753 50 17 upon
1476 2749 133 18 excursionists
1618 2752 19 15 to
1642 2749 49 19 their
1700 2751 33 17 hot
1743 2751 57 21 lakes,
1807 2753 44 20 and,

1416 2771 141 24 consequently,
1580 2779 22 11 on
1618 2774 31 16 the
1665 2774 78 22 railway
1764 2781 85 12 revenue.

1415 2795 31 16 He
1454 2796 85 22 thought
1546 2802 51 11 some
1605 2798 50 20 steps
1665 2797 67 18 should
1739 2797 23 18 bo
1771 2799 55 17 taken
1832 2801 20 15 to

1415 2819 35 17 put
1467 2817 38 20 this
1525 2820 95 22 township
1633 2820 19 17 in
1673 2826 11 12 a
1704 2820 84 24 sanitary
1806 2828 34 11 con-

1414 2841 67 18 dition.
1515 2842 20 17 It
1548 2841 37 19 had
1599 2844 33 16 not
1647 2842 46 18 been
1708 2844 19 17 in
1741 2851 11 11 a
1768 2844 84 24 sanitary

1415 2865 95 17 condition
1520 2865 71 24 during
1599 2867 33 17 the
1640 2867 76 22 present
1724 2873 50 16 year.

1437 2888 32 17 Mr
1478 2887 18 18 J.
1507 2887 102 20 McKenzie
1624 2889 40 18 said
1672 2896 11 11 a
1698 2892 64 21 report
1768 2897 38 12 was
1821 2898 20 11 re-

1415 2910 64 18 ceived
1504 2912 49 17 from
1571 2912 32 17 the
1625 2913 190 23 Inspector-General
1832 2916 20 17 of

1414 2933 99 24 Hospitals
1524 2936 37 16 and
1571 2935 81 19 Lunatic
1668 2937 90 20 Asylums
1766 2940 73 20 respect-

1414 2957 35 22 ing
1465 2958 33 17 the
1513 2957 86 19 Rotorua
1623 2959 108 23 Township,
1757 2959 38 19 and
1818 2961 33 18 the

1414 2979 130 20 Government
1557 2982 38 17 hod
1603 2982 48 18 done
1665 2983 109 24 something
1785 2983 21 18 in
1818 2985 33 18 the

1414 3005 76 17 matter.
1512 3005 56 17 Their
1593 3004 95 24 Engineer
1710 3006 40 18 had
1770 3009 35 20 got
1820 3008 20 17 in-

1414 3028 101 17 structions
1524 3030 21 15 to
1560 3029 49 17 clear
1618 3030 33 16 out
1660 3030 32 17 the
1708 3030 94 20 channels,
1813 3030 37 19 and

1413 3051 20 16 to
1443 3050 24 17 do
1478 3051 51 18 what
1537 3051 23 18 he
1570 3052 55 17 could
1631 3054 20 16 to
1660 3051 73 19 cleanse
1741 3053 33 18 the
1790 3053 59 23 place.

1413 3072 39 19 The
1461 3074 129 18 Government
1598 3081 48 12 were
1657 3077 34 16 not
1700 3076 60 23 going
1774 3078 20 16 to
1807 3079 43 21 stop

1413 3096 58 18 there.
1505 3097 52 21 They
1577 3097 90 19 intended
1689 3100 21 17 to
1735 3098 34 19 ask
1785 3100 30 17 for
1823 3101 8 22 J
1839 3107 11 11 a

1413 3126 41 11 sum
1465 3121 21 17 of
1493 3126 67 17 money
1577 3123 20 15 to
1606 3124 35 20 put
1651 3121 32 19 the
1698 3123 95 22 township
1806 3123 19 17 in
1839 3130 11 12 a

1413 3143 117 23 thoroughly
1549 3145 85 23 sanitary
1649 3145 103 21 condition,
1766 3147 38 17 and
1825 3153 24 11 an

1412 3166 97 23 Engineer
1517 3173 38 12 was
1569 3166 53 19 there
1630 3169 103 22 preparing
1741 3169 55 23 plans
1812 3170 37 17 und

1412 3190 145 21 specifications,
1567 3191 38 17 and
1614 3197 11 11 a
1634 3192 73 18 scheme
1717 3193 30 17 for
1753 3193 32 17 the
1803 3199 35 16 pur-

1413 3218 54 17 poses
1484 3214 20 16 of
1520 3214 98 23 drainage.
1651 3215 16 17 A
1689 3215 39 18 Bill
1745 3216 63 18 would
1823 3217 25 17 be

1413 3237 85 21 brought
1504 3236 56 18 down
1567 3237 20 18 to
1595 3239 37 20 put
1639 3238 33 19 the
1676 3237 103 24 municipal
1787 3239 63 18 affairs

1413 3259 19 17 of
1439 3259 43 17 that
1491 3261 95 22 township
1595 3261 18 16 in
1623 3267 11 10 a
1642 3260 61 19 better
1712 3262 82 22 position
1803 3263 46 16 than

1412 3282 46 22 they
1467 3283 38 17 had
1519 3283 47 17 been
1581 3284 19 17 in
1612 3284 32 17 the
1658 3280 61 27 past.*
1741 3285 30 17 He
1788 3286 62 22 hoped

1413 3305 42 17 that
1463 3306 64 17 would
1536 3307 67 23 satisfy
1612 3308 32 16 the
1651 3307 116 19 honourable
1774 3309 64 22 gentle-

1412 3335 50 11 man.

1435 3352 30 17 Sir
1473 3352 23 18 R.
1507 3352 146 21 Stout.—Hear,
1666 3355 51 17 hear.

1412 3403 102 25 LOCAL
1527 3404 98 24 NEWS
1647 3406 70 22 AND
1732 3406 103 22 NOTES.

1433 3465 39 17 The
1489 3469 46 14 next
1550 3466 77 23 sittings
1642 3467 19 17 of
1678 3467 32 17 the
1725 3467 123 23 Magistrates

1411 3488 59 17 Court
1478 3489 53 17 takes
1540 3490 54 21 place
1602 3496 25 11 on
1636 3490 70 22 Friday
1715 3490 47 22 July
1772 3491 46 16 31st.

1433 3519 76 23 During
1518 3521 32 17 the
1559 3522 43 21 past
1610 3521 51 17 week
1670 3521 33 17 the
1712 3521 69 17 Native
1793 3521 55 18 Land

1411 3543 57 17 Court
1478 3544 34 16 has
1520 3544 47 17 been
1576 3545 87 21 engaged
1680 3551 44 11 over
1738 3545 32 16 the
1787 3545 48 17 Roto-

1411 3565 221 25 mahana-Parekarangi
1641 3567 36 18 No.
1687 3569 28 16 6a.
1725 3566 62 19 block.

1434 3594 74 18 Stead's
1517 3596 124 22 Masterpiece
1650 3595 87 23 Library,
1754 3596 93 18 Numbers

1412 3618 15 19 1,
1437 3618 10 16 2
1457 3618 37 17 and
1504 3619 10 16 '■'<
1523 3621 20 15 to
1557 3619 57 20 hand.
1632 3620 118 22 Threepence
1767 3620 46 17 each
1827 3622 21 15 at

1410 3641 118 17 Chronicle
1537 3641 74 18 Office.*

1433 3672 38 17 The
1480 3673 124 22 professional
1613 3675 149 16 announcpment
1773 3674 19 17 of
1800 3674 46 17 Miss

1410 3694 72 21 Fraser,
1492 3696 89 22 qualified
1591 3696 98 18 American
1696 3697 102 20 Masseuse,
1810 3704 23 15 ap-

1410 3723 53 17 pears
1472 3719 19 16 in
1501 3719 80 18 another
1590 3720 82 17 column.

1432 3750 39 16 The
1480 3751 54 17 Band
1544 3751 20 17 of
1573 3751 55 22 Hope
1641 3752 80 18 concert,
1741 3752 104 21 postponed

1410 3773 48 18 from
1479 3773 37 18 last
1536 3773 76 23 Friday,
1630 3775 54 16 takes
1705 3775 54 21 place
1777 3775 19 17 in
1813 3775 33 17 the

1410 3796 120 17 Schoolroom
1541 3803 23 10 on
1574 3798 117 16 Wednesday
1698 3799 52 15 next.

1478 3828 81 17 Ancient
1567 3829 62 16 Maori
1639 3829 52 17 Land
1700 3827 3 24 :
1736 3829 28 22 By
1773 3829 71 17 Elsdon

1408 3850 51 17 Best.
1469 3851 105 21 Intending
1584 3851 110 18 advertisers
1708 3858 32 11 are
1747 3853 96 21 requested

1408 3875 19 15 to
1444 3873 46 17 send
1497 3874 19 17 in
1534 3874 49 17 their
1592 3875 62 17 favors
1664 3875 81 17 without
1754 3875 54 22 delay
1825 3878 19 15 to

1408 3897 32 16 the
1449 3897 120 17 Chronicle
1578 3897 74 18 Office.*

1431 3928 32 16 Mr
1471 3928 82 17 Mueller
1566 3929 35 17 has
1613 3928 84 20 notified,
1712 3930 29 16 his
1755 3930 87 22 inability

1407 3951 20 16 to
1435 3951 23 16 lie
1468 3952 75 21 present
1553 3954 21 14 at
1582 3952 129 18 to-morrow's
1725 3953 84 22 meeting
1823 3954 20 16 of

1409 3974 31 16 (he
1454 3974 58 17 Town
1527 3975 70 19 Board,
1612 3981 20 11 as
1640 3975 138 23 departmental
1791 3977 41 16 busi-

1408 4002 41 11 ness
1456 3998 45 16 calls
1510 3998 40 16 him
1559 3998 69 17 North.

1430 4029 38 16 The
1478 4029 46 16 offer
1533 4029 19 16 of
1560 4029 32 18 the
1602 4030 68 16 Arawa
1678 4030 49 16 tribe
1736 4031 19 16 to
1768 4031 48 17 form
1832 4037 11 11 a

1407 4056 54 17 corps
1470 4052 30 16 for
1508 4053 69 16 service
1586 4052 19 17 in
1614 4053 64 17 Africa
1686 4059 38 11 was
1738 4053 104 23 honorably

1407 4074 108 17 mentioned
1524 4075 37 17 and
1572 4076 97 23 favorably
1686 4076 117 17 commented
1818 4083 24 11 on

1407 4097 25 22 by
1440 4097 33 17 the
1488 4098 81 22 English
1584 4104 67 17 papers
1668 4099 49 17 from
1733 4099 33 17 the
1781 4100 61 17 Times

1407 4120 124 16 downwards.

1911 94 40 17 The
1971 94 57 16 Town
2049 92 63 18 Board
2134 94 59 16 meets
2214 94 111 16 to-morrow

1889 117 98 17 afternoon
1998 116 53 18 when
2060 116 56 16 much
2125 116 106 21 important
2241 117 84 17 business

1890 139 37 18 will
1936 140 23 17 be
1969 139 99 18 discussed.

1911 170 40 18 The
1959 176 72 12 owners
2040 171 20 16 of
2068 170 61 17 lohou
2139 170 59 17 Block
2207 170 37 17 No.
2255 168 7 20 i
2273 172 41 16 noti-

1889 194 19 22 fy
1918 194 49 16 their
1975 193 94 17 intention
2078 193 20 17 nf
2106 192 80 24 making
2193 199 12 11 a
2219 193 70 24 charge
2305 195 20 17 of

1889 217 19 16 2s
1917 217 24 16 Gd
1950 223 24 11 on
1983 217 26 17 all
2016 217 55 16 boats
2080 216 79 22 loading
2168 222 21 11 or
2204 216 121 24 discharging

1888 243 57 19 ctt;o
1953 245 25 12 on
1986 240 49 17 their
2044 239 50 17 land.

1911 270 130 24 Applications
2051 272 29 17 for
2088 272 32 17 the
2129 272 53 17 office
2191 273 20 16 of
2284 274 38 20 &c,

1887 296 21 16 to
1917 295 32 17 the
1958 296 58 16 Town
2029 295 62 17 Board
2105 297 53 15 must
2172 295 23 17 be
2211 296 70 22 lodged
2294 299 20 14 to-

1888 318 43 22 day.
1956 318 81 17 Tenders
2046 318 39 17 also
2094 318 50 17 close
2156 318 30 18 for
2200 318 33 18 the
2249 320 76 21 fencing

1888 342 20 16 of
1915 341 31 17 the
1955 341 98 22 Cemetery
2062 346 72 13 reserve
2143 341 39 17 and
2198 342 33 16 the
2245 342 80 18 football

1887 370 44 11 area
1939 370 25 11 on
1972 364 92 17 Pukeroa.

1911 395 17 17 A
1945 395 57 17 sooial
2018 395 59 17 dance
2093 395 39 17 will
2150 396 43 16 take
2210 396 53 22 place
2280 398 44 16 each

1888 418 94 22 Saturday
1991 418 56 22 night
2061 419 20 16 in
2094 419 33 17 the
2141 419 87 18 Pukeroa
2243 419 46 18 Hall
2305 421 19 16 in

1888 442 64 16 future
1960 442 20 16 in
1988 442 31 16 aid
2028 442 21 16 of
2056 442 33 17 the
2099 442 56 17 funds
2165 443 20 16 of
2193 442 32 18 the
2240 443 85 17 Rotorua

1887 465 92 16 Amateur
1988 464 56 18 Brass
2053 465 60 18 Band.
2147 466 39 16 The
2202 466 69 22 charge
2285 466 16 17 is
2313 473 12 10 a

1887 488 85 16 nominal
1981 494 35 10 one
2025 488 37 16 and
2071 489 58 16 ladies
2139 495 32 11 are
2180 489 92 17 admitted
2280 489 43 17 free.

1912 518 54 18 Since
1976 518 31 18 Mr
2016 519 66 17 Crown
2098 520 64 17 Lands
2171 520 78 22 Banger
2259 518 65 25 Bailey

1887 544 37 20 put
1936 543 19 15 in
1964 542 29 17 his
2011 548 116 16 appearance
2139 543 21 17 in
2174 543 85 17 Botorua
2272 543 52 19 there

1888 565 34 17 has
1930 565 47 17 been
1986 571 24 11 an
2021 565 94 18 increased
2124 566 80 17 demand
2214 567 28 16 for
2249 567 75 23 fencing

1889 588 92 17 material.
2027 589 65 17 Better
2101 590 38 16 late
2148 590 47 16 than
2202 595 56 12 never
2265 588 10 10 *'
2285 590 16 17 is
2313 596 11 11 a

1887 611 50 23 good
1947 612 76 16 maxim.

1911 640 32 19 Mr
1951 640 71 25 Bailey,
2033 647 62 14 Crown
2103 640 56 21 lands
2167 647 75 21 ranger,
2251 645 72 17 arrived

1887 666 19 17 in
1916 666 84 17 Botorua
2009 673 24 10 on
2043 667 100 22 Saturday.
2171 666 60 19 While
2244 668 44 17 here
2301 668 22 17 lie

1888 689 39 17 will
1936 689 72 23 inspect
2017 690 31 16 the
2057 691 80 17 sections
2151 688 57 20 taken
2225 695 25 18 Up
2258 692 20 16 at
2292 692 31 16 the

1887 712 38 17 last
1934 713 45 16 land
1988 713 36 17 sale
2034 713 19 16 in
2063 713 54 18 order
2125 715 21 16 to
2162 720 29 11 see
2204 714 15 17 if
2232 715 33 16 the
2279 720 44 11 con*

1887 736 70 17 ditious
1965 736 19 17 in
1992 736 32 17 the
2030 736 57 17 leases
2097 737 19 16 in
2125 737 68 22 regard
2203 739 20 15 to
2230 737 82 23 improve-

1887 760 62 16 ments
1957 759 48 17 huve
2013 759 47 17 been
2070 760 93 22 complied
2176 760 52 18 with.

1910 790 40 17 The
1974 790 42 19 first
2033 792 20 16 of
2069 792 33 17 the
2125 792 94 22 principal
2245 793 78 18 football

1888 814 84 17 matches
1987 815 20 16 of
2016 814 33 18 the
2057 821 66 11 season
2138 815 40 17 will
2186 816 44 16 take
2239 816 52 23 place
2300 823 23 10 on

1888 837 86 17 Pukeroa
1990 844 25 10 on
2035 837 94 23 Saturday
2153 839 99 17 afternoon
2270 837 53 20 when

1887 861 60 17 teams
1972 861 145 22 representative
2143 862 21 17 of
2188 862 84 17 Botorua
2287 863 36 17 and

1887 881 80 20 Maseru
1976 883 38 18 will
2030 886 78 15 contest.
2131 885 48 22 Play
2188 887 57 16 starts
2254 887 20 16 at
2282 887 41 16 2.30

1887 907 76 16 o'clock.

1911 938 39 17 The
1959 938 74 18 Kuirau
2041 939 34 17 has
2089 939 49 18 risen
2153 941 20 16 to
2188 940 25 17 its
2228 940 32 18 old
2276 941 47 18 level

1886 961 38 17 and
1934 962 31 16 the
1974 963 126 21 temperature
2110 963 20 16 of
2138 963 33 16 the
2180 965 58 16 water
2247 964 15 17 is
2268 965 55 17 much

1886 985 74 22 higher,
1986 990 42 12 now
2049 985 115 24 registering
2186 987 32 17 108
2240 987 82 23 degrees.

1886 1008 40 17 The
2082 1009 53 21 bath,
2144 1009 63 19 which
2230 1010 38 18 had
2284 1011 39 17 also

1887 1031 64 17 cooled
1968 1032 135 22 considerably,
2110 1032 34 17 has
2162 1039 52 11 more
2230 1034 47 17 than

1886 1054 69 23 gained
1964 1054 24 17 its
1997 1055 54 17 usual
2059 1054 122 23 temperature
2190 1054 3 23 .

1910 1086 40 17 The
1959 1086 40 17 first
2008 1086 79 17 number
2096 1087 21 18 of
2122 1087 34 18 the
2160 1087 27 18 To
2193 1088 65 18 Aroha
2261 1089 62 18 Times

1886 1109 38 17 and
1934 1108 152 25 Waiorongomai
2096 1110 97 18 Advocate
2202 1112 15 17 is
2230 1114 19 15 to
2265 1113 57 17 hand.

1887 1133 19 16 It
1914 1133 16 16 is
1946 1133 61 17 issued
2021 1134 30 16 for
2065 1133 32 17 the
2112 1136 83 19 present,
2212 1135 77 22 weekly,
2308 1136 15 17 is

1886 1155 92 23 carefully
1987 1156 68 20 edited,
2066 1157 37 16 and
2113 1157 100 18 otherwise
2222 1160 34 19 got
2265 1162 26 20 up
2303 1157 19 20 in

1885 1186 12 9 a
1906 1179 136 17 workmanlike
2051 1180 53 22 style.
2136 1181 40 17 The
2191 1181 60 18 Times
2265 1188 58 12 seems

1885 1204 21 15 to
1915 1202 48 17 have
1972 1202 76 23 already
2057 1203 77 18 secured
2146 1209 11 12 a
2172 1205 50 22 good
2240 1211 83 12 measure

1885 1226 21 16 of
1914 1225 116 23 advertising
2037 1227 85 21 support.

1909 1258 30 15 An
1947 1258 85 16 amateur
2037 1258 92 17 dramatic
2136 1259 44 17 club
2187 1260 21 19 is,
2219 1266 28 10 we
2254 1261 57 16 under-

1885 1280 62 20 stand,
1957 1281 19 16 in
1985 1286 74 17 process
2068 1282 20 16 of
2097 1282 102 18 formation
2213 1284 18 16 in
2238 1284 84 17 Rotorua

1885 1305 96 21 Amongst
1987 1304 53 16 those
2050 1305 41 17 who
2101 1305 48 17 have
2166 1306 94 22 promised
2274 1308 49 17 their

1885 1327 130 21 co-operation
2024 1333 31 11 are
2064 1328 77 18 several,
2156 1329 46 17 both
2211 1329 57 19 ladies
2285 1331 37 17 and

1885 1350 115 22 gentlemen,
2008 1350 43 18 who
2059 1350 48 19 have
2114 1352 140 22 distinguished
2260 1353 49 19 them-

1884 1373 59 18 selves
1952 1374 19 16 in
1980 1376 85 14 amateur
2079 1374 99 19 theatrical
2196 1376 64 17 circles
2275 1378 37 16 else-

1885 1397 68 16 where.
1979 1397 80 17 Matters
2068 1404 31 10 are
2107 1404 20 10 so
2137 1399 30 17 far
2175 1399 96 18 advanced
2280 1400 42 19 that

1884 1420 102 17 rehearsals
1993 1421 21 16 of
2020 1421 32 16 the
2059 1421 83 23 Opening
2151 1421 44 24 play
2205 1423 38 17 will
2249 1424 73 23 shortly

1884 1444 23 16 be
1917 1444 125 16 commenced.

1907 1475 39 17 The
1961 1481 43 11 men
2019 1477 19 15 at
2052 1476 52 17 work
2121 1482 25 11 on
2164 1477 32 17 the
2211 1477 109 24 Waiotapu-

1884 1498 64 22 Taupo
1958 1498 46 17 road
2013 1498 60 17 under
2082 1499 31 18 Mr
2122 1499 105 25 Stubbings
2240 1508 31 11 are
2279 1507 42 12 now

1884 1521 79 23 camped
1972 1519 58 20 about
2040 1522 35 17 live
2084 1522 53 18 miles
2146 1529 25 11 on
2186 1524 32 17 the
2235 1520 86 24 Waikato

1883 1545 39 16 side
1932 1545 19 17 of
1960 1545 33 17 the
2002 1545 108 22 bungalow,
2126 1548 20 15 at
2160 1553 11 11 a
2184 1547 53 22 place
2254 1548 68 18 known

1883 1574 20 11 as
1913 1567 190 20 Kourataramaimai.
2138 1571 39 16 The
2191 1571 76 23 bridges
2284 1573 38 17 and

1883 1592 82 16 culverts
1974 1597 19 11 as
2003 1592 29 16 far
2041 1598 20 11 as
2070 1593 31 16 the
2115 1593 50 17 river
2180 1594 39 17 will
2232 1595 23 17 be
2270 1601 38 12 com-

1882 1614 64 22 pleted
1955 1615 19 16 in
1984 1614 58 18 about
2058 1617 37 16 two
2110 1616 83 18 months.
2224 1618 20 17 It
2256 1618 15 17 is
2288 1621 33 15 not

1882 1639 32 21 yet
1932 1637 77 18 decided
2026 1638 85 18 whether
2127 1646 12 10 a
2155 1640 68 23 bridge
2244 1642 38 17 will
2299 1642 23 18 be

1882 1661 75 17 thrown
1975 1667 61 12 across
2054 1662 31 17 the
2103 1663 87 18 Waikato
2207 1670 22 12 or
2245 1670 11 12 a
2273 1667 49 20 punt

1882 1684 120 17 established.

1907 1717 17 17 A
1933 1717 131 23 consignment
2079 1718 19 17 of
2114 1719 64 19 12,000
2192 1721 129 23 young,trees

1882 1740 74 18 arrived
1964 1740 33 18 the
2004 1740 55 18 other
2067 1740 36 24 day
2121 1742 30 16 for
2166 1742 122 19 distribution
2302 1744 19 18 in

1882 1764 38 16 this
1929 1763 162 24 neighbourhood.
2117 1765 54 22 They
2180 1767 90 22 comprise
2281 1768 38 21 ash,

1882 1787 58 20 larch,
1952 1792 71 17 spruce,
2037 1787 87 19 chestnut
2139 1789 39 17 .-.'.rid
2191 1795 11 12 a
2216 1791 72 22 variety
2302 1792 19 16 of

1881 1810 60 22 pines.
1966 1810 95 22 Amongst,
2069 1811 32 17 the
2110 1812 59 17 latter
2176 1812 33 18 the
2222 1813 56 22 pinus
2291 1815 20 16 in-

1882 1833 43 23 sign
1954 1834 16 17 is
1996 1834 123 22 conspicuous
2142 1834 25 24 by
2190 1836 25 17 its
2236 1837 83 18 absence.

1882 1857 26 16 Of
1917 1857 32 17 tbo
1957 1857 80 17 number
2056 1858 108 18 mentioned
2178 1860 54 19 6,000
2247 1866 31 12 are
2292 1861 29 17 for

1882 1880 32 17 the
1924 1881 56 16 Town
1992 1880 68 19 Board.
2072 1882 16 16 •>.
2091 1882 35 17 500
2136 1881 183 25 forthoKaingaroa

1882 1902 70 19 Plains.
1964 1905 53 15 2.C00
2027 1904 29 17 for
2065 1904 114 24 Tarukenga
2192 1906 38 17 and
2244 1908 34 15 SIOO
2293 1908 28 17 for

1882 1926 98 16 Mainaku.

1906 1959 31 16 Mr
1945 1959 19 17 C.
1975 1958 83 24 Malfroy
2065 1959 16 18 is
2089 1959 19 18 in
2118 1961 71 21 receipt
2204 1961 20 18 of
2238 1968 11 11 a
2265 1961 55 19 letter

1882 1982 49 17 from
1941 1982 32 17 the
1982 1982 64 17 Lands
2056 1982 126 23 Department
2192 1985 73 23 stating
2278 1986 42 17 that:

1882 2006 14 16 it
1906 2006 15 16 is
1939 2007 34 15 not
1981 2006 93 22 proposed
2091 2009 21 15 to
2128 2007 96 18 authorise
2241 2009 33 17 the
2287 2015 22 11 ex-

1881 2029 101 21 penditure
1990 2029 20 17 of
2019 2029 32 17 the
2060 2036 40 10 sum
2111 2029 66 24 (£i)00)
2187 2030 58 18 asked
2254 2033 29 17 for
2295 2032 25 23 by

1881 2052 33 17 the
1935 2051 58 18 Town
2009 2052 63 17 Board
2089 2053 30 17 for
2139 2054 74 18 surface
2230 2054 90 25 drainage

1881 2075 59 17 work.
1964 2076 39 16 The
2012 2076 56 16 letter
2078 2076 74 17 further
2161 2078 59 17 states
2229 2078 43 18 that

1881 2099 25 16 all
1915 2099 116 22 probability
2040 2104 11 12 a
2063 2101 65 20 report
2144 2106 25 11 on
2186 2107 11 10 a
2213 2103 70 20 system
2300 2104 20 15 of

1881 2121 90 23 drainage
1982 2122 28 17 for
2019 2122 32 17 the
2061 2123 50 16 town
2121 2123 39 17 will
2169 2119 73 27 shortly
2252 2125 22 17 be
2285 2126 23 17 ob-

1881 2144 70 21 tained,
1962 2146 49 15 after
2016 2145 61 18 which
2087 2146 15 17 it
2110 2146 38 17 will
2155 2147 24 16 bo
2185 2147 77 18 decided
2269 2149 50 17 what

1881 2173 64 13 course
1954 2168 15 17 is
1978 2168 42 18 best
2033 2170 21 16 to
2071 2175 69 16 pursue
2155 2170 38 17 and
2211 2172 31 16 the
2255 2178 53 11 neces-

1881 2197 42 16 sary
1933 2193 142 21 arrangements
2085 2193 38 17 will
2132 2193 47 17 then
2188 2194 23 17 be

1905 2224 55 17 Some
1969 2224 77 17 months
2066 2230 37 16 ago
2116 2225 33 17 the
2165 2226 74 17 settlers
2250 2227 20 17 in
2286 2227 33 18 the

1881 2246 182 19 Maraeroa-Oturon
2073 2247 55 18 block
2138 2248 106 18 submtttcd
2253 2251 20 16 to
2288 2249 31 18 Mr

1881 2270 63 22 Kelly,
1955 2266 87 25 M.H.E.,
2050 2273 5 14 t
2060 2271 22 17 lie
2088 2272 94 21 necessity
2189 2273 20 16 of
2217 2273 102 24 providing

1880 2293 56 18 roads
1945 2295 19 16 to
1973 2294 50 17 their
2030 2294 96 22 holdings.
2160 2295 27 17 At
2195 2299 77 19 present
2286 2297 32 18 the

1880 2317 45 22 only
1935 2323 63 11 means
2008 2318 20 16 of
2036 2323 61 11 aeeess
2104 2318 16 17 is
2133 2318 26 19 by
2168 2325 11 10 a
2188 2319 60 18 bridle
2265 2320 53 18 track

1880 2340 61 17 which
1950 2340 18 17 in
1979 2342 37 15 wet
2032 2341 83 17 weather
2131 2342 15 16 is
2162 2342 69 18 almost
2248 2343 58 23 impas-

1879 2363 59 17 sable.
1963 2363 66 17 Under
2039 2364 31 16 Mr
2079 2365 73 22 Kelly's
2162 2365 65 18 advice
2241 2372 11 11 a
2268 2368 40 21 peti-

1879 2386 40 17 tion
1937 2393 38 11 was
1996 2387 91 23 prepared
2104 2388 38 17 and
2159 2389 67 22 signed
2242 2389 27 23 by
2285 2391 32 17 the

1879 2410 74 17 settlers
1962 2411 19 16 in
1990 2411 32 16 the
2032 2411 157 23 neighbourhood
2198 2411 69 25 asking
2276 2413 41 18 that

1879 2433 33 17 the
1920 2434 91 21 surveyed
2020 2434 47 17 road
2075 2434 68 18 should
2150 2434 24 18 be
2182 2436 73 17 formed
2261 2437 44 16 with-

1879 2459 33 14 out
1921 2457 61 22 delay.
2008 2457 24 17 So
2040 2458 28 16 far
2077 2458 84 23 nothing
2171 2464 51 12 more
2227 2460 34 17 has
2270 2460 47 18 been

1878 2480 59 16 beard
1947 2481 20 15 of
1976 2480 33 16 the
2018 2482 74 14 matter.

1901 2511 51 17 Thus
1966 2511 62 17 writes
2046 2512 32 17 the
2095 2512 147 23 correspondent
2260 2515 19 16 of
2292 2521 23 10 an

1877 2534 46 17 East
1934 2534 56 17 Coast
2003 2540 59 17 paper
2072 2534 3 23 :
2122 2536 33 16 We
2172 2536 48 18 have
2229 2537 58 17 heard
2296 2544 19 11 so

1877 2557 56 18 much
1949 2557 44 18 here
2007 2557 59 23 lately
2074 2559 19 16 in
2109 2559 33 17 the
2155 2562 65 15 recent
2236 2561 79 18 football

1877 2582 73 21 reports
1964 2581 19 16 of
2001 2581 4 25 '
2013 2582 55 16 brute
2081 2582 64 20 force,'
2162 2581 4 25 '
2176 2583 138 23 impartiality,'

1877 2604 39 20 &c,
1935 2604 42 18 that
1994 2604 10 17 I
2018 2611 29 11 am
2067 2605 60 17 afraid
2147 2604 54 19 there
2227 2609 50 16 must
2293 2608 22 17 be

1877 2627 108 23 something
1994 2627 19 17 in
2083 2628 18 17 It
2111 2629 83 18 reminds
2211 2635 21 13 us
2248 2631 19 17 of
2283 2632 32 16 the

1875 2656 48 16 yarn
1934 2651 60 17 about
2008 2656 11 12 a
2032 2651 71 18 certain
2120 2652 104 22 legislator,
2239 2656 35 15 not
2282 2660 22 12 en-

1875 2674 156 22 tirelyunknown
2041 2674 19 17 in
2069 2675 52 17 these
2129 2677 59 20 parts,
2199 2677 42 17 who
2251 2683 23 11 on
2281 2684 34 10 one

1875 2697 116 17 memorable
2015 2698 85 17 occasion
2125 2698 107 23 ejaculated
2248 2701 19 16 in
2283 2701 32 18 the

1875 2720 66 18 House
1950 2720 3 26 :
2013 2721 87 22 Speaker,
2110 2722 9 16 I
2124 2722 49 17 have
2180 2723 47 17 been
2233 2724 82 22 charged

1875 2744 45 17 with
1933 2744 3 24 '
1945 2744 132 22 impartialiteo
2085 2744 3 24 '
2098 2751 9 10 a
2118 2745 58 23 thing
2184 2746 10 17 I
2206 2752 57 12 never
2277 2752 38 14 Was

1874 2767 62 23 guilty
1950 2768 20 16 of
1978 2768 19 16 in
2004 2773 29 11 me
2042 2768 44 17 loit'e
2097 2767 3 23 !

1899 2799 32 17 Mr
1940 2799 28 17 W.
1979 2799 102 23 Copeland,
2091 2800 44 17 who
2144 2801 55 17 acted
2208 2808 20 10 as
2237 2802 49 17 chief
2295 2803 20 17 of

1875 2822 33 17 the
1917 2823 48 16 local
1974 2825 43 19 post
2026 2823 37 16 and
2072 2823 100 23 telegraph
2186 2825 46 16 staff
2244 2825 71 23 during

1874 2845 33 17 Mr
1915 2845 93 23 Dansey's
2018 2846 78 17 absence
2113 2852 23 12 on
2154 2846 59 21 leave,
2233 2848 35 17 left
2284 2849 31 17 for

1874 2869 101 17 Auckland
1985 2875 23 11 on
2018 2869 98 22 Thursday
2125 2870 44 17 last.
2195 2870 32 18 Mr
2237 2871 77 24 Dansey

1874 2892 55 17 made
1939 2892 50 22 good
1998 2898 32 11 use
2039 2893 20 16 of
2067 2893 29 17 his
2105 2893 84 23 holiday,
2222 2895 55 17 After
2289 2902 24 11 an

1874 2916 88 17 enforced
1972 2917 42 21 stay
2023 2916 18 16 in
2051 2916 100 17 Auckland
2166 2917 19 17 in
2201 2919 113 17 attendance

1873 2940 20 15 at
1903 2938 59 18 Court
1971 2943 44 13 over
2024 2939 32 17 the
2065 2942 42 19 post
2117 2940 52 17 office
2178 2940 82 23 robbery
2272 2947 41 12 case

1873 2962 23 16 he
1907 2962 69 17 visited
1992 2963 75 17 various
2079 2964 53 21 parts
2150 2964 20 16 of
2186 2964 32 18 the
2234 2964 79 19 Thames

1873 2985 99 22 goldfield.
1998 2983 107 26 Returning
2122 2987 21 16 to
2157 2987 85 17 Rotorua
2256 2989 30 17 for
2302 2994 11 12 a

1874 3009 37 16 few
1920 3008 46 19 days
1975 3008 23 17 he
2013 3012 28 14 set
2057 3009 27 17 off
2098 3015 45 12 once
2156 3016 59 15 more,
2232 3011 31 18 via
2280 3012 32 17 the

1873 3030 155 19 Whakatane-Te
2049 3031 51 19 Teko
2120 3033 53 21 road,
2197 3035 62 16 round
2280 3036 32 17 the

1872 3055 52 17 lakes
1933 3055 38 17 and
1980 3055 66 17 thence
2056 3056 19 16 to
2084 3056 76 17 Matata
2173 3056 37 18 and
2225 3056 85 20 Maketu.

1872 3078 32 17 Mr
1914 3078 76 22 Dansey
1999 3079 92 23 certainly
2099 3079 54 17 looks
2162 3080 26 17 all
2202 3081 33 17 the
2249 3081 63 18 better

1872 3102 30 16 for
1911 3102 29 17 his
1949 3102 83 20 holiday.

1896 3133 40 17 The
1950 3133 81 17 Concert
2053 3133 113 18 Committee
2186 3141 31 11 are
2232 3136 78 22 making

1873 3161 56 17 every
1939 3157 120 21 preparation
2069 3158 20 17 to
2098 3163 66 12 ensuve
2171 3158 33 17 the
2213 3164 72 13 success
2291 3160 19 17 of

1872 3179 33 17 the
1919 3183 75 13 concert
2011 3180 19 16 in
2046 3180 31 17 aid
2091 3181 19 16 of
2127 3181 33 16 the
2175 3180 81 24 Library
2272 3183 38 17 and

1871 3202 88 21 Reading
1974 3203 60 17 Room
2046 3203 55 17 Fnnd
2114 3204 63 17 which
2191 3203 53 19 takes
2257 3206 53 22 place

1870 3227 20 15 in
1900 3225 32 18 the
1942 3223 121 21 Schoolroom
2072 3233 25 11 on
2112 3227 71 23 Friday
2196 3229 63 22 night.
2284 3230 26 16 At

1872 3249 33 17 the
1915 3248 107 18 conclusion
2032 3250 19 17 of
2059 3256 24 11 an
2097 3251 101 16 attractive
2207 3252 54 17 vocal
2269 3253 38 16 and

1871 3272 133 18 instrumental
2023 3278 120 18 programme
2165 3274 83 23 dancing
2266 3281 44 17 may

1871 3295 23 17 bo
1903 3295 91 22 indulged
2003 3296 18 16 in
2032 3295 23 22 by
2066 3296 53 18 those
2128 3295 43 19 who
2188 3302 31 12 are
2228 3298 81 18 inclined

1872 3319 43 16 that
1928 3323 48 18 Way,
1984 3319 37 17 and
2034 3319 69 23 during
2111 3320 32 17 the
2157 3320 91 18 intervals
2260 3321 50 24 light

1872 3342 133 17 refreshments
2014 3342 39 17 will
2061 3343 23 17 be
2093 3343 97 22 provided.
2211 3344 40 17 The
2264 3351 33 16 pro-

1871 3365 53 17 ceeds
1934 3366 20 16 of
1962 3365 32 17 the
2010 3367 74 16 concert
2099 3366 39 17 will
2152 3365 23 19 be
2191 3366 80 19 devoted
2288 3370 20 15 to

1870 3388 33 16 the
1912 3389 92 21 purchase
2013 3389 20 17 of
2043 3389 59 17 books
2111 3390 31 16 for
2154 3390 33 16 the
2194 3390 86 23 Library,
2288 3397 19 11 so

1870 3411 16 17 it
1891 3411 16 18 is
1916 3413 20 16 to
1942 3411 22 18 be
1976 3411 61 23 hoped
2050 3411 43 18 that
2103 3413 33 16 the
2148 3413 114 18 attendance
2270 3415 38 16 will

1870 3439 58 17 prove
1944 3435 126 22 satisfactory.

1894 3466 32 17 Mr
1934 3465 18 18 J.
1960 3466 18 17 S.
1985 3467 55 16 Bond
2046 3467 21 16 of
2072 3467 31 17 the
2110 3466 89 18 Waikato
2204 3469 102 19 Advocate,

1871 3489 119 22 Cambridge,
2001 3496 106 11 announces
2121 3491 43 16 that
2177 3491 24 17 he
2214 3491 34 17 has
2262 3497 33 17 pur-

1870 3512 69 18 chased
1952 3514 32 16 the
2000 3512 60 23 plant,
2077 3514 38 19 &c,
2133 3514 21 17 of
2170 3514 33 17 the
2220 3514 87 18 Waikato

1869 3535 62 17 Times
1943 3536 45 16 from
2005 3536 33 17 the
2055 3537 53 17 Bank
2124 3537 19 17 of
2160 3537 48 17 New
2224 3537 83 18 Zealand

1870 3558 76 18 Estates
1955 3559 103 23 Company,
2076 3559 51 21 Ltd.,
2142 3560 38 17 and
2194 3566 28 11 we
2239 3567 31 11 are
2287 3561 20 17 in

1870 3582 70 22 receipt
1957 3588 18 11 Oi
1990 3582 32 17 the
2036 3583 41 16 first
2096 3583 49 17 issue
2162 3584 21 15 of
2199 3584 33 16 the
2248 3590 59 16 paper

1869 3605 60 17 under
1938 3605 32 17 the
1980 3611 41 11 new
2030 3606 76 21 regime.
2132 3606 89 22 Judging
2234 3607 26 22 by
2274 3608 33 17 the

1869 3629 150 17 announcement
2035 3629 54 17 made
2105 3631 20 15 to
2140 3629 115 18 subscribers
2269 3631 38 17 and

1869 3651 32 16 the
1911 3653 78 16 counter
1998 3652 110 18 statements
2121 3653 106 22 appearing
2242 3653 19 17 in
2275 3654 32 17 Mr

1868 3674 139 23 Edgecuinbe's
2015 3681 41 10 new
2065 3676 83 18 venture,
2159 3676 33 17 the
2201 3677 69 22 Argus,
2279 3683 27 11 we

1869 3698 79 16 surmise
1957 3698 42 17 that
2008 3698 52 17 there
2070 3698 38 17 will
2117 3698 23 18 be
2149 3705 52 11 some
2210 3700 52 16 work
2277 3700 30 18 for

1868 3720 33 17 the
1918 3721 50 22 legal
1981 3721 109 17 luminaries
2103 3722 21 16 of
2136 3722 33 16 the
2184 3723 87 17 Waikato
2286 3725 20 15 to

1868 3749 81 17 arrange
1959 3745 77 16 matters
2051 3744 85 18 between
2150 3745 33 18 the
2200 3746 47 17 rival
2262 3752 33 16 pro-

1868 3767 86 20 prietors.

1891 3798 26 17 At
1925 3799 33 16 the
1966 3799 37 16 last
2016 3799 84 21 meeting
2113 3799 20 18 of
2149 3800 34 17 the
2199 3801 26 16 Te
2241 3801 64 17 Aroha

1867 3821 81 17 Domain
1957 3822 63 16 Board
2028 3822 70 17 several
2107 3823 93 17 members
2209 3823 51 23 (says
2272 3824 33 17 the

1867 3844 64 23 News)
1959 3845 99 22 expressed
2067 3845 31 17 the
2105 3846 77 21 opinion
2188 3846 43 18 that,
2237 3847 66 17 should

1867 3867 32 17 the
1909 3868 127 17 Government
2050 3869 88 17 continue
2154 3870 19 16 ':o
2187 3871 50 15 treat
2253 3871 50 16 them

1867 3890 47 17 with
1932 3892 102 21 contempt,
2056 3892 37 16 and
2113 3893 36 16 not
2169 3892 82 18 forward
2272 3893 32 17 the

1866 3919 99 17 necessary
1973 3914 57 17 funds
2039 3916 20 15 to
2068 3920 53 17 carry
2131 3917 33 15 out
2171 3916 33 16 the
2210 3915 82 25 improve-

1867 3937 61 17 ments
1936 3937 90 22 urgently
2035 3938 86 21 required
2134 3938 47 23 they
2195 3939 63 17 would
2274 3945 20 11 re-

1866 3959 42 23 sign
1919 3960 49 17 their
1976 3961 97 21 positions,
2084 3961 38 17 and
2130 3961 33 17 the
2175 3962 129 17 Government

1865 3982 23 18 be
1897 3983 58 17 asked
1964 3984 19 16 to
1992 3983 44 18 take
2046 3989 43 12 over
2102 3985 31 16 the
2149 3985 73 17 control
2237 3985 21 17 of
2270 3985 33 18 the

1975 4006 133 23 Commenting
2117 4013 24 12 on
2150 4008 39 16 this
2198 4008 32 17 the
2239 4008 62 21 News,

1866 4029 45 17 with
1922 4036 9 10 n
1940 4029 73 23 jealous
2022 4036 33 16 eye
2063 4030 49 17 fixed
2128 4036 23 10 on
2166 4031 76 17 Rotoru:
2245 4029 4 23 l
2249 4045 8 6 .,
2273 4038 18 10 re-

1865 4052 63 17 marks
1941 4052 41 17 that
1992 4053 32 16 the
2039 4054 92 21 proposed
2140 4059 66 12 course

1865 4074 107 23 ultimately
1980 4081 58 17 prove
2050 4076 97 18 beneficial
2164 4079 21 15 to
2202 4077 33 17 the
2251 4083 39 12 com-

1983 4099 45 17 This
2036 4099 15 17 is
2060 4099 20 17 in
2088 4100 78 17 marked
2183 4102 86 16 contrast
2282 4102 20 16 to

1864 4121 32 17 the
1911 4121 71 23 feeling
1990 4122 83 22 existing
2084 4123 51 17 here.

2371 92 33 17 We
2413 98 31 11 are
2453 92 20 17 in
2482 93 72 22 receipt
2561 93 21 17 of
2589 93 33 17 the
2631 92 61 18 initial
2702 92 81 17 number

2347 115 20 18 of
2375 115 33 18 the
2417 115 88 19 Waikato
2514 117 63 20 Argus
2586 115 100 23 published
2695 117 21 15 at
2721 115 47 17 Ham-

2346 139 48 17 ilton
2403 139 25 21 by
2443 138 33 17 Mr
2492 139 74 22 George
2582 139 129 23 Edgecumbe.
2744 139 39 16 The

2347 162 63 22 Argus
2418 161 16 17 is
2443 167 24 11 an
2479 162 32 16 old
2521 162 61 17 friend
2592 162 46 17 with
2655 169 12 10 a
2683 167 42 12 new
2742 162 41 16 title

2347 185 29 17 for
2384 185 16 16 it
2408 185 54 16 bears
2472 190 11 11 a
2491 185 117 17 remarkable
2617 185 99 22 similarity
2722 186 20 16 to
2751 185 32 17 the

2346 207 87 19 Waikato
2442 208 62 16 Times
2513 209 20 16 of
2541 209 62 16 which
2616 210 31 15 Mr
2660 207 123 24 EdgeoUmbe

2346 231 34 17 has
2389 231 30 16 for
2432 237 58 16 many
2505 237 54 16 years
2571 231 48 17 been
2633 232 32 17 the
2682 231 101 18 ostensible

2345 254 112 21 proprietor*

2370 286 39 16 The
2418 286 98 16 Ateamuri
2526 285 65 21 Hotel)
2598 286 60 17 which
2666 293 37 10 was
2710 286 74 17 burned

2346 310 20 16 to
2376 308 32 18 the
2417 308 75 22 ground
2502 313 10 12 a
2521 309 54 17 short
2583 308 45 18 time
2643 315 42 16 ago,
2704 310 39 16 will
2760 309 23 17 be

2346 331 111 21 re-erooted,
2483 332 17 16 A
2514 337 42 11 new
2570 332 41 20 site,
2625 338 25 10 on
2666 333 32 17 the
2714 333 70 22 higher

2347 355 73 21 ground
2431 355 38 17 and
2478 354 88 18 removed
2575 355 49 17 from
2633 355 32 16 the
2671 355 43 23 fogs
2721 356 62 17 which

2346 374 52 26 hang
2406 378 59 17 about
2476 378 33 17 the
2522 378 55 19 river,
2592 378 35 17 has
2642 378 46 17 been
2702 379 81 17 selected

2346 401 37 17 and
2392 401 108 22 operations
2509 401 38 17 will
2556 399 23 19 be
2588 400 119 18 commenced
2721 402 51 17 forth-

2347 424 52 17 with.
2424 425 31 16 Mr
2464 425 37 16 and
2511 424 40 17 Mrs
2565 424 99 17 Crowther
2676 425 43 17 who
2736 426 48 16 haVe

2345 447 47 17 been
2401 453 25 12 on
2434 453 12 11 a
2455 448 54 17 short
2516 447 45 17 visit
2569 449 20 15 to
2594 447 140 18 .Aucklundleft
2740 448 44 17 here

2347 470 29 17 for
2385 470 98 18 Ateamuri
2492 470 39 17 and
2538 471 66 22 Taupo
2614 476 24 12 on
2645 471 90 22 Monday.

2370 501 31 17 Mr
2409 502 68 20 Lalrin,
2486 502 43 17 who
2544 501 94 18 ascended
2653 502 131 22 Xgongotaha

2347 530 23 11 on
2380 524 77 23 Sunday
2475 525 43 20 last,
2529 526 58 16 states
2603 525 43 17 that
2662 525 33 17 the
2709 526 75 17 Jubilee

2347 547 52 17 track
2408 548 16 16 is
2431 548 20 17 in
2465 545 94 21 excellent
2573 548 55 17 order
2641 554 20 12 so
2674 548 44 18 that
2732 549 52 17 there

2347 571 62 17 would
2418 571 22 17 be
2448 577 26 11 no
2483 572 94 22 difficulty
2585 572 20 16 in
2613 571 63 23 riding
2685 572 32 16 the
2723 572 61 18 whole

2346 599 42 17 way
2397 595 20 16 to
2425 595 32 16 the
2474 595 84 17 summit.
2584 595 39 16 The
2638 600 42 11 men
2696 595 88 23 engaged

2346 616 20 18 in
2376 618 105 22 conveying
2490 618 33 17 the
2531 618 70 17 timber
2610 618 29 17 for
2648 618 32 17 the
2694 618 90 18 look-out

2347 640 70 17 station
2425 641 98 22 improved
2532 641 32 17 the
2572 641 54 17 track
2634 641 19 17 in
2661 647 57 16 many
2726 647 57 17 ways.

2347 663 25 16 As
2383 663 32 17 the
2424 663 128 18 Government
2561 670 59 11 seems
2635 662 110 20 disinclined
2762 667 20 15 to

2346 686 79 22 proceed
2434 687 46 17 with
2498 687 32 18 the
2545 687 77 22 already
2638 688 90 22 surveyed
2742 694 31 11 car-

2346 710 52 22 riage
2406 710 46 16 road
2461 710 39 17 this
2509 711 15 16 is
2531 711 93 16 excellent
2632 717 51 10 news
2696 713 20 15 to
2730 712 54 17 those

2347 733 42 16 who
2398 738 31 11 are
2441 733 85 18 desirous
2541 734 20 17 of
2575 734 79 22 making
2671 734 31 17 the
2719 736 65 16 ascent

2346 755 46 18 with
2401 756 32 17 the
2442 756 48 17 least
2502 757 85 17 exertion
2601 757 88 23 possible.
2723 757 61 17 When

2345 779 15 16 it
2370 779 15 16 is
2394 778 67 18 known
2471 780 43 17 that
2523 786 43 11 over
2575 781 23 16 GO
2607 780 77 17 distinct
2697 781 87 18 varieties

2346 802 20 17 of
2375 802 50 17 ferns
2435 808 34 11 can
2479 803 23 17 be
2511 803 90 17 obtained
2615 809 25 12 on
2653 804 131 22 Ngongotaha

2345 825 39 17 this
2394 825 37 22 trip
2435 826 39 16 will
2478 826 92 23 probably
2575 827 76 17 become
2656 827 32 17 the

2346 849 46 16 with
2401 848 81 17 visitors.

2369 880 32 16 Mr
2408 880 83 22 Dansey,
2502 881 42 17 who
2553 881 132 23 peregrinated
2698 882 34 17 the
2745 882 29 18 dis-

2345 903 46 18 trict
2394 903 70 23 during
2471 904 29 17 his
2507 904 77 22 holiday
2590 907 64 19 pretty
2659 906 123 22 extensively,

2345 928 58 15 states
2412 926 43 17 that
2464 927 23 16 he
2497 933 38 12 was
2544 928 56 17 much
2610 928 94 22 surprised
2718 929 20 16 at
2751 929 33 17 the

2345 949 56 23 speed
2410 950 47 16 with
2464 950 61 18 which
2535 951 108 17 settlement
2651 952 15 16 is
2679 952 105 23 extending

2345 979 25 11 on
2378 978 56 17 every
2443 973 57 17 hand.
2526 975 39 16 The
2571 975 61 17 whole
2639 975 19 17 of
2664 975 33 17 the
2704 975 78 17 Maketu

2345 996 34 17 flat
2388 1002 79 16 appears
2477 998 20 16 to
2507 997 23 17 be
2538 997 58 18 taken
2605 1004 32 16 up.
2669 998 52 17 Most
2736 999 20 17 of
2768 999 16 17 it

2345 1020 34 16 has
2389 1019 47 17 been
2444 1020 39 16 laid
2493 1020 55 17 down
2556 1021 19 16 in
2585 1027 53 16 grass
2645 1022 61 16 which
2714 1022 34 17 has
2754 1022 20 17 al-

2346 1042 57 22 ready
2413 1048 11 11 a
2453 1043 67 23 spring
2580 1044 21 17 it.
2627 1044 52 18 Runs
2689 1045 48 17 have
2744 1046 39 16 also

2345 1066 47 16 been
2401 1066 57 16 taken
2468 1072 26 16 up
2503 1067 19 16 in
2532 1067 32 17 the
2573 1067 79 22 vicinity
2660 1068 20 17 of
2689 1068 32 17 the
2736 1068 35 18 Kai-

2345 1090 53 19 tuna,
2408 1089 130 23 Mongarewa,
2549 1090 122 22 Pongakawa
2679 1091 38 17 and
2731 1092 39 16 Wai-

2345 1112 79 17 tahanui
2434 1114 85 16 streams.
2545 1114 30 17 On
2590 1120 35 11 one
2641 1114 20 17 of
2676 1115 58 20 these,
2752 1115 32 17 Mr

2345 1136 105 19 Harmon's,
2461 1137 49 16 from
2519 1138 23 15 GO
2551 1138 19 16 to
2587 1138 33 16 100
2633 1143 52 11 acres
2698 1138 21 17 of
2735 1137 49 18 bush

2345 1164 49 12 were
2410 1159 57 17 felled
2488 1160 38 16 and
2545 1160 80 17 burned.
2663 1160 56 18 Grass
2741 1161 43 17 seed

2345 1182 63 17 mixed
2417 1182 45 17 with
2473 1183 65 22 turnip
2547 1189 38 12 was
2597 1188 52 13 sown
2664 1190 24 11 on
2700 1184 33 17 the
2742 1185 40 20 ash,

2345 1206 37 16 and
2398 1205 64 18 tubers
2479 1206 97 23 weighing
2589 1213 26 16 up
2629 1209 20 16 to
2668 1208 50 16 lOlbs
2735 1214 48 11 were

2345 1229 95 17 obtained.
2479 1230 40 16 One
2536 1230 20 17 of
2572 1230 33 17 the
2622 1236 44 12 runs
2683 1231 58 17 taken
2758 1237 25 16 up

2345 1253 56 16 abuts
2410 1258 24 11 on
2444 1252 53 17 Lake
2506 1253 93 17 Rotoehu.

2368 1284 32 16 Mr
2408 1284 83 21 Malfroy
2502 1284 33 17 has
2544 1285 83 17 received
2636 1286 49 16 from
2695 1286 31 17 the
2745 1286 25 17 De-

2344 1309 97 23 partment
2449 1308 20 16 of
2477 1308 64 16 Lands
2556 1314 11 11 a
2580 1309 61 22 rougli
2655 1309 66 17 sketch
2738 1309 45 22 plan

2345 1334 19 16 of
2373 1330 31 18 the
2414 1331 93 21 proposed
2519 1332 55 17 roads
2589 1338 22 11 or
2625 1332 56 22 paths
2697 1333 85 23 through

2344 1357 33 16 the
2394 1354 48 17 Whii
2455 1359 112 14 arewarewa
2584 1355 55 17 block
2653 1356 85 22 recently
2751 1362 21 11 ac-

2344 1378 65 24 quired
2431 1378 24 22 by
2478 1378 33 17 the
2532 1378 127 18 Government
2681 1379 49 17 from
2751 1380 32 17 the

2344 1403 79 17 natives.
2450 1401 19 17 It
2478 1401 15 17 is
2502 1402 90 16 intended
2601 1402 43 17 that
2657 1403 52 17 theso
2726 1403 57 22 paths

2344 1425 67 18 should
2422 1425 59 16 afford
2498 1425 78 18 tourists
2593 1431 61 12 access
2671 1427 20 16 to
2707 1425 27 18 all
2751 1426 32 17 the

2344 1448 86 18 wonders
2439 1451 19 14 to
2467 1448 24 17 be
2500 1454 43 11 seen
2552 1448 59 20 there,
2622 1455 56 15 many
2687 1450 20 15 of
2714 1449 67 20 which,

2344 1479 24 10 on
2378 1473 79 16 account
2467 1472 20 16 of
2495 1472 33 16 the
2538 1470 93 24 difficulty
2639 1472 21 17 of
2669 1478 69 15 access;
2752 1479 31 10 are

2344 1496 71 16 seldom
2424 1495 74 17 visited.
2524 1495 39 17 The
2571 1495 46 22 plan
2626 1495 15 17 is
2650 1496 71 21 merely
2738 1496 33 17 sub-

2344 1519 67 17 mitted
2421 1524 20 11 as
2450 1524 10 11 a
2475 1518 111 22 suggestion
2600 1520 21 15 to
2634 1518 23 17 be
2674 1519 71 17 altered
2763 1525 20 11 as

2344 1543 54 16 those
2406 1542 73 21 having
2488 1548 10 10 a
2512 1542 59 16 better
2587 1542 111 22 knowledge
2714 1543 21 16 of
2751 1542 32 18 the

2344 1566 76 21 locality
2431 1571 43 16 may
2484 1571 29 11 see
2523 1564 26 18 fit.
2565 1565 55 17 Trees
2629 1565 38 17 will
2676 1566 22 16 be
2704 1565 79 23 planted

2344 1587 59 24 along
2410 1589 33 16 the
2451 1587 58 23 paths
2519 1594 20 11 as
2548 1594 46 11 soon
2603 1594 20 11 as
2637 1589 46 21 they
2697 1594 31 12 are
2745 1589 38 17 laid

2344 1614 40 15 out.
2409 1611 39 18 The
2457 1611 128 23 Department
2592 1612 60 17 states
2659 1611 44 18 that
2715 1618 68 17 money

2344 1636 30 17 for
2384 1636 31 17 the
2425 1634 52 18 work
2487 1635 38 16 will
2533 1634 24 17 be
2566 1634 92 17 available
2667 1637 20 14 at
2693 1641 45 11 once,
2746 1636 37 17 and

2344 1659 41 17 that
2395 1659 31 17 Mr
2435 1658 62 17 Baber
2504 1658 38 17 will
2551 1658 60 17 arrive
2620 1658 73 23 shortly
2702 1660 20 16 to
2728 1658 55 18 make

2343 1683 33 14 the
2384 1687 99 10 necessary
2495 1686 73 11 survey.

2367 1713 80 18 Matters
2457 1719 31 10 are
2497 1712 101 23 humming
2612 1712 58 17 about
2687 1713 25 16 Te
2729 1712 52 19 Puke

2344 1738 21 15 at
2373 1738 75 21 present
2464 1736 38 16 and
2516 1736 32 16 the
2563 1736 66 21 people
2647 1736 47 17 have
2711 1737 70 22 caught

2344 1760 32 16 the
2385 1759 45 22 gold
2440 1760 52 16 fever
2500 1759 64 21 badly.
2589 1757 40 19 The
2642 1759 40 17 talk
2695 1765 44 11 now
2752 1760 20 16 in-

2342 1783 54 17 stead
2416 1783 20 16 of
2455 1782 60 22 being
2535 1782 58 17 about
2614 1782 97 18 abnormal
2733 1783 48 17 sized

2342 1806 102 23 pumpkins
2453 1806 37 16 and
2499 1805 102 24 phenomal
2610 1806 75 16 bushels
2692 1806 21 17 of
2723 1807 58 17 maize

2343 1832 20 14 to
2373 1830 32 16 the
2414 1836 41 10 acre
2465 1830 16 16 is
2497 1829 21 17 of
2549 1829 73 17 leaders
2650 1829 37 17 and

2342 1853 39 17 and
2534 1852 37 17 and
2585 1858 20 11 so
2619 1858 30 11 on.
2683 1853 86 23 Pegging-

2343 1877 34 16 out
2386 1876 33 17 lias
2429 1876 46 17 been
2492 1876 60 22 goin<r
2567 1881 24 11 on
2602 1876 20 16 in
2639 1875 25 17 all
2681 1876 100 18 directions

2343 1900 36 16 and
2395 1899 125 23 applications
2537 1901 29 15 for
2582 1898 69 23 special
2669 1899 65 17 claims
2751 1906 30 11 are

2342 1922 77 23 quickly
2435 1922 113 23 increasing.
2582 1922 47 17 Rich
2647 1922 86 23 sulphide
2750 1929 31 11 ore

2342 1946 34 17 has
2384 1946 47 17 been
2441 1945 64 18 struck
2515 1952 23 10 on
2546 1945 96 23 Flemings
2650 1946 92 17 Freehold
2749 1947 32 17 the

2342 1975 64 17 assays
2420 1969 20 17 of
2455 1969 61 17 which
2532 1969 48 16 have
2596 1969 48 16 been
2661 1967 120 25 remarkably

2342 1992 53 23 high.
2421 1992 85 18 Rotoi'ua
2523 1992 16 16 is
2555 1992 66 17 bound
2634 1994 20 15 to
2668 1998 45 17 reap
2730 1999 51 12 some

2342 2016 107 22 advantage
2464 2016 49 16 from
2527 2016 38 16 this
2579 2016 78 21 activity
2671 2016 19 16 in
2707 2016 74 23 mining

2341 2041 79 15 matters
2429 2043 20 13 at
2458 2039 25 17 Te
2493 2039 53 17 Puke
2555 2039 15 17 if
2579 2039 15 16 it
2602 2039 16 17 is
2628 2039 44 22 only
2684 2039 48 17 from
2749 2040 32 17 the

2341 2062 95 18 increased
2461 2062 81 17 number
2565 2062 19 17 of
2604 2068 77 16 persons
2702 2063 79 23 passing

2341 2084 90 25 through.
2458 2086 29 16 On
2499 2085 94 22 Saturday
2602 2082 32 20 Mr
2642 2086 21 16 P.
2671 2086 23 16 A.
2702 2086 77 17 Nathan

2341 2109 20 16 of
2370 2109 80 17 London
2459 2109 38 16 and
2507 2109 32 16 Mr
2552 2109 90 17 Malcolm
2650 2109 93 22 Fleming,
2761 2110 20 16 of

2341 2131 92 18 Freehold
2443 2132 56 20 fame,
2510 2131 74 18 arrived
2598 2132 45 17 here
2657 2132 47 17 from
2715 2128 52 22 Auck-

2341 2155 45 17 land
2405 2156 36 16 and
2457 2156 51 16 went
2521 2161 24 11 on
2559 2157 20 15 to
2594 2156 25 16 Te
2636 2155 53 17 Puke
2706 2161 24 12 on
2748 2156 31 18 the

2341 2178 99 20 following
2451 2178 43 20 day.

2364 2216 30 16 An
2407 2216 126 17 unfortunate
2549 2216 85 21 reporter
2654 2216 20 16 of
2692 2222 35 11 our
2747 2222 21 12 ac-

2340 2239 114 23 quaintance
2464 2245 46 11 once
2519 2239 81 17 mistook
2610 2239 31 17 the
2655 2239 45 17 Rev.
2712 2239 22 17 L.
2751 2239 26 19 M.

2340 2262 44 18 Isitt
2391 2262 29 18 for
2430 2260 63 19 Prank
2501 2262 63 18 Slavin
2572 2269 24 10 on
2602 2269 24 10 an
2632 2263 85 16 occasion
2724 2263 54 18 when

2340 2286 31 17 the
2382 2286 61 16 Priest
2452 2286 20 17 of
2481 2285 118 18 Prohibition
2612 2286 38 16 and
2659 2286 31 17 the
2700 2287 78 21 Apostle

2340 2310 19 16 of
2368 2309 92 21 Pugilism
2470 2315 49 11 were
2528 2309 90 22 expected
2628 2310 20 16 to
2660 2309 60 18 arrive
2730 2311 21 15 at
2767 2316 11 11 a

2340 2332 69 18 certain
2419 2333 80 21 country
2509 2333 70 16 station
2589 2333 19 17 at
2622 2333 32 16 the
2663 2338 50 12 same
2725 2333 51 17 time.

2339 2355 69 20 Prank,
2418 2355 44 18 with
2473 2355 104 18 histallhat
2585 2355 193 23 andjirreproachable

2339 2385 23 16 ge
2364 2380 7 11 f
2378 2384 32 17 up,
2418 2378 93 23 certainly
2518 2379 67 17 looked
2593 2385 50 11 more
2650 2379 37 17 like
2691 2386 11 10 a
2707 2385 70 16 parson

2338 2402 37 17 and
2382 2402 35 17 less
2427 2402 36 18 like
2472 2409 11 10 a
2603 2402 46 17 than
2658 2402 32 18 the
2699 2408 66 17 square-

2338 2425 61 23 jawed
2418 2426 120 22 temperance
2559 2427 70 15 orator.
2654 2425 38 17 The
2713 2427 64 22 regret

2338 2449 20 16 of
2366 2449 33 16 the
2406 2449 64 19 scribe,
2481 2449 59 18 which
2549 2449 33 16 has
2589 2449 47 17 been
2643 2449 109 23 unceasing,
2761 2450 16 17 is

2338 2478 42 11 now
2389 2472 55 17 much
2452 2472 101 23 mitigated
2568 2472 25 22 by
2602 2472 79 23 reading
2689 2472 32 17 the
2739 2473 27 17 fol-

2338 2495 71 22 lowing
2425 2501 80 16 passage
2521 2496 49 17 from
2585 2496 32 16 tbe
2632 2496 66 21 speech
2711 2496 20 17 of
2744 2496 32 17 the

2337 2524 38 12 rev.
2401 2519 110 22 gentleman
2533 2520 21 16 at
2568 2524 10 12 a
2594 2520 84 21 meeting
2691 2519 19 17 in
2725 2519 38 17 Wel-

2338 2542 74 22 lington
2422 2542 36 17 last
2571 2542 39 17 The
2622 2542 153 18 Prohibitionists

2338 2571 47 11 were
2395 2566 59 21 going
2463 2567 20 15 to
2493 2565 45 17 land
2547 2565 50 18 their
2601 2565 37 18 five
2646 2566 91 17 knuckles
2751 2572 22 11 on

2337 2587 33 19 the
2378 2594 45 17 very
2430 2588 68 24 bridge
2507 2589 20 17 of
2533 2589 33 17 the
2575 2595 45 11 nose
2631 2590 19 16 of
2661 2589 37 17 this
2713 2589 62 23 liquor

2337 2612 61 17 traffic
2427 2612 37 17 and
2491 2612 63 17 would
2580 2612 34 17 ask
2639 2612 32 18 the
2693 2612 37 17 law
2756 2615 19 15 to

2337 2635 43 22 give
2396 2635 50 17 them
2464 2642 10 10 a
2489 2636 150 20 leg-of-mutton
2655 2636 36 16 fist.
2722 2636 52 23 They

2336 2660 53 16 nient
2397 2659 20 17 to
2427 2660 32 21 get
2468 2658 20 18 in
2498 2664 25 12 an
2531 2660 105 21 upper-cut
2651 2658 42 18 that
2710 2660 64 17 would

2336 2682 52 16 leave
2397 2681 113 19 themselves
2676 2682 39 17 The
2727 2683 45 17 Rev.

2337 2705 44 17 Isitt
2389 2707 33 15 not
2432 2705 44 23 only
2493 2705 54 17 looks
2563 2705 38 17 like
2615 2711 11 12 a
2642 2705 80 23 pugilist
2739 2706 36 17 but

2336 2729 112 21 apparently
2458 2729 49 16 talks
2517 2729 37 16 like
2563 2735 35 10 one
2607 2735 20 10 as
2636 2729 48 16 well.

2359 2764 38 18 Tbe
2407 2765 89 16 women's
2503 2764 107 23 swimming
2617 2765 46 17 bath
2669 2765 15 17 is
2690 2765 71 19 advanc-

2336 2788 34 23 ing
2378 2788 66 22 slowly
2457 2788 34 16 but
2502 2788 80 22 steadily
2591 2788 81 17 towards
2690 2790 71 21 comple-

2335 2811 40 17 tion
2385 2811 70 18 scleral
2469 2808 126 20 unavoidable
2609 2812 102 23 stoppages
2724 2813 36 16 hav-

2335 2834 33 23 ing
2378 2834 87 17 occurred
2475 2834 19 17 in
2504 2834 33 17 the
2549 2839 64 13 course
2629 2835 19 16 of
2664 2835 32 17 the
2712 2836 59 17 work.

2335 2858 38 17 The
2384 2859 84 16 concrete
2477 2858 53 16 work
2538 2858 16 16 is
2563 2857 69 17 almost
2640 2858 80 18 finished
2735 2860 37 17 and

2335 2881 32 17 the
2376 2881 155 21 dressing-boxes
2540 2886 31 12 arc
2584 2886 43 12 now
2641 2881 20 17 in
2674 2888 65 11 course
2753 2884 20 16 of

2335 2905 87 17 erection.
2448 2904 39 17 The
2495 2904 47 17 bath
2552 2904 74 22 though
2640 2906 34 15 not
2689 2911 20 12 so
2726 2905 47 23 long

2335 2933 19 11 as
2363 2928 32 16 the
2404 2928 46 16 Blue
2460 2927 49 17 Bath
2519 2927 15 17 is
2544 2929 37 15 two
2591 2928 39 16 feet
2639 2928 63 17 wider.
2716 2929 44 17 Vari-

2335 2956 33 12 ous
2377 2950 119 23 suggestions
2505 2950 48 17 have
2561 2950 47 18 been
2622 2951 54 17 made
2693 2952 67 22 regard-

2333 2975 35 21 ing
2376 2980 23 12 an
2410 2973 120 23 appropriate
2545 2980 55 10 name
2615 2974 29 17 for
2660 2975 38 17 this
2714 2976 58 17 latest

2333 2997 85 17 addition
2427 2999 20 14 to
2456 2997 33 16 the
2629 2998 20 16 of
2663 2997 32 18 the
2710 2999 48 17 Sana-

2333 3021 76 16 torium.
2427 3020 39 17 The
2496 3020 89 23 Glasgow
2613 3020 53 21 bath,
2676 3022 74 22 though
2760 3029 11 10 a

2333 3044 84 23 graceful
2427 3043 123 22 compliment
2558 3045 20 15 to
2587 3044 33 16 the
2629 3044 80 18 amiable
2724 3051 35 11 con-

2333 3069 38 15 sort
2381 3067 20 17 of
2410 3067 31 16 the
2451 3067 99 16 Governor
2558 3067 20 17 of
2589 3067 33 17 the
2636 3067 76 23 Colony,
2724 3074 34 12 con-

2331 3091 52 22 jures
2392 3096 25 16 up
2427 3090 129 17 recollections
2565 3090 20 17 of
2594 3090 51 17 what
2654 3091 15 16 is
2678 3092 92 21 regarded

2331 3119 21 11 as
2361 3114 33 16 the
2403 3113 73 17 dirtiest
2485 3113 38 22 city
2538 3113 19 17 in
2571 3113 33 17 the
2618 3114 70 17 United
2705 3115 51 22 King-

2331 3137 50 17 dom.
2407 3137 38 16 Tbe
2632 3137 52 21 bath,
2695 3138 74 23 though

2331 3160 119 22 appropriate
2454 3159 18 17 in
2479 3165 52 12 some
2540 3161 88 21 respects,
2634 3160 16 17 is
2657 3162 112 22 susceptible

2331 3184 20 17 of
2359 3183 87 22 punning
2455 3182 92 19 (illusions
2560 3183 61 17 which
2637 3184 36 17 had
2687 3184 41 17 best
2745 3184 23 19 bo

2331 3206 84 18 avoided.
2441 3206 39 17 The
2510 3206 60 17 Nuns'
2600 3206 46 18 bath
2656 3213 20 11 as
2690 3207 68 18 distinc-

2330 3231 38 15 tive
2378 3231 49 15 from
2436 3229 33 17 the
2498 3229 78 17 Priest's
2603 3230 38 16 and
2650 3230 32 17 the
2719 3231 50 18 Wise

2330 3251 83 24 Virgins'
2443 3252 46 17 bath
2499 3258 32 11 are
2539 3254 35 16 not
2582 3253 85 23 thought
2675 3255 55 16 much
2740 3255 26 17 of.

2331 3276 39 17 The
2378 3275 129 23 probabilities
2516 3282 32 11 are
2556 3276 43 17 that
2608 3277 14 16 it
2632 3277 38 16 will
2679 3277 23 17 be
2708 3278 60 17 called

2330 3300 33 16 the
2397 3299 47 17 New
2458 3298 97 19 Woman's
2569 3299 112 24 Swimming

2330 3322 61 18 which
2412 3322 15 17 is
2443 3322 47 17 both
2508 3323 121 22 appropriate
2646 3324 37 16 and
2700 3326 56 20 up-to-

2330 3345 48 16 date.

2353 3381 56 19 Prom
2419 3381 126 20 theWaikato
2552 3382 96 19 Advocate
2657 3389 28 12 we
2693 3386 73 16 extract

2329 3406 32 18 the
2375 3406 99 22 following
2488 3406 89 23 obituary
2590 3407 62 17 notice
2665 3407 20 17 of
2697 3413 23 11 an
2735 3408 31 17 old

2330 3428 115 24 Cambridge
2453 3429 84 17 resident
2548 3430 62 17 whose
2626 3430 65 22 family
2700 3431 15 16 is
2724 3431 42 17 well

2328 3452 69 17 known
2403 3452 120 23 throughout
2530 3453 38 17 this
2575 3452 84 24 district;
2721 3460 45 16 very

2328 3476 31 16 old
2366 3476 37 16 and
2410 3476 123 17 well-known
2539 3476 82 17 resident
2627 3477 19 16 of
2652 3476 114 23 Cambridge

2328 3499 34 17 has
2372 3499 67 22 passed
2447 3505 55 16 away
2511 3499 19 17 in
2539 3499 33 17 the
2581 3504 66 18 person
2657 3499 19 18 of
2692 3500 32 17 Mr
2740 3501 24 17 D.

2328 3522 117 17 Carnachan.
2471 3522 39 17 The
2527 3522 95 20 deceased,
2641 3523 41 16 who
2699 3529 38 11 was
2755 3530 10 11 a

2327 3546 64 17 native
2400 3546 20 16 of
2428 3546 96 21 Ayrshire,
2535 3546 76 16 entered
2626 3546 33 17 the
2674 3552 54 16 army
2745 3548 20 16 at

2328 3574 23 11 an
2368 3568 52 23 early
2437 3574 41 17 age,
2494 3568 38 17 and
2549 3568 64 17 served
2631 3569 17 16 in
2667 3569 32 17 the

2328 3592 91 17 Cameron
2428 3591 137 23 Highlanders.
2592 3591 138 24 Subsequently
2741 3593 24 17 he

2328 3621 38 11 was
2373 3615 30 18 for
2412 3620 49 13 'dome
2470 3614 37 18 five
2515 3620 54 17 years
2579 3614 42 18 drill
2631 3614 102 20 instructor
2744 3618 21 15 to

2328 3638 31 17 the
2368 3638 108 17 volunteers
2493 3638 18 17 in
2526 3638 30 16 his
2570 3640 76 20 county,
2664 3638 37 17 and
2717 3639 35 18 emi-

2328 3661 66 22 grated
2417 3662 19 16 to
2456 3661 38 17 this
2523 3661 73 22 Colony
2620 3661 20 17 in
2664 3661 32 17 the
2721 3662 43 23 ship

2327 3681 85 21 Eliorslie
2525 3684 72 17 arrived
2618 3684 20 17 in
2665 3685 99 18 Auckland

2326 3708 40 22 just
2375 3709 22 16 32
2406 3713 7 16 j
2419 3713 40 11 ears
2467 3713 44 16 ago.
2536 3708 69 16 Before
2613 3708 75 22 leaving
2695 3708 23 17 he
2726 3715 37 11 was

2326 3730 98 23 presented
2434 3730 25 23 by
2469 3730 32 18 the
2510 3730 107 18 volunteers
2627 3730 45 18 with
2683 3737 11 12 a
2707 3737 56 17 purse

2327 3754 20 17 of
2368 3754 107 21 sovereigns
2492 3753 37 17 and
2547 3760 11 10 a
2577 3753 102 18 handsome
2697 3755 64 23 family

2326 3777 61 18 Bible.
2420 3776 134 23 Immediately
2571 3777 49 17 after
2636 3777 79 23 landing
2732 3779 31 16 Mr

2327 3800 110 18 Carnachan
2446 3800 77 17 became
2532 3800 103 17 substitute
2648 3800 30 19 for
2692 3807 34 12 one
2742 3802 21 17 of

2327 3823 31 18 the
2368 3823 31 18 3rd
2412 3823 90 21 Waikato,
2513 3823 38 17 and
2560 3823 45 18 with
2620 3824 29 17 Lis
2664 3824 65 23 family
2742 3826 21 16 at

2326 3852 43 11 oner
2381 3852 51 11 came
2446 3852 25 17 up
2485 3847 20 17 to
2523 3846 120 23 Cambridge,
2661 3847 61 17 where
2739 3848 24 16 he

2326 3870 33 17 has
2368 3869 73 18 resided
2450 3869 134 23 continuously
2592 3876 44 11 over
2644 3870 55 17 since.
2725 3871 38 17 For

2326 3893 59 17 übcut
2393 3899 11 11 a
2413 3899 44 15 year
2465 3894 44 21 past
2518 3897 23 12 no
2549 3893 35 17 has
2592 3896 34 14 not
2634 3894 45 16 been
2686 3893 19 18 in
2711 3894 50 22 good

2326 3916 70 19 hedth,
2412 3916 34 16 but
2459 3916 24 16 be
2497 3916 68 21 passed
2582 3922 54 17 away
2658 3917 103 17 somewhat

2326 3939 91 22 suddenly
2427 3945 23 11 on
2460 3939 99 22 Thursday
2568 3940 80 22 evening
2657 3940 20 17 at
2685 3940 32 16 the
2726 3946 35 17 age

2326 3963 19 16 of
2355 3963 27 16 77.
2408 3962 38 17 The
2455 3962 90 17 deceased
2554 3962 61 17 leaves
2624 3968 12 12 a
2645 3963 66 17 widow
2723 3963 38 18 and

2326 3991 103 16 grown-up
2450 3985 73 22 family,
2545 3986 104 21 consisting
2669 3986 21 17 of
2706 3992 55 11 seven

2325 4014 43 11 sons
2377 4009 37 16 and
2428 4009 44 17 four
2488 4009 111 22 daughters.
2632 4009 44 17 Two
2693 4009 20 17 of
2728 4009 33 18 the

2325 4031 57 17 latter
2390 4036 31 13 are
2429 4031 82 18 married
2519 4031 39 18 and
2570 4033 19 16 in
2605 4031 101 22 Australia,
2723 4033 38 17 and

2325 4060 35 11 one
2369 4055 16 16 is
2394 4061 11 11 a
2415 4054 73 18 teacher
2497 4054 20 18 in
2525 4054 33 18 the
2565 4054 113 24 Cambridge
2686 4056 74 17 School.

2325 4077 26 18 Of
2362 4078 34 17 the
2409 4083 48 14 sons,
2473 4077 33 17 the
2519 4078 66 19 eldest,
2598 4078 31 16 Mr
2643 4078 40 18 Fox
2695 4078 66 18 Maule

2325 4101 116 18 Carnachan,
2451 4101 16 17 is
2474 4106 25 12 an
2509 4100 62 18 officer
2579 4101 19 16 in
2608 4101 32 17 the
2648 4101 54 17 Land
2712 4101 37 19 Pur-

2325 4123 54 18 chase
2388 4124 119 19 department
2516 4123 95 18 stationed
2620 4126 20 15 at

2829 92 47 17 Miss
2885 92 65 22 Batty,
2960 93 42 17 who
3010 94 16 17 is
3039 96 18 17 at
3071 102 64 17 present

2806 116 20 16 at
2902 115 100 24 Ltuighmn
3029 125 98 15 announcv
3139 115 52 28 h'T'"'-

2805 139 85 21 lingness
2899 141 19 14 to
2928 140 42 21 give
2979 141 67 17 tuition
3057 143 17 16 in
3088 146 58 20 paint;,
3153 136 11 29 t
3172 145 19 21 ,■''.'

2805 167 22 11 or
2835 164 59 14 water
2902 162 87 23 colours),
3000 165 62 20 music,
3073 160 54 30 singiii
3130 160 33 26 '.','%

2805 185 38 16 and
2852 185 56 22 fancy
2916 185 57 17 Work.

2829 216 33 17 We
2871 216 48 17 have
2928 218 82 17 received
3020 219 46 18 from
3075 223 31 17 the
3113 226 38 20 offio,
3172 216 2 30 ■

2805 239 85 17 Reviews
2899 240 20 16 of
2927 240 90 21 Reviews,
3027 242 104 24 Melbourne
3146 258 8 10 a
3162 239 24 26 '".''

2805 263 41 16 tion
2864 263 20 16 of
2897 263 33 17 the
2947 263 73 19 various
3036 267 115 25 publications
3161 265 31 29 2

2805 287 60 15 under
2874 287 32 16 the
2914 292 85 16 auspices
3008 289 19 16 of
3043 290 30 16 Mr
3088 292 21 18 W
3130 296 10 12 T
3166 287 1 23 ■

2805 307 158 20 cditor-iu-chief-
2989 311 38 17 The
3036 313 49 18 work
3093 315 18 18 in
3126 308 63 30 ivhil*'

2805 332 76 17 Review
2890 333 16 16 is
2915 334 86 21 engaged
3017 333 16 19 is
3046 333 63 24 indeed
3125 346 38 16 moat
3179 329 12 33 '''

2806 355 98 18 niendable
2913 361 20 12 as
2942 356 14 17 it
2965 357 62 21 places
3036 359 49 18 with;
3088 367 11 11 n
3107 363 28 19 the
3143 373 17 10 «■•
3168 354 16 30 5?

2805 384 92 16 everyone
2906 378 33 17 the
2955 380 41 17 best
3012 379 93 22 literature
3120 388 59 18 obtaii

2805 402 40 16 The
2853 401 124 23 Masterpiece
2986 403 78 24 Library
3079 406 13 19 is
3102 399 7 26 'j
3112 415 9 11 n
3136 399 36 31 ri^'
3173 399 2 31 i
3179 399 4 31 ''

2805 424 70 18 visions
2883 425 38 17 and
2939 427 98 21 comprises
3067 428 14 21 (1
3093 430 5 19 )
3114 433 32 16 T!„,
3159 425 15 22 b'

2805 449 57 16 Poets
2870 446 4 31 ;
2889 448 33 22 (2.)
2936 449 83 23 Popular
3026 446 78 31 Novels;
3118 454 15 23 (3
3142 446 2 31 '
3160 446 27 26 S

2805 472 30 16 for
2844 471 32 17 the
2885 472 73 17 Bairns.
2988 473 92 22 Amongst
3093 478 29 17 the
3135 481 12 13 P
3148 489 5 9 f
3154 471 1 29 ,
3157 490 6 10 e
3181 471 3 29 J

2805 494 48 17 have
2862 496 20 15 to
2891 494 51 18 hand
2951 495 76 20 Lowell,
3038 496 110 26 Longfellow
3156 507 28 16 iru

2805 517 38 17 find
2852 517 56 17 Hood
2918 518 38 17 and
2963 519 31 17 the
3003 522 75 19 present
3090 524 49 20 series
3149 517 38 26 '■»-'''■

2806 538 105 24 completed
2920 541 19 17 in
2949 543 22 15 ,12
2980 543 93 19 numbers.
3097 538 86 29 Auk,:,','",

2806 564 84 22 Popular
2898 562 70 19 Novels
2977 571 28 11 we
3013 566 46 17 have
3144 565 31 25 i*'i,
3180 562 7 13 1
3191 562 3 28 '

2806 587 93 22 Haggard
2907 583 3 33 ;
2946 588 40 17 Ben
3066 590 24 24 by
3099 583 95 33 LeV\S!i

2971 612 37 16 and
3165 613 29 20 <n'

2805 638 33 12 are
2846 634 112 22 necessarily
2975 634 91 25 abridged
3080 640 18 16 to
3112 639 47 21 brin»
3170 632 25 30 ft?

2806 656 67 17 within
2887 657 107 22 possibility
3010 659 19 17 of
3043 656 152 30 publieation°arf!

2806 679 37 17 low
2863 686 50 15 price
2934 681 82 22 charged
3034 684 28 16 for
3082 686 47 20 each,
3147 689 24 19 but
3186 685 9 23 j'

2806 701 52 18 work
2871 703 33 17 has
2919 701 47 20 been
2982 704 49 18 done
3046 706 20 17 in
3082 714 19 11 so
3116 709 53 22 judkir
3189 701 2 30 '

2806 731 79 12 manner
2893 726 44 17 that
2945 727 32 17 the
2986 728 50 17 main
3050 729 77 21 features
3139 726 56 30 andl'

2806 755 89 16 passages
2903 749 20 18 in
2934 750 33 17 the
2983 752 74 17 various
3073 757 90 20 narratives
3173 761 14 17 b«

2806 773 47 16 been
2862 773 104 21 preserved.
2999 774 93 24 Amongst
3107 778 29 18 the

2806 795 30 17 for
2845 795 32 18 the
2886 795 67 19 BalrnS
2982 803 28 11 we
3026 797 40 19 find
3081 801 68 22 JEsop's
3155 799 40 24 tC,,'

2805 818 85 23 Nursery
2899 819 52 19 Talee
2961 820 38 17 and
3008 821 56 23 Fairy
3073 823 64 20 Stories
3142 828 19 18 all
3165 832 12 16 ni
3178 817 16 27 S

2806 842 107 17 illustrated
2922 849 20 11 so
2956 848 20 12 as
2991 845 19 16 to
3024 845 66 18 render
3102 848 45 19 them
3159 857 23 13 itt,

2806 865 39 17 tive
2853 869 20 13 to
2883 865 31 17 the
2923 866 50 17 little
2982 873 50 11 ones.
3057 868 37 18 The
3109 872 38 23 type
3158 865 4 30 j
3163 882 6 11 s
3179 865 16 30 „■!'

2805 888 47 17 bold
2860 889 37 16 and
2907 888 84 19 distinct.
3017 891 56 17 From
3081 893 31 17 the
3120 901 41 14 sumo
3163 888 2 29 '
3170 907 7 10 tJ
3178 901 13 14 K

2806 917 28 11 we
2843 912 48 17 have
2900 912 39 17 also
2948 913 32 16 the
2989 913 40 18 first
3038 915 77 19 number
3123 919 17 17 of
3172 912 2 29 f
3175 924 18 17 jy

2806 934 28 18 cal
2844 935 70 22 Papers
2921 936 29 17 for
2958 936 33 17 the
3099 940 54 21 which
3159 931 36 33 ant

2806 958 66 22 signed
2882 960 19 15 to
2910 958 23 19 be
2942 959 99 22 published
3052 962 46 18 from
3107 963 39 20 time
3153 969 15 16 to
3176 959 19 28 \C

2805 980 20 18 ia
2836 981 54 17 order
2899 983 19 16 to
2927 982 60 19 afford
2996 983 76 18 reliable
3081 985 99 24 information
3194 980 1 29 ■

2806 1006 96 20 questions
2911 1008 85 20 exciting
3005 1007 64 21 public,
3077 1011 82 19 attention
3180 1016 15 14 U.

2805 1028 81 16 number
2893 1028 65 18 before
2966 1035 22 12 us
2996 1030 16 17 is
3017 1031 77 18 entitled
3103 1033 29 17 the

2805 1056 35 16 nig
2852 1050 81 20 Horrors
2943 1053 20 16 of
3088 1056 35 17 and
3135 1058 12 18 is
3158 1067 17 11 w
3194 1050 1 28 '

2805 1074 43 22 peal
2857 1075 30 16 for
2895 1075 85 18 national
2988 1077 62 17 action
3059 1077 19 18 in
3087 1079 47 18 what

2806 1098 50 16 after
2864 1098 90 23 perusing
2962 1099 24 17 its
2994 1104 65 18 pages,
3068 1103 20 15 to
3097 1102 21 17 be
3129 1110 9 11 a
3150 1098 45 28 iia'j.'.,'''

2806 1120 53 22 duty.
2885 1121 64 23 Truly,
2966 1122 31 18 the
3012 1126 75 19 present
3100 1130 86 19 generation
3193 1120 2 30 i

2806 1144 77 17 favored
2893 1150 19 11 in
2921 1145 72 23 having
3001 1147 33 16 the
3047 1147 78 19 choicest
3140 1151 55 22 literatu-.

2806 1168 21 15 of
2835 1168 32 15 the
2877 1168 36 22 day
2922 1169 58 22 ready
2989 1171 20 16 to
3019 1170 50 17 hand
3078 1175 19 14 at
3107 1173 29 17 the
3144 1178 28 16 cost
3179 1178 11 18 of
3194 1168 1 29 i

2806 1190 36 17 few
2852 1196 83 17 coppers,

2888 1222 113 19 WOLFE'S
3018 1224 132 21 SCHNAPPS.

2829 1274 20 18 It
2864 1274 17 19 is
2894 1279 98 20 necessary
3009 1277 42 18 that
3060 1278 25 17 all
3099 1279 38 18 who
3150 1282 40 20 desire
3197 1274 3 30 i

2805 1304 11 11 a
2825 1302 46 18 pure
2881 1300 81 21 genuine
2979 1300 70 21 article,
3068 1303 90 24 especially
3170 1306 30 21 ladies

2805 1322 54 16 when
2868 1322 85 23 nursing,
2964 1323 68 18 should
3040 1324 23 17 be
3080 1326 66 19 careful
3157 1329 15 18 to
3183 1330 17 20 bn»

2805 1345 70 17 bottles
2884 1345 65 18 intact.

2807 1401 133 20 SKETCHES
2963 1405 33 17 OF
3013 1406 84 19 MAORI
3119 1408 78 18 HISTORY

2829 1450 94 23 Recently
2933 1456 28 12 we
2970 1451 37 18 had
3016 1453 32 17 the
3057 1453 81 22 pleasure
3150 1457 16 17 of
3173 1460 31 17 read,

2805 1474 34 21 ing
2849 1474 31 16 the
2889 1474 119 22 graphically
3017 1476 70 18 related
3116 1477 48 25 Story
3169 1481 15 17 of
3191 1482 14 19 Tt

2938 1498 25 22 by
2988 1494 64 28 judge
3076 1500 67 19 Wilson
3162 1504 15 17 of
3188 1505 17 19 tie

2805 1520 69 16 Native
2892 1519 55 19 Land
2963 1522 64 17 Court.
3053 1523 20 17 It
3089 1524 54 18 forms
3158 1533 9 10 a
3177 1531 28 16 most

2805 1543 114 23 interesting
2928 1545 78 22 chapter
3014 1545 19 18 in
3040 1547 52 22 early
3100 1547 43 17 New
3152 1549 53 21 Zealand

2804 1566 73 22 history
2882 1567 36 17 and
2925 1573 71 12 rescues
3003 1569 47 18 from
3057 1569 148 24 thelimboofthina

2806 1590 103 21 forgotten,
2937 1592 84 21 episodes
3042 1592 19 18 in
3078 1594 58 17 Maori
3150 1597 53 19 warfare

2805 1613 38 17 and
2868 1614 126 21 peculiarities
3021 1616 19 16 in
3063 1618 60 16 native
3148 1625 58 14 niannen

2805 1636 36 17 and
2849 1638 81 16 customs
2939 1638 20 17 of
2968 1639 68 17 former
3050 1641 115 21 generations.
3188 1644 19 16 V>

2805 1660 49 17 have
2862 1665 43 12 now
2918 1660 47 18 been
2983 1662 77 17 favored
3074 1664 44 17 with
3132 1670 9 12 a
3154 1672 34 16 copy
3197 1670 10 16 of

2805 1682 32 18 the
2846 1689 50 11 same
2913 1684 84 18 author's
3033 1686 88 19 Sketches
3138 1689 17 16 of
3169 1689 38 20 Maori

2805 1706 42 17 Life
2862 1707 37 17 and
3021 1709 61 18 which
3091 1710 39 19 deal
3142 1712 35 18 with
3190 1714 17 18 the

2806 1729 53 17 Maui
2869 1729 68 21 Maori,
2948 1736 22 13 or
2977 1731 171 24 aboriginalnativo
3155 1736 15 17 of
3176 1736 31 19 these

2804 1752 77 21 islands,
2896 1754 38 17 and
2951 1754 28 18 his
2997 1758 90 20 conquest
3103 1758 34 17 and
3156 1759 53 23 gradual

2804 1776 81 18 mersion
2909 1777 46 17 with
2983 1778 33 17 the
3035 1778 109 21 Hawaikian
3163 1783 45 22 Maori,

2804 1799 39 17 The
2864 1799 106 24 aboriginal
2993 1802 68 18 Maori.
3085 1803 59 25 Judge
3162 1806 46 19 Wilson

2804 1823 43 17 tells
2857 1829 28 14 us,
2894 1829 38 12 was
2941 1825 35 17 not
2982 1830 11 12 a
3002 1827 87 17 cannibal
3097 1828 66 19 neither
3167 1830 24 18 did
3195 1830 14 18 he

2805 1846 47 17 offer
2866 1846 70 19 human
2953 1848 91 19 sacrifices
3061 1850 19 17 in
3095 1857 41 15 war,
3151 1853 57 17 whew

2804 1870 32 16 the
2847 1870 113 18 Hawaikian
2974 1871 66 20 Maori,
3052 1874 53 17 when
3118 1875 21 18 he
3151 1882 39 12 came
3198 1879 11 16 to

2804 1893 53 17 these
2876 1893 63 18 shores
2953 1894 32 17 did
3003 1895 53 18 both.
3082 1898 38 17 The
3133 1899 76 23 aboriginal

2804 1915 62 18 Maori
2874 1916 38 18 had
2917 1922 12 13 a
2944 1918 91 18 tradition
3051 1920 19 17 in
3088 1922 61 18 regard
3165 1915 40 26 to°tl»

2804 1939 74 23 Deluge
2894 1940 61 19 which
2966 1941 54 17 bears
3034 1949 10 10 a
3060 1945 106 19 remarkable
3177 1947 26 17 simi-

2803 1962 58 23 larity
2882 1964 19 16 to
2919 1964 41 18 that
2977 1964 72 19 related
3066 1967 19 17 in
3103 1968 71 19 Genesis.

2803 1985 85 18 believed
2897 1987 18 17 in
2923 1993 11 11 a
2943 1988 69 16 Divine
3028 1989 116 20 Incarnation
3152 1993 29 17 ami
3190 1993 19 18 the

2803 2009 105 19 narratives
2915 2010 21 18 in
2943 2011 26 18 rel
3035 2013 73 19 thereto
3120 2020 28 14 are

2803 2032 37 17 and
2856 2032 93 20 beautiful
2956 2041 18 12 a>
3107 2044 46 18 upon
3160 2046 9 11 a
3180 2038 29 25 high

2802 2056 57 21 plane
2868 2057 20 16 of
2901 2057 88 24 thought,
3006 2062 98 22 compared
3119 2062 40 18 with
3171 2062 38 19 which

2802 2079 33 17 the
2842 2080 134 23 mythological
2983 2083 51 17 ideas
3043 2084 20 17 of
3070 2084 31 18 the
3109 2085 98 22 Eawaikians,

2802 2102 43 17 who
2852 2103 47 17 stole
2913 2104 50 17 their
2977 2108 54 15 atuas
3048 2108 48 17 from
3115 2114 31 12 one
3155 2109 54 19 another

2802 2126 36 16 and
2849 2126 71 17 carried
2936 2128 51 18 them
3002 2130 59 17 about
3075 2131 43 18 with
3133 2132 47 22 them,
3191 2138 18 12 arc

2954 2152 39 18 The
3009 2154 73 18 author,
3087 2155 104 19 shows-how
3198 2156 11 17 in

2802 2172 33 17 the
2844 2178 65 12 course
2918 2175 21 16 of
2947 2176 44 17 time
3000 2176 33 18 the
3047 2178 61 17 fusion
3118 2179 18 17 of
3150 2180 26 16 tin;
3187 2180 22 17 hvo

2802 2196 77 22 peoples
2899 2197 40 18 into
2956 2205 35 11 one
3009 2201 65 17 nation
3092 2203 80 17 occurred
3187 2203 22 17 ami

2802 2219 53 21 gives
2868 2219 53 18 short
2937 2222 35 17 but
2988 2222 113 26 interesting
3117 2228 73 15 accounts
3199 2227 10 16 of

2802 2242 32 16 the
2843 2243 75 18 various
2923 2244 61 24 hapus
2994 2252 21 11 or
3026 2248 63 17 tiibcs.
3114 2249 36 17 The
3155 2253 54 13 account

2801 2266 20 16 of
2831 2265 33 18 the
2879 2266 84 20 Rotorua
2973 2269 48 17 tribe
3032 2269 72 25 though
3115 2272 47 18 short
3167 2273 12 17 is
3188 2273 21 17 Ml

2801 2289 20 16 of
2829 2291 78 16 interest
2916 2291 34 18 but
2965 2293 127 19 considerable
3106 2300 50 18 space
3167 2297 13 16 is
3190 2296 13 17 de-

2801 2312 56 17 voted
2868 2314 19 16 to
2896 2314 33 17 the
2937 2315 58 18 tribes
3004 2317 20 16 of
3038 2317 33 18 the
3085 2317 90 25 Tauranga
3186 2319 18 18 dis-

2800 2335 50 21 trict,
2861 2336 36 18 and
2908 2339 20 16 to
2937 2344 23 11 an
2970 2339 108 22 intelligent,
3087 2341 104 23 disquisition
3196 2348 13 12 on

2800 2358 61 18 Maori
2887 2363 129 17 communism.
3049 2364 39 18 The
3204 2366 5 7 11

2800 2382 48 17 form
2859 2389 10 10 a
2878 2384 87 18 valuable
2971 2386 84 18 addition
3063 2390 19 14 to
3090 2389 46 17 what
3145 2389 64 17 isknown

2800 2406 19 16 of
2828 2406 33 17 the
2876 2407 89 18 old-time
2980 2415 87 13 manners
3082 2413 35 16 and
3132 2417 55 19 usages
3200 2413 9 17 ol

2800 2429 31 16 the
2847 2430 62 17 native
2923 2432 74 22 people,
3007 2434 38 17 and
3062 2435 63 23 seeing
3140 2436 35 17 that
3191 2436 18 17 the

2800 2453 138 21 opportunities
2948 2455 29 17 for
2989 2457 32 17 the
3035 2457 97 19 collection
3148 2459 17 18 of
3177 2459 32 17 these

2801 2474 105 24 fragments
2915 2478 21 17 of
2950 2478 32 18 the
2996 2479 74 20 history
3086 2481 20 17 of
3122 2488 21 11 an
3158 2483 51 17 ancient

2798 2504 42 12 race
2849 2505 31 11 are
2890 2500 37 18 fast
2936 2501 57 23 being
3002 2504 42 18 lost.
3058 2504 64 24 Judge
3147 2506 62 17 Wilson'-

2799 2523 138 19 contributions
2946 2524 19 18 in
2976 2526 31 18 the
3016 2526 50 19 little
3074 2528 48 17 book
3132 2528 51 19 under
3188 2535 14 11 no-

2798 2546 36 17 tice
2843 2546 37 17 and
2890 2547 19 17 in
2918 2548 32 17 the
2980 2549 56 23 Story
3049 2552 20 16 of
3082 2552 24 17 To

2798 2574 31 11 are
2839 2569 26 17 all
2874 2570 32 17 the
2915 2577 52 12 more
2975 2573 91 21 precious.
3101 2575 49 23 They
3163 2575 46 18 should

2798 2592 22 16 be
2838 2592 59 18 found
2915 2600 24 11 on
2956 2595 32 18 the
3005 2595 122 20 bookshelves
3141 2599 19 18 of
3174 2602 35 18 every

2798 2615 64 22 public
2870 2616 71 21 library
2950 2618 19 18 in
2979 2620 31 17 the
3021 2620 77 17 Colony.

2829 2669 35 19 DR
2880 2671 114 19 GINDERS
3008 2674 36 17 ON
3056 2674 53 19 THE
3118 2676 72 18 DRINK

2977 2696 75 18 CURE.

2820 2740 41 18 Our
2867 2739 101 26 TaUranga
2975 2745 143 24 contemporary
3125 2747 51 17 statos
3182 2746 28 17 that

2836 2764 108 22 gentleman
2959 2766 19 17 in
2994 2773 23 11 an
3032 2769 68 17 official
3114 2770 72 22 position
3198 2770 12 17 at

2784 2787 1 28 i
2796 2787 85 20 Kotorua,
2890 2789 14 16 is
2914 2789 83 18 credited
3005 2791 46 17 with
3060 2792 71 23 having
3139 2792 47 19 made
3189 2792 22 18 the

2795 2810 98 23 discovery
2909 2812 43 17 that
2974 2813 71 19 certain
3065 2817 67 17 waters
3151 2817 17 17 of
3182 2816 28 17 that

2795 2833 53 22 place
2862 2836 48 15 have
2924 2834 35 19 the'
2970 2841 64 18 power
3050 2839 20 17 to
3087 2843 90 14 overcome
3189 2839 21 17 the

2795 2855 92 19 alcoholic
3003 2859 59 20 There
3072 2868 57 12 seems
3137 2865 19 16 to
3163 2863 19 17 be
3194 2868 16 11 no

2794 2881 93 21 necessity
2897 2882 29 16 for
2933 2882 68 24 hiding
3007 2884 32 17 the
3048 2885 49 22 light
3106 2887 20 17 of
3134 2886 29 18 the
3177 2891 25 18 gen-

2794 2903 71 18 tlemen
2874 2904 19 17 in
2902 2907 87 21 question
2998 2907 59 18 under
3066 2915 11 11 a
3085 2909 65 19 bushel
3161 2916 18 10 as
3189 2909 21 17 the

2783 2926 1 29 j
2794 2926 98 23 discovery
2900 2927 16 18 is
2925 2931 111 17 announced
3045 2930 19 19 in
3076 2932 43 18 that
3127 2933 64 22 portion
3198 2931 13 18 of

2794 2950 32 17 the
2937 2952 51 18 Year
2996 2954 53 17 Book
3078 2956 109 17 contributed
3194 2956 16 21 hy

2793 2973 29 17 Dr
2831 2973 80 19 Winders
2919 2976 38 16 and
2966 2976 99 23 published
3074 2980 66 16 twelve
3152 2978 58 19 months

2793 3002 43 16 ago.
2862 2997 34 18 AVe
2904 2999 76 21 append
2988 3000 32 17 the
3029 3002 36 16 full
3074 3003 40 17 text
3122 3003 18 17 of
3146 3003 25 17 Dr
3177 3002 25 19 Gin-

2793 3018 48 19 dors'
2850 3023 84 16 remarks
2952 3024 133 24 commending
3097 3026 48 17 them
3161 3023 16 20 fo
3189 3025 21 17 the

2792 3043 138 19 consideration
2940 3046 20 16 of
2968 3046 54 18 those
3031 3046 83 19 desirous
3121 3049 19 18 of
3147 3048 63 18 noatin<;

2792 3072 24 11 an
2955 3070 79 21 Asylum
3041 3072 38 19 Co.,

2791 3089 58 18 latert
2857 3090 97 24 discovery
2963 3092 19 17 in
2996 3095 68 21 regard
3080 3097 20 15 to
3116 3096 31 17 the
3161 3096 41 16 thera-

2791 3113 64 21 peutic
2864 3119 63 16 power
2936 3116 20 16 of
2965 3116 37 17 this
3011 3119 58 16 water
3084 3119 39 22 (the
3140 3117 62 19 Waikiri-

2791 3136 43 20 hou,
2845 3141 22 12 or
2875 3137 55 18 Vaux
2940 3138 70 25 Spring
3022 3142 103 24 supplying
3139 3141 28 18 the
3181 3146 29 12 now

2791 3158 85 24 Sulphur
2884 3161 68 24 Baths)
2964 3163 15 16 is
2996 3163 43 17 that
3055 3165 15 17 it
3079 3160 95 22 'abolishes
3188 3164 23 18 the

2791 3183 78 21 craving
2878 3184 29 17 for
2916 3184 80 19 alcohol.
3022 3187 19 17 If
3049 3188 9 16 I
3067 3188 37 18 hud
3119 3187 52 19 heard
3184 3187 27 17 tliis

2791 3206 48 17 from
2849 3212 35 11 one
2894 3212 20 12 or
2923 3210 38 15 two
2970 3209 113 19 individuals
3093 3213 43 21 only
3146 3212 8 17 I
3163 3210 46 24 might

2790 3229 48 17 have
2848 3229 120 24 disregarded
2978 3232 20 20 it,
3008 3233 33 17 but
3052 3234 80 24 hearing
3147 3236 13 16 it
3172 3240 30 11 com-

2791 3253 76 16 mented
2876 3258 50 17 upon
2937 3255 68 18 almost
3014 3256 51 24 daily
3080 3258 10 17 I
3107 3258 45 18 have
3168 3257 43 18 taken

2790 3276 33 16 the
2832 3276 75 17 trouble
2915 3279 20 15 to
2944 3278 44 17 look
2998 3285 25 17 up
3032 3281 32 17 the
3074 3288 55 11 cases.
3153 3282 38 16 Two
3198 3279 14 18 of

2790 3298 53 18 these
2851 3305 49 12 were
2909 3307 45 16 very
2966 3305 117 19 aggravated
3099 3305 88 22 examples
3198 3302 14 17 of

2789 3321 94 23 inebriety
2893 3324 63 17 whoso
2964 3326 136 22 acquaintance
3109 3329 9 16 I
3126 3327 36 18 first
3170 3326 42 19 made

2789 3344 19 17 in
2818 3345 32 17 the
2860 3346 124 20 Courthouse,
2994 3350 61 16 where
3065 3351 9 17 I
3088 3351 56 17 found
3158 3348 54 25 myself

2789 3368 61 18 under
2858 3369 33 17 the
2900 3370 73 22 painful
2982 3374 92 17 necessity
3083 3375 20 16 of
3112 3374 56 23 fining
3176 3373 34 18 each

2789 3392 21 16 of
2818 3391 52 19 thorn
2881 3393 31 17 the
2921 3395 54 17 usual
2985 3396 20 17 5s
3013 3396 37 17 and
3059 3399 55 16 costs.
3139 3398 62 17 Thevas-

2789 3420 42 12 sure
2841 3421 29 11 me
2884 3416 45 22 they
2944 3418 39 17 find
2999 3419 111 19 themselves
3126 3426 39 12 new
3179 3424 33 13 men

2789 3444 50 11 since
2848 3438 81 23 bathing
2938 3440 20 17 in
2967 3442 52 17 these
3028 3442 79 24 sulphur
3117 3444 58 18 baths,
3183 3441 29 19 and

2789 3460 47 18 hafe
2845 3462 37 17 lost
2891 3462 24 18 all
2925 3464 50 18 taste
2984 3465 36 17 and
3030 3467 59 17 desire
3099 3468 28 17 for
3135 3467 56 23 liquor
3197 3465 15 17 of

2787 3490 57 16 every
2852 3485 52 17 kind.
2930 3487 59 18 Three
2998 3489 54 17 other
3060 3491 81 21 patients
3150 3491 18 16 of
3173 3489 39 18 mine

2787 3509 20 15 to
2818 3508 61 17 whom
2889 3509 9 17 I
2912 3510 61 18 found
2987 3511 15 17 it
3015 3518 97 18 necessary
3126 3516 19 15 to
3160 3512 52 19 advise

2787 3531 48 16 total
2852 3532 109 19 abstinence
2978 3535 120 19 corroborate
3118 3537 36 17 this
3168 3535 37 18 testi-

2787 3559 63 17 mony,
2862 3556 72 21 stating
2943 3557 42 18 that
2994 3558 45 22 they
3046 3559 47 18 have
3099 3559 34 18 felt
3139 3566 22 11 no
3168 3564 35 13 crav-

2786 3582 35 16 ing
2829 3578 30 16 for
2869 3578 108 20 stimulants
2986 3581 50 18 since
3045 3584 56 22 using
3115 3584 31 17 the
3159 3582 51 18 baths.

2787 3599 53 23 They
2850 3607 31 11 are
2891 3606 44 19 very
2945 3604 123 19 enthusiastic
3076 3606 19 17 in
3104 3607 31 17 the
3149 3606 62 18 matter,

2786 3623 38 17 and
2834 3624 56 17 think
2898 3625 43 18 that
2950 3632 24 11 an
2987 3628 72 22 asylum
3079 3630 29 16 for
3124 3629 88 18 inebriates

2787 3646 67 18 should
2865 3648 23 16 be
2897 3649 114 18 established
3020 3652 44 17 hero
3078 3654 19 15 at
3112 3659 49 12 once.

2787 3669 59 18 doubt
2856 3671 32 17 the
2898 3673 77 22 craving
2985 3674 29 17 for
3022 3675 75 18 alcohol
3109 3677 14 16 is
3138 3676 42 23 kept
3192 3679 20 17 up

2785 3692 26 23 by
2821 3699 11 11 a
2841 3695 102 21 congested
2953 3698 49 16 state
3011 3699 20 16 of
3039 3699 33 17 the
3081 3706 75 10 mucous
3163 3704 36 12 mem-

2785 3716 58 18 brane
2860 3718 21 16 of
2893 3718 33 17 the
2935 3721 91 20 stomach,
3037 3728 20 11 so
3066 3723 42 16 that
3117 3723 30 17 the
3154 3723 57 17 MODES

2785 3744 104 13 operandi
2898 3742 21 16 of
2932 3742 53 17 these
2998 3746 68 17 waters
3081 3746 15 16 is
3109 3747 33 16 not
3156 3746 26 17 far
3195 3744 15 17 to

2785 3762 53 20 seek;
2853 3764 32 16 the
2901 3766 109 22 congestion
3025 3767 15 18 is
3055 3769 79 17 relieved
3147 3768 24 23 by
3186 3766 25 19 tho

2784 3786 94 21 powerful
2891 3787 145 21 determination
3050 3793 21 15 of
3084 3792 56 18 blood
3153 3794 19 14 to
3185 3789 26 19 the

2784 3808 42 17 skm
2846 3810 96 21 produced
2959 3811 26 22 by
3001 3813 33 18 the
3050 3813 61 20 baths.
3144 3815 21 17 In
3180 3813 31 18 like

2784 3837 79 12 manner
2876 3833 136 21 haemorrhoids
3026 3843 31 12 arc
3074 3839 56 17 cured
3145 3838 24 22 by
3183 3841 28 13 our

2784 3854 41 17 acid
2836 3857 67 16 waters
2913 3857 48 18 from
2971 3859 32 17 the
3012 3860 53 18 relief
3078 3861 81 18 afforded
3172 3864 17 14 to
3202 3865 8 10 a

2784 3879 102 21 congested
2901 3879 52 20 liver.
2987 3883 44 17 This
3048 3885 68 17 should
3132 3885 22 17 be
3168 3881 42 25 good

2784 3906 50 12 news
2844 3903 20 15 to
2874 3902 32 18 the
2919 3904 153 21 Prohibitionists
3080 3902 4 26 ;
3103 3908 36 17 and
3151 3907 19 17 iu
3184 3906 27 17 tho

2784 3926 55 15 event
2848 3926 20 16 of
2876 3926 50 18 their
2933 3926 81 27 floating
3020 3936 25 11 an
3052 3931 88 17 inebriate
3147 3929 65 24 asylum

2783 3951 100 21 company,
2895 3950 9 16 I
2922 3951 48 17 shall
2984 3954 67 21 expect
3064 3956 21 15 to
3102 3954 23 18 be
3140 3959 56 13 reinc:
3207 3950 2 25 •

2783 3970 57 18 bered
2853 3972 20 17 iu
2888 3973 33 17 the
2934 3974 122 20 distribution
3073 3977 20 17 of
3109 3975 100 25 promoters'

1242 26 60 24 THE
1329 24 53 26 fit)!
1382 23 4 29 1
1412 24 94 25 Laßes
1534 23 173 29 chronicle,
1736 24 189 27 Wednesday,
1954 28 74 21 july
2058 31 29 21 is,
2106 30 49 17 isos

68 202 101 17 TINION
182 202 140 16 STEAMSHIP
336 198 114 19 COMPANY
468 197 29 17 OF

75 217 25 23 U
151 223 58 16 NEW
221 223 115 16 ZEALAND
345 221 79 17 Limited.

195 283 186 20 miiremmw-

66 598 158 27 TJUDDAKT,
250 596 110 19 PARKER,
383 595 53 17 AND
457 594 31 18 CO

80 622 32 20 [J.
226 620 108 23 (limited),

87 667 94 22 Splendid,
192 665 162 24 'Well-appointed
359 664 93 19 Steamers
457 663 39 18 will

63 692 22 16 bo
94 690 114 23 despatched
216 691 49 16 from
274 691 118 17 Auckland,
402 693 20 11 us
437 687 59 17 under

62 714 90 23 (weather
167 713 38 17 and
224 713 54 17 other
294 711 143 19 circumstances
452 715 32 18 per-

62 734 86 25 mitting)
155 742 28 11 :

62 760 42 18 Foe
110 759 135 20 GISBORNE,
252 758 104 19 NAPIER,
363 756 115 18 WELLING-

84 783 57 20 TON,
151 782 158 19 LYTTELTON,
320 782 15 16 &
344 780 126 20 DUNEDIN,

65 807 114 16 Tasmania.
188 806 126 17 ...Tuesday,
322 803 46 22 July
376 805 26 18 14,
412 804 19 16 12
438 809 56 10 noon.

66 830 99 20 Anglian,
175 830 101 17 Tuesday,
290 828 46 21 July
344 828 28 17 28,
384 827 19 16 12
415 831 56 13 noon.

189 875 51 17 POR
255 873 111 20 SYDNEY,

108 897 115 25 (Returning
235 900 19 15 to
263 896 99 18 Auckland
370 895 79 23 Direct.)

63 922 93 22 Carrying
175 922 113 21 Passengers
309 921 30 16 for
360 919 134 20 MELBOUEXE,

75 945 53 17 oilier
133 946 131 16 AUSTRALIA*
271 943 71 20 POETS,
350 943 132 19 iindHoiiAßT,

65 973 95 17 Anglian
216 972 96 19 Monday,
328 970 46 22 July
393 970 26 21 13,
430 971 10 15 4
449 975 45 16 p.m.

64 996 106 17 Tasmania
218 995 97 19 Monday',
330 993 47 22 July
389 993 28 19 27,
426 995 11 15 4
448 998 45 17 p.m.

87 1023 32 17 All
127 1022 74 17 Tickets
207 1028 31 12 are
247 1021 92 17 available
348 1021 38 16 also
401 1020 29 17 for
439 1020 44 20 Stop-

64 1052 44 11 over
116 1051 21 12 or
146 1045 70 18 Return
231 1045 26 23 by
267 1045 55 16 ANY
339 1044 84 17 UNION
437 1042 57 19 CO.'S

66 1068 137 21 STEAMERS,
214 1069 36 16 and
258 1068 75 17 holders
342 1067 20 18 of
370 1066 66 19 U.S.S.
453 1066 41 18 Co's

64 1092 75 18 Tickets
158 1098 44 15 may
219 1091 59 17 travel
294 1091 26 22 by
341 1090 116 17 ANGLIAN
475 1095 20 11 or

63 1115 139 17 TASMANIA.

160 1144 21 16 L.
196 1143 23 17 D.
230 1143 107 17 NATHAN
351 1143 14 17 &
379 1142 45 20 CO.,

391 1165 78 19 Agents.

200 1218 95 30 rpHOS.
317 1217 69 18 COOK
407 1218 14 15 &
445 1216 48 17 SON

166 1257 23 22 3i>
238 1267 52 15 BOOK
303 1267 96 15 PASSAGES
411 1267 41 13 AND

264 1291 75 14 SECURE
351 1290 77 14 BERTHS

224 1311 32 17 AT
268 1310 103 18 LOWEST
384 1308 79 19 RATES

62 1340 26 13 BY
102 1340 16 13 P.
129 1336 14 17 &
153 1339 17 13 0.
180 1339 36 16 CO.,
226 1338 74 13 ORIENT
309 1338 35 15 CO.,
355 1336 71 14 DIRECT
435 1336 57 13 LINES

152 1362 90 16 OCEANIC,
257 1359 141 17 MESSAGEEIEB,

160 1386 26 17 Or
193 1392 37 15 any
238 1385 37 17 linn
284 1390 20 11 as
313 1383 77 17 desired.

81 1432 86 24 Enquiry
175 1431 77 18 invited.
268 1430 125 17 Information
402 1428 65 24 gratis.

59 1479 95 19 Intending
161 1482 100 16 passetueis
274 1475 61 17 should
350 1475 51 21 apply
417 1475 26 16 for
459 1480 31 11 our

79 1500 35 16 free
123 1500 28 15 list
160 1499 17 16 of
185 1500 72 15 steamer
271 1498 72 20 sailings
355 1497 33 15 and
397 1498 45 14 fares
451 1499 18 13 at

106 1526 89 17 COOK'S
207 1524 125 19 SHIPPING
345 1523 97 20 OFFICE,

134 1555 22 16 TO
165 1558 41 13 AND
216 1554 21 17 78
252 1553 162 19 QUEEX-STEEET.

88 1582 86 18 Rotoraa
191 1582 86 22 Agency:
291 1580 95 19 Hinenioa
393 1579 67 18 Street.

77 1613 69 17 N.B.—
148 1613 60 15 Drafts
216 1613 34 15 and
258 1612 78 17 Circular
344 1612 54 15 Notes
407 1611 54 16 issued
470 1612 18 14 at

56 1635 60 16 lowest
124 1637 65 14 current
200 1638 49 12 rates.

61 1694 291 46 Ehrenfried
366 1693 121 45 Bros

203 1750 141 23 BREWEES,

137 1782 108 20 ALBERT
261 1781 148 24 BREWERY,

81 1814 216 24 QUIEN-bTREET,
312 1813 156 20 AUCKLAND

79 1867 67 16 WINE
159 1867 49 15 AND
221 1866 78 17 SPIRIT
310 1865 154 21 MERCHANTS,

98 1894 123 17 BOTTLERS
233 1894 50 16 AND
299 1892 144 21 IMPORTERS,

141 1917 26 18 43,
183 1919 132 14 QUEEN-(-TBEET
331 1918 69 12 VVIJAUE.

147 1968 51 11 PEIZK
209 1967 59 12 MEDAL
280 1967 35 11 AND
326 1966 71 12 AWARDS

55 1990 24 15 At
89 1990 27 16 the
132 1990 40 16 folio
174 1989 47 18 wins;
237 1988 111 17 Exhibitions
363 1987 27 17 for
398 1993 32 10 our
438 1987 37 17 well-

149 2011 62 16 known
226 2010 44 16 Bulk
279 2010 32 15 and
322 2009 68 18 Bottled

165 2032 49 15 ALE
226 2032 50 15 AND
287 2030 86 17 STOUT:

56 2059 69 21 Sydney
134 2059 123 16 International
266 2058 106 19 Exhibition,
384 2058 47 16 1879.

56 2080 100 16 Melbourne
165 2080 125 16 International
297 2079 108 18 Exhibition,
415 2080 67 14 18S0-81

56 2101 42 16 New
107 2101 72 16 Zealand
187 2100 287 20 JndustrialExhibition,Welling-

99 2127 34 14 ton,
145 2124 46 15 188.).

54 2144 44 15 New
117 2143 74 18 Zealand
206 2144 32 15 and
254 2145 52 15 South
320 2143 40 16 Seas
376 2143 106 16 Exhibition.

97 2165 86 16 Dunedin.
195 2166 78 15 188!)-90.

54 2186 21 17 In
84 2186 76 17 addition
169 2188 18 15 to
196 2186 54 16 above
257 2186 43 16 have
319 2185 41 17 been
375 2185 79 16 awarded
468 2187 16 14 at

96 2208 105 15 Tasmanian
233 2207 108 20 Exhibition,
368 2206 114 20 Lnunceston,

98 2230 78 15 1891-82.

138 2260 58 16 FIVE
208 2260 70 16 FIRST
295 2258 103 19 AWARDS

252 2286 32 12 FOB

64 2303 67 16 LI'lK
142 2303 110 16 EOIILED
267 2303 57 16 ALES
342 2302 51 16 AND
409 2302 75 16 STOI'T

139 2345 250 33 CHAMPIONSHIP

83 2387 63 23 Gold
160 2387 85 23 Medal
256 2388 27 22 of
294 2387 164 23 Australasia

56 2458 88 23 EUIK
158 2458 70 23 AND
247 2457 144 25 BOTTLID
406 2458 64 23 ALE

143 2510 73 20 Having
224 2515 10 11 a
243 2510 58 21 Largo
310 2510 50 16 Slock
369 2510 18 16 of

162 2542 48 15 ALE
223 2542 50 15 AND
285 2542 82 19 STOUT,

55 2575 68 17 Bottled
132 2576 16 15 in
158 2578 50 17 quart
217 2576 32 15 and
266 2576 37 20 pint
318 2576 66 18 bottles,
400 2576 79 20 specially

53 2597 67 15 brewed
129 2596 26 17 for
163 2597 28 16 the
200 2602 73 11 summer
282 2597 53 17 Hade,
347 2597 53 16 which
409 2602 28 11 are
443 2603 36 10 now

53 2618 103 20 thoioojjhly
165 2619 84 17 matured,
262 2624 30 10 can
307 2618 42 16 with
363 2623 50 16 every
428 2618 43 17 confi-

51 2639 51 16 dence
115 2639 104 17 recommend
235 2646 46 9 same
297 2642 17 13 to
329 2645 118 10 connoisseurs
462 2646 17 10 us

50 2660 61 17 second
120 2664 17 12 to
145 2665 44 12 none,
198 2662 17 15 in
226 2661 28 15 the
263 2660 71 19 Colony.

90 2809 62 13 fUAUE
379 2809 58 15 MARK

201 2925 56 19 ASK
273 2925 52 20 FOR

49 2977 370 45 lIANCOCK
433 2980 28 43 S

171 3050 181 19 CELEBRATED

224 3102 86 31 xxxx

155 3159 210 52 ALES,

51 3269 113 31 FINEST
191 3269 86 32 MALT
299 3270 63 31 AND
379 3269 92 32 HOPS,

84 3357 53 13 TREE
149 3357 54 13 FROM
216 3357 39 14 ALL
268 3358 127 13 ANTISEPTICS
408 3359 25 12 OR

150 3383 139 14 DELETERIOUS
307 3384 64 13 ACIDS.

50 3446 134 33 CAPTAIN
207 3448 82 31 COOK
307 3448 164 38 BREWERY,

147 3491 190 20 NEWMARKET.

152 3549 80 24 FOR
255 3550 114 24 SALE-

49 3600 111 43 I)LANT
175 3602 19 19 in
205 3603 92 24 working
304 3603 58 18 order
371 3603 18 18 in
399 3603 75 25 Taupo,

115 3628 132 24 comprising:

49 3662 11 16 •2
70 3660 111 24 Launches,
192 3668 37 12 one
237 3662 62 24 largo,
309 3669 38 12 one
355 3663 63 22 email,
428 3664 46 18 with

75 3686 49 23 fuel,
138 3688 22 16 !S0
171 3687 45 19 cord
225 3688 21 18 of
255 3688 62 23 wood,
330 3695 25 13 on
363 3688 61 20 hand.

70 3712 78 24 Sailing
157 3711 67 25 Boats,
236 3716 38 16 two
284 3716 33 17 ton
327 3715 55 19 raoh.

49 3741 9 15 4
71 3737 84 25 Pulling
165 3737 60 20 Boats,
236 3740 38 18 and
284 3746 54 19 gear.

49 3764 71 18 House
144 3763 38 19 and
207 3765 82 24 garden,
315 3767 42 17 also
376 3767 98 24 goodwill,

73 3789 93 25 Leaving
176 3795 23 13 on
211 3793 81 16 Recount,
300 3792 20 18 of
331 3792 75 19 health.

171 3815 84 19 TEEMS
268 3815 86 20 CASH.

47 3864 72 26 Apply,

71 3897 89 19 Eickitt
171 3897 15 18 &
195 3896 80 23 Adams,
283 3896 82 25 Agents,
373 3898 76 26 Tunpo.

85 3930 28 16 or,
126 3923 84 18 Glioma;
220 3921 94 25 Habpfm,
325 3923 111 21 Auckland.

149 3972 79 21 BAND
243 3973 34 19 OP
287 3973 84 20 HOPE.

46 4023 45 43 A
107 4022 128 21 CONCERT
252 4023 21 18 in
290 4023 117 19 connection
427 4024 47 19 with

119 4049 34 19 the
164 4048 64 20 ahovG
239 4048 40 19 will
289 4049 48 18 take
347 4049 56 24 place
414 4049 20 19 in
442 4050 32 19 the

46 4073 127 21 Bcho6lroom
185 4082 24 12 on
365 4077 54 20 next,
442 4076 32 18 the

611 98 57 27 ON
687 98 106 27 SALE
811 97 55 27 AT

520 157 70 42 THE
603 157 197 42 CHRONICLE
815 154 133 43 OFFICE,

520 229 209 35 Geyserland,

654 284 179 28 Fiordland,

736 335 214 28 Glacierland.

519 395 52 26 An
584 394 187 26 Illustrated
788 393 111 28 Guide,
919 394 31 25 to

546 427 54 26 the
620 426 116 27 tourist
757 428 121 23 resorts
898 426 34 26 of

614 461 80 24 New
707 460 147 25 Zealand.

541 719 167 42 PUBLIC
724 719 206 42 AUCTION

518 828 152 35 THE
726 826 210 36 TUTOR!*

553 1023 141 25 Further
706 1022 192 32 particulars
917 1022 32 25 in

520 1055 106 27 future
645 1055 91 26 issue.

550 1301 122 23 PUELXC
690 1301 218 23 SCHOOLROOM.

526 1383 92 21 VOCAL
633 1385 47 18 AN]

525 1484 25 19 In
562 1484 33 19 aid
605 1485 21 18 of
639 1484 34 19 the
684 1484 85 25 Library
786 1486 39 18 and
839 1485 95 26 Heading

658 1510 64 20 Room
732 1512 66 18 Fund.

566 1545 115 28 FRIDAY,
695 1546 76 25 JULY
785 1547 33 28 17,
833 1546 67 27 1896.

539 1578 68 21 When
618 1587 12 12 a
640 1580 79 25 Special
729 1580 130 26 Programme
871 1582 40 18 will
922 1582 24 19 be

512 1606 112 24 presented.

565 1640 149 25 Admission:
727 1641 50 19 One
786 1641 96 24 Shilling
883 1640 2 25 -
887 1640 3 25 .

511 1676 61 17 Doors
581 1683 48 16 open
642 1677 46 18 7.30.
713 1677 110 18 Commence
841 1678 10 18 8
868 1677 77 19 o'clock.

515 1725 231 48 Blocker's
795 1727 148 55 Dutet?

648 1783 159 46 Coeoa.

510 1896 139 32 Highest
658 1898 125 25 awards
797 1900 33 24 at
843 1905 101 27 every

632 1947 194 26 Exhibition.

544 1995 64 26 The
621 1996 97 26 latest
731 1997 26 25 is
771 1997 54 26 the
846 1999 96 26 Cross

510 2028 35 25 of
551 2029 111 26 Honor
675 2031 33 24 at
724 2031 54 24 the
799 2032 124 26 Amster-

510 2062 72 25 dam
592 2063 187 25 Exhibition
788 2065 91 30 1895,
888 2066 53 25 the

507 2094 130 32 highest
644 2096 138 31 possible
792 2098 116 25 award.

628 2168 193 25 NOTICE.

510 2217 80 23 nnHE
601 2219 84 20 Owners
696 2221 21 18 of
726 2220 66 21 lolcou
802 2222 63 19 Block
878 2223 39 19 No.
931 2226 6 16 1

515 2240 24 21 J-
576 2245 75 25 hereby
662 2247 64 24 notify
738 2248 44 19 that
798 2255 11 12 a
826 2248 75 26 charge
920 2251 21 18 of

508 2272 22 17 28
541 2271 26 19 Od
576 2271 48 19 each
635 2275 48 17 time
692 2273 40 19 will
742 2274 25 19 be
782 2274 58 19 made
854 2275 32 19 for
901 2282 39 18 any

506 2296 50 20 boat
566 2304 22 12 or
598 2301 86 17 steamer
693 2298 82 27 loading
788 2307 23 12 or
827 2301 113 25 unloading

506 2328 61 19 cargo
579 2330 25 12 on
616 2324 35 19 the
670 2325 63 19 above
753 2326 70 20 beach.
861 2328 21 18 If
899 2328 41 19 this

506 2349 75 24 charge
600 2350 16 18 is
639 2354 35 16 not
693 2352 46 24 paid
760 2353 66 19 action
852 2353 41 20 will
915 2354 25 19 bo
948 2349 1 27 i

506 2374 68 19 taken.

687 2430 141 27 (Metnhiutu.)

531 2453 50 25 July
592 2455 52 23 loth,
658 2457 55 18 189(j.

619 2506 16 19 T
649 2507 21 19 U
684 2507 42 19 IT
739 2508 12 18 I
766 2508 15 18 0
797 2509 26 17 X.

504 2557 94 43 MISS
622 2558 98 23 RATTY,
749 2560 43 19 The
823 2560 113 26 L.ngham,

584 2583 97 27 Rotorua,
702 2586 72 19 wishes
793 2589 20 16 to
834 2588 46 24 give
901 2595 36 11 one

505 2610 88 19 month's
612 2612 74 18 tuition
704 2612 20 18 in
743 2612 100 26 painting,
866 2613 37 25 (oil
914 2620 22 12 or

505 2637 80 24 water,)
597 2639 21 16 to
629 2637 113 25 beginners,
757 2645 21 12 or
788 2639 21 18 in
819 2641 62 17 music
896 2640 40 19 and

505 2662 89 25 singing,
607 2662 79 20 French
695 2671 22 12 or
727 2664 59 25 fancy
795 2666 61 18 work.

583 2694 71 20 Terms
668 2701 56 13 very
740 2702 116 13 moderate.

610 2745 221 22 MASSAGE.

521 2792 76 19 LTISS
616 2791 115 22 FEASEE.
742 2794 97 25 qualified
855 2796 66 20 Ameri-

503 2814 50 20 i-'A
583 2825 36 11 cen
637 2820 111 24 Masseuse,
769 2820 18 19 is
795 2823 139 25 permanently

501 2843 79 19 located
596 2844 20 19 in
633 2844 98 20 Eotorua.
769 2846 40 20 She
834 2848 37 19 has
895 2849 39 18 had

501 2869 139 21 considerable
654 2872 117 25 experience
781 2873 21 18 in
819 2874 34 19 tlio
872 2877 24 16 tr<
904 2878 20 16 at-

501 2898 56 16 inent
576 2897 21 19 of
614 2897 63 19 ladies
688 2898 39 18 and
737 2899 114 24 gentlemen
863 2901 61 18 suffer-

500 2921 36 23 ing
547 2921 51 20 from
618 2923 90 24 Sciatica,
726 2924 148 25 Eheumnti-m,
887 2928 47 18 Stiff

500 2946 73 24 Joints,
596 2948 114 26 Dyspepsia
729 2951 39 19 and
787 2951 28 19 all
832 2952 63 20 forms
914 2954 20 18 of

501 2972 94 21 Nervous
610 2974 112 21 Disorders.

548 3008 95 20 Address
652 3008 4 23 :
672 3010 97 19 GEAND
784 3011 99 20 HOTEL.

571 3060 160 19 FOOTBALL
748 3062 113 21 MATCH.

534 3105 145 23 SATURDAY,
693 3108 67 18 JULY
776 3110 55 21 18th,
846 3111 50 18 1896.

562 3152 72 18 TEAM
650 3155 130 23 representing
801 3156 33 17 the
853 3157 80 18 Maketu

536 3191 5 3 .
569 3175 47 17 Club
625 3176 38 18 will
673 3177 45 23 play
726 3179 75 22 against
809 3180 32 17 the
849 3180 84 18 Rotorua

498 3198 118 18 .Footballers
626 3206 23 11 on
664 3201 32 16 the
710 3201 87 18 Pukeroa
809 3203 84 22 grounds
908 3210 24 11 on

498 3248 113 21 ADMISSION
620 3248 3 28 :
637 3252 75 21 Adults,
724 3253 17 18 Is
749 3248 4 28 ;
775 3254 95 22 Children,
887 3257 44 17 free.

670 3283 19 17 J.
703 3285 28 17 W.
744 3285 116 22 WEBBER,

802 3309 51 18 Hon.
868 3309 39 19 Sec.

560 3353 176 22 OHINEMUTU
745 3356 123 21 AGENCY.

500 3411 76 32 rpHE
608 3414 52 17 HOT
670 3414 83 19 LAKES
762 3416 151 20 CHRONICLE

504 3433 22 21 J.
562 3442 35 11 can
606 3437 22 16 he
638 3438 88 17 obtained
735 3439 20 17 at

575 3472 27 25 J.
623 3473 38 25 H.
681 3474 166 28 LAKIN'S

545 3515 70 18 FERN
627 3517 54 17 AND
695 3518 78 18 CURIO
792 3519 90 20 DEPOT.

923 4206 100 40 Ask
1049 4209 72 39 for
1146 4209 263 42 Hancock's
1443 4212 281 39 Celebrated
1755 4210 191 39 XXXX
1975 4210 115 41 Ales
2118 4215 102 36 and
2253 4214 153 38 Stout.

2862 4044 64 29 £SO,
2944 4046 61 30 £lO,
3020 4048 58 29 £lO,
3095 4049 42 26 £5.

2784 4073 66 20 G:ven
2862 4081 56 19 away
2929 4077 32 18 for
2971 4084 11 12 a
2993 4078 65 25 s-ing-le
3066 4086 66 17 <,niet-s.
3164 4076 46 21 Semi

2784 4102 66 23 stamp
2860 4102 32 18 for
2902 4103 120 23 particulars
3032 4105 39 19 and
3087 4105 91 20 circulars
3193 4107 17 15 to

2784 4124 43 21 Box
2833 4126 50 25 .176,
2896 4127 22 25 P.
2918 4127 34 25 0.,
2967 4130 131 24 Wellington.
