3247 4251
74 100 157 25 EXPLORING
240 99 102 20 ROUND
351 100 76 20 MANA-

209 125 89 20 POURI

70 197 53 22 AMr
133 195 18 19 J.
163 195 23 18 E.
205 194 85 20 Richter
306 195 125 18 contributes
449 196 20 16 to

49 233 21 14 an
81 220 126 25 Invercavgill
224 223 154 22 contemporary
394 226 27 13 pn
435 226 22 12 ac-

48 251 51 21 count
114 248 19 18 of
147 246 32 19 his
195 246 129 24 experiences
339 253 26 12 on
375 252 12 12 a
401 247 68 17 recent

48 278 37 21 tripi
96 274 53 19 when
161 273 25 17 be
196 272 118 24 attempted,
327 271 66 25 r-ingle
402 270 53 19 hand-

48 303 20 20 ed
83 305 18 15 to
118 299 40 18 find
177 304 12 12 a
205 297 123 25 practicable
344 299 57 17 route
415 299 52 16 from

49 328 46 21 Lake
104 324 117 20 Manapouri
231 325 21 16 to
267 324 22 17 th
344 329 16 17 a,
378 322 27 24 by
422 328 44 18 way

48 355 17 19 of
80 353 31 18 the
127 350 97 18 Freeman
240 348 55 19 Bun.
317 352 17 15 to
355 348 112 19 Bradskaw

47 377 64 23 Sound.
139 375 32 19 He
186 381 41 12 was
242 374 145 19 unsuccessful,
400 374 68 24 owing

46 404 57 25 partly
123 404 19 16 to
166 401 34 18 the
224 400 131 24 exceedingly
383 399 85 19 difficult

46 440 9 12 r
57 433 51 17 ature
123 426 21 20 of
159 426 35 19 the
209 428 86 21 country
311 432 25 12 on
353 426 34 18 the
406 428 58 16 route

46 456 32 21 and
87 454 40 19 also
135 455 20 16 to
168 452 31 18 his
206 451 110 23 ill-health,
336 451 89 24 brought
441 458 25 12 on

45 489 21 14 no
74 479 58 20 doubt
147 478 28 24 by
191 478 34 18 the
241 484 100 17 exposure
358 473 40 23 and
415 477 51 19 hard

44 506 51 23 work
109 503 107 21 incidental
234 505 21 17 to
275 503 130 25 prospecting
427 503 40 19 and

45 531 93 24 exploring
155 530 22 18 in
195 529 41 19 this
258 529 47 18 wild
324 531 46 22 part
390 528 24 20 of
425 535 37 13 our

45 558 69 24 Colony.
147 559 5 13 '
165 555 9 19 f
193 555 35 19 the
243 555 89 19 arduous
352 558 72 16 nature
445 555 22 18 of

44 586 32 20 this
86 581 51 21 work
152 581 33 19 Mr
202 581 102 19 Richter's
322 587 45 12 own
384 581 69 25 experi-

44 616 48 16 ences
100 608 45 25 give
154 614 38 12 one
201 613 13 12 a
224 606 53 25 good
284 607 53 18 idea.
359 606 34 19 He
407 607 57 19 made

43 646 10 12 a
60 640 35 16 two
103 633 38 21 and
150 640 11 12 a
171 633 44 18 half
225 632 56 25 days'
290 633 88 25 journey
388 639 28 19 up
429 632 35 19 the

44 664 86 19 Freeman
146 659 62 22 Burn,
226 658 40 19 and
282 658 60 19 could
353 658 59 19 moke
427 658 37 19 but

43 694 31 14 two
90 686 55 19 miles
162 691 93 19 progress
271 684 49 19 each
342 685 46 25 day.
421 684 43 19 The

43 713 47 21 thick
99 712 65 21 forest,
186 711 24 18 lie
227 717 53 17 says,
298 710 17 19 is
330 717 79 12 uneven
424 710 40 19 and

44 737 102 23 obstructed
168 736 47 19 with
238 736 64 19 fallen
323 739 58 20 trees,
398 736 64 23 rocks,

44 766 47 20 holes
106 764 21 17 of
142 762 80 19 vaiious
238 762 50 19 sizes
295 763 41 18 and
346 762 66 24 kinds,
424 762 40 19 and

166 788 61 20 vines,
246 788 34 19 the
304 788 82 19 hatchet
401 788 63 25 being

44 816 77 25 brought
130 814 42 19 into
182 814 103 18 continual
294 821 36 12 use
339 814 21 19 in
370 814 93 24 severing

43 845 52 19 vinos,
107 840 38 19 and
158 840 66 25 twigs.
252 840 34 18 He
299 841 103 17 estimates
419 840 43 19 that

42 872 15 17 iu
66 868 31 19 the
106 867 36 18 five
153 866 49 24 days
215 866 25 18 he
249 872 41 12 was
297 866 110 25 travelling
415 873 47 12 over

44 900 27 15 ten
86 893 54 19 miles
149 892 21 18 of
183 892 78 24 ground
278 892 25 18 he
318 892 105 25 expended
440 899 21 12 as

43 919 50 22 much
109 918 100 19 muscular
229 924 77 19 energy
316 924 21 12 as
355 918 65 18 would
437 918 25 19 be

42 945 82 26 jequired
139 948 20 14 to
176 950 57 17 carry
244 944 32 18 his
290 950 56 19 swag
357 950 48 12 over
424 946 36 17 120

41 973 48 20 wiles
95 977 24 12 on
127 976 11 12 a
146 969 50 25 good
206 969 54 19 road.
354 970 21 18 of
382 970 35 19 the
422 970 39 19 five

41 997 47 20 (lavs'
98 995 62 20 travel
171 1002 40 12 was
220 995 115 24 performed
344 996 21 18 in
379 1003 12 11 a
400 999 61 16 storm

41 1024 32 20 and
94 1022 48 22 rain,
160 1021 45 23 and,
225 1021 77 19 unable
323 1028 25 13 on
368 1024 39 17 two
429 1028 22 13 oc-

40 1050 67 20 ensions
117 1051 20 15 to
151 1047 59 19 make
225 1055 10 11 a
252 1048 43 22 fire,
313 1048 34 20 the
365 1048 96 19 situation

41 1082 33 12 was
83 1077 33 17 not
125 1074 56 24 quite
191 1080 22 12 as
222 1074 94 24 pleasant
327 1081 22 12 as
361 1076 25 22 by
405 1074 56 19 one's

40 1101 68 21 fireside
117 1103 21 16 at
149 1100 63 18 home.
249 1099 68 25 Being
326 1102 37 17 wet
374 1100 29 19 all
411 1100 46 24 day,

40 1128 27 19 the
83 1130 35 15 wet
127 1125 74 19 clothes
219 1132 33 12 are
263 1126 62 18 taken
335 1126 29 18 off
373 1133 22 12 as
412 1133 48 12 soon

39 1161 17 12 as
71 1153 31 18 the
111 1154 43 17 tent
168 1151 19 18 is
203 1152 82 24 pitched
301 1152 41 19 and
359 1152 35 24 dry
412 1159 48 12 ones

39 1181 35 25 put.
100 1178 56 18 Then
187 1183 38 13 one
255 1177 18 18 is
298 1178 63 19 rolled
386 1185 28 18 up
439 1178 20 18 in

38 1204 84 21 blanket*
132 1203 40 19 and
181 1203 93 23 oilcloth;
292 1204 49 18 then
351 1211 10 12 a
372 1204 88 25 gorging

38 1231 43 20 meal
90 1230 21 19 of
120 1230 39 18 moi
171 1232 8 16 t
185 1229 88 19 oatmeal
285 1233 36 20 (no
331 1230 36 19 fire
379 1234 21 15 to
409 1230 50 19 cook

36 1258 49 19 other
102 1255 68 26 food);
185 1255 48 19 then
245 1258 21 16 to
283 1256 55 25 sleep
358 1256 40 19 and
413 1262 46 19 pass

36 1284 27 19 the
73 1288 62 17 weary
146 1281 47 26 long
203 1281 66 24 night.
307 1281 25 19 In
342 1282 35 19 the
393 1289 53 12 morn-

36 1311 29 22 ing
75 1308 31 19 the
113 1307 37 25 dry
160 1307 77 19 clothes
247 1310 54 16 must
317 1308 25 19 be
352 1308 62 19 taken
431 1308 28 19 off

36 1342 17 13 as
62 1341 11 12 a
81 1340 76 12 reserve
167 1334 31 18 for
214 1333 35 19 the
268 1336 50 16 next
334 1333 73 26 night;
421 1338 37 21 put

36 1368 20 13 on
73 1360 33 19 the
123 1362 38 16 wet
176 1359 78 19 clothes
269 1359 41 20 and
329 1366 79 13 resume
424 1361 34 18 the

35 1388 83 25 journey.
145 1385 84 25 Twenty
245 1386 61 18 times
313 1392 12 13 a
343 1386 36 25 day
379 1385 4 28 r
400 1386 16 19 is
424 1387 33 18 the

36 1412 84 20 traveller
129 1411 78 19 thrown
217 1416 20 14 to
250 1412 36 19 the
296 1413 78 24 ground
386 1412 27 25 by
424 1413 32 19 his

36 1441 34 18 feet
84 1437 119 26 entangling
214 1438 20 18 in
250 1441 61 19 roots,
322 1439 52 18 from
385 1439 70 23 which,

36 1465 42 19 with
93 1470 12 12 a
125 1463 65 25 heavy
207 1463 85 24 burden,
309 1464 16 19 it
341 1465 58 18 takes
415 1465 42 18 him

35 1490 67 20 several
113 1489 92 19 secconds
215 1493 21 15 to
248 1491 40 18 rise
298 1491 67 24 again.
390 1491 58 18 With

34 1518 15 18 al
58 1517 23 18 he
90 1520 53 15 must
153 1518 34 17 not
198 1515 42 20 lose
250 1516 97 25 patience,
359 1521 34 20 yet
404 1517 51 25 keep

34 1550 22 18 up
65 1543 28 18 his
224 1542 18 19 A
257 1549 47 12 man
320 1543 61 18 needs
396 1546 20 16 to
432 1543 25 19 be

33 1575 62 19 strong
105 1569 20 18 of
135 1567 49 20 limb
194 1568 40 19 and
245 1571 55 16 stout
309 1569 22 18 of
339 1568 57 20 heart
413 1569 43 18 who

33 1599 85 15 ventures
125 1594 43 19 into
176 1594 56 19 these
243 1594 95 19 dreadful
353 1595 102 20 solitudes,

33 1625 28 21 yet
77 1621 32 18 the
127 1623 52 16 taste
193 1621 33 18 for
241 1620 113 20 adventure
370 1622 21 18 in
408 1622 48 18 such

33 1654 39 12 men
83 1653 21 12 as
114 1646 32 19 Mr
156 1646 83 19 Richter
255 1646 16 19 is
287 1653 22 12 so
325 1651 71 21 strong
412 1648 43 18 that

33 1674 20 19 ho
69 1672 146 25 contemplates,
233 1679 22 12 as
273 1673 25 18 do
314 1676 53 16 most
383 1674 20 18 of
425 1674 32 18 his

33 1700 48 22 kind,
97 1698 105 24 returning
217 1699 63 24 again
297 1705 54 12 some
367 1700 40 24 day
426 1700 30 18 for

32 1726 72 19 iuilher
114 1724 143 24 explorations.

54 1751 23 19 In
98 1750 32 19 Lis
149 1750 74 19 travels
241 1751 34 19 Mr
300 1751 84 19 Eichter
400 1758 56 12 came

32 1784 59 13 across
114 1776 76 19 several
212 1777 130 19 remarkable
367 1778 89 18 features

32 1803 57 20 which
101 1804 24 17 ho
136 1802 69 19 thinks
215 1809 47 18 may
272 1806 36 16 tax
324 1804 35 18 the
368 1804 87 19 readers'

31 1828 112 26 credibility,
155 1828 40 19 and
205 1829 73 25 might,
294 1830 79 22 indeed,
391 1830 54 24 po-si-

31 1856 30 19 lilv
71 1856 23 18 do
104 1862 21 12 so
136 1861 51 12 were
197 1855 15 18 it
223 1859 34 15 not
268 1856 44 18 that
323 1863 29 11 we
361 1856 51 19 have
421 1856 35 17 bo~

30 1888 49 13 conie
89 1882 48 18 used
147 1884 20 15 to
178 1880 86 27 hearing
279 1882 21 18 of
315 1882 35 19 the
366 1882 90 19 wonders

31 1910 17 17 of
57 1908 31 19 [lie
98 1908 58 18 West
166 1907 28 19 Co
202 1910 29 16 ist.
261 1908 57 19 Even
328 1908 16 19 if
354 1908 40 19 tbiu
405 1915 51 12 were

30 1939 30 14 not
70 1934 32 19 the
112 1940 46 13 case
167 1933 34 19 the
213 1933 51 20 tales
279 1934 21 19 of
310 1934 96 19 returned
421 1941 24 12 ex-

31 1961 69 25 plorers
122 1959 67 20 would
208 1963 53 16 meet
281 1960 49 19 with
348 1960 108 25 respectful

27 1987 98 22 attention,
143 1986 31 18 for
192 1986 73 19 almost
283 1986 28 19 all
326 1986 21 19 of
365 1988 90 23 mystery

29 2014 39 17 that
78 2012 86 19 remains
172 2014 20 17 to
210 2012 50 19 New
277 2012 91 19 Zealand
384 2012 36 19 lies
434 2012 21 20 in

29 2040 39 18 that
88 2038 48 20 land
161 2038 21 19 of
207 2039 100 24 towering
331 2039 121 22 mountains,

29 2064 74 27 gloomy
114 2071 78 18 gorges,
204 2064 38 20 and
251 2065 61 19 dense
320 2065 63 19 forest
391 2064 64 20 which

28 2092 56 18 forms
95 2091 33 18 the
144 2091 61 19 Fiord
220 2090 97 25 Country.
352 2091 21 19 It
388 2091 17 18 is
421 2091 34 18 the

29 2118 33 18 last
72 2117 58 19 home
147 2117 21 18 of
184 2117 74 24 legend
277 2117 21 19 in
317 2117 41 19 this
372 2116 81 25 Colony,

29 2143 79 24 holding
118 2146 34 16 out
163 2142 82 25 br.ively
262 2143 80 24 against
359 2143 33 18 the
408 2148 36 20 pry-

27 2169 33 25 ing
78 2169 163 19 encroachments
262 2169 21 19 of
302 2169 35 19 the
356 2168 97 25 explorer,

28 2195 35 19 and
73 2202 46 12 ever
129 2195 38 19 and
178 2196 61 24 again
251 2195 101 24 exacting,
364 2202 21 12 as
396 2195 59 19 befits

27 2222 23 18 its
60 2228 72 19 savage
142 2224 78 20 natuie,
234 2221 34 19 the
278 2221 83 25 penalty
371 2221 20 19 of
401 2228 11 12 a
419 2221 36 19 life

27 2248 47 18 from
84 2251 94 20 amongst
188 2248 57 18 those
256 2247 45 19 who
311 2247 48 19 dare
369 2247 25 19 its
408 2247 38 19 soli-

27 2274 59 19 tudes.
126 2275 80 24 Among
227 2273 35 19 the
277 2273 126 25 phenomena
419 2280 24 12 en-

26 2301 103 18 countered
153 2299 27 25 by
203 2299 33 20 Mr
263 2299 84 19 Eichter
369 2300 20 18 in
413 2299 40 19 this

26 2327 65 24 region
102 2333 40 12 was
152 2332 12 13 a
183 2326 63 19 forest
265 2325 93 26 growing
376 2326 66 18 luxuri-

27 2353 52 24 antly
91 2353 86 19 without
194 2352 44 20 soil.
277 2352 49 19 This
345 2353 68 22 forest,
434 2352 21 19 of

27 2378 52 20 birch
102 2381 57 20 trees,
180 2378 26 19 he
225 2378 101 19 describes
344 2385 23 12 as
391 2378 64 25 being

27 2405 81 24 perched
131 2404 56 24 high,
208 2405 55 18 amid
282 2411 10 12 a
318 2404 137 25 surrounding

25 2432 65 22 forest,
100 2437 54 19 upon
164 2437 13 12 a
186 2432 41 24 pile
245 2431 22 18 of
279 2430 58 19 rocks
354 2431 45 18 that
415 2430 39 19 hid

25 2457 47 18 been
83 2457 76 22 hurled,
172 2458 100 18 centuries
283 2459 50 22 past,
352 2457 51 18 from
420 2456 34 19 the

26 2484 100 17 mountain
137 2484 43 18 side
190 2484 43 17 into
250 2484 35 18 the
300 2482 67 25 valley
384 2482 69 19 below.

44 2509 48 18 Like
102 2516 11 11 a
124 2509 123 20 two'storied
258 2510 62 18 house
328 2508 126 20 surrounded

25 2541 22 13 on
58 2536 54 18 three
126 2535 54 19 sides
195 2536 27 23 by
239 2534 113 20 thousands
368 2536 21 18 of
407 2541 36 12 one-

25 2561 70 19 storied
118 2562 114 18 housesa
248 2561 106 20 mountain
371 2561 46 18 wcill
429 2567 26 12 on

25 2587 31 20 the
65 2588 70 18 fourth
147 2588 143 19 sidestands
305 2587 41 19 this
361 2588 55 25 piece
434 2586 21 19 of

25 2614 59 18 forest
107 2613 22 19 of
145 2614 63 18 about
226 2614 55 24 sixty
304 2619 61 17 acres,
386 2613 68 19 whose

25 2644 51 14 roots
86 2640 60 18 touch
157 2647 25 12 no
198 2640 43 23 soil,
260 2640 37 19 but
313 2639 85 19 encircle
415 2639 40 19 and

25 2666 82 18 entwine
135 2668 83 23 octopus
225 2666 104 19 likethe
335 2665 54 25 huge
398 2665 58 19 rocks

25 2698 23 12 on
69 2692 65 19 which
157 2692 34 19 the
210 2693 64 19 forest
292 2698 73 19 grows.
405 2691 50 19 This

24 2717 64 26 clump
97 2719 21 18 of
127 2719 64 18 forest
208 2719 81 19 seamed
305 2720 21 17 to
343 2718 68 19 derive
429 2718 27 18 its

24 2744 120 19 subsistence
154 2748 35 15 out
199 2745 22 18 of
230 2745 35 19 the
276 2744 101 25 humidity
387 2744 21 18 of
421 2744 35 19 the

25 2770 130 25 atmosphere,
168 2771 40 19 and
218 2774 37 16 out
268 2771 22 18 of
305 2770 35 19 the
360 2770 96 19 moisture

24 2797 20 18 of
54 2796 33 18 the
97 2803 80 17 mosses,
189 2797 35 19 Gin
234 2800 21 16 to
265 2797 44 18 12in
318 2797 60 19 thick,
387 2802 58 13 cover-

24 2822 34 25 ing
67 2823 35 18 the
111 2825 60 17 roots.
200 2823 97 19 Between
311 2822 34 20 the
361 2822 57 20 rocks
435 2822 22 19 of

25 2849 37 18 this
73 2854 59 18 mass,
144 2849 54 24 piled
207 2849 101 24 pell-mell
318 2849 41 18 and
373 2848 71 19 hetero-

26 2875 112 25 geneoudy,
161 2875 53 19 exist
238 2875 84 19 cavities
347 2874 39 20 and
404 2880 52 19 open

25 2907 65 18 spaces
100 2901 56 25 large
167 2901 82 25 enough
264 2903 21 17 to
293 2901 82 19 conceal
385 2906 12 13 a
406 2901 41 18 fair-

26 2927 51 18 sized
86 2927 69 19 hou-e.
181 2927 57 19 Here
248 2927 28 19 let
286 2933 31 12 me
328 2929 84 23 suggest
422 2926 35 19 the

26 2953 68 25 theory
104 2953 45 19 that
158 2953 20 19 in
190 2959 55 13 some
254 2953 50 19 such
314 2953 55 25 place
378 2959 23 12 as
415 2952 42 19 this

27 2979 36 18 and
74 2985 10 12 a
95 2980 38 18 few
143 2979 58 19 miles
211 2979 80 19 further
310 2982 20 16 to
346 2979 34 18 the
400 2981 55 20 west,

25 3007 19 16 at
54 3005 52 19 Mica
116 3005 62 23 Burn,
194 3005 107 19 Professor
316 3005 73 19 Brown
409 3011 47 17 may

25 3031 49 18 have
81 3031 39 19 lost
131 3032 32 18 his
172 3031 43 22 life,
227 3031 27 25 by
269 3031 84 25 sinking
366 3030 91 23 through

24 3058 33 17 the
67 3058 126 18 treacherous
204 3063 77 13 mosses
290 3058 95 24 covering
397 3056 56 19 simi

25 3082 29 19 lar
67 3084 89 23 cavities,
175 3090 22 13 as
222 3084 42 18 into
280 3089 12 13 a
309 3084 65 24 living
392 3082 63 19 tomb.

26 3110 24 18 3n
84 3109 48 19 such
167 3117 12 12 a
217 3110 57 24 place
310 3110 34 18 the
381 3109 76 18 human

27 3136 54 18 voice
90 3135 59 20 could
158 3137 35 18 not
204 3135 25 19 be
239 3135 63 19 heard
312 3135 39 19 but
360 3138 20 16 at
389 3141 12 13 a
410 3141 49 18 very

28 3162 53 18 short
91 3162 89 19 distance
191 3161 27 26 by
228 3168 41 18 any
278 3162 21 18 of
308 3161 36 19 the
361 3164 60 23 party
438 3160 21 19 in

28 3188 67 19 search
111 3188 20 18 of
147 3187 48 21 him,
224 3187 105 25 Through,
349 3194 23 12 or
388 3186 70 22 under,

28 3213 38 19 this
76 3213 61 20 serial
147 3214 63 19 forest
220 3220 49 12 runs
281 3220 26 12 an
313 3212 146 26 underground

28 3242 77 21 stream,
117 3240 35 18 the
162 3246 70 13 source
244 3239 41 19 and
302 3239 35 19 the
353 3238 71 20 mouth
439 3239 21 18 of

30 3265 61 20 which
96 3272 34 12 are
134 3265 53 20 alike
192 3266 105 18 unknown
307 3265 59 19 Some
371 3264 89 20 distance

29 3298 25 19 up
64 3292 34 18 the
107 3292 67 24 valley
185 3292 33 18 Mr
228 3291 84 19 Eichter
322 3298 55 12 came
385 3297 54 18 upon
449 3296 11 13 a

29 3317 78 20 natural
124 3318 100 22 fountain,
241 3324 23 12 or
283 3323 77 20 geyser,
380 3317 22 18 of
416 3316 44 19 cold

30 3348 65 19 water,
107 3344 66 19 which
189 3344 66 18 issues
274 3344 52 18 from
344 3350 11 11 a
373 3342 88 19 six-inch

30 3369 44 20 hole
83 3371 21 18 in
114 3370 35 19 the
159 3370 80 23 granite
250 3369 42 19 t-ide
302 3370 21 18 of
342 3369 35 19 the
391 3374 57 13 moun-

31 3397 47 18 tain,
96 3395 40 20 and
152 3396 65 25 rising
233 3398 25 16 -;u
276 3396 41 18 feet
332 3395 41 19 into
388 3394 34 19 the
432 3394 31 19 air

32 3423 45 18 falls
96 3423 42 18 into
158 3425 34 16 tne
220 3425 73 16 waters
312 3421 21 19 of
351 3421 34 18 the
403 3420 59 19 creek

32 3448 79 26 flowing
122 3448 93 19 beneath.
257 3448 59 19 From
329 3447 52 18 what
392 3446 26 19 he
428 3446 23 19 ob-

32 3477 68 17 served
114 3475 35 18 Mr
166 3474 83 19 Eichter
258 3479 56 14 eamc
326 3476 19 15 lo
365 3473 34 18 the
416 3478 36 13 con-

32 3500 73 19 clusion
123 3500 44 19 that
176 3500 41 18 this
227 3499 93 20 fountain
332 3500 17 17 is
358 3498 34 19 fed
408 3498 52 19 from

33 3533 24 12 an
74 3526 87 19 internal
184 3526 105 22 reservoh',
307 3524 65 20 which
393 3524 21 19 in
438 3524 26 19 its

33 3556 45 15 turn
95 3553 17 18 is
128 3552 93 25 supplied
239 3552 28 24 by
282 3551 35 19 the
324 3550 65 23 creek,
406 3556 56 13 some

32 3578 101 20 hundred*
150 3578 21 19 of
186 3578 42 19 feet
250 3584 28 18 up
299 3577 34 18 the
350 3576 113 23 mountain,

32 3605 56 19 when
105 3605 17 18 it
131 3605 18 18 is
158 3604 20 19 in
193 3604 54 19 flood
275 3603 34 19 He
318 3602 43 20 also
377 3602 88 19 believes

32 3631 44 19 that
90 3631 17 19 if
124 3630 100 19 Freeman
241 3630 56 18 Burn
314 3628 58 20 could
388 3628 25 19 be
429 3634 24 12 ex-

32 3657 70 25 plored
118 3663 27 19 up
161 3660 19 15 to
198 3656 26 19 its
241 3661 70 13 sourco
326 3661 54 12 some
398 3653 65 23 grand

33 3682 108 21 waterfalls
158 3682 67 20 would
241 3682 26 19 be
288 3681 70 19 found.
386 3679 48 19 This
450 3679 17 19 is

34 3709 46 25 only
95 3715 37 13 ono
149 3709 22 19 of
180 3709 35 18 the
234 3714 61 18 many
311 3709 73 17 secrets
401 3705 65 19 which

34 3735 40 19 will
83 3742 57 12 serve
156 3742 23 12 as
189 3735 35 18 the
239 3733 101 19 incentive
349 3735 21 15 to
387 3731 69 25 explor-

34 3762 54 18 ation
98 3761 21 19 in
129 3761 41 19 this
183 3763 53 16 most
251 3758 122 25 interesting
389 3757 79 19 district

34 3788 36 23 for,
81 3787 107 25 probably,
207 3792 61 20 many
278 3791 59 20 years
344 3788 20 15 to
378 3790 62 13 come.

494 99 88 20 WHAT
600 99 26 19 IS
645 98 76 20 THAT
744 98 56 20 ONE
818 99 109 20 THING?

492 167 21 19 It
522 173 64 13 seems
601 166 42 19 like
659 173 27 12 an
704 167 113 24 absurdity,
835 169 34 23 yet
887 167 15 19 it
911 167 17 19 is

492 195 44 16 true
546 192 28 19 all
583 192 35 19 the
633 198 62 13 same.
722 193 12 18 I
750 200 58 12 mean
826 195 45 17 that
885 200 42 18 you

490 218 68 24 might
567 218 52 19 have
632 225 11 12 a
666 218 61 19 cellar
740 219 39 19 full
789 221 21 17 of
820 219 56 19 wood
887 219 41 19 and

491 244 41 18 still
541 244 69 18 shiver
619 244 50 19 with
678 244 44 20 cold
732 244 4 26 ;
748 245 41 18 and
802 251 41 19 you
859 245 69 19 would

490 269 17 18 if
516 270 16 18 it
542 275 51 13 were
611 272 37 16 not
665 270 32 18 for
718 276 38 13 one
774 271 66 24 thing.

490 295 43 19 that
551 295 17 18 is
586 301 22 13 bo
633 295 105 23 obv.'ous,"
755 303 40 17 you
818 303 46 17 may
883 303 43 17 soy.

535 327 42 12 was
586 321 74 25 hardly
669 322 65 18 worth
743 322 60 19 while
814 324 20 17 to
844 322 46 19 hint
902 325 22 17 at

490 346 22 19 it.
539 346 102 25 Anybody
651 353 38 12 can
698 353 33 13 see
742 347 17 18 it
770 348 48 18 with
828 348 32 19 his
878 355 47 17 eyes

490 372 54 20 shut.
572 372 34 19 All
623 373 35 19 the
675 373 66 19 better
756 372 33 20 for
800 379 31 13 me
842 373 48 19 then
899 381 5 16 ;
915 374 11 19 I

489 398 68 19 shan't
567 399 52 19 have
635 402 21 15 to
672 399 88 24 explain.
789 399 47 19 And
846 399 27 24 by
889 401 36 18 the

489 430 55 13 same
556 426 109 23 sharpness
679 431 40 18 you
737 425 42 18 will
795 425 26 19 be
837 425 46 19 able
902 428 21 17 to

488 449 47 25 pick
546 453 35 16 out
595 451 34 18 the
645 450 111 22 important
772 451 57 24 point
847 451 21 19 in
885 453 39 17 two

488 476 58 20 short
554 476 70 19 letters
634 475 12 20 I
661 482 33 12 am
712 476 64 19 about
789 479 21 16 to
823 483 50 18 copy
892 477 33 19 for

488 508 46 18 you.

514 527 44 19 The
567 527 43 19 first
616 534 48 12 runs
675 527 47 19 thus
730 527 4 25 :
801 527 118 25 December,

490 555 56 21 1890,
575 560 34 18 my
635 553 102 25 daughter
768 553 53 25 (Mrs
846 554 30 19 M.
901 555 21 19 J.

488 579 92 25 Mutber)
602 583 36 21 got
652 580 43 19 into
709 586 14 12 a
732 579 45 24 low,
794 580 63 24 weak,
876 587 35 13 ner-

487 611 50 12 vous
546 606 109 18 condition.
683 605 32 19 Do
733 606 55 19 what
803 606 35 19 she
855 607 67 19 would

487 630 36 19 she
539 631 59 19 could
614 634 36 16 not
666 634 35 22 get
722 637 27 19 up
768 632 37 19 her
821 632 100 26 strength.

487 656 113 26 Gradually
624 657 36 19 she
687 658 76 18 wasted
784 664 58 18 away
869 659 53 18 until

487 689 99 18 everyone
604 682 90 26 thought
704 683 35 18 she
758 690 42 13 was
816 684 21 19 in
856 691 13 12 a
886 684 24 19 de-

486 708 58 24 cline,
555 708 41 19 and
612 709 41 18 hid
671 712 35 15 not
721 708 49 26 long
784 712 21 16 to
820 710 46 21 live.
895 710 26 19 In

486 734 47 23 fact,
545 735 36 18 she
589 741 40 12 was
644 741 22 12 so
676 734 38 19 low
723 732 40 22 and
773 736 92 24 dejected
885 736 36 19 she

486 759 35 20 did
530 763 35 17 rot
575 767 46 13 care
631 760 91 20 whether
731 761 36 19 she
777 762 53 19 lived
840 769 22 12 or
876 764 42 17 not.

487 786 39 19 She
544 792 41 14 was
612 787 66 19 under
703 793 12 13 a
743 787 69 20 doctor
839 789 32 18 for
889 788 31 19 six

485 812 87 23 months,
584 813 37 18 but
631 813 31 18 his
671 813 109 19 medicines
789 814 36 19 did
840 814 38 19 her
894 821 25 12 no

485 838 59 24 good.
572 838 37 25 My
626 838 96 19 husband
740 839 49 20 then
808 840 51 21 said.
870 840 50 25 'My

485 860 107 29 daughter,
603 864 12 18 I
633 864 41 19 will
688 870 45 14 now
749 872 33 12 see
795 866 53 19 what
859 867 11 19 I
880 873 38 13 can

485 890 25 18 do
519 890 32 18 for
560 890 55 25 you.'
643 889 65 21 What
717 891 25 18 he
753 894 68 17 meant
828 898 40 14 was
874 893 44 18 that

485 916 26 18 he
521 915 67 19 would
602 916 52 19 have
670 916 36 19 her
722 917 48 19 take
790 924 12 13 a
820 918 98 20 medicine

483 941 65 19 called
559 941 4 28 '
573 941 81 19 Mother
664 942 84 25 Seigel's
765 943 96 20 Curative
877 944 26 25 Sy-

484 968 52 25 rup.'
564 967 34 20 He
608 967 40 20 had
658 968 51 19 used
723 968 16 19 it
758 969 82 20 himself
859 971 57 19 when

485 994 24 19 he
520 1000 40 13 was
570 994 28 22 ill,
610 994 40 19 and
660 994 89 25 thought
759 995 16 19 it
782 996 67 25 might
856 1002 60 19 prove

483 1026 23 12 as
516 1019 106 19 beneficial
632 1023 20 16 to
662 1020 37 19 her
709 1027 22 12 as
741 1021 15 19 it
772 1021 41 19 had
828 1025 21 15 to
866 1022 48 18 him.

535 1046 44 18 Mrs
589 1046 84 19 Muther
684 1046 44 19 said
738 1047 36 18 she
788 1054 40 13 was
838 1048 78 25 willing

483 1074 21 16 to
513 1073 33 23 try
555 1072 35 18 the
600 1072 73 25 Syrup,
685 1072 100 26 although
792 1073 36 20 che
836 1074 41 19 had
882 1074 26 19 lit-

483 1097 27 19 tle
519 1104 23 12 or
551 1103 26 13 no
588 1098 54 19 faith
655 1098 22 19 in
693 1098 26 19 its
735 1098 85 26 helping
838 1107 37 12 one
894 1107 22 13 as

483 1122 40 20 bad
533 1130 22 12 as
565 1123 35 19 she
611 1130 46 13 was.
687 1124 40 19 For
735 1125 18 18 if
762 1125 36 19 she
804 1126 64 25 really
875 1126 41 20 had

482 1149 140 25 consumption
633 1157 30 12 we
673 1150 58 19 know
741 1151 57 19 there
808 1152 17 19 is
834 1159 27 12 no
869 1159 46 13 cure

482 1175 32 19 for
524 1175 51 19 that.
603 1175 37 26 My
649 1176 101 23 husband,
762 1177 97 25 however,
880 1181 36 22 got

482 1208 12 12 a
504 1201 64 19 bottle
578 1201 53 19 from
641 1202 34 18 Mr
685 1201 82 24 Hulme,
779 1203 34 19 the
824 1204 89 24 chemist,

482 1227 20 19 in
514 1227 102 19 Rochdale
626 1227 64 24 Road,
706 1228 40 19 and
762 1235 34 19 my
815 1230 101 26 daughter

482 1253 67 25 began
559 1253 74 26 taking
641 1254 23 18 it.
693 1254 60 19 After
762 1254 34 20 the
810 1256 44 19 first
870 1258 34 19 bot-

481 1279 28 19 tle
519 1286 29 12 we
559 1286 40 12 saw
610 1286 11 12 a
631 1282 57 23 great
697 1281 153 24 improvement.
875 1284 40 19 She

481 1305 59 19 could
549 1308 39 20 eat,
600 1306 39 18 and
649 1306 34 19 the
694 1306 48 19 food
752 1308 73 20 caused
835 1308 37 21 her
889 1317 26 12 no

481 1331 54 25 pain.
553 1331 40 19 She
600 1331 109 19 continued
719 1333 49 19 with
775 1333 41 19 this
825 1336 88 25 remedy,

481 1357 40 19 and
532 1357 106 26 gradually
648 1358 75 25 gained
734 1361 98 24 strength,
844 1362 38 19 but
899 1362 16 19 it

481 1383 47 19 took
537 1390 55 12 some
602 1383 49 19 time
669 1386 20 17 to
706 1384 61 25 bring
784 1385 36 21 her
842 1388 64 20 round

481 1409 35 19 she
527 1416 41 12 was
579 1416 21 12 so
610 1416 49 18 very
668 1409 40 19 low
716 1411 42 18 and
765 1413 62 19 weak.
856 1415 59 19 After

481 1442 11 12 a
502 1435 48 19 time
561 1435 37 20 she
607 1442 41 12 was
660 1435 46 20 able
716 1439 21 16 to
751 1440 35 22 get
795 1439 62 20 about
875 1441 40 19 and

480 1468 61 13 never
550 1462 73 19 looked
635 1462 76 19 behind
721 1463 42 19 her.
792 1465 58 19 Since
866 1467 48 19 then

480 1487 36 19 she
528 1488 37 18 has
575 1488 51 19 been
641 1490 71 24 atrong
728 1489 40 19 and
788 1492 52 19 well.
875 1493 40 19 We

480 1513 52 19 have
543 1514 42 19 told
595 1520 62 18 many
671 1521 85 18 persons
772 1516 44 20 how
835 1519 80 19 Mother

480 1539 85 25 Seigel's
575 1540 67 25 Syrup
651 1541 90 19 restored
757 1542 36 20 her
810 1546 21 18 to
850 1545 65 19 sound

480 1566 75 23 health,
570 1566 40 19 and
629 1572 35 13 are
683 1567 79 26 willing
782 1576 40 17 you
842 1571 73 19 should

480 1587 82 29 publish
579 1592 41 19 this
638 1594 110 18 statement
765 1595 22 19 of
807 1596 35 19 the
857 1597 56 19 facts.

480 1618 94 24 (Signed)
584 1618 62 24 (Mrs)
659 1618 103 26 Margaret
776 1622 93 24 Watson,
883 1624 29 23 11,

480 1644 61 25 Ruby
551 1644 73 23 Street,
635 1641 62 28 Bury,
709 1646 43 18 Oct.
764 1648 41 21 Bth,

562 1670 77 23 March,
654 1671 70 22 1893,''
736 1678 46 18 says
791 1674 35 19 the
842 1676 73 18 second

479 1696 64 23 letter,
576 1696 10 19 I
598 1696 66 25 began
675 1699 20 16 to
706 1697 35 19 fail
756 1698 21 20 in
792 1700 76 20 health.
903 1702 12 19 I

479 1722 57 19 could
548 1725 34 16 not
593 1729 36 18 say
638 1722 79 25 exactly
728 1724 54 21 what
798 1726 54 20 ailed
873 1734 38 13 me.

480 1749 10 18 I
501 1748 37 19 felt
548 1749 44 22 low,
605 1749 57 19 weak
673 1750 37 18 and
722 1750 52 21 tired
784 1752 40 19 and
835 1752 41 20 had
887 1760 26 13 no

480 1775 93 24 strength
582 1776 33 18 for
625 1775 102 24 anything
769 1777 36 26 My
824 1780 91 24 appetite

480 1800 34 19 fell
525 1806 63 19 away,
600 1801 40 19 and
652 1801 54 19 what
716 1801 53 21 little
786 1805 47 18 food
850 1805 12 19 I
882 1808 33 17 ate

480 1833 51 17 gave
541 1834 32 12 mo
583 1830 58 21 great
652 1827 48 24 pain
710 1832 22 14 at
749 1830 34 18 the
800 1831 56 19 chest
874 1832 41 19 and

480 1853 48 19 side.
558 1853 35 24 My
604 1853 65 19 bauds
680 1854 39 18 and
734 1854 41 20 feet
792 1863 51 13 were
862 1858 51 21 cold,

479 1879 40 18 and
529 1879 71 24 nearl}'
610 1879 27 19 all
648 1879 33 19 the
691 1880 69 20 colour
775 1883 36 19 left
828 1890 38 13 me.
903 1884 12 19 I

480 1911 40 12 was
530 1905 56 19 often
605 1905 21 19 in
646 1912 22 13 so
684 1909 58 21 great
761 1909 46 24 pain
826 1909 11 19 I
855 1910 60 19 could

480 1931 71 24 hardly
562 1931 26 19 do
598 1938 39 19 any
649 1932 61 19 work.
740 1934 11 18 I
763 1941 40 12 was
810 1935 91 26 frequent-

480 1956 19 26 ly
509 1957 49 23 sick,
576 1957 41 19 and
632 1958 60 19 could
709 1958 52 27 keep
780 1968 25 12 no
825 1962 51 19 kind
894 1963 21 18 of

479 1983 48 18 food
537 1983 66 18 down.

527 2009 11 19 I
548 2011 36 22 got
595 2009 80 20 weaker
685 2010 41 19 and
735 2019 30 12 we
772 2012 48 24 .ker,
833 2014 19 19 in
862 2014 52 25 spite

478 2035 21 19 of
509 2035 28 19 all
547 2036 45 18 that
605 2042 40 13 was
655 2036 58 23 done,
733 2038 40 19 aud
791 2039 39 19 had
890 2040 24 19 be

478 2067 37 13 OFF
524 2067 31 13 MY
564 2067 61 13 WORK
643 2068 40 13 FOR
699 2068 118 17 SEVENTEEN
836 2072 77 13 WEEKS.

478 2085 25 21 In
514 2087 41 19 this
567 2094 44 18 way
620 2087 12 19 I
643 2090 53 17 went
712 2096 27 12 on
754 2090 51 20 until
824 2091 75 20 Novem-

479 2112 35 20 ber
523 2113 22 19 of
556 2113 35 19 the
601 2120 55 12 same
668 2118 133 20 yearl93.
830 2117 56 20 Then
902 2118 11 18 I

478 2138 108 26 happened
596 2143 20 15 to
626 2140 48 18 read
690 2141 62 20 about
770 2143 82 19 Mother
869 2144 33 19 Sei-

478 2165 51 25 gel's
539 2167 67 23 Syrup
619 2165 40 20 and
668 2166 55 20 what
733 2169 15 18 it
758 2168 41 20 had
808 2169 52 20 done
881 2170 33 19 for

478 2191 67 19 others
556 2191 101 23 suffering
668 2192 41 20 like
719 2200 32 13 me
786 2195 11 19 I
806 2198 35 21 got
849 2202 11 12 a
868 2196 35 18 bot-

478 2217 27 19 tle
518 2218 21 18 of
548 2218 42 19 this
600 2218 99 20 medicine
709 2221 50 18 from
773 2221 30 19 Mr
814 2221 34 20 W.
857 2222 44 23 Hey-

479 2244 62 22 wood,
554 2250 75 18 grocer,
649 2245 21 18 in
686 2245 86 20 Oldlmm
790 2247 63 23 Eoad,
874 2248 40 19 and

478 2270 54 18 after
542 2270 74 24 taking
626 2271 46 24 only
685 2272 34 19 the
730 2273 43 18 half
784 2274 20 17 of
814 2274 16 18 it
848 2274 11 18 I
878 2274 37 19 felt

478 2296 60 18 much
549 2296 73 19 better.
633 2296 11 19 I
653 2298 60 19 could
724 2302 33 16 eat
768 2299 84 19 without
860 2300 53 25 pain,

477 2322 41 18 and
540 2329 42 12 was
600 2325 94 23 stronger
723 2325 39 19 and
782 2325 92 26 brighter
893 2326 21 19 in

478 2354 60 18 every
549 2355 50 18 way.
627 2348 70 21 V/hen
707 2350 11 19 I
729 2351 39 19 had
779 2352 87 19 finished
880 2352 35 19 the

478 2373 64 20 bottle
552 2374 11 19 I
576 2381 39 13 was
624 2375 57 25 quite
691 2377 67 22 cured,
768 2378 38 18 and
815 2378 52 19 have
874 2378 41 19 had

478 2407 26 11 no
512 2402 71 17 return
593 2401 22 18 of
633 2401 34 19 the
686 2404 110 24 complaint
815 2404 60 19 since.
903 2404 11 19 I

478 2426 52 18 have
539 2426 43 19 told
592 2433 62 19 many
664 2429 69 18 others
742 2429 63 20 about
816 2430 54 19 what
879 2430 35 19 the

478 2452 66 25 Syrup
554 2453 35 19 did
600 2453 32 19 for
642 2461 37 16 me,
690 2455 40 19 and
750 2458 35 16 out
803 2456 21 18 of
840 2456 63 19 thank-

478 2478 78 19 fulness
565 2479 12 19 I
587 2486 32 12 am
631 2480 78 25 willing
719 2488 33 17 my
763 2482 59 18 letter
841 2482 73 19 should

479 2504 24 18 be
513 2505 60 19 made
582 2505 77 25 public.
676 2506 96 26 (Signed)
785 2507 51 19 Miss
846 2508 67 23 Lydia

481 2531 21 18 E.
512 2530 87 24 Morton,
613 2530 17 27 1,
642 2532 88 20 Greaves
742 2536 70 21 street,
829 2534 72 19 Middle-

478 2559 34 16 ton
523 2557 103 23 Junction,
638 2564 49 14 near
695 2559 135 24 Manchester,
850 2560 48 19 Octo-

478 2582 36 19 ber
528 2584 52 20 10th,

505 2609 53 19 Both
568 2610 58 18 these
636 2611 63 19 ladies
707 2618 35 17 say
753 2612 43 18 that
805 2611 49 26 they
862 2618 53 13 were

478 2641 49 18 very
545 2637 63 22 weak,
627 2637 40 19 and
746 2637 52 19 their
819 2638 97 19 foodof

479 2661 66 19 which
554 2661 50 25 they
613 2663 59 19 could
683 2663 37 19 but
731 2663 47 19 take
797 2663 116 20 littledid

478 2687 56 19 them
544 2694 27 12 no
582 2689 58 24 good.
661 2689 25 19 In
697 2689 35 19 the
742 2689 61 19 midst
813 2689 21 19 of
844 2690 70 25 plenty

478 2713 49 25 they
538 2720 53 13 were
601 2715 88 24 actually
697 2715 96 23 starving.
822 2716 24 18 So
855 2716 60 19 much

478 2739 76 19 wasted
565 2746 41 13 was
616 2747 38 13 one
664 2741 21 19 of
702 2741 55 19 them
778 2741 44 19 that
838 2742 17 19 it
874 2748 42 12 was

478 2765 94 20 believed
582 2766 36 20 she
630 2767 39 19 had
688 2767 148 25 consumption.
873 2768 43 18 The

478 2793 61 18 event
549 2792 82 20 showed
641 2793 45 19 that
700 2793 49 25 they
759 2793 49 20 both
827 2794 88 19 suffered

478 2818 53 19 from
551 2818 116 26 dyspepsia,
692 2819 41 19 aud
756 2820 87 24 nothing
866 2820 48 19 else.

479 2844 41 19 But
530 2844 45 19 that
584 2851 41 13 was
634 2846 57 24 quite
702 2846 80 24 enough
791 2844 3 26 ;
820 2846 40 18 and
880 2846 24 18 be-

479 2870 53 19 sides
542 2870 16 19 it
568 2871 57 19 often
646 2878 49 12 runs
714 2871 43 19 into
775 2872 140 24 consumption

479 2896 40 19 and
529 2896 59 19 other
597 2897 51 19 fatal
659 2897 104 19 maladies.
791 2898 31 24 By
840 2898 76 21 setting

479 2922 34 19 the
537 2923 92 18 stomach
646 2923 57 24 right
732 2923 81 19 Mother
832 2924 84 25 Seigel's

480 2948 67 24 Syrup
556 2948 53 24 fully
619 2950 62 18 cured
688 2949 56 19 them
754 2950 56 19 both.

506 2974 60 19 Coals
576 2974 41 20 and
626 2975 57 19 wood
693 2981 34 12 are
737 2975 76 19 useless
827 2975 87 19 without

480 3007 69 13 means
560 3003 20 16 to
590 3001 55 26 light
653 3007 13 13 a
674 3001 37 19 fire
719 3001 4 26 ;
738 3001 41 19 and
793 3001 63 19 bread
876 3001 42 19 and

480 3029 55 17 meat
544 3033 35 13 are
594 3033 23 13 as
635 3027 88 25 nothing
740 3027 69 19 unless
829 3033 29 13 we
877 3033 37 13 can

480 3059 72 13 digest
562 3053 57 19 them
627 3053 40 19 and
683 3053 59 19 make
759 3053 55 19 them
833 3055 47 23 part
897 3053 21 19 of

481 3086 37 12 our
526 3079 52 19 flesh
588 3079 41 19 aud
639 3079 58 19 bone.
725 3079 54 19 That
796 3080 17 18 is
830 3086 48 18 easy
897 3081 21 16 to

481 3112 33 12 see
524 3105 40 19 and
571 3105 110 25 important
691 3107 21 17 to
721 3105 119 19 remember.
869 3104 49 20 And

481 3131 16 19 it
512 3131 18 19 is
546 3131 27 19 its
590 3138 68 18 power
674 3133 21 16 to
710 3131 48 25 help
774 3133 72 17 nature
862 3131 56 19 work

482 3157 41 19 this
530 3157 167 19 transformation
705 3157 46 19 that
759 3157 70 19 makes
838 3157 82 19 Mother

483 3183 85 24 Seigel's
601 3183 66 25 Syrup
706 3189 21 13 so
761 3183 113 19 wonderful
909 3189 11 12 a

483 3209 89 24 remedy.

946 98 1 31 j
953 99 71 21 beach.
1060 101 26 19 In
1095 101 35 19 the
1139 101 94 25 morning
1240 102 26 18 ho
1276 101 65 19 found
1350 101 21 19 be-

952 128 66 17 tween
1028 126 36 20 the
1073 127 50 19 sand
1139 127 40 19 and
1189 127 34 19 the
1242 127 54 23 boat,
1317 127 65 19 which

952 158 44 13 now
1014 152 35 25 lay
1065 153 44 18 1000
1109 153 23 18 ft
1148 153 28 18 off
1195 153 65 23 shore,
1271 159 14 12 a
1303 154 79 24 rugged

951 183 55 14 mass
1021 179 21 18 of
1056 179 48 18 rock
1122 178 83 19 covered
1223 178 49 19 with
1291 179 91 19 seawood

951 203 41 18 and
1001 205 109 24 swarming
1119 204 48 19 with
1177 204 93 22 lobsters,
1289 204 91 23 mussels,

950 228 65 23 crabs,
1035 230 40 18 and
1093 237 50 12 even
1160 230 40 18 fish
1217 230 46 19 that
1283 230 41 18 had
1343 230 29 19 evi-

950 254 71 25 dently
1029 254 53 20 been
1091 256 59 19 lifted
1159 262 27 18 up
1202 256 53 18 from
1264 256 34 18 the
1310 255 72 25 depths

949 279 43 20 into
1011 280 34 19 the
1064 281 53 25 light
1134 282 22 18 of
1177 282 46 24 day-
1252 281 46 19 Still
1316 284 55 15 stran-

949 312 37 15 ger
1005 306 70 25 things
1096 313 52 12 were
1169 307 42 18 also
1240 307 63 18 found
1343 306 39 19 odd

949 331 91 25 growths
1061 332 49 20 such
1130 339 22 13 as
1171 332 60 20 crawl
1249 339 25 13 on
1294 332 35 20 the
1348 338 33 14 sea

950 357 83 23 bottom,
1047 359 40 18 and
1097 358 40 19 and
1144 359 80 18 ancient
1236 359 75 18 Indian
1320 358 60 23 skull,

949 382 60 19 while
1025 384 33 18 100
1058 384 23 18 ft
1096 384 20 18 in
1139 385 52 18 from
1205 385 36 17 the
1256 385 52 23 edge
1330 390 51 12 were

948 414 55 13 some
1013 408 75 20 ballast
1097 409 51 23 iron,
1162 411 66 24 pieces
1238 410 21 18 of
1269 416 26 12 an
1306 410 74 18 anchor

947 433 65 24 chain,
1022 434 41 19 and
1070 435 34 19 the
1112 435 88 26 decayed
1208 435 43 19 ribs
1260 436 22 18 of
1288 443 11 11 a
1306 435 63 20 wreck-

947 459 26 19 ed
986 460 104 18 schooner.

1204 38 59 20 THE
1291 39 57 20 HOT
1376 39 92 21 lAKES
1495 39 172 26 CHRONICLE,
1695 43 189 24 WEDNESDAY,
1913 44 74 21 JULY
2016 48 30 21 15,
2063 47 49 18 1896

56 3844 39 17 The
110 3843 75 23 Sydney
199 3842 83 17 Bulletin
292 3847 34 11 can
340 3840 24 18 be
378 3838 91 18 obtained

32 3867 70 22 weekly
110 3867 21 18 at
138 3866 33 18 the
180 3866 119 17 CHROXICLE
307 3863 75 19 Office.*

57 3906 15 17 A
81 3905 63 18 choice
153 3905 90 17 selection
256 3904 20 17 of
290 3903 25 17 oil
330 3901 97 24 paintings
443 3900 26 22 by

34 3929 31 17 Mr
74 3930 20 16 C.
104 3928 100 18 Blomfield
213 3933 44 17 may
265 3932 44 12 now
317 3925 24 18 be
349 3931 42 11 seen
400 3925 20 16 at
438 3924 33 17 the

34 3952 116 19 CnnoNICMS
159 3951 65 18 Office.
250 3950 52 21 They
311 3948 90 23 comprise
413 3946 57 18 views

34 3976 19 17 in
62 3976 38 17 this
109 3973 151 25 neighborhood,
271 3971 100 20 Wairakei,
386 3970 70 17 Whaka-

34 4004 106 15 rewarowa,
150 3999 40 19 &c,
204 3997 39 18 and
258 3996 50 18 from
321 3993 49 18 their
383 3992 79 18 faithful-

35 4028 41 11 ness
97 4021 38 17 and
152 4021 97 17 attention
265 4020 21 16 to
306 4016 58 18 detail
384 4021 32 12 are
429 4014 42 18 well

35 4045 61 17 worth
109 4045 33 16 the
150 4044 96 17 attention
255 4042 20 17 of
283 4041 61 17 lovers
358 4040 20 17 of
386 4040 37 16 art.
448 4038 24 17 In

36 4068 84 17 addition
129 4069 21 16 to
159 4068 53 17 these
221 4066 53 17 there
288 4069 31 12 are
335 4069 12 11 a
359 4061 81 18 number
452 4061 20 17 of

36 4092 59 18 water
102 4091 50 17 color
161 4090 86 18 sketches
256 4086 81 20 suitable
345 4085 30 19 for
382 4084 90 22 birthday

34 4120 21 12 or
63 4114 67 18 Easter
135 4113 76 19 Cards.*

947 514 43 44 IF
1004 514 59 20 YOU
1083 515 58 19 ARE
1162 516 65 19 SICK
1244 517 21 18 in
1278 523 39 18 any
1334 522 44 19 way

1000 540 101 19 whatever
1115 541 50 20 send
1181 548 13 13 a
1209 543 92 24 stamped
1319 548 48 13 enve-

945 561 46 29 lope
1000 569 21 16 to
1030 573 38 12 our
1077 567 89 25 Agency,
1178 568 137 24 Wellington;
1326 570 52 17 state

945 590 35 20 the
989 598 45 13 case
1044 598 22 13 as
1082 593 99 25 minutely
1188 600 23 12 as
1229 594 89 25 possible
1338 593 40 19 and

943 623 42 18 you
1000 618 77 19 receive
1096 618 68 19 advice
1184 619 27 25 by
1234 621 71 17 return
1324 623 52 21 post.

945 643 42 18 Our
997 646 72 22 agents
1083 649 34 13 are
1127 644 28 19 all
1165 645 103 24 qualified.
1301 645 21 19 If
1337 651 40 18 you

943 668 79 20 enclose
1032 670 23 18 2s
1072 669 26 19 6d
1114 675 29 13 we
1159 670 42 19 will
1217 671 50 18 send
1281 677 41 18 j'ou
1341 677 37 12 our

944 694 45 20 best
998 695 83 24 remedy
1090 695 32 19 for
1131 695 34 19 the
1181 703 45 12 case
1244 696 78 25 lasting
1336 703 40 18 you

943 723 39 15 two
1006 721 72 19 weeks.
1115 721 46 19 You
1180 728 48 13 save
1246 729 73 18 money
1337 722 39 19 and

943 745 85 20 doctors'
1039 747 54 19 bills.
1120 747 47 19 You
1177 749 77 18 receive
1271 748 69 19 advice
1351 754 25 12 on

942 771 29 19 all
980 773 74 24 points,
1066 773 40 18 and
1115 773 35 19 the
1159 777 71 20 purest
1240 774 21 18 of
1277 774 99 18 remedies

943 803 51 18 sent,
1003 801 21 16 at
1031 804 26 13 no
1064 801 58 16 extra
1129 801 41 17 cost
1180 799 50 19 than
1237 799 16 19 if
1261 799 114 25 personally

943 823 85 26 bought,
1036 824 28 24 by
1072 824 63 25 doing
1140 830 52 19 your
1195 825 93 19 business
1296 825 48 19 with
1352 832 23 12 us

941 848 28 25 by
978 853 52 21 post.
1059 849 84 20 Consult
1157 854 20 15 at
1187 857 54 13 once.
1275 851 100 19 Ailments

941 875 66 19 which
1017 882 41 17 are,
1069 879 21 16 at
1097 876 35 19 the
1141 876 49 19 time
1206 877 89 25 thought
1311 880 21 16 to
1351 877 24 19 be

940 900 60 26 light,
1011 908 35 13 are
1054 903 56 18 often
1121 902 33 19 the
1166 903 113 25 beginning
1289 903 21 18 of
1326 903 49 18 serN

941 933 37 12 ous
988 933 153 20 ccnsequences,
1153 929 65 18 which
1238 929 16 18 if
1273 929 61 19 taken
1354 928 20 19 in

940 952 49 19 time
1000 960 34 13 are
1043 954 88 19 checked
1141 954 40 19 and
1190 954 68 20 cured.

940 983 168 21 GKEATFORD
1124 985 161 20 BOTANICAL
1304 982 67 27 COY;,

1045 1010 148 24 Wellington,
1204 1011 42 19 and
1255 1015 22 15 at

962 1035 82 23 Sydney,
1054 1036 117 19 Melbourne.
1181 1037 51 23 Cape
1238 1038 65 20 Town,
1313 1037 39 18 and

1062 1060 85 21 Lincoln,
1159 1060 97 21 England.

937 1107 18 17 A
972 1107 114 17 MEMBER
1104 1107 33 17 OF
1157 1108 53 16 THE
1231 1108 89 18 HOUSE
1341 1108 31 17 OF

1027 1130 251 18 REPRESENTATIVES.

961 1161 96 23 Speaking
1070 1167 25 12 on
1109 1162 33 17 the
1155 1162 107 23 Pharmacy
1275 1162 38 18 Bill
1325 1162 47 21 said,

958 1190 25 12 no
998 1185 104 21 profession
1117 1185 33 17 has
1163 1185 54 17 made
1233 1186 37 16 less
1286 1191 86 17 progress

937 1207 70 23 during
1015 1207 33 18 the
1064 1207 37 18 last
1119 1209 32 16 100
1166 1214 54 16 years
1235 1209 47 16 than
1297 1209 43 17 that
1354 1209 18 16 of

1057 1237 21 11 or
1086 1231 61 17 words
1157 1232 19 16 to
1185 1232 44 17 that
1240 1232 61 17 effect.
1334 1232 38 17 The

937 1254 80 18 M.H.R.
1033 1254 57 22 spoke
1103 1254 81 18 without
1197 1254 96 23 thinking,
1311 1261 21 11 or
1349 1254 23 18 he

937 1277 63 17 would
1014 1279 35 15 not
1064 1277 49 17 have
1129 1277 54 17 made
1200 1279 46 16 such
1263 1284 24 10 an
1304 1277 68 18 absurd

937 1301 107 16 statement.
1070 1300 30 17 He
1109 1300 96 23 evidently
1219 1301 55 18 knew
1290 1301 82 23 nothing

937 1324 20 16 of
965 1324 32 17 the
1006 1329 42 12 new
1056 1323 76 22 remedy
1142 1324 72 17 termed

1078 1348 154 17 NEUROL

937 1368 61 17 which
1007 1368 21 20 is,
1033 1368 20 17 in
1056 1368 116 22 comparison
1179 1369 46 17 with
1231 1368 90 18 remedies
1327 1368 45 18 used

937 1397 46 11 even
991 1392 23 16 25
1023 1397 53 16 years
1085 1397 42 16 ago.
1137 1397 21 12 as
1165 1391 50 23 light
1224 1394 20 15 to
1252 1392 96 17 darkness.

1078 1421 138 17 NESV/F2oL-

937 1441 14 17 is
960 1448 12 10 a
984 1441 131 22 scientifically
1130 1442 93 22 prepared
1239 1442 97 19 medicine,
1353 1441 19 17 in

937 1465 32 16 the
978 1465 49 17 form
1035 1465 21 17 of
1063 1464 92 23 powders.
1180 1465 18 17 If
1206 1465 15 17 is
1230 1467 33 15 not
1277 1465 85 23 disagree-

937 1488 42 17 able
986 1488 4 22 ;
1003 1488 16 17 it
1028 1488 14 17 is
1051 1489 34 16 not
1093 1488 100 22 expensive
1200 1488 4 22 ;
1219 1488 16 18 it
1243 1488 33 17 lies
1285 1488 19 18 in
1318 1488 54 17 small

937 1517 85 16 compass
1030 1511 3 22 ;
1047 1511 16 17 it
1071 1512 86 16 contains
1165 1517 24 11 no
1198 1512 71 21 opium,
1287 1511 85 22 morphia

937 1540 21 10 or
972 1534 116 22 antipyrine;
1108 1534 15 17 it
1141 1535 38 16 will
1196 1536 34 16 not
1247 1541 43 11 cure
1307 1540 54 16 every-

937 1557 56 23 thing
1001 1557 34 18 but
1050 1557 16 17 it
1079 1557 16 18 is
1108 1557 83 18 effective
1205 1558 20 17 in
1238 1558 26 17 all
1278 1564 51 11 cases
1344 1558 28 17 for

937 1580 61 18 which
1007 1580 16 17 it
1030 1580 16 17 is
1058 1586 60 11 recom
1122 1580 85 18 mended.

1078 1610 153 17 NEUROL

937 1630 38 18 will
984 1630 67 18 relieve
1060 1636 55 17 every
1124 1632 48 16 form
1190 1632 20 16 of
1227 1631 95 18 headache
1339 1632 33 16 not

937 1654 67 16 caused
1013 1654 25 21 by
1047 1654 53 17 brain
1110 1654 76 18 disease.

1078 1684 153 18 NEUROL

937 1709 52 12 cures
1009 1704 98 23 neuralgia
1127 1705 21 17 of
1163 1705 32 16 the
1212 1705 41 17 face
1270 1705 38 17 and
1324 1704 48 18 head

937 1733 51 11 more
996 1728 96 21 promptly
1102 1728 46 16 than
1157 1728 83 22 quinine.

960 1750 33 17 LA
999 1750 101 19 GRIPPE,
1110 1757 21 11 or
1137 1751 152 18 INFLUENZA
1294 1752 49 16 loses
1348 1751 24 17 its

937 1775 68 15 terrors
1014 1774 15 16 if
1037 1773 106 18 NEUROL
1152 1774 15 17 is
1176 1775 57 16 taken
1243 1776 20 16 at
1271 1775 33 17 the
1319 1780 39 12 com-

937 1798 115 16 mencement
1062 1797 20 17 of
1090 1797 32 17 the
1131 1797 70 18 attack.

960 1820 87 19 COLDS,
1088 1820 141 21 CATARRHS,
1264 1820 106 20 FEVEKS,

937 1843 175 18 RHEUMATISM
1136 1849 31 12 are
1195 1844 25 18 all
1242 1844 80 18 relieved
1346 1844 26 22 by

937 1866 112 17 NEUROL.

961 1889 37 17 For
1019 1895 71 12 women
1111 1890 106 18 NEUROL
1233 1891 16 17 is
1269 1890 103 22 peculiarly

937 1912 86 21 suitable,
1033 1913 15 16 it
1057 1919 52 12 cures
1118 1913 25 18 all
1158 1914 75 22 painful
1247 1919 74 17 cramps
1334 1913 38 17 and

937 1936 54 17 other
998 1936 60 22 pains.

960 1959 63 23 Every
1043 1959 64 21 miner,
1129 1960 93 17 bushman
1248 1959 37 18 and
1308 1960 64 16 settler

937 1982 66 17 should
1012 1989 72 15 possess
1093 1989 11 10 a
1113 1983 38 18 box
1160 1984 19 16 of
1188 1983 113 18 NEUROL.
1330 1983 18 17 It
1357 1983 15 16 is

937 2011 11 11 a
956 2006 91 17 medicine
1056 2006 52 17 chest
1117 2006 19 17 in
1145 2006 55 17 small
1209 2013 92 16 compass.

961 2029 44 17 Sold
1014 2029 25 22 by
1048 2029 25 17 all
1082 2029 127 22 storekeepers
1222 2030 37 16 and
1277 2029 93 20 chemists,

937 2053 19 16 2s
965 2058 33 16 per
1007 2052 42 18 box,
1061 2058 20 11 or
1089 2054 43 20 post
1148 2053 37 17 free
1203 2053 48 17 from
1265 2052 107 18 NEUROL

937 2074 40 20 Co.,
988 2075 104 20 Auckland,
1104 2076 19 16 2s
1134 2076 28 16 Id.

960 2098 104 17 Wholesale
1073 2098 49 17 from
1130 2098 132 23 Kempthornc
1270 2098 38 18 and
1315 2098 45 18 Pros-

937 2126 33 13 ser,
981 2127 21 11 or
1011 2121 93 17 Sharland
1113 2121 37 17 and
1159 2122 32 17 Co.

1030 2169 83 26 THE
1132 2169 138 26 MAILS.

970 2236 147 20 ROTORUA
1129 2237 75 19 POST
1223 2238 116 19 OFFICE.

1008 2286 68 19 Mails
1085 2287 62 18 close
1157 2292 26 13 as
1192 2287 74 19 under
1275 2293 27 13 :

1109 2316 98 17 Monday.

939 2347 46 18 For
993 2347 123 23 Tauranga
1124 2348 26 18 at
1158 2348 54 18 6.30
1221 2353 52 13 a.m.

999 2370 125 19 Auckland
1147 2371 46 18 and
1210 2370 163 20 intermediate

997 2393 83 23 offices,
1091 2393 55 20 7.30
1155 2399 52 14 a.m.

938 2456 46 18 For
1000 2456 125 20 Auckland
1142 2457 46 19 and
1209 2457 163 19 intermediate

1001 2479 83 23 offices,
1093 2479 54 19 7.30
1155 2486 52 14 a.m.

961 2517 11 9 ~
999 2502 168 20 Rotomaoad
1174 2503 78 23 Camp,
1259 2503 56 19 9.30
1320 2509 51 13 a.m.

1000 2526 96 19 Galatea
1105 2526 46 19 and
1165 2526 135 24 Waiotapu,
1320 2526 53 19 7.30

1000 2554 54 18 p.m.

999 2572 85 24 Taupo,
1102 2573 123 23 Atiamuri,
1245 2573 126 23 Wairakei,

1000 2596 47 19 and
1056 2596 91 24 Napier,
1158 2596 54 19 7.30
1224 2602 54 18 p.m.

1085 2628 140 19 Wednesday.

938 2660 46 18 For
995 2659 124 19 Auckland
1141 2660 46 18 and
1211 2660 162 19 intermediate

1002 2683 84 22 offices,
1097 2683 54 19 7.30
1159 2688 52 15 a.m.

1094 2712 119 18 Thursday.

939 2743 45 19 For
1000 2743 125 19 Auckland
1141 2743 47 18 and
1211 2743 162 20 intermediate

1001 2766 83 23 offices,
1096 2766 54 19 7.30
1158 2771 53 15 a.m.

998 2789 97 23 Matata,
1110 2790 156 23 Pongakawa,
1286 2790 85 22 Ohiwa,

1000 2813 156 22 Whakatane,
1165 2813 102 23 Opotiki,
1275 2813 98 19 Maketu

1000 2836 46 19 and
1055 2836 30 19 Te
1095 2836 70 22 Puke,
1177 2836 55 19 7.30
1240 2842 53 18 p.m.

1112 2869 87 17 FIUDAY.

940 2898 46 19 For
995 2899 127 24 Tauranga,
1132 2900 55 19 0.30
1195 2905 52 14 a.m.

999 2922 125 19 Auckland
1145 2923 46 18 and
1212 2923 162 19 intermediate

1001 2945 83 23 offices,
1094 2945 54 20 7.30
1157 2951 52 14 a.m.

1001 2968 86 27 Taupo,
1106 2969 124 23 Atiamuri,
1249 2969 45 18 and-

1002 2992 71 22 rakei,
1084 2992 54 19 7.30
1146 2997 54 18 p.m.

1098 3024 116 18 Saturday.

942 3055 46 18 For
1000 3055 97 22 Matata,
1112 3055 156 24 Pongakawa,
1287 3055 86 22 Ohiwa,

1166 3079 102 23 Opotiki,
1277 3079 97 18 Maketu

1003 3102 46 18 and
1058 3102 31 18 Te
1098 3102 71 22 Puke,
1179 3101 54 20 7.30
1242 3107 54 18 p.m.

942 3156 52 17 THE
1007 3156 115 17 ENGLISH
1134 3156 68 17 MAIL
1216 3161 37 12 via
1272 3156 102 18 'FRISCO.

966 3209 79 18 Closes
1051 3209 109 22 Rotorua,
1170 3209 91 23 Friday,
1271 3209 56 23 July
1341 3209 33 22 10,

943 3233 26 18 at
977 3231 55 20 7.30
1039 3238 59 17 a.m.,
1109 3232 46 19 due
1169 3232 24 19 in
1209 3232 97 19 London
1314 3232 60 23 Aug.

945 3255 62 19 12th.

974 3309 62 18 POST
1049 3309 93 17 OFFICE
1156 3309 189 18 REGULATIONS.

967 3358 47 19 The
1023 3358 71 19 Office
1103 3358 19 18 is
1132 3363 60 18 open
1202 3358 36 19 for
1246 3358 40 19 the
1297 3358 48 19 sale
1354 3358 27 19 of

943 3382 97 23 stamps,
1051 3381 102 24 delivery
1168 3381 46 18 and
1228 3381 150 24 registration

945 3405 26 18 of
977 3405 87 22 letters,
1075 3404 87 23 receipt
1177 3405 27 18 of
1215 3404 95 24 parcels,
1329 3405 47 22 &c,

946 3428 59 18 from
1014 3427 16 19 0
1037 3432 52 14 a.m.
1099 3428 26 18 to
1134 3428 15 18 5
1159 3432 54 18 p.m.

969 3451 45 18 For
1031 3456 85 18 money
1133 3451 67 18 order
1217 3451 47 20 and
1282 3450 96 24 savings

945 3474 63 18 bank
1021 3473 113 23 business,
1150 3474 16 18 9
1180 3479 52 14 a.m.
1251 3475 24 18 to
1293 3474 14 18 4
1324 3479 53 18 p.m.

946 3497 134 24 Saturdays,
1091 3497 15 18 9
1115 3502 52 14 a.m.
1177 3498 26 18 to
1212 3498 14 18 5
1235 3502 54 19 p.m.

969 3520 45 19 For
1023 3520 120 24 telegraph
1159 3520 115 20 businese,
1289 3520 60 20 from
1364 3520 15 18 9

946 3549 51 13 a.m.
1007 3544 25 17 to
1041 3544 15 17 5
1067 3549 53 17 p.m.

969 3566 98 22 Letters,
1077 3566 75 19 books
1169 3566 47 19 and
1228 3566 91 24 parcels
1336 3571 44 13 can

946 3589 28 19 be
988 3589 127 24 registered
1129 3591 25 18 to
1169 3595 48 18 any
1233 3590 53 23 part
1299 3589 27 18 of
1339 3589 41 18 the

946 3612 73 19 world
1028 3618 30 14 on
1066 3613 113 25 payment
1188 3617 24 14 oi
1228 3619 15 12 a
1256 3613 37 18 fee
1309 3612 27 19 of
1349 3612 31 19 3d

946 3636 25 18 in
977 3635 104 19 addition
1087 3636 26 18 to
1117 3636 40 18 the
1163 3636 109 23 ordinary
1275 3636 104 23 postage.

971 3659 46 19 The
1026 3659 70 18 Office
1106 3659 47 19 will
1159 3664 96 20 re-open
1262 3664 31 13 on
1301 3659 67 18 Satur-

947 3682 58 23 days
1014 3681 55 23 only
1078 3682 35 19 for
1127 3683 29 17 15
1171 3682 102 21 minutes
1289 3681 36 19 for
1341 3681 40 19 the

947 3705 103 23 delivery
1063 3705 26 18 of
1103 3705 82 18 letters
1199 3705 60 18 after
1273 3704 40 19 the
1326 3704 56 19 mail

947 3728 102 23 arriving
1058 3729 25 18 at
1091 3727 54 20 7.40
1154 3733 45 18 p.m
1218 3728 20 18 is
1248 3727 86 20 sorted.

1094 3751 26 19 R.
1135 3751 26 19 D.
1180 3751 130 21 DANSBY,

1205 3773 152 21 Postmaster,

937 3817 1 33 J
972 3823 88 23 (Under
1068 3823 131 23 Vice-regal
1213 3822 146 23 Patronage,)

1041 3861 247 21 TOURISTS,
1311 3861 70 20 Etc.

973 3903 6 3 _
1005 3890 114 16 BEAUTIFUL
1127 3890 101 13 PRESENTS
1240 3889 39 13 FOB
1287 3888 63 14 HOME.

972 3909 51 19 Very
1038 3909 110 19 Handsome
1163 3908 63 18 Inlaid
1246 3907 72 21 Tablos;
1333 3907 37 19 Cab-

949 3933 55 19 inets,
1018 3932 59 17 Jewel
1090 3932 62 20 Cases,
1167 3933 42 19 etc,,
1225 3931 26 17 all
1263 3930 55 20 made
1334 3930 49 17 from

950 3956 33 17 the
991 3955 56 17 finest
1051 3955 21 17 of
1076 3954 47 18 New
1130 3954 100 18 Zealand's
1236 3954 67 17 Foreat
1306 3953 76 17 Woods.

950 3977 112 19 Patronised
1070 3978 26 21 by
1105 3977 36 17 His
1149 3977 114 19 Excellency
1272 3977 32 19 the
1312 3976 47 17 Earl
1364 3976 19 20 pf

950 4001 95 22 Glasgow,
1055 4000 54 20 K.C.,
1124 4000 83 19 8.M.G.,
1225 4000 38 17 and
1277 3999 64 21 nearly
1358 3999 25 17 all

950 4025 33 16 the
992 4024 86 22 nobility,
1088 4023 71 18 British
1168 4023 38 17 ind
1211 4022 81 23 Foreign
1299 4022 83 21 Officers,

951 4047 37 17 and
997 4048 69 22 gentry
1075 4046 43 20 who
1131 4046 48 17 have
1193 4045 68 21 visited
1275 4045 47 17 New
1336 4045 36 17 Zea-

951 4069 51 22 land,

983 4102 29 19 W,
1025 4100 105 21 NORRIE,
1140 4101 41 21 Top
1190 4100 19 22 of
1218 4099 137 21 Sbprtlaad-st.

509 3264 20 19 A
553 3263 158 25 correspondent
737 3263 84 25 signing
838 3262 83 20 himself

619 3289 67 19 writes
696 3291 21 17 to
724 3288 34 20 the
776 3289 49 19 Post
840 3295 23 13 as
880 3288 30 20 fol-

597 3315 69 19 Baron
684 3315 128 21 Rothschild,
826 3315 46 19 who
882 3315 17 18 is
910 3320 11 13 a

485 3345 58 22 great
553 3341 94 19 collector
656 3341 38 19 has
703 3341 89 24 recently
807 3341 92 19 received
910 3347 12 12 a

485 3369 56 24 large
555 3374 45 12 case
611 3367 22 19 of
641 3367 76 19 stuffed
736 3367 56 19 birds
801 3367 52 19 from
870 3366 51 19 New-

485 3393 97 20 Zealand.
607 3393 82 25 Among
703 3393 35 18 the
751 3393 104 19 collnction
863 3392 57 19 therf*

485 3426 35 13 n.re
530 3421 25 17 90
572 3419 112 26 specimens
695 3419 21 18 of
732 3418 130 22 stitchboard,
881 3418 41 20 and

485 3446 58 20 these
560 3447 24 17 90
600 3446 112 24 specimens
727 3444 68 19 which
811 3450 33 13 aie
861 3444 48 25 prob-

486 3472 48 25 ably
551 3471 35 19 the
607 3471 40 19 last
659 3471 21 19 of
689 3471 52 18 their
757 3476 45 12 rice
819 3476 53 12 were
889 3469 22 19 ob-

485 3497 70 20 tained
565 3498 53 18 from
628 3497 35 19 the
673 3496 63 19 Little
752 3496 82 19 Barrier
852 3495 71 19 Island

487 3524 40 18 and
538 3523 27 19 all
579 3529 87 19 expense
677 3522 21 19 of
708 3522 123 26 purchasing
840 3522 36 19 the
892 3522 21 17 Is-

487 3549 49 20 land
546 3550 53 19 from
613 3549 35 19 the
658 3548 78 20 natives
744 3548 41 19 and
802 3548 122 24 appointing

487 3582 12 13 a
509 3575 106 21 caretaker
625 3577 20 16 to
656 3577 84 23 prevent
750 3574 35 19 the
795 3573 56 19 birds
861 3573 63 25 being

487 3602 108 24 destroyed
630 3600 36 20 ban
705 3600 52 19 been
800 3599 123 20 ineffectual.

487 3628 66 19 These
562 3634 46 13 rare
623 3627 52 19 Kew
691 3625 90 20 Zealand
804 3625 56 19 birds
868 3624 55 19 fetch

489 3661 12 12 a
510 3654 52 24 high
578 3654 55 25 price
651 3653 21 18 in
691 3652 81 24 Europe
791 3651 40 18 and
844 3650 79 19 several

489 3680 61 19 kinds
574 3678 52 20 have
648 3678 52 19 been
724 3676 149 21 exterminated
893 3682 22 13 re-

489 3705 68 25 cently
566 3705 28 25 by
604 3704 104 19 collectors
717 3709 21 13 so
750 3703 44 19 that
811 3702 70 20 unless
890 3702 35 19 the

490 3732 139 18 (ioverunient
645 3729 60 20 takes
731 3729 116 20 immediate
870 3730 56 23 steps

490 3761 20 15 to
521 3759 85 23 prevent
622 3756 15 19 it
656 3762 61 18 many
737 3755 68 19 others
815 3754 42 20 will
877 3760 48 13 soon

491 3784 59 18 share
561 3782 54 20 their

519 3817 19 19 A
548 3815 139 22 considerable
696 3815 92 19 addition
805 3821 42 12 was
864 3814 62 25 lately

491 3843 66 22 made,
576 3842 28 25 by
623 3841 90 19 volcanic
739 3840 106 25 upheaval,
862 3842 22 17 to
900 3846 25 13 an

491 3868 67 20 island
569 3868 21 19 in
607 3867 36 19 the
659 3868 65 17 Santa
741 3866 94 19 Barbara
852 3872 73 19 group,

493 3895 65 19 which
569 3894 38 19 lies
619 3893 63 20 about
701 3894 25 19 60
743 3892 57 20 miles
818 3892 53 21 from
891 3892 36 18 the

492 3920 128 20 Ciilifornian
645 3921 61 16 coast.
732 3918 96 19 Between
858 3920 69 17 sunset

494 3946 41 19 and
553 3945 79 20 sunrise
648 3951 12 12 a
675 3951 54 12 inas
745 3944 21 18 of
783 3943 54 24 rock,
859 3943 46 19 1000
905 3943 23 19 ft

493 3972 51 25 long
553 3972 28 24 by
600 3970 34 19 300
634 3970 24 19 ft
676 3969 69 23 broad,
764 3976 45 13 rose
829 3970 53 19 from
893 3969 35 19 the

494 4004 35 13 sea
540 3997 41 19 and
591 3996 66 20 added
670 3996 55 19 itself
734 3998 21 17 to
769 3995 36 20 the
817 3998 56 17 coast
887 3995 40 19 line

493 4024 22 19 of
527 4030 39 12 one
576 4023 72 19 island.
677 4021 43 21 The
729 4021 64 21 island
803 4021 19 19 is
833 4021 96 26 occupied

495 4049 27 26 by
534 4056 13 12 a
565 4049 66 25 single
647 4048 118 26 proprietor,
784 4047 41 21 and
834 4047 59 19 when
903 4048 25 18 he

494 4075 77 20 retired
586 4077 33 18 for
628 4075 37 19 the
675 4074 60 25 night
750 4074 26 19 he
784 4073 38 21 left
831 4073 33 22 Jus
881 4073 48 20 boat

494 4102 83 21 moored
600 4102 34 21 400
634 4102 24 21 ft
677 4106 56 22 fliray
751 4100 53 20 from
828 4106 12 12 a
865 4099 64 24 sandy

1566 106 97 61 m

1403 424 205 42 SOMETHING
1641 426 44 40 TO
1719 426 115 40 READ!

1403 554 241 57 Supplied
1668 555 130 56 Regu-

1477 645 132 58 larly
1628 645 129 46 from

1475 900 279 36 OFFIC6.

1447 971 194 34 Canterbury
1674 973 108 31 Times,

1488 1019 112 33 Family
1615 1020 127 31 Reader,

1413 1065 107 34 Young
1542 1066 117 26 Ladies'
1681 1067 134 31 Journal,

1465 1113 90 26 Black
1580 1113 61 26 and
1658 1113 108 32 White,

1398 1162 172 26 Illustrated
1594 1162 124 26 London
1735 1164 96 30 News,

1395 1211 64 26 The
1478 1211 117 32 Album,
1630 1212 63 26 The
1707 1212 124 31 Sketch,

1474 1261 123 33 Sydney
1617 1261 135 31 Bulletin,

1648 1308 73 31 Mail,

1449 1354 91 27 Town
1554 1355 61 26 and
1631 1355 143 33 Country,

1503 1401 219 31 Australasian,

1552 1448 134 30 Referee,

1396 1497 230 33 Cosmopolitan
1664 1498 166 33 Magazine,

1495 1547 114 27 Strand

1473 1593 142 27 Windsor

1475 1639 140 33 Ludgate

1461 1686 127 27 Woman
1609 1688 32 24 at
1659 1687 104 32 Home,

1395 1735 150 26 Weldon's
1559 1736 127 26 Fashion
1703 1737 125 26 Journal

1428 1785 129 26 Schild's
1573 1786 127 26 Fashion

1395 1835 184 32 Snapshots,
1602 1835 147 32 Answers,
1769 1836 45 25 Tit-

1474 1885 68 30 bits,
1556 1886 123 32 Scraps,
1702 1886 52 25 &c.

1395 1934 64 26 And
1475 1935 35 25 all
1530 1935 97 26 Home
1644 1936 59 24 and
1721 1936 90 25 Colon-

1413 1984 34 26 ial
1464 1984 114 33 Papers
1591 1985 24 25 &
1628 1985 183 32 Magazines.

1397 2415 217 45 Rotorua
1655 2415 169 45 Tours.

1397 2498 35 42 1)
1436 2498 147 17 ASSENGERS
1592 2499 20 15 to
1621 2497 84 19 Rotorua
1714 2502 31 12 are
1752 2497 77 18 advised

1459 2521 42 17 that
1510 2527 11 11 a
1534 2521 77 23 regular
1621 2521 51 21 daily
1686 2520 57 19 coach
1760 2521 69 16 service

1395 2544 84 18 between
1488 2544 90 17 Okoroiro
1588 2544 37 17 and
1635 2544 84 18 Rotorua
1735 2544 37 16 and
1789 2544 40 17 vice

1417 2591 39 17 The
1464 2591 117 22 advantages
1588 2596 10 11 o
1613 2591 38 17 this
1656 2592 54 15 route
1715 2596 31 10 are
1752 2596 64 11 numer-

1395 2620 38 14 ous,
1444 2620 11 11 a
1463 2614 105 17 somewhat
1581 2613 72 18 tedious
1662 2613 77 22 railway
1748 2613 81 22 journey

1395 2637 14 17 is
1418 2636 77 21 broken,
1505 2636 38 17 and
1551 2637 33 17 the
1600 2639 53 15 route
1670 2638 91 15 traverses
1778 2642 51 11 some

1395 2660 19 18 of
1432 2660 33 18 the
1481 2660 85 17 loveliest
1583 2660 52 17 Busli
1652 2660 79 21 Scenery
1748 2660 20 16 in
1782 2660 47 16 New

1395 2683 87 17 Zealand.

1434 2714 105 22 FARES,
1555 2714 42 18 10s
1606 2714 83 18 EACH
1702 2714 82 18 WAY.

1395 2742 91 23 Special
1503 2742 165 23 Conveyances
1686 2747 43 13 can
1749 2742 29 18 be
1795 2747 24 13 ar-

1541 2765 88 23 ranged
1637 2765 42 19 for.

1395 2812 213 19 LeaveOkoroire
1617 2812 36 17 for
1666 2811 103 19 Rotorua
1783 2811 47 18 and

1465 2835 220 18 Whakarewarewa
1714 2834 63 24 daily
1805 2835 25 18 at

1467 2859 29 18 10
1505 2864 52 13 a.m.

1395 2881 206 19 LeaveRotorua
1609 2881 47 19 and
1664 2881 150 18 Whakarewa-

1465 2910 63 13 rewa
1543 2906 37 17 tor
1594 2904 116 23 Okoroire,
1727 2904 62 24 daily
1806 2906 25 17 at

1468 2928 29 19 10
1505 2933 52 14 a.m.

1419 2952 31 17 All
1470 2957 111 18 passengers
1602 2957 32 11 are
1649 2951 77 17 advised
1745 2952 20 16 to
1781 2951 49 17 avail

1396 2975 111 18 themselves
1516 2975 20 17 of
1544 2975 38 17 this
1599 2975 61 17 Route
1675 2980 20 12 as
1710 2974 91 18 Okoroire
1815 2974 15 17 is

1396 3004 35 11 one
1446 2999 20 16 of
1476 2998 33 17 the
1518 2998 52 17 show
1579 2998 62 22 places
1658 2998 19 17 of
1694 2998 32 16 the
1742 2998 88 17 Thermal

1397 3022 83 19 District,
1502 3021 38 17 and
1555 3027 25 11 no
1596 3020 44 18 visit
1654 3022 20 16 to
1690 3021 32 17 the
1737 3020 61 18 Lakes
1815 3020 15 18 is

1396 3045 92 22 complete
1497 3045 82 17 without
1583 3044 25 17 its
1613 3043 97 18 inclusion.

1420 3067 73 23 Special
1501 3067 94 18 attention
1608 3067 15 17 is
1637 3066 58 19 called
1708 3068 21 15 to
1742 3067 33 17 the
1791 3067 40 17 fact

1396 3091 43 17 that
1447 3097 11 11 a
1467 3090 57 18 coach
1533 3090 61 18 leaves
1608 3090 84 17 Rotorua
1700 3090 38 17 and
1748 3090 69 17 Whaka-

1397 3120 99 11 rewarewa
1505 3120 24 11 on
1538 3113 78 22 Sunday
1625 3114 19 16 at
1655 3114 20 16 10
1684 3119 44 12 a.m.

1533 3160 162 17 HCENTS:

1397 3181 73 18 THOS.
1484 3181 70 18 COOK
1571 3182 15 16 &
1604 3181 56 20 SON,
1677 3181 100 18 Auckland
1794 3181 40 17 and

1570 3205 90 16 Rotorua.

1401 3253 240 47 KUSABS
1674 3253 156 47 BROS

1506 3310 218 34 MAHAKU

1398 3348 75 42 SAW
1488 3349 26 41 &
1540 3348 151 42 PLANING
1714 3348 117 42 MILLS,

1403 3419 269 25 MOUNTAIN
1696 3420 137 25 Rl7^\J,

1402 3478 134 22 GENUINE
1550 3478 60 19 L>RY
1628 3479 77 18 LAND
1722 3478 113 20 TIMBER

1506 3509 29 18 IN
1547 3509 53 18 THE
1614 3509 114 18 MARKET.

1402 3555 128 29 -]\TESSRS
1548 3555 100 17 KUSABS
1665 3555 71 17 BROS,
1750 3555 38 22 beg
1805 3560 29 12 re-

1408 3572 36 26 It|
1478 3578 101 23 spectfully
1585 3579 19 17 to
1613 3577 69 19 inform
1691 3578 32 17 the
1736 3578 66 18 Public
1816 3578 20 17 of

1404 3605 77 12 Koturua
1488 3602 34 15 uud
1531 3600 73 22 >icinity
1614 3601 39 14 that
1661 3603 41 18 U.cy
1717 3601 43 15 have
1775 3603 50 14 estab-

1402 3622 54 17 lished
1465 3628 10 10 a
1484 3622 44 21 yard
1536 3621 18 17 ill
1568 3621 125 20 Hinemoa-st.,
1702 3623 33 14 and
1751 3627 31 10 can
1797 3627 38 9 now

1402 3645 62 19 .-.apply
1472 3645 31 15 tne
1510 3643 52 16 finest
1569 3642 44 16 ohttt*
1627 3643 18 15 of
1660 3642 82 20 Buldiujf
1754 3642 81 17 Material

1402 3665 18 16 in
1428 3665 29 15 the
1465 3664 76 16 Market,
1557 3664 18 15 It
1582 3663 15 15 is
1605 3664 100 19 unequalled
1715 3664 16 14 in
1740 3664 95 20 durabiliiy

1402 3686 35 15 and
1446 3686 104 20 irnperv'ous
1559 3687 17 12 to
1586 3685 29 15 the
1623 3685 67 15 atiackH
1706 3684 18 16 of
1738 3685 49 15 borer
1801 3685 33 15 and

1402 3707 32 20 dry
1446 3709 33 14 rot.
1502 3706 53 16 Their
1563 3706 83 15 sawmills
1654 3711 28 10 are
1690 3706 49 15 fitted
1749 3706 43 15 with
1807 3706 28 15 the

1402 3732 46 11 most
1455 3727 71 16 modern
1534 3726 99 20 appliances
1642 3727 34 15 and
1685 3727 29 15 the
1722 3727 37 15 firm
1774 3727 13 15 in
1797 3727 38 15 able

1403 3753 18 11 to
1437 3748 63 21 t-upply
1515 3753 35 14 any
1566 3747 80 21 quantity
1663 3748 18 15 of
1696 3748 37 20 Dry
1751 3748 85 19 Building

1403 3770 81 15 Material
1493 3774 21 10 on
1524 3769 29 15 the
1561 3767 74 17 shortest
1644 3769 61 16 notice.

1404 3812 141 28 Skirtings,
1554 3810 177 27 Architraves,
1737 3811 82 22 Mould-

1441 3842 66 27 ings,
1521 3840 51 25 and
1581 3840 110 23 Dressed
1702 3840 102 25 Timber

1471 3871 28 23 of
1507 3877 81 22 every
1602 3870 166 30 description,

1497 3901 110 28 Always
1617 3908 33 16 on
1659 3901 83 23 Hand.

1432 3927 120 25 HENAU
1562 3927 107 26 HOUSE
1680 3926 129 25 BLOCKS.

1425 3974 50 16 Price
1483 3974 48 16 Lists
1538 3979 22 11 on
1569 3974 104 21 duplication
1682 3976 20 13 to

1405 4000 225 36 KUSABS
1666 3998 171 37 BEOS.,

1480 4041 118 18 MAMAKU
1611 4045 25 15 on
1649 4040 112 19 OHAUPO,

1534 4070 27 17 Or
1569 4071 21 16 at
1597 4070 32 17 the
1642 4069 67 20 Yards,

1428 4097 127 18 HINEMOA
1567 4096 101 19 STREET,
1688 4095 128 18 ROTORUA.

1858 3465 27 17 W.
1892 3464 22 17 L.
1921 3464 97 19 Fohster,
2029 3468 43 15 c.e.,
2097 3463 27 17 11.
2136 3463 30 18 W.
2175 3463 113 19 Mitchell,

1859 3602 158 42 FORSTER
2044 3602 26 40 &
2101 3601 187 45 MITCHELL,

1885 3669 111 26 MINING
2012 3667 171 27 ENGINEERS
2203 3667 61 26 AND

1985 3695 185 26 SURVEYORS.

1858 3738 118 19 VALUERS
1989 3738 32 18 OF
2029 3737 101 19 MINING
2140 3737 54 17 AND
2204 3736 88 18 OTHER

1990 3760 166 20 PROPERTIES,

1928 3797 105 20 Hauraki,
2051 3797 51 18 New
2116 3797 104 18 Zealand.

1881 3877 94 18 Members
1984 3876 20 18 of
2012 3876 32 18 the
2053 3876 47 18 N.Z.
2110 3876 90 17 Institute
2213 3876 21 17 of
2246 3875 35 18 Sur-

1858 3907 72 16 veyors.

1858 3943 82 18 Address

1929 3978 117 17 Normandy
2058 3977 65 20 Road,
2133 3977 89 17 Paeroa.

1896 4039 34 19 OB
1955 4037 140 20 PEINTING
2118 4038 21 19 of
2163 4044 61 18 every
2248 4037 34 20 des-

1861 4064 22 18 tf
1921 4064 86 25 cription
2017 4064 97 20 executed
2131 4064 48 19 with
2199 4065 93 19 neatness

1862 4090 38 19 and
1911 4090 97 24 despatch
2017 4093 21 16 at
2048 4089 34 20 the
2092 4091 120 18 Chronicle
2225 4089 68 20 Office.

951 4193 100 43 Ask
1076 4192 72 44 for
1172 4188 263 48 HsmcqcVs
1479 4186 272 48 Celebrated
2005 4181 115 45 Alee
2147 4184 96 40 and
2269 4182 151 43 Stout.

2095 190 90 18 Tourists
2195 190 41 19 aDd
2248 191 91 20 Invalids
2349 192 85 25 visiting
2443 192 34 19 the
2487 193 140 21 Wonderland
2636 196 22 18 of
2666 196 51 18 New
2726 195 91 20 Zealand
2827 197 40 18 -.vili
2874 199 42 19 Sad
2925 200 33 18 the

2047 228 436 79 GRAND
2575 236 423 75 HOTEL.

2151 384 94 20 ifortable
2253 385 40 19 and
2303 386 45 19 best
2357 387 110 24 appointed
2477 387 155 20 establishment
2641 388 21 19 in
2681 389 50 18 New
2748 389 96 25 Zealand,
2863 391 16 18 it
2897 392 61 26 being
2974 395 73 24 repleto
3064 397 125 20 throughout

1865 413 24 12 -*-
2067 412 4 26 _
2328 412 49 18 with
2386 413 35 17 the
2431 416 53 15 most
2498 413 82 19 modern
2594 414 149 19 conveniences.

1884 433 58 18 THE
1955 433 93 19 HOTEL
2065 434 18 18 is
2101 435 20 18 in
2140 435 35 19 the
2194 436 116 20 immediate
2325 437 169 25 neighbourhood
2512 439 21 17 of
2551 439 35 18 the
2604 439 72 23 Priest,
2696 440 82 23 Rachel,
2799 441 122 20 Postmaster
2943 444 39 20 and
2997 446 56 19 other
3069 447 59 19 bath'
3153 448 35 19 the

1858 461 90 16 curative
1957 461 112 23 properties
2078 460 22 19 of
2109 460 66 20 which
2190 468 35 12 are
2240 462 148 20 world-famed.
2416 463 54 19 Bath
2482 463 65 19 chairs
2559 464 40 19 and
2609 465 117 19 attendants
2736 472 34 12 are
2779 467 96 23 provided
2886 471 19 16 to
2918 476 74 17 convey
3006 471 85 20 invalids
3107 463 27 29 to'
3147 473 40 20 and

1858 484 51 19 from
1920 484 35 19 the
1964 491 82 12 various
2056 485 142 21 bath-houses.
2226 487 43 19 The
2279 487 106 20 bedrooms
2395 489 40 19 and
2453 489 87 26 retiring
2563 496 66 13 rooms
2648 497 35 12 are
2702 491 57 19 fitted
2777 492 48 19 with
2852 494 75 21 special
2937 496 74 19 reeard
3024 499 21 16 to
3057 498 35 17 th
3105 505 82 10 mnr

1858 512 66 16 ments
1933 510 22 19 of
1962 512 71 23 guests
2042 517 21 12 in
2074 512 69 18 search
2152 512 22 19 of
2183 513 92 19 renewed
2284 514 99 24 strength.
3135 510 6 14 '

1884 535 43 19 The
1939 536 63 19 Baths
2012 538 22 16 at
2044 536 34 18 the
2086 536 129 21 Sanatorium
2227 538 51 19 have
2289 540 98 19 attracted
2396 546 60 18 many
2466 540 82 20 visitors
2568 541 21 19 of
2608 541 40 19 late
2668 548 70 19 years;
2764 546 93 21 amongst
2873 545 57 19 those
2943 547 42 19 who
2993 548 51 19 have
3056 550 62 17 found
3128 551 59 16 relief

1858 562 32 17 bei
1899 562 35 18 the
1943 562 145 23 convalescent,
2100 568 91 18 nervous,
2203 564 118 23 rheumatic,
2332 565 41 18 and
2382 565 101 25 sleepless.

1883 586 163 20 Rotoruaisthe
2063 590 68 16 centre
2149 588 53 21 from
2220 590 65 19 which
2303 590 29 18 all
2352 592 68 23 points
2429 592 22 17 of
2460 592 84 19 interest
2554 592 21 19 in
2592 593 35 19 the
2636 592 94 20 Thermal
2740 593 85 27 Springs
2841 595 83 21 District
2940 604 45 16 may
2999 599 25 19 ho
3039 601 82 19 reached
3147 602 40 18 and

1857 613 74 24 special
1940 613 96 19 facilities
2046 619 33 13 are
2088 614 98 24 provided
2195 615 32 18 for
2234 615 57 19 those
2299 616 22 18 in
2330 616 70 19 search
2410 618 20 17 of
2437 617 35 18 the
2483 617 101 20 beautiful
2596 618 40 19 and
2650 620 127 19 marvellous.
3125 613 3 26 '

1950 644 181 17 MAGNIFICENT
2143 646 177 17 APARTMENTS.
2449 648 84 18 LOFTY
2545 649 146 18 BEDROOMS.
2808 653 113 18 PERFECT
2938 654 150 21 SANITATION

2001 668 26 18 In
2037 667 56 19 short
2103 673 13 14 a
2125 674 125 14 first-class
2263 669 171 20 Establishment
2444 672 87 24 offering
2540 672 60 25 equal
2609 673 95 19 comforts
2713 675 20 17 to
2742 674 35 19 the
2787 675 44 19 best
2846 676 64 20 hotels
2919 677 21 19 in
2949 678 84 25 Europe.

2522 704 13 13 o

2096 719 87 24 Suites
2199 720 29 23 of
2239 720 169 30 Apartments
2417 722 67 23 with
2494 724 98 28 special
2605 724 156 24 attendance
2775 726 39 23 for
2829 727 121 24 Families

1857 753 98 24 Spacious
1965 752 126 20 Promenade
2101 753 113 24 Balconies,
2225 754 57 26 Snug
2294 754 90 24 Alcoves,
2396 756 40 18 and
2451 756 128 25 luxuriously
2596 759 108 24 appointed
2714 759 103 27 Drawing,
2836 761 70 24 Music,
2923 762 139 22 Conversation
3086 765 93 21 Reading

2309 781 99 25 Smoking
2417 782 38 18 and
2467 782 86 20 Billiard
2563 783 81 19 Rooms.
2672 785 70 19 Baths.
3065 780 4 26 '
3116 780 5 5 *

2095 814 36 23 fcT
2147 813 117 20 SPECIAL
2277 814 161 21 ATTENTION
2451 816 69 19 PAID
2533 818 34 19 TO
2581 817 117 20 CUISINE
2712 819 59 19 AND
2785 820 124 20 SERVICE.
2923 825 36 21 43}

1882 844 35 19 All
1928 844 179 20 communications
2118 845 27 24 by
2155 845 60 19 letter
2225 852 23 12 or
2258 846 99 24 telegram
2366 846 42 19 will
2417 848 78 19 receive
2503 851 82 23 prompt
2594 850 105 18 attention.

1915 894 76 44 W.
2019 895 57 43 A.
2103 882 349 66 BOULTON,~

2328 956 59 25 (Late
2397 957 21 18 of
2427 956 114 20 Grosvenor
2550 957 69 24 Hotel,
2631 957 97 25 Sydney.)

2125 1182 349 37 ROTORUK.

1988 1347 37 50 H
2110 1348 109 50 4m
2245 1349 37 49 4
2336 1349 272 48 pass,

2122 1419 129 24 (Formerly
2267 1419 40 18 the
2326 1419 148 24 Parsonage.)

1993 1546 134 20 PRIVATE
2140 1547 104 19 BOARD
2256 1547 66 19 AND
2336 1547 179 21 RESIDENCE.

2212 1609 165 20 SITUATION
2392 1610 209 20 UNRIVALLED.

2122 1772 62 24 Mrs
2202 1773 33 23 D.
2258 1773 193 24 GRIFFITHS-

2070 2179 64 46 IN
2167 2179 116 46 THE
2313 2179 204 46 PRESS.

2113 2631 52 33 By
2183 2630 164 27 ELSDON
2369 2631 113 26 BEST.

1877 2814 83 36 pHE
1980 2814 121 32 Papers
2115 2819 75 21 now
2202 2812 174 33 appearing
2388 2812 35 25 in
2438 2812 55 26 the
2506 2812 83 26 HOT
2602 2812 138 26 LAKES

1877 2852 10 27 L
1903 2846 244 28 CHRONICLE
2159 2846 103 26 under
2273 2845 55 26 the
2341 2845 101 26 above
2455 2845 71 26 title
2540 2845 67 26 will
2615 2845 125 33 shortly

1853 2890 38 25 be
1903 2888 170 34 published
2084 2888 35 26 in
2131 2887 165 34 pamphlet
2307 2886 93 27 form.

2058 2977 130 47 Price
2212 2977 94 47 One
2340 2975 202 57 Shilling.

1889 3166 189 32 Advertising
2091 3165 106 26 Terms
2211 3170 38 20 on
2264 3163 188 33 application
2474 3165 32 24 at
2526 3161 214 27 CHRONICLE

1856 3200 104 24 Office.

2313 3451 181 24 AUCKLAND
2515 3450 51 23 and
2584 3450 160 22 WAIKATO

2457 3476 141 23 AGENCY-

2328 3512 56 19 Near
2393 3511 92 20 Catholic
2495 3509 87 25 Church,
2596 3509 135 20 BOTORUA.

2364 3561 331 38 ONSHLE

2314 3624 255 31 BEDSTEADS,

2467 3655 277 31 MATTRESSES,

2505 3689 58 19 AND

2330 3715 186 28 Household
2547 3714 181 27 Furniture.

2403 3786 48 45 S.
2470 3784 185 53 Dando,

2365 3849 210 29 Commission
2588 3848 110 33 Agent

2329 3922 164 25 MONEY
2516 3920 56 25 TO
2597 3920 118 26 LEND

2511 3953 21 10 AT

2373 3970 149 18 LOWEST
2547 3970 124 16 RATES.

2410 4009 53 16 Apply
2469 4009 18 12 to
2493 4012 31 12 any
2530 4008 45 13 office
2580 4009 18 12 of
2603 4008 29 13 the

2325 4033 125 21 GOVERNMENT
2466 4031 102 21 INSURANCE
2587 4031 129 21 DEPARTMENT.

2464 4080 16 14 J.
2487 4080 20 14 B.
2515 4080 136 14 BICHABDSON,

2794 1034 180 48 Robert
3006 1037 153 48 Wake

2766 1095 96 46 BEGS
2869 1099 21 16 to
2899 1098 89 19 intimato
2996 1099 44 19 that
3048 1100 26 19 he
3090 1100 37 19 has
3144 1108 34 13 now-

2837 1122 108 20 concluded
2954 1124 34 18 the
3000 1124 115 21 alterations
3127 1129 20 16 to
3157 1128 32 18 his

2766 1148 94 24 premises
2875 1148 21 19 in
2912 1148 77 20 Feuton
3005 1150 69 24 Street,
3090 1152 99 25 (opposite

2766 1173 33 19 the
2808 1173 70 19 Grand
2888 1174 77 25 Hotel,)
2974 1176 39 19 and
3022 1176 37 19 has
3068 1184 11 11 a
3085 1177 56 25 largo
3149 1179 40 18 and

2766 1199 44 19 well
2819 1200 90 18 assorted
2919 1201 54 19 stock
2983 1202 20 18 of
3017 1202 33 19 the
3069 1204 108 19 undermen-

2766 1225 67 19 tioned
2843 1226 68 23 goods,

2766 1259 66 42 FOR
2853 1259 86 42 CASH
2954 1260 26 41 &
2991 1261 85 41 CASH
3090 1263 99 42 ONLY,

2791 1314 48 19 This
2849 1314 53 19 Rule
2912 1315 42 18 will
2969 1315 23 19 be
3008 1316 77 25 strictly
3104 1317 87 19 adhered

2766 1342 19 16 to
2795 1347 22 12 so
2827 1347 26 12 no
2863 1347 38 12 one
2911 1341 50 18 need
2971 1342 23 18 be
3004 1342 93 19 offended
3104 1343 15 19 if
3129 1344 62 18 credit

2766 1366 16 18 is
2793 1366 87 19 refused.

2766 1400 81 23 Men's
2857 1401 125 29 Mercery,
2992 1401 74 29 Hats,
3078 1403 42 23 &c.

2768 1430 81 23 Men's
2865 1431 51 22 and
2929 1431 76 30 Boys'
3021 1432 119 31 Clothing

2992 1463 77 25 Boots
3081 1465 21 23 &
3113 1465 77 24 Shoes

2766 1492 134 29 Blankets,
2913 1493 79 29 Rugs,
3004 1494 95 29 Prints,
3115 1496 60 23 Flan-

2817 1524 120 28 nelettes,
2949 1527 46 22 etc.

2766 1555 113 28 Saddles,
2890 1555 107 30 Bridles,
3013 1560 46 21 etc.

2876 1625 101 26 Complete
2987 1628 59 19 Stock
3057 1629 20 19 o!

2766 1655 89 30 Fancy
2867 1656 90 28 Goods,
2976 1657 147 32 Stationery
3140 1662 50 22 and

2816 1687 85 23 Books

2766 1719 189 23 Tobacconist's
2971 1720 90 29 Goods,
3073 1724 46 21 etc-

2767 1750 112 24 Musical
2893 1751 174 26 Instruments

2766 1780 109 29 Fishing
2890 1781 94 23 Tackle

2766 1812 119 24 Window
2892 1813 69 28 glass
2970 1814 21 22 &
2998 1814 77 31 Lamp
3083 1816 106 28 glasses.

2766 1863 91 20 LARGE
2873 1864 59 20 AND
2960 1865 230 23 WELL-ASSORTED

2909 1896 86 20 STOCK
3008 1898 35 19 OF

2778 1927 183 29 BIRTHDAY,
2991 1930 91 23 XMAS
3109 1931 68 24 AND

2817 1959 78 23 NEW
2916 1959 90 24 YEAR
3026 1961 111 24 CARDS.

2804 2010 65 20 Maori
2882 2011 70 19 Curios
2963 2012 21 20 in
2994 2013 61 19 Great
3064 2013 89 27 Variety.

2829 2063 117 20 First-class
2962 2063 85 21 Billiard
3056 2065 69 21 Table.

2766 2109 146 26 Prescriptions
2923 2110 104 25 dispensed
3037 2113 26 24 by
3071 2119 12 12 a
3092 2113 99 21 Qualified

2921 2137 89 19 Chemist
3019 2140 20 17 at

2841 2168 124 32 ROBERT
2983 2170 131 33 WAKE'S.

2797 2240 46 46 R.
2865 2239 296 54 GRIFFITHS,

2875 2305 207 33 ROTORUA,

2768 2343 423 30 GENERALCARTER&CARRIER

2791 2418 67 19 Goods
2868 2419 100 19 delivered
2977 2422 20 16 to
3006 2420 26 19 all
3048 2424 56 22 parts
3119 2422 21 19 of
3157 2422 34 19 tho

2765 2444 76 20 district
2848 2448 22 16 at
2878 2445 36 19 low
2925 2449 57 15 rates.

2845 2484 60 18 ALL
2919 2484 108 20 TRAINS
3041 2486 68 20 MET.

2791 2555 136 20 N.R.Good
2932 2556 127 26 paddocking
3064 2558 31 19 for
3099 2559 93 19 alimited

2766 2582 85 18 number
2860 2582 21 18 of
2890 2582 73 19 horses.
2980 2582 103 25 Spencer's
3093 2585 97 24 paddock,

2766 2607 143 19 well-watered
2933 2608 40 19 and
3003 2615 59 20 every
3092 2610 100 19 attention

2766 2633 53 25 paid.

2881 2693 199 28 ROTORUA

2776 2738 248 26 TEMPERANCE
3050 2740 130 26 HOTEL.

2857 2784 47 19 Mrs
2918 2784 180 21 MORRISON'S

2766 2824 75 16 Situated
2852 2826 17 13 in
2878 2824 28 15 the
2914 2824 32 16 Old
2954 2825 91 21 Township
3053 2826 18 15 of
3079 2825 105 17 Ohinemutu

2767 2846 32 15 md
2812 2846 97 15 commands
2921 2852 9 8 a
2947 2846 109 20 magnifiemt
3071 2847 43 15 view
3129 2848 19 15 of
3162 2848 29 16 the

2767 2867 51 18 Luke,
2828 2867 29 15 the
2868 2867 57 16 native
2940 2872 26 16 pa,
2983 2867 65 19 boiling
3064 2867 76 21 Springs,
3157 2869 34 16 and

2908 2888 67 16 Mokoia
2983 2888 64 18 Island.

2786 2914 67 17 Within
2862 2920 40 15 easy
2910 2920 53 10 access
2976 2915 18 15 of
3006 2916 29 15 the
3049 2916 53 15 Baths
3118 2916 33 16 mid
3162 2916 29 17 the

2767 2941 89 11 numerous
2864 2937 55 19 sights
2926 2936 18 15 of
2952 2936 70 16 interest
3027 2937 17 15 in
3050 2937 29 15 the
3086 2937 93 21 neighbour-

2767 2957 46 17 hood.

2767 2984 97 15 First-class
2869 2984 140 15 accommodation
3017 2986 16 14 at
3039 2984 150 17 Moderateatoi?.

2787 3012 16 13 A
2812 3009 101 16 substantial
2921 3009 85 17 reduction
3016 3010 14 16 is
3038 3010 48 16 made
3095 3012 17 14 to
3125 3010 66 17 iveeklr

2767 3036 17 10 or
2791 3031 77 19 monthly
2876 3031 83 15 boarders.

2767 3056 10 16 S
2784 3057 38 15 .ites
2835 3057 18 14 of
2869 3058 103 18 apartments
2987 3057 26 15 for
3021 3057 72 16 families
3101 3062 18 10 or
3128 3057 63 20 parties

2932 3078 17 14 of
2957 3077 69 17 friends.

2767 3111 46 19 Mrs
2838 3110 162 22 MORRISON,
3031 3111 153 21 Proprietress

2851 3193 255 20 EXHIBITION.

2867 3267 45 16 eiiy,
2923 3262 44 18 Hot
2976 3263 74 20 Lakes,
3060 3264 32 16 &c.

2918 3309 37 16 and
2964 3309 62 17 others
3034 3315 31 11 arc
3074 3309 119 23 respectfully

2782 3332 11 19 >
2834 3332 71 17 iiiv'tod
2918 3333 20 15 to
2951 3331 71 23 inspect
3035 3332 32 17 Mr
3080 3332 113 18 Blomfield's

2767 3356 74 21 Unique
2850 3354 101 18 Collection
2959 3354 20 18 of
2993 3354 86 23 Original
3095 3355 98 23 Paintings

2766 3384 43 12 now
2818 3384 23 10 on
2851 3378 46 17 view
2905 3378 20 16 at
2933 3377 28 17 his
2970 3377 65 17 Studio
3055 3378 138 23 Karangahape

2766 3401 59 18 Road,
2837 3400 103 17 Auckland.

2790 3424 69 17 N.B.
2864 3423 97 23 Paintings
2969 3424 21 17 of
2996 3423 27 18 tin
3039 3423 98 24 destroyed
3149 3424 33 17 Ter-

2768 3453 49 12 races
2825 3447 71 17 similar
2905 3448 20 15 to
2939 3447 52 17 those
3005 3452 23 12 on
3046 3453 6 10 i
3053 3447 2 18 -
3055 3447 35 17 iew
3107 3448 20 16 at
3143 3447 50 17 Lake

2767 3471 65 16 House
2845 3476 22 11 an
2875 3469 7 17 1
2895 3469 66 18 Palace
2979 3469 62 21 Tloiel,
3060 3475 34 12 can
3111 3470 44 22 only
3171 3470 22 16 be

2767 3493 88 17 obtained
2869 3492 56 17 direct
2942 3492 47 18 from
3006 3494 31 15 the
3053 3493 61 16 Artist
3127 3494 20 16 at
3162 3493 31 16 the

2767 3516 58 18 above
2836 3515 75 18 address

2984 3622 33 41 M,
3052 3622 116 47 SIMON,

2961 3674 59 24 (Late
3027 3674 21 19 of
3056 3674 134 23 Melbourne.)

2969 3722 112 19 Practical
3100 3723 79 16 Tailor.

2958 3794 102 23 Clothes
3073 3794 72 22 made
3163 3794 26 21 to

2984 3820 72 23 order
3073 3826 32 15 on
3119 3818 45 22 the

3009 3845 130 23 shortest

3026 3869 90 24 notice.

2966 3964 54 25 Style
3029 3963 40 20 and
3078 3962 35 20 Fit
3123 3964 35 18 not
3167 3965 21 17 to

2956 3993 23 17 be
2987 3989 92 26 equalled
3096 3995 20 12 :n
3133 3993 54 15 town

2954 4027 107 18 Addbess:
3076 4024 16 18 A
3097 4031 35 11 ran
3137 4031 10 11 a
3156 4024 31 19 St.

3022 4050 99 19 Eotorua.
