3261 4171
1212 50 58 19 THE
1284 50 57 20 HOT
1355 49 92 21 LAKES
1461 48 167 24 CHRONICLE
1640 49 192 27 WEDNESDAY,
1847 49 75 23 JULY
1940 55 29 21 15,
1987 51 48 22 \&M

2812 4021 79 18 Printed
2907 4021 39 18 and
2962 4021 101 24 published
3074 4023 26 21 by
3109 4023 21 17 F.
3140 4023 22 18 F,
3175 4023 60 17 AV.vit.

2835 4046 20 15 at
2864 4045 32 16 the
2904 4045 105 23 registered
3022 4046 87 22 printing
3119 4046 56 17 oflico,
3184 4046 51 17 Hiiic'

2834 4073 44 11 moil
2886 4069 63 19 street,
2960 4068 90 18 liotorua.

2848 4106 173 23 WEDNESDAY,
3035 4108 69 18 JULY
3114 4110 27 19 15,
3153 4109 50 20 IS9G,

197 275 47 19 One
258 275 22 19 of
298 275 33 18 the
341 274 116 20 necessities
468 274 22 19 of
500 274 35 19 the
545 274 80 25 coming
635 274 75 20 Season
720 275 40 19 will
772 275 24 19 be

54 331 23 23 A
115 332 115 24 COOL
270 331 97 24 AND
409 329 332 26 REFRESHING
781 332 161 23 BRINK

78 387 142 19 Untinctured
232 387 25 24 by
265 392 38 16 any
314 384 128 20 Deleterious
458 384 101 19 Chemical
570 385 137 24 Compounds.
736 385 18 19 A
764 385 60 19 drink
834 387 22 17 *t
866 391 50 13 once

275 439 184 28 Exhilarating
480 439 52 22 and
550 438 165 30 Refreshing,

54 495 37 19 and
105 494 63 20 which
186 493 36 20 ffi'l
232 500 64 19 prove
305 500 13 12 a
325 492 120 25 preventive
454 493 25 19 of
485 493 117 25 Dyspepsia
619 493 39 18 rnrf
676 493 27 19 »il
719 493 94 19 Infernal
833 493 109 21 Disorders

80 521 86 19 Aerated
179 520 84 19 Waters
273 520 39 18 and
324 520 97 20 Cordials,
441 526 15 12 c<
466 519 98 25 mpriring
580 519 35 19 the
625 519 73 19 I'urot
709 519 121 24 Lemonade,
849 520 35 20 the
896 520 46 20 Moa

52 547 103 20 Delicious
167 547 78 24 Girg<r
255 546 45 24 Ale,
315 545 176 25 Highly-charged
510 546 53 18 Soda
574 546 78 22 Water,

310 596 379 38 XOLAKOKE,

52 662 11 12 a
72 661 43 13 new
124 654 150 26 Invigorating,
285 654 147 20 non-aleoholiu
443 655 103 24 Beverage
557 654 3 26 ;
577 655 56 18 Lime
641 654 60 19 .luice
717 655 89 23 Corilin!,
818 655 125 25 E.ispherry,

53 681 137 26 Peppermint,
203 681 77 22 Cloven,
292 681 51 18 Pine
352 681 73 24 Apple,
437 681 40 19 and
489 681 75 19 L>tnon
576 681 75 24 Svrupti
662 682 37 18 and
720 681 135 26 Sarsaparilla
873 688 34 13 are
917 681 26 20 all

322 708 154 18 ir'.i'niiacttired
488 714 24 12 on
523 707 146 24 thepremise*.

242 732 116 20 Lemonade
367 733 40 19 and
418 733 78 24 Ginger
505 733 45 22 Ale,
561 736 71 22 quarts
642 733 40 19 and
689 733 62 25 pints.

75 836 74 75 Q
201 830 72 81 A

435 1055 120 26 FROM

76 1106 45 43 A
153 1103 537 46 WELL-ASSORTED
720 1104 199 44 STOCK

470 1171 53 26 OF

54 1229 176 55 Lamps
516 1227 175 45 Cruets

296 1284 216 46 Brushes
758 1283 184 46 Knives

54 1343 191 45 Trunks
512 1340 189 57 Spoons

355 1398 155 45 Locks
701 1397 155 46 Forks

54 1457 183 45 Razors
510 1455 152 56 Trays

303 1513 210 55 Teapots
751 1512 192 45 Churns

85 1596 100 26 Lawn
208 1596 145 29 Mowers,
377 1594 94 31 Hoes,
496 1594 119 31 Rakes,
644 1593 128 33 Spades,
797 1593 113 32 Forks,

163 1653 56 26 AT
232 1651 198 28 GREATLY
449 1651 203 27 REDUCED
671 1651 162 27 PRICES.

240 1801 60 36 as
459 1799 404 47 DICKEY,

75 1863 80 23 (Fourth
165 1864 47 22 shop
221 1864 48 16 from
281 1862 100 23 Wellesloy
394 1862 78 23 Street.)
528 1862 47 18 304
588 1861 20 19 &
621 1862 46 17 306
680 1862 106 21 QUEEN
800 1861 121 19 STREET.

54 1978 438 60 GEYSER
567 1977 374 59 HOUSE

82 2071 339 56 Hydropathic
444 2071 162 52 Hotel,
640 2070 270 46 Wairakei.

247 2137 36 18 Six
293 2135 58 19 miles
360 2136 52 18 from
422 2135 57 19 Lake
489 2135 72 26 Taupo
572 2135 100 24 (Kotorua
682 2135 59 25 side.)

229 2200 180 26 SUPERIOR
430 2199 338 27 ACCOMMODATION.

253 2257 51 17 ALL
316 2257 53 17 THE
382 2256 135 18 COMFORTS
530 2256 32 17 OF
575 2257 17 17 A
604 2257 76 17 HOME
693 2257 52 17 FOE

299 2292 146 19 TOURISTS
463 2292 66 18 AND
541 2292 156 19 INVALIDS.

54 2364 63 26 Hot
143 2364 189 32 Swimming
354 2364 110 31 Baths,
491 2364 186 26 Kiri-o-Kai
698 2371 35 19 or
760 2364 82 26 New
864 2364 81 26 Skin

128 2406 95 31 Bath,
235 2406 65 24 Hot
314 2405 129 25 Douche
458 2406 111 30 Baths,
592 2405 109 27 Grand
723 2406 147 26 Climate.

171 2446 172 26 Elevation
364 2446 91 32 1,350
475 2446 63 26 feet
552 2447 101 25 above
667 2453 54 20 sea
734 2448 92 26 level.

55 2496 197 23 COMPETENT
268 2496 119 23 GUIDES
404 2502 124 21 accompany
543 2497 83 18 tourists
643 2499 20 17 to
680 2498 34 18 the
735 2498 83 18 various
839 2498 68 25 places
926 2498 21 18 of

186 2524 90 21 interest,
287 2523 64 19 which
364 2523 57 18 bailie
432 2523 36 19 the
478 2526 53 16 most
541 2523 60 19 facile
610 2529 46 19 pen,
668 2524 40 18 and
726 2531 36 12 can
782 2524 46 25 only
850 2524 24 18 be
893 2524 42 19 real-

185 2549 43 19 ized
239 2549 58 19 when
308 2556 53 11 seen.

56 2614 197 23 CGYS6R
272 2614 199 24 3Z7SL.L.SV
484 2615 92 19 contains
593 2615 34 19 the
646 2615 104 25 following
769 2615 124 25 unequalled
904 2615 29 19 Na-

133 2642 55 17 tural
207 2641 92 18 wonders
321 2641 3 25 :
328 2641 151 21 —Tuhuatahi,
500 2647 22 12 or
547 2641 62 19 Great
634 2641 132 25 Champagne
784 2641 114 24 Cauldron;
912 2642 35 18 the

134 2667 63 19 Great
207 2666 106 20 Wairakei
322 2667 77 24 Geyser
408 2666 4 25 ;
425 2667 35 19 the
470 2667 87 24 Donkey
568 2666 80 25 Engine
656 2666 4 25 ;
675 2667 34 19 the
721 2667 54 19 Bath
785 2669 21 17 of
816 2668 35 18 the
861 2667 85 24 Fairies;

132 2693 35 18 the
187 2692 114 25 Lightning
317 2693 64 23 Pool;
394 2693 34 18 the
446 2693 89 19 Cascado
552 2692 82 24 Geyser,
653 2700 22 12 or
694 2693 101 24 Dragon's
815 2693 83 24 Mouth;
913 2694 34 18 the

133 2719 64 18 Black
207 2719 76 24 Geyser
292 2718 3 26 ;
312 2719 36 19 the
359 2718 51 20 Mud
421 2718 89 26 Geyser;
526 2719 35 19 the
580 2719 52 19 Blue
649 2719 71 24 Lake;
729 2720 35 18 the
783 2720 32 18 Oil
834 2719 52 19 Bath
895 2727 5 17 ;
913 2720 35 19 the

131 2745 83 25 Eagle's
223 2745 63 23 Nest;
299 2744 34 20 the
341 2744 78 20 Devil's
425 2744 72 20 Punch
507 2744 71 26 Bowl;
594 2745 34 19 the
637 2745 72 19 Prince
718 2747 21 17 of
747 2745 77 19 Wales'
835 2746 98 18 Feathers
943 2744 4 26 ;

132 2771 35 18 the
187 2771 87 23 Mirror;
289 2771 33 18 the
342 2771 57 18 Twin
420 2771 88 25 Geyser:
524 2771 35 19 the
576 2771 60 19 Coral
653 2771 90 26 Geyser;
758 2772 34 19 the
803 2772 66 19 Green
886 2772 61 24 Pool;

135 2796 128 19 Terekerehe
274 2804 22 11 or
315 2797 47 18 Hell
383 2797 87 24 Geyser;
494 2798 35 17 the
549 2798 68 19 Steam
638 2797 105 20 Hammer.
774 2798 84 19 Guide's
877 2799 32 18 fee
928 2802 20 15 to

133 2823 77 25 Geyser
219 2822 79 26 Valle}',
310 2824 22 18 5s
341 2822 4 26 ;
360 2823 90 19 distance
460 2824 52 18 from
522 2824 35 18 tho
571 2824 61 23 hotel,
648 2822 4 26 1
666 2824 54 19 mile.

58 2883 98 22 TH6
176 2883 371 22 HR6HTGHT9Kw
565 2882 81 19 Ladder
663 2883 86 25 Rapids.
787 2883 43 19 Tho
846 2883 103 19 Grandest

133 2909 78 25 Rapids
222 2908 22 20 in
254 2908 35 20 the
298 2908 103 20 Southern
409 2909 150 26 Hemisphere;
574 2909 74 24 falling
665 2909 19 19 in
703 2910 31 18 six
753 2909 83 19 distinct
855 2910 93 18 cascades

134 2937 94 23 amongst
239 2935 62 18 weird
312 2935 40 19 and
362 2935 79 25 rugged
460 2942 81 17 scenery
569 2935 96 19 Distance
683 2936 53 18 from
755 2936 35 18 the
808 2935 62 24 hotel,
891 2936 57 19 three

133 2962 65 18 miles.
226 2961 74 19 Saddle
311 2961 69 19 horses
390 2964 20 16 to
419 2961 49 19 visit
482 2961 35 19 the
531 2961 79 22 Rapids
625 2963 22 17 7s
658 2961 25 19 Gd
694 2962 55 19 each.

307 3027 23 12 or
338 3020 36 19 the
382 3020 80 19 Devil's
471 3020 98 25 Trumpet
588 3021 18 18 is
625 3020 42 19 said
687 3023 20 16 to
727 3021 49 18 emit
795 3028 12 11 a
823 3027 94 19 pressure
928 3021 21 18 of

138 3048 68 17 lHOlhs
217 3048 20 17 of
247 3050 65 15 steam
324 3050 21 15 to
354 3046 34 19 the
399 3046 52 23 inch,
465 3047 52 18 from
528 3053 26 12 an
571 3050 94 21 aperture
675 3048 21 17 of
716 3047 63 18 about
797 3048 72 18 twelve
879 3047 70 18 inches

135 3074 20 18 in
167 3073 104 19 diameter.
301 3073 96 18 Distance
416 3072 53 20 from
491 3072 55 19 hotel
565 3073 57 19 three
641 3073 40 19 and
702 3079 12 13 a
733 3073 45 19 half
795 3074 71 23 miles;
879 3073 70 19 saddle

134 3100 71 18 horses
214 3102 21 16 to
242 3099 48 19 visit
300 3099 34 18 the
345 3098 69 21 above,
427 3100 22 17 '2a
460 3098 25 19 Gd
496 3098 56 20 each.

61 3159 100 23 THO
180 3159 141 23 HUKH
340 3158 166 25 FHLLS,
523 3158 34 19 the
576 3158 99 19 Grandest
694 3158 56 19 Fails
759 3159 21 18 in
799 3158 35 19 the
852 3158 97 19 southern

139 3185 135 25 hemisphere.
303 3185 44 18 The
357 3184 55 19 Falls
423 3191 44 17 may
482 3185 23 18 be
515 3184 73 18 visited
599 3190 24 12 on
633 3184 34 19 the
681 3191 54 12 same
754 3184 116 25 expedition
881 3191 22 12 as
914 3184 35 19 the

138 3211 79 18 Devil's
227 3211 105 24 Trumpet.
362 3210 96 19 Distance
468 3212 53 17 from
532 3210 55 19 hotel
597 3210 57 18 three
665 3210 39 19 and
715 3217 12 12 a
743 3210 46 19 half
797 3211 69 23 miles;
879 3210 70 19 saddle

136 3237 59 18 horse
205 3243 22 12 or
237 3236 71 26 buggy
319 3238 22 17 is
352 3236 25 19 Gd
392 3236 56 19 each.

618 3296 330 55 Proprietress.

61 3414 162 40 ROTORUA
246 3413 90 40 BOOT
359 3412 23 40 &
401 3412 92 41 SHOE
515 3441 35 19 T0
566 3441 57 19 the
637 3441 106 20 public
759 3442 34 19 of
809 3441 140 21 rotorua.

211 3472 125 40 DEPOT.

516 3544 93 43 IBEG
621 3550 21 14 to
652 3546 67 19 thank
727 3546 35 18 the
776 3545 73 19 Public
860 3546 21 18 of
888 3545 50 19 Roto-

569 3578 40 12 rua
628 3572 32 18 for
674 3572 53 18 their
735 3572 83 18 favours
830 3572 75 24 during
916 3572 34 18 the

515 3600 46 22 past
571 3597 70 19 fifteen
651 3604 64 18 years,
729 3598 40 18 and
783 3601 21 15 to
821 3598 65 24 notify
906 3598 44 18 that

515 3623 77 20 for'the
604 3624 133 19 convenience
748 3624 21 19 of
778 3624 100 18 residents
888 3624 21 18 in
917 3624 33 17 the

338 3659 19 14 t__
516 3649 46 19 Nes>
578 3648 115 26 Township,
708 3650 40 18 and
759 3656 32 18 my
804 3649 58 19 trade
879 3656 60 18 gener-

515 3675 48 25 ally,
575 3675 11 18 I
596 3675 52 18 have
659 3675 53 19 built

516 3788 66 19 which
594 3794 33 13 aie
637 3795 43 12 now
695 3795 50 19 open
754 3789 32 19 for
795 3789 100 23 business,
912 3789 38 19 and

515 3814 11 19 I
538 3820 33 13 am
590 3815 98 24 prepared
712 3819 20 15 to
745 3815 74 26 supply

59 3852 18 19 A
99 3852 67 26 Large
186 3852 61 20 Stock
267 3852 20 18 of
305 3852 92 22 German,
414 3852 79 18 French
656 3865 19 10 ,-,
748 3866 21 10 ~

129 3879 40 18 and
180 3878 92 20 Colonial
282 3878 62 18 Boots
354 3878 74 24 always
657 3870 71 15 Ikime
749 3870 62 15 i,IEAT

225 3906 21 17 in
264 3904 67 18 Stock.
517 3921 5 4 .
548 3921 7 6 ,
909 3904 3 23 •

516 3928 21 12 in
550 3922 49 18 both
610 3922 50 20 New
673 3923 40 18 and
723 3923 39 18 Old
772 3923 126 24 Townships.

63 3951 68 19 BEST
138 3949 153 21 MATERIAL.
327 3948 27 22 BI
364 3948 30 19 ST
405 3949 88 19 WORK

138 3995 160 20 AUCKLAND
308 3994 106 20 PRICES.

63 4079 162 22 Hand-sewr.
235 4078 79 23 Boots
324 4085 14 16 a
354 4077 139 28 Specialty.

544 4027 49 23 'An
606 4029 153 30 Inspection
773 4031 22 23 is
811 4031 108 23 invited.

725 4085 103 20 HENRY
843 4086 81 19 KIRK.

1331 268 152 34 THE

970 629 241 54 Published
1235 640 141 44 every
1397 627 283 56 Wednesday
1696 628 137 47 After-

1348 697 134 38 noon,

1174 866 113 41 RATES
1313 866 44 41 OF
1383 866 277 42 SUBSCRIPTION:

1130 939 62 16 PAID
1206 938 29 19 IN
1248 938 129 18 ADVANCE.

1154 970 44 23 Six
1210 970 106 23 Months
1326 970 45 27 ss;

1153 997 53 22 One
1222 997 68 22 Year
1300 997 43 22 10s
1354 1003 5 20 ;

1147 1117 338 33 ADVERTISING
1505 1117 177 33 BATES;

993 1172 65 19 Three
1070 1173 99 25 Shillings
1181 1180 36 18 per
1227 1173 46 19 inch
1280 1179 36 19 per
1326 1173 60 24 issue,
1395 1179 28 19 up
1432 1176 21 16 to
1460 1176 11 15 3
1481 1174 114 19 insertions.
1613 1174 128 25 Subsequent
1749 1174 114 19 Insertions

967 1198 44 20 half
1021 1204 59 14 rules.
1112 1199 80 25 Special
1203 1202 62 16 terms
1275 1202 32 16 tor
1317 1199 72 25 longer
1401 1200 88 24 periods.

992 1254 179 17 Announcements
1182 1253 21 18 of
1214 1252 70 19 Births
1295 1252 40 19 and
1346 1252 78 19 Deaths
1435 1259 34 12 are
1480 1252 89 24 charged
1585 1254 22 17 2s
1623 1253 55 23 each,
1698 1256 35 16 not
1752 1254 111 25 exceeding

966 1281 24 16 30
1002 1279 70 19 words.
1101 1279 105 25 Marriage
1216 1280 172 18 announcements
1404 1280 28 17 3s.
1460 1278 94 23 NOTE.
1557 1279 111 23 —These
1684 1280 111 23 charges
1819 1287 43 16 are

967 1306 39 23 for
1017 1304 177 30 Prepayment
1205 1304 72 30 Only-

1074 1453 242 47 JOBBIM
1350 1454 400 49 DEPJIRT.ME.NT.

969 1541 157 32 Invoices,

1019 1583 174 31 Billheads,

1068 1625 105 25 Memo
1186 1625 121 32 Forms,

1121 1667 82 24 Bills
1216 1665 35 27 of
1260 1667 90 29 Fare,

1171 1708 154 25 Business
1349 1708 111 32 Cards,

1220 1749 141 32 Visiting
1383 1751 110 31 Cards,

1302 1792 97 24 Menu
1416 1792 111 32 Cards,

1355 1833 153 33 Luggage
1521 1834 124 32 Labels,

1399 1875 75 25 Ball
1492 1875 236 33 Programmes,

1452 1919 173 31 Circulars,

1524 1961 139 31 Posters,

1575 2002 182 33 Handbills,

1667 2044 198 33 Pamphlets,

1137 2083 65 32 &c,
1304 2084 67 32 &c,
1474 2084 26 33 &X
1500 2084 40 33 3.,
1643 2086 57 25 &c.

1030 2166 124 47 Done
1190 2173 51 40 at
1276 2168 81 53 the
1380 2168 224 54 Shortest
1626 2169 182 47 <Notiee.

1219 2557 70 45 On
1314 2557 113 46 Sale
1460 2561 52 42 at
1547 2559 87 45 the

1039 2662 438 66 etißONiete
1512 2663 285 66 ©PPiee.

970 2761 65 19 Plain
1043 2762 47 18 and
1099 2762 81 23 Fancy
1189 2762 67 22 Note,
1271 2762 133 23 Envelopes
1412 2762 32 19 all
1452 2762 65 23 sizes,

970 2785 126 23 Mourning
1104 2786 75 22 Paper
1188 2786 46 18 and
1243 2785 137 24 Envelopes,
1395 2786 154 18 Commercial
1558 2787 141 23 Stationery,

970 2808 114 24 Foolscap
1094 2809 75 22 Paper
1178 2810 46 17 and
1234 2809 88 18 Official
1332 2809 138 23 Envelopes,

970 2831 116 24 Drawing,
1097 2832 115 23 Exercise,
1221 2832 179 19 Menioi'andum
1409 2833 47 18 and
1464 2833 110 18 Account
1583 2833 83 23 Books,

970 2855 107 23 Ledgers,
1089 2855 117 22 Journals,
1218 2856 50 23 Day
1277 2856 47 18 and
1334 2856 61 18 Cash
1402 2856 85 22 Books,

970 2878 80 18 Letter
1059 2879 84 21 Books,
1155 2879 106 22 Brushes,
1272 2879 84 18 Water
1365 2879 80 22 Wells,
1457 2879 47 23 &c,

970 2901 124 23 Stephen's
1103 2901 105 23 Writing
1216 2903 46 17 and
1271 2902 107 23 Copjdng
1386 2903 64 22 Inks,

970 2924 105 24 Blotting
1083 2926 80 22 Paper,
1175 2925 111 18 Business
1295 2926 47 17 and
1372 2926 82 23 isiting
1463 2926 78 19 Cards.

970 2948 55 18 Blue
1035 2948 97 22 Pencils,
1143 2948 63 18 Lead
1215 2948 46 18 and
1270 2948 64 19 Slate
1344 2949 98 23 Pencils,
1453 2950 47 18 and
1509 2950 82 21 Slates,

970 2971 108 24 Marking
1087 2972 50 22 Ink,
1148 2972 67 18 India
1224 2972 93 18 Rubber
1326 2972 84 23 Bands,
1421 2973 61 18 Gum
1491 2973 47 18 and
1547 2973 115 19 Gummed
1671 2974 82 23 Paper,

970 2994 102 19 Indexed
1082 2995 68 22 Files,
1163 2995 47 18 and
1220 2995 73 23 Paper
1303 2995 67 23 Clips,

970 3018 134 23 Inkstands,
1115 3018 46 18 and
1171 3018 97 19 Bottles.

1003 3119 23 25 A
1045 3120 140 25 CHOICE
1201 3119 209 26 SELECTION
1431 3120 46 25 OF
1494 3119 186 26 BIRTHDAY
1701 3121 130 25 CARDS.

973 3267 347 59 NEWS
1385 3268 477 59 AGENCY.

1034 3373 194 56 English
1254 3373 206 56 Foreign,
1490 3373 89 46 and
1605 3373 201 47 Colonial

1125 3441 179 54 Papers,
1327 3439 283 55 Magazines,
1633 3439 87 47 &e.

974 3516 187 41 SYDNEY
1201 3517 237 42 BULLETIN
1478 3518 30 40 &
1548 3518 317 42 CANTERBURY

1224 3574 146 40 TIMES
1398 3575 61 40 ON
1489 3575 129 40 SALE.

974 3873 193 57 Jlgeney
1191 3875 76 46 for
1288 3876 218 47 .Martin's
1532 3879 167 53 Photos
1720 3879 56 45 of
1788 3881 80 52 the

1321 3934 208 46 District.

2001 129 270 75 LAKE
2321 130 336 79 HOUSE

1912 244 341 57 Hydropathic
2296 246 161 53 Hotel,
2507 247 235 46 Rotorua.

2168 329 224 32 ESTABLISHED
2413 330 78 32 1881.

1883 387 72 20 Under
1968 387 36 19 the
2013 388 113 24 patronage
2136 387 22 18 of
2168 387 33 19 Sir
2211 387 35 20 W.
2266 387 88 25 Jervois,
2370 388 48 19 Earl
2436 390 38 19 and
2493 389 103 20 Countess
2615 389 21 20 of
2656 389 119 25 Hopetoun,

2053 413 36 20 the
2100 414 56 19 Hoe.
2167 414 89 19 Premier
2266 414 39 19 udJ
2320 414 103 20 Members
2439 416 22 19 of
2472 416 130 19 Parliament.

1909 518 42 18 The
1962 518 63 19 Hotel
2038 518 15 19 is
2064 517 90 21 situated
2164 525 25 11 on
2201 524 24 12 an
2236 518 92 20 elevated
2339 518 89 25 popition
2439 526 25 13 on
2475 518 35 23 the
2519 520 70 20 shores
2605 520 22 19 of
2643 519 56 20 Lake
2714 519 51 19 Eoto-

1885 551 42 16 rua,
1938 546 122 18 convenient
2070 550 21 14 to
2102 545 26 19 all
2140 544 34 19 lhc
2185 544 64 26 sights
2260 545 19 19 in
2291 545 35 19 the
2336 546 89 19 district.

1956 595 113 31 Sulphur
2082 597 52 23 and
2147 595 113 25 Mineral
2273 597 83 24 BatllS
2371 597 21 20 in
2403 597 36 20 the
2450 598 97 20 Grounds
2557 599 22 18 of
2589 598 36 20 the
2635 598 72 20 Hotel.

2017 702 18 18 A
2053 701 107 20 reduction
2177 701 17 19 is
2211 701 58 20 made
2286 704 21 17 to
2319 701 75 28 weekly
2406 709 23 13 or
2439 703 91 25 monthly
2540 703 106 20 boarders.

1886 752 42 20 Gui
1936 752 4 29 :
1943 759 11 13 e
1968 753 14 16 M
2006 753 26 20 iks
2044 754 39 19 and
2093 754 134 20 information
2239 755 62 19 c.iti.
2313 757 19 17 at
2344 755 55 19 Cook
2416 755 39 19 and
2473 755 58 19 Sons'
2548 756 51 24 (sole
2616 757 81 24 agent*)

2199 779 127 27 throughout
2337 781 34 19 the
2382 781 86 19 Colonv.

1921 1042 276 68 Nome
2231 1044 102 66 TO
2362 1044 383 66 TOURISTS.

1920 1184 64 26 The
2004 1186 217 32 undersigned
2241 1186 28 25 is
2291 1192 74 20 now
2387 1186 143 32 running
2553 1187 142 32 Buggies
2719 1188 63 25 and

1888 1218 141 26 Coaches
2051 1220 33 24 tc
2104 1219 55 25 the
2172 1219 166 32 following
2351 1219 109 32 places
2473 1219 35 26 of
2521 1220 134 26 interest
2674 1221 35 25 in
2729 1221 53 24 the

1886 1251 242 31 neighborhood
2146 1256 33 22 at
2197 1253 128 32 greatly
2350 1253 139 26 reduced
2513 1254 94 26 rates.
2656 1254 126 32 Special

1887 1285 183 25 reductions
2079 1285 50 26 for
2142 1285 89 32 large
2239 1286 128 32 parties.

1886 1324 331 24 WHAKARBWAREWA;
2254 1325 173 23 WAIRAKEI,
2451 1326 101 20 TAUPO
2568 1327 21 19 &
2606 1328 60 18 THE

2027 1348 146 20 TIKITERE
2186 1349 20 19 &
2220 1348 104 20 OKERE
2338 1348 112 24 FALLS;
2464 1349 175 22 WAIOTAPU.

1911 1380 79 19 N.B.—
1992 1380 47 19 The
2048 1380 102 20 Tikitere
2160 1381 53 23 Trip
2222 1387 44 13 can
2275 1387 53 13 now
2337 1382 29 18 be
2375 1382 118 18 extended
2502 1383 25 17 to
2537 1383 39 17 the
2585 1383 59 18 head
2653 1383 26 19 of
2686 1383 95 21 Rotoiti,

1888 1404 83 17 thence
1987 1404 24 17 to
2026 1405 114 22 Rotoehu,
2157 1405 102 23 opening
2272 1410 33 18 up
2321 1409 66 14 some
2404 1406 27 17 of
2446 1406 40 18 the
2507 1406 116 19 Grandest
2636 1407 103 23 Scenery
2759 1406 23 18 in

1888 1427 57 18 New
1954 1427 106 19 Zealand.

1900 1475 94 26 Special
2006 1477 170 26 Convegances
2187 1477 46 19 and
2245 1476 87 20 Saddle
2344 1476 85 20 Horses
2439 1480 23 16 tc
2474 1477 27 19 all
2513 1480 61 24 parts
2591 1478 22 19 of
2625 1477 40 21 the
2682 1477 86 21 district

2213 1506 23 16 at
2248 1504 116 22 Moderate
2375 1503 80 24 f^ates.

1934 1549 48 20 Bus
1987 1550 79 19 leaves
2074 1552 64 17 Lake
2144 1552 86 22 House,
2239 1552 84 23 calling
2330 1553 25 18 at
2362 1550 31 20 all
2400 1550 84 21 Hotels
2490 1551 46 20 and
2543 1552 115 24 Boarding
2665 1553 94 18 Houses

1911 1573 36 19 for
1956 1573 226 24 Whakarewarewa,
2192 1575 69 18 twice
2270 1575 118 22 forenoon,
2399 1576 69 18 twice
2477 1575 128 20 afternoon.

2194 1620 46 43 J.
2287 1616 325 56 FALLOONA,

2418 1691 302 56 Proprietor.

1904 1768 130 26 BOOKING
2048 1768 107 26 OFFICE
2166 1768 60 26 AND
2240 1768 135 28 STABLES
2389 1769 147 27 OPPOSITE
2546 1769 102 27 GRAND
2663 1769 98 27 HOTEL

2633 2083 102 41 AS/O

2702 2321 31 18 m

2072 2357 49 28 MI

2647 2507 114 71 iliU

2647 2540 114 84 111

2248 2528 34 69 i

2036 2606 33 22 esy
2076 2604 45 24 Old
2130 2605 71 22 Special
2208 2604 37 20 i?
2285 2607 8 22 y

2035 2638 148 35 'ffppgff
2200 2636 319 37 \W9m^*z*3riilffis&

2035 2803 156 25 D.C.L'.BRAND

2450 2747 25 26 M

2572 2655 163 34 MELLDW

2501 2738 200 38 RDDUCES

2720 2697 26 17 ?-.••'

2245 2868 209 46 Proprietors-

2276 2917 284 66 DISTILLERS
2596 2919 150 70 C*l£j

2147 2991 5 14 '
2215 3004 71 34 *u_
2302 2994 172 40 fflAMfffl,
2497 2996 143 29 SCOKM/).

1933 3062 467 31 WHOLESALE
2436 3064 299 31 -A.GKEIN-TS

1897 3132 59 52 l.
2029 3132 68 52 d.
2168 3132 18 52 r

1995 3254 72 40 AND
2093 3253 30 42 G,
2151 3255 127 47 BROOK,

1890 3313 81 24 BOOT
1986 3314 71 23 AND
2074 3314 83 23 SHOE
2178 3314 147 30 MAKERS,

1949 3354 89 20 Fjenton
2053 3355 89 23 Street,
2166 3355 106 20 Kotohua..

1891 3395 45 22 And
1959 3397 23 17 at
2011 3395 83 20 Parnell
2117 3396 40 18 and
2187 3396 137 19 Newmaiket.

1917 3456 66 21 L.irce
1992 3456 40 18 and
2044 3457 67 18 vaiied
2128 3457 63 19 Stock
2202 3457 22 19 of
2233 3457 93 24 English,

1892 3481 86 26 Foreign
1990 3483 39 18 and
2042 3483 91 19 Colonial
2144 3483 62 19 Boots
2217 3485 37 17 and
2263 3484 63 18 Shoes

1952 3509 22 18 tn
1985 3509 73 19 choose
2070 3510 51 18 from
2131 3511 23 17 at
2164 3509 35 19 the
2210 3513 50 15 most

1927 3546 216 33 REASONABLE
2165 3546 126 33 PRICES.

1983 3587 94 20 FItESH
2094 3588 90 20 STOCK
2197 3589 36 19 OF

1891 3620 170 25 FOOTBALL
2076 3622 99 24 BOOTS
2185 3623 44 25 just
2241 3622 86 21 arrived.

1894 3662 33 19 All
1942 3663 71 18 orders
2029 3663 40 18 and
2086 3663 77 25 repaira
2178 3664 149 25 expeditiously

2057 3690 103 19 executed.

1893 3722 21 18 S.
1930 3722 24 18 E.
1967 3723 150 22 FORDYCE,
2144 3733 8 4 -
2176 3733 8 4 -
2208 3723 121 24 Manager,

1897 3770 210 45 Rotopua
2135 3769 191 57 Library

1895 3867 102 47 OPEN
2008 3868 54 19 from
2075 3869 22 17 10
2109 3874 47 13 a.m.
2167 3870 21 17 to
2199 3870 11 17 5
2220 3875 49 19 p.m.
2288 3869 40 19 and

1954 3895 46 17 6.30
2009 3896 23 17 to
2041 3895 24 18 10
2072 3900 49 19 p.m.
2127 3894 82 25 Sunday
2211 3895 46 18 still
2262 3896 66 24 9pm.

1913 3932 164 22 Subscription
2086 3932 4 22 :
2102 3932 43 18 20s
2154 3932 44 18 Per
2205 3932 102 19 Annum.

1920 3968 88 19 Visitors
2024 3975 48 18 may
2090 3975 85 18 procure
2189 3969 70 19 Books
2276 3970 52 19 from

1894 3994 34 19 the
1938 3994 88 25 Library
2036 4001 26 13 on
2080 3995 86 24 making
2183 4001 13 13 a
2214 3996 79 25 deposit
2308 3996 21 18 of

1894 4024 35 15 not
1938 4021 41 18 less
1988 4021 51 18 than
2059 4022 29 22 !>s,
2107 4022 40 18 and
2164 4022 124 25 purchasing
2309 4024 20 16 la

1895 4052 78 19 coupon
1983 4047 32 17 for
2025 4053 61 18 every
2098 4047 54 18 Four
2161 4047 71 19 books.

1920 4072 43 18 Tho
1981 4072 88 25 Library
2092 4073 18 18 is
2128 4079 52 19 open
2203 4073 75 25 during
2295 4073 34 19 the

1895 4098 94 24 evening.

2398 3271 136 42 HORACE
2556 3272 179 41 STEWART,

2350 3336 108 21 SADDLE,
2472 3337 126 20 HARNESS,
2612 3337 54 17 AND
2683 3337 101 17 COLLAK

2519 3368 99 20 MAKER,

2393 3403 182 22 FENTON-ST.,
2590 3402 153 20 ROTORUA,

2350 3471 105 22 Saddles,
2472 3471 95 22 Bridles,
2582 3471 94 22 Collars,
2691 3471 93 22 Chains,

2373 3502 57 23 Bits,
2438 3503 80 23 Spurs,
2526 3503 104 18 Harness
2643 3503 68 22 Soap,
2719 3502 40 19 &c.

2373 3562 120 23 Coachaline,
2503 3570 10 10 a
2530 3563 113 23 waterproof
2659 3563 127 22 preservative
2786 3562 1 24 1

2350 3586 30 18 for
2389 3586 26 18 all
2423 3586 55 17 kinds
2488 3586 19 19 of
2519 3587 77 16 leather.

2374 3619 86 17 Axleine,
2479 3624 11 11 a
2503 3618 71 22 perfect
2590 3617 95 17 lubricant
2700 3618 29 17 for
2743 3624 31 11 car-

2351 3641 67 23 riages,
2429 3647 97 17 waggons,
2537 3641 31 17 &c.

2374 3672 73 18 Collars
2456 3672 54 17 made
2523 3674 20 15 to
2556 3678 85 11 measure
2654 3678 25 11 on
2695 3672 33 17 the
2741 3678 33 16 pre-

2351 3695 55 17 mises
2415 3702 10 10 a
2435 3695 102 23 speciality.
2575 3695 125 23 Lengthened
2711 3695 63 23 experi-

2350 3724 45 11 ence
2403 3719 20 16 in
2432 3719 26 17 all
2467 3719 67 16 classes
2542 3718 21 17 of
2568 3718 94 17 Saddler's
2670 3719 58 16 work.
2753 3718 33 17 All

2351 3742 64 17 orders
2425 3742 97 22 promptly
2531 3741 90 17 attended
2632 3744 27 15 to.

2575 3824 45 43 J.
2653 3824 44 43 N

2352 3886 172 18 BARRISTER
2535 3886 66 18 AND
2619 3886 166 19 SOLICITOR.

2352 3918 146 17 Commissioner
2513 3918 20 17 of
2546 3919 32 16 the
2592 3918 91 22 Supreme
2697 3919 59 17 Court
2767 3919 20 16 of

2548 3941 43 22 Fiji.

2353 3972 88 16 Solicitor
2450 3972 19 17 to
2478 3972 33 16 the
2523 3972 47 17 N.Z.
2585 3972 128 18 Government
2728 3973 59 17 under

2419 3995 39 17 The
2467 3994 97 19 Advances
2573 3996 19 16 to
2599 3995 79 18 Settlers

2352 4026 99 17 Victoria
2459 4026 90 20 Arcade,
2559 4026 112 21 Queex-st,
2680 4027 107 18 Auckland.

2376 4057 71 21 Money
2455 4058 21 15 to
2482 4057 54 17 Lend
2545 4064 23 10 on
2578 4057 86 18 freehold
2678 4059 81 22 security
2768 4061 19 15 at

2352 4080 37 17 low
2406 4081 50 16 rates
2472 4080 21 17 of
2505 4080 84 17 interest.
2618 4081 72 23 Money
2704 4082 83 17 invested

2352 4103 30 17 for
2391 4102 66 18 clients
2467 4103 38 17 free
2514 4104 19 16 of
2542 4104 74 17 char<re.

2798 113 230 44 HIIII-OA
3060 117 159 48 STORE,

2805 181 161 34 I\/ILLIAM
2986 184 109 20 ROGERS
3111 186 69 22 directs
3196 194 16 17 at-

2813 204 11 12 *
2832 204 11 10 *
2876 211 78 18 tention
2965 213 21 15 to
2994 211 35 19 tLe
3038 212 104 25 following
3149 214 47 21 lines
3204 219 18 18 of

2820 240 178 44 CHOICE
3045 242 157 47 60898,

2799 289 101 25 Bycroft's
2910 289 111 20 Snowdrift
3031 291 52 19 N.2-
3092 292 60 20 Flour

2799 315 103 24 Sultanas,
2913 315 100 20 Muscatel
3022 317 40 19 and
3071 316 94 22 Valencia
3179 321 43 20 Raj.

2851 341 47 20 sins,
2911 341 40 19 and
2960 341 99 21 Currants

2799 366 50 24 Figs
2857 368 39 18 and
2907 368 112 19 Preserved
3029 368 83 26 Ginger,
3123 370 66 25 Spices

2799 393 76 18 Lemon
2885 394 40 18 and
2936 394 81 24 Orange
3028 394 50 20 Peel

2854 419 71 18 White
2935 420 113 22 Sugar—A
3064 422 112 24 Speciality.

2801 445 51 19 New
2862 445 91 19 Zealand
2960 446 63 18 Dairv
3030 447 142 21 Association's
3180 451 35 21 lint-

2905 474 36 16 tor.

2825 496 61 19 TEA.
2945 497 114 20 COFFEE.
3113 500 88 22 COCOA.

2801 545 87 19 General
2901 547 128 19 Assortment
3046 549 21 17 of
3085 548 139 28 Storekeeper's

2979 573 74 19 Goods.

2862 611 311 57 HINEMOFSTORE.

2803 703 55 44 B.
2900 705 43 43 S.
2991 705 34 43 C
3046 706 174 22 OKLETI
3221 703 4 45 '

2911 760 221 23 ARCHITECT,

2883 795 98 24 Building
2996 797 109 20 Surveyor,
3123 797 35 19 <£,?.

2806 871 70 23 Agent
2895 869 33 19 for
2947 869 35 19 the
3005 870 99 19 National
3129 870 44 21 Fire
3194 874 33 19 and

2897 895 80 19 Marine
2984 896 116 20 Insurance
3110 896 36 20 Co.

2819 953 200 22 JOKOIA
3090 955 47 19 TT
3152 956 11 19 I
3177 957 15 19 L
3205 958 22 18 W

2806 1038 245 33 BOABDING
3070 1040 159 36 HOUSE.

2806 1098 112 27 Opposite
2933 1100 40 18 the
2989 1100 54 19 Post
3054 1100 47 19 and
3112 1102 117 25 Telegraph

2984 1126 79 19 Office.

2806 1156 45 19 And
2872 1163 48 12 npnr
2942 1157 33 19 the
2995 1157 122 20 Celebrated
3141 1158 87 23 PRIEST

2845 1183 117 20 RACHEL
2980 1184 39 19 and
3032 1185 57 18 other
3100 1185 95 25 BATHS,

2950 1209 96 21 ROTOR
3051 1211 44 19 UA.

2806 1261 111 29 TERMS:
2926 1262 43 18 25s
2977 1267 41 18 per
3024 1263 73 22 week,
3107 1264 28 17 4s
3142 1269 38 17 per
3187 1265 38 25 day

2839 1293 115 40 MRS
2998 1294 204 46 YOUNG,

2943 1344 169 18 Pnoi'KIETHESS.

2808 1412 153 46 Rotor
2964 1426 63 33 ua
3045 1413 185 59 Bakery

2820 1613 105 32 BAKER
2937 1615 25 30 &
2973 1614 249 33 CONFECTIONER.

2859 1692 86 25 Bread
2957 1694 135 23 delivered
3108 1694 78 30 daily.

2860 1761 166 25 GKOCEBIEji,

3004 1797 146 23 DRAPERY,

2805 1863 125 19 GENEKAL
2936 1865 34 17 ST(
2976 1866 39 16 )1!E
3021 1866 12 16 K
3040 1866 104 16 KEPEIfN
3151 1866 38 16 GO(
3195 1866 36 16 )I)S,

2824 1917 42 45 J.
2898 1923 46 39 K.
2981 1917 233 52 LmwH,

2939 1987 167 22 SOLICITOR,

2827 2023 28 20 26,
2867 2022 218 23 SfiOBTLAWD-STBBETj
3095 2024 116 18 AtJCKtAitt),

2816 2069 1 25 ■
2822 2069 135 18 -B;—Attends
2967 2072 80 21 country
3056 2070 69 18 Courts
3133 2070 26 23 by
3170 2069 60 25 special

2826 2094 115 16 rancement.

2859 2150 315 48 JiUCK,LJI«ND

2814 2229 175 41 COFFEE
3030 2230 188 41 PALACE.

2854 2300 144 32 QUEEN
3020 2301 165 33 STREET,

2800 2361 65 24 Also
2888 2362 108 31 opposite
3019 2362 108 24 Herald
3153 2362 70 31 Office

2829 2470 51 48 E.
2931 2473 270 53 WATERS,

2900 2553 241 25 PROPRIETOR.

2851 2620 28 26 J.
2900 2620 51 27 W.
2974 2621 210 28 WRIGLEY,

2823 2686 387 24 ARCHITECT,

2930 2721 184 17 ROTORUK.

2827 2784 70 25 Agent
2905 2785 32 18 for
2952 2785 36 19 the
3006 2785 64 19 South
3091 2785 78 20 British
3190 2785 37 19 Fire

2802 2810 40 18 and
2853 2810 79 20 Marine
2942 2811 112 19 lusi'i-anue
3065 2811 110 25 Company.

2806 2879 119 33 ONITED
2947 2881 188 31 INSURANCE
3154 2882 77 35 COY.,

2866 2987 154 30 CAPITAL,
3035 2989 144 28 £500,000.

2808 3055 89 45 FINE
2905 3057 54 19 risks
2967 3059 22 17 of
2996 3059 28 18 all
3031 3059 75 19 classes
3113 3059 120 19 undertaken

2874 3086 21 15 at
2905 3083 71 19 lowest
2986 3088 81 16 current
3078 3089 61 15 rates.

2806 3117 75 19 Claims
2890 3118 73 19 settled
2973 3119 103 26 promptly
3086 3121 40 18 and
3140 3120 93 24 liberally.

2817 3166 48 17 Now
2874 3167 83 18 Zealand
2967 3168 57 18 Head
3033 3169 63 18 Office.
3106 3169 119 23 Wellington.

2840 3194 90 18 Resident
2940 3194 47 23 See.,
2997 3195 68 18 Jasces
3074 3196 18 18 S.
3106 3196 99 19 Jamesox.

2932 3229 100 18 Auckland
3043 3229 74 24 Agent:

2867 3257 23 17 A.
2904 3256 110 22 Heather,
3026 3258 76 18 Custom
3111 3259 68 17 Street.

2940 3295 86 18 Rotorua
3034 3295 74 23 Agent:

2853 3326 23 18 F.
2888 3327 22 17 P.
2919 3328 69 20 Watt,
3003 3329 118 17 Chronicle
3132 3328 63 19 Office.

2865 3385 40 42 W.
2933 3386 32 41 A.
2997 3386 187 42 WILLIAMS'

2887 3504 103 25 Opposite
3006 3506 73 19 Pa'ace
3096 3507 68 19 Hctel.

2808 3555 138 26 GROCERY,

2849 3587 138 20 OILMEN'S
3003 3588 112 24 STOEFS,

2889 3618 222 25 IRONMONGERY,

2942 3650 157 19 CROCKERY
3103 3650 91 24 WARE,

2995 3685 144 24 DRAPERY,
3156 3685 78 24 &C&V

2836 3716 17 16 A
2869 3714 151 21 weli-assorted
3038 3716 57 19 stock
3113 3717 20 18 in
3150 3717 26 18 all
3192 3716 42 19 lines

2808 3740 22 19 of
2839 3740 35 19 the
2883 3740 62 20 above
2956 3746 21 14 at
2987 3742 71 19 lowest
3070 3749 72 16 prices.

2809 3775 50 19 New
2870 3774 88 22 Zealand
2967 3777 65 25 Dairy
3040 3777 147 19 Association's
3194 3777 30 20 Fac-

2845 3802 45 23 tory
2902 3801 75 21 Putter
2987 3803 56 19 fresh
3123 3804 80 25 weekly.

2885 3845 51 19 New
2946 3846 51 19 Laid
3008 3846 61 25 Eggs,
3080 3847 43 22 &c.,
3135 3847 33 20 &c.

2929 3912 63 18 paper
3011 3906 41 19 and
3068 3906 113 25 Envelopes
3198 3904 36 20 with

2811 3926 18 20 -L
2891 3930 81 26 printed
2986 3932 91 24 heading
3088 3934 21 17 at
3119 3932 63 25 cheap
3189 3936 45 15 rates

2811 3959 20 15 at
2842 3956 107 20 Chronicle
2964 3958 63 19 oflice.
