3480 4600
97 178 117 25 Zealand.
268 176 130 25 Whatever
425 183 58 26 may
510 176 29 26 be
579 187 44 17 our

96 218 113 25 demerits
229 216 49 26 and
299 223 45 19 our
365 215 177 33 objectionable
553 218 68 26 char-

96 256 140 29 acteristics,
266 255 219 32 bloodthirstiness,
530 265 29 17 or
590 266 32 17 an

95 296 92 23 insame
206 294 100 31 craving
316 293 61 27 after
389 293 106 34 military
507 298 115 30 conquest

96 333 50 25 and
156 333 77 33 glory,
253 333 19 24 is
283 333 45 24 not
346 340 47 17 one
404 332 25 25 of
451 333 78 26 them.
564 335 58 25 This

94 371 111 26 national
227 372 66 28 trait,
332 371 48 24 due
407 371 107 33 possibly
532 374 24 24 to
580 373 42 25 the

94 412 102 27 absence
224 412 34 24 of-
275 411 121 32 imposing
422 411 113 33 military
555 420 67 24 specr

96 451 76 24 tacles
183 458 27 16 so
221 450 111 31 frequent
359 449 28 25 m
408 449 42 25 the
473 451 40 24 old
538 451 82 30 world,

94 491 47 23 has
148 489 26 25 of
182 489 50 24 late
243 495 68 24 years
325 488 97 25 become
432 496 70 17 more
513 489 107 30 marked,

94 528 38 24 till
144 535 61 17 even
225 526 42 24 the
288 526 93 25 callous
403 524 49 26 and
469 528 152 24 unreflective

91 573 99 24 person,
214 564 54 25 who
281 564 82 25 thinks
381 563 56 26 that
447 573 14 15 a
471 566 60 30 good
542 565 78 25 Euro-

94 613 61 24 pean
174 612 49 17 war
245 603 81 25 would
346 604 110 31 improve
475 604 53 25 dull
549 606 72 24 times

93 644 48 23 and
152 643 62 24 raise
224 642 85 32 prices,
331 641 94 26 doesn't
436 642 58 25 dare
512 645 26 22 to
549 645 72 23 make

94 682 40 24 his
153 681 62 24 wish
235 679 106 26 audible.
376 683 5 3 '
391 679 51 25 The
466 682 98 23 natural
582 681 37 24 in-

93 720 116 25 clination
252 719 38 25 ijojL*
315 718 147 25 excitement
495 718 70 25 us«al
595 720 24 23 to

91 758 104 31 healthy
207 757 90 24 human
320 756 83 32 beings
415 756 20 25 is
446 756 33 32 by
489 763 33 18 no
534 764 84 25 means,

92 797 111 31 wanting
213 796 27 25 m
261 795 58 26 New
337 794 117 29 Zealand,
471 794 45 26 but
534 803 33 18 we
579 803 40 17 are

90 845 35 17 on
135 844 4 5 •
148 837 43 24 the
218 844 100 22 average
343 835 66 31 quite
431 836 100 24 content
557 836 60 24 with

170 884 45 16 can
238 876 30 24 be
290 874 115 26 obtained
426 874 63 26 from
512 876 107 24 contests

89 916 53 24 and
165 916 69 24 trials
256 916 27 23 of
296 922 4 8 ;
303 929 5 11 ;
317 923 15 16 a
356 914 112 32 peaceful,
483 914 141 29 character,,

91 956 82 26 ■which
185 956 56 26 does
252 958 44 23 not
317 955 62 25 have
401 955 60 25 such
473 954 144 26 murderous

90 997 99 28 results,
201 1004 27 17 or
250 1001 49 20 sow
322 995 61 25 such
405 994 68 26 seeds
495 994 27 25 of
541 995 75 24 social

90 1036 96 31 hatred,
198 1036 111 27 however
325 1034 76 26 much
421 1034 57 33 they
499 1042 59 23 may
575 1034 42 24 de-

91 1075 66 30 plete
177 1075 42 24 the
231 1072 94 33 pocket.
574 1072 8 9 *

124 1112 53 26 The
188 1114 64 24 class
270 1112 27 26 of
316 1111 84 32 people
422 1110 55 25 who
497 1109 121 33 generally

88 1156 112 25 clamour
210 1157 66 23 most
287 1156 37 24 for
333 1163 49 17 war
393 1162 41 16 are
445 1154 45 25 but
499 1156 42 22 too
553 1153 65 25 often

88 1196 72 25 those
172 1196 52 24 who
236 1203 41 17 are
288 1196 63 24 least
370 1194 73 32 likely
462 1197 26 22 to
500 1195 28 23 be
541 1192 85 26 called,

89 1244 67 23 upon
183 1238 27 23 to
235 1236 71 31 fight,
350 1235 76 25 but—
427 1234 49 25 like
498 1234 116 24 Artemus

89 1274 77 24 Ward
166 1288 32 5 —
199 1274 56 31 they
297 1281 41 17 are
365 1273 61 31 fully
454 1271 116 33 prepared
592 1272 26 23 to

87 1312 114 25 sacrifice
214 1312 31 24 all
258 1312 63 24 their
330 1311 76 25 wife's
417 1310 124 25 relations.
566 1308 52 24 The

88 1354 84 23 recent
183 1352 119 25 ebulition
320 1351 26 24 of
358 1351 81 31 public
451 1351 89 31 feeling
552 1349 65 33 (God

89 1400 57 17 save
157 1392 44 25 the
212 1392 70 25 mark
294 1392 17 32 !)
323 1391 78 25 which
412 1391 44 24 has
468 1389 74 26 taken
549 1389 68 31 place

87 1432 27 23 m
127 1432 123 30 England,
273 1431 47 24 has
341 1429 144 32 principally
504 1431 59 22 been
575 1429 42 24 the

86 1470 87 23 clatter
191 1469 78 24 raised
280 1494 3 2 .
297 1469 36 31 by,
356 1468 100 31 doggrel
488 1466 127 32 rhymists,
614 1471 3 10 1

88 1515 140 23 newspaper
238 1507 98 28 editors,
359 1508 62 23 tract
442 1505 100 25 writers:
555 1504 61 24 fam-

86 1548 82 30 ishing
178 1547 37 24 for
226 1547 108 31 subjects
353 1548 25 23 to
397 1546 65 25 force
474 1545 41 25 the
527 1544 51 25 sale
589 1544 27 25 of-

85 1586 63 25 their
370 1585 49 24 and
447 1584 28 31 by
504 1587 111 28 potmen,!

84 1623 142 33 shop-boys,
261 1624 89 24 dudes.
359 1623 58 25 'and.
436 1622 65 25 their
523 1622 90 24 sweet-

83 1664 84 25 hearts
185 1664 91 31 raising
299 1672 15 16 a
330 1663 85 29 -cheer,
436 1670 28 17 or
483 1660 129 32 becoming

83 1703 160 25 enthusiastic
254 1711 27 17 or
304 1701 195 30 demonstrative,
524 1707 26 18 at
567 1700 42 24 the

51 1747 16 20 k
85 1743 136 25 bombastic
232 1744 123 30 harmony
377 1742 26 25 of
419 1751 14 15 a
457 1740 153 26 second-rate

51 1780 176 26 Hiusie-hall
238 1782 89 31 singer.
362 1780 56 25 And
429 1779 103 26 because
543 1785 71 23 some,

178 1820 76 25 drivel
264 1820 75 26 about
354 1817 15 28 '.'
371 1818 141 27 Jameson's

402 1867 28 17 or
456 1859 42 24 the

51 1888 117 51 BH^
181 1900 47 24 and
340 1907 84 17 causes
436 1906 14 17 a
462 1899 152 29 momentary

266 1947 90 25 among
379 1947 15 17 a
414 1939 34 24 lot
468 1939 26 24 of
516 1938 98 31 simple-

51 1971 319 43 B^H^^LignorarnuseF,
395 1978 53 23 who
467 1977 63 24 have
549 1975 65 24 their

51 2005 263 51 j^^Hßtibations
334 2019 26 22 to
382 2016 78 25 thank
482 2015 38 25 for
545 2014 66 25 their

221 2059 23 22 ts
245 2071 31 3 —
278 2056 41 25 the
344 2055 104 25 ''nation
466 2055 21 24 is
514 2053 53 26 said
586 2055 36 23 to.

342 2095 51 25 iion
410 2094 22 25 is
452 2093 111 32 wagging
575 2092 38 24 his

51 2126 190 47 BHjHB^A
241 2143 13 16 c
289 2135 207 25 demonstrations
525 2133 24 25 of
579 2140 33 17 an

359 2173 31 33 by
403 2173 42 25 the
464 2172 75 25 lower
550 2171 60 25 clas-

51 2203 198 47 J^H^H^^t
265 2212 108 25 German
401 2212 127 29 residents,
564 2210 48 24 and

51 2239 319 51 I^H^^BHPs^owiicd
393 2250 31 32 by
448 2250 123 24 Germans
582 2248 32 25 in'

224 2289 66 28 End,
321 2297 49 16 was
391 2290 157 28 tiWwibi^-to
569 2289 41 24 the

51 2320 135 36 Hunger's
196 2336 112 24 message
320 2331 25 23 to
365 2328 43 25 the
430 2328 85 30 Boers,
526 2328 84 30 except

80 2368 55 26 that
145 2368 21 25 it
176 2376 62 24 gave
249 2369 69 25 them
335 2377 14 17 a
371 2370 97 30 pretext
484 2370 26 24 to
525 2367 85 26 obtain

77 2416 17 17 a
106 2408 76 32 cheap
194 2408 62 30 feed,
269 2409 48 25 and
328 2411 26 23 to
374 2415 97 25 express
482 2408 66 25 their
556 2407 51 25 ani-

78 2448 87 32 mosity
179 2449 97 31 against
287 2450 42 24 the
341 2449 129 28 Germans,
494 2447 60 31 who,
577 2447 33 33 by

79 2486 108 32 working
204 2487 38 24 for
262 2487 136 25 starvation
422 2494 90 24 wages,
547 2486 63 24 have

79 2526 63 25 been
153 2526 37 25 for
200 2534 72 24 years
295 2527 133 33 displacing
440 2527 42 25 the
502 2525 107 33 English

79 2564 121 26 workmen
210 2566 28 24 m
248 2574 75 25 many
342 2565 91 26 trades.
467 2565 98 32 Among
575 2572 34 17 no

80 2605 64 24 class
154 2604 22 25 is
195 2604 43 25 the
259 2605 90 32 feeling
370 2605 98 33 against
485 2604 42 26 the
548 2603 60 26 Ger-

80 2650 74 18 mans
163 2650 28 18 so
208 2643 73 25 bitter
302 2652 28 17 as
352 2651 90 25 among
464 2643 44 26 the
530 2642 79 26 clerks

80 2680 49 24 and
141 2680 202 32 warehousemen,
361 2681 56 26 who
428 2689 41 17 are
485 2680 124 33 subjected

80 2722 44 23 not
143 2720 58 33 only
220 2723 27 23 to
265 2721 43 26 the
327 2721 157 34 competition
501 2721 27 25 of
548 2728 61 25 poor

82 2760 121 27 Germans
220 2761 53 27 who
407 2764 25 25 to
564 2761 45 27 but

81 2801 98 32 against
189 2801 56 26 that
255 2802 28 25 of
298 2803 44 25 the
363 2810 57 18 sons
442 2803 27 25 of
478 2802 51 26 well
541 2802 68 25 to-do

81 2848 67 23 men,
167 2840 54 26 who
237 2842 60 24 send
318 2842 70 26 them
410 2844 26 24 to
459 2842 57 33 gain
539 2842 69 25 trade

79 2881 102 28 secrets,
203 2880 49 24 and
270 2880 55 27 who
335 2888 42 18 are
396 2881 119 25 therefore
534 2880 75 35 ready

83 2920 26 23 to
124 2918 65 25 work
208 2920 37 24 for
266 2920 114 33 nothing.

114 2958 71 26 Even
208 2959 69 26 these
298 2960 69 29 evils,
389 2960 113 26 however
522 2960 85 26 morti-

80 2997 71 31 tying
162 3001 26 21 to
198 2997 43 25 the
261 2998 142 30 individual,
424 2998 33 26 do
468 3003 43 21 not
519 2999 89 32 justify

80 3049 17 16 a
108 3040 111 26 clamour
240 3042 37 26 lor
295 3050 58 19 war.
387 3044 26 25 It
431 3043 21 26 is
469 3044 56 31 only
538 3043 70 26 those

51 3099 6 5 .
83 3082 53 24 who
146 3081 63 26 have
221 3090 56 18 seen
299 3083 78 26 active
388 3084 98 25 service,
495 3092 28 17 or
544 3092 64 24 gone

81 3120 108 33 through
208 3131 13 15 a
244 3123 135 33 campaign,
403 3123 56 26 who
481 3130 47 18 can
546 3123 62 32 fully

82 3160 86 26 realise
179 3162 42 24 the
239 3162 98 27 horrors
359 3163 27 26 of
402 3163 29 26 it.
466 3163 61 25 Talk
538 3165 26 24 to
575 3170 34 18 an

80 3199 43 25 old
136 3200 88 25 soldier
235 3202 54 25 who
300 3202 46 26 has
365 3203 60 25 been
447 3203 107 31 through
565 3202 42 25 the

80 3237 118 26 •Crimean
221 3239 66 30 War,
321 3240 42 26 the
388 3241 106 31 Mutiny,
515 3240 91 33 Egypt;

83 3285 27 16 or
122 3285 60 18 even
202 3279 43 25 the
265 3280 98 26 Soudan
364 3296 30 4 —
396 3290 15 16 a
433 3283 97 23 veteran
553 3280 56 26 who

83 3317 45 24 has
141 3319 71 29 spent
233 3326 72 25 many
326 3320 101 26 months
445 3320 28 25 m
490 3320 43 26 the
543 3326 64 19 tren-

81 3356 69 27 ches,
174 3364 27 17 or
223 3365 15 16 a
259 3361 130 29 youngster
410 3360 55 24 who
476 3360 50 24 has.
540 3359 67 24 faced

292 3395 27 26 m
338 3396 40 27 his
388 3397 58 26 wild
455 3396 95 27 rushes.
585 3396 24 27 If

80 3431 34 25 lie
127 3433 105 31 happens
243 3436 26 23 to
288 3435 29 26 be
339 3444 33 17 an
391 3437 138 33 intelligent
540 3445 65 23 man,

80 3471 104 31 capable
196 3472 27 25 of
231 3475 133 31 conveying
384 3475 40 26 his
441 3476 165 32 impressions;

83 3508 32 24 he
126 3509 50 24 will
199 3510 44 24 tell
262 3512 26 24 of
308 3512 42 25 the
375 3517 96 28 strange
482 3514 89 32 feeling
582 3515 25 24 of

85 3547 177 27 excitement—
264 3550 87 27 almost
367 3552 70 27 fierce
452 3553 75 34 joy—
527 3554 80 25 which

87 3589 121 30 pervaded
245 3590 42 25 the
311 3592 109 27 barracks
442 3595 71 24 when
541 3603 66 17 news

87 3633 69 17 came
201 3626 54 26 that
283 3635 50 19 war
359 3638 49 18 was
428 3633 119 29 declared,
580 3642 27 17 or

86 3663 43 24 the
148 3663 121 31 regiment
287 3666 99 27 ordered
405 3671 24 23 to
448 3670 43 26 the
509 3673 53 23 seat
583 3672 27 25 of

81 3709 49 16 war
138 3708 6 22 ;
165 3701 52 25 how
229 3703 85 26 chums
325 3705 96 28 became
433 3717 64 17 more
507 3710 98 32 cordial,

85 3741 49 25 and
147 3744 110 28 personal
274 3746 192 32 estrangements
486 3758 63 18 were
560 3751 47 25 for-

81 3783 90 29 gotten
181 3782 26 24 m
216 3783 43 25 the
269 3784 109 31 pleasure
389 3789 25 23 of
424 3790 96 32 talking
532 3776 75 40 about

85 3822 29 25 it,
139 3821 48 23 and
208 3822 52 24 also
281 3824 27 23 m
330 3825 137 35 discussing
485 3830 122 31 probabil-

81 3858 66 25 ities.
189 3859 39 25 He
248 3861 52 24 will
318 3863 44 26 tell
378 3873 46 23 you
444 3868 55 25 that
518 3868 31 33 by
566 3870 42 25 the

85 3898 61 24 time
174 3899 24 24 of
225 3899 126 33 departure
380 3904 48 27 this
450 3907 89 34 feeling
558 3910 49 24 will

83 3936 65 24 have
160 3937 120 27 subsided.
314 3941 49 26 The
383 3946 103 33 parting,
497 3948 59 25 with
567 3950 42 25 the

86 3984 96 17 women
200 3979 48 25 and
270 3981 116 33 children,
410 3986 49 25 and
470 3989 43 24 the
525 3989 78 25 know-

85 4016 71 31 ledge
168 4018 52 25 that
237 4026 72 27 many
332 4023 27 25 of
381 4025 42 26 the
447 4026 48 27 fine
518 4028 91 27 fellows

84 4054 55 24 who
150 4057 83 24 march
245 4058 80 27 beside
344 4061 77 33 them,
438 4066 47 24 and
504 4067 105 32 perhaps

85 4094 60 31 they
156 4094 152 36 themselves,
321 4102 49 24 will
381 4103 66 27 leave
459 4107 62 24 their
532 4108 74 26 bones

86 4139 26 16 m
125 4140 16 15 a
151 4132 91 33 foreign
264 4137 64 30 laud,
351 4140 75 32 %>es
447 4145 64 24 their
526 4146 83 26 hearts

83 4172 174 32 ■sonearjheir
278 4174 77 33 boots,
367 4176 66 29 Ihat
450 4183 94 24 neither
567 4185 42 24 the

84 4206 150 29 ■enthusiasm
264 4213 25 25 of
315 4214 42 26 the
386 4220 140 30 spectators,
555 4223 54 25 who

82 4250 72 27 /greet
165 4249 67 26 them
243 4260 28 17 as
282 4255 59 32 tney
351 4258 84 24 march
446 4264 26 20 to
487 4261 48 25 the-
542 4263 67 31 point

87 4287 26 24 of
123 4287 172 35 embarkation,
318 4303 45 17 nor
382 4298 63 25 their
465 4308 54 17 own
530 4303 80 25 forced

88 4327 82 31 levity,
183 4336 45 17 can
248 4333 62 25 raise
332 4335 56 26 that
409 4346 75 24 organ
504 4341 52 25 into
579 4343 31 24 its

87 4372 87 24 proper
184 4368 112 30 position.
317 4390 3 3 .
331 4373 70 27 Then
410 4385 82 18 comes
504 4379 42 25 the
558 4380 53 27 dull

85 4409 132 30 monotony
228 4410 25 24 of
272 4412 42 25 the
335 4416 145 33 troop-ship,
505 4419 106 27 relieved

86 4447 58 30 only
173 4449 154 35 temporarily
354 4463 31 16 on
414 4458 88 25 arrival
515 4459 31 32 by
568 4461 42 25 the

83 4492 68 18 aews
162 4485 27 25 of
203 4487 63 28 what
278 4490 44 27 has
335 4494 72 25 taken
419 4495 73 32 place,
507 4498 39 25 the
562 4499 49 27 fact

650 177 54 25 that
715 178 62 25 such
796 187 14 16 a
830 180 120 31 regiment
972 180 46 25 has
1037 180 62 26 been
1117 181 60 24 been

650 219 42 24 cut
702 225 42 24 up,
757 218 48 26 and
998 220 21 25 is
1031 228 91 25 among
1133 221 43 25 the

650 256 41 26 list
702 256 27 26 of
743 256 80 32 killed,
847 258 22 24 is
882 261 41 22 not
934 258 32 33 by
977 267 48 23 any
1035 267 87 17 means
1134 267 41 17 en-

650 296 141 32 couraging,
820 297 130 32 especially
978 299 25 23 to
1026 298 68 25 those
1120 298 52 24 who

650 336 115 34 haye^npt
788 336 61 27 been
860 338 26 24 m
906 338 80 25 action
999 338 88 29 before.
1118 338 58 27 ,The

650 376 80 25 forced
741 376 127 33 marching
886 378 27 24 m
936 378 59 25 heat
1010 387 29 16 or
1052 378 68 29 -cold,
1133 378 43 26 the

650 415 147 26 defitiencies
820 417 25 24 of
872 416 42 25 the
936 418 176 24 commissairet
1134 417 40 24 de-

649 457 132 29 partment,
797 456 49 23 and
857 456 43 24 the
916 457 121 31 roughing
1047 458 20 23 it
1078 457 26 24 m
1123 465 52 16 var-

649 495 53 24 ious
720 502 74 23 ways,
817 495 91 25 knocks
936 496 42 25 the
999 496 45 30 gilt
1072 496 32 24 oft
1132 496 42 25 the

649 533 69 31 glory
729 532 57 32 long
807 532 93 27 before,
910 533 43 26 the
972 542 85 23 enemy
1080 534 21 25 is
1113 536 57 23 met.

649 571 43 24 All
720 571 50 25 this
797 571 75 26 raises
899 580 34 16 an
959 572 108 24 irritable
1094 573 75 30 spirit,

648 610 81 24 which
740 610 89 26 desires
851 613 27 23 to
896 611 95 31 expend
1008 611 68 25 itself
1085 620 32 16 on
1129 611 43 25 the

648 656 92 24 enemy,
765 649 54 25 who
838 649 156 32 persistently
1016 651 89 23 retreat
1123 649 49 25 and

647 688 60 33 keep
718 689 44 25 out
772 689 28 24 of
822 688 75 32 sight.
932 689 35 24 At
979 689 46 25 last
1050 696 81 18 comes
1155 697 15 17 a

647 728 62 24 little
732 726 35 25 bit
789 727 25 25 of
836 735 15 17 a
873 727 123 29 skirmish,
1021 727 59 27 with
1099 727 74 30 firing

647 765 77 24 under
735 772 74 18 cover
816 766 26 23 at
853 764 60 32 long
934 772 83 24 range,
1040 765 82 25 which
1134 754 39 38 rel

647 809 62 25 suits
720 808 27 25 m
757 818 15 14 a
783 808 74 32 slight
873 808 50 25 loss
935 816 33 17 on
979 817 45 16 our
1035 808 60 29 side,
1113 817 59 24 poor

646 852 63 25 Jack
720 859 28 17 or
767 852 62 25 Tom
852 851 120 32 dropping
988 852 38 25 his
1047 851 53 25 rifle
1123 853 47 24 and

645 890 87 32 falling
742 889 129 25 backward
882 890 59 24 with
953 897 15 17 a
979 889 77 25 bullet
1064 890 115 31 through,

645 927 40 25 his
712 926 79 26 heart.
912 928 57 29 last,
998 927 90 25 almost
1110 935 27 17 as
1156 935 14 17 a

645 966 76 30 relief,
741 975 80 17 comes
844 976 15 16 a
880 967 98 32 general
1000 969 172 30 engagement.:

645 1006 50 24 Not
705 1005 67 32 quite
791 1005 65 25 what
878 1005 42 25 the
943 1006 95 24 novices
1061 1006 109 31 thought

645 1043 20 25 it
675 1043 81 25 would
766 1043 30 25 be
814 1043 56 29 like,
887 1043 53 29 but,
953 1043 62 26 after
1023 1052 13 15 a
1055 1044 115 25 tiresome

645 1083 35 24 lot
708 1083 25 25 of
761 1083 176 33 mancevuring,
966 1083 143 26 bewildered
1138 1083 29 32 by

645 1123 83 25 smoke
734 1123 50 25 and
795 1123 66 30 dust,
879 1123 48 24 and
938 1124 104 31 enraged
1054 1123 31 31 by
1103 1131 66 18 com-

645 1163 70 24 rades
725 1163 151 31 continually
887 1163 118 32 dropping
1016 1163 77 25 under
1110 1172 60 24 your

645 1201 56 32 feet,
722 1208 15 17 a
748 1201 60 24 rush
818 1201 37 24 for
870 1201 43 25 the
924 1202 107 31 enemy's
1043 1202 126 25 entrench-

645 1241 88 23 ments.
767 1239 54 25 One
838 1239 98 32 volley,.,
944 1240 49 25 and
1010 1240 69 29 then,
1091 1240 79 25 thank

644 1278 93 25 heaven
748 1280 5 23 I
774 1279 64 25 close
850 1281 108 30 quarters
969 1281 27 23 at
1012 1280 50 24 last
1063 1293 31 5 —
1094 1279 75 25 hack-

644 1316 51 31 ing,
718 1317 134 31 thrusting,
881 1316 122 33 clubbing,
1032 1317 138 25 maddened

645 1355 60 25 with
716 1362 65 23 r*ge,
795 1356 84 30 caring
895 1354 111 32 nothing,
1018 1355 92 32 feeling
1125 1363 44 17 no-

645 1393 78 31 thing,
736 1392 93 33 though
841 1393 55 24 half
897 1392 109 26 -blinded
1017 1394 60 24 with
1088 1393 79 25 blood.

646 1432 140 31 Stumbling
807 1433 111 27 forward,
937 1440 47 23 you
1008 1441 41 16 are
1066 1434 103 30 brought

643 1471 52 25 face
706 1473 26 23 to
753 1471 51 25 face
826 1471 61 25 with
909 1480 14 16 a
944 1471 115 33 powerful
1082 1471 87 31 fellow,

643 1509 82 26 whose
736 1510 102 25 clubbed
849 1510 53 25 rifle
913 1510 22 25 is
947 1511 74 24 about
1031 1514 26 21 to
1065 1509 105 30 descend

643 1558 33 17 on
686 1558 62 24 your
770 1550 131 25 comrade's
923 1549 71 26 head.
1028 1550 68 25 Your
1111 1548 57 34 bay-

643 1590 58 23 onet
711 1587 29 26 is,
744 1588 100 31 pointed
852 1588 54 32 just
915 1588 78 25 under
1003 1588 40 25 his
1054 1589 45 24 left
1106 1593 63 25 arm;

642 1634 48 24 you
704 1626 66 26 drire
777 1627 21 25 it
808 1634 25 17 m
845 1627 108 31 through
969 1627 40 25 his
1021 1627 78 28 heart,
1111 1627 58 27 feel-:

642 1666 42 32 ing
694 1666 43 25 the
753 1666 61 26 steel
829 1668 70 30 grate
914 1667 97 31 against
1021 1666 41 26 his
1081 1667 48 25 ribs
1141 1674 28 18 as

642 1712 48 24 you
701 1704 66 25 drive
790 1705 20 23 it
822 1704 82 25 home.
939 1704 89 25 Before
1049 1712 49 25 you
1123 1711 46 18 can

642 1750 97 17 recover
749 1750 60 23 your
819 1743 49 24 feet
879 1751 15 16 a
913 1743 137 31 deadening
1068 1751 100 16 concus-

642 1780 54 26 sion
708 1787 33 18 on
767 1788 62 25 your
851 1781 121 31 cranium,
989 1780 49 25 and
1039 1794 31 6 —
1071 1789 49 24 you
1130 1789 36 16 re-

642 1820 106 26 member
758 1829 34 17 no
800 1829 67 17 more
884 1822 40 24 till
931 1829 49 24 you
997 1821 53 25 find
1061 1821 111 32 yourself

642 1859 22 24 m
685 1859 42 25 the
746 1859 107 31 hospital

675 1899 77 32 Apart
769 1899 60 25 from
852 1899 42 25 the
904 1899 138 32 ..sufferings
1064 1898 27 25 of
1100 1898 69 25 those

641 1937 55 26 who
708 1945 41 18 are
761 1937 107 33 actually
888 1938 109 32 engaged
1019 1938 27 24 m
1058 1937 111 33 slaught-

641 1976 70 31 ering
722 1976 60 24 each
798 1976 78 28 other,
900 1977 68 23 there
989 1979 21 21 is
1033 1979 25 21 to
1070 1975 29 25 be
1111 1983 56 17 con-

641 2013 95 25 sidered
763 2013 43 25 the
833 2013 101 25 terrible
964 2013 131 32 hardships
1122 2021 47 17 war

640 2054 104 32 imposes
757 2061 64 25 upon
833 2053 43 26 the
883 2053 220 32 non-combatants,
1120 2053 49 35 and,

640 2102 66 24 upon
718 2094 42 26 the
776 2102 95 18 women
896 2095 49 25 and
967 2095 111 25 children
1093 2095 77 31 living

639 2141 60 17 near
708 2133 42 25 the
758 2134 51 24 seat
825 2133 28 25 of
857 2141 57 17 war.
948 2133 99 25 Picture
1059 2135 25 24 to
1096 2141 72 24 your-

640 2172 48 25 self
696 2171 43 25 the
749 2171 55 25 face
816 2171 26 25 of
859 2179 16 17 a
897 2173 104 31 country
1012 2179 57 17 over
1088 2172 81 25 which

640 2220 14 17 a
673 2212 132 26 victorious
819 2220 68 23 army
909 2212 46 25 has
976 2212 81 26 forced
1073 2213 31 23 its
1117 2220 52 23 way

641 2265 29 4 —
671 2250 109 25 wrecked
809 2249 161 31 farmhouses,
1006 2249 57 25 bare
1088 2250 79 30 fields,

638 2290 109 30 weeping
763 2289 51 24 and
824 2288 142 31 frightened
983 2296 98 22 women,
1104 2289 64 24 hun-

638 2336 44 24 gry
692 2327 110 26 childien
823 2327 60 33 (and
895 2335 33 18 no
940 2328 119 32 certainty
1071 2327 26 25 of
1106 2327 62 26 feed-

638 2368 44 32 ing
699 2367 77 31 them,
806 2367 70 26 trade
904 2367 49 26 and
979 2367 112 33 industry
1118 2368 50 25 dis-

637 2405 135 33 organised,
784 2408 119 30 property
915 2405 135 31 destroyed,
1063 2407 50 25 and
1129 2408 40 25 the

636 2446 66 25 work
713 2445 27 25 of
748 2454 14 15 a
773 2445 142 32 generation
935 2447 77 31 swept
1031 2454 68 26 away
1114 2448 28 25 m
1154 2456 15 17 a

636 2485 45 25 few
692 2485 85 24 hours.
812 2484 34 25 Or
866 2484 113 25 consider
999 2485 72 25 Paris
1089 2487 26 24 at
1126 2487 43 24 the

637 2525 58 25 time
706 2524 27 25 of
744 2524 43 25 the
808 2523 67 32 siege
876 2538 31 4 —
908 2523 42 26 the
976 2524 86 32 people
1083 2525 86 33 taking

636 2563 81 33 refuge
741 2563 28 24 m
796 2563 44 24 the
867 2562 87 26 cellars
977 2563 49 25 and
1046 2563 43 26 the
1101 2566 66 23 cata-

636 2603 89 29 combs,
738 2601 137 32 provisions
887 2609 33 24 up
939 2603 26 24 to
976 2601 92 27 famine
1080 2603 87 31 prices,

636 2642 42 26 the
695 2649 60 25 very
774 2641 106 26 animals
901 2641 26 25 m
948 2641 43 26 the
1019 2643 87 25 Jardin
1127 2644 42 25 des

632 2681 98 33 plantes
757 2679 152 33 (Zoological
944 2679 122 34 Gardens)
1095 2681 74 32 being

636 2720 81 33 being*
723 2719 75 25 killed
819 2719 38 25 for
876 2720 64 28 food,
964 2720 49 24 and
1024 2720 44 25 the
1079 2728 87 25 poorer

635 2760 86 33 people
732 2760 84 33 eaticg
828 2759 65 26 their
918 2761 53 25 cats
990 2760 49 26 and
1056 2760 59 34 dogs
1142 2763 25 24 to

636 2801 94 25 sustain
741 2801 59 24 dear
810 2800 51 25 life.
897 2800 55 24 And
974 2801 133 25 remember
1125 2801 42 25 the

635 2839 60 25 dark
706 2838 73 26 deeds
804 2838 50 25 and
879 2840 114 30 outrages
1012 2838 82 26 which
1125 2847 42 17 are

635 2880 100 25 natural
746 2879 181 25 concomitants
937 2879 28 24 of
973 2880 62 24 such
1047 2880 110 25 disorder

636 2919 30 25 ed
672 2919 80 25 times.
770 2918 37 24 No
818 2920 7 22 1
843 2926 51 16 war
904 2918 23 24 is
938 2922 45 21 not
993 2920 26 23 to
1030 2918 31 25 be
1074 2918 93 32 spoken

636 2960 27 25 of
671 2959 94 32 lightly.
799 2958 25 25 It
835 2958 47 25 has
904 2958 61 25 been
976 2958 78 25 called
1143 2958 26 26 of

635 2998 44 24 the
704 2996 154 25 indecencies
875 2995 28 26 of
1153 2996 14 25 I

635 3034 87 26 should
734 3034 71 25 think
828 3034 55 24 that
904 3034 21 25 it
944 3034 82 24 would
1045 3035 31 24 be
1099 3042 67 17 more

635 3072 55 32 fitly
706 3071 96 30 named,
820 3078 48 18 one
889 3071 27 25 of
929 3071 43 25 the
994 3073 128 26 remnants
1141 3072 26 24 of

831 3109 47 26 Let
899 3117 30 17 us
951 3109 62 32 hope
1029 3109 43 26 the
1084 3109 48 32 day
1143 3110 22 25 is

634 3153 39 24 far
684 3151 102 28 distant,
797 3158 28 18 or
836 3150 55 25 that
902 3149 44 26 the
957 3150 61 26 time
1030 3150 49 26 will
1090 3158 75 18 never

635 3203 75 23 come,
729 3195 72 24 when
813 3194 119 32 England
943 3194 50 25 will
1016 3195 31 24 be
1057 3195 108 31 plunged

634 3235 27 24 m
672 3242 15 17 a
699 3232 134 26 death-like
856 3233 108 31 struggle
988 3232 59 25 with
1069 3240 47 24 any
1141 3233 27 24 of

635 3273 43 25 the
689 3271 71 26 other
773 3271 75 25 Great
862 3270 108 26 Powers.

667 3313 59 24 This
751 3320 57 24 may
830 3311 90 25 almost
943 3311 29 25 be
990 3311 139 25 considered
1151 3320 13 15 a

636 3351 110 32 Utopian
763 3350 88 29 desire,
870 3350 27 24 m
919 3350 62 24 view
1003 3350 24 23 of
1049 3349 42 24 the
1115 3349 50 24 fact

635 3389 54 25 that
700 3388 34 25 all
745 3387 99 32 Europe
854 3387 22 25 is
888 3388 26 23 at
924 3388 97 31 present
1033 3394 32 16 an
1076 3386 86 24 armed

634 3437 77 24 camp,
723 3428 49 25 and
782 3427 155 32 considering
958 3426 44 26 the
1018 3426 58 25 land
1087 3426 75 31 grab-

635 3473 60 33 bing
700 3471 160 33 propensities
869 3471 27 26 of
903 3471 41 25 the
953 3471 94 25 various
1059 3470 104 25 Powers'

635 3517 49 24 and
695 3516 43 25 the
749 3515 118 31 poigpant
888 3514 107 32 jealousy
1001 3533 1 1 ■
1014 3513 58 30 wjth
1083 3513 80 25 which

635 3560 58 33 they
717 3558 87 33 regard
831 3566 48 25 any
897 3558 127 26 extension
1053 3557 27 25 of
1104 3556 59 26 each

634 3604 82 25 others
736 3604 120 30 territory.
890 3602 51 24 But
963 3602 20 24 it
1003 3603 67 23 must
1085 3600 30 25 be
1127 3608 35 17 re-

634 3645 140 26 membered
793 3646 56 24 that
871 3645 42 25 the
936 3652 80 24 power
1038 3644 28 25 of
1080 3644 84 31 giving

635 3689 97 26 the'fiat
743 3689 38 25 for
800 3696 50 19 war
920 3696 73 24 peace
1004 3688 22 25 is
1038 3678 124 42 gradually!

635 3733 156 32 descending-
803 3733 65 25 into-
880 3734 40 23 the
932 3736 3 5 '
948 3732 82 25 hands
1074 3731 27 25 of
1121 3731 43 25 the
1174 3728 1 11 1

635 3777 92 32 people.
779 3776 81 24 When
884 3775 126 24 monarchs
1038 3774 57 24 held
1122 3774 41 24 the

627 3816 2 40 j
635 3820 66 25 reins
712 3819 27 25 of
744 3819 167 31 government,
925 3824 60 18 wars
997 3824 59 17 were
1066 3816 98 24 entered

635 3863 52 24 into
709 3870 32 17 on
767 3860 81 25 trivial
875 3861 116 31 pretexts,
1021 3859 49 24 and
1097 3860 67 23 often

635 3905 92 33 merely
737 3907 26 24 to
773 3904 86 32 satisfy
869 3903 114 33 personal
993 3903 72 31 pique
1077 3910 27 17 or
1112 3910 51 16 am-

636 3951 86 25 bition.
772 3950 34 23 As
834 3948 41 24 the
902 3946 91 25 middle
1023 3945 97 24 class—
1122 3944 41 25 the

636 3996 100 27 traders,
761 3991 201 26 manufacturers,
976 3990 48 24 and
1035 3989 128 23 financiers

636 4038 79 32 began
726 4038 25 24 to
839 4043 6 10 l
846 4035 42 24 the
899 4037 73 26 roost,
976 4034 14 18 '^
1002 4033 42 24 the
1052 4031 78 32 policy
1139 4032 27 25 of

636 4080 118 33 England
765 4082 96 23 became
872 4086 46 17 one
930 4077 27 25 of
1076 4078 26 21 at
1114 4083 48 23 any

748 4125 87 29 except
857 4122 68 24 when
936 4121 20 24 it
968 4120 99 25 became
1079 4126 82 17 neces-

638 4176 55 24 sary
703 4172 27 20 to
741 4173 108 18 overawe
865 4164 50 24 and
925 4170 91 22 occupy
1094 4157 70 39 semij

637 4211 139 25 barbarious
788 4209 104 30 country
914 4206 38 26 for
973 4205 43 25 the
1026 4211 104 25 purpose
1142 4204 26 24 of

637 4254 112 32 securing
760 4253 43 26 the
814 4249 163 28 bond-holder
989 4249 41 24 his
1047 4247 82 32 pound
1141 4247 25 25 of

637 4296 69 24 flesh.
730 4293 9 8 ''
749 4293 82 26 When
851 4291 61 30 fully
937 4287 129 31 developed
1083 4282 82 30 demo^

638 4345 71 24 cracy
720 4343 84 25 grasps
816 4334 43 25 the
870 4332 73 27 reins,
955 4330 50 25 and
1012 4331 41 23 the
1059 4329 107 31 English

639 4380 128 32 -speaking
794 4376 84 34 people
906 4374 115 27 federate,
1056 4372 48 24 and
1125 4379 41 18 are

638 4425 63 28 able,
718 4424 22 24 if
759 4427 135 24 necessary,
932 4419 26 23 to
979 4416 123 25 dominate
1124 4415 43 25 the

638 4467 84 29 world,
728 4473 3 7 :
745 4473 51 18 war
807 4463 49 25 will
878 4459 140 35 practically
1029 4459 28 24 be
1068 4467 14 15 a
1093 4458 73 31 thing

638 4513 24 23 of
673 4513 42 23 the
725 4512 64 31 past.
824 4508 70 25 Even
904 4513 63 21 now,
986 4511 33 18 no
1031 4504 132 24 statesmen

1204 181 76 25 would
1308 187 97 18 assume
1432 180 43 24 the
1503 179 182 34 responsibility
1706 183 26 25 of

1203 221 118 32 plunging
1343 220 43 25 the
1408 220 86 25 nation
1522 219 54 25 into
1597 227 15 17 a
1616 216 5 16 1
1637 215 43 32 life
1701 230 31 23 or.

1203 265 73 26 death
1300 264 117 32 struggle,
1435 263 104 26 without
1562 261 89 34 feelfog
1673 274 55 17 sure

1204 310 53 25 that
1285 308 42 26 the
1355 307 84 33 people
1471 315 61 18 were
1562 307 65 30 vjitli.
1649 309 78 26 them.

1203 353 134 27 Therefore,
1356 351 81 25 before
1448 351 197 31 cultivatingdjhe
1657 354 70 31 spirit

1202 397 26 25 of
1236 396 130 32 Jingoism,
1378 395 50 25 and
1439 395 81 27 before
1537 394 83 33 giving
1630 399 59 23 vent
1700 399 26 24 to

1203 439 131 25 bombastic
1341 439 120 31 _effusions
1483 438 74 34 likely
1568 440 25 23 to
1598 439 37 28 jbe
1645 448 81 23 regar-

1202 483 45 25 ded
1259 490 26 17 as
1296 490 15 17 a
1322 482 102 31 popular
1446 481 139 31 expression
1607 482 24 24 of
1647 482 78 32 indig-

1200 526 83 25 nation
1294 524 49 26 and
1353 524 85 30 wrath,
1462 525 20 24 it
1503 524 21 25 is
1543 524 51 25 well
1605 524 44 26 ;for
1659 533 30 17 us
1700 528 26 22 to

1200 570 110 25 consider
1320 569 110 25 whether
1441 576 36 17 we
1488 568 61 24 have
1618 569 107 34 Concep-

1200 614 51 24 tion
1263 613 26 24 of
1295 612 41 24 the
1346 612 99 25 horrors
1462 619 44 17 our
1513 610 62 33 folly,
1588 619 59 25 may
1655 613 70 31 bring

1199 656 53 26 into
1270 655 128 26 existence.
1423 669 6 3 -
1444 654 50 27 For
1515 655 26 24 at
1544 678 4 11 |
1563 653 42 26 the
1627 656 104 30 present;

1199 702 67 29 stage
1277 698 27 25 of
1313 698 154 28 civilisation,
1479 698 55 24 that
1544 698 84 25 nation
1637 698 50 25 will
1695 700 29 23 be

1194 742 64 26 held:
1275 750 33 24 up
1330 743 26 23 to
1384 741 42 25 the
1454 740 155 33 opprobrium
1629 742 27 24 of
1680 739 44 28 the

1199 785 82 30 world,
1304 785 55 25 who
1381 784 55 25 first
1447 787 16 19 f
1466 783 66 26 Cries
1548 783 86 27 Havoc
1644 786 7 23 I
1674 785 50 24 and

1198 830 47 25 lets
1256 830 47 30 slip
1314 829 44 25 the
1367 829 60 31 dogs
1438 828 28 25 of

1230 966 71 26 THE
1322 965 141 26 LEADER
1485 964 49 26 OF
1547 964 71 26 THE
1638 964 53 26 OP-

1376 1001 168 28 POSITION.

1230 1071 52 25 The
1308 1065 109 31 Builetim
1438 1069 46 25 has
1506 1077 16 17 a
1543 1068 181 26 characteristic

1197 1112 81 25 notice
1289 1110 27 27 of
1324 1110 43 26 the
1384 1110 80 25 leader
1475 1109 26 26 of
1516 1109 42 26 the
1571 1109 150 32 Opposition.

1466 1150 21 24 it
1506 1156 56 25 says
1574 1149 148 36 f^Omplains

1197 1188 97 33 bitterly
1310 1188 55 25 that
1384 1187 86 33 things
1489 1187 61 25 ain't
1664 1186 68 32 they;

1197 1235 57 17 was.
1300 1227 82 25 When
1403 1225 33 26 he
1457 1225 56 25 first
1531 1224 94 26 arrived
1641 1225 27 24 m
1680 1224 44 26 the

1197 1267 114 31 province
1337 1267 28 24 m
1386 1267 48 28 '68,
1456 1272 28 18 as
1503 1272 15 18 a
1538 1272 82 24 young
1642 1264 82 26 officer

1197 1305 25 25 of
1233 1305 43 25 the
1287 1312 77 23 army,
1386 1304 52 25 said
1459 1303 44 25 the
1521 1302 127 26 venerable
1671 1302 53 32 pol-

1196 1345 84 25 itician
1308 1344 116 32 recently,
1452 1351 57 17 men
1550 1342 124 32 depended
1691 1350 31 17 on

1197 1383 148 26 themselves
1355 1391 6 22 ;
1375 1382 53 26 'but
1447 1382 44 25 the
1510 1380 41 26 old
1562 1380 161 26 self-reliance

1196 1424 45 24 has
1264 1423 121 32 departed,
1410 1423 83 31 giving
1514 1422 68 31 place
1598 1423 26 23 to
1635 1419 87 33 depen-

1197 1461 73 25 dence
1287 1469 33 17 on
1336 1460 43 25 the
1402 1458 185 27 Government.'
1622 1458 100 26 Where-

1196 1507 67 24 upon
1290 1506 116 19 someone
1431 1497 129 30 unkindly'
1580 1497 85 32 points
1680 1498 44 24 out

1196 1540 55 25 that
1267 1540 34 25 in*
1311 1536 70 29 these
1397 1538 60 32 days
1474 1547 13 16 a
1504 1537 110 33 military
1632 1537 90 31 officer,

1196 1578 61 25 after
1273 1578 47 25 five
1353 1578 78 31 years'
1459 1576 131 29 residence,
1597 1592 8 21 :;
1614 1601 3 4 ,
1617 1584 47 16 was
1682 1584 40 16 en-

1196 1616 71 25 titled
1284 1620 26 21 to
1327 1624 15 16 a
1358 1615 49 24 free
1424 1616 72 31 grant
1521 1614 27 25 of
1568 1612 50 26 40(5
1635 1618 84 25 acres';

1195 1656 45 25 but
1257 1655 56 26 that
1336 1655 107 29 Russell,
1478 1655 61 25 after
1572 1653 62 33 only;
1645 1653 75 26 three

1196 1696 49 24 and
1267 1704 15 16 a
1306 1695 141 31 half-years'
1473 1694 136 29 residence,,
1627 1693 97 25 howled

1197 1744 26 16 so
1239 1735 97 31 bitterly
1353 1734 96 25 outside
1466 1733 152 25 Parliament
1634 1733 88 25 House

1196 1774 37 25 for
1249 1782 14 16 a
1286 1773 90 32 special
1397 1773 71 32 grant
1490 1772 56 25 that
1572 1779 32 17 an
1615 1771 47 25 Act
1673 1779 50 17 was

1196 1812 87 33 passed
1305 1811 83 32 giving
1409 1811 52 25 him
1479 1812 48 24 800
1550 1817 68 19 acres
1724 1804 5 9 1

1197 1850 59 25 Also
1277 1850 55 25 that
1343 1850 40 24 his
1394 1849 88 29 father,
1503 1848 59 26 then
1572 1857 14 16 a
1597 1847 126 32 politician

1196 1891 56 24 who
1278 1890 51 24 had
1357 1889 52 25 also
1437 1888 106 33 grabbed
1570 1887 74 25 much
1666 1887 56 25 land

1196 1928 84 33 gratis,
1303 1927 73 27 voted
1403 1926 37 26 for
1467 1927 41 25 the
1536 1933 111 19 measure
1652 1924 71 26 Hand

1197 1968 90 25 shoved
1302 1968 21 25 it
1342 1967 108 32 throngh
1471 1967 44 25 the
1534 1967 116 25 nominee
1659 1967 63 31 Leg-

1196 2007 100 32 islature
1307 2005 60 26 with
1378 2005 77 26 much
1477 2005 59 26 vim.
1570 2004 153 26 Australasia

1197 2055 62 18 owes
1271 2055 14 18 a
1306 2046 44 33 big
1372 2046 57 26 debt
1448 2047 26 25 to
1494 2046 41 26 the
1546 2046 110 33 pioneers
1668 2045 54 26 who

1197 2097 67 17 came
1273 2088 58 26 here
1342 2088 27 25 m
1380 2088 43 25 the
1434 2087 49 31 old,
1625 2087 99 32 roaring

1196 2126 68 33 days,
1268 2126 57 30 /end
1336 2126 58 27 took
1412 2126 40 25 the
1474 2125 59 26 land
1551 2126 38 24 for
1609 2119 113 39 nothing,

1196 2167 49 25 and
1257 2166 124 27 borrowed
1402 2166 44 26 the
1464 2174 89 26 money
1573 2168 25 24 to
1622 2175 62 24 open
1703 2167 20 25 it

1197 2214 32 24 up
1252 2206 60 26 with
1342 2206 72 25 roads
1444 2205 48 25 and
1536 2205 112 33 railways
1674 2206 49 24 and

1195 2245 127 31 harbours,
1340 2245 50 26 arid
1409 2245 44 26 left
1475 2245 43 26 tfce
1545 2247 98 31 present
1665 2253 57 25 gen-

1197 2283 92 24 eration
1299 2285 26 22 to
1353 2283 94 24 wrestle
1475 2283 60 25 with
1560 2283 42 24 the
1626 2283 44 25 bill
1686 2284 38 25 for

1197 2320 67 25 these
1275 2320 189 32 improvements
1482 2323 26 23 to
1520 2321 42 25 the
1583 2321 42 25 old
1643 2323 80 26 men's

1197 2361 120 32 property.
1351 2360 56 26 And
1428 2368 57 18 now
1504 2361 42 25 the
1564 2362 123 25 survivors
1698 2363 27 26 of

1196 2398 69 26 these
1273 2399 112 32 pioneers
1404 2401 45 30 put
1461 2407 32 17 on
1505 2400 48 24 airs
1565 2400 27 25 of
1601 2401 120 32 superior-

1195 2436 36 33 ity
1243 2436 75 26 about
1336 2436 66 26 their
1424 2436 171 32 self-reliance,
1616 2438 50 25 and
1677 2440 45 24 ask

1195 2476 43 25 the
1249 2476 85 32 people
1346 2476 27 26 of
1379 2476 85 33 to-day
1464 2492 32 4 —
1496 2477 56 26 who
1563 2486 43 20 are.
1612 2479 109 31 engaged

1197 2516 138 33 struggling
1357 2516 61 26 with
1440 2516 42 26 the
1503 2517 45 25 bill
1570 2517 119 27 aforesaid
1689 2533 33 4 —

1195 2554 56 34 why
1268 2555 55 32 they
1345 2554 69 27 don't
1436 2555 32 26 do
1486 2553 114 34 likewise,
1642 2556 79 26 There

1195 2603 63 18 were
1270 2603 66 18 some
1357 2596 113 25 valuable
1492 2605 59 17 men
1578 2605 91 25 among
1680 2598 42 25 the

1195 2636 42 28 old
1247 2636 131 31 identities,
1391 2636 45 25 but
1447 2636 42 26 the
1500 2636 54 26 best
1565 2637 74 32 thing
1649 2639 74 25 about

1195 2674 43 25 the
1257 2676 68 30 great
1344 2674 115 32 majority
1480 2675 27 25 of
1532 2675 70 25 them
1623 2676 23 25 is
1668 2676 56 25 that

1195 2713 59 33 they
1264 2721 41 18 are
1317 2713 62 26 dead
1390 2714 50 25 and
1451 2721 71 23 seem,
1539 2715 74 33 likely
1632 2716 28 25 to
1685 2723 36 18 re-
1731 2713 2 33 j

1194 2755 69 24 main
1285 2762 35 18 so.
1363 2753 75 28 Their
1459 2754 117 27 deadness
1578 2774 8 13 x
1607 2756 27 26 m
1656 2758 67 24 most

1194 2800 76 23 cases,
1282 2793 111 26 deserves
1404 2794 41 24 the
1454 2796 115 24 warmest
1575 2802 147 25 encourage-

1194 2835 76 22 ment.

1292 2993 181 26 POLITICAL
1503 2993 120 26 NOTES.

1398 3059 120 26 {Bulletin.)
1539 3066 11 4 ~

1226 3118 104 32 Captain
1341 3118 107 26 Russell;
1461 3116 83 27 leaded
1551 3117 73 27 ofthe
1634 3118 88 26 Maori-

1193 3162 57 25 land
1302 3162 420 33 Opposition-Tory-cum-National-

1193 3205 46 25 Ass
1267 3209 77 27 party,
1379 3206 131 31 promised,
1551 3206 28 24 m
1600 3214 15 17 a
1642 3209 82 22 recent

1193 3250 94 30 speech,
1316 3249 55 24 that
1390 3249 21 24 if
1431 3249 40 24 his
1494 3250 80 24 crowd
1581 3266 11 11 ■.
1603 3257 48 17 was
1657 3273 4 7 ,
1668 3252 55 22 sent

1193 3291 61 26 back
1264 3294 27 24 to
1308 3299 80 25 power
1479 3292 74 25 Land
1563 3292 50 25 and
1621 3292 101 26 Income

1193 3338 52 21 -tax
1256 3335 51 25 will
1328 3337 45 23 not
1393 3335 29 25 be
1442 3336 132 24 interfered
1595 3336 61 25 with
1673 3336 49 24 and

1193 3377 42 25 the
1251 3377 68 25 labor
1340 3377 140 32 legislation
1499 3378 51 24 will
1572 3378 30 25 be
1622 3379 75 31 given
1706 3386 16 17 a

1193 3420 45 24 fair
1365 3421 53 24 The
1436 3421 119 24 situation
1576 3421 22 24 is
1609 3422 111 25 interest-

1193 3463 49 33 ing.

1240 3607 235 22 TEMPERANCE
1507 3607 161 22 LECTURE

1224 3673 53 25 The
1293 3673 60 25 Eev.
1371 3673 29 25 L.
1420 3673 34 24 M-
1478 3673 92 26 ISITT
1587 3673 131 26 addressed

1191 3725 15 17 a
1224 3718 66 31 large
1315 3717 108 31 meeting
1447 3717 27 24 m
1504 3717 42 24 the
1568 3717 152 26 Oddfellow's

1191 3761 72 28 Hall,.
1272 3760 70 25 West
1352 3760 99 34 Oxford,
1466 3767 32 18 on
1510 3760 130 32 Thursday
1648 3762 73 31 night

1191 3804 57 24 last.
1294 3803 41 24 Mr
1357 3803 30 24 B.
1411 3802 36 24 H.
1468 3803 87 24 Parish
1579 3804 139 27 Chairman.

1191 3846 54 24 The
1257 3845 116 25 audience
1384 3852 51 18 was
1461 3847 65 23 most
1548 3846 171 30 enthusiastic,

1191 3889 48 25 and
1260 3888 103 25 listened
1385 3888 62 25 with-
1467 3890 54 30 rapt
1555 3891 119 24 attention
1692 3892 27 23 to

1191 3932 43 25 the
1261 3931 109 28 talented
1402 3931 115 26 lecturers
1545 3932 100 32 graphic
1667 3934 52 24 des-

1191 3977 103 30 cription
1311 3975 27 25 of
1358 3975 43 25 the
1424 3978 66 26 wan;t
1510 3976 50 24 and
1582 3977 90 32 misery
1694 3979 26 23 to

1191 4020 31 24 be
1233 4019 64 32 daily
1308 4019 52 23 met
1372 4018 68 29 with,
1457 4019 50 24 and
1518 4019 103 33 directly
1631 4021 90 24 caused

1191 4062 33 32 by
1235 4062 42 25 the
1289 4061 71 24 drink
1372 4061 84 25 traffic.
1491 4061 31 25 In
1534 4063 42 24 the
1594 4071 83 18 course
1697 4064 27 25 of

1193 4105 38 24 his
1249 4105 106 28 address,
1393 4103 32 25 he
1449 4105 144 24 announced
1616 4106 26 23 m
1661 4115 59 24 very

1193 4150 85 28 strong
1289 4147 47 24 and
1349 4146 113 31 scathing
1484 4148 73 23 terras
1576 4148 39 24 his
1629 4148 90 25 ttb'hor-

1193 4198 70 17 rence
1275 4190 24 24 of
1311 4188 85 30 Clubs',
1406 4189 79 24 which
1498 4189 78 25 called
1582 4190 65 25 forth
1656 4200 65 17 some

1193 4233 234 32 uncomplimentary
1445 4233 110 25 remarks
1578 4234 60 24 from
1648 4243 15 16 a
1675 4236 45 25 de-

1192 4277 84 25 fender
1287 4275 26 26 of
1328 4275 43 26 the
1382 4275 62 25 local
1465 4275 75 30 Club,
1564 4277 55 24 who
1642 4279 78 24 main-

1193 4319 82 25 tained
1303 4319 56 24 that
1384 4318 42 24 the
1438 4319 122 30 speaker's
1589 4322 143 24 assertions,

1195 4369 59 18 were
1264 4363 45 23 not
1319 4362 77 24 borne
1407 4363 43 23 out
1467 4360 32 33 by
1521 4362 70 29 facts,
1615 4363 50 24 and
1677 4364 41 24 did

1193 4407 44 23 not
1260 4404 72 32 apply
1365 4407 26 22 to
1411 4412 45 17 our
1480 4405 64 25 local
1571 4406 151 30 institution,

1193 4449 82 24 whose
1299 4448 101 25 balance
1423 4449 66 23 sheet
1510 4449 80 24 would
1619 4450 28 24 be
1675 4450 47 25 for-

1193 4491 96 28 warded
1300 4493 25 24 to
1337 4491 61 31 him,
1422 4499 27 18 so
1471 4491 56 28 that
1550 4492 31 26 he
1671 4494 47 25 lec-

1766 181 77 31 turer)
1864 189 57 24 may
1944 189 38 17 see
2002 182 56 25 how
2081 182 146 31 unjustified
2238 189 60 18 were

1763 222 41 26 his
1825 224 115 26 remarks.
1977 225 40 26 Mr
2041 225 67 26 John
2128 225 92 26 Baxter
2241 233 54 25 pro-

1763 268 76 30 posed
1850 275 15 17 a
1876 270 56 24 vote
1944 269 25 25 of
1980 269 91 25 thanks
2083 271 26 24 to
2128 269 42 25 the
2182 269 113 30 lecturer,

1764 310 89 32 (which
1865 319 51 18 was
1928 313 94 24 carried
2041 313 61 25 with
2117 313 128 33 applause)
2258 313 38 26 for

1761 353 38 26 his
1810 355 160 31 magnificent
1980 358 99 28 lecture,
2109 358 50 23 and
2170 357 81 32 hoped
2262 357 32 25 he

1761 398 79 24 would
1852 399 70 31 again
1933 400 58 24 visit
2017 400 90 25 Oxford
2131 405 50 20 and
2204 401 89 25 favour

1761 440 68 24 them
1843 442 57 23 with
1913 443 109 24 .another
2039 443 65 25 such
2262 444 29 24 A.

1760 484 55 24 vote
1826 484 24 24 of
1862 484 90 25 thanks
1965 487 26 23 to
2003 486 43 25 the
2057 487 143 28 Chairman,
2213 487 73 25 brou-

1758 525 44 32 ght
1813 527 26 24 to
1850 534 15 17 a
1877 528 63 24 close
1952 535 47 18 one
2017 529 28 24 of
2059 529 42 25 the
2112 532 66 23 most
2189 530 97 32 orderly

1748 569 60 26 .and
1829 571 118 24 attentive
1970 572 131 25 audiences
2122 574 44 23 the
2187 574 104 24 lecturer

1757 611 46 25 ha
1801 611 25 25 9
1815 619 56 18 ever
1882 614 138 25 addressed.

1791 748 78 24 FIRE
1893 748 37 25 IN
1946 746 144 28 CHURCH
2111 751 140 25 STREET.

1790 830 23 25 A
1822 832 95 31 cottage
1928 833 115 31 occupied
2055 833 31 31 by
2097 833 52 25 Mrs
2154 833 131 33 'Sheehan,
2286 839 3 13 ;

1757 877 15 17 a
1789 870 84 26 widow
1900 871 61 25 witn
1978 880 15 16 a
2018 872 71 32 large
2108 873 100 32 family:
2236 882 50 18 was

1756 913 147 32 completely
1919 914 138 33 destroyed-
2061 913 46 26 -60
2126 907 160 43 -^edne^d^

1757 955 72 33 ni6ht
1831 974 6 7 -
1919 986 2 2 ■
2050 979 42 24 ;q.
2133 979 64 25 tp.--.,

1790 998 53 26 The
1858 999 46 26 fire
1912 1008 103 24 appears
2036 1002 27 24 to
2074 1001 63 27 Have
2149 1002 137 33 originated

1756 1042 107 31 through
1874 1051 13 15 a
1899 1043 116 26 dtfective
2026 1044 122 35 chimney,
2170 1046 50 25 and
2234 1054 51 18 was

1755 1083 55 27 first
1822 1085 142 27 discovered
1975 1086 32 33 by
2018 1087 155 33 neighbours,
2193 1089 92 27 Messrs

1756 1128 47 25 Roi
1822 1130 48 23 and
1883 1129 118 32 Sohman,
2022 1131 55 26 who
2086 1132 117 32 Relieved
2225 1134 60 32 they

1756 1171 48 25 had
1815 1172 144 33 completely
1980 1174 172 33 extinguished
2167 1177 28 27 it,
2218 1176 65 26 howr

1756 1222 62 23 ever,
1838 1223 67 18 some
1928 1217 172 34 smouldering,
2112 1218 9 24 1
2135 1219 79 25 which
2234 1228 49 17 was

1756 1257 182 32 undiscovered,
1978 1261 89 24 caused
2088 1270 14 15 a
2121 1262 89 25 second
2229 1265 53 24 out-

1756 1296 73 25 break
1840 1297 60 25 with
1923 1298 43 25 the
1978 1300 79 24 result
2078 1308 27 16 as
2128 1302 89 24 stated.

1765 1346 3 14 :
1787 1336 70 23 Most
1862 1336 27 24 of
1896 1337 42 23 the
1949 1336 120 26 furniture
2080 1346 51 17 was
2142 1339 82 32 saved,
2237 1339 46 27 but

1756 1380 15 18 a
1780 1372 63 32 good
1853 1380 76 25 many
1940 1374 136 26 household
2095 1376 98 26 articles
2205 1378 78 26 which

1756 1406 51 31 will
1818 1414 30 24 be
1858 1414 61 25 hard
1927 1416 26 24 to
1965 1415 95 32 replace
2068 1424 62 17 were
2140 1418 56 24 lost.
2232 1418 52 24 The

1756 1455 133 27 Insurance
1910 1464 32 18 on
1966 1458 41 25 the
2018 1459 115 30 premises
2145 1459 30 25 is'
2180 1459 63 31 £50,
2255 1460 28 24 m

1756 1498 43 26 the
1822 1499 129 30 Standard,
1985 1501 86 33 .whjch
2088 1524 5 8 ,
2096 1502 187 34 unfortunately

1756 1542 51 25 will
1826 1545 43 23 not
1880 1543 30 26 be
1929 1543 123 26 sufficient
2073 1546 25 24 to
2111 1539 118 33 reinstate
2240 1546 43 26 the

1755 1584 128 29 premises.
2177 1594 23 19 v>

1768 1628 8 23 .'
1836 1628 46 26 •'■'■'".,'
1911 1628 27 23 -f
1945 1628 51 24 j.J
2005 1641 15 11 _■
2189 1630 7 15 (■
2214 1630 3 2 ~
2229 1628 3 4 '
2245 1623 3 8 '

1743 1675 163 84 LOCAL
1938 1675 98 84 and
2068 1675 228 84 GENERAL

1789 1816 106 29 Masks*
1913 1816 140 30 Report.—
2055 1818 50 26 The
2118 1821 68 30 entry
2203 1820 79 27 at.the

1754 1858 148 33 local-yards
1912 1868 33 17 on
1957 1861 128 32 Thursday
2100 1863 56 28 last,
2164 1870 55 21 was,
2225 1872 56 24 very

1756 1902 75 25 much
1843 1902 107 28 lessened
1961 1904 32 32 by
2007 1922 3 6 ,
2012 1905 43 25 the
2078 1905 132 26 inclement
2220 1913 61 18 wea-

1756 1946 62 32 ther,
1837 1948 42 25 but
1912 1948 217 33 notwithstanding
2172 1950 62 33 fully
2267 1959 15 16 a

1756 1990 123 26 thousand
1890 1992 73 31 sheep
1974 2000 61 17 were
2043 1993 97 31 yarded.
2173 1993 109 32 Bidding

1755 2034 37 26 for
1808 2035 106 33 freezing
1925 2035 73 33 sheep
2008 2043 51 18 was
2070 2038 44 23 not
2137 2044 27 17 so
2175 2037 110 36 spirited;

1756 2087 26 17 as
1805 2082 26 23 at
1852 2080 104 26 former'
1969 2080 72 30 sales,
2059 2079 45 27 but
2126 2083 155 29 stores^were

1756 2123 66 32 quite
1834 2132 31 17 as.
1877 2124 65 31 firm,
1960 2124 81 26 lambs
2058 2124 136 33 especially.
2228 2125 53 26 The

1744 2191 3 11 (
1755 2167 125 33 following
1902 2175 41 17 are
1963 2167 43 26 the
2039 2168 117 32 principal
2176 2169 70 25 sales.
2248 2184 33 5 —

1756 2211 31 35 Gj3
1815 2213 57 24 Two
1900 2212 79 25 Tooth
2007 2212 146 26 Crossbreds
2180 2214 101 25 realised

1756 2256 53 24 15s.
1827 2254 48 30 4d,,
1895 2254 30 26 69
1937 2262 21 18 c.
1983 2256 51 24 15s.
2058 2256 48 30 Bd.,
2139 2258 32 23 70
2192 2265 21 17 c.
2227 2250 61 32 15s.'

1756 2298 42 26 7d.
1810 2299 31 23 46
1853 2307 21 15 c.
1887 2299 51 24 13s.
1952 2298 39 25 3d.
2022 2300 33 24 40
2067 2300 132 25 Crossbred
2209 2300 72 26 Ewes

1756 2341 106 33 brought
1877 2342 49 25 10s.
1938 2341 40 26 2d.
2009 2341 71 27 Store
2090 2343 79 26 lambs
2177 2343 113 34 brought!

1754 2385 64 25 from
1830 2387 37 24 7s.
1879 2385 32 25 8d
1912 2403 7 18 r
1931 2387 27 24 to
1970 2386 35 25 9s.
2020 2386 37 25 Id.
2076 2407 4 3 .
2095 2383 184 40 Merin.pEw^s,

1753 2428 27 25 m
1792 2428 76 31 lamb,
1881 2431 26 22 to
1919 2430 36 24 6s.
1989 2429 87 31 Cattle,
2095 2430 129 32 Springers
2235 2432 56 28 £4.,

1753 2480 60 25 Two
1831 2488 55 24 year
1893 2480 42 27 old
1945 2480 73 27 cattle
2035 2482 46 25 £8.
2093 2483 37 24 2s.
2144 2483 38 24 6d.

1747 2541 2 13 :
1788 2533 184 34 BocMt.^rWe'
1991 2541 63 27 wish
2079 2542 35 27 Yto
2142 2543 67 26 draw
2236 2552 45 17 our

1754 2585 96 27 readers
1867 2586 129 30 attention,
2013 2588 26 25 to
2050 2587 41 28 ths
2102 2587 49 30 feet
2158 2609 2 7 ,
2163 2588 62 33 that,
2238 2588 43 27 the

1756 2629 97 27 Church
1880 2630 27 26 of
1928 2630 117 33 England
2073 2632 81 25 Social
2173 2633 51 25 will
2251 2633 30 26 be

1754 2674 58 24 held
1828 2682 30 16 on
1886 2674 153 33 Wednesday
2066 2677 67 27 next,
2161 2676 50 24 and
2223 2688 4 7 •
2238 2677 52 24 the-

1754 2717 73 30 farce,
1914 2717 180 33 Emancipated

1754 2762 31 26 be
1801 2761 95 34 played.
1944 2787 118 10 ....,.
2227 2777 21 4 -■
2259 2790 7 5 

1789 2822 169 25 Football.—
1959 2821 91 26 Oxford
2060 2830 24 26 y.
2109 2822 132 38 Sheffield.^
2248 2823 33 26 At

1758 2865 116 26 Sheffield
1884 2872 31 18 on
1928 2865 123 33 Saturday
2062 2862 58 36 July
2128 2867 68 25 18th.
2206 2848 75 45 I^96^
2290 2888 2 7 ,

1756 2909 62 33 Play
1829 2912 26 23 to
1863 2910 62 24 start
1936 2911 27 24 at
1973 2910 17 23 2
2000 2917 61 25 p.m.
2095 2910 52 25 The
2158 2911 124 32 following

1756 2952 52 26 will
1817 2955 123 29 represent
1960 2953 98 25 Oxford.
2092 2953 36 26 Jr
2140 2954 91 31 Hurley
2247 2953 33 27 D\

1757 2996 130 30 McGrath,
1911 2995 66 27 Thos
1994 2996 151 29 -Harle,-G.
2159 2997 122 32 Aldridge,

1757 3039 31 25 E.
1801 3040 149 30 Thompson,
1963 3040 29 24 A.
2003 3039 82 28 Sirett,
2095 3040 28 26 C.
2133 3040 148 27 Grimwood.

1756 3082 25 25 J.
1799 3082 50 25 and
1871 3082 29 25 T.
1926 3081 181 31 Summerfield,
2128 3083 35 26 M.
2188 3084 93 32 Doody,

1757 3126 35 25 H.
1804 3126 147 32 Higginson,
1964 3126 24 26 J.
2000 3126 88 30 Blank,
2101 3127 41 25 Mr
2161 3128 42 25 W.
2215 3128 66 26 Clea-

1756 3178 59 23 ver,,
1840 3169 24 26 J.
1879 3169 128 27 McGrath.
2020 3170 107 32 Referee,
2140 3171 47 26 Mr.
2199 3171 84 26 James

1756 3214 106 31 Hooper.

1789 3267 233 25 Collision.—^Two
2032 3267 113 29 vehicles,
2157 3269 126 33 owned-by

1756 3310 92 25 Messrs
1870 3310 28 25 C.
1928 3310 151 32 Thompson,
2104 3312 36 31 (of
2156 3312 125 34 Carleton)

1755 3353 47 25 and
1848 3354 175 28 Summerfield,
2074 3355 134 32 accidently
2232 3356 49 24 col-

1754 3396 48 26 lied
1813 3396 94 26 outside
1918 3396 43 26 the
1968 3396 142 26 Harewood
2118 3397 70 25 Arm?
2197 3397 84 29 Hotel,

1753 3447 32 17 on
1799 3439 118 31 Saturday
1930 3439 110 33 evening.
2076 3439 67 26 Both
2154 3441 42 25 the
2203 3441 81 33 buggy

1752 3483 50 24 and
1813 3484 54 30 trap
1879 3491 58 17 were
1949 3491 68 17 more
2037 3491 27 18 or
2086 3484 49 25 less
2155 3484 125 26 smashed.

1784 3546 146 25 Influenza.
1931 3561 28 3 —
1965 3546 60 25 Now
2044 3547 49 24 this
2121 3548 118 32 epidemic
2257 3549 28 24 m

1752 3590 129 31 becoming
1891 3590 127 31 prevalent
2026 3599 36 16 we
2074 3592 111 32 strongly
2194 3600 89 17 recom-

1752 3631 126 27 mend'the
1889 3634 49 24 free
1949 3641 44 17 use
2005 3634 27 24 of
2041 3634 120 32 Platypus
2168 3635 84 25 Brand
2260 3636 26 24 of

1753 3676 152 33 Eucalyptus
1919 3676 123 26 Globulus
2070 3677 110 30 Extract,
2209 3679 74 25 taken

1754 3728 66 24 upon
1843 3728 73 24 sugar
1928 3728 43 17 •or
1989 3721 28 24 m
2039 3721 70 24 milk.
2144 3722 53 25 The
2219 3724 66 23 most

1752 3764 113 31 pleasant
1877 3771 53 25 way
1941 3766 25 23 to
1975 3764 56 25 tako
2043 3765 153 31 Eucalyptus
2218 3766 21 24 is
2257 3767 26 24 m

1753 3807 43 25 the
1827 3808 115 30 Platypus
1970 3808 86 24 Brand
2083 3808 28 24 of
2132 3809 151 31 Eucalyptus

1753 3850 114 31 Jujubes.
1887 3850 137 32 i'They'are
2034 3851 103 25 in'sucli
2149 3858 14 18 a
2162 3857 3 5 1
2174 3851 109 31 portable

1752 3889 70 28 form,
1834 3890 114 31 pleasant
1954 3892 31 23 -to
1997 3893 65 22 taste
2064 3904 13 15 j-
2088 3891 49 25 and
2154 3891 129 32 antiseptic

1754 3933 138 25 stimulant.

1771 4064 73 24 THE
1860 4064 226 25 MONUMENTS
2101 4065 74 24 AND
2194 4066 71 23 THE

1893 4125 96 25 BIBLE
1989 4125 156 25 AGAING.

1787 4187 53 25 The
1856 4188 63 31 JL#<^
1937 4188 58 31 May
2008 4187 85 29 16th,.
2102 4187 66 32 gives
2184 4188 99 27 .a.brief

1742 4237 2 22 I
1756 4231 49 25 and
1822 4231 119 26 incorrect
1957 4231 136 33 paragraph
2115 4231 27 24 m
2164 4231 117 27 reference

1806 4274 40 25 Mr
1862 4274 111 25 Flinders
1985 4283 3 5 '
2001 4274 101 26 Petrie's
2130 4278 82 22 recent
2232 4276 49 25 dis-

1755 4325 83 23 covery
1854 4317 27 24 m
1901 4317 90 31 Egypt.
2025 4318 40 24 Mr
2085 4317 80 25 Petrie
2182 4318 46 24 has
2245 4326 36 18 re-

1756 4361 80 30 cently
1857 4359 137 25 discovered
2013 4361 41 33 at^
2058 4359 96 25 Thebes
2174 4368 13 16 a
2205 4361 78 26 tablet

1749 4403 111 31 <relating
1871 4402 92 25 certain
1975 4403 93 25 actions
2080 4402 27 25 of
2112 4403 135 33 Meneptah
2260 4406 22 24 I.

1757 4446 50 24 and
1828 4446 26 23 m
1876 4445 50 24 this
1951 4445 144 31 inscription
2123 4453 98 25 ocsurrs
2243 4450 42 23 the

1759 4497 56 24 very
1838 4488 54 26 first
1914 4487 121 27 reference
2058 4490 25 24 to
2105 4488 78 28 Israel
2205 4500 26 17 so
2248 4492 37 26 far

2325 189 140 26 discovered
2485 189 27 25 m
2534 189 43 26 the
2600 191 127 33 Egyptian-
2749 195 104 24 records.

2324 234 61 25 This
2397 233 135 33 Meneptah
2548 233 46 27 has
2618 236 61 25 been
2700 226 56 36 h&d
2775 246 32 24 up
2827 247 26 17 as

2323 278 42 25 the
2375 278 116 26 Pharoah
2514 277 28 26 of
2558 278 43 26 the
2619 280 102 26 Exodus
2720 281 3 9 1
2739 281 57 30 tyho
2808 290 45 17 was

2322 321 114 26 drowned
2446 322 27 24 m
2495 321 46 26 the
2561 321 54 26 Red
2636 323 47 26 Sea
2695 333 6 5 '
2695 343 11 17 H
2725 325 37 25 for
2784 325 69 26 there

2321 373 42 17 are
2373 366 51 25 still
2446 366 72 25 those
2541 366 79 25 about*
2627 381 6 5 -
2639 368 56 25 who
2711 370 87 32 regard
2811 371 41 25 the

2320 408 102 27 Exodus
2434 417 27 18 as
2473 418 15 17 a
2498 407 125 28 historical
2631 413 130 27 narrative.
2764 415 3 4 I
2767 438 4 9 ,
2781 416 10 27 ',
2796 414 54 26 You

2319 452 84 31 wquloV
2413 454 107 31 scarcely
2537 454 78 24 credit
2622 471 4 4 •
2631 450 62 34 ihat,
2703 480 3 3 .
2711 455 21 24 if
2740 450 28 30 'it
2773 475 4 9 ,
2786 464 64 19 were

2318 497 45 23 not
2379 496 36 24 for
2432 495 43 25 the
2493 495 98 26 terrible
2616 499 157 29 superstition
2795 508 52 23 pre-

2318 537 83 26 valent
2421 542 116 28 amongst
2561 539 110 26 civilised
2687 542 93 32 people,

2350 582 137 32 According
2503 584 26 23 to
2540 582 44 25 the
2599 591 54 17 new
2777 586 69 24 Men-

2317 625 74 31 eptah
2402 625 76 24 found
2502 626 40 23 the
2566 628 87 30 people
2680 628 25 23 of
2726 628 74 25 Israel
2819 629 27 24 m

2310 664 88 33 ;Norih
2413 668 133 31 Palestine,
2582 673 42 21 not
2643 670 27 24 m
2690 670 92 32 Egypt,
2800 680 46 17 nor

2315 711 27 24 m
2359 711 43 25 the
2422 711 150 26 wilderness.
2606 713 68 31 They
2691 722 60 16 were
2768 717 45 22 not
2829 723 16 16 a

2314 756 38 23 set
2368 755 27 24 of
2410 755 123 31 fugitives,
2552 755 44 25 but
2608 763 15 17 a
2646 756 62 28 tribe
2728 757 27 25 m
2766 757 78 26 Pale-

2315 798 64 26 stine
2389 806 5 22 ;
2413 798 48 25 and
2472 798 32 26 he
2526 798 87 33 fought
2633 800 60 25 with
2711 800 66 35 $hem
2794 802 49 25 and

2313 842 85 31 nearly
2429 843 177 25 exterminated
2633 844 78 25 them.
2764 845 75 26 What

2314 884 51 25 will
2376 885 43 24 the
2430 885 124 26 defenders
2566 886 27 25 of
2610 885 43 26 the
2664 887 63 25 faith
2738 888 32 25 do
2780 889 59 24 with

2312 927 52 24 this
2380 927 70 25 fact?

2345 970 116 27 Needless
2473 973 26 24 to
2510 980 52 24 say,
2580 973 44 25 the
2641 974 72 26 Bible
2721 974 59 26 does
2794 981 46 20 not

2312 1014 108 24 mention
2446 1014 49 26 this
2522 1014 55 26 war*
2591 1016 26 24 of
2645 1017 43 25 the
2713 1019 125 31 Egyptian

2311 1055 66 33 king,
2390 1057 58 25 does
2465 1059 42 23 not
2526 1059 85 24 record
2632 1059 56 26 how
2706 1060 44 25 the
2772 1061 65 32 Egy-

2310 1099 81 33 ptians
2545 1102 42 25 the
2605 1103 125 26 Israelites
2746 1106 27 24 at
2782 1104 56 26 that

2310 1144 70 25 time.

2343 1187 53 25 The
2419 1188 126 31 Hebrews,
2572 1198 27 16 as
2616 1198 17 16 a
2647 1191 94 31 people,
2776 1199 60 17 were

2309 1239 75 17 never
2399 1231 27 25 m
2437 1232 82 32 Egypt
2530 1241 7 21 ;
2562 1241 28 17 or
2605 1233 22 24 if
2641 1242 37 21 so,
2696 1235 58 31 they
2775 1242 62 17 were

2310 1282 28 17 so
2360 1275 85 31 totally
2460 1275 169 32 insignificant
2650 1284 28 17 as
2706 1278 43 23 not
2765 1278 26 24 to
2807 1278 29 24 be

2309 1317 104 25 noticed.
2457 1318 52 25 The
2531 1318 133 30 Christian,
2688 1327 27 18 as
2734 1320 55 25 well
2808 1329 27 17 as

2309 1360 43 25 the
2375 1360 91 26 Jewish
2485 1361 116 32 scholars,
2634 1363 63 25 have
2719 1363 38 25 for
2778 1371 57 25 ages

2309 1412 66 23 upon
2387 1412 56 25 ages
2453 1405 116 32 regarded
2584 1406 43 25 the
2638 1407 50 25 tale
2699 1407 26 26 of
2744 1407 89 31 Moses,

2310 1447 90 28 Aaron,
2421 1447 94 25 Joshua
2532 1449 50 24 and
2609 1449 51 28 Co.,
2685 1458 27 17 as
2730 1450 103 32 history,

2309 1489 105 26 whereas
2425 1491 21 24 it
2464 1491 21 24 is
2507 1499 64 17 mere
2593 1491 91 26 Jewish
2704 1501 113 17 romance
2827 1502 6 21 ;

2310 1541 35 21 or,
2354 1536 26 22 to
2394 1534 74 31 speak
2485 1542 68 18 more
2574 1535 123 32 correctly,
2720 1536 113 33 religious

2309 1576 96 33 forgery
2424 1578 97 25 written
2543 1580 26 24 to
2593 1581 99 30 support
2711 1588 15 16 a
2747 1580 85 32 priest-

2309 1619 73 30 hood,
2405 1621 48 24 and
2479 1623 25 24 to
2525 1622 93 32 impose
2633 1630 66 24 upon
2710 1623 42 25 the
2775 1631 44 25 pec
2823 1638 9 4 -

2442 1661 6 14 r
2531 1669 5 4 '
2549 1661 9 13 v
2640 1671 47 5 ■—
2686 1675 2 2 ■
2726 1662 7 12 1
2751 1672 17 3 ~

2342 1706 25 25 If
2384 1708 42 24 the
2454 1709 60 32 Age.
2532 1710 116 31 correctly
2676 1711 92 30 reports
2783 1731 6 7 ,
2793 1710 40 24 Mr

2309 1750 88 29 Petrie,
2419 1751 33 25 he
2474 1752 65 30 gives
2550 1751 43 25 the
2612 1752 55 24 date
2678 1752 27 24 of
2713 1752 50 26 this
2782 1761 50 17 war

2309 1801 28 17 as
2348 1794 74 26 about
2443 1795 63 25 1200
2528 1803 46 18 b.c.
2608 1796 73 31 That,
2704 1797 128 32 according

2309 1840 26 22 to
2356 1838 42 25 the
2419 1839 132 24 makeshift
2573 1840 149 32 chronology
2744 1841 27 25 of
2790 1841 41 25 the

2309 1880 78 29 Bible,
2399 1889 51 17 was
2461 1881 73 25 about
2545 1882 41 25 the
2597 1882 59 25 time
2664 1884 27 24 of
2699 1883 130 32 Jephtaph,

2306 1923 74 32 judge
2392 1924 27 25 of
2438 1924 85 26 Israel.
2557 1925 25 25 It
2603 1926 22 25 is
2648 1927 42 24 not
2707 1934 124 25 necessary

2308 1971 26 21 to
2356 1975 43 23 say
2416 1968 55 25 that
2486 1976 34 17 no
2547 1969 62 24 such
2634 1977 58 22 war,
2721 1977 33 16 no
2770 1971 60 23 such

2308 2010 111 29 disaster,
2442 2018 44 17 can
2506 2011 29 24 be
2545 2011 69 26 fitted
2635 2012 54 25 into
2707 2012 43 25 the
2760 2012 71 25 Bible

2308 2054 48 25 tale
2365 2068 2 15 ;
2375 2054 37 26 for
2429 2054 54 26 that
2518 2055 83 32 period
2610 2063 7 23 ;
2643 2063 40 24 no,
2712 2063 46 17 nor
2779 2056 51 26 into

2307 2099 42 24 the
2359 2098 61 26 time
2439 2099 27 25 of
2485 2099 81 25 Moses
2582 2099 49 25 and
2652 2095 95 30 Joshua
2756 2108 7 21 ;
2786 2108 45 18 nor

2307 2142 52 24 into
2370 2142 43 25 the
2432 2143 68 24 times
2523 2143 26 25 of
2566 2143 116 30 Samuel,,
2696 2143 68 30 Saul,
2782 2144 48 24 and

2308 2185 95 33 I)avid;
2420 2185 26 26 m
2460 2185 57 31 fact,
2529 2185 20 26 it
2560 2186 73 25 won't
2654 2186 30 25 fit
2695 2189 134 29 anywhere.

2307 2229 25 25 It
2342 2230 22 24 is
2375 2229 117 32 certainly
2502 2230 132 31 provoking
2652 2232 26 22 to
2706 2230 53 24 find
2775 2232 56 25 that

2307 2272 42 24 the
2359 2272 124 32 Egyptian
2505 2273 105 28 records,
2632 2273 43 25 the
2697 2273 55 26 first
2773 2275 58 24 time

2307 2316 58 32 they
2387 2324 42 17 are
2451 2316 89 27 known
2562 2319 26 24 to
2610 2317 111 26 mention
2744 2318 85 29 Israel,

2307 2358 88 27 should
2407 2368 27 17 so
2445 2360 37 26 far
2499 2360 78 34 forget
2598 2361 148 26 themselves
2766 2370 28 17 as
2805 2364 26 23 to

2307 2404 62 25 omit
2379 2403 34 26 all
2423 2404 109 26 mention
2543 2404 27 26 of
2579 2404 93 33 Joseph
2678 2405 58 34 {and
2744 2405 85 30 Jacob;

2307 2448 26 24 of
2343 2447 81 25 Moses
2435 2447 49 25 and
2505 2447 90 31 Aaron,
2619 2449 27 25 of
2664 2449 43 25 the
2723 2449 106 32 plagues,

2307 2489 42 26 the
2367 2490 53 25 Red
2443 2490 48 26 £ea
2512 2491 167 32 catastrophe;
2709 2492 48 25 and
2775 2493 56 24 that

2307 2533 56 33 they
2375 2533 89 26 should
2481 2534 75 32 speak
2575 2534 27 26 of
2622 2534 60 33 king
2699 2534 132 33 Meneptah

2307 2576 101 40 finding,
2435 2576 107 34 fighting
2560 2578 48 25 and
2629 2578 104 33 spoiling
2756 2579 75 27 God's

2307 2630 54 18 ovn
2387 2621 106 32 peculiar
2514 2622 86 32 people
2612 2623 27 25 m
2661 2620 124 29 Palestine
2800 2625 31 25 it-

2308 2665 55 24 sdf.

2509 2816 119 26 NOTES.

2494 2869 53 29 (The
2560 2871 80 27 People.

2340 2931 86 32 Owing
2436 2933 26 24 to
2473 2931 41 25 the
2527 2931 63 26 flood
2610 2932 26 25 of
2656 2940 86 24 money
2752 2932 25 25 m
2789 2932 42 25 tbe

2308 2975 128 26 American
2460 2975 85 30 banks,
2575 2975 89 26 several
2694 2976 138 32 prominent

2308 3019 16 24 b
2331 3019 56 24 inks
2397 3018 61 25 have
2469 3019 71 31 given
2551 3019 64 24 their
2625 3019 109 25 heariest
2748 3020 83 30 depos-

2308 3062 17 24 it
2330 3069 38 17 ors
2383 3062 80 25 notice
2486 3063 25 24 to
2532 3061 67 25 draw
2610 3063 44 24 out
2664 3061 64 25 their
2738 3062 82 25 funds.

2432 3116 14 15 #
2563 3116 15 15 *
2693 3116 14 15 *

2416 3135 146 15 ♦♦♦
2580 3135 14 14 #
2678 3135 14 14 #
2710 3135 15 15 #

2342 3160 40 25 Mr
2398 3160 128 31 Hawkins,
2578 3159 62 26 S.M.
2662 3159 45 26 has
2734 3159 99 26 decided

2309 3205 56 25 tliat
2382 3212 15 17 a
2413 3204 72 25 claim
2508 3207 89 22 cannot
2621 3204 29 25 be
2677 3203 71 26 made
2764 3204 37 25 for
2818 3213 15 16 a

2309 3248 109 31 dividing
2428 3247 67 25 fence
2518 3247 83 25 unless
2623 3255 15 17 a
2657 3246 88 26 formal
2754 3247 79 25 notice

2309 3291 47 37 h,as
2380 3292 60 24 been
2467 3291 80 32 given,
2574 3290 217 33 notwithstanding
2818 3299 15 17 a

2309 3335 82 24 verbal
2402 3336 142 30 agreement
2563 3334 106 25 between
2682 3334 42 25 the
2735 3335 96 31 parties.

2419 3378 144 14 #*♦
2581 3378 15 14 ♦
2679 3378 14 13 #
2711 3378 15 14 #

2435 3396 15 14 #
2565 3396 14 14 #
2695 3396 14 14 *

2344 3422 52 24 The
2406 3422 110 31 prospect
2535 3422 26 24 of
2583 3421 42 25 the
2636 3422 62 24 wool
2708 3422 78 31 prices
2796 3422 38 24 for

2309 3467 61 24 next
2381 3474 86 17 season
2487 3465 74 33 being
2582 3465 149 25 maintained
2749 3465 23 25 is
2791 3467 44 24 not

2310 3509 24 24 o!
2349 3509 44 24 the
2414 3509 146 31 brightest:*
2587 3509 80 24 There
2688 3509 63 24 have
2773 3509 62 24 been

2309 3552 78 33 heavy
2398 3545 108 32 failures*
2520 3552 26 25 m
2568 3547 127 34 Bradford,
2707 3551 72 26 while
2791 3552 43 25 the

2311 3596 129 24 American
2451 3596 96 24 market
2569 3596 22 24 is
2602 3596 92 31 gluted,
2706 3596 50 24 and
2774 3597 62 23 wool

2309 3640 16 24 is
2347 3639 73 32 being
2433 3662 3 9 ,
2441 3638 116 35 returned
2576 3641 26 23 to
2615 3638 115 38 .London^
2745 3638 37 25 for
2794 3646 42 20 ,re-

2310 3683 58 25 sule.
2403 3682 82 25 Prices
2497 3690 40 17 are
2549 3683 26 24 at
2582 3683 98 30 present
2690 3681 144 29 downward,

2311 3726 49 25 aad
2375 3726 71 25 there
2466 3726 24 24 is
2511 3725 94 25 further
2627 3725 52 25 fear
2701 3725 55 25 that
2778 3725 58 32 they

2310 3777 55 22 may
2376 3770 91 24 remain
2476 3769 35 24 sol
2546 3768 52 24 The
2606 3768 169 26 Adulteration
2783 3771 60 28 pre-'

2309 3803 99 39 vjmtion
2428 3811 165 24 Amendment
2610 3811 58 27 Bill,
2692 3811 144 25 introducad

2309 3853 31 33 by
2369 3853 43 26 the
2441 3853 174 29 Government,
2644 3853 111 31 provides
2783 3854 53 25 that

2309 3897 34 24 all
2360 3897 67 28 tins,,
2432 3897 95 28 bottles,
2551 3896 65 29 and,..
2622 3897 120 31 packages
2761 3898 70 23 must

2308 3939 57 25 bear
2375 3939 78 25 labels
2460 3940 93 30 stating
2564 3939 41 24 the
2617 3940 79 25 actual
2707 3940 95 32 weight.

2371 4105 478 52 THANKS.

2340 4196 52 25 Mrs
2412 4198 113 24 Sheehan
2537 4198 58 31 begs
2607 4199 26 23 to
2644 4201 86 24 return
2743 4201 93 27 thands

2310 4232 24 23 to
2357 4230 44 24 her
2420 4230 148 32 neighbours
2599 4233 47 23 and
2671 4234 102 30 friends,
2798 4238 38 23 in-

2310 4263 97 32 cluding
2419 4264 41 24 the
2472 4264 60 24 Rev.
2556 4264 30 24 R.
2612 4265 112 32 Garbett,
2742 4269 57 26 who
2811 4278 27 17 so

2310 4296 82 32 kindly
2412 4297 103 24 assisted
2549 4297 45 24 her
2610 4299 89 32 during
2723 4300 45 26 her
2788 4303 50 25 late

2310 4329 50 27 fire,
2372 4328 49 25 and
2443 4330 53 23 also
2518 4330 26 23 to
2565 4330 77 24 thank
2663 4332 68 25 them
2747 4334 38 25 for
2796 4337 42 24 the

2310 4369 74 24 many
2406 4361 144 26 kindnesses
2577 4363 85 25 shown
2683 4365 45 25 her
2750 4370 26 23 at
2796 4368 42 26 the

2311 4394 73 26 death
2394 4394 35 26 of.
2433 4394 43 26 the
2494 4394 51 28 late
2555 4395 123 32 husband,
2697 4399 58 32 July
2771 4403 27 23 15
2801 4402 36 25 th.

2312 4429 75 24 1894-
2419 4427 43 32 By-
2479 4436 14 16 a
2511 4430 254 31 strange.coineidnce
2794 4434 45 26 her

2311 4460 77 25 house
2399 4468 51 17 was
2460 4460 76 27 burnt
2554 4470 33 17 on
2594 4475 6 7 <
2615 4463 49 25 the-
2680 4466 158 35 anniversary

2312 4493 27 26 of
2348 4493 55 26 that
2420 4492 45 27 sad
2485 4497 79 23 event.

2917 185 73 26 Stout
3010 186 47 26 has
3081 188 56 24 been
3170 197 32 16 an
3229 192 189 31 uusatisfa-tor/

2881 222 133 27 Democrat
3024 226 37 24 for
3079 234 14 17 a
3116 228 59 31 Jong
3196 228 57 26 time
3275 235 64 27 past.
3375 232 41 25 He

2880 261 47 25 has
2939 261 60 26 been
3012 265 83 32 trying
3106 266 36 25 for
3154 275 14 16 a
3180 268 107 25 number
3306 272 26 23 of
3342 280 73 22 years

2880 305 26 22 to
2928 303 75 26 make
3029 306 85 31 people
3142 308 80 31 forget
3245 310 37 24 his
3309 311 105 27 alliance

2879 341 60 26 with
2958 342 75 33 Yogel
3058 345 49 24 and
3133 346 40 25 his
3200 345 74 27 awful
3297 350 115 26 Midland

2880 382 119 32 Railway.
3032 385 41 25 He
3093 386 61 25 tried
3175 388 62 25 hard
3261 392 25 22 to
3310 393 102 25 succeed

2878 422 116 26 Ballance
3010 425 24 24 m
3059 427 41 24 the
3127 428 171 36 Premiership,
3320 437 48 22 an.l
3391 437 21 24 if

2877 459 32 26 he
2919 460 51 26 had
2980 463 64 25 done
3066 473 28 16 so
3114 465 32 26 he
3166 475 49 19 was
3236 471 66 30 quke
3308 466 112 40 -willing'

2876 501 28 23 to
2914 500 29 25 be
2954 509 34 17 an
3008 503 122 27 advanced
3148 507 100 26 Liberal
3269 512 49 23 ami
3330 513 79 25 follow

2874 538 28 24 m
2924 538 44 26 the
2985 539 62 27 dead
3067 542 105 29 leader's
3193 548 128 34 footstep?.
3367 553 43 26 He

2874 578 80 26 didn't
2965 583 43 28 get
3019 582 76 29 there,
3120 585 118 32 however,
3264 598 26 17 so
3311 592 31 24 he
3360 593 50 26 has

2874 616 61 24 been
2966 618 44 25 the
3043 622 89 25 candid
3159 625 49 25 and
3236 626 170 34 disagreeable

2872 653 82 26 friend
2965 656 27 24 of
3001 658 44 24 the
3059 659 154 29 democratic:
3226 666 102 27 Seddoa
3339 670 69 25 Min~

2871 693 61 29 istrv
2953 704 56 17 ever
3032 700 74 25 since.
3149 703 40 26 He
3213 706 46 25 has
3283 711 123 33 carefully-

2872 734 101 25 avoided
2982 736 113 34 shawißg
3093 757 7 10 r
3104 742 50 31 ariy
3165 743 74 32 signs*
3252 747 28 24 of
3290 747 115 33 Toryiain.

2872 771 72 25 while
2962 772 32 25 be
3013 781 51 19 wa«
3086 778 88 31 »wake,
3208 783 33 24 i»
3269 785 85 32 public
3377 792 31 23 at

2869 809 35 24 all
2916 814 94 28 events,
3034 814 46 25 but
3096 819 119 33 probably
3225 823 38 24 be-
3269 824 49 25 has
3327 828 79 26 made

2868 848 57 24 wild
2936 851 111 25 remarks
3066 853 27 24 m
3114 855 40 25 his
3178 859 70 32 sleep
3267 862 75 27 about
3363 866 43 25 hi*

2867 886 144 26 inclination
3022 891 26 23 to
3067 891 53 31 join
3137 894 108 32 Eussell,
3258 901 54 23 and.
3328 907 80 27 upsefc

2867 924 43 23 the
2921 924 79 25 whole
3010 926 166 31 Government
3193 937 147 32 appk-crt,.
3349 943 59 24 aaA

2857 971 2 27 j
2867 961 72 34 bring
2962 964 27 25 m
3023 967 137 30 Chinamen
3182 976 48 24 aad
3253 978 150 34 land-grant

2866 1001 120 33 railways,
3001 1007 68 23 -and
3089 1008 75 27 boast
3189 1013 104 28 Seddoa,
3309 1020 27 23 m
3348 1028 54 18 on*

2865 1041 48 22 act.
2958 1042 132 35 Probably,
3111 1047 60 32 also,
3205 1052 31 25 he
3253 1054 47 26 has
3322 1065 42 18 ma
3365 1060 37 25 de>

2869 1079 94 26 similar
2973 1081 168 33 observations
3162 1098 58 19 over
3242 1094 42 27 the
3296 1101 104 25 mutton,

2864 1120 26 21 at
2908 1118 95 33 dinner,
3024 1123 72 25 when
3113 1134 41 23 ifle
3182 1138 50 17 was
3261 1140 140 31 unusually

2863 1167 110 27 grumpy,
3008 1168 47 22 and
3083 1168 42 26 his
3157 1173 58 31 wife,
3236 1176 118 34 thmking-
3372 1183 27 25 ii

2864 1206 48 18 was
2929 1201 34 24 all
2979 1204 61 30 real,
3057 1205 45 26 has
3124 1209 71 32 given
3213 1213 91 29 Bob*
3324 1227 75 24 aw»y

2862 1244 27 17 m
2911 1239 157 30 public-the
3100 1248 93 29 private
3226 1252 100 29 Robert*
3336 1234 65 52 whi

2862 1282 49 17 was
2923 1284 73 19 never
3011 1280 115 28 intended
3146 1287 38 25 for
3205 1291 186 30 publication-

2862 1313 49 23 and
2922 1317 95 24 created
3044 1327 32 18 an
3098 1322 149 38 impression,
3261 1331 76 27 which
3356 1335 40 25 h*

2862 1354 127 33 *ontget
3008 1363 59 19 over
3085 1355 49 35 for,!
3145 1365 104 27 another
3266 1369 38 25 10-
3318 1378 78 25 years,

2861 1391 26 21 at
2909 1390 70 26 least.
3022 1394 40 26 No
3085 1406 45 17 on«
3151 1402 59 28 will,
3218 1404 91 29 beh'.ve
3331 1414 56 25 that

2862 1428 54 54 Mrs^
2926 1430 73 28 Stout
3010 1437 90 25 wasnrf
3114 1441 99 34 voicing,
3233 1447 47 25 the.
3294 1449 97 30 hidden,

2862 1468 143 27 sentiments
3025 1474 27 23 of
3062 1474 98 34 Bobert,
3172 1479 127 33 K.C/.M.G
3328 1462 63 53 Jl

2864 1506 96 34 though
2972 1510 127 58 that^dy
3109 1513 113 36 profes^
3227 1496 167 62 insa(^

2860 1546 61 53 M
2921 1546 43 25 &sh
2966 1555 13 17 *
2980 1557 39 17 8&
3019 1558 16 22 *
3037 1552 16 24 d
3071 1555 24 24 te
3097 1563 47 24 *«,
3165 1568 31 17 on
3217 1554 177 43 theplafcfbri

2860 1583 77 26 ofthe
2957 1587 76 27 Town
3044 1590 79 35 Hall;
3146 1599 48 24 and
3204 1610 3 3 .
3215 1574 73 63 %^
3288 1572 103 62 re^

2860 1623 53 32 ship
2936 1633 41 18 oi^
2984 1636 15 16 a
3015 1629 109 31 liberal
3146 1637 121 37 Ministry,
3302 1648 88 27 whichi

2859 1662 67 26 looks
2935 1666 62 25 asif
3006 1667 21 26 it
3046 1677 50 19 was
3114 1681 62 23 gone
3186 1678 38 25 for
3235 1651 55 56 Irev
3331 1651 59 61 it

2860 1703 76 24 moral
2957 1705 8 23 i
2966 1714 13 15 s
3001 1707 54 26 that
3073 1718 32 18 no
3123 1721 56 19 man
3200 1718 90 29 should
3300 1729 91 28 accept

2859 1749 15 17 a
2893 1743 53 25 title
2989 1748 48 23 and
3060 1750 32 32 by
3113 1755 100 34 makiag
3234 1760 38 26 hiß
3292 1765 54 25 wife
3349 1736 40 56 .^

2876 1782 69 36 Lady
2972 1794 73 20 cause
3066 1790 45 26 her
3122 1796 26 23 to
3168 1796 28 26 be
3219 1801 91 27 rushed
3321 1806 70 27 afte.

2858 1821 37 26 for
2906 1824 226 39 platform-oratory
3142 1841 124 27 purposes,
3279 1841 104 31 becaase

2858 1867 70 27 every
2937 1865 82 24 man's
3029 1868 55 25 wife
3095 1870 84 28 knows
3190 1875 53 26 him
3260 1887 28 16 as
3299 1889 87 20 some-

2858 1900 74 33 thing
2951 1904 66 31 quite
3042 1907 108 29 different
3171 1914 23 25 fr
3194 1923 38 18 Om
3260 1919 67 28 what
3352 1924 35 26 h*

2858 1942 79 23 wants
2948 1942 43 25 the
3001 1945 81 30 public
3093 1950 26 23 to
3139 1950 71 27 think
3228 1955 36 30 .he
3286 1959 28 28 is,
3334 1963 54 24 and!

2858 1977 44 24 she
2926 1986 53 17 sees
3003 1989 27 16 so
3060 1987 75 24 much
3154 1989 28 24 of
3201 1992 41 25 the
3264 1995 123 30 domertie

2858 2016 155 28 Eobertthat
3036 2022 44 26 she
3099 2024 21 26 is
3142 2031 44 28 apt
3205 2033 26 23 to
3252 2034 76 34 forget
3341 2039 27 25 th
3369 2048 20 18 fe
3419 2054 2 3 ■

2858 2056 69 28 other
2952 2068 53 20 on..
3050 2063 39 28 No
3111 2065 82 32 publi.
3220 2078 60 22 man
3302 2079 82 25 would
3419 2091 1 3 -

2858 2098 48 25 last
2916 2099 60 33 long
2987 2101 22 25 if
3017 2102 40 26 his
3069 2106 51 25 wife
3137 2110 57 25 took
3205 2114 24 23 to
3241 2116 146 34 explaining-

2858 2138 49 25 him
2919 2148 35 16 as.
2958 2142 42 24 she
3023 2152 53 18 sees
3095 2147 70 28 him...
3191 2151 139 37 Supposing
3340 2158 47 26 the

2858 2178 51 26 wife
2921 2180 27 25 of
2956 2180 108 30 Premier
3074 2185 62 28 Reid
3158 2189 57 27 took
3227 2194 25 24 to
3264 2193 126 36 believing-

2858 2218 49 24 and
2914 2219 109 33 publicly
3034 2226 155 32 expounding
3196 2229 45 25 her
3249 2231 140 29 husband-*

2858 2258 93 28 private
2970 2258 71 25 views
3064 2261 75 27 about
3161 2265 41 25 the
3223 2267 60 26 N«tr
3306 2271 82 28 Smth

2859 2293 82 26 Wales
2961 2295 82 27 Labor
3053 2302 78 30 party*
3144 2302 37 26 for
3198 2305 120 29 instance.

2973 2431 132 29 PATENT
3126 2437 141 28 AGENTS.

2890 2505 25 25 It
2923 2513 22 19 is
2956 2515 26 18 m
2993 2510 42 25 the
3045 2520 81 24 power
3135 2516 26 24 of
3177 2525 94 25 anyone
3291 2524 26 25 to
3327 2533 55 18 rea-

2858 2544 50 32 dily
2918 2547 116 27 convince
3055 2551 102 28 himself
3173 2556 27 25 of
3220 2558 49 27 this
3290 2561 50 28 fact
3353 2565 31 32 by

2858 2585 85 34 taking
2954 2589 92 34 merely
3056 2600 15 17 a
3088 2601 99 27 cursory
3196 2598 86 32 glance
3301 2605 26 24 at
3339 2605 43 26 the

2859 2630 134 25 specimens
3015 2629 26 25 of
3060 2631 68 27 those
3153 2638 97 28 patents
3269 2640 54 28 that
3342 2652 45 19 are

2858 2664 74 25 taken
2954 2669 46 23 out
3015 2677 58 23 year
3092 2672 31 31 by
3141 2681 59 23 year
3226 2677 33 32 by
3280 2681 41 25 the
3342 2683 42 25 in-

2860 2706 97 24 ventors
2979 2707 146 30 themselves
3152 2714 102 29 without
3278 2721 40 26 the
3344 2723 42 26 in-

2859 2744 135 26 tervention
3017 2747 28 25 of
3060 2756 33 18 an
3112 2755 82 29 agent.
3237 2756 79 30 There
3337 2763 49 26 will

2859 2783 29 24 be
2919 2784 77 26 foond
3023 2791 98 28 patents
3154 2794 38 25 for
3212 2801 177 29 preposterous;

2858 2822 67 24 ideas
2935 2831 108 26 running
3061 2832 102 23 counter
3180 2834 25 23 to
3220 2834 36 27 all
3266 2839 118 26 mechan-

2859 2861 54 26 ical,
2935 2863 110 32 physical
3060 2874 28 18 or
3106 2869 116 30 chemical
3233 2874 57 28 laws
3300 2885 6 22 ;
3329 2880 55 26 also

2858 2914 67 18 more
2936 2916 29 17 or
2974 2909 49 26 less
3045 2913 73 26 crude
3137 2915 71 29 ideas
3226 2920 55 27 that
3299 2924 59 25 with
3368 2934 18 17 a

2858 2944 63 26 little
2944 2948 118 27 scientific
3086 2953 50 24 and
3158 2956 120 28 technical
3299 2962 85 27 advice

2858 2985 48 25 and
2925 2995 87 24 proper
3033 2991 126 33 guidance,
3183 2997 61 25 such
3265 3007 28 17 as
3314 3010 16 16 a
3346 3011 37 17 re-
3395 3022 6 6 .

2859 3025 122 30 spectable
2993 3029 85 29 patent
3089 3035 74 27 agent
3174 3034 22 24 is
3207 3036 91 33 always
3309 3041 75 32 readj

2859 3065 24 23 to
2909 3066 63 29 give,
3001 3068 80 32 might
3104 3070 63 28 have
3187 3073 61 28 been
3266 3080 45 29 put
3329 3080 56 27 into

2859 3110 67 18 some
2948 3104 78 26 useful
3050 3107 73 33 shape
3143 3118 27 18 as
3192 3121 15 17 a
3230 3118 92 29 patent,
3338 3118 48 27 but

2859 3141 88 32 which,
2968 3142 38 26 for
3017 3145 42 26 the
3071 3151 66 23 want
3148 3151 28 24 of
3185 3154 62 25 such
3258 3147 128 41 guidance
3415 3157 2 8 '

2859 3189 40 17 are
2921 3185 90 32 utterly
3032 3188 119 27 valueless
3173 3192 38 26 for
3233 3200 154 25 commercial

2859 3229 125 25 purposes.
3018 3227 87 32 Again,
3126 3231 69 26 there
3207 3234 49 27 will
3269 3235 29 26 be
3309 3237 78 27 found

2859 3262 117 27 numbers
2995 3266 27 24 of
3038 3270 98 28 patents
3163 3272 38 25 for
3217 3275 77 33 really
3307 3278 81 26 useful

2860 3302 48 25 and
2935 3304 110 26 valuable
3082 3308 138 30 inventions
3247 3316 53 25 that
3322 3318 67 26 have

2860 3345 52 25 also
2922 3346 60 24 been
2994 3348 116 26 rendered
3118 3355 177 32 commercially
3307 3358 72 24 value

2859 3382 47 25 less
2917 3383 62 25 from
2992 3391 14 18 a
3017 3384 64 32 legal
3091 3388 70 30 point
3173 3389 27 25 of
3208 3391 59 25 vieir
3278 3393 108 33 through

2860 3423 42 24 tha
2919 3425 65 23 utter
3005 3424 130 32 ignorance
3157 3429 26 24 of
3205 3430 42 26 the
3271 3431 116 30 inventor

2861 3463 26 24 of
2895 3463 64 26 what
2975 3464 23 25 is
3013 3466 110 31 required
3140 3468 32 32 by
3187 3469 49 26 law
3257 3471 26 25 m
3304 3482 14 15 a
3330 3482 56 24 spe-

2862 3502 120 24 cification
2999 3511 27 16 or
3051 3503 27 25 of
3102 3505 65 25 what
3193 3507 23 25 is
3244 3513 81 23 meant
3353 3512 33 31 by

3025 3541 30 24 In
3074 3543 99 32 passing
3191 3545 26 24 m
3236 3547 88 26 review
3335 3549 52 27 this

2862 3579 66 30 large
2939 3579 102 24 number
3053 3577 27 28 of
3094 3581 107 26 abortive
3219 3588 106 27 parents,
3337 3596 51 17 one*

2863 3619 87 24 cannot
2965 3618 57 32 help
3043 3620 122 33 picturing
3180 3624 27 23 to
3225 3626 91 24 oneself
3324 3628 63 25 with

2863 3666 15 16 a
2888 3657 90 33 feeling
3010 3659 27 24 of
3057 3662 68 29 great
3153 3665 80 29 regret
3260 3665 43 25 the
3335 3666 52 26 dis-
3412 3682 4 3 •

2864 3697 139 32 sappbinted
3013 3697 81 32 hopes,
3111 3699 40 25 the
3163 3700 223 35 discouragement,

2863 3730 43 30 the
2928 3736 89 24 useless
3040 3737 161 34 squandering
3218 3740 27 25 of
3264 3749 89 26 money

2864 3776 102 31 perhaps
2979 3776 40 24 the
3031 3777 96 32 savings
3144 3779 26 23 of
3179 3788 104 22 years—
3283 3783 49 24 and
3342 3783 48 26 the

2863 3816 69 30 large
2953 3818 101 23 amount
3075 3817 27 25 of
3120 3818 156 27 misdirected
3297 3830 94 24 energy

2864 3852 49 25 and
2929 3853 128 32 ingenuity
3076 3855 55 25 that
3151 3861 67 21 must
3241 3861 148 32 necessarily

2863 3892 30 25 be
2906 3894 40 24 the
2957 3897 112 22 outcome
3085 3896 27 24 of
3126 3896 32 25 all
3180 3897 70 27 these
3267 3899 120 31 failures,;

2864 3933 50 24 and
2930 3934 42 24 the
2984 3936 137 25 conviction
3133 3937 22 25 is
3167 3938 83 26 forced
3264 3948 64 24 upon
3342 3950 47 18 one

2864 3971 55 26 that
2937 3972 33 25 all
2987 3974 49 24 this
3053 3975 81 32 might
3151 3977 64 26 have
3232 3979 60 25 been
3303 3981 89 31 spared

2863 4009 22 24 if
2900 4011 68 25 these
2985 4015 68 29 great
3064 4013 113 27 facilities
3196 4017 37 25 for
3250 4017 87 34 taking
3347 4023 45 22 out

2864 4051 98 28 patents
2979 4051 47 24 had
3042 4056 44 21 not
3104 4054 58 24 been
3179 4056 114 24 afforded.

2867 4127 122 41 EVENTS
3005 4130 38 38 OF
3064 4131 68 38 THE
3149 4131 127 41 COMING
3287 4135 105 43 WEEK.

2866 4191 121 32 Tuesday,
3008 4191 101 34 Library
3128 4202 64 23 open
3220 4194 64 27 from
3308 4198 22 23 6.
3355 4198 33 25 15

2933 4236 25 21 to
2982 4234 14 22 8
3014 4241 23 23 p.
3058 4242 35 17 m.

2867 4271 162 33 Wednesday,
3038 4273 97 26 Church
3141 4275 28 25 of
3176 4275 116 33 England
3304 4278 94 28 Social*

2866 4309 139 33 Thursday,
3052 4312 111 33 Meeting
3183 4314 27 24 of
3229 4315 44 24 the
3295 4316 44 25 Lit
3346 4325 44 19 era

2890 4355 2 15 :
2932 4348 164 27 Association.
3163 4351 73 26 Bank
3259 4359 83 27 open.'

2890 4384 3 44 j
2932 4391 111 35 Meeting
3061 4394 25 25 of
3108 4394 73 27 W-A.
3267 4398 18 26 S
3307 4398 93 32 T^oard,

2867 4428 131 35 Saturday,
3017 4431 104 34 Library
3144 4441 63 25 open
3227 4435 60 26 from
3311 4439 25 24 G*
3360 4441 41 23 15.

2892 4487 3 11 i
2932 4482 24 24 p.
2975 4482 35 18 m.
3031 4477 26 24 to
3080 4478 24 23 8.
3123 4484 26 25 p.
3173 4485 36 18 m.
3244 4479 110 34 Meotiug
3377 4483 24 24 of

2857 4532 2 13 i
2935 4515 41 24 the
2996 4514 63 26 East
3073 4515 94 27 Oxford
3179 4518 155 25 Oddfellow*.
3354 4542 2 3 .

1123 36 173 33 OXFORD
1338 34 228 33 OBSERVER
1609 34 231 43 SATURDAY,
1919 41 107 31 JULY
2091 42 47 36 18,
2198 42 87 30 1896.
