3268 4248
502 3458 57 21 THE
578 3458 57 21 HOT
654 3458 94 21 LAKES
767 3458 170 21 CHRONICLE

690 3498 56 12 AND

502 3526 218 20 Tourists'
744 3526 193 20 Journal.

589 3557 58 16 fact
662 3557 14 16 I
691 3557 58 16 will

555 3625 170 21 WEDNESDAY,
737 3627 60 16 MAY
805 3627 16 21 8,
831 3628 50 16 1895.

503 3668 46 21 The
561 3668 41 19 sale
616 3668 21 19 of
650 3668 65 19 leases
730 3669 22 18 in
767 3669 42 18 this
826 3673 51 15 town
897 3670 39 19 and

503 3694 155 25 neighborhood
668 3694 63 18 which
741 3694 48 19 took
799 3695 56 24 place
868 3696 22 18 in
901 3696 34 19 the

504 3720 125 19 Courthouse
641 3726 25 12 on
676 3720 108 24 Thursday
798 3721 39 18 last
845 3728 37 12 can
889 3722 48 24 only

504 3746 26 19 be
540 3753 11 12 a
562 3752 69 13 source
640 3746 21 18 of
671 3746 135 24 gratification
815 3748 21 17 to
845 3747 34 18 the
889 3748 37 18 resi-

504 3772 64 23 dents,
587 3771 41 19 and
642 3778 28 12 co:
713 3778 32 12 res
762 3774 52 17 most
829 3772 108 24 favorably

504 3798 50 19 with
566 3798 34 18 the
617 3797 85 25 previor.
728 3798 81 18 auction
824 3799 14 17 t'
862 3800 8 17 t
887 3799 49 18 took

504 3823 56 25 place
570 3830 25 12 ou
605 3824 110 18 December
726 3825 31 22 28,
769 3825 55 17 1893.
853 3824 18 18 A
882 3824 55 19 short

502 3850 91 23 .analysis
606 3850 21 18 of
637 3849 33 19 the
681 3849 41 19 safe
732 3856 47 18 may
790 3849 25 19 bo
827 3850 20 18 of
853 3850 84 19 interest

505 3877 20 16 to
535 3881 37 12 our
578 3875 87 19 readers.
694 3875 40 19 Out
744 3876 21 18 of
776 3882 12 12 a
800 3876 49 19 total
864 3877 21 17 of
901 3878 35 16 155

505 3903 60 20 town,
577 3902 23 16 22
611 3901 110 21 suburban,
734 3902 40 18 and
787 3903 24 17 24
827 3902 55 19 rural
898 3908 39 15 sep-.

506 3926 57 23 tions,
575 3932 23 12 or
608 3929 35 15 201
654 3927 39 19 lots
705 3927 22 19 in
739 3927 34 24 all,
789 3927 112 19 submitted
916 3930 21 16 to

504 3952 120 26 competiti:.
636 3952 3 26 ,
657 3954 23 16 54
697 3959 23 12 or
739 3959 47 13 over
802 3955 23 17 25
840 3960 36 18 per
893 3956 44 16 cent

506 3984 51 13 were
575 3977 92 25 disposed
686 3978 27 19 of.
749 3979 21 18 If
789 3986 30 11 we
837 3979 48 19 take
903 3979 34 19 the

504 4007 55 16 town
577 4004 85 18 sections
676 4004 58 19 alone
751 4011 30 13 we
796 4005 43 19 find
855 4004 46 20 that
917 4005 21 18 of

504 4030 35 19 the
551 4031 35 17 155
596 4029 75 20 offered
680 4031 24 16 44
716 4037 22 12 or
747 4037 47 12 over
804 4032 24 17 30
840 4037 37 18 per
893 4033 46 16 cent

504 4062 52 13 were
566 4055 79 23 leased;
659 4055 21 18 of
697 4056 35 19 the
749 4056 105 19 suburban
871 4057 40 18 lots
926 4058 11 17 8

504 4084 35 17 out
560 4081 22 20 of
595 4082 24 18 22
635 4087 52 15 were
704 4082 62 19 taken
784 4088 33 20 up.
854 4082 50 20 This
920 4082 18 20 is

962 102 73 25 highly
1057 100 128 24 satisfactory
1207 100 22 18 in
1251 99 43 19 face
1318 101 21 17 of
1365 100 35 18 the

965 127 93 26 strength
1070 126 49 21 with,
1130 125 65 20 which
1207 125 17 19 it
1234 131 41 13 was
1283 125 65 25 urged
1356 125 44 19 th.it

965 154 34 18 tbe
1011 154 114 24 stringency
1133 151 22 19 of
1164 152 35 18 the
1208 151 115 19 conditions
1333 151 66 19 would

965 179 25 19 be
1001 179 127 19 detrimental
1145 180 20 16 to
1182 177 35 19 the
1233 183 78 13 success
1330 178 22 17 of
1366 177 36 18 the

965 209 49 15 sale.
1042 205 65 19 There
1117 210 41 12 was
1169 209 52 13 none
1236 203 22 18 of
1265 203 35 18 the
1313 202 89 20 reckless

965 231 86 25 bidding
1061 229 119 21 observable
1190 232 21 15 at
1220 229 40 18 last
1272 229 48 23 sale,
1338 236 12 11 a
1365 229 35 18 cir'

965 259 115 17 cumstance
1091 255 64 21 which
1167 255 16 18 is
1192 254 76 25 clearly
1276 255 39 18 due
1332 257 21 16 to
1367 255 35 18 tbe

965 283 113 19 conditions
1083 281 81 20 alluded
1170 283 27 21 to,
1207 280 41 19 and
1254 280 35 19 the
1296 287 106 18 necessary

965 309 90 25 deposits
1067 314 53 14 v/ero
1135 307 49 24 duly
1200 305 60 20 made
1277 306 70 19 before
1367 306 35 19 the

965 335 53 19 close
1044 335 21 19 of
1084 334 34 19 the
1132 332 140 26 proceedings.
1311 332 41 19 For
1366 332 36 19 the

965 363 80 23 present
1061 366 87 19 purpose
1164 359 34 18 the
1216 358 149 19 consideration
1381 358 21 19 of

965 387 35 19 the
1011 387 56 18 rural
1077 386 85 19 sections
1175 391 46 17 may
1237 384 26 18 be
1278 384 90 23 omitted,
1380 391 22 11 as

965 413 35 19 the
1009 413 39 18 law
1058 411 66 20 which
1134 410 70 19 makes
1213 410 17 19 it
1240 416 107 18 necessary
1357 410 45 18 that

966 441 55 16 town
1031 438 40 19 and
1087 436 106 20 suburban
1209 442 59 13 areas
1287 436 73 19 should
1378 436 24 18 be

966 464 95 25 disposed
1071 464 21 18 of
1103 464 25 24 by
1138 462 69 25 public
1219 462 81 19 auction
1311 462 48 19 does
1368 467 34 13 not

966 490 62 26 apply
1035 490 42 19 and
1086 490 48 23 they
1145 495 37 12 can
1192 488 26 19 be
1228 488 64 19 taken
1299 495 28 18 up
1334 491 21 16 at
1362 495 40 17 any

966 517 48 18 time
1030 522 26 13 on
1073 514 108 25 tendering
1198 514 36 19 the
1252 517 60 23 upset
1330 514 71 19 rental.

966 542 25 18 In
1003 542 34 18 the
1047 544 54 16 town
1111 540 40 19 and
1159 540 88 20 suburbs
1261 540 106 20 combined
1378 541 24 17 52

967 568 86 19 sections
1064 574 23 12 cr
1097 568 23 18 34
1132 568 89 21 percent
1231 567 21 19 of
1261 567 36 19 the
1310 567 35 18 177
1355 565 34 19 sub-

966 593 72 20 mitted
1051 600 52 13 were
1118 592 63 20 taken
1198 599 28 18 up
1244 593 40 19 and
1302 593 35 18 the
1352 593 50 17 total

966 619 77 19 annual
1066 619 66 19 rental
1155 619 96 25 accruing
1272 619 53 19 from
1345 618 57 18 these

967 644 68 25 amount
1046 644 12 25 3
1069 644 23 25 to
1105 645 56 19 209
1172 652 23 12 os
1205 651 22 13 or
1237 652 27 12 an
1278 650 87 19 average
1381 644 21 18 of

967 678 12 12 a
988 671 52 19 little
1051 678 55 12 more
1116 671 50 19 than
1176 672 28 18 4
1214 678 37 18 por
1261 671 82 19 section.
1359 669 43 19 The

967 697 83 26 highest
1061 697 55 26 price
1124 697 49 26 paid
1183 704 42 12 was
1233 697 33 19 for
1276 696 79 20 Section
1372 697 29 21 14,

967 723 64 20 Block
1040 725 31 22 30,
1083 723 66 20 which
1160 730 40 12 was
1215 722 69 20 raised
1298 722 53 19 from
1368 722 34 17 the

967 752 59 22 upset
1035 750 23 19 of
1067 749 29 19 4
1106 752 21 16 to
1138 749 29 19 8
1178 751 28 17 ss.

993 776 43 19 The
1045 775 113 20 conditions
1176 775 73 19 render
1266 775 16 18 it
1297 779 105 17 necessary

969 802 45 19 that
1021 802 34 19 the
1062 804 54 17 town
1124 801 86 20 sections
1218 800 50 24 (and
1274 806 29 12 we
1310 805 92 19 presume

968 828 46 19 that
1026 828 41 19 this
1077 828 42 19 also
1131 828 63 18 refers
1204 829 21 16 to
1238 825 106 19 suburban
1360 831 32 12 sec-

969 855 54 18 tions
1043 854 79 24 though
1146 853 49 23 they
1217 852 52 18 havo
1292 852 36 17 not
1350 850 52 19 been

968 879 170 26 particularised,)
1148 878 53 18 shall
1217 878 26 18 bo

968 909 20 16 to
1000 909 33 16 ten
1045 906 58 18 times
1113 904 33 19 tlio
1159 903 76 19 annual
1254 904 71 18 rental.
1353 902 49 19 This

968 932 16 19 is
993 932 70 19 rather
1072 930 122 25 ambiguous
1211 929 41 19 and
1267 929 68 25 might
1349 928 53 19 have

968 958 51 19 been
1029 956 59 19 made
1099 956 82 18 clearer.
1209 956 56 18 Take
1277 955 34 19 the
1320 961 45 13 caso
1381 955 21 18 of

967 990 12 12 a
988 983 75 18 section
1073 982 66 19 whicli
1156 982 37 19 lias
1212 982 51 19 been
1282 981 29 19 let
1327 983 21 17 at
1368 981 34 18 the

968 1011 58 22 upset
1035 1008 66 19 rental
1111 1008 21 19 of
1148 1007 40 26 3;
1211 1008 60 19 when
1288 1007 35 19 tho
1340 1007 62 18 lessee

967 1035 37 18 lias
1016 1034 84 24 cleared,
1111 1034 110 25 ploughed,
1235 1034 40 18 and
1289 1033 71 19 fenced
1370 1033 32 18 his

967 1061 80 24 ground
1057 1061 25 18 he
1092 1060 42 19 will
1143 1060 53 19 have
1212 1059 129 26 approached
1353 1065 49 18 very

967 1093 49 13 near
1026 1088 21 18 to
1057 1088 35 17 the
1106 1088 84 17 amount
1207 1085 111 26 stipulated
1332 1086 21 18 in
1367 1085 35 19 the

967 1113 118 23 conditions,
1097 1112 96 25 and'may
1212 1112 49 19 then
1280 1113 26 17 lie
1324 1118 26 12 on
1370 1111 32 18 liis

967 1145 45 13 oars
1030 1139 41 19 and
1093 1139 48 19 wait
1164 1139 33 18 for
1218 1139 35 18 the
1299 1137 103 20 unearned

1125 1165 40 19 AVe
1176 1165 25 18 do
1212 1168 36 15 not
1263 1164 67 22 think,
1348 1164 41 18 how-

966 1198 53 16 ever,
1030 1191 45 19 that
1085 1191 16 18 it
1111 1191 17 19 is
1138 1191 34 18 the
1183 1191 100 18 intention
1293 1191 21 18 of
1330 1191 72 18 lessees

967 1220 20 16 to
995 1217 63 19 evade
1066 1217 35 19 the
1108 1217 67 18 clause
1183 1216 111 26 regarding
1302 1217 88 24 improve-

967 1246 71 20 ments,
1063 1249 35 12 nor
1118 1243 25 18 do
1158 1249 30 12 wo
1211 1249 88 19 suppose
1317 1243 46 18 that
1381 1243 21 17 in

966 1269 71 24 seeing
1047 1269 16 19 it
1072 1268 97 19 attended
1179 1271 20 16 to
1214 1269 34 18 the
1265 1268 137 20 Government

967 1295 40 18 will
1016 1301 57 19 press
1084 1294 49 20 with
1143 1301 135 18 unnecessary
1292 1294 110 19 harshness

966 1328 25 11 on
1002 1327 85 19 anyone,
1117 1320 40 19 For
1170 1321 97 23 instance,
1283 1327 29 12 we
1323 1320 48 19 take
1379 1321 22 21 it,

966 1347 45 19 that
1036 1348 16 18 it
1072 1347 42 20 will
1133 1346 25 19 bo
1181 1349 114 23 competent
1313 1347 32 19 for
1366 1347 36 18 the

965 1373 64 19 lessee
1039 1374 22 18 of
1070 1376 39 16 two
1129 1379 22 13 or
1167 1379 56 12 more
1238 1373 107 25 adjoining
1360 1379 32 12 sec-

965 1400 54 18 tions
1030 1402 19 16 to
1067 1402 53 16 erect
1138 1405 12 13 a
1165 1399 98 25 building
1282 1406 25 12 on
1330 1405 36 12 one
1381 1399 21 18 of

965 1426 57 18 these
1045 1429 33 15 ton
1100 1426 60 18 times
1182 1425 35 18 the
1241 1431 58 19 gross
1327 1425 75 18 annual

965 1452 66 18 rental
1040 1452 21 18 of
1074 1452 34 19 the
1125 1452 65 17 whole
1204 1457 54 18 area,
1275 1458 22 12 so
1313 1451 49 25 long
1380 1457 22 12 as

966 1478 35 19 the
1011 1478 64 18 entire
1085 1477 85 26 holding
1185 1483 47 19 may
1250 1478 25 18 be
1290 1477 112 26 comprised

967 1504 70 19 within
1047 1510 38 12 ouo
1094 1504 64 19 fence.
1188 1504 44 18 iS'ur
1250 1504 41 18 will
1308 1506 17 16 it.
1340 1503 62 24 likely

966 1530 25 19 bo
1007 1530 93 25 objected
1117 1532 21 16 to
1153 1530 21 18 in
1188 1536 13 12 a
1216 1530 69 23 lessee,
1300 1530 45 19 who
1356 1536 46 18 may

966 1556 50 19 havo
1026 1556 95 25 acquired
1131 1556 48 19 land
1190 1558 21 16 at
1225 1556 40 19 last
1275 1556 49 23 sale,
1342 1556 59 18 when

965 1582 58 19 there
1030 1589 41 13 was
1079 1589 25 11 no
1112 1583 125 24 compulsion
1245 1589 22 11 as
1273 1584 21 17 to
1302 1583 88 24 improve-

965 1611 61 19 ment,
1039 1610 34 16 but
1091 1609 43 18 who
1154 1615 47 18 may
1220 1609 52 18 have
1293 1608 78 20 erected
1390 1615 12 11 a

966 1635 62 19 house
1036 1641 22 12 or
1067 1634 51 25 shop
1128 1634 90 23 theroon,
1230 1635 17 18 if
1263 1635 25 18 ho
1307 1635 92 18 includes

966 1661 5 17 1
974 1661 23 18 lis
1008 1668 55 11 more
1080 1663 68 16 recent
1162 1660 104 20 leasehold
1282 1661 71 19 within
1369 1661 32 17 his

965 1687 63 23 fence,
1039 1694 22 11 or
1071 1693 89 12 removes
1175 1687 35 18 tho
1221 1687 95 24 building
1331 1690 21 15 to
1369 1687 32 17 his

965 1719 43 13 now
1019 1712 87 26 ground.
1134 1711 40 21 We
1186 1713 25 19 do
1221 1717 35 15 not
1267 1713 59 19 think
1333 1713 17 19 it
1360 1713 40 18 will

965 1739 25 18 be
1007 1739 104 23 sufficient,
1128 1739 99 23 however,
1245 1740 32 18 for
1292 1739 73 19 lessees
1379 1741 22 17 of

965 1765 80 19 various
1056 1765 92 23 sections,
1159 1765 22 18 in
1197 1764 96 20 different
1308 1768 56 23 parts
1379 1766 22 18 of

965 1791 34 19 the
1009 1794 53 16 town
1072 1791 39 18 and
1122 1791 96 23 suburbs,
1229 1797 20 13 to
1266 1792 89 25 improve
1362 1797 38 13 one

965 1817 21 19 of
992 1817 58 20 these
1061 1823 75 19 groups
1151 1818 21 18 of
1193 1817 117 20 allotments
1327 1821 20 16 to
1366 1821 33 16 ten

964 1844 59 19 times
1031 1844 35 18 tho
1084 1849 57 19 gross
1155 1844 77 19 annual
1247 1845 66 18 rental
1329 1844 21 19 of
1365 1844 35 19 the

964 1869 70 24 whole,
1046 1869 39 19 and
1100 1870 76 19 submit
1195 1870 44 19 that
1249 1871 35 18 the
1298 1870 101 19 condition

965 1896 36 18 has
1011 1896 51 19 been
1072 1896 93 19 fulfilled.
1197 1896 22 20 If
1228 1897 49 18 such
1291 1903 49 12 were

964 1922 71 19 mitted
1046 1922 15 18 it
1080 1922 68 19 would
1164 1922 48 25 only
1228 1925 120 23 perpetuate
1365 1922 34 19 the

965 1947 150 25 objectionable
1126 1949 90 18 features
1226 1950 21 17 of
1257 1945 34 22 the
1303 1949 96 25 previous

964 1974 41 19 sale
1016 1974 40 19 and
1065 1974 25 18 do
1100 1974 60 19 much
1170 1977 20 16 to
1198 1974 58 19 deter
1263 1976 35 17 the
1305 1981 94 19 progress

964 2001 21 18 of
1001 2000 34 19 the
1050 2002 59 17 town.
1138 2000 54 20 Such
1211 2001 93 19 evasions
1324 2002 21 17 of
1364 2001 35 18 the

964 2026 118 23 conditions,
1108 2026 99 24 however,
1239 2028 52 18 need
1322 2030 35 16 not
1374 2027 25 19 be

963 2052 74 19 looked
1046 2052 32 19 for
1087 2059 22 11 as
1119 2059 29 12 wo
1160 2053 78 19 believe
1245 2054 46 18 that
1298 2053 33 19 tho
1341 2059 58 16 meat

963 2078 96 25 majority
1084 2078 21 20 of
1121 2079 34 19 tho
1174 2079 122 24 purchasers
1315 2080 50 18 have
1388 2086 11 12 a

964 2110 52 13 uoxa
1025 2110 49 14 fide
1084 2105 83 19 interest
1177 2105 21 19 in
1209 2106 34 18 the
1255 2105 144 20 advancement

963 2131 21 18 of
995 2131 32 18 the
1038 2132 58 17 town.

963 2188 16 17 A
988 2188 70 17 serious
1070 2188 52 17 hiteli
1137 2188 15 17 is
1161 2188 57 17 liable
1226 2189 20 16 to
1256 2195 55 11 occur
1322 2189 44 18 bore
1379 2191 19 16 at

962 2217 38 16 any
1008 2211 45 17 time
1070 2212 29 16 for
1113 2213 52 15 want
1179 2212 20 17 of
1214 2218 11 10 a
1240 2212 61 17 bench
1318 2214 20 16 to
1353 2213 45 17 hear

963 2240 63 12 causes
1040 2240 43 11 now
1097 2235 43 17 that
1153 2235 32 17 Mr
1198 2235 85 23 Malfroy
1292 2236 41 18 ,Ims
1349 2242 49 16 gone

962 2263 59 17 away.
1047 2258 26 17 At
1089 2259 75 21 present
1182 2258 53 17 there
1252 2265 32 11 are
1299 2259 46 23 only
1361 2261 37 16 two

962 2280 81 18 Justices
1051 2281 145 17 availableDr
1205 2281 80 18 Giiulers
1293 2282 38 17 and
1339 2282 31 17 Mr
1379 2283 18 17 J.

962 2304 26 16 11.
997 2304 74 22 Taylor,
1082 2304 37 17 and
1127 2305 61 17 cither
1196 2305 20 17 of
1225 2305 52 17 these
1291 2304 107 24 gentlemen

962 2327 62 23 might
1032 2327 23 17 be
1065 2327 59 18 called
1132 2334 54 16 away
1195 2329 21 16 at
1224 2334 37 16 any
1269 2330 84 16 moment
1362 2329 36 17 and

962 2350 44 17 thus
1015 2357 54 11 cause
1076 2351 70 18 serious
1152 2351 144 18 inconvenience
1303 2352 19 17 to
1329 2353 69 21 parties

962 2374 71 21 having
1049 2374 84 18 business
1147 2374 64 18 before
1225 2375 33 17 the
1274 2376 64 17 Court.
1367 2376 31 17 Mi-

961 2397 70 22 Taylor
1038 2397 21 19 is,
1070 2397 15 17 it
1093 2398 15 16 is
1117 2399 48 19 true,
1178 2398 42 17 able
1230 2400 19 15 to
1262 2398 95 22 predicate
1370 2399 28 17 hi.s

962 2421 116 17 movements
1086 2421 47 17 with
1142 2427 11 11 a
1167 2421 71 18 certain
1253 2421 67 23 degree
1334 2423 20 16 of
1367 2428 20 12 ac-

963 2449 72 17 curacy,
1046 2450 20 11 so
1080 2444 42 17 that
1134 2444 30 17 his
1179 2444 79 18 absence
1273 2451 42 16 may
1331 2445 22 17 he
1367 2451 21 12 ar-

962 2466 73 23 ranged
1042 2467 35 20 for,
1087 2467 35 17 but
1130 2468 20 16 in
1158 2468 28 16 Dr
1200 2468 85 17 Cinders'
1302 2474 39 11 case
1355 2469 16 16 it
1384 2469 14 17 is

962 2490 107 22 impossible
1077 2492 20 15 to
1106 2491 75 17 foretell
1189 2492 20 16 at
1218 2491 52 17 what
1278 2493 84 15 moment
1376 2492 22 17 he

963 2513 62 23 might
1034 2513 22 18 he
1065 2513 60 18 called
1133 2520 55 16 away
1197 2520 24 11 on
1231 2521 11 10 a
1255 2515 69 17 matter
1338 2515 60 17 which

962 2536 63 17 would
1033 2536 59 18 brook
1097 2543 25 11 no
1134 2537 62 23 delay.
1230 2538 54 17 Cases
1292 2538 106 23 frequently

962 2565 45 17 crop
1015 2566 25 16 up
1049 2560 43 18 here
1101 2560 61 18 which
1176 2560 73 23 require
1264 2561 32 17 the
1312 2567 86 16 presence

962 2583 21 17 of
990 2583 95 17 witnesses
1094 2583 49 17 from
1151 2584 89 23 outlying
1254 2585 61 21 places
1330 2585 37 17 and
1382 2586 15 16 it

962 2606 64 17 would
1033 2606 24 17 bo
1065 2607 64 23 lyifair
1136 2608 21 16 to
1165 2607 53 18 these
1226 2605 39 19 and
1279 2609 20 16 to
1313 2608 32 17 the
1359 2608 32 18 liti-

962 2630 57 22 gants
1028 2630 19 16 to
1056 2631 36 21 put
1099 2629 52 18 them
1160 2632 20 15 to
1190 2637 11 10 a
1209 2630 61 22 heavy
1275 2631 123 22 expenditure

961 2652 22 19 .of
990 2652 46 18 time
1044 2654 37 16 iind
1090 2658 68 17 money
1167 2653 62 18 which
1238 2654 55 17 could
1302 2654 57 22 easily
1376 2655 22 17 be

962 2676 84 17 avoided.
1072 2676 19 17 If
1100 2682 34 11 our
1141 2677 90 21 member,
1245 2675 32 19 Mr
1291 2677 28 17 W.
1334 2677 63 23 Kelly,

962 2705 49 11 were
1019 2700 20 16 to
1048 2699 71 18 submit
1130 2700 37 17 this
1182 2701 70 16 matter
1269 2702 19 15 to
1305 2701 31 17 the
1353 2706 34 12 con-

962 2722 101 17 sideration
1072 2723 20 16 of
1100 2723 32 17 the
1141 2724 129 16 Government
1277 2724 16 17 it
1303 2724 63 17 would
1374 2730 24 11 no

962 2745 61 17 doubt
1031 2745 47 17 have
1087 2746 33 17 tin;
1129 2746 72 17 desired
1209 2746 60 17 effect.

962 2799 35 17 Wf.
1012 2800 63 17 would
1088 2800 74 18 remind
1174 2801 54 17 those
1242 2802 20 16 of
1277 2807 33 11 our
1324 2800 73 19 readers

961 2823 43 17 who
1019 2823 49 20 liaye
1084 2823 78 17 athletic
1183 2824 106 17 tendencies
1306 2825 44 17 that
1365 2826 32 16 the

961 2846 77 22 holiday
1047 2847 96 22 generally
1152 2847 91 18 observed
1251 2847 26 22 by
1287 2847 50 23 loyal
1352 2854 34 16 peo-

961 2869 30 22 ple
1009 2875 24 12 on
1049 2870 41 17 Her
1105 2870 100 23 Majesty's
1225 2870 89 23 birthday
1331 2872 15 16 is
1363 2878 23 16 ap-

961 2893 104 22 proaching
1073 2893 38 17 and
1125 2893 43 17 that
1181 2900 11 10 a
1206 2894 108 17 favourable
1327 2900 59 17 oppor-

961 2916 64 22 t.unity
1034 2916 15 16 is
1058 2916 69 18 offered
1136 2917 20 17 of
1164 2917 111 23 organising
1284 2923 22 11 an
1318 2918 79 17 outdoor

961 2938 102 23 gathering
1071 2940 20 16 of
1099 2945 51 12 some
1158 2940 120 22 description.
1312 2941 19 16 If
1345 2941 52 17 there

962 2967 47 13 were
1030 2960 92 20 sufficient
1142 2963 55 17 boats
1218 2969 24 11 oil
1262 2964 32 16 tho
1314 2964 42 17 lake
1373 2971 23 10 an

961 2985 75 22 aquatic
1045 2985 82 18 carnival
1141 2986 63 17 would
1221 2987 20 16 at
1256 2992 45 12 once
1319 2989 78 20 suggest

960 3007 56 21 itself,
1038 3009 35 16 but
1090 3014 19 12 as
1126 3009 43 17 that
1190 3010 207 18 mucli-to-be-desired

961 3032 48 16 state
1018 3032 19 17 of
1053 3032 63 17 affairs
1129 3032 39 17 will
1181 3033 35 16 not
1232 3033 100 17 culminate
1346 3033 51 18 until

961 3054 32 18 the
1002 3054 61 18 wliarf
1071 3055 60 17 which
1141 3056 15 16 is
1165 3056 92 22 proposed
1263 3058 19 15 to
1288 3056 22 17 be
1317 3056 50 18 built
1373 3063 24 11 on

960 3078 32 16 the
1008 3077 43 18 lake
1068 3078 38 18 side
1123 3079 15 17 is
1153 3085 25 10 an
1193 3079 137 22 accomplished
1351 3080 44 18 fact,

960 3107 27 10 we
996 3101 38 17 will
1043 3101 47 17 have
1100 3103 19 16 to
1127 3101 35 18 fall
1171 3101 47 18 back
1228 3108 50 16 upon
1287 3108 25 11 an
1319 3102 78 18 athletic

960 3125 61 21 sports
1030 3124 107 23 gathering.
1162 3126 40 16 The
1211 3126 56 17 funds
1276 3126 20 17 of
1301 3126 32 17 the
1341 3126 56 17 Brass

960 3147 59 20 Band,
1030 3148 15 16 it
1052 3148 16 16 is
1077 3148 121 20 understood,
1208 3149 73 22 require
1295 3151 88 20 augment-

959 3170 39 23 ing,
1009 3170 37 17 and
1054 3171 33 17 the
1095 3171 93 17 members
1197 3172 19 16 of
1225 3173 43 16 that
1279 3172 50 22 body
1343 3172 53 18 there

960 3194 15 16 is
983 3199 25 12 no
1018 3194 59 17 doubt
1085 3194 63 17 would
1158 3195 24 16 be
1197 3201 56 16 eager
1270 3196 19 16 to
1306 3195 56 17 assist
1376 3196 21 17 in

960 3222 37 16 any
1006 3217 72 17 scheme
1087 3217 72 23 having
1167 3218 44 17 that
1227 3218 92 17 desirable
1332 3218 63 23 object

960 3240 18 16 iu
987 3240 53 17 view.
1066 3241 30 15 An
1105 3241 99 17 attractive
1210 3246 118 17 programme
1335 3242 62 22 might

960 3263 22 16 be
992 3263 64 16 drawn
1066 3269 25 17 up
1099 3262 47 19 with
1155 3263 50 18 little
1213 3264 74 18 trouble
1296 3265 36 16 and
1341 3265 16 16 if
1365 3265 32 17 the

960 3284 104 19 additional
1072 3286 113 18 allurement
1194 3287 20 17 of
1221 3293 12 11 a
1242 3289 75 16 concert
1329 3287 20 17 in
1364 3288 32 17 the

960 3309 80 22 evening
1048 3309 23 17 bo
1080 3310 61 16 added
1150 3316 37 16 any
1196 3310 40 17 fear
1244 3312 20 16 of
1272 3311 67 17 failure
1345 3311 52 17 fades

960 3332 40 18 into
1008 3333 131 20 nothingness.

977 3379 105 23 LOCAL
1096 3380 97 23 NEWS
1204 3381 69 23 AND
1287 3380 103 24 NOTES.

983 3427 38 17 The
1038 3428 84 21 greatest
1137 3428 77 17 rainfall
1227 3430 32 20 yet
1273 3428 89 18 recorded
1377 3430 20 16 in

960 3449 32 18 tho
1000 3450 74 18 district
1082 3456 39 12 was
1131 3457 22 11 on
1164 3451 118 23 Wednesday
1290 3452 56 22 night
1353 3453 43 17 last.

982 3477 39 17 The
1031 3479 126 21 temperature
1172 3479 20 16 of
1209 3479 31 16 the
1256 3479 75 17 Priest's
1346 3479 50 17 Bath

960 3500 30 17 for
998 3500 33 17 tho
1040 3503 44 19 past
1092 3501 53 18 week
1152 3501 74 22 ranged
1235 3502 49 17 from
1292 3503 30 16 102
1330 3503 20 16 to
1358 3503 38 17 105.

983 3528 38 17 Tho
1029 3528 47 17 bath
1085 3528 38 17 fees
1139 3528 30 17 for
1183 3529 31 16 the
1228 3529 66 17 montli
1309 3530 19 17 of
1343 3530 54 22 April

960 3550 101 18 amounted
1070 3552 20 16 to
1099 3550 38 18 49
1147 3551 20 18 Ts
1181 3551 29 18 9d.
1240 3552 17 17 A
1272 3553 125 22 comparative

960 3575 101 16 statement
1069 3574 39 17 will
1117 3575 23 17 be
1153 3575 55 24 given
1217 3576 47 16 next
1272 3576 53 16 issue.

982 3602 32 18 Mr
1022 3602 27 17 M.
1059 3602 71 21 Simon,
1145 3604 92 21 practical
1251 3604 61 19 tailor,
1325 3604 39 18 lato
1378 3605 20 17 of

960 3625 118 21 Melbourne,
1087 3626 35 17 has
1131 3626 121 18 commenced
1260 3627 85 17 business
1353 3627 44 17 licit;

959 3649 48 16 next
1014 3648 87 18 Larkin's
1110 3649 45 17 boot
1165 3649 143 22 shop.-AIA'T.

984 3681 16 15 A
1011 3680 60 17 choice
1080 3681 116 17 assortment
1204 3681 21 17 of
1239 3685 58 16 note,
1313 3686 82 16 letter,

961 3707 135 16 COMMERCIAL,
1110 3703 37 17 and
1159 3707 90 14 COLORE!)
1264 3709 81 15 PAPERS,
1360 3709 24 12 EN-

960 3730 94 16 VELOPES,
1065 3726 38 17 and
1111 3730 95 13 GENERAL
1215 3731 130 16 STATIONERY,
1359 3728 38 16 will

960 3749 73 22 shortly
1042 3749 61 17 arrive
1111 3750 20 16 at
1139 3749 33 17 the
1181 3750 117 17 CHRONICLE
1310 3750 88 18 Ofliee.

960 3776 60 13 A.UVT.

983 3801 17 16 A
1009 3801 63 21 report
1081 3801 20 17 of
1110 3801 33 17 the
1157 3801 47 17 Rev.
1219 3801 99 18 Frederick
1332 3801 52 21 Lung-

960 3823 59 17 ham's
1028 3823 71 18 lecture
1108 3829 26 12 on
1163 3824 80 17 Mission
1326 3825 20 16 in
1360 3825 38 22 Fiji

960 3846 16 17 is
984 3846 127 23 unavoidably
1120 3846 45 17 held
1174 3853 49 10 over.

983 3875 31 16 Mr
1023 3874 22 17 It.
1052 3875 59 16 Wake
1117 3875 34 17 has
1162 3875 118 18 undertaken
1287 3876 32 17 the
1325 3882 73 16 agency

960 3898 21 16 of
989 3898 32 16 the
1031 3897 116 18 Chronicle
1160 3898 19 16 in
1194 3898 32 17 the
1238 3904 42 12 new
1295 3899 101 22 township,

960 3921 61 17 where
1030 3920 146 18 advetisements
1185 3921 39 17 will
1232 3921 24 17 be
1266 3922 86 16 received
1360 3921 38 18 and

960 3944 61 22 copies
1031 3943 20 18 of
1059 3943 32 17 the
1100 3949 60 17 paper
1169 3950 43 16 may
1221 3944 23 17 be
1252 3943 96 19 obtained.

984 3971 39 16 The
1032 3970 111 18 demolition
1151 3971 21 16 of
1179 3970 44 17 that
1235 3971 75 22 portion
1325 3972 20 16 of
1357 3972 40 17 Mrs

961 3993 98 18 Graham's
1068 3994 52 16 Lako
1128 3994 66 16 House
1202 3994 64 21 Hotel,
1277 3994 61 17 which
1353 3995 16 16 it
1382 3995 15 17 is

960 4016 93 23 proposed
1061 4017 20 16 to
1098 4016 80 21 rebuild,
1194 4016 15 17 is
1224 4016 57 23 being
1294 4017 104 22 proceeded

960 4039 47 17 with
1026 4039 110 23 vigorously
1151 4039 62 17 under
1229 4040 31 16 the
1275 4040 89 18 direction
1378 4041 20 17 of

960 4062 33 17 tho
1004 4063 111 20 contractor,
1125 4063 32 17 Mr
1165 4062 52 17 John
1227 4062 58 18 Jones
1300 4063 20 18 of
1333 4063 52 18 Auck-

960 4085 51 22 land.

1447 99 39 17 Tlio
1502 100 47 16 Rev.
1565 99 23 17 R.
1605 98 88 18 McNicol
1710 99 19 17 of
1746 99 27 17 St.
1791 98 70 18 James'

1423 122 101 17 Auckland
1545 122 104 17 conducted
1672 122 32 17 the
1729 121 133 22 Presbyterian

1424 146 69 17 service
1509 146 20 16 in
1545 145 34 17 the
1595 145 123 18 schoolhouse
1734 145 37 16 last
1785 144 77 22 Sunday

1424 167 89 23 morning
1527 168 38 17 and
1578 168 86 23 evening,
1678 168 56 17 when
1748 168 52 16 there
1813 173 49 11 were

1424 192 86 17 crowded
1519 191 121 17 attendances
1649 192 21 16 at
1677 191 45 17 each
1732 191 39 17 diet
1780 191 20 17 of
1812 196 37 11 wor-

1424 215 47 22 ship.
1496 215 33 16 Mr
1549 215 88 17 McNicol
1653 214 39 17 will
1709 214 80 17 officiate
1805 214 57 22 again

1424 239 47 16 next
1479 238 84 21 Sunday.

1447 267 16 16 A
1468 267 64 16 native
1536 271 75 12 woman
1617 266 67 17 named
1691 265 76 18 Hikaka
1774 266 19 16 to
1804 265 48 17 AlllO-

1424 289 43 20 -
1478 295 35 17 ago
1522 290 23 16 40
1553 295 60 16 years,
1623 295 10 11 a
1642 289 68 17 widow
1719 289 81 17 without
1812 288 37 17 fam-

1424 313 32 22 ily,
1467 313 44 17 died
1519 314 20 15 at
1548 313 32 16 the
1588 318 25 17 pa
1622 318 24 11 on
1658 312 99 22 Thursday
1766 312 43 16 last.
1823 311 38 17 She

1424 342 38 11 was
1472 336 33 17 the
1513 335 95 23 daughter
1621 336 19 17 of
1657 341 35 12 one
1701 335 20 17 of
1729 335 32 17 tlio
1778 335 85 21 greatest

1424 360 58 17 chiefs
1489 359 21 17 of
1517 359 33 17 the
1555 359 73 19 Arawa,
1638 358 38 17 and
1682 359 55 16 sister
1745 358 20 17 of
1771 358 33 17 the
1811 363 36 17 pop-

1425 382 41 17 ular
1474 382 68 18 driver.
1560 382 51 17 Kiwi
1619 384 19 15 te
1646 382 93 19 Amoliau,
1757 381 43 17 who
1815 381 15 17 is
1841 381 21 16 in

1425 405 32 17 the
1465 405 130 23 employment
1610 405 19 17 of
1645 405 69 17 Messrs
1728 403 134 18 Marohesseau

1424 428 38 18 and
1471 429 32 17 Co.
1541 429 54 16 After
1604 429 32 16 the
1645 429 107 20 customary
1765 427 54 22 tangi
1828 426 33 17 she

1424 457 38 12 was
1470 452 67 17 buried
1546 454 19 14 at
1578 451 130 22 Ngongotuha.
1720 456 25 11 on
1757 449 101 22 Saturday.

1449 481 15 15 A
1473 480 82 22 practice
1565 479 63 17 match
1637 484 38 11 was
1683 477 69 23 played
1760 483 25 11 011
1797 477 57 17 .Satur-

1424 502 37 23 day
1469 503 38 17 last
1515 503 26 21 by
1550 502 31 17 the
1590 502 48 17 local
1644 501 87 17 Football
1738 499 54 21 Club,
1799 501 53 16 Possi-

1424 525 39 17 bles
1484 532 17 10 v.
1523 525 109 20 Probables,
1653 525 29 16 for
1698 524 33 16 the
1746 528 81 18 purpose
1844 524 19 17 of

1425 548 91 23 selecting
1524 555 12 10 a
1544 550 50 15 team
1604 549 19 16 to
1628 548 45 22 play
1680 546 77 23 against
1762 547 101 21 Taurunga

1425 577 24 12 on
1458 571 95 22 Saturday
1562 570 57 18 week.
1644 570 40 17 The
1692 575 55 17 game
1755 570 82 17 resulted
1843 570 20 17 in

1424 600 12 12 a
1445 595 37 17 win
1491 595 29 16 for
1529 595 32 16 the
1574 595 70 15 former
1657 593 26 22 by
1698 593 20 16 12
1733 593 64 22 points
1811 595 20 15 to
1845 595 16 15 .'3.

1425 617 17 18 A
1450 617 70 21 match,
1530 616 83 18 Married
1621 621 18 12 v.
1656 616 66 22 Single
1735 616 16 17 is
1764 615 60 24 going
1838 622 25 11 on

1425 640 38 17 this
1471 640 100 17 afternoon
1580 644 21 12 as
1609 645 28 11 we
1647 645 25 17 go
1682 641 19 16 to
1710 644 57 17 press.

1449 668 31 17 Mr
1496 668 25 17 H.
1539 668 79 20 Martin,
1636 666 74 19 saddler
1723 668 37 17 and
1774 668 77 17 harness-

1425 691 69 18 maker,
1505 692 43 16 who
1557 691 101 17 succeeded
1665 692 21 16 to
1699 691 32 17 the
1745 690 84 18 business
1842 692 21 16 of

1424 714 32 17 Mr
1464 713 25 18 li.
1499 714 23 17 L.
1532 713 116 23 MoFadyen,
1659 721 19 11 so
1687 715 47 20 long
1746 714 38 17 and
1799 715 52 16 favor-

1424 735 45 23 ably
1482 736 71 19 known
1566 737 20 18 in
1602 738 38 17 this
1658 738 78 18 district,
1755 743 108 12 announces

1424 760 44 17 that
1475 760 24 17 he
1508 760 83 22 supplies
1601 760 79 22 saddles,
1694 760 76 21 bridles,
1785 761 39 20 &e.,
1843 760 20 17 of

1424 783 33 17 the
1473 783 42 18 best
1531 783 140 24 workmanship
1685 784 37 17 and
1734 784 35 17 has
1783 789 10 11 a
1809 784 54 21 large

1424 807 53 16 stock
1486 808 20 16 to
1515 807 58 17 select
1589 808 55 17 from.
1668 807 40 17 The
1721 807 40 17 fact
1773 807 43 16 that
1830 807 33 16 Mr

1424 829 73 18 Martin
1506 830 65 17 served
1579 831 29 17 his
1617 831 45 17 time
1670 831 47 16 with
1735 830 94 17 Wiseman
1843 830 20 17 of

1425 853 100 18 Auckland
1532 854 16 16 is
1557 860 11 10 a
1577 854 91 17 sufficient
1677 854 103 22 guarantee
1785 852 20 18 of
1814 852 48 23 style

1424 876 38 17 and
1470 876 147 23 workmanship.

1452 913 54 23 They
1515 915 40 22 dug
1562 920 26 17 up
1597 919 11 12 n
1613 913 75 18 curious
1692 915 68 21 quartz
1769 914 93 21 specimen

1424 939 33 16 the
1466 937 55 17 other
1529 937 37 22 day
1574 939 21 15 at
1602 943 34 12 one
1645 938 20 16 of
1673 937 33 17 the
1713 937 80 17 Thames
1802 937 60 17 mines

1424 962 39 17 and
1470 967 12 10 a
1490 960 48 17 local
1547 965 111 17 newspaper
1665 959 59 18 scribe
1732 960 20 16 in
1759 967 10 9 a.
1776 960 85 22 gushing

1424 984 108 23 paragraph
1546 983 103 23 suggested
1682 983 42 17 that
1733 983 45 17 such
1788 989 11 10 a
1807 987 55 13 i:ai;a

1424 1011 47 14 AVIS
1484 1006 41 23 (sic)
1535 1006 67 18 should
1611 1007 23 15 be
1643 1006 99 23 presented
1755 1008 19 14 to
1784 1006 32 16 the
1828 1011 22 11 ex-

1424 1029 52 19 ulted
1492 1030 46 22 lady
1554 1030 43 17 who
1613 1028 34 19 has
1664 1028 86 24 presided
1767 1033 44 13 over
1828 1035 34 10 our

1425 1052 88 19 destinies
1523 1054 30 16 for
1558 1059 52 11 more
1625 1053 46 16 than
1684 1052 41 17 half
1739 1059 11 10 a

1424 1075 116 24 Apractical
1549 1076 126 20 shareholder,
1691 1076 92 18 however,
1801 1076 61 16 wants

1424 1101 16 16 it
1449 1101 40 17 sold
1499 1102 19 15 to
1527 1100 33 16 the
1568 1100 77 22 highest
1660 1097 72 21 bidder,
1748 1104 22 11 or
1784 1100 41 15 sent
1843 1099 19 16 to

1425 1124 32 17 the
1465 1123 83 21 batteiv,
1558 1121 38 19 and
1604 1123 46 17 such
1658 1122 39 17 will
1705 1120 93 24 probably
1806 1122 23 17 be
1838 1122 24 17 its

1425 1148 45 16 fate.

1448 1179 32 16 Mr
1489 1178 26 18 11.
1524 1177 29 18 W.
1564 1177 116 22 Neighbour,
1691 1176 55 18 tailor
1755 1177 37 16 and
1808 1176 54 17 habit

1425 1201 70 22 maker,
1505 1202 63 17 whose
1585 1200 146 18 advertisement
1746 1205 79 17 appears
1842 1200 19 16 in

1424 1225 80 17 another
1517 1224 82 23 column,
1612 1224 80 17 informs
1705 1229 22 11 us
1739 1223 44 17 that
1795 1223 24 17 he
1832 1228 20 12 re-

1425 1249 59 16 ceives
1493 1248 32 17 the
1534 1248 58 17 latest
1600 1247 75 17 fashion
1682 1247 61 22 plates
1752 1251 55 17 every
1817 1246 45 17 mail

1424 1271 49 18 from
1482 1270 80 19 London
1571 1270 38 17 and
1618 1270 59 17 Palis.
1702 1269 30 18 He
1741 1270 15 17 is
1771 1270 44 16 thus
1828 1275 22 11 en-

1424 1294 55 17 abled
1488 1296 20 15 to
1518 1295 83 16 costume
1609 1294 29 17 his
1646 1295 78 20 patrons
1732 1292 102 23 according
1842 1294 20 16 to

1424 1318 33 17 the
1465 1319 50 16 most
1525 1316 117 18 fashionable
1651 1316 76 22 designs
1741 1315 38 18 and
1793 1317 57 20 up-to-

1424 1341 43 17 date
1476 1341 51 17 ideas
1536 1340 103 22 regarding
1647 1339 133 18 conventional
1792 1339 60 17 habili-

1424 1365 67 16 ments.
1517 1364 31 17 Mr
1557 1362 112 24 Neighbour
1677 1369 38 10 was
1729 1363 29 16 for
1773 1364 21 15 23
1807 1368 55 16 years

1424 1388 18 16 in
1452 1393 35 12 one
1497 1388 20 16 of
1530 1387 32 16 the
1575 1387 43 16 best
1630 1386 152 17 establishments
1797 1386 19 16 in
1830 1386 32 17 the

1424 1410 53 17 West
1485 1410 44 17 End
1538 1410 20 17 of
1565 1409 86 18 London.

1447 1443 39 16 The
1494 1447 42 12 new
1546 1442 83 22 Sulphur
1637 1442 65 17 Baths,
1717 1441 62 17 better
1792 1441 69 17 known

1424 1472 20 10 as
1453 1466 32 17 the
1494 1465 54 17 Vans
1558 1465 46 17 bath
1614 1465 37 17 and
1659 1465 49 17 close
1717 1466 19 16 to
1744 1464 32 18 the
1805 1464 45 17 Post-

1530 1494 47 11 were
1591 1488 72 23 opened
1678 1489 19 15 to
1711 1488 32 16 the
1759 1487 64 23 public
1837 1494 24 10 on

1424 1512 91 22 Tuesday.
1541 1510 39 19 The
1588 1513 63 16 recent
1659 1511 52 17 rains
1726 1511 16 17 it
1755 1510 15 17 is
1785 1510 66 17 observ-

1424 1534 41 18 able
1475 1536 47 16 have
1532 1534 112 23 completely
1652 1533 113 18 obliterated
1779 1534 32 17 the
1825 1534 36 17 last

1423 1558 69 18 named
1500 1558 46 17 bath
1556 1558 62 23 filling
1626 1558 15 17 it
1658 1563 25 16 up
1696 1557 46 17 with
1760 1557 51 20 sand,
1828 1558 33 16 &e.

1423 1581 31 17 Mr
1463 1582 21 17 F.
1494 1582 23 16 B.
1527 1581 54 18 Scott
1590 1581 16 17 is
1619 1581 19 17 iu
1652 1581 69 22 charge
1736 1581 19 17 of
1772 1581 31 16 Ihe
1819 1586 42 11 now

1423 1605 56 18 baths
1489 1605 61 17 which
1559 1610 31 11 are
1598 1604 65 17 bound
1672 1605 19 16 to
1708 1609 53 17 grow
1774 1604 19 16 in
1807 1604 54 16 favor

1423 1628 47 17 with
1483 1628 33 17 the
1530 1626 65 24 public
1611 1628 63 22 owing
1690 1628 20 16 to
1727 1627 50 17 their
1793 1626 68 23 highly

1423 1651 130 23 invigorating
1568 1651 110 22 properties.
1713 1649 47 18 Like
1776 1651 49 17 most
1842 1651 19 16 of

1424 1675 32 17 the
1464 1675 56 17 other
1527 1674 56 17 baths
1592 1675 43 16 here
1645 1674 44 22 they
1698 1673 47 18 have
1756 1675 19 15 to
1783 1672 24 18 be
1816 1673 45 17 used

1424 1698 46 17 with
1480 1699 83 16 extreme
1572 1697 80 18 caution.
1679 1697 16 16 A
1705 1697 34 16 full
1747 1697 114 21 description

1423 1722 19 16 of
1451 1721 52 17 these
1512 1721 56 17 baths
1578 1720 38 18 will
1624 1720 22 18 be
1661 1719 55 24 given
1731 1720 18 17 in
1767 1725 34 12 our
1814 1721 47 15 next

1423 1744 54 17 issue.

1445 1780 39 17 The
1493 1780 98 22 telegraph
1601 1780 119 22 department
1730 1780 74 17 notifies
1818 1780 41 18 tlint

1423 1804 70 22 during
1507 1804 32 17 the
1553 1803 62 23 repair
1632 1804 19 16 of
1667 1803 32 17 the
1716 1802 52 18 Cook
1785 1802 74 18 Straits'

1423 1826 52 18 cable
1495 1827 77 21 delayed
1595 1826 100 23 telegrams
1717 1826 86 17 between
1828 1826 32 17 the

1422 1849 62 19 North
1493 1850 38 17 and
1540 1849 60 18 South
1609 1849 75 18 Islands
1692 1855 32 11 are
1732 1849 56 17 liable
1797 1851 20 15 to
1827 1849 22 17 de-

1423 1873 79 18 tention.
1533 1873 19 17 If
1572 1873 32 17 the
1622 1871 94 23 ordinary'
1727 1871 52 19 work
1795 1872 16 17 is
1828 1873 32 17 too

1423 1899 54 19 great,
1485 1897 46 21 they
1539 1903 44 15 may
1591 1896 49 17 have
1647 1897 21 16 to
1682 1896 23 17 be
1717 1896 67 22 posted
1799 1901 61 12 across

1423 1920 31 17 the
1464 1920 59 17 Strait
1532 1920 39 16 and
1579 1920 45 17 then
1634 1921 40 15 sent
1684 1925 29 11 on.
1738 1918 40 18 The
1788 1917 72 20 broken

1422 1943 52 17 cable
1483 1943 15 17 is
1507 1950 11 10 a
1527 1941 52 19 three
1589 1944 42 16 core'
1646 1943 50 17 from
1710 1942 116 22 Wellington
1840 1944 20 15 to

1422 1965 98 18 Blenheim
1529 1966 38 17 and
1576 1966 32 17 the
1617 1964 44 24 only
1668 1966 45 17 lines
1719 1971 42 12 now
1767 1965 93 17 available

1422 1996 30 10 are
1461 1990 33 17 the
1503 1990 61 22 single
1578 1995 41 11 con*
1634 1989 85 17 between
1732 1989 52 16 these
1799 1988 61 23 places

1422 2012 37 18 and
1468 2013 43 17 that
1520 2013 49 17 from
1576 2012 120 21 Whanganui
1703 2014 21 15 to
1730 2012 129 21 Wakapuaka.

1445 2041 32 17 Mi-
1486 2041 22 17 A.
1632 2040 33 17 lias
1679 2040 83 17 received
1778 2040 72 17 instruc-

1421 2064 49 16 tions
1487 2065 49 16 from
1553 2064 32 17 the
1602 2063 127 18 Government
1745 2064 19 16 to
1781 2062 79 23 proceed

1421 2087 45 17 with
1476 2087 32 17 the
1517 2087 82 17 erection
1609 2087 21 17 of
1637 2087 26 17 all
1671 2085 84 23 bridges,
1770 2086 88 19 culverts,

1421 2110 39 18 &c.,
1470 2116 25 12 011
1504 2110 31 17 tlie
1545 2116 42 11 new
1595 2109 45 18 road
1653 2111 21 16 to
1687 2110 72 22 Tanpo,
1774 2108 86 23 through

1421 2134 122 22 Wni-o-tjipu
1552 2139 21 12 as
1581 2134 30 16 far
1623 2139 19 11 as
1657 2133 32 17 the
1705 2132 87 17 Waikato
1803 2132 55 17 river.

1420 2156 39 18 The
1468 2156 69 18 second
1545 2158 57 21 party
1611 2156 19 18 of
1638 2155 126 23 unemployed
1774 2156 42 16 who
1828 2161 32 11 are

1421 2180 91 22 expected
1520 2185 26 16 up
1555 2185 45 12 soon
1609 2180 37 16 will
1656 2179 23 17 he
1687 2179 90 22 partially
1783 2178 77 18 utilised

1421 2209 24 11 on
1453 2203 39 18 this
1501 2203 51 17 road.
1578 2203 59 17 There
1646 2202 37 17 will
1694 2203 23 16 lie
1729 2202 45 17 nine
1781 2201 78 22 bridges

1421 2226 37 17 and
1467 2226 64 17 eleven
1540 2226 81 17 culverts
1630 2227 20 16 to
1660 2227 95 16 construct
1763 2225 58 22 along
1827 2225 32 17 the

1420 2250 54 17 route
1483 2249 38 17 and
1530 2250 53 16 these
1592 2255 30 11 are
1631 2248 25 18 all
1671 2248 19 18 in
1701 2248 31 17 Jlr
1745 2247 114 19 Warbrick's

1420 2273 67 17 hands.
1513 2273 17 16 A
1546 2273 80 17 number
1643 2273 20 16 of
1679 2272 73 17 natives
1769 2278 30 10 are
1816 2278 44 11 now

1420 2295 87 22 engaged
1515 2295 20 18 in
1550 2295 102 23 procuring
1666 2294 68 18 timber
1751 2297 19 15 lit
1787 2295 73 18 Paeroa.

1420 2320 60 16 about
1489 2321 21 14 2(1
1520 2319 53 17 miles
1583 2319 47 17 from
1639 2318 50 17 here,
1718 2319 12 16 il
1741 2317 35 18 lias
1784 2320 35 15 not
1827 2320 33 19 yet

1420 2341 47 19 been
1480 2342 77 18 decided
1572 2342 84 17 whether
1670 2348 11 10 a
1697 2341 67 22 bridge
1781 2341 38 17 will
1836 2342 23 16 be

1421 2365 73 18 erected
1515 2371 61 11 across
1593 2365 33 17 the
1641 2365 87 17 Wailcato
1745 2371 21 11 or
1782 2370 11 11 a
1811 2365 49 22 punt

1420 2389 67 21 placed
1495 2389 53 17 there
1557 2389 29 16 for
1595 2389 32 17 the
1635 2389 46 16 time
1693 2388 63 22 being.

1444 2422 39 16 Tlic
1492 2421 54 17 other
1555 2421 37 22 day
1601 2427 10 10 a
1619 2422 105 21 sportsman
1733 2421 62 21 might
1811 2421 48 17 luive

1420 2444 48 17 Loon
1477 2444 91 18 observed
1578 2444 83 22 stalking
1670 2443 82 21 through
1762 2444 33 17 the
1808 2445 51 16 town

1421 2468 45 17 with
1477 2475 10 10 ii
1497 2468 67 22 couple
1572 2467 20 17 of
1600 2466 57 18 black
1670 2472 61 12 swans
1745 2467 56 21 slung
1816 2473 43 10 over

1421 2491 29 17 his
1459 2490 95 18 shoulder.
1582 2489 21 19 In
1612 2495 42 12 ease
1662 2490 53 17 there
1723 2496 31 11 ure
1764 2490 63 17 others
1840 2490 19 17 in

1421 2515 38 16 tliis
1468 2513 74 19 district
1550 2513 43 17 who
1602 2519 30 11 are
1646 2513 60 17 under
1719 2519 24 11 an
1760 2519 99 11 erroneous

1421 2537 110 23 impression
1541 2543 20 11 us
1570 2538 20 16 to
1599 2537 52 17 what
1659 2542 33 11 eon
1705 2537 65 16 fiiutes

1421 2561 37 16 and
1469 2561 81 16 "'native
1652 2566 23 10 1111
1724 2560 32 17 the
1773 2560 86 17 Animals

1421 2584 110 18 Protection
1539 2584 42 19 Act,
1591 2584 15 16 it
1615 2589 43 16 may
1665 2583 23 17 he
1697 2583 62 17 .stated
1770 2583 43 17 that
1827 2584 32 17 the

1421 2607 71 17 former
1508 2607 78 17 consists
1603 2607 20 17 of
1639 2605 46 19 cock
1703 2607 101 21 pheasants
1821 2607 38 17 and

1421 2630 117 18 Culifomiun
1547 2629 38 18 and
1593 2629 108 18 Austrulian
1711 2629 57 23 (jiiail,
1778 2630 38 17 and
1825 2630 34 17 .the

1421 2652 57 19 latter
1487 2654 99 22 comprises
1596 2652 43 17 wild
1649 2652 49 18 duck
1707 2654 20 15 of
1735 2659 37 16 any
1781 2654 77 21 species,

1420 2676 78 20 bittern,
1507 2676 45 23 pied
1560 2675 42 19 stilt
1609 2676 71 22 plover,
1691 2676 94 18 dottorell.
1796 2677 63 16 native

1420 2700 76 22 pigeon,
1506 2700 44 21 teal,
1560 2699 56 17 black
1624 2699 41 17 stilt
1673 2699 70 23 plover,
1753 2699 72 23 pukaki
1839 2706 20 10 or

1420 2729 72 16 s':nii)j
1503 2723 43 18 lion,
1557 2723 36 16 and
1602 2722 47 17 kaku
1659 2724 70 20 parrot.
1757 2723 17 16 It
1783 2723 38 16 will
1836 2723 23 16 he

1421 2752 41 11 seen
1472 2747 43 16 that
1523 2745 55 18 black
1588 2751 51 12 swan
1648 2751 60 12 comes
1713 2746 64 20 .under
1785 2746 74 17 neither

1421 2770 20 16 of
1449 2770 52 17 these
1514 2769 108 23 categories.

1512 2803 33 18 the
1551 2803 88 18 Minister
1644 2803 29 18 for
1682 2803 70 21 Lands,
1764 2804 32 17 the
1805 2804 52 18 Hon.

1420 2828 52 17 .Tolm
1480 2827 110 18 McKenzie.
1600 2833 38 11 was
1647 2827 18 16 in
1675 2828 31 16 the
1719 2827 83 17 Hawkes
1817 2828 42 22 Bay

1421 2851 79 17 district.
1510 2851 32 17 Mr
1650 2850 63 23 Ivelly,
1726 2850 86 21 M.11.11.,
1828 2851 20 17 in-

1420 2874 51 17 vited
1479 2873 39 18 him
1527 2875 21 15 to
1556 2879 38 17 pay
1602 2880 12 10 a
1621 2873 44 17 visit
1678 2875 19 15 to
1712 2874 29 16 his
1757 2874 101 17 electorate

1421 2897 67 21 taking
1500 2896 26 19 in,
1543 2897 19 16 of
1579 2902 70 14 course,
1665 2897 90 17 Rotorua.
1786 2897 19 16 It
1819 2903 39 12 was

1419 2920 82 18 natural,
1510 2925 35 12 one
1552 2920 62 17 would
1621 2920 61 19 think,
1691 2919 42 18 that
1739 2920 32 17 the
1778 2921 80 16 wearied

1420 2944 88 17 Minister
1517 2943 19 17 of
1545 2943 32 17 the
1586 2943 67 17 Crown
1664 2943 62 17 would
1734 2943 23 17 he
1766 2943 45 22 only
1825 2946 33 15 too

1420 2967 46 22 glad
1473 2969 20 15 to
1502 2967 126 22 rcinvigorate
1636 2966 29 17 his
1672 2966 48 17 tired
1734 2967 59 17 frame
1807 2967 27 21 by
1847 2974 11 10 a

1420 2996 64 12 course
1494 2990 19 17 of
1522 2995 34 12 our
1564 2989 99 18 medicinal
1672 2989 55 18 baths
1735 2989 3 20 ;
1753 2989 34 17 but
1793 2989 20 18 in
1819 2989 39 18 this

1420 3019 41 11 ease
1470 3012 49 18 their
1534 3012 94 17 seductive
1645 3011 100 18 influences
1762 3013 58 17 failed
1837 3016 20 15 to

1419 3037 70 17 attract
1510 3042 20 12 as
1549 3035 74 18 witness
1641 3036 32 17 the
1689 3035 98 23 following
1804 3036 54 23 reply

1419 3060 49 16 from
1477 3059 32 17 Mr
1516 3059 103 17 McKenzie
1675 3059 10 17 I
1694 3059 47 17 have
1749 3059 47 17 been
1809 3059 49 18 back

1418 3083 20 16 in
1573 3082 29 17 for
1611 3081 31 18 the
1651 3083 41 21 past
1707 3083 38 16 two
1760 3082 46 22 days
1820 3083 37 17 and

1418 3106 48 17 have
1476 3106 44 17 such
1535 3112 25 11 an
1574 3111 99 11 enormous
1682 3106 78 16 amount
1769 3106 19 17 of
1805 3106 52 17 work

1418 3129 65 17 before
1492 3135 28 11 me
1529 3129 43 17 that
1581 3129 9 17 I
1599 3130 69 15 cannot
1677 3130 19 15 at
1707 3130 76 21 present
1795 3130 51 21 possi-

1419 3153 33 21 bly
1461 3158 33 16 say
1504 3152 84 17 whether
1597 3151 10 18 I
1615 3151 48 18 shall
1677 3151 23 18 be
1713 3152 42 17 able
1769 3153 21 16 to
1805 3159 52 11 come

1419 3181 26 17 up
1453 3181 48 16 your
1508 3181 42 17 way
1563 3174 63 18 before
1641 3175 32 16 the
1688 3175 83 23 opening
1787 3176 21 17 of
1825 3176 32 17 the

1419 3198 71 18 session
1506 3204 21 12 or
1542 3199 41 17 not.
1607 3198 32 17 Mr
1654 3198 74 17 Ward's
1745 3198 78 18 absence
1837 3200 20 16 in

1419 3221 91 23 England
1533 3222 34 16 lia
1592 3221 74 17 thrown
1693 3227 12 11 a
1730 3222 127 18 considerable

1419 3246 79 16 amount
1507 3245 20 17 of
1535 3245 54 17 extra
1600 3243 50 18 work
1658 3250 50 16 upon
1718 3250 29 12 me
1759 3245 38 17 and
1811 3251 34 12 con-

1419 3267 99 23 sequently
1527 3268 10 17 I
1550 3268 47 16 hare
1610 3268 56 16 much
1680 3266 36 18 less
1730 3268 44 17 time
1788 3270 21 15 at
1825 3274 32 16 my

1419 3291 81 22 disposal
1510 3291 29 17 for
1548 3290 44 18 such
1602 3290 59 18 visits.
1686 3290 99 21 However,
1801 3292 10 16 I
1826 3297 30 11 am

1419 3315 50 16 most
1477 3314 80 17 anxious
1565 3315 20 15 to
1595 3314 44 16 visit
1648 3314 32 16 the
1693 3315 109 16 north-east
1818 3314 28 18 dis-

1419 3337 44 17 trict
1472 3337 43 20 and,
1525 3337 16 17 if
1550 3336 8 18 I
1567 3342 35 12 can
1614 3337 85 21 possibly
1712 3343 80 17 manage
1806 3337 21 21 it,
1846 3337 9 18 I

1442 3401 59 17 There
1509 3406 39 11 wis
1556 3406 24 11 an
1588 3400 103 18 unwonted
1703 3401 34 16 stir
1750 3400 105 19 noticeable

1418 3426 20 15 nt
1447 3424 32 17 the
1491 3429 25 16 pa
1524 3422 44 19 here
1577 3422 31 19 the
1617 3424 55 17 other
1680 3424 42 17 fliiv.
1740 3424 38 17 'Die
1787 3430 68 17 square

1418 3453 46 11 near
1472 3447 33 17 the
1513 3447 37 20 Hip;
1558 3447 65 17 House
1679 3446 51 18 tilled
1738 3447 46 17 with
1799 3450 56 20 eagbr

1419 3476 70 16 frroups
1498 3469 135 23 gesticulating
1642 3470 80 22 actively
1730 3470 37 17 and
1774 3471 70 17 vocifer-

1418 3493 55 23 ating
1482 3492 139 23 energetically.
1647 3493 19 16 It
1674 3499 38 11 was
1721 3494 20 16 nt
1753 3493 41 17 first
1809 3500 34 16 sup-

1418 3516 59 22 posed
1484 3516 43 16 that
1536 3516 14 16 it
1558 3516 63 22 might
1629 3516 23 16 he
1661 3522 11 10 a
1686 3516 112 23 contingent
1811 3518 33 21 get-

1418 3539 43 21 ting
1469 3538 58 23 ready
1536 3539 29 16 for
1574 3537 59 19 active
1648 3539 69 17 service
1729 3540 21 16 at
1764 3539 89 19 Ruatoki.

1418 3562 35 18 hat
1462 3563 32 16 the
1503 3561 101 18 successive
1611 3567 116 17 appearance
1744 3563 20 16 of
1776 3562 46 18 rolls
1836 3565 19 16 of

1418 3585 66 22 bright
1492 3584 50 17 lined
1550 3582 122 23 dresS-stuft's,
1687 3585 79 22 gaudily
1780 3586 74 17 colored

1418 3608 93 21 blankets,
1521 3608 37 16 and
1570 3608 54 16 other
1637 3608 95 21 tlauiiting
1746 3608 75 18 articles
1835 3610 20 17 of

1418 3631 62 21 attire,
1498 3630 88 23 togollier
1599 3631 47 16 with
1659 3631 72 23 sundry
1746 3633 109 21 negotiable

1418 3654 123 17 instruments
1550 3654 19 16 in
1578 3654 31 16 the
1622 3652 57 24 shape
1693 3655 20 16 of
1726 3655 50 16 bank
1793 3657 61 19 notes,

1418 3677 38 17 and
1465 3676 64 23 finally
1546 3683 11 11 a
1571 3677 60 20 horse,
1645 3676 30 18 led
1691 3678 31 16 the
1738 3678 106 23 unsophisti-

1419 3700 54 17 cated
1494 3701 85 16 stranp-or
1599 3701 20 16 to
1640 3701 77 17 surmise
1739 3701 41 17 that
1804 3707 50 12 some

1418 3723 97 17 domestic,
1529 3723 92 22 difficulty
1641 3729 38 11 was
1698 3723 20 17 in
1738 3723 78 23 process'
1835 3725 20 17 of

1418 3746 114 17 settlement.
1557 3746 44 17 This
1609 3751 39 12 was
1656 3746 91 23 precisely
1760 3746 32 18 the
1807 3752 46 13 case.

1418 3770 17 16 A
1444 3770 45 16 tana
1497 3768 39 18 had
1547 3769 47 18 been
1607 3767 80 19 decreed
1698 3770 25 21 by
1736 3770 32 17 the
1781 3772 74 16 natives

1419 3792 19 17 of
1447 3791 173 19 Wliakarewarewa
1628 3792 38 16 and
1682 3793 33 17 the
1727 3793 56 17 claim
1797 3793 58 22 being

1418 3815 115 20 considered,
1543 3821 23 11 on
1576 3815 36 16 due
1621 3815 84 22 enquiry,
1715 3815 40 22 just
1763 3816 38 17 and
1808 3817 35 16 law-

1419 3838 27 17 ful
1463 3839 35 16 utu
1512 3843 38 12 was
1564 3838 57 22 being
1635 3838 44 21 paid
1696 3839 30 16 for
1741 3838 31 17 the
1790 3839 65 23 injury

1418 3861 55 17 done.
1498 3861 39 17 The
1552 3861 87 17 husband
1653 3861 20 17 of
1687 3868 11 10 a
1713 3861 85 18 faithless
1811 3862 43 18 wife

1418 3890 39 11 was
1466 3883 100 23 obtaining
1574 3884 115 17 satisfaction
1698 3885 49 16 from
1755 3885 33 16 the
1802 3885 52 22 hapu

1418 3908 21 16 of
1447 3907 32 16 the
1488 3913 37 15 gay
1538 3907 90 16 Lothario
1644 3907 42 16 who
1703 3907 37 16 had
1757 3908 98 17 disturbed

1418 3930 29 17 his
1456 3930 90 17 domestic
1556 3930 121 22 .tranquility.
1708 3930 38 17 The
1762 3931 93 22 principle

1418 3953 15 17 is
1443 3951 44 18 akin
1496 3953 21 16 to
1525 3953 32 16 the
1565 3953 37 17 law
1615 3953 20 17 of
1646 3953 32 16 the
1690 3953 74 22 pakcha
1776 3953 19 17 in
1809 3954 45 16 such

1418 3977 85 19 mattors,
1522 3976 43 22 only
1578 3975 88 22 differing
1678 3975 17 18 iii
1710 3976 42 20 this,
1766 3976 45 17 that
1822 3976 32 17 the

1441 3998 106 23 swingeing
1555 3998 89 23 damages
1670 3998 57 23 being
1736 3999 62 19 levied,
1806 3999 48 17 from

1438 4021 54 20 tribe,
1501 4021 74 17 instead
1581 4022 19 16 of
1608 4027 24 11 an
1639 4021 109 22 individual,
1755 4028 52 11 more
1813 4028 42 12 sure

1430 4044 9 17 f
1444 4046 94 19 fecovery.
1551 4044 20 17 It.
1579 4044 39 17 also
1626 4050 75 12 ensures
1710 4051 10 10 a
1726 4045 67 21 bright
1800 4045 44 17 look-

1431 4068 22 15 ut
1458 4067 57 22 being
1520 4066 45 23 kept
1569 4071 24 13 on
1598 4068 32 16 the
1634 4068 104 22 goings-on
1743 4068 20 17 of
1767 4074 88 11 amorous

1501 4089 38 18 ahd
1548 4090 59 22 frisky
1616 4092 89 16 matrons;

1945 102 134 19 ROTORUA
2091 99 78 22 LAND
2184 102 76 19 SALE.

1872 136 3 23 1
1912 137 43 18 The
1965 136 63 19 leases
2039 137 21 17 of
2075 137 82 17 various
2172 139 60 20 town,
2248 136 74 18 suburb

1885 163 47 20 ban,
1944 163 40 17 and
1993 162 55 18 rural
2058 163 86 17 sections
2156 163 20 17 in
2190 162 40 18 this
2243 163 77 18 district

1886 194 52 13 were
1948 188 75 19 offered
2035 187 26 25 by
2070 187 69 26 public
2152 188 80 19 auction
2249 189 20 18 in
2285 190 34 17 the

1886 214 48 19 Com
1940 214 78 22 thouse,
2035 220 24 12 on
2076 214 108 24 Thursday
2205 214 44 19 last.
2288 214 33 19 Mr

1886 240 33 18 W.
1931 240 21 19 C.
1964 240 135 23 Kaiisington,
2112 240 20 18 in
2146 240 36 18 the
2198 240 86 19 absence
2300 242 21 16 of

1886 266 33 18 Mr
1929 266 92 22 Mueller,
2040 265 156 19 Commissioner
2213 266 22 18 of
2250 265 69 20 Crown

1887 292 75 22 Lands,
1974 292 44 18 who
2028 292 40 18 had
2076 292 111 24 proceeded
2196 295 20 14 to
2225 291 96 19 Hokitiki

1886 318 21 18 in
1917 317 86 19 relation
2013 320 20 16 to
2047 317 95 19 Midland
2159 317 94 24 Railway
2270 321 39 15 mat-

1887 345 46 21 ters,
1945 343 109 19 conducted
2070 343 34 18 the
2119 344 48 22 sale,
2188 343 41 18 and
2241 343 38 18 .Mr
2299 344 21 18 T.

1888 370 29 18 M.
1928 369 79 25 Taylor,
2022 370 89 18 receiver
2126 370 22 17 of
2162 369 48 18 land
2226 375 94 16 revenue,

1887 401 40 13 was
1938 395 41 19 also
1990 398 87 23 present.
2111 395 44 19 The
2171 395 113 19 conditions
2302 396 20 17 of

1886 421 43 19 salo
1938 428 22 12 as
1970 422 115 25 previously
2094 421 111 25 published
2215 427 51 13 were
2273 421 49 19 read

1887 447 40 19 and
1936 448 22 19 in
1970 451 114 15 answer-to
2101 454 11 12 a
2133 447 96 24 question
2247 447 16 18 it
2282 453 40 12 was

1886 473 66 19 stated
1962 474 45 18 that
2018 475 23 17 00
2053 473 50 24 days
2118 473 66 19 would
2195 473 26 19 be
2237 473 84 18 allowed

1886 499 33 19 for
1928 499 34 19 the
1971 499 90 19 removal
2075 499 21 19 of
2111 499 94 18 material
2224 500 56 23 lying
2296 505 25 11 on

1887 525 86 19 sections
1983 525 45 19 that
2042 525 39 24 day
2098 525 50 19 sold.
2183 524 81 22 Taking
2280 525 42 18 into

1886 551 147 19 consideration
2043 551 36 19 the
2089 551 115 19 boisterous
2213 554 73 15 nature
2301 551 21 17 of

1886 577 34 18 the
1930 577 86 19 weather
2026 579 56 17 there
2093 584 40 11 was
2143 584 12 11 a
2171 577 54 24 good
2242 576 69 19 attend-

1885 609 49 12 ance
1943 603 22 19 of
1974 603 35 19 the
2018 603 83 25 general
2111 603 77 25 public.
2222 602 43 19 The
2282 602 28 19 fol-

1886 628 75 26 lowing
1970 629 17 19 is
2005 636 12 12 a
2035 629 33 19 list
2086 629 20 19 of
2124 629 35 18 the
2175 628 87 19 sections
2279 628 43 19 sold

1886 654 48 19 with
1957 661 58 13 name
2037 656 21 18 of
2079 654 64 20 lessee
2177 655 40 18 and
2245 653 76 20 annual

1885 681 107 18 rental:

2018 710 58 14 TOWN*
2088 711 100 13 SECTIONS.

2277 735 9 12 s
2310 729 13 17 d

1885 752 40 18 Sec.
1948 755 9 15 3
1970 753 37 17 Elk
2016 753 29 17 IX
2056 755 19 15 T.
2086 753 18 17 J.
2115 753 98 17 Robinson
2242 753 10 17 0
2277 755 10 14 0
2312 755 10 14 0

1947 777 10 16 S
1983 790 10 6 ~
2020 776 54 19 XG.
2084 776 96 23 McAuley
2210 776 15 23 ..
2242 777 10 16 3
2276 778 11 15 0
2312 777 10 15 0

1898 798 10 24 ,;
1946 802 10 14 4
2019 800 30 17 XI
2063 800 26 17 M.
2099 800 118 17 MeNamara
2240 801 11 15 4
2277 801 10 14 0
2312 800 10 15 0

1898 834 10 9 ~
1948 823 7 17 1
1982 836 11 8 ~
2019 823 37 17 XV
2065 822 18 18 J.
2093 824 71 16 Munro
2210 822 15 22 ..
2242 824 10 15 (i
2277 824 10 15 0
2312 824 10 15 0

1898 857 10 9 ~
1946 847 10 16 2
1982 859 11 8 ~
2028 859 11 8 ~
2060 847 21 16 T.
2091 847 18 17 J.
2120 847 98 16 Robinson
2242 847 10 15 3
2277 852 10 10 o
2312 847 10 14 0

1948 870 8 17 7
2028 883 11 6 ~
2064 869 18 18 J.
2099 870 70 17 Munro
2210 870 42 17 ..4
2276 870 11 15 0
2312 870 10 13 0

1948 894 7 15 1
1982 906 11 7 ~
2008 892 61 18 XXII
2078 892 28 17 W.
2115 892 112 18 Il.Corbett
2241 894 10 15 4
2277 893 10 15 0
2312 893 10 15 0

1898 927 10 8 ~
1946 916 11 16 .'2
1983 929 10 8 ~
2026 930 11 7 ~
2063 917 22 16 A.
2098 915 26 18 H.
2134 916 95 17 Maunder
2242 916 10 16 Ii
2276 917 11 13 0
2312 916 10 15 0

1947 940 10 15 ;i
1983 952 11 7 ~
2062 937 71 19 Mrs'K.
2141 939 25 17 H.
2241 939 10 17 3
2275 940 12 15 0
2312 939 10 15 0

1946 963 9 16 4
1982 976 11 6 ~
2063 962 115 22 W.Kelly..
2210 963 42 16 ..3
2277 963 10 14 0
2312 962 10 15 0

1937 986 20 16 10
1983 998 11 7 ~
2026 998 11 7 ~
2062 984 29 18 W.
2101 984 77 23 Harper
2211 984 14 23 ..
2242 986 9 16 3
2276 986 11 15 0
2312 986 10 14 0

1898 1021 11 7 ~
1938 1009 17 15 11
2026 1021 11 6 ..
2061 1007 117 21 W.Kelly..
2210 1009 41 16 ..3
2276 1009 11 15 0
2312 1009 10 14 0

1937 1032 20 16 12
1983 1045 11 6 ~
2025 1045 11 4 ..
2062 1032 29 17 W.
2101 1031 77 20 Kelly..
2210 1032 41 17 ..3
2276 1033 11 14 0
2311 1031 11 16 0

1898 1067 11 7 ~
1948 1056 7 15 1
2004 1054 90 18 XXVIII
2103 1055 22 16 L.
2132 1054 97 17 Robinson
2241 1061 10 10 o
2276 1056 11 14 0
2312 1055 10 14 0

1898 1089 11 8 ~
1946 1079 9 15 4
1982 1090 12 8 ~
2021 1092 10 4 ..
2045 1078 52 17 John
2109 1078 116 20 Mandeno..
2242 1079 9 15 5
2276 1079 11 14 0
2311 1078 11 15 0

1948 1102 8 15 7
2009 1100 70 18 XXIX
2088 1101 29 17 W.
2127 1101 58 22 Kelly
2209 1100 14 23 ..
2240 1102 9 15 3
2274 1103 11 13 0
2311 1101 10 15 0

1947 1125 10 15 S
1983 1137 10 7 ~
2021 1125 54 19 W.
2084 1124 59 22 Kelly
2163 1124 3 22 .
2175 1124 3 22 .
2210 1124 15 22 ..
2242 1125 9 16 5
2276 1124 11 16 0
2312 1125 10 14 0

1898 1159 12 8 ~
1937 1148 20 15 13
1983 1160 11 7 ~
2021 1161 11 6 ~
2047 1148 133 21 Presbyterian
2192 1147 34 18 Cli.
2242 1148 9 15 3
2275 1148 12 15 0
2312 1148 10 14 0

1898 1183 11 7 ~
1937 1172 20 15 lo
2021 1171 54 20 ~W.
2089 1170 58 22 Kelly
2163 1184 15 3 ..
2211 1171 111 16 ..300

1898 1205 11 9 ~
1937 1195 20 15 10
1981 1205 13 9 ~
2046 1194 22 17 13.
2078 1194 84 22 Eugster
2209 1193 15 23 ..
2240 1195 11 15 4
2266 1193 21 17 10
2312 1194 10 15 0

1898 1229 11 7 ~
1937 1218 20 15 10
1982 1230 12 7 ~
2008 1217 93 17 XXX'F.
2116 1217 109 17 Goodson..
2240 1218 11 15 4
2276 1217 11 15 0
2312 1217 9 14 0

1898 1252 11 8 ~
1936 1241 21 16 14
1983 1253 11 7 ~
2021 1254 11 5 ..
2046 1240 26 17 11.
2086 1239 48 18 Kirk
2164 1254 14 3 ..
2210 1239 14 21 ..
2241 1240 10 16 S
2276 1240 11 16 5
2311 1240 11 16 0

1898 1275 11 8 ~
1946 1264 10 16 4
1982 1276 11 5 ~
2008 1264 70 16 XXXI
2088 1264 22 16 A.
2119 1263 43 17 &G.
2169 1262 63 18 Brook
2242 1264 9 16 7
2276 1264 11 14 0
2312 1264 10 14 0

1898 1299 11 7 ~
1947 1288 9 15 2
1982 1299 11 6 ~
2007 1286 244 18 XXXlVls.Robertson
2276 1287 11 14 0
2312 1287 9 14 0

1898 1322 11 8 ~
1943 1311 9 15 7
1978 1323 11 7 ~
2003 1314 60 13 XXXV
2075 1310 22 17 L.
2105 1306 97 21 Robinson
2211 1306 2 24 ~
2242 1310 9 15 3
2276 1310 11 15 5
2311 1310 10 13 0

1897 1345 12 8 ~
1946 1334 11 15 S
1982 1346 11 8 ~
2020 1333 48 20 ~E.
2082 1332 106 18 Robertson
2210 1332 15 22 ..
2240 1339 11 9 o
2276 1333 11 15 0
2312 1333 9 14 0

1898 1369 11 7 ~
1936 1356 21 17 1.5
1982 1369 11 8 ~
2020 1370 11 7 ~
2046 1357 21 17 L.
2081 1356 98 17 Robinson
2210 1356 3 21 .
2222 1356 2 21 .
2241 1357 10 15 3
2276 1357 11 13 0
2312 1356 9 14 0

1937 1381 20 15 10
1982 1392 11 8 ~
2020 1393 11 6 ~
2046 1380 15 17 E
2074 1379 108 18 Robertson
2210 1379 15 21 ..
2240 1380 11 15 4
2276 1381 11 13 0
2312 1379 9 14 0

1898 1415 11 8 ~
1951 1402 4 21 1
2002 1407 66 12 xx.wi
2076 1403 22 16 L.
2107 1403 24 16 D.
2138 1402 77 17 Natlnm
2240 1403 11 15 4
2277 1403 10 13 0
2312 1402 9 14 0

1897 1438 11 8 ~
1946 1428 10 14 ')
1982 1439 11 7 ~
2019 1438 12 9 ~
2105 1439 11 7 ~
2211 1426 38 16 ..4
2265 1426 22 16 20
2312 1426 9 14 0

1898 1461 10 8 ~
1945 1451 12 14 K
1982 1463 11 7 ~
2020 1449 46 21 ~F.
2077 1449 21 17 F.
2109 1449 53 17 Watt
2210 1463 14 2 ..
2240 1450 11 14 4
2276 1450 11 13 0
2312 1449 10 14 0

1898 1485 10 7 ~
1946 1474 11 15 !)
1982 1486 11 7 ~
2019 1472 44 20 ~L.
2073 1471 113 18 D.Nathan
2209 1485 16 7 ...
2240 1473 11 15 4
2277 1473 10 14 0
2312 1472 10 13 0

1897 1508 11 8 ~
1946 1497 10 15 2
1983 1510 10 7 ~
2007 1500 86 13 xxxviii
2099 1495 130 18 T.S.Samson
2241 1496 10 15 6
2277 1496 10 14 0
2312 1495 10 13 0

1898 1531 10 7 ~
1946 1521 11 14 0
1982 1517 4 21 ~
1999 1522 69 14 XXXIX
2072 1517 54 19 R.H.
2130 1517 122 20 McCallum3
2277 1519 10 14 0
2312 1518 10 14 0

1897 1555 11 7 ~
1946 1543 9 16 7
1982 1555 11 8 ~
2020 1555 11 8 ~
2046 1542 61 18 Steelo
2116 1542 47 17 Bros
2209 1555 14 3 ..
2240 1543 10 14 3
2275 1544 11 13 (I
2312 1541 10 13 0

1897 1578 11 7 ~
1936 1567 21 15 14
1982 1578 11 7 ~
2020 1579 11 6 ~
2210 1579 14 2 ..
2241 1565 10 16 3
2277 1566 10 14 0
2312 1565 10 13 0

1897 1601 11 8 ~
1949 1587 4 22 I
1982 1602 11 5 ..
2007 1593 28 12 XT.
2047 1589 40 16 Mrs
2096 1588 25 17 K.
2131 1587 26 18 H.
2169 1587 59 18 Wake
2240 1589 46 15 410
2312 1588 10 12 <>

1946 1614 10 14 2
1982 1625 11 8 ~
2019 1611 46 22 C.
2075 1612 42 17 Biss
2162 1611 3 22 .
2174 1611 3 22 .
2209 1611 113 17 ..400

1897 1647 11 8 ~
1950 1633 4 23 !
1982 1648 11 7 ~
2019 1635 46 21 ~T.
2076 1635 18 17 S.
2105 1635 80 17 Samson
2211 1633 13 23 ..
2240 1636 10 15 4
2277 1635 10 15 0
2312 1633 10 14 0

1897 1670 11 8 ~
1936 1659 20 16 12
2046 1658 40 18 Mrs
2094 1658 23 17 E.
2127 1657 73 18 Corlett
2211 1657 14 21 ..
2241 1659 11 14 0
2277 1658 10 15 0
2312 1657 10 13 0

1872 1678 1 23 I
1897 1694 11 7 ~
1946 1684 10 14 2
1981 1695 11 4 ..
2007 1686 34 13 xu
2051 1682 40 17 Mrs
2099 1680 22 19 F.
2131 1681 18 17 J.
2159 1680 58 18 Kellv
2277 1682 10 14 0
2312 1680 10 14 0

1872 1699 1 26 !
1905 1699 3 26 .
1945 1707 11 15 0
1982 1718 11 6 ..
2019 1718 11 4 ..
2180 1717 11 7 ~
2240 1704 11 16 '>
2277 1705 9 14 <
2312 1703 10 15 0

1897 1739 11 9 ~
1946 1730 11 15 0
1982 1742 11 6 ~
2020 1742 11 4 ..
2094 1741 12 5 ~
2241 1733 10 10 o
2277 1728 9 15 <>
2312 1726 10 14 ()

1897 1764 11 7 ~
1982 1765 11 7 ~
2007 1755 67 14 xt,viii
2089 1751 23 18 E.
2122 1750 108 18 Robertson
2241 1757 10 10 o
2277 1751 10 15 0
2311 1749 11 15 0

1997 1782 106 14 snwitiiAX
2112 1782 99 13 SECTIONS.

2144 1813 19 11 a.
2178 1811 18 13 l!.
2211 1812 17 12 r.
2277 1812 8 11 k
2310 1805 12 18 d

1883 1830 36 19 No.
1936 1833 5 15 1
1957 1830 22 19 E.
1990 1831 111 20 Robertson,
2147 1832 10 15 2
2183 1831 10 16 3
2218 1831 10 15 (i
2241 1831 10 15 2
2277 1832 9 15 0
2311 1832 11 15 0

1896 1868 12 5 ~
1934 1856 9 15 2
2028 1868 11 7 ~
2183 1856 10 14 0
2218 1854 10 16 0
2241 1854 10 16 2
2276 1854 10 16 0
2311 1854 11 16 0

1897 1891 11 7 ~
1934 1880 10 15 4
2026 1892 11 5 ~
2146 1884 11 10 o
2182 1879 10 14 0
2218 1878 10 14 0
2240 1878 9 14 4
2275 1878 11 14 0
2311 1879 11 13 0

1898 1913 10 9 ~
1925 1903 20 15 13
1957 1901 19 17 <T.
1986 1900 77 20 Soverin
2136 1901 21 16 10
2182 1902 10 14 0
2218 1901 10 14 0
2241 1901 10 15 3
2275 1901 11 14 0
2310 1901 12 14 0

1898 1938 10 5 ~
1926 1925 19 17 14
1959 1925 18 16 ,T.
1988 1925 20 17 F.
2018 1923 83 19 Peatson
2136 1925 21 15 10
2181 1925 11 14 0
2217 1924 10 14 0
2240 1924 11 15 3
2275 1925 11 13 0
2310 1925 11 13 0

1898 1961 10 6 ~
1957 1947 21 18 T.
1991 1947 18 17 .1.
2019 1946 98 18 Robinson
2136 1948 21 16 10
2181 1948 11 14 0
2217 1948 10 14 0
2240 1953 10 9 o
2275 1948 11 13 0
2310 1948 10 14 0

1897 1985 11 7 ~
1924 1973 20 15 10
1957 1970 18 18 J.
1985 1970 61 20 Wylie
2136 1971 20 15 10
2181 1972 11 14 0
2216 1969 10 16 0
2239 1971 10 15 4
2265 1970 20 16 lo
2310 1971 10 14 0

1923 1996 21 16 7(1
1958 1995 27 16 W.
1995 1993 58 23 Kelly
2136 1995 20 15 10
2181 1995 11 14 0
2216 1995 10 14 0
2239 1994 9 15 4
2275 1994 10 14 0
2310 1995 10 13 0

2013 2027 67 13 ItntAl,
2090 2026 99 13 SECTIONS.

1896 2065 11 7 ~
1922 2051 22 17 30
1956 2051 84 17 Rebecca,
2049 2051 63 17 Dixon
2133 2051 22 15 40
2183 2050 4 22 1
2206 2051 20 15 13
2239 2051 10 14 (I
2274 2050 10 15 0
2309 2051 11 14 0

1896 2087 10 8 ~
1920 2076 22 15 44
1955 2075 28 16 W.
1993 2073 58 23 Kelly
2133 2075 23 14 40
2181 2074 10 14 0
2216 2074 10 15 0
2239 2073 10 16 !)
2274 2073 10 15 0
2309 2073 11 14 0

1936 2126 163 20 EXTENSION
2117 2125 33 20 OF
2167 2125 98 20 ROADS.

1909 2161 106 26 Inspector
2034 2161 97 19 Emerson
2156 2161 41 18 niid
2220 2161 99 24 Sergeant

1883 2188 67 24 Lyons
1962 2188 49 18 with
2021 2194 12 12 a
2043 2189 59 24 party
2115 2187 21 18 of
2150 2187 31 18 six
2197 2186 65 25 police
2278 2186 41 19 and

1883 2214 120 25 sixty-eight
2016 2213 103 19 workmen
2128 2212 98 26 designed
2237 2212 32 19 for
2278 2218 27 12 em-

1883 2239 103 26 ployment
1997 2246 25 12 mi
2038 2240 34 18 the
2090 2239 59 19 roads
2166 2245 49 12 near
2233 2238 84 19 Galatea

1883 2266 78 19 arrived
1974 2267 25 24 by
2010 2266 52 18 train
2073 2272 25 12 on
2109 2264 108 25 Thursday
2232 2265 86 24 evening

1883 2292 45 19 Inst.
1956 2292 42 18 The
2009 2293 118 23 contingent
2138 2291 21 18 of
2168 2291 101 18 workmen
2279 2297 39 11 was

1883 2318 58 18 made
1951 2325 27 12 un
1989 2324 21 12 us
2020 2318 78 18 follows
2106 2316 4 24 :
2116 2317 85 19 From
2212 2316 104 24 Ohingaiti

1884 2346 29 18 30,
1924 2344 107 19 Auckland
2041 2345 30 21 20,
2086 2341 120 28 Waiiganui
2219 2345 28 21 10,
2260 2342 43 19 Wel-

1883 2370 77 25 lington
1975 2372 17 17 8.
2020 2370 48 18 This
2086 2370 86 18 number
2189 2369 40 19 will
2246 2369 25 18 lie
2289 2369 19 18 in

1882 2397 81 18 creased
1975 2396 24 26 by
2012 2397 30 18 six
2052 2396 52 19 from
2123 2395 91 20 Kotorua
2234 2395 83 24 making

1883 2429 11 12 a
1904 2423 50 18 total
1965 2422 20 19 of
2000 2424 30 17 71.
2059 2422 43 19 The
2119 2422 63 24 police
2199 2424 37 22 put
2253 2428 27 18 up
2297 2423 20 16 at

1883 2449 34 18 the
1926 2448 91 19 Kotorun
2029 2448 61 19 Hotel
2102 2449 40 18 and
2154 2449 33 18 the
2205 2455 43 11 men
2266 2454 50 11 were

1883 2475 160 18 accommodated
2062 2475 20 18 in
2098 2475 35 18 the
2150 2474 63 25 goods
2229 2474 50 18 shed
2296 2476 20 15 at

1883 2500 34 20 the
1930 2501 83 25 railway
2023 2501 74 19 station
2117 2501 67 18 where
2201 2500 64 19 under
2283 2500 33 17 the

1883 2527 95 18 direction
1997 2529 22 17 of
2036 2526 32 19 Mr
2089 2526 23 19 E.
2130 2526 55 23 Best,
2201 2527 43 18 who
2262 2526 17 17 is
2296 2525 19 18 in

1881 2553 74 25 charge
1966 2554 21 17 of
1997 2553 33 19 the
2039 2553 152 19 commissariat,
2203 2553 47 23 they
2262 2559 51 10 were

1883 2578 57 19 made
1952 2586 22 11 as
1983 2578 132 21 comfortable
2127 2586 22 11 as
2159 2578 94 25 possible.
2276 2577 40 19 Die

1883 2605 120 25 inclemency
2018 2606 21 17 of
2059 2606 34 17 tlte
2114 2605 94 23 weather,
2225 2604 48 18 both
2290 2611 24 11 on

1881 2631 34 18 (lie
1926 2632 59 24 night
1997 2632 21 19 of
2026 2630 53 21 their
2089 2630 74 21 arrival
2178 2630 40 19 and
2233 2630 33 19 the
2279 2634 36 14 two

1883 2657 102 25 following
1996 2658 54 24 days,
2063 2657 98 19 rendered
2171 2657 16 18 it
2197 2656 118 25 impossible

1883 2684 29 17 for
1923 2684 53 18 them
1988 2687 19 15 to
2018 2686 105 23 prosecute
2136 2684 53 18 their
2199 2683 85 24 journey
2295 2686 20 14 to

1881 2709 90 24 Galaten,
1991 2717 22 12 or
2032 2714 20 14 to
2069 2713 53 16 erect
2142 2712 58 20 tents,
2221 2709 39 18 and
2281 2709 34 18 the
2322 2709 1 24 ,

1881 2742 94 17 presence
1986 2738 20 16 of
2015 2736 50 19 such
2075 2742 12 12 a
2097 2736 87 18 number
2201 2735 63 19 about
2281 2735 33 18 the

1881 2761 82 26 railway
1978 2763 50 24 yard
2050 2769 46 15 was,
2114 2763 21 17 of
2151 2768 76 17 course,
2243 2761 60 20 incon-

1881 2788 81 20 venient
1971 2791 21 16 to
2003 2789 33 18 the
2046 2788 82 20 officials
2140 2788 63 22 there,
2222 2788 93 18 however

1880 2814 153 25 satisfactory-it
2043 2822 46 16 may
2098 2814 51 19 have
2163 2815 49 17 been
2223 2819 19 13 to
2258 2813 56 19 those

1881 2839 94 25 provided
1985 2841 47 19 with
2041 2841 35 19 the
2081 2840 77 20 shelter
2164 2840 48 20 thus
2216 2839 97 21 afforded.

1881 2865 48 19 Had
1937 2873 12 12 a
1958 2871 97 21 stoppage
2063 2867 22 19 of
2100 2869 39 17 two
2156 2874 22 11 or
2195 2866 57 19 three
2265 2866 49 24 days

1881 2891 50 19 been
1944 2893 123 25 anticipated
2077 2893 47 19 here
2134 2893 35 18 the
2182 2893 33 18 old
2234 2891 69 20 school-

1880 2918 62 18 house
1964 2919 72 23 would,
2053 2926 25 12 no
2100 2919 71 21 doubt,
2192 2919 52 18 have
2262 2919 52 19 been

1881 2944 86 19 utilised.
1996 2946 42 18 The
2052 2952 46 12 men
2114 2952 33 12 are
2161 2952 24 12 on
2204 2945 33 19 the
2250 2945 64 19 whole

1880 2977 11 12 a
1903 2970 61 25 likely
1973 2971 84 26 looking
2066 2971 67 19 crowd
2144 2971 32 19 for
2186 2971 34 19 the
2230 2972 51 19 class
2293 2972 21 18 of

1880 2997 55 18 work
1944 2997 21 19 iu
1977 2997 64 19 which
2051 2998 49 24 they
2110 3003 34 13 are
2151 2999 21 17 to
2181 2997 25 20 ho
2213 2998 98 25 engaged,

1880 3023 39 18 and
1938 3023 59 20 while
2013 3025 69 24 strong
2099 3024 105 24 exception
2224 3031 47 17 may
2288 3024 24 18 he

1879 3049 60 19 taken
1954 3053 20 16 to
1989 3050 35 18 the
2040 3050 98 19 behavior
2158 3050 21 19 of
2199 3057 59 17 some,
2279 3050 33 19 the

1880 3076 94 24 majority
1998 3083 52 12 were
2076 3076 81 24 orderly
2180 3076 41 19 and
2249 3077 62 25 quiet.

1879 3100 113 26 Rowdyism
2005 3102 40 19 and
2065 3102 141 19 drunkenness
2225 3109 33 12 are
2278 3105 34 16 not

1879 3127 71 19 looked
1960 3128 37 23 for,
2017 3128 100 23 however,
2133 3128 21 18 in
2173 3135 39 18 any
2230 3129 79 23 degree,

1879 3154 51 18 from
1940 3160 12 12 n
1962 3156 58 22 party
2027 3155 21 18 of
2056 3154 142 26 unemployed,
2206 3155 40 18 and
2255 3156 56 17 there

1879 3180 16 18 is
1907 3187 25 11 no
1943 3180 63 18 doubt
2016 3180 44 19 that
2074 3180 67 19 better
2150 3181 126 24 supervision
2290 3180 21 19 iu

1879 3206 33 19 the
1923 3206 94 19 selection
2030 3206 21 19 of
2066 3206 35 19 the
2116 3213 45 12 men
2178 3207 68 19 wovdd
2260 3207 51 18 have

1879 3232 116 19 eliminated
2009 3232 85 25 entirely
2110 3232 56 20 these
2183 3232 128 19 undesirable

1879 3260 95 17 features.
2003 3258 21 19 It
2034 3259 80 18 seemed
2124 3258 70 20 rather
2205 3258 97 26 paradoxi

1879 3284 29 19 eal
1919 3284 44 19 that
1970 3291 45 12 men
2023 3285 131 24 presumably
2161 3285 21 19 in
2190 3285 121 19 necessitous

1878 3311 152 18 circumstances
2043 3311 73 19 should
2129 3311 25 19 be
2166 3311 20 19 iu
2196 3318 12 12 a
2224 3310 86 26 position

1878 3338 20 18 to
1923 3337 140 24 over-indulge
2087 3337 121 19 themselves
2234 3337 20 18 in
2276 3336 34 18 the

1879 3364 72 17 matter
1965 3363 20 17 of
2000 3363 71 24 liquor.
2105 3363 44 19 The
2166 3366 59 21 party
2241 3361 68 24 finally

1878 3389 48 18 took
1935 3388 26 19 its
1971 3389 108 25 departure
2089 3395 25 12 on
2124 3389 85 24 Sunday
2217 3388 93 23 morning

1878 3415 52 18 after
1940 3421 54 12 some
2007 3415 21 18 of
2040 3415 34 18 the
2090 3421 54 13 inoro
2181 3413 128 20 undesirable

1877 3440 128 25 immigrants
2015 3455 7 5 v
2045 3441 41 18 had.
2102 3441 52 18 been
2170 3439 81 20 weeded
2267 3441 40 17 out.

1877 3467 20 18 It
1907 3467 17 18 is
1934 3467 126 23 satisfactory
2069 3470 21 16 to
2100 3469 47 16 note
2157 3467 44 18 that
2211 3465 34 19 the
2255 3471 54 13 more

1876 3492 80 25 orderly
1966 3493 75 18 section
2051 3493 21 18 of
2082 3493 34 18 the
2131 3498 44 13 men
2187 3491 86 19 testified
2288 3493 20 17 to

1876 3519 36 18 the
1933 3518 111 19 excellence
2063 3519 21 18 of
2107 3518 35 19 the
2157 3520 152 21 arrangements

1877 3544 58 19 made
1946 3545 19 18 in
1976 3545 73 24 regard
2060 3547 20 16 to
2090 3544 53 19 their
2156 3543 57 18 modo
2224 3543 20 18 of
2254 3545 43 16 tran-

1877 3570 32 23 sit,
1928 3570 72 25 supply
2019 3571 20 18 of
2051 3570 59 22 'food,
2132 3570 32 18 &c.
2199 3568 42 19 The
2260 3572 48 16 next

1876 3596 62 19 batch
1956 3597 21 18 of
1996 3596 133 25 unemployed
2147 3601 52 17 may,
2220 3601 29 12 we
2274 3603 33 11 are

1877 3622 105 23 informed,
1994 3622 25 19 be
2029 3622 96 24 expected
2140 3627 26 18 up
2181 3624 48 15 next
2244 3622 62 19 week,

1877 3648 57 19 when
1945 3648 15 18 it
1970 3648 17 17 is
1996 3651 20 15 to
2027 3648 24 19 be
2066 3646 67 25 hoped
2150 3646 56 21 there
2225 3646 41 20 will
2283 3648 24 18 bo

1876 3680 26 12 no
1912 3680 58 12 causo
1987 3674 31 18 for
2033 3672 157 20 dissatisfaction
2210 3672 46 20 with
2275 3673 33 19 the

1877 3700 93 18 selection
1980 3699 64 19 made.

1902 3725 43 19 The
1962 3725 53 19 firsts
2026 3725 55 19 work
2099 3726 21 17 to
2137 3724 26 19 lie
2182 3725 125 19 undertaken

1877 3751 41 19 will
1927 3751 67 20 be.the
2004 3751 135 19 construction
2155 3751 21 18 of
2187 3751 59 18 roads
2257 3752 49 18 from

1877 3777 85 19 Galatea
1980 3777 85 19 towards
2081 3775 173 21 Waikarem'oana
2269 3779 37 17 and

1876 3805 52 17 from
1942 3803 34 18 the
1992 3801 122 21 Gaiatea-Te
2130 3802 55 19 Teko
2204 3803 49 18 road
2266 3803 41 19 into

1876 3829 35 19 the
1932 3827 90 23 Euotpki
2044 3827 74 25 Valley
2145 3829 88 24 starting
2257 3830 50 18 from

1876 3855 63 19 about
1960 3853 71 19 twelve
2054 3853 59 19 miles
2138 3855 127 19 northwards
2288 3856 21 18 of

1877 3880 90 20 Galntea.
1994 3879 21 20 It
2037 3880 18 19 is
2077 3881 100 24 proposed
2195 3883 20 16 to
2232 3881 28 18 let
2274 3881 34 19 the

1876 3906 55 19 work
1941 3906 20 18 in
1968 3905 99 20 alternate
2074 3906 85 19 sections
2164 3909 20 16 to
2190 3906 118 26 Europeans

1876 3932 40 19 and
1924 3932 79 18 natives
2013 3932 38 18 but
2058 3932 21 18 in
2089 3932 35 19 tho
2131 3933 108 18 meantimo
2248 3933 60 19 white

1876 3958 58 19 labor
1952 3957 41 19 will
2012 3957 25 19 be
2055 3958 59 19 alouo
2129 3958 112 25 employed.
2280 3959 29 18 As

1877 3990 54 16 soon,
1942 3983 106 25 however,.
2058 3984 51 22 as.it
2124 3984 18 18 is
2156 3984 89 24 possible
2260 3984 16 19 it
2291 3985 18 18 is

1876 4008 97 20 intended
1983 4011 20 16 to
2015 4009 35 25 lay
2060 4012 35 17 out
2110 4012 100 17 contracts
2228 4010 31 19 for
2274 4011 34 18 tho

1876 4036 80 18 nativos
1969 4037 22 16 at
2011 4034 98 25 Ixuotoki,
2130 4036 29 18 To
2180 4035 77 22 Houhi,
2281 4036 27 19 To

1877 4061 80 20 Whaiti
1980 4060 39 19 and
2042 4062 59 19 other
2121 4061 73 25 places.
2229 4062 30 19 On
2274 4062 42 21 the.

1877 4087 120 25 completion
2006 4087 22 19 of
2042 4087 35 20 the
2091 4088 49 19 road
2156 4087 54 19 from
2225 4087 84 20 Galatea

2332 103 32 16 .to
2371 101 28 19 Te
2410 101 78 19 Whfiiti
2500 101 73 19 thence
2585 106 19 14 tn
2622 103 28 18 To
2667 103 57 19 Mirni
2740 103 40 18 and

2344 127 81 19 oiiwui'd
2448 131 21 15 to
2492 124 57 22 Lake
2770 136 9 11 a

2332 149 2 30 I
2344 152 95 26 highway
2448 153 71 20 willhcj
2526 155 96 23 provided
2630 155 56 24 right,
2691 155 88 20 throu:h

2332 177 3 30 |
2344 178 51 19 from
2406 179 84 19 Wairoa
2502 182 20 16 to
2531 177 139 23 AViiafeafiine.
2700 181 38 18 .Din
2745 181 35 23 ing

2331 200 3 32 J
2343 204 35 19 the
2388 205 48 19 timo
2444 205 46 19 that
2497 206 35 18 the
2544 207 53 18 work
2614 207 17 18 is
2646 207 21 18 in
2685 213 82 18 promes-

2343 237 13 11 a
2366 231 62 24 police
2441 237 59 19 camp
2512 232 38 18 will
2563 233 24 18 lie
2690 237 20 13 at
2718 232 49 19 Gain-

2343 260 34 15 tea
2399 258 40 17 and
2459 258 86 19 another
2567 261 21 16 at
2611 258 97 19 Ruot.oki.
2737 258 43 18 The

2343 289 105 12 necessary
2458 290 85 13 surveys
2554 285 41 18 will
2606 285 25 18 lie
2639 284 59 19 made
2712 284 26 18 hv
2747 284 34 18 Mr

2344 308 27 18 If.
2383 308 28 19 M.
2425 309 81 19 Wilson
2519 311 44 18 who
2575 311 39 18 will
2631 311 32 23 lay
2685 314 36 15 out
2739 310 40 18 ami

2343 335 103 24 supervise
2457 336 34 18 the
2504 336 55 19 work
2575 337 85 18 assisted
2667 336 27 21 by
2707 338 31 17 Mr
2755 334 23 20 I>.

2344 359 99 20 Stiihhins
2451 361 45 19 who
2507 360 37 20 has
2563 362 51 19 been
2631 362 95 25 specially
2744 369 24 11 en-

2344 386 66 23 gaged
2426 387 32 19 for
2469 388 45 18 that
2523 388 57 23 duty,
2589 388 39 19 and
2641 389 32 18 Mr
2683 388 23 19 K.
2723 388 55 18 Best.

2344 411 33 19 Mr
2387 412 87 23 Wilson,
2483 414 43 18 who
2535 415 78 18 arrivd
2622 414 73 19 olrln*t
2702 414 78 25 night's

2342 437 61 24 train,
2414 439 16 17 is
2450 437 3 24 <
2462 440 84 20 ngineer
2561 444 19 15 to
2601 441 34 19 the

2344 463 79 25 County
2444 465 75 19 CuU'K-i
2557 467 39 18 and
2625 467 37 18 has
2690 466 89 18 recently

2344 488 50 20 been
2405 490 83 20 allowed
2507 492 58 18 thive
2581 493 80 18 months
2664 488 3 23 1
2686 493 56 17 leave
2759 491 21 19 of

2344 515 85 19 absence
2442 519 21 15 to
2477 518 86 24 proceed
2580 521 20 15 to
2617 519 96 20 Uotorun,
2731 517 46 23 and,

2345 541 31 18 for
2388 542 34 18 the
2439 541 137 21 Government
2595 544 77 24 Survey
2690 543 76 26 Depart-

2345 569 59 21 ment,
2416 570 20 16 to
2455 569 34 24 lay
2504 570 28 18 off
2547 570 40 18 and
2601 571 49 18 take
2665 571 74 22 charge
2759 569 20 19 of

2344 593 116 20 roadworks
2490 595 54 19 from
2573 596 90 19 K'otorna
2688 595 90 23 through

2345 618 84 20 Galatea
2450 621 41 18 into
2511 621 34 19 the
2571 622 97 19 Urewera
2686 626 92 14 country.

2344 644 33 19 Air
2387 644 79 21 Wilson
2481 653 39 12 was
2531 651 20 16 at
2563 648 43 19 lirst
2623 644 128 27 disinclined,
2759 652 20 13 to

2345 670 112 21 undertake
2474 673 34 18 the
2524 674 61 22 work,
2610 675 31 18 fur
2662 674 64 19 which
2747 674 32 17 his

2344 696 92 20 intimate
2459 699 119 25 knowledge
2599 701 21 18 of
2641 700 76 19 Maoris
2738 699 41 18 and

2345 722 52 19 their
2406 722 105 27 language
2519 726 108 24 especially
2636 726 33 19 fits
2679 726 48 19 hint.
2740 725 40 19 l>ut

2345 748 25 18 he
2392 755 40 12 was
2455 750 86 19 induced
2561 755 20 14 to
2601 752 123 19 re-Coilsider
2742 752 36 17 tl.o

2345 776 77 18 matter.
2451 775 35 20 Ho
2499 776 45 19 'left
2568 778 41 18 this
2631 778 95 23 morning
2747 779 32 16 for

2345 800 31 18 for
2385 801 85 19 Galatea
2481 802 66 19 where
2559 803 26 19 he
2596 804 40 19 will
2650 804 73 19 relievo
2746 803 34 18 Mr

2344 825 24 19 K-
2385 826 23 19 R.
2427 827 68 20 WebT)
2516 828 44 20 who
2580 830 17 18 is
2617 833 20 16 at
2653 833 82 22 present
2758 828 20 20 in

2343 852 80 26 charge.

2470 898 19 18 A
2502 897 61 20 GUN
2575 898 74 20 CASE.

2370 949 26 18 At
2406 948 36 20 the
2453 949 131 25 Magistrates
2592 952 62 18 Court
2664 958 24 11 on
2702 950 76 24 Friday

2344 974 69 20 before
2420 975 31 19 Dr
2458 976 86 19 Ginders
2554 976 38 19 and
2602 978 32 17 Mr
2641 977 20 18 J.
2668 977 26 18 11.
2704 977 74 24 Taylor

2345 1001 62 23 .T.P.s,
2420 1001 33 19 Mr
2464 1001 108 26 W.Kelly,
2588 1002 91 23 M.H.R.,
2689 1004 49 18 sued
2745 1004 33 18 Mr

2343 1027 25 19 Jl.
2380 1026 69 20 Curtis
2458 1027 33 19 for
2501 1028 34 18 the
2550 1035 43 13 sum
2610 1030 21 18 of
2646 1031 50 21 '2o,
2714 1030 64 23 being

2344 1052 34 20 the
2388 1053 60 19 value
2455 1055 21 17 of
2484 1062 12 10 a
2504 1054 74 20 double
2585 1055 100 20 barrelled
2695 1055 71 19 breech-

2344 1079 83 24 loading
2437 1086 48 17 gun,
2498 1087 22 11 or
2530 1081 31 18 for
2575 1081 35 19 the
2618 1084 70 16 return
2705 1082 21 18 of
2743 1082 35 19 the

2344 1112 60 12 same.
2434 1106 114 25 According
2556 1109 19 17 to
2589 1107 34 19 the
2632 1110 108 17 statement
2757 1108 21 19 of

2344 1131 33 19 tlio
2396 1131 91 25 plaintiff
2505 1133 35 18 the
2559 1139 41 19 gun
2624 1140 40 12 was
2681 1134 31 18 his
2730 1142 36 17 pro-

2343 1160 58 22 perty
2420 1158 41 18 and
2480 1158 41 19 had
2542 1162 40 16 cost
2619 1158 2 27 -
2622 1162 21 16 J(>
2655 1166 54 13 some
2718 1167 60 18 years

2343 1183 122 25 previously.
2486 1184 33 18 lie
2530 1185 39 18 had
2581 1185 50 19 been
2643 1187 19 17 in
2674 1186 33 19 tlio
2719 1187 59 19 habit

2343 1211 21 17 of
2373 1209 84 25 leaving
2468 1210 16 18 it
2493 1213 21 16 at
2531 1211 75 19 L'otoiti
2617 1212 20 18 in
2649 1212 128 20 defendant's

2343 1236 74 24 charge
2428 1235 39 20 and
2476 1236 35 19 did
2521 1243 21 12 so
2557 1237 19 18 in
2592 1237 54 19 Juno
2663 1238 39 19 last
2719 1239 56 19 when

2343 1262 25 19 he
2380 1264 52 16 went
2445 1266 20 14 to
2482 1262 133 26 Wellington.
2649 1264 68 19 Curtis
2736 1272 41 11 was

2343 1291 21 16 at
2374 1288 44 18 that
2431 1289 48 18 time
2492 1288 20 19 in
2531 1289 33 18 his
2582 1290 137 25 employment
2737 1292 39 18 and

2343 1321 41 12 was
2394 1314 86 19 allowed
2490 1315 34 18 the
2535 1321 35 13 use
2580 1316 21 18 of
2614 1317 34 18 tit
2658 1323 42 18 gun
2718 1318 58 18 when

2343 1340 26 19 he
2389 1340 88 25 pleased.
2507 1340 33 19 He
2563 1342 101 24 produced
2688 1350 12 11 a
2718 1343 60 19 letter

2343 1366 51 19 from
2415 1366 112 19 defendant
2546 1368 109 24 admitting
2674 1369 45 20 that
2743 1370 34 19 the

2332 1392 1 30 |
2344 1399 41 18 gun
2396 1399 41 12 was
2448 1392 32 19 his
2493 1393 125 26 fplaintiff's)
2627 1398 95 23 property
2738 1396 39 19 and

2343 1418 74 25 asking
2428 1418 66 19 where
2504 1419 16 18 it
2529 1420 74 18 should
2618 1420 24 19 be
2651 1421 44 24 left,
2714 1429 23 12 as
2751 1423 26 19 lie

2344 1444 33 18 did
2392 1446 37 17 not
2446 1445 92 18 consider
2554 1445 16 18 it
2585 1453 40 12 was
2638 1448 43 19 safe
2702 1451 21 16 at
2743 1449 34 19 the

2344 1470 48 19 mill.
2422 1470 34 19 He
2473 1471 32 18 lad
2516 1477 61 13 never
2587 1472 59 24 given
2657 1474 34 19 the
2704 1481 43 17 gun
2757 1478 20 16 to

2343 1496 111 19 defendant
2467 1503 23 12 or
2500 1501 19 15 at
2530 1503 40 19 any
2584 1498 48 21 time
2646 1500 33 18 led
2695 1501 42 19 him
2756 1504 21 15 to

2344 1529 86 18 suppose
2440 1523 46 18 that
2497 1523 15 19 it
2524 1528 41 14 was
2576 1524 30 19 his
2616 1529 102 20 property.
2751 1528 25 18 Tn

2343 1549 57 24 reply
2410 1553 20 14 to
2441 1549 116 22 defendant,
2570 1550 33 19 the
2614 1552 79 19 witness
2703 1554 73 20 denied

2345 1575 84 23 making
2439 1575 42 18 him
2492 1582 12 11 a
2513 1579 82 21 present
2604 1578 21 18 of
2634 1578 35 19 tho
2679 1587 48 16 gun,
2737 1582 38 18 and

2344 1601 80 23 alleged
2435 1601 44 18 that
2490 1601 25 19 he
2524 1602 74 25 simply
2608 1604 38 18 had
2659 1606 33 17 the
2704 1613 35 12 use
2756 1608 21 19 of

2344 1628 21 18 it.
2403 1627 43 18 The
2465 1627 112 19 defendant
2595 1630 20 18 in
2634 1630 31 20 his
2681 1632 96 21 evidence

2343 1653 65 19 stated
2421 1653 44 18 that
2476 1653 34 19 the
2519 1660 42 18 gun
2575 1654 38 20 had
2624 1656 50 20 been
2685 1658 61 24 given
2756 1663 21 16 to

2344 1679 41 19 him
2396 1686 25 12 on
2441 1679 102 19 condition
2558 1680 45 20 that
2619 1682 24 19 lie
2660 1684 67 19 would
2745 1693 20 11 oc-

2344 1705 109 24 casionally
2463 1705 48 18 send
2523 1712 12 11 a
2545 1705 58 21 brace
2612 1715 21 11 or
2643 1712 38 16 two
2688 1710 21 19 of
2719 1711 58 20 birds

2344 1734 20 16 to
2373 1731 113 19 Auckland.
2522 1731 43 19 Tho
2581 1733 59 20 letter
2655 1737 82 19 pliuded
2756 1741 20 15 to

2345 1764 39 13 was
2397 1757 81 19 written
2497 1757 57 20 when
2571 1759 25 19 lie
2613 1760 37 20 left
2669 1762 108 25 plaintiff's

2344 1784 136 25 employment
2490 1790 26 12 on
2527 1790 12 12 a
2548 1784 75 20 former
2632 1789 89 19 occasion
2738 1790 39 20 but

2343 1817 27 12 on
2381 1811 63 23 going
2454 1813 20 15 to
2485 1810 54 19 wtrk
2551 1810 31 20 for
2598 1813 41 19 him
2655 1815 61 22 again
2737 1817 38 19 and

2344 1836 74 24 asking
2429 1836 40 19 him
2481 1835 63 20 about
2554 1843 12 12 a
2576 1844 41 17 gun
2628 1840 63 19 which
2700 1848 12 12 a
2729 1850 46 12 man

2343 1863 73 18 named
2427 1862 67 24 Paget
2504 1862 41 19 had
2554 1864 33 19 for
2594 1865 46 23 sale,
2653 1866 24 19 he
2686 1874 41 13 was
2734 1869 42 19 told

2344 1888 43 19 that
2397 1889 17 18 if
2424 1890 34 17 the
2469 1894 42 19 gun
2522 1888 20 19 in
2552 1891 92 23 question
2654 1894 66 18 suited
2733 1895 43 19 him

2344 1914 24 19 he
2377 1914 59 19 could
2447 1915 51 18 have
2510 1914 87 21 itthat
2613 1916 15 20 it
2643 1918 41 20 had
2700 1921 77 22 always

2345 1940 48 19 been
2405 1940 95 19 intended
2512 1940 32 19 for
2555 1942 47 19 him.
2631 1943 33 21 He
2675 1946 101 20 therefore

2330 1966 2 31 ;
2343 1967 115 19 considered
2470 1966 15 18 it
2504 1967 31 18 his
2556 1975 41 12 own
2612 1975 100 22 property.
2751 1973 25 19 In

2330 1991 2 36 J
2343 1993 55 25 leply
2410 1997 19 14 to
2448 1993 34 18 the
2500 1992 64 20 bench
2582 1995 109 22 defendant
2709 2000 66 18 stated

2330 2015 2 31 |
2343 2018 44 20 that,
2408 2020 24 18 he
2451 2018 41 20 had
2513 2020 87 25 nothing
2619 2025 20 16 to
2660 2024 54 20 show
2731 2025 46 20 that

2343 2045 89 25 plaintiff
2441 2045 42 19 had
2497 2046 59 19 made
2571 2047 40 20 him
2627 2055 12 12 a
2655 2054 83 20 present
2755 2052 22 18 of

2342 2071 33 19 the
2385 2078 40 17 gun
2437 2072 53 18 after
2500 2071 26 19 he
2537 2072 40 19 had.
2587 2074 78 20 written
2676 2076 34 19 the
2716 2077 61 20 letter

2341 2093 107 28 produced.
2484 2098 26 18 In
2524 2100 200 21 cross-examination
2742 2105 21 18 de-

2342 2123 80 19 fendant
2436 2123 44 18 said
2490 2123 45 19 that
2545 2123 25 19 he
2580 2124 40 19 had
2631 2133 26 11 no
2667 2126 93 20 documen-

2342 2153 43 19 tary
2401 2149 95 19 evidence
2511 2151 20 15 to
2551 2156 62 19 prove
2627 2152 34 18 t.he
2679 2157 96 19 property

2342 2176 20 18 of
2370 2175 34 18 the
2414 2182 41 15 gun
2464 2175 4 24 ;
2489 2175 91 24 plaintiff
2594 2177 40 19 had
2650 2178 49 20 used
2718 2180 15 18 it
2754 2182 21 16 at

2342 2201 75 19 l'otoiti
2429 2201 57 19 when
2498 2201 24 18 he
2532 2201 83 24 pleased
2625 2205 40 17 and
2679 2205 39 19 had
2733 2206 40 19 to'd

2342 2228 40 18 him
2394 2229 45 17 that
2450 2227 25 18 ho
2490 2227 59 19 could
2563 2232 33 17 get
2610 2236 11 12 a
2637 2231 72 19 second
2720 2232 55 19 hand

2341 2260 41 19 gun
2392 2254 63 24 cheap
2466 2253 52 19 from
2535 2253 66 24 Paget
2616 2256 32 19 for
2666 2258 63 18 about
2746 2258 28 19 7

2341 2287 22 11 or
2380 2280 37 19 B.
2451 2279 42 19 The
2508 2279 89 25 plaintiff
2613 2282 80 20 further
2708 2284 67 19 stated

2340 2306 44 19 that
2399 2305 112 20 defendant
2527 2306 74 26 simply
2617 2309 50 18 used
2680 2310 35 18 the
2732 2317 42 17 gun

2340 2332 59 19 while
2421 2333 19 17 in
2462 2332 31 18 his
2517 2332 136 26 employment
2674 2335 41 19 and
2734 2343 41 12 was

2341 2358 91 25 supplied
2445 2358 48 18 with
2504 2359 127 20 ammuniton
2642 2361 32 19 for
2690 2362 21 18 it.
2740 2362 34 19 Ho

2340 2384 33 19 did
2382 2387 36 16 not
2428 2384 60 19 know
2498 2385 53 18 until
2561 2385 57 25 April
2629 2389 10 17 5
2652 2387 45 19 that
2707 2388 68 19 Curtis

2340 2410 84 19 claimed
2432 2410 16 19 it
2457 2417 22 11 as
2489 2410 30 19 his
2528 2415 101 22 property.
2658 2414 42 18 The
2709 2414 64 19 bench

2340 2438 51 17 after
2402 2444 11 11 a
2433 2437 56 18 short
2506 2438 134 21 consultation
2657 2440 117 19 considered

2340 2464 43 18 that,
2394 2463 16 18 it
2420 2469 41 12 was
2472 2465 52 16 most
2533 2465 147 20 unreasonable
2691 2469 20 16 to
2726 2467 38 23 siip-

2340 2496 47 18 pose
2398 2489 45 18 that
2453 2496 21 10 so
2485 2490 96 19 valuable
2591 2497 26 13 an
2624 2492 69 19 article
2701 2492 72 19 should

2340 2516 50 18 have
2403 2516 51 17 been
2466 2516 60 23 given
2537 2518 20 16 to
2570 2516 109 21 defendant
2698 2525 26 12 on
2739 2519 35 18 the

2329 2541 1 25 I
2340 2544 61 17 terms
2424 2541 86 25 alleged,
2534 2542 38 19 but
2592 2546 52 17 most
2662 2544 82 19 natural
2753 2547 20 16 to

2329 2566 1 26 j
2339 2568 59 18 think
2421 2568 45 19 that
2488 2568 25 19 ho
2531 2568 40 19 had
2591 2570 34 19 tho
2642 2570 46 19 loan
2707 2570 22 19 of
2751 2571 21 18 it.

2329 2594 1 27 j
2338 2594 114 25 Judgment
2463 2601 40 12 was
2514 2595 101 20 therefore
2625 2596 60 25 given
2697 2596 32 18 for
2739 2597 34 18 the

2329 2620 1 25 I
2338 2620 91 25 plaintiff
2439 2620 32 19 for
2484 2621 35 19 Iho
2528 2625 82 16 amount
2626 2622 83 19 claimed
2728 2622 35 19 fail-

2329 2646 1 27 i
2338 2646 36 25 ing
2395 2648 35 19 the
2450 2648 69 18 return
2538 2648 21 18 of
2573 2648 33 19 the
2625 2655 48 18 gun.
2716 2648 57 19 Costs

2329 2669 1 47 j
2338 2674 122 23 amounting
2469 2676 21 16 to
2500 2675 26 17 .CI
2545 2676 32 17 12s
2585 2681 51 12 were
2646 2674 91 19 allowed.

2396 2730 53 17 THE
2462 2728 68 19 LATE
2542 2727 64 19 RAIN
2618 2727 90 17 STORM.

2360 2777 39 17 The
2419 2776 111 18 rain-storm
2555 2774 60 17 which
2639 2774 88 17 occurred
2747 2780 25 12 on

2337 2800 119 21 Wednesday
2467 2800 56 19 night
2536 2797 36 18 and
2586 2796 100 18 continued
2702 2798 71 17 almost

2337 2823 81 17 without
2427 2822 91 18 cessation
2531 2827 23 11 on
2568 2820 97 21 Thursday
2678 2820 38 17 and
2730 2821 31 17 Fri-

2337 2846 36 22 day
2382 2852 40 12 was
2430 2846 32 18 the
2470 2845 84 17 heaviest
2562 2844 38 17 this
2608 2842 73 18 district
2689 2844 34 16 has
2729 2850 43 12 ever

2337 2869 127 23 experienced.
2474 2867 106 19 According
2589 2868 19 15 to
2618 2866 32 17 the
2655 2867 65 17 record
2724 2867 47 22 kept

2336 2894 20 16 at
2364 2892 33 18 the
2406 2892 118 18 Sanatorium
2534 2892 41 15 S*Bo
2584 2889 62 18 inches
2655 2890 21 17 of
2684 2891 40 16 rain
2738 2892 32 17 fell

2336 2922 25 17 up
2370 2917 20 16 to
2403 2915 99 21 Thursday
2516 2914 87 20 morning
2616 2910 37 20 and
2671 2914 7 16 1
2683 2914 28 16 *4O
2727 2914 44 18 inch

2335 2939 71 22 during
2421 2939 32 17 the
2470 2938 42 21 day.
2547 2937 23 17 Tu
2585 2935 68 18 twelve
2669 2938 102 17 successive

2335 2963 57 16 hours
2402 2968 43 11 over
2453 2961 44 17 nine
2511 2960 63 17 inches
2589 2960 32 16 fell
2635 2960 60 17 which
2709 2960 15 17 is
2738 2961 33 17 tho

2335 2985 76 22 highest
2420 2984 64 18 record
2493 2983 89 18 obtained
2593 2982 43 18 here
2648 2983 19 17 in
2681 2982 33 18 the
2726 2984 44 17 nine

2335 3015 53 16 years
2397 3008 70 22 during
2474 3007 62 17 which
2545 3007 32 17 the
2586 3005 79 22 register
2676 3007 35 17 has
2723 3006 47 18 been

2334 3031 51 23 kept.
2411 3032 39 17 The
2462 3031 106 21 aggregate
2580 3029 35 18 fall
2629 3029 29 17 for
2671 3029 32 17 the
2718 3030 52 18 three

2335 3055 45 17 davs
2389 3054 102 18 amounted
2499 3055 20 16 to
2526 3054 51 17 11*07
2584 3052 69 18 inches.
2678 3052 81 19 Natural-

2333 3078 21 22 ly
2362 3078 32 17 the
2408 3077 55 17 roads
2476 3082 49 12 were
2540 3076 83 22 severely
2639 3077 32 16 cut
2686 3081 33 17 up,
2737 3077 33 17 the

2334 3101 114 22 approaches
2457 3102 20 15 to
2490 3100 33 17 the
2536 3099 75 22 bridges
2623 3099 58 22 being
2694 3100 76 17 washed

2333 3130 59 16 away.
2418 3124 39 16 The
2467 3124 50 16 most
2525 3123 70 17 serious
2610 3122 73 20 mishap
2698 3123 20 16 of
2731 3123 38 17 this

2333 3146 114 23 description
2472 3146 89 17 occurred
2577 3147 20 16 at
2613 3146 32 17 the
2669 3146 101 19 Puarcnga

2332 3170 67 22 bridge
2408 3176 24 11 on
2441 3170 33 17 the
2483 3170 100 22 Tauranga
2591 3168 45 18 mail
2649 3168 51 18 road.
2738 3170 31 16 Mr

2333 3193 53 20 Kirk,
2397 3193 86 17 butcher,
2493 3193 56 17 while
2566 3198 24 12 ou
2599 3193 32 16 the
2647 3198 41 16 way
2707 3193 19 16 to
2740 3193 28 17 his

2333 3217 52 17 place
2394 3217 21 16 at
2422 3216 33 17 the
2470 3216 56 22 Ngae
2539 3222 25 11 on
2577 3215 98 22 Thursday
2688 3216 82 20 evening

2333 3238 59 18 found
2401 3240 33 16 the
2443 3240 44 16 rush
2497 3240 19 15 of
2526 3240 59 16 water
2593 3245 20 11 so
2629 3240 53 21 great
2697 3238 43 17 that
2754 3239 16 17 it

2332 3267 38 13 was
2376 3262 110 23 impossible
2493 3264 21 15 to
2523 3268 49 11 cross
2581 3262 37 17 and
2626 3261 43 19 had,
2678 3262 90 21 perforce,

2332 3287 20 15 to
2361 3287 65 15 return
2436 3287 19 15 to
2462 3286 91 17 liotorua.
2566 3285 133 17 Examination
2707 3285 49 17 show-

2332 3309 22 16 ed
2363 3309 43 17 that
2412 3309 32 17 the
2450 3309 128 17 flood-waters
2587 3308 38 17 had
2635 3308 72 17 carried
2714 3314 55 17 away

2333 3332 31 16 the
2372 3331 136 18 embankment
2517 3338 23 11 on
2549 3332 33 17 the
2590 3332 54 19 Ngae
2653 3331 38 17 side
2707 3332 20 16 of
2735 3332 33 17 th

2331 3354 67 23 bridge
2407 3354 30 18 for
2445 3355 59 17 about
2512 3361 11 11 a
2532 3355 60 20 chain,
2605 3355 44 17 thus
2665 3354 84 22 forming
2758 3361 11 11 a

2331 3378 80 17 channel
2418 3376 30 19 for
2457 3379 49 16 tlreir
2520 3384 71 16 escape.
2624 3377 29 17 On
2669 3378 34 16 the
2717 3379 50 15 town

2331 3401 39 17 side
2379 3402 20 16 of
2410 3401 33 18 the
2456 3401 67 21 bridge
2537 3401 15 17 it
2566 3407 38 11 was
2617 3401 93 22 apparent
2726 3401 42 17 that

2331 3424 32 17 the
2375 3425 47 16 road
2435 3424 39 17 had
2486 3425 40 16 also
2540 3424 47 17 been
2601 3424 117 22 submerged,
2733 3424 35 16 but

2331 3447 32 17 tlio
2371 3448 96 21 approach
2474 3454 38 10 was
2521 3447 146 22 comparatively
2680 3447 76 17 uninter-

2331 3470 51 18 fored
2391 3471 53 17 with.
2470 3471 30 17 On
2509 3471 32 17 the
2549 3471 91 16 cessation
2650 3470 19 16 of
2679 3469 31 17 the
2726 3469 40 17 rain

2331 3494 31 17 the
2369 3495 60 16 water
2441 3494 78 18 receded
2533 3494 40 17 into
2586 3494 32 17 the
2632 3492 32 17 old
2679 3492 86 17 channel.

2330 3517 39 17 The
2383 3517 101 22 Tauranga
2498 3516 44 18 mail
2556 3516 19 18 of
2588 3516 70 21 Friday
2671 3521 38 11 was
2724 3515 32 17 des-

2330 3541 81 19 patched
2420 3547 24 11 on
2453 3540 109 18 horseback.
2588 3539 29 17 On
2626 3537 94 23 Saturday
2735 3539 32 16 Mr

2330 3563 29 18 W.
2370 3564 62 22 Kelly,
2443 3563 87 19 M.H.R.,
2545 3562 76 22 essayed
2636 3563 19 14 to
2670 3567 51 11 cross
2733 3562 33 16 the

2330 3587 123 22 wash-away,
2463 3587 36 16 but
2506 3586 32 17 the
2547 3584 68 18 animal
2625 3584 59 17 which
2691 3584 24 17 he
2721 3584 45 17 rode

2331 3612 49 15 went
2389 3610 55 17 down
2458 3610 21 16 in
2495 3615 12 10 a.
2523 3607 102 23 quicksand
2641 3607 37 16 and
2695 3607 16 16 it
2727 3613 39 11 was

2330 3633 47 17 with
2386 3635 83 15 extreme
2477 3631 92 19 difficulty
2578 3631 41 16 that
2635 3630 23 17 he
2672 3630 94 22 managed

2330 3657 20 17 to
2366 3656 98 19 extricate,
2481 3655 42 16 first
2538 3653 80 18 himself,
2636 3653 38 17 and
2682 3654 47 17 tliou
2737 3654 29 17 his

2330 3678 116 23 quadruped.
2471 3678 31 17 Tie
2511 3677 38 17 will
2557 3676 79 17 warmlv
2649 3682 79 15 espouse
2741 3677 25 17 all

2330 3704 52 15 votes
2390 3702 31 17 for
2428 3701 56 18 roads
2492 3701 38 16 and
2539 3699 76 23 bridges
2623 3699 18 16 in
2652 3699 71 17 future;
2737 3700 29 22 By

2330 3725 85 21 Monday
2424 3725 31 17 the
2464 3723 46 18 road
2518 3729 38 11 was
2561 3722 85 19 repaired
2652 3722 114 22 sufficiently

2330 3748 29 17 for
2376 3748 66 17 traffic.
2479 3747 30 17 On
2529 3746 32 16 the
2581 3745 122 22 V/ai-o-tapu
2712 3745 2 22 .
2720 3746 48 17 road

2329 3776 101 12 rumerous
2439 3770 45 21 slips
2493 3769 87 19 occurred
2588 3769 33 17 the
2632 3770 45 15 most
2696 3769 70 17 serious

2329 3794 59 19 being
2396 3795 19 16 in
2423 3794 33 16 the
2464 3793 62 21 Hemp
2535 3797 64 18 gorge.
2625 3791 28 18 On
2667 3790 100 24 Thursday

2330 3817 32 17 the
2371 3817 65 22 Taupo
2444 3816 56 17 coach
2510 3821 38 11 was
2556 3814 79 18 blocked
2643 3814 38 17 and
2696 3815 37 17 had
2747 3817 19 15 to

2330 3841 82 16 transfer
2431 3840 25 16 its
2476 3838 45 18 mail
2542 3838 37 18 and
2599 3843 110 17 passengers
2726 3838 40 17 into

2331 3864 79 16 mother
2418 3864 42 16 sent
2467 3863 20 16 to
2496 3862 50 17 meet
2554 3862 15 16 it
2577 3861 24 22 by
2610 3861 32 16 Mr
2653 3861 112 17 Robertson.

2330 3886 44 16 This
2383 3887 35 19 slip
2431 3885 101 17 interfered
2545 3884 46 17 with
2604 3884 32 17 the
2650 3885 59 16 water
2724 3890 42 11 race

2330 3909 62 21 tilling
2401 3909 15 17 it
2425 3915 25 16 up
2462 3908 45 17 with
2523 3908 84 17 detritus.
2638 3907 32 16 Mr
2685 3907 80 18 Purcoll.

2330 3929 97 20 mechanic
2436 3933 19 16 to
2464 3932 32 16 fhe
2505 3930 120 18 Sanatorium
2633 3931 51 16 went
2693 3931 33 15 out
2743 3936 22 10 on

2330 3955 100 22 Thursday
2443 3955 37 17 and
2494 3954 70 21 Friday
2581 3953 37 17 and
2634 3953 84 17 rectified
2735 3953 31 16 the

2330 3979 70 16 matter
2408 3984 20 11 so
2437 3978 29 17 far
2474 3983 20 12 as
2503 3977 33 16 flic
2548 3977 58 16 water
2615 3976 69 21 supply
2692 3976 15 16 is
2722 3981 33 11 con-

2331 4002 66 16 cerned
2412 4001 36 17 but
2462 4001 23 16 ho
2501 3999 64 18 thinks
2581 4005 11 11 a
2609 3998 74 18 further
2700 3998 35 23 slip
2751 3999 16 16 is

2330 4024 100 18 imminent
2437 4024 16 17 if
2460 4023 53 17 there
2521 4022 16 17 is
2552 4028 51 10 more
2617 4022 47 16 rain.
2694 4021 32 17 Mr
2743 4022 23 16 E.

2330 4048 22 16 R.
2362 4047 61 17 Webb
2431 4046 38 17 had
2477 4045 26 18 all
2511 4045 33 18 the
2557 4045 70 22 repairs
2643 4043 96 18 attended'
2747 4046 20 15 to

2330 4076 24 11 on
2375 4070 33 17 the
2428 4069 80 18 sections
2525 4068 59 17 under
2600 4067 29 17 his
2647 4067 119 23 jurisdiction

2330 4090 139 25 expeditiously
2478 4091 38 18 aud
2524 4088 109 25 effectively.

2937 96 179 43 JOTTINGS.

2792 157 2 30 !
2827 160 17 17 A
2860 160 40 17 Ban
2907 161 7 16 1
2931 162 20 16 of
2968 162 53 23 Hope
3038 164 85 23 meeting
3137 165 43 18 .-will
3197 166 44 16 take

2792 183 1 24 -
2803 183 53 22 place
2865 190 25 10 on
2898 184 70 22 Friday
2977 186 55 21 night
3041 186 18 17 in
3069 186 33 18 the
3111 188 127 17 ;Sehoji,oo:ai.

2827 214 38 17 The
2874 220 30 12 see
2912 215 29 17 md
2954 216 56 17 batch
3025 218 20 15 of
3060 219 126 22 une.uployeT
3200 215 39 22 will

2791 237 1 26 i
2803 237 23 16 In:
2835 240 41 14 sent
2885 240 20 15 to
2914 238 83 18 liuuio.ii
3005 240 59 18 about
3071 242 46 17 M.iy
3128 246 28 14 tj.
3186 242 52 21 Tilt.,*

2787 260 9 22 I
2804 260 37 17 will
2850 261 80 21 proceed
2939 268 27 13 v,a
2980 260 139 22 \Vhak.iUne."'

2826 289 32 17 Mr
2866 289 22 16 E.
2899 290 114 21 Eugstior
3020 293 29 16 An
3055 293 70 19 :klaud,
3132 294 76 17 intends
3217 298 20 13 ti

2803 315 50 13 erect,
2861 318 25 10 on
2894 312 29 17 his
2932 314 69 17 .s.vlioii
3011 315 18 16 in
3041 316 86 17 Tutanek
3133 318 11 15 li
3151 319 68 17 .street
3227 324 11 10 a

2803 335 94 17 residence
2905 336 18 16 in
2934 338 31 15 tin-
2975 337 55 16 Swi.-s
3041 339 63 17 e.ialct
3112 340 54 17 style,

2791 363 1 24 i
2826 363 39 17 The
2872 364 93 23 principal
2977 366 110 21 purchasers
3093 369 21 16 at
3122 368 115 18 Thursday's

2791 386 1 28 j
2803 386 38 17 sale
2850 392 47 12 were
2906 388 69 18 Messrs
2987 389 25 16 \V.
3025 390 63 22 Eedy.
3098 391 22 16 E.
3131 391 106 18 Robertson

2791 408 1 24 I
2803 409 22 17 Li
2834 410 24 17 D.
2867 410 76 17 Nathan
2952 411 36 17 and
2998 413 20 15 T.
3029 412 23 18 Jj.
3059 413 38 17 and
3103 414 22 17 L.
3132 414 72 18 Rob::..;
3211 421 25 11 ;ii.

2790 435 2 35 j
2826 437 29 17 Sir
2864 438 76 18 Patrick
2949 440 82 23 Buckley
3043 442 17 16 is
3068 442 39 17 still
3116 444 20 15 at
3144 443 33 17 the
3186 444 52 17 Lako

2791 458 1 29 [
2802 460 70 18 House;
2898 462 30 17 He
2942 463 14 16 is
2974 463 119 24 undergoing
3109 472 11 10 a
3137 472 64 11 course
3217 468 22 16 of

2790 483 2 41 j
2802 483 61 21 baths,
2873 486 38 15 aud
2921 486 37 17 will
2966 486 23 17 be
2996 487 43 16 here
3046 489 30 16 for
3083 495 10 10 a
3100 489 51 16 week
3158 496 21 10 or
3186 496 26 11 so.

2825 517 58 17 Rural
2892 519 80 17 sections
2980 520 68 17 unsold
3057 527 43 16 may
3108 522 24 16 be
3145 522 56 17 tiken
3212 529 26 16 up

2790 541 30 15 'at
2831 546 36 15 any
2876 541 46 17 time
2931 548 22 10 on
3127 545 58 19 Town
3199 548 38 14 ami

2790 560 1 32 j
2802 563 95 17 suburban
2907 564 108 19 allotments
3024 573 35 10 can
3067 568 45 22 only
3118 568 22 17 be
3149 567 87 23 Aisposed

2802 587 20 15 of
2830 588 20 15 at
2858 587 65 21 public
2931 588 81 18 auctioiii

2825 613 76 18 Critical
2909 615 67 22 people
2985 616 63 22 object
3057 618 64 17 to'tTie
3135 619 57 22 rocky
3201 625 23 11 na-

2801 637 42 16 ture
2851 637 20 16 of
2880 638 32 16 the
2921 638 35 17 site
2965 638 67 18 chosen
3041 641 30 17 for
3085 641 32 17 the
3130 647 42 12 new
3180 637 47 23 i'res-

2801 658 86 23 byterian
2897 661 80 17 Churcln
3003 662 68 19 Others
3080 665 55 16 think
3144 666 15 16 it
3167 665 69 22 highly

2801 684 126 21 appropriate.
2952 685 39 17 TJie
2998 686 73 18 Church
3078 693 24 11 ou
3111 687 32 18 the
3151 689 59 16 Rock.
3223 684 4 21 '

2826 710 36 17 Tie
2871 710 42 18 best
2919 712 53 18 catch
2980 717 18 12 ot
3007 713 32 17 the
3046 714 71 24 fishing
3124 721 66 12 season
3194 716 42 22 just

2801 733 61 17 closed
2871 734 15 16 is
2895 735 88 21 reported
2991 738 48 16 from
3055 738 31 16 the
3095 739 141 23 Tara-ugatara

2801 756 59 17 creek.
2887 757 93 18 Fourteen
2989 761 52 15 trout
3051 762 85 21 weighed
3142 764 59 19 -l.'JU.s,
3211 769 23 11 an

2801 785 81 17 average
2891 782 20 15 of
2919 787 44 11 over
2968 781 41 18 .'Jibs
3020 783 51 18 each.

2801 830 128 19 Government
2942 835 21 15 to
2979 834 43 22 give
3038 835 33 17 the
3085 837 72 17 natives
3174 844 11 10 a
3201 840 28 14 fan-

2801 854 54 17 share
2862 855 21 17 of
2892 855 32 17 tho
2932 856 46 18 road
2986 857 78 24 making
3072 860 20 17 to
3101 860 23 16 be
3133 860 72 17 carried
3213 867 24 10 on

2800 877 20 16 in
2829 878 37 17 this
2874 878 80 19 district.

2824 908 30 18 Sir
2862 910 76 18 Patrick
2947 912 83 23 Buckley
3039 914 38 16 and
3085 914 32 17 Mr
3130 915 27 17 W.
3172 915 63 21 Kelly,

2800 931 88 23 M.H.R.,
2910 939 48 12 were
2973 935 33 17 the
3022 936 41 17 iir.->t
3076 938 20 16 to
3109 939 49 16 avail
3173 940 51 16 them-

2801 955 57 18 selves
2868 957 20 16 of
2897 957 31 16 the
2936 963 42 12 new
2987 959 84 22 Sulphur
3078 961 60 17 Baths
3147 968 24 10 on
3187 963 51 16 their

2800 978 64 22 public
2872 980 84 22 opening
2966 983 106 22 yesterday;

2824 1007 38 16 The
2877 1007 51 17 Hon.
2945 1008 64 19 James
3025 1011 72 20 Carrol,
3112 1011 80 19 M.11.R.
3207 1013 30 17 for

2801 1029 97 22 Gisbornc,
2907 1032 74 17 arrived
2989 1032 43 17 here
3041 1035 147 18 i'rom'Ruotoki.
3206 1037 31 16 via

2801 1053 105 22 Tauranga,
2917 1060 23 11 on
2950 1055 82 22 Sunday.
3058 1058 30 16 He
3097 1058 35 17 left
3140 1059 30 16 for
3179 1060 47 16 (Jala-

2801 1077 30 15 tea
2838 1076 100 24 yesterday
2947 1079 37 16 and
2993 1079 15 16 is
3017 1081 91 21 expected
3116 1081 48 18 back
3173 1082 26 22 by
3204 1083 32 16 til:

2801 1098 36 17 end
2846 1101 19 15 of
2874 1101 32 16 the
2916 1101 57 17 week.

2824 1131 19 16 It
2851 1131 15 16 is
2879 1132 108 18 considered
3001 1133 44 19 that
3060 1135 33 17 the
3109 1136 128 19 Government

2800 1154 97 22 neglected
2907 1161 12 10 a
2927 1156 50 22 good
2985 1160 125 22 opportunity
3119 1161 20 15 of
3154 1161 72 17 increas-

2799 1176 35 23 ing
2841 1177 33 17 the
2883 1183 79 12 revenue
2970 1180 20 16 in
2998 1182 34 15 not
3041 1183 83 22 running
3129 1190 23 10 an
3160 1190 76 11 exenrs-'

2800 1200 40 17 sion
2860 1201 51 17 train
2931 1202 47 18 from
2999 1203 26 17 all
3049 1206 80 17 stations
3154 1213 25 11 on
3204 1211 33 14 tJic

2800 1223 85 18 occasion
2893 1225 21 16 of
2921 1225 33 17 tho
2962 1226 43 17 land
3015 1228 44 17 sale.

2825 1253 30 17 Ihi
2857 1260 46 11 tines
2912 1255 107 19 Advertiser
3031 1258 62 17 makes
3102 1259 33 17 tho
3149 1264 86 13 AMKNIji;

2800 1280 121 15 noxoiiAJiU-;
2934 1279 31 17 for
2979 1281 125 25 transferring
3116 1284 119 22 paragraphs

2800 1300 48 16 from
2858 1306 35 11 our
2901 1302 84 18 columns
2996 1304 81 18 without
3090 1307 132 22 acknowledge-

2801 1324 55 18 ment,
2865 1323 34 17 but
2904 1324 19 18 in
2928 1325 59 24 doing
2992 1328 91 22 soadopts
3089 1330 145 19 thoTirQL'Oiii'ts

2799 1346 49 22 style
2855 1348 20 15 of
2880 1353 100 17 argument
2989 1356 19 11 so
3015 1351 77 19 favored
3099 1354 24 21 by
3128 1356 53 17 those
3188 1356 46 17 witti

2799 1375 11 10 a
2818 1369 53 18 weak
2884 1376 46 13 case.

2822 1403 39 17 The
2879 1403 98 25 following
2990 1408 108 20 gentlemen
3116 1411 47 18 have
3188 1413 46 17 been

2799 1427 88 21 gazetted
2902 1433 19 11 as
2935 1434 10 10 a
2962 1429 62 18 Board
3041 1432 19 16 to
3076 1433 111 20 administer
3203 1437 33 17 the

2799 1450 62 15 aflairs
2871 1451 19 15 of
2897 1450 30 17 the
2935 1451 100 25 Township
3040 1456 21 16 of
3066 1450 95 27 Rotorua.:
3168 1460 67 17 -Jean

2800 1472 69 17 Michel
2879 1473 77 18 Camrllo
2965 1476 88 24 Maltroy,
3068 1480 67 19 Alfred
3148 1483 80 17 Ginders

2802 1519 18 11 \r
2846 1509 13 21 n'
2878 1498 5 32 !
2992 1500 23 17 ho
3029 1507 28 12 las
3069 1503 66 24 Brent,
3151 1506 85 19 Gerhard

2799 1519 86 21 Mug]lei,
2895 1521 69 17 and,lv.
2973 1522 24 18 X),
3011 1523 82 20 Djiusgv.

2822 1547 64 24 Major
2895 1549 90 23 Steward,
2995 1554 36 16 and
3041 1554 70 19 Messrs
3119 1557 75 18 Tanner
3198 1560 38 17 and

2799 1570 84 20 Stevens.
2893 1573 97 23 M.H.R.s,
3000 1576 20 17 of
3029 1578 31 16 the
3069 1579 59 17 Tariff
3142 1582 79 17 Commis-

2799 1599 46 14 sion,
2856 1598 133 21 acoompanied
2998 1599 24 21 by
3031 1601 31 16 Mr
3071 1602 83 20 O'Kane,
3170 1605 54 18 Secre-

2799 1618 48 22 tary,
2869 1620 73 17 arrived
2963 1627 24 11 oil
3003 1623 104 25 Thursday,
3133 1628 66 18 stayed
3216 1631 19 15 at

2803 1644 13 13 \\
2823 1644 154 26 hakarowarewa.
2988 1646 79 21 glanced
3079 1651 21 15 at
3113 1650 32 17 the
3159 1657 76 13 geysers

2799 1664 38 17 and
2845 1664 91 24 departed
2945 1668 29 16 for
2982 1669 71 23 Napier
3060 1672 31 17 via
3100 1670 93 22 Wairakol
3210 1682 24 11 ou

2799 1690 96 20 baturday
2902 1691 94 23 morning.
3022 1694 69 23 Verily,
3102 1696 32 18 the
3143 1703 64 12 oourse
3216 1700 20 16 of

2799 1713 32 14 the
2839 1713 98 20 politician
2945 1720 16 11 is
2970 1715 55 18 swift.

2787 1744 442 80 CABLEGRAMS

2801 1871 11 12 ~
3046 1856 39 17 The
3098 1858 95 19 atrocities
3209 1860 24 23 by

2799 1872 32 16 the
2847 1873 79 19 lurkr.sk
2941 1876 81 24 soldiery
3038 1884 24 12 on
3079 1880 33 17 tho
3130 1880 103 22 Christian's

2799 1897 98 17 continues
2905 1904 20 10 m
2938 1898 94 21 Armenia,
3047 1902 34 18 but
3095 1909 24 12 on
3135 1912 12 10 a
3160 1908 74 17 smaller

2799 1919 48 16 scale
2856 1919 48 18 than
2912 1921 94 24 formerly.
3027 1925 38 17 The
3074 1927 57 18 Daily
3138 1929 96 20 ChronicV

2798 1947 56 17 urges
2864 1944 42 17 firm
2914 1945 38 16 and
2965 1946 107 20 immediate
3086 1952 63 17 action
3165 1959 22 11 on
3204 1944 4 27 t
3213 1956 14 15 la-

2798 1971 29 16 pa,
2834 1968 35 15 tot
2879 1968 32 16 the
2920 1968 88 23 Imperial
3018 1971 133 21 Government.

2821 1989 59 17 Jaboz
2899 1991 79 18 Balfour
2997 1993 15 17 is
3033 1995 83 23 charged
3135 1999 47 18 with
3203 2001 29 17 the

2799 2013 109 18 fraudulent
2921 2020 68 14 misuse
3003 2018 21 16 of
3036 2020 80 17 :W().()00
3132 2022 102 22 belonging

2798 2037 20 14 to
2838 2037 33 16 the
2892 2037 64 18 House
2976 2040 37 17 and
3033 2041 64 19 Lands
3119 2045 112 20 Investment

2801 2061 54 15 trust
2863 2061 103 23 Company,
2977 2063 38 18 also
3025 2065 20 17 of
3059 2067 32 17 the
3206 2078 17 9 se-

2798 2084 74 15 curities
2882 2084 20 16 of
2911 2084 31 17 the
2959 2085 103 25 Cdmpmty,
3078 2091 37 16 and
3129 2092 46 18 with-

2797 2109 73 18 spiring
2879 2107 46 17 with
2933 2108 68 19 Hobbs
3009 2111 38 17 and
3056 2112 81 23 Wright.,
3148 2118 73 16 eontrus-

2797 2127 44 18 tors,
2852 2129 20 15 to
2881 2128 80 18 defraud
2969 2131 32 16 the
3010 2133 104 24 Company.

2821 2149 77 18 Consols
2907 2157 31 11 arc
2947 2154 70 21 quoted
3025 2157 21 15 at
3055 2158 38 20 100,
3104 2156 62 21 which
3177 2161 15 17 is
3202 2162 29 17 the

2798 2174 76 20 highest
2881 2178 51 17 price
2940 2180 24 12 on
2977 2178 68 18 record.

2820 2196 27 16 At
2855 2196 33 17 the
2897 2198 48 17 wool
2958 2200 48 18 sales
3017 2203 70 20 to-day
3100 2205 53 18 there
3168 2213 38 12 was

2798 2219 49 21 good
2864 2220 88 19 selection
2968 2224 70 19 offered
3053 2222 37 23 aiid
3111 2230 59 20 prices
3187 2238 44 12 were

2798 2244 41 14 well
2862 2246 121 18 maintained.
3022 2248 121 21 Continental
3165 2248 66 25 buyer*'

2798 2271 47 11 were
2854 2266 32 17 tin;
2895 2267 50 18 chief
2953 2273 102 19 operators.

2818 2288 40 18 The
2867 2290 58 23 sheep
2933 2293 61 18 which
3003 2296 73 18 arrived
3085 2297 26 23 by
3119 2299 32 17 tlio
3161 2300 68 19 Talune

2797 2317 30 11 arc
2836 2318 19 11 in
2864 2314 93 19 excellent
2966 2318 102 19 condition.
3098 2314 4 23 '

2947 2339 46 23 May
3002 2342 81 19 T.-The
3092 2344 57 19 Great
3158 2347 71 18 Power,

2796 2361 54 14 insist
2859 2360 43 17 that
2917 2361 61 19 China
2991 2364 49 18 shall
3055 2366 113 25 adequately
3182 2377 36 11 com-

2796 2385 77 18 pensate
2881 2385 63 21 Japan
2953 2386 29 17 for
2992 2389 134 23 surrendering
3139 2392 33 18 the
3188 2394 21 16 Li
3217 2401 5 9 i-

2797 2406 47 20 ton#
2852 2406 107 19 Peninsula.

2820 2429 87 21 Vik.vxa,
2923 2432 45 22 May
2986 2434 15 16 7.
3028 2435 62 18 Count
3107 2438 90 22 Kaluoky
3212 2443 15 15 at

2796 2452 32 17 the
2837 2456 75 19 request
2921 2459 19 12 ot
2953 2457 32 17 the
2999 2457 93 23 Emperor
3105 2461 34 18 has
3156 2462 62 19 decide
3225 2452 3 29 I

2796 2475 20 17 to
2824 2477 61 16 retain
2894 2477 57 19 office.
2977 2480 39 18 Tho
3024 2481 62 19 Count
3100 2484 70 23 Banffy
3186 2487 18 17 in

2796 2500 73 19 private
2882 2500 56 18 letter
2953 2508 43 12 now
3012 2505 100 21 published
3128 2508 94 19 denounce

2796 2524 31 15 the
2836 2524 11 16 1
2853 2524 44 21 apal
2905 2530 68 13 nuncio
2982 2526 19 18 in
3016 2528 32 17 the
3063 2530 96 19 strongest
3167 2534 56 17 terms

2796 2577 206 40 AUSTRALIAN
3020 2586 204 37 TELEGRAMS.

2795 2673 41 13 yrp
2834 2655 55 14 VDXE
2892 2653 47 33 \V
2942 2654 31 22 r:,y
2993 2657 8 16 T
3035 2657 25 17 Tv
3061 2664 18 10 ''
3096 2664 43 13 nion
3141 2653 3 33 -
3163 2667 54 12 name

2795 2675 61 16 Millei
2867 2675 37 17 and
2914 2676 85 23 Bunyan,
3010 2680 47 17 have
3065 2681 48 18 been
3127 2685 89 17 suffocate

2794 2697 21 17 at
2822 2697 87 19 Munro's
2918 2699 40 18 Boil
2961 2701 99 23 ing*-do-\vn
3070 2705 66 18 Works
3146 2709 20 15 at
3173 2708 40 17 AIo:

2794 2719 72 19 audria.
2892 2722 69 20 Miller,
2975 2731 22 11 an
3012 2728 94 20 engineer,
3122 2735 37 12 was
3173 2729 45 20 insiil,

2794 2744 32 16 the
2836 2744 83 22 digester
2926 2748 96 23 repairing
3031 2751 54 17 when
3094 2752 23 17 lie
3126 2759 39 12 was
3178 2761 33 11 ove

2795 2772 51 12 come
2855 2767 26 22 by
2890 2768 39 18 foul
2938 2776 53 15 gases
3000 2773 38 17 and
3046 2774 82 22 Bunyan
3140 2779 76 16 attenm'

2794 2796 34 15 ing
2836 2792 20 16 to
2865 2791 54 19 effect
2927 2793 29 17 his
2965 2800 62 13 rescue
3036 2803 38 12 was
3081 2798 39 19 also
3128 2805 89 14 oveivoia.

2817 2813 135 22 Mkusouiixe.
2962 2817 47 24 May
3018 2820 94 23 7.Neal,
3123 2823 33 18 tho
3164 2824 54 20 lodsrc

2794 2838 64 16 struck
2867 2838 56 17 down
2932 2840 25 22 by
2965 2841 78 24 Dooley,
3054 2845 55 18 when
3114 2846 32 18 the
3161 2848 52 17 fornn

2793 2860 106 23 attempted
2908 2863 20 17 to
2936 2866 79 19 jiroveht
3024 2867 32 18 tlio
3064 2869 76 18 murder
3156 2867 20 21 of
3190 2872 25 16 M'

2793 2885 74 21 Dooley
2875 2886 37 16 and
2922 2886 33 18 her
2967 2890 158 23 mother-in-law,
3140 2893 34 18 has
3187 2900 25 12 su.

2793 2908 80 16 cumber!
2882 2910 19 15 to
2910 2909 29 18 his
2947 2910 84 23 injuries.

2817 2931 85 18 Another
2914 2939 58 12 sewor
2984 2936 85 19 accident
3082 2939 34 17 has
3132 2940 79 23 happen,

2793 2954 20 16 at
2822 2954 47 17 Port,
2877 2956 116 20 Melbourne.
3027 2961 59 18 Three
3102 2968 43 12 men
3163 2970 47 12 nam,

2821 3001 5 9 i
2831 2983 17 11 11
2850 2984 27 21 1?'.
2897 2980 63 20 hilltps
2968 2983 38 17 and
3015 2983 75 24 Conroy
3100 2992 48 12 were
3154 2987 63 18 driver

2792 3006 11 11 a
2812 3002 52 16 shaft
2872 3008 19 11 m
2897 3003 46 17 sand
2949 3005 52 17 when
3009 3007 31 16 the
3048 3010 74 19 ground
3128 3010 84 22 collapse,

2796 3027 68 20 young
2876 3027 84 22 escaped,
2969 3027 22 18 PI
2999 3029 51 23 iliips
3066 3037 38 13 was
3117 3034 80 17 crushed
3210 3038 4 13 f-

2792 3048 57 16 death
2858 3048 37 18 and
2909 3050 74 23 Conroy
2996 3054 82 20 rescued,
3088 3056 49 17 after
3150 3059 10 15 a
3166 3057 50 17 hour;

2794 3072 56 22 badly
2858 3073 81 21 injured.

2882 3132 240 40 TELEGRAPHIC.

2813 3191 119 22 AtreKX.VNT),
3091 3198 25 17 At
3126 3203 10 11 a
3143 3199 66 17 meetin

2790 3215 19 16 of
2818 3214 127 23 storekeepers
2953 3218 100 23 yesterday
3058 3225 11 11 a
3074 3219 78 19 defence
3159 3222 27 17 lea
3190 3229 21 11 sr.

2790 3243 38 12 was
2834 3238 73 17 formed
2915 3240 20 16 to
2945 3239 65 24 defray
3019 3243 49 16 costs
3077 3244 62 17 where
3152 3245 59 17 trades

2790 3267 43 11 men
2842 3267 32 11 are
2882 3264 110 20 prosecuted
3001 3264 29 17 for
3038 3265 89 19 breaches
3142 3268 20 17 of
3175 3268 30 17 Sin

2790 3284 103 18 Assistants
2903 3286 35 16 Act
2947 3286 25 21 by
2980 3286 82 24 keeping-
3070 3294 47 17 open
3128 3296 22 11 on
3159 3291 50 17 Burn:

2790 3307 37 22 day
2835 3307 39 18 and
2882 3308 72 22 closing
2959 3314 24 11 on
2989 3310 125 20 Wednesday.
3140 3314 66 17 Gover:

2789 3331 52 16 ment
2849 3330 38 17 will
2901 3331 23 16 be
2937 3331 57 18 asked
3002 3333 20 16 to
3037 3335 44 20 stay
3093 3336 75 18 further
3180 3343 22 16 pr

2790 3353 87 22 ceodings
2892 3354 49 17 until
2957 3355 115 19 Parliament
3090 3361 64 16 meets.
3184 3360 25 17 E.\

2788 3377 53 21 empt,
2854 3376 124 23 shopkeepers
2993 3385 31 11 are
3037 3380 58 18 asked
3111 3383 20 15 to
3148 3383 60 17 obsen

2788 3399 32 17 the
2841 3399 55 21 spirit
2909 3401 20 16 of
2945 3401 32 16 the
2994 3403 36 17 Act.
3046 3403 26 17 bv
3086 3401 73 27 dosing
3175 3406 34 17 the:

2788 3422 61 19 places
2858 3422 20 17 of
2886 3422 84 19 business
2983 3431 25 11 on
3021 3420 136 30 Wednesdays'!
3185 3430 18 16 T1

2788 3445 106 23 Onehunga
2903 3446 124 25 shopkeepers
3035 3450 47 17 have
3096 3448 39 20 also
3150 3452 57 17 forme

2787 3474 11 11 a
2811 3468 77 18 defence
2905 3469 48 18 fund
2969 3469 88 23 averring
3073 3473 42 18 that
3131 3481 25 11 no
3173 3476 38 18 leir..

2787 3490 129 24 half-holiday
2928 3493 34 17 has
2978 3500 44 12 ever
3034 3495 47 17 been
3095 3493 86 23 declared
3193 3499 10 17 f.

2787 3514 49 17 their
2844 3514 93 23 borough.
2962 3518 39 17 The
3009 3518 77 19 defence
3094 3520 48 17 fund
3150 3521 19 17 in
3180 3522 29 17 Gis

2787 3537 58 18 borne
2853 3537 16 18 is
2878 3535 40 21 said
2926 3540 20 17 to
2954 3545 36 13 run
2998 3541 41 18 into
3048 3548 51 12 more
3110 3544 47 17 than
3170 3545 35 17 thri

2787 3561 76 22 figures.

2811 3585 17 16 A
2837 3584 102 22 Hokianga
2946 3587 70 20 settler,
3024 3589 67 17 named
3098 3589 64 18 .Tames
3169 3591 37 17 Ztfm

2787 3607 40 19 l'ell,
2845 3608 42 17 who
2907 3608 38 18 bad
2966 3609 28 18 his
3011 3617 39 11 arm
3072 3612 78 18 crushed
3167 3615 41 16 whi!

2787 3630 68 23 felling
2863 3637 11 11 a
2882 3632 39 16 tree
2930 3632 42 16 died
2981 3633 17 17 in
3009 3634 32 17 the
3050 3634 90 24 Hospital
3150 3638 55 21 yesle:

2787 3653 38 22 day
2833 3655 38 16 two
2879 3654 57 18 hours
2945 3655 49 17 after
3002 3653 107 22 admission.

2811 3677 108 20 Gisbokne,
2940 3678 123 24 Wednesday.
3105 3681 39 18 The
3173 3689 25 11 e.<i-

2787 3700 76 21 against
2879 3700 82 23 Dunlop,
2983 3699 112 22 Adair'and
3110 3704 66 19 Lewes
3193 3707 6 16 f

2787 3723 69 22 failing
2870 3725 19 15 to
2906 3723 48 18 close
2971 3731 23 11 on
3013 3725 93 23 Saturday
3122 3729 77 17 aftermi'

2787 3752 48 11 wore
2852 3746 96 18 dismissed
2961 3753 24 12 on
3111 3747 91 26 objection

2787 3769 57 17 Fresh
2854 3768 132 20 informations
2994 3777 48 12 were
3053 3772 43 18 laid.

2814 3793 140 17 WuLMXirrox.
3167 3798 30 16 Pal

2787 3815 34 16 net
2828 3815 47 16 have
2884 3815 77 18 decided
2974 3818 20 16 to
3003 3819 20 16 at
3040 3824 45 12 once
3101 3820 73 17 rebuild
3192 3824 11 13 1:

2788 3838 94 20 auxiliary
2891 3839 73 21 asylum
2973 3842 20 15 at
3000 3841 101 18 Auckland
3110 3844 21 16 at
3140 3850 8 10 a
3159 3848 35 12 e,>-.|

2788 3860 88 18 12.000.
3182 3859 1 19 :

2811 3883 16 17 Is
2832 3887 66 17 apiek,
2931 3885 99 19 ednesdav.
3041 3897 8 2 -
3056 3887 141 23 AXapievwimi

2788 3906 33 16 lias
2830 3906 47 18 been
2886 3909 82 16 arresterl
2978 3910 17 16 in
3011 3909 81 23 Sydney.
3123 3912 43 18 Her
3180 3914 15 16 in

2787 3929 57 18 band.
2853 3930 25 17 .]{.
2888 3930 60 20 Laws,
2959 3937 37 12 was
3005 3933 94 18 treasurer
3110 3933 21 20 of
3147 3936 53 17 the-1!

2788 3952 75 20 gliabito
2871 3951 62 24 lodge.
2966 3955 54 17 Some
3032 3956 45 17 time
3086 3963 37 16 a,go
3138 3959 29 17 his
3180 3965 21 10 v

2788 3977 56 17 went,
2855 3977 107 23 ostensibly,
2973 3980 19 15 to
3001 3979 95 18 Tonioana
3104 3980 77 23 leaving
3189 3982 15 16 le

2788 3998 54 22 eight
2848 3996 100 26 children.'
2963 4001 25 17 As
2997 4001 32 18 she
3036 4001 32 18 did
3074 4006 34 14 not
3115 4007 64 15 return
3188 4011 14 11 e'

2788 4022 69 21 ipiiries
2866 4028 47 12 were
2921 4023 53 18 made
2987 4024 37 17 and
3037 4025 16 16 it.
3068 4031 37 12 was
3121 4028 59 17 found
3189 4032 12 12 <:

2788 4044 108 18 hadleffcfor
2903 4046 80 22 Sydney,
2989 4047 50 17 after
3045 4048 79 24 forging
3131 4051 29 16 his
3166 4057 35 11 nan

2788 4078 11 11 ft
2799 4068 27 17 nd
2835 4067 85 23 drawing
2928 4069 32 17 the
2968 4071 135 24 t.rust-monoy.
3137 4074 36 17 She
3182 4080 15 10 w

2788 4102 11 11 !V
2800 4092 100 17 rro3ted-as
2908 4092 32 17 she
2948 4098 38 13 was
2998 4093 77 25 leaving
3084 4091 35 22 'for
3129 4097 68 17 En'dai

1324 38 58 21 THE
1395 33 3 29 ;
1400 33 66 26 .iIOT
1492 36 93 21 LAKES
1614 34 171 28 CHRONICLE,
1813 37 191 23 WEDNESDAY,
2039 40 64 19 MAY
2130 40 85 21 8,1895

88 112 219 40 Visitors'
318 98 131 54 Hist.

83 180 102 25 Brent's
202 181 129 26 Bathsrate
347 181 95 24 House.

48 211 29 17 l)r
86 212 61 23 ihmy
153 212 112 23 'iYltUjiwll,
274 212 52 20 AVosfc
333 210 95 20 Mailland

50 234 41 19 ai-.-s
100 233 80 25 Button,
189 235 98 19 Aiifklniiii

82 256 57 24 Ha.in,
147 258 118 25 Wellington

84 280 80 24 Hynnis,
173 281 90 19 jOimediu

85 310 37 12 unit
129 303 73 20 Mttstni'
209 304 115 23 Chisholuie,
331 303 94 19 Brisbane

85 327 23 18 U.
116 327 89 22 ilobatts,
213 327 136 19 Ctoistoliurcli

49 350 69 19 Misses
124 350 84 22 HotJpell,
218 350 33 24 (2),
260 351 88 19 Waikato

90 378 39 13 ijiiu
184 373 161 24 Asliton>'j*Jajrier

84 397 39 17 <m(L
131 398 40 16 Mrs
179 396 71 24 Lyons,
257 396 135 23 Hawkes.Bay

83 419 84 18 Maiirico
175 418 50 24 Jool,
234 416 90 23 jjuncfiiu

79 442 54 17 John
140 444 75 22 -Gtrubb,
228 442 117 24 Wellington

84 465 27 17 .41.
119 466 29 17 M.
157 467 78 22 Wilson,
245 466 100 19 Auckland

147 504 141 23 T&raWera
296 504 91 22 House

85 543 8 10 s
105 534 78 23 Oniiiell,
193 534 106 19 llalcombe

66 554 2 25 '
146 554 38 25 aiid
190 559 58 20 child,
259 556 108 20 Makotuku

118 626 27 20 H.
152 628 23 18 C;
185 628 51 22 Best,
246 626 99 22 Auokland
372 626 4 24 ,

73 649 3 24 .
119 649 54 20 JtjttL
181 649 82 24 OhaUph
327 662 19 8 ~
357 649 2 24 .
400 649 4 24 '
421 649 2 24 ,

37 674 4 27 f
115 675 103 26 Mwfenp,
227 674 80 22 Ohaupo
398 680 5 14 ;

35 693 5 13 '
65 693 3 26 '
86 696 27 19 U.
120 697 130 21 Hutchiilson,
258 695 115 24 Cambridge

165 734 55 28 Slie
229 733 140 35 Langiiam.

49 771 43 19 Mi's
100 770 19 20 J.
127 771 23 18 A.
160 772 80 20 Wilson,'
247 771 77 22 Sydney

78 791 3 24 '
87 795 39 17 and
133 795 31 16 Mr
171 795 80 20 Burtofi,
261 791 100 20 Auckland

44 816 39 20 'Mr
91 814 85 24 lialston,
186 817 101 17 Plikckoho

86 839 58 22 Burk,
153 840 101 18 Auckland

86 861 54 24 Jack,
150 861 47 19 Now
206 863 61 17 South
274 861 62 19 Wales

32 895 29 13 ..
66 887 111 21 ;.;M'adliei
178 886 2 22 ,
180 891 40 16 son,
230 886 97 17 Auckland

86 910 43 17 Hen
132 916 39 14 sou,
181 908 76 24 Sydney

85 931 67 24 Reyes,
162 931 99 19 Auckland

87 957 68 20 Smith,
165 956 100 17 Auckland

87 979 72 21 Carter,
168 977 101 20 Auckland
279 977 1 23 '

86 1002 79 23 Speedy,
179 1002 52 17 Hutt

106 1038 2 27 .
146 1038 3 27 .
165 1038 115 27 K'otorua
294 1040 87 22 Hotel.

26 1070 59 21 .s;Mr
93 1070 52 23 I)oye
145 1083 15 10 j;
163 1070 138 23 ,Queensland,.
327 1070 2 23 .

87 1094 76 19 Mehan,
176 1093 115 23 Wahgiinui.

78 1114 2 26 .
87 1119 28 16 W.
125 1117 63 23 Kelly,
198 1118 28 16 M.
235 1117 26 17 H.
271 1117 29 17 11..
310 1114 106 19 Auckland.

61 1136 4 26 '
84 1140 56 22 jT.'Mi
147 1136 101 26 Ijdwavds,'
256 1140 128 22 Otoro'hanga.

72 1161 3 24 '
84 1163 21 19 'J.
116 1163 102 22 Johnston,
227 1164 24 17 N.
260 1162 17 18 S.
285 1161 29 19 AY

86 1188 97 20 Bristowc,
193 1185 75 19 Broken
276 1185 47 18 Hill.

28 1214 5 6 '
77 1209 3 21 '
217 1209 102 18 Chalmers.

88 1234 38 17 and
136 1234 38 16 Mrs
187 1234 74 21 Denby,
278 1230 123 22 Winchester,

110 1256 76 18 cliurcli.

55 1281 95 22 Inspector
158 1280 91 18 Emerson
258 1278 37 17 and
303 1278 63 22 party.

51 1301 101 20 Constable
162 1302 111 21 Cava.nagh,
279 1299 146 24 Ngaruawahia.

165 1348 106 23 Mokoia
287 1346 83 23 View.

51 1384 42 17 Mrs
100 1382 47 23 Atty
155 1383 39 18 aiid
201 1383 53 17 three
263 1380 89 22 children,
362 1380 71 25 Napier

44 1406 39 17 'Mr
90 1404 159 28 Hoylc,'Napier.
350 1404 4 28 '
423 1415 5 8 <
443 1406 5 26 j

86 1430 88 19 Jnkston,
184 1429 48 17 New
240 1425 105 26 Plymouth

86 1452 71 22 Ptftiks,
166 1452 118 17 Palmerston
294 1450 63 19 North
388 1450 4 24 .

86 1475 74 21 Br.ow.iT,
171 1475 92 23 (Sydney-
281 1475 4 23 ,

131 1534 22 24 S.
185 1531 218 26 HOWARD.

108 1587 9 9 -
127 1578 131 28 '"'"COMET
272 1583 94 25 STORE.

162 1644 3 5 '

52 1659 39 26 Xx
289 1665 89 26 evening
392 1664 21 18 in
425 1670 58 18 every

51 1692 134 25 department;
197 1694 21 16 at
312 1690 54 26 price
381 1691 32 18 for
429 1690 53 19 cash.

141 1723 4 30 (
145 1725 94 23 Vlil<>lSEG
253 1732 14 12 A
280 1724 127 21 SP-ECIALITY.

76 1757 71 20 Grand
157 1764 64 20 range
230 1759 22 18 of
258 1757 40 19 this
303 1757 91 19 season's
401 1756 81 20 tweeds.

49 1784 47 24 Any
105 1783 69 20 article
186 1787 35 16 not
232 1782 24 21 In-
269 1783 63 24 stock,
350 1782 98 26 procured
462 1786 21 15 at

49 1810 108 20 Auckland
166 1809 70 27 prices.

201 1855 282 28 PLENTY'LICENSING

115 1889 244 19 DISTRICT;Nofrck
371 1894 26 13 or
413 1895 58 12 appli-

47 1921 73 14 cation
133 1921 38 13 tok
183 1921 13 12 a
216 1915 124 19 Publican's
360 1914 122 20 License.

46 1941 18 23 I,
91 1941 108 19 Frederick
226 1941 102 19 Cheshire-'
343 1940 23 20 of
381 1940 99 21 Rotorua,

27 1966 2 26 '
45 1967 27 18 '<l6
82 1966 77 26 hereby
166 1968 180 23 givonotice'tliat
356 1967 11 18 I
385 1966 64 19 desire
460 1968 21 17 to

37 1993 3 27 (
46 1993 76 23 oht{i.ip,
134 1993 40 19 and
185 1993 40 18 will
236 1995 21 17 at
267 1993 34 19 the
317 1995 49 16 nest
380 1993 101 25 licencing

46 2019 90 25 faceting
145 2022 21 16 to
176 2018 25 19 be
211 2019 75 19 holden
294 2021 22 17 at
326 2019 116 25 Tauranga,
453 2025 27 12 on

46 2046 80 18 the'oth
137 2046 39 23 day
184 2046 21 17 of
214 2043 60 25 June,
286 2046 56 22 1895,
354 2045 60 25 apply
426 2045 32 18 for
469 2051 12 12 a

25 2090 5 7 v
38 2071 115 25 jnertilieate
166 2071 128 26 authorising
308 2071 35 19 the
359 2070 54 20 issue
430 2070 21 19 of
468 2077 12 12 a

46 2097 113 26 publican's
169 2097 73 19 license
251 2097 32 19 for
294 2103 11 13 a
314 2097 71 23 house,
404 2097 75 18 situate

46 2123 126 23 fit.lJotprua,
183 2123 39 22 a,nd
235 2121 75 21 known
320 2123 28 24 by
358 2123 34 19 the
402 2123 46 24 sign
459 2123 21 18 of

46 2145 101 25 tlje'Lake
158 2150 70 19 House
241 2149 63 19 Hotel
319 2148 118 25 containing
454 2150 25 17 45

46 2180 71 19 rooms,
129 2176 101 19 exclusive
240 2176 21 18 of
272 2175 56 19 those
338 2175 96 25 required
448 2175 33 18 for

46 2202 35 18 the
90 2208 36 12 use
136 2203 21 17 of
168 2202 34 20 the
211 2201 78 24 family.
317 2201 52 19 Jane
381 2200 86 25 Stephen-

46 2234 37 12 son
89 2227 105 26 graham,-,
200 2234 59 14 i*ame
268 2227 22 19 of
303 2233 73 15 ojvner.
414 2226 67 19 Dated

238 2252 67 25 April,*
312 2253 167 24 xl9s.(Sgd),

45 2276 168 31 FREDERICK
228 2279 154 19 CHESHIRE.

46 2326 89 45 BAY;
145 2328 43 24 OF.
199 2328 113 20 PLENTY
326 2324 155 23 LICENSING

103 2348 146 36 *i^lSTlsl'CT.
252 2354 105 19 Notice
369 2360 25 13 of
405 2354 62 19 APPLl-

45 2387 72 13 cation
126 2386 43 15 a?op
313 2387 24 12 or
357 2380 123 19 License.

45 2406 27 24 1,.
83 2405 109 21 Frederick
216 2404 96 21 Cheshire
337 2407 21 19 of
381 2406 96 25 Rotorua,

45 2432 63 26 being
117 2432 35 21 the
160 2430 98 21 holder-o?
265 2431 134 26 a'publican's
406 2432 73 21 license

45 2459 22 19 iii
74 2462 78 22 respect
162 2460 20 18 of
192 2459 34 19 the
243 2459 63 19 house
324 2458 40 20 and
383 2459 96 24 premises

44 2485 75 19 situate
131 2486 21 18 at
161 2484 97 24 Rotorua,
269 2486 76 18 known
354 2485 27 24 by
391 2485 35 19 the
433 2486 46 23 sign

44 2511 23 19 of
75 2511 35 19 the
122 2511 56 19 Lake
190 2511 70 19 House
272 2511 70 23 Hotel,
360 2511 25 19 do
403 2511 76 24 hereby

44 2537 47 25 give
106 2537 65 19 notice
185 2537 45 19 that
249 2537 12 19 I
279 2537 66 19 desire
363 2539 21 17 to
401 2537 76 24 obtain,

26 2563 2 26 '
45 2563 41 19 and
94 2563 41 19 w'ill
146 2565 20 16 at
176 2564 35 18 the
220 2565 49 17 next
276 2563 100 26 licensing
389 2564 90 25 meeting

45 2592 21 16 to
77 2590 23 18 bo
110 2589 75 19 holdGn
195 2592 21 16 at
225 2589 110 25 Tauranga
354 2596 25 12 on
394 2589 34 19 the
444 2590 35 18 sth

44 2615 41 24 day
107 2615 20 19 of
145 2615 60 24 June,
228 2617 58 21 1895,
312 2615 61 26 apply
395 2615 32 19 for
444 2616 35 18 the

46 2641 87 19 transfer
143 2641 21 19 of
173 2641 35 19 the
215 2641 44 19 said
266 2641 75 19 license
348 2641 51 19 from
406 2641 73 25 myself

45 2670 21 16 to
75 2667 82 19 Russell
173 2667 88 19 Bedford
277 2667 97 24 Graham,
394 2674 33 18 my
446 2674 31 18 ap'

44 2693 88 25 pointeo.
172 2693 67 19 Dated
263 2693 42 19 this
329 2694 48 18 30th
397 2693 40 24 day
458 2693 21 19 of

44 2719 65 24 April,
117 2716 188 28 IS'pol-(Sieiied-y,
315 2719 164 20 FREDERICK

42 2744 155 23 CHESHIRE.
225 2745 64 20 Name
308 2746 103 23 of.owner,
427 2745 52 19 Jane

22 2775 11 7 '
46 2771 126 25 Stephenson
183 2771 97 20 Graham.

45 2869 75 20 mjIE
138 2869 158 17 BORROWERS
310 2870 20 16 of
343 2869 73 17 various
430 2870 49 17 tools

107 2892 104 23 belonging
219 2893 20 16 to
247 2898 35 13 me,
293 2893 99 22 including
399 2899 12 10 a
415 2893 51 17 hand-

43 2921 48 15 saw,.
97 2912 140 26 long-handled
329 2916 38 17 and
383 2916 44 17 adze
440 2916 39 17 will

42 2939 63 22 please
113 2939 48 17 have
170 2939 31 17 the
210 2939 93 22 goodness
316 2940 20 16 to
350 2940 64 16 return
428 2945 51 11 same

44 2963 19 16 at
72 2961 49 18 their
129 2962 75 17 earliest
212 2962 81 22 possible
303 2962 129 17 convenience.

161 2985 99 19 -.EDWIN
272 2984 156 18 ROBERTSON.

95 3299 5 7 ,
214 3289 101 17 NOTICE.

44 3336 45 42 A
100 3335 134 18 FOOTBALL
239 3335 92 18 MATCH
336 3335 39 17 will
381 3333 23 19 be
411 3335 70 22 played

112 3359 85 17 between
205 3360 102 21 Tauranga
315 3358 39 17 and
362 3358 84 17 Rotorua
455 3365 25 10 on

44 3382 32 17 the
87 3382 44 17 18th
138 3382 21 17 of
166 3382 52 21 May.

68 3406 28 21 By
107 3405 111 22 permission
232 3405 20 16 of
266 3405 32 16 the
315 3405 59 16 Town
390 3404 63 16 Board
469 3410 11 10 a

45 3428 68 22 charge
122 3428 20 17 af
152 3429 19 16 Is
179 3428 39 17 will
226 3428 23 17 bo
265 3427 56 18 made
334 3427 30 18 for
380 3426 101 18 admission

47 3452 20 16 to
81 3450 39 18 the'
129 3451 87 17 Pukeroa
232 3451 81 16 Reserve
329 3450 19 17 in
365 3450 31 17 aid
413 3450 19 17 of
448 3450 33 17 tilt;

45 3473 64 18 Club's
118 3474 62 17 funds.

225 3497 19 17 J.
254 3497 30 18 W,
293 3494 115 22 WEBBER,

354 3516 50 20 Hon.
415 3518 39 17 Sec.

136 3572 248 43 NOTICE.

51 3654 195 32 FRAJKTON
272 3653 206 32 JUNCTION

215 3695 114 32 HOTEL.

51 3753 203 46 PASSENGEES
269 3753 28 24 by
313 3752 53 19 train
381 3753 20 17 to
416 3751 69 20 A-uckr

240 3779 56 19 land.

51 3829 71 20 Tiains
144 3831 44 23 stop
207 3830 75 23 twenty
302 3828 87 18 minutes
407 3828 21 17 at
448 3826 34 19 the

97 3855 105 19 Fraukton
211 3854 97 19 Junction
318 3854 32 18 for
359 3853 77 18 dinner.

77 3903 43 18 The
143 3902 136 26 undersigned
306 3902 38 19 has
374 3901 108 19 first-class

51 3928 66 21 Meals
129 3929 61 24 ready
200 3929 39 19 and
249 3928 72 20 served
329 3934 26 12 on
370 3927 74 19 arrival
462 3927 21 18 of

49 3955 29 20 till
91 3955 69 19 trains.

48 4003 219 47 William
279 4002 200 54 Geatch,

104 4083 317 25 PROPRIETOR.

619 100 88 27 JOHN
725 101 99 30 HALL,

510 154 150 40 pAINTER,
679 154 224 24 PAPERHANGER,
922 155 16 18 fir.

623 207 67 21 SIGN
694 207 120 23 WRITER,

672 258 107 21 Rotorua.

597 313 28 33 J.
646 313 28 32 F.
696 312 158 37 PEATSON,

635 374 167 25 FRUITELiER,

532 424 56 22 Next
598 423 101 21 Saddler'a
710 423 56 24 shop,
780 422 132 24 Ohinemutu,

508 464 43 19 Has
560 463 74 25 always
646 469 11 12 a
667 461 52 25 good
741 460 75 26 supply
835 460 21 20 of
877 460 64 20 Fresh

577 488 65 25 Fruit,
654 488 49 19 both
715 488 49 19 local
776 487 38 19 and
827 487 23 19 im-

635 514 70 26 ported
717 521 24 12 on
753 513 60 20 baud.

698 541 57 19 Also

508 569 18 18 A
534 566 147 21 well-assorted
692 566 56 20 stock
757 566 21 19 of
787 564 95 23 Biscuits,
890 564 38 19 Con-

549 594 110 24 fectionery
670 594 38 19 and
719 594 92 18 Summer
821 590 84 25 Drinks,

588 620 26 19 all
623 623 21 16 at
653 624 117 15 MODERATE
781 623 84 14 PIIICES.

645 663 159 25 ROTORUA.

531 851 49 23 (One
587 851 88 18 minute's
682 850 51 19 walk
741 851 49 17 from
797 850 33 18 the
836 851 72 17 Govern-

660 875 52 16 ment
720 873 75 24 Baths*)

627 922 189 23 T6RMS:

535 955 45 23 35s
588 961 45 24 per
651 956 88 26 week;
759 957 29 21 6s
803 962 46 23 per
858 954 57 30 day.

535 990 60 23 Two
606 991 89 22 weeks
705 997 27 16 or
741 990 99 29 longer,
861 988 54 24 30s.

606 1040 195 29 IfAyJu*:WJi
805 1040 95 29 liniiA

634 1081 186 20 PROPRIETOR.

565 1131 62 44 II.
682 1130 198 45 KOHN.

509 1191 250 21 MANUFACTURING
778 1192 163 23 JEWELLER,

619 1227 89 24 Queen
732 1227 93 28 Street,

664 1266 121 19 AUCKLAND.

507 1324 42 13 and
574 1316 26 25 u.
617 1317 168 23 PETERSON
800 1317 88 28 &ICo.,

620 1357 76 20 HIGH
715 1357 110 23 STREET,

642 1401 167 19 CuRISTCIIURCir.

533 1463 43 20 The
585 1464 78 24 largest
677 1462 41 19 and
734 1465 53 16 most
802 1462 62 19 select
885 1462 57 19 stock

507 1490 21 18 of
538 1490 102 25 jewellery
651 1489 56 25 kept.

686 1608 37 27 -a/
724 1608 21 14 v
748 1608 4 27 '
776 1627 9 5 -

630 1887 183 20 CELEBRATED

616 1999 39 42 A
673 1998 38 43 L
725 1998 39 43 E
783 1998 38 44 S,

635 2065 59 13 MADE
703 2065 55 13 l'UOir
767 2065 41 13 THE

587 2110 36 16 OT
649 2110 23 16 WJ
681 2110 25 17 AB

587 2128 15 12 <J
612 2128 6 13 i
649 2128 67 13 mm.

719 2110 17 31 T
758 2109 63 31 AND
839 2109 97 37 HOPS,

542 2204 53 13 FREE
607 2204 57 14 FROM
676 2204 38 13 ALL
728 2203 128 14 ANTISEPTICS
869 2204 25 13 Oli

609 2240 140 14 DELETERIOUS
767 2241 65 14 ACIDS.

500 2305 30 28 Ilf

609 2361 194 21 NEWMARKET.

530 2420 173 24 WYNYARD
719 2422 190 29 &PURCHAS,

566 2456 128 20 Barristers
701 2462 42 13 and
755 2457 122 24 Solicitors,

503 2486 82 25 Temple
592 2486 119 25 Chambers,
719 2487 59 26 High
785 2488 29 23 St,
823 2488 102 19 Auckland-

502 2542 83 30 ~\X/~E
598 2544 52 19 have
661 2551 72 19 money
743 2547 19 17 to
773 2545 47 19 lend
832 2552 26 13 on
874 2546 52 19 Mort-

521 2576 6 9 '
594 2577 53 18 gage
658 2571 21 18 f
694 2571 100 19 Freehold
810 2572 40 19 and
865 2572 61 19 Lease-

501 2595 49 19 hold
559 2600 96 21 property
665 2600 21 16 at
699 2601 81 16 current
789 2601 61 15 rates.

633 2655 173 20 NOTICE.

503 2706 137 47 OYSTER
650 2707 96 26 Suppers,
755 2709 42 18 Tea
809 2709 40 19 and
863 2709 73 24 Coffee,

576 2736 19 16 to
611 2734 26 19 bo
663 2734 41 19 had
722 2734 77 26 during
814 2735 34 19 1110
867 2735 72 19 winter

501 2760 104 24 evenings,
617 2763 21 16 at
648 2760 19 19 S.
684 2760 110 24 Andrews,
811 2761 99 19 Rotorua.

648 2813 56 23 FOR
719 2816 76 20 SALE.

515 2867 18 27 \
560 2867 80 20 FARM
651 2869 20 18 of
688 2871 24 17 80
733 2876 61 17 acres,
817 2871 50 18 with
877 2870 59 19 milk,

573 2901 21 12 rn
620 2894 40 19 and
667 2901 56 18 cows,
735 2895 22 19 in
767 2896 94 25 woiking
869 2897 59 18 order

501 2920 95 26 Apply
605 2927 20 13 to

651 2947 75 20 JOHW
739 2947 58 20 DAL
802 2948 81 19 BETH.

653 3008 121 23 LOST

574 3060 84 23 Monday
675 3061 80 23 evening
772 3067 11 11 a
796 3061 55 18 Gold
871 3066 65 13 chain

567 3083 46 18 with
620 3083 146 23 gold-mounted
773 3085 163 22 quartz-pendant

501 3106 94 17 attached.
627 3107 80 17 Reward
722 3108 19 16 of
755 3107 39 18 Ten
809 3108 86 22 shillings
910 3114 26 11 on

501 3130 65 16 return
586 3131 20 15 to
627 3130 36 17 Alf.
686 3130 69 23 Brady,
777 3131 84 21 barman,
883 3131 52 17 Lake

503 3151 64 19 House
578 3151 60 19 hotel.

633 3210 64 23 FOR
714 3208 89 25 SALE.

503 3261 231 34 rpOTARAHOUSE
741 3262 112 25 BLOCKS,
859 3263 76 20 Stiaim

508 3283 26 22 JL
568 3294 32 12 ers
601 3306 5 8 t
619 3288 40 18 and
669 3288 137 20 Government
816 3289 40 19 size
869 3289 66 22 Posts,

502 3314 21 18 in
535 3320 40 18 any
587 3314 99 25 quantity,
698 3314 102 20 delivered
809 3316 20 18 to
840 3322 39 18 any
888 3318 48 23 part

503 3339 20 19 of
534 3340 35 18 the
578 3340 180 25 district.Apply
772 3343 21 17 at
803 3341 34 19 the
849 3341 87 20 Auction

502 3365 62 20 Mart.

685 3390 20 20 3.
722 3391 28 19 H.
764 3391 118 21 TAYLOR.

1042 4175 103 40 Ask
1172 4177 72 40 for
1268 4177 265 41 Hancock's
1559 4180 278 40 Celebrated
1863 4181 188 39 XXXX
2075 4182 114 38 Ales
2216 4184 93 36 and
2335 4182 154 38 Stout.
