4240 5910
1883 2479 150 40 Mount
2076 2479 158 49 Benger
2277 2478 114 40 Mail.

2013 2588 62 19 JUST
2094 2589 54 18 AND
2169 2589 67 18 FEAR

1882 2662 162 21 FRIDAY,
2067 2662 93 21 JUNE
2183 2662 69 21 11,
2275 2662 116 21 1897.

1982 2760 144 43 Current
2156 2760 137 52 Topics.

1861 2836 42 29 On
1919 2838 46 27 the
1983 2837 61 28 15t.1i
2056 2833 141 41 February
2217 2837 53 28 last
2284 2847 39 18 we
2336 2837 75 29 drew

2100 2877 136 30 attention
2282 2882 28 24 to
2357 2878 54 28 this

1899 2925 75 20 {■now
1985 2925 76 19 poles
2101 2918 115 36 subject,
2237 2922 28 22 at
2278 2918 47 27 the
2338 2928 73 17 same

1953 2966 56 21 and
2030 2977 16 10 w
2101 2957 66 30 time
2218 2956 98 41 noting
2366 2957 45 30 the

1872 3008 119 19 shklteis
2101 2998 135 36 necessity
2274 2999 43 28 for
2364 3000 47 27 the

2101 3038 160 29 authorities
2284 3041 28 26 to
2333 3048 36 28 go
2382 3041 29 26 to

1861 3078 47 29 the
1927 3078 213 39 comparatively
2162 3078 106 39 trifling;
2291 3088 120 29 expense

1861 3119 29 28 of
1903 3119 167 37 re-erecting
2087 3119 53 28 and
2161 3120 182 37 maintaining
2366 3119 45 28 the

1861 3170 75 17 snow
1957 3159 76 39 poles
2053 3159 54 28 and
2130 3162 86 25 storm
2239 3159 113 37 refuges
2376 3170 34 17 on

1862 3200 46 29 the
1930 3200 92 29 tracks
2048 3200 124 38 crossing
2199 3200 47 29 the
2269 3200 53 29 Old
2345 3200 65 29 Man

1861 3240 105 40 Range.
2006 3241 75 29 Most
2119 3240 207 40 unfortunately
2361 3252 50 18 our

1860 3281 123 28 remarks
2020 3292 34 17 on
2087 3281 61 28 that
2185 3281 125 29 occasion
2341 3281 70 29 have

1860 3321 124 29 received
2010 3321 112 29 terrible
2145 3321 137 37 emphasis
2303 3321 37 39 by
2363 3321 47 30 the

1861 3367 92 24 recent
1966 3361 117 40 fatality,
2098 3362 127 39 whereby
2239 3361 75 30 Wm.
2328 3361 80 30 Gunn

1861 3403 52 27 lost
1927 3403 40 26 his
1982 3403 54 28 life.
2079 3403 44 28 He
2137 3414 54 17 was
2214 3403 126 38 crossing
2362 3403 47 28 the

1861 3454 83 27 range
1957 3443 75 35 (with
2047 3443 73 29 what
2133 3454 73 18 some
2220 3443 69 30 have
2301 3444 106 28 termed

1861 3483 59 28 rash
1935 3484 52 28 and
2003 3484 153 29 ill-advised
2178 3483 158 33 hardihood,
2358 3485 50 28 bnt

1860 3524 60 28 that
1940 3525 21 28 is
1976 3525 93 30 beside
2092 3525 45 28 the
2160 3525 147 38 question),
2329 3525 77 29 when

1860 3564 33 29 he
1903 3575 53 17 was
1965 3566 102 37 caught
2076 3565 25 28 in
2113 3577 14 16 a
2138 3565 87 38 heavy
2235 3569 171 30 snowstorm,

1858 3605 54 27 and
1926 3605 19 27 it
1962 3606 46 26 has
2023 3617 57 16 now
2095 3607 65 26 been
2183 3606 84 27 found
2288 3607 59 26 that
2369 3607 35 26 all

1859 3645 45 28 the
1917 3645 108 29 articles
2049 3645 150 38 belonging
2217 3650 27 24 to
2266 3645 55 30 him
2337 3657 69 19 were

1858 3686 157 27 discovered
2027 3688 92 26 within
2133 3698 14 15 a
2157 3692 111 31 quarter
2279 3688 28 26 of
2315 3698 16 16 a
2343 3687 62 28 mile

1858 3725 28 27 of
1901 3725 71 27 what
1985 3726 22 26 is
2022 3726 98 28 known
2131 3737 28 17 as
2171 3727 46 27 the
2230 3726 95 37 Upper
2335 3727 67 28 shed

1856 3765 85 28 wnthe
1968 3766 155 38 Campbells
2137 3766 87 29 track.
2267 3767 24 27 It
2305 3770 99 25 cannot

1860 3807 91 26 beasse
1966 3807 57 27 rted
2040 3807 59 28 that
2120 3807 32 27 he
2167 3816 53 18 was
2241 3807 61 28 able
2324 3811 28 24 to
2374 3817 30 18 or

1856 3845 46 29 did
1917 3847 77 27 reach
2011 3847 45 28 the
2070 3847 77 34 shed,
2162 3848 47 27 but
2222 3847 45 28 did
2281 3847 33 28 he
2328 3848 34 27 do
2374 3859 29 16 so

1857 3887 20 27 it
1910 3887 87 27 would
2020 3892 45 23 not
2098 3887 68 28 have
2197 3887 121 28 afforded
2346 3888 54 27 him

1857 3927 133 29 sufficient
2005 3928 149 39 protection
2171 3931 27 25 to
2218 3938 63 18 save
2302 3928 40 28 his
2357 3928 45 29 life

1858 3969 89 27 When
1962 3969 45 27 the
2022 3969 154 33 dangerous
2190 3973 98 23 nature
2304 3970 30 26 of
2357 3969 46 27 the

1856 4007 92 28 tracks
1962 4019 89 16 across
2066 4009 46 26 the
2126 4007 51 28 Old
2194 4007 62 28 Man
2274 4008 95 37 Range
2381 4008 21 28 is

1856 4049 169 31 considered,
2039 4049 52 27 and
2107 4048 47 27 sad
2176 4052 27 22 to
2227 4058 45 27 say
2288 4049 46 26 the
2349 4049 55 27 fact

1858 4089 47 27 has
1920 4089 67 28 been
2002 4089 116 28 attested
2133 4089 35 37 by
2180 4089 45 27 the
2238 4088 52 27 loss
2300 4089 28 27 of
2338 4099 64 26 very

1858 4139 80 28 many
1953 4129 75 35 lives,
2042 4129 54 28 and
2120 4129 57 27 also
2200 4129 46 27 tho
2265 4129 55 28 fact,
2344 4129 59 27 that

1856 4180 16 17 a
1892 4170 117 28 number
2028 4170 29 28 of
2082 4179 59 18 men
2167 4179 47 18 are
2239 4169 110 36 obliged
2377 4175 27 22 to

1856 4221 150 17 erosseven
2018 4211 24 27 in
2055 4211 44 27 the
2112 4210 95 27 winter
2218 4219 105 24 season,
2338 4209 63 28 then

1857 4250 46 27 the
1917 4250 88 38 paltry
2020 4259 132 29 expenses
2171 4250 28 27 of
2212 4249 119 37 keeping
2356 4249 45 28 the

1857 4290 102 28 shelter
1968 4291 80 28 sheds
2057 4291 52 27 and
2121 4300 73 17 snow
2206 4289 73 38 poles
2289 4300 24 17 in
2324 4289 80 29 order

1856 4331 21 27 is
1888 4338 49 21 not
1949 4332 104 27 worthv
2068 4333 29 25 of
2109 4344 13 14 a
2147 4330 99 28 second
2274 4330 128 36 thought.

1858 4371 83 28 What
1955 4372 21 27 is
1999 4372 128 35 urgently
2150 4370 122 38 required
2300 4370 22 27 is
2344 4371 58 26 that

1856 4412 45 27 the
1917 4412 94 28 Lower
2024 4413 51 27 and
2093 4412 94 37 Upper
2201 4411 80 28 sheds
2301 4420 33 16 on
2356 4410 46 27 the

1856 4452 155 37 Campbells
2027 4452 75 28 track
2117 4451 97 28 should
2238 4451 32 28 be
2297 4456 51 31 put
2371 4450 24 28 in

1854 4503 99 27 proper
1969 4492 89 37 repair
2070 4503 29 17 as
2122 4502 65 16 soon
2211 4502 28 16 as
2263 4490 120 37 possible
2394 4502 7 23 ;

1853 4533 52 31 am)
1939 4533 116 29 further,
2088 4532 59 27 that
2181 4531 45 27 the
2252 4530 151 38 snowpoles

1854 4573 97 29 should
1983 4574 33 28 be
2042 4572 108 29 erected
2176 4572 53 27 and
2256 4571 145 27 continued

1854 4620 61 31 past
1929 4614 64 28 both
2009 4614 91 32 sheds,
2115 4623 33 15 on
2165 4618 27 20 to
2213 4612 108 26 Potters
2344 4612 53 26 and

1855 4654 165 37 Campbells,
2035 4652 52 28 and
2103 4652 57 27 also
2176 4659 26 18 to
2216 4652 46 26 the
2279 4650 125 28 Waikaia

1854 4694 141 28 Junction.
2039 4694 50 26 We
2103 4692 165 30 understand
2285 4692 59 27 that
2359 4692 44 27 the

1855 4733 91 34 Gorge
1959 4732 86 28 Creek
2056 4743 31 16 or
2098 4732 50 27 Old
2161 4731 241 27 .Alexandratrack

1855 4773 21 27 is
1889 4783 64 28 very
1961 4772 69 29 little
2040 4771 63 29 used
2117 4781 100 23 now,so
2229 4771 75 29 there
2315 4771 87 29 would

1854 4819 46 20 not
1917 4814 32 26 be
1964 4824 51 18 any
2031 4812 133 35 necessity
2186 4819 27 18 to
2225 4812 116 27 re-build
2359 4813 45 27 the

1854 4852 38 28 sin
1904 4852 62 28 don
1983 4853 59 27 that
2066 4851 86 29 track.
2194 4854 20 24 A
2238 4852 114 37 petition
2376 4856 28 24 to

1855 4893 45 27 the
1927 4892 127 39 Tuapeka
2082 4892 108 36 County
2227 4892 122 35 Council,
2375 4897 28 25 to

1855 4943 62 21 <_nve
1932 4934 81 27 effect
2028 4940 26 20 to
2081 4932 45 28 the
2155 4931 89 28 works
2270 4943 39 18 we
2336 4934 68 28 have

1856 4973 153 27 mentioned
2026 4973 31 33 is,
2070 4983 38 16 we
2118 4971 112 33 believe,
2241 4982 59 17 now
2312 4972 26 28 in
2353 4974 38 27 cir-

1854 5012 129 34 culation,
1997 5012 54 28 and
2068 5023 37 17 we
2125 5016 72 23 trust
2220 5012 45 28 the
2293 5012 110 29 Council

1854 5054 51 27 will
1917 5063 44 18 see
1974 5054 70 26 their
2054 5063 56 25 way
2121 5057 26 20 to
2161 5051 85 37 doing
2257 5064 29 15 so
2300 5063 28 17 ms
2338 5064 65 18 soon

1853 5106 29 17 as
1898 5093 126 40 possible,
2037 5104 30 19 so
2087 5093 61 29 that
2159 5097 27 23 at
2199 5093 33 28 all
2250 5098 104 31 events,
2377 5105 28 17 as

1854 5134 158 30 reasonable
2032 5133 135 40 provision
2195 5145 59 27 may
2269 5134 33 28 be
2326 5134 78 28 made

1853 5176 109 31 against
1972 5175 52 27 loss
2034 5177 28 25 of
2072 5175 47 28 life
2129 5183 32 17 on
2175 5174 45 28 the
2231 5174 173 29 treacherous

1854 5216 51 28 Old
1921 5216 64 27 Man
2000 5215 106 33 Hange.

1852 5292 32 28 In
1900 5292 75 28 tlie.se
1988 5290 213 39 ultra-practical
2216 5289 89 35 times,
2323 5290 79 28 when

2109 5341 82 26 every
2236 5330 104 39 project
2381 5331 21 27 is

1851 5381 122 21 diamond
1984 5380 107 20 JDBII.EE
2110 5370 159 30 considered
2333 5370 69 29 from

1888 5420 190 21 proceedings,
2110 5412 47 26 the
2168 5410 78 37 point
2257 5410 29 26 of
2295 5411 68 27 view
2375 5412 27 26 of

2113 5449 109 36 general
2238 5449 100 35 utilitv,
2349 5450 53 28 and

1850 5497 47 28 the
1919 5492 136 40 question,
2082 5491 64 27 Will
2173 5490 22 27 it
2220 5499 52 29 pay
2284 5489 11 29 ?
2315 5489 87 30 looms

1850 5535 104 36 largely
1966 5534 25 26 in
2004 5543 53 26 any
2071 5532 111 28 scheme
2182 5530 83 28 —the
2278 5530 107 28 enthusi-

1850 5586 55 19 asm
1922 5573 86 28 which
2023 5572 138 38 prevailed
2176 5576 27 22 at
2217 5570 46 27 the
2278 5570 122 39 meeting

1850 5614 85 33 called
1953 5614 36 37 by
2014 5614 47 28 the
2087 5612 97 37 Mayor
2209 5621 34 18 011
2271 5610 127 39 Tuesday

1849 5656 119 37 evening
1983 5664 54 17 was
2050 5653 129 37 cheering
2199 5660 28 21 to
2248 5661 54 19 see.
2342 5651 57 29 The

1848 5696 123 36 meeting
1983 5704 53 18 was
2056 5693 62 29 held
2138 5701 27 20 to
2185 5691 126 30 consider
2335 5691 59 28 how

1850 5748 40 17 we
1923 5734 79 31 could
2028 5729 62 34 bes{
2110 5732 161 40 participate
2296 5742 26 17 111
2349 5731 47 29 the

1844 5776 112 40 general
1985 5774 131 39 rejoicing
2146 5775 29 27 of
2206 5774 45 28 the
2291 5772 102 28 British

2433 198 112 39 Empire
2559 208 35 18 on
2608 198 46 28 the
2679 198 75 28 22nd
2775 197 29 28 of
2823 196 82 34 June,
2931 195 54 28 and

2432 239 71 29 from
2518 240 48 27 fche
2578 248 84 18 warm
2675 238 115 28 interest
2799 236 54 29 and
2863 235 107 30 enthusi-

2433 290 58 18 asm
2506 280 152 37 displayed,
2675 289 50 19 our
2738 278 68 29 local
2820 276 166 30 celebration

2434 320 30 28 of
2488 320 47 27 the
2555 323 80 31 great
2670 322 83 25 event
2778 316 99 30 should
2904 325 84 28 prov.e

2435 369 67 27 very
2516 358 151 30 successful
2689 357 110 30 indeed.
2842 358 27 27 It
2890 356 24 28 is
2941 359 36 25 not-

2437 409 146 28 necessary
2596 399 44 28 for
2653 409 31 18 us
2698 402 28 26 to
2735 400 94 36 repeat
2841 397 48 28 the
2909 396 64 28 time-

2436 450 85 25 worn,
2533 440 43 29 oft
2586 440 128 37 repeated
2726 441 111 27 truisms
2846 438 85 28 about
2942 437 47 28 the

2437 483 151 34 greatness,
2611 480 124 32 wisdom,
2761 490 30 18 or
2816 478 173 29 beneficence

2437 520 30 29 of
2479 520 47 29 the
2540 520 118 36 Queen's
2678 520 88 38 reign.
2806 520 58 28 The
2887 518 102 37 unique

2437 561 124 29 freedom
2571 561 118 39 enjoyed
2703 562 88 29 under
2815 561 45 28 fche
2883 559 106 30 British

2437 602 181 29 constitution
2641 603 27 28 in
2691 613 82 28 every
2796 606 62 34 part
2879 601 26 28 of
2931 600 60 29 Her

2439 642 144 40 Majesty's
2597 643 164 36 dominions,
2771 642 53 30 and
2835 642 46 29 the
2892 645 98 37 strong

2438 683 105 37 feeling
2555 685 30 27 of
2598 684 112 38 kinship
2731 685 88 27 which
2837 684 86 27 exists
2943 683 32 27 be-

2439 727 87 26 tween
2540 724 49 29 her
2611 724 104 29 distant
2735 725 118 28 colonies
2876 723 54 29 and
2943 723 48 28 the

2440 763 110 30 Mother
2576 763 125 38 Country
2731 765 23 28 is
2780 765 48 28 the
2851 767 140 33 strongest

2439 804 157 38 testimony.
2637 805 99 29 Suffice
2762 805 21 29 it
2809 809 29 25 to
2862 815 57 27 say,
2944 804 48 29 the

2441 845 72 28 22nd
2540 845 52 28 will
2615 856 45 19 see
2682 856 16 18 a
2722 845 218 30 demonstration
2964 845 28 28 of

2439 885 104 40 loyalty
2555 889 28 26 to
2599 885 96 30 Crown
2705 887 53 28 and
2774 885 178 31 constitution
2963 885 27 29 in

2439 937 83 28 every
2553 927 105 29 British
2683 928 154 38 possession
2864 927 54 29 and
2945 927 31 28 de-

2440 967 143 39 pendency
2594 968 183 37 unparalleled
2787 969 26 28 in
2825 968 46 29 the
2881 968 111 29 world's

2440 1008 114 37 history.
2595 1008 147 30 Elaborate
2787 1009 124 29 schemes
2950 1009 43 29 for

2436 1049 111 39 joining
2559 1050 29 29 in
2601 1050 47 28 tlie
2662 1050 180 29 celebrations
2863 1061 68 17 were
2945 1054 49 24 not

2441 1094 27 24 to
2480 1089 34 29 be
2535 1090 134 39 expected
2686 1090 28 28 in
2740 1090 115 28 isolated
2875 1094 117 30 centres,

2441 1131 50 28 but
2504 1131 22 28 it
2535 1131 23 29 is
2578 1131 85 38 right,
2686 1141 29 18 as
2738 1142 52 18 one
2813 1131 117 38 speaker
2952 1141 28 17 re-

2441 1171 113 30 marked
2568 1176 29 25 at
2610 1172 46 29 the
2671 1172 121 39 meeting
2806 1182 35 18 on
2856 1171 137 37 Tuesday,

2470 1212 60 28 that
2555 1212 47 29 the
2629 1217 79 28 great
2729 1216 83 25 event
2834 1211 99 28 should
2960 1212 34 28 be

2440 1252 180 38 perpetuated
2642 1254 27 26 in
2693 1252 47 28 the
2766 1252 90 28 minds
2893 1251 30 28 of
2948 1252 47 28 the

2439 1302 127 27 younger
2843 1291 66 28 This
2949 1291 46 28 the

2440 1331 68 27 local
2521 1331 158 29 committee
2693 1331 54 27 will
2759 1341 47 17 use
2820 1341 83 27 every
2917 1342 64 16 exer-

2440 1370 57 29 tion
2511 1373 29 25 to
2554 1371 34 28 do
2608 1370 67 28 with
2690 1370 48 28 the
2761 1380 93 18 means
2875 1375 31 23 at
2926 1371 71 27 their

2440 1411 129 39 disposal,
2582 1411 52 29 and
2649 1411 47 29 the
2709 1411 97 37 Mayor
2816 1411 55 29 and
2882 1411 112 29 Council

2439 1462 45 18 are
2494 1456 28 24 to
2531 1453 35 27 be
2574 1451 210 38 congratulated
2791 1462 34 16 on
2837 1452 46 27 the
2896 1452 97 37 hearty

2440 1501 130 28 response
2584 1495 29 24 to
2627 1491 72 27 their
2710 1491 94 27 efforts
2816 1494 28 24 to
2858 1491 80 29 make
2948 1502 49 18 our

2440 1531 70 30 local
2522 1531 168 31 celebration
2702 1541 34 18 an
2751 1531 136 39 adequate
2898 1532 61 29 unit
2969 1532 27 29 in

2441 1573 46 28 the
2498 1572 86 30 world
2597 1572 71 28 wide
2681 1571 142 37 rejoicing.

2466 1652 44 21 The
2524 1651 80 21 rainfall
2620 1651 31 21 far
2661 1650 35 22 the
2705 1651 71 20 month
2787 1651 21 19 of
2818 1651 54 26 May,
2884 1651 110 24 registered

2442 1680 26 25 by
2479 1681 29 19 Dr
2518 1679 82 25 Mullin,
2611 1679 111 20 amounted
2739 1681 21 17 to
2776 1679 44 20 2'44
2835 1680 76 20 inches.
2940 1680 54 20 Rain

2441 1707 36 21 fell
2493 1714 26 14 on
2533 1709 35 18 ten
2581 1706 56 26 days.

2467 1746 43 21 The
2520 1745 102 21 Diamond
2634 1745 83 21 Jubilee
2726 1745 118 21 committee
2858 1745 40 20 last.
2912 1745 86 26 evening

2442 1773 93 23 resolved
2545 1775 22 19 to
2578 1773 48 23 hold
2635 1781 11 13 a
2656 1773 64 21 dance
2736 1773 53 21 after
2802 1773 36 21 the
2853 1773 103 22 fireworks
2973 1782 25 14 on

2444 1802 37 21 the
2492 1801 53 22 22nd
2555 1801 65 26 June,
2630 1801 109 21 admission
2749 1801 60 26 being
2815 1802 27 20 Is.

2467 1840 44 22 The
2530 1840 95 27 monthly
2639 1841 89 23 meeting
2749 1840 22 20 of
2789 1839 36 22 the
2844 1841 151 21 Horticultural

2442 1869 81 26 Society
2547 1869 65 20 which
2632 1875 40 13 was
2694 1871 21 17 to
2737 1867 53 22 have
2811 1869 61 20 taken
2893 1869 57 24 place
2968 1876 26 14 011

2442 1896 91 27 Monday
2550 1896 86 26 evening
2654 1895 70 21 stands
2740 1896 112 26 adjourned
2872 1897 32 19 till
2916 1897 35 20 the
2961 1897 36 20 sth

2442 1930 58 21 prox.

2468 1963 32 21 Mr
2510 1962 23 22 C.
2543 1962 23 22 J.
2577 1962 94 24 Coombs,
2682 1969 84 16 surgeon
2784 1962 85 23 dentist,
2879 1970 116 13 announces

2442 1991 111 20 elsewhere
2564 1990 45 21 that
2619 1990 25 20 he
2652 1990 41 20 will
2701 1989 25 21 be
2734 1991 18 20 in
2762 1990 112 23 Roxburgh
2881 1998 25 13 ou
2916 1991 81 26 Friday,

2442 2018 49 21 18th
2511 2018 58 26 inst.,
2584 2018 39 21 and
2636 2025 46 14 inav
2703 2018 22 21 bt
2745 2018 108 20 consulted
2870 2021 23 17 at
2912 2018 86 21 Heron's

2443 2045 69 21 Hotel.

2468 2084 21 21 It
2507 2084 17 21 i«
2542 2090 49 21 very
2610 2083 97 27 probable
2726 2083 36 21 the
2783 2083 50 21 locil
2849 2083 84 21 football
2950 2083 48 22 club

2443 2112 41 22 will
2494 2112 25 22 be
2527 2111 46 23 able
2582 2114 22 19 to
2613 2119 83 19 arrange
2703 2119 12 14 a
2726 2111 12 11 ''
2750 2112 76 21 fixture
2835 2111 11 12 ''
2855 2111 31 22 for
2895 2112 34 21 the
2936 2112 61 23 22nd.

2442 2141 43 22 The
2507 2143 102 25 secretary
2632 2142 17 20 is
2671 2141 151 22 endeavouring
2841 2142 21 19 to
2881 2148 85 18 arrange
2987 2150 11 13 a

2443 2168 76 26 match,
2536 2169 38 18 but
2587 2169 17 19 it
2619 2168 16 20 is
2646 2170 36 18 not
2691 2175 21 12 a*
2724 2171 34 21 yet
2768 2168 74 20 certain
2855 2168 66 20 wh;ch
2932 2169 21 19 of
2964 2169 34 20 the

2443 2194 145 26 neighbouring
2597 2194 57 21 clulw
2665 2195 39 20 will
2715 2195 47 19 visit
2775 2201 31 14 us.

2467 2234 45 21 The
2551 2234 97 27 Tuapeka
2771 2234 19 21 in
2811 2233 35 21 the
2863 2241 70 14 course
2950 2234 23 21 of
2988 2242 10 13 .i

2443 2262 86 26 lengthy
2538 2262 75 26 leader,
2623 2262 107 20 advocates
2740 2262 35 20 the
2785 2262 155 21 establishment
2950 2262 21 20 of
2981 2271 11 12 a

2444 2289 14 11 **
2466 2290 116 26 nightgown
2592 2289 51 22 fund
2677 2290 32 20 for
2717 2289 101 21 destitute
2828 2290 90 26 patients
2928 2290 19 20 in
2959 2290 36 21 the

2442 2317 98 26 Tuapeka
2561 2317 94 25 Hospital
2674 2325 21 12 ns
2714 2325 10 12 a
2744 2317 68 25 fitting
2832 2317 78 21 Record
2933 2318 64 26 Reigu

2444 2345 111 21 memorial.
2582 2340 44 25 The
2635 2345 44 20 idea
2690 2345 16 20 is
2716 2345 104 20 immense.

2468 2384 30 21 At
2512 2391 12 14 a
2537 2383 88 27 meeting
2642 2383 22 21 of
2682 2383 36 22 the
2738 2383 83 26 English
2836 2382 83 23 Church
2939 2384 44 21 Com-

2443 2412 79 26 mittee,
2533 2412 47 21 held
2596 2412 53 20 after
2667 2412 75 20 service
2759 2419 25 13 on
2805 2412 83 26 Sunday
2903 2413 94 25 evening,

2442 2439 18 21 it
2466 2446 39 13 was
2514 2435 84 25 decided
2609 2443 21 17 to
2640 2439 47 20 hold
2697 2439 73 26 special
2780 2439 85 20 services
2875 2447 26 13 on
2911 2440 20 20 R
2943 2440 49 21 cord

2444 2467 63 26 Reign
2520 2467 44 25 Day
2576 2468 22 18 to
2611 2471 158 16 commemorate
2784 2466 36 20 the
2830 2469 68 19 event-.
2928 2468 14 19 A
2957 2467 39 21 full

2442 2496 164 20 announcement
2614 2494 21 22 of
2645 2494 35 22 the
2689 2494 86 22 services
2794 2493 40 22 will
2850 2501 76 21 appear
2945 2499 51 17 next

2442 2521 59 21 issue.

2470 2559 36 22 We
2515 2567 34 14 are
2559 2559 47 27 glad
2616 2562 21 18 to
2646 2559 25 22 be
2680 2559 45 21 able
2733 2563 21 17 to
2769 2560 113 22 contradict
2892 2568 10 13 a
2912 2563 77 24 report,

2444 2587 65 21 which
2520 2595 40 13 was
2569 2588 123 25 mistakenly
2702 2587 117 23 circulated,
2839 2591 23 17 to
2880 2589 35 19 the
2932 2590 33 20 eff.
2972 2593 21 16 ct

2444 2615 47 20 that
2508 2615 42 21 Mrs
2569 2615 68 24 Poole,
2658 2615 45 20 wife
2719 2615 22 19 of
2759 2615 109 20 Constable
2884 2616 67 26 Poole,
2973 2617 21 19 of

2444 2642 123 27 Kaitangata
2581 2642 106 27 (formerly
2705 2642 22 21 of
2743 2642 120 25 Roxburgh)
2881 2643 39 21 had
2938 2644 54 22 died.

2443 2670 43 21 The
2505 2672 68 24 leport
2592 2670 97 27 pioh;.b'y
2707 2671 111 24 originated
2842 2671 89 24 through
2955 2673 35 19 the

2442 2697 70 27 death,
2522 2698 66 21 which
2599 2699 35 19 lias
2643 2698 102 22 occurred,
2754 2699 22 20 of
2782 2698 85 21 another
2880 2699 41 21 Airs
2934 2700 60 20 Poole

2443 2726 21 20 in
2474 2726 35 20 the
2518 2732 55 14 same
2584 2726 171 24 neighbourhood.

2467 2763 44 21 The
2520 2763 59 21 Brass
2590 2763 55 21 Band
2655 2763 40 21 will
2710 2763 73 26 parade
2795 2765 21 19 at
2827 2763 36 21 the
2874 2765 47 20 Post
2931 2765 63 21 Office

2442 2798 70 15 corner
2522 2798 25 15 on
2559 2791 101 26 Saturday
2671 2792 93 26 evening,
2782 2794 22 18 at
2825 2791 11 22 8
2852 2792 83 27 o'clock,
2954 2793 39 21 and

2442 2819 42 21 will
2503 2819 47 26 play
2569 2820 36 20 the
2622 2820 102 20 fnllowiut'
2744 2827 129 18 programme
2916 2822 76 25 March,

2620 2848 68 19 marc'i
2898 2853 94 16 overture

2530 2874 53 22 mdd
2613 2874 21 21 <f
2764 2875 68 20 March

2439 2902 100 26 quxdrille

2439 2929 39 20 and
2488 2928 87 21 fantasia
2609 2928 90 26 M«jent:i

2465 2968 35 23 An
2521 2967 109 23 occasional
2647 2968 166 28 correspondent.,
2836 2968 81 28 writing
2940 2970 52 21 from

2441 2998 76 19 Millers
2531 2997 47 20 Flat
2592 2996 58 24 says:
2656 2997 63 19 —The
2737 2996 65 20 schoo'
2818 2998 122 19 attendance
2959 2998 27 19 foi

2439 3024 36 19 the
2492 3027 46 20 past
2556 3023 72 20 month
2646 3023 36 20 has
2696 3022 50 21 been
2766 3023 71 25 higher
2853 3024 49 19 than
2917 3026 23 17 at
2953 3030 39 20 any

2441 3050 48 21 time
2500 3050 123 26 previously.
2651 3050 44 21 The
2709 3057 84 19 average
2805 3057 39 14 was
2862 3050 25 21 80
2902 3051 38 20 and
2957 3050 35 21 the

2440 3077 88 22 number
2540 3085 25 14 on
2583 3078 37 21 the
2635 3078 37 20 roll
2694 3072 114 27 102.—the
2823 3080 83 24 present
2924 3078 67 21 school

2439 3106 118 21 committee
2566 3112 34 14 are
2619 3106 82 25 making
2723 3108 56 23 great
2797 3106 159 26 improvements
2971 3106 20 21 in

2441 3134 34 19 the
2485 3140 124 18 appearance
2620 3134 21 19 of
2650 3133 35 20 the
2693 3132 67 21 school
2768 3134 95 24 grounds.
2891 3134 100 25 Upwards

2439 3161 21 20 of
2469 3161 38 20 100
2515 3163 54 18 trees
2578 3160 52 21 have
2641 3159 51 22 been
2712 3160 82 26 planted
2812 3160 41 21 this
2863 3167 77 15 season.

2468 3200 32 21 Mr
2519 3200 94 24 Perham,
2628 3200 36 21 the
2682 3199 141 22 Government
2839 3200 101 26 Engineer
2947 3201 43 20 who

2439 3228 36 21 has
2486 3229 49 19 been
2545 3229 82 25 visiting
2649 3228 35 20 the
2702 3228 82 20 Central
2795 3228 66 26 Otago
2871 3229 118 26 Goldfields,

2441 3255 49 22 with
2508 3256 35 20 the
2553 3255 68 26 object
2639 3255 22 21 of
2677 3255 103 26 reporting
2797 3262 25 14 ou
2838 3255 49 21 sites
2905 3256 85 21 suitable

2439 3283 31 21 for
2489 3287 63 17 water
2569 3282 148 26 conservation,
2728 3283 77 21 arrived
2817 3283 20 21 in
2846 3283 112 26 Roxburgh
2964 3290 25 14 on

2439 3311 129 24 Wednesday
2596 3310 93 21 eveninz.
2717 3310 21 20 It
2761 3310 16 19 is
2796 3310 31 20 his
2842 3310 101 20 intention
2966 3313 21 17 to

2437 3338 48 20 visit
2506 3338 36 20 the
2552 3337 77 21 Dismal
2647 3337 81 25 Swamp
2743 3337 59 21 while
2818 3338 19 20 in
2851 3337 35 21 the
2896 3337 89 26 district,

2438 3366 53 21 after
2516 3366 66 21 whieh
2602 3366 25 20 he
2647 3365 41 21 will
2707 3369 69 22 report
2799 3365 85 21 thereon
2903 3368 21 19 to
2953 3367 36 20 the

2439 3394 92 19 Minister
2540 3393 31 20 for
2583 3393 70 20 Mines.

2461 3433 43 21 The
2512 3435 85 19 amount
2606 3432 21 21 of
2641 3439 73 19 money
2723 3432 85 26 payable
2819 3435 21 17 to
2849 3432 49 21 local
2916 3432 69 22 bodies

2435 3462 32 21 for
2478 3461 83 21 licenses
2576 3461 18 20 in
2606 3460 35 21 the
2655 3459 96 26 Tuapeka
2769 3460 96 24 licensing
2876 3460 79 21 district
2965 3468 20 13 as

2435 3490 36 20 the
2498 3488 63 21 result
2583 3488 21 20 of
2626 3488 39 20 last,
2689 3487 77 22 annual
2789 3488 88 23 meeting
2906 3488 22 20 of
2952 3488 33 21 the

2435 3519 116 19 comnuttet
2559 3516 16 20 is
2582 3516 73 25 £1,355
2666 3515 38 21 IDs.
2729 3517 17 20 A
2754 3515 56 21 subst
2817 3516 59 19 intial
2882 3516 90 20 contribu-

2435 3546 43 19 tion
2488 3544 56 24 truly
2554 3546 21 17 to
2583 3544 35 19 tho
2629 3551 12 12 c
2648 3543 74 20 niiHv's
2733 3544 49 19 total
2799 3550 87 13 revenue
2904 3544 31 19 for
2952 3544 33 19 the

2434 3570 120 28 year.—We
2565 3578 43 18 maj
2622 3570 77 21 remind
2707 3570 26 21 ho
2744 3570 104 26 elk-epers
2858 3570 45 20 that,
2912 3571 73 20 licence

2435 3600 40 19 fees
2496 3602 55 17 must
2569 3599 24 19 lie
2609 3599 45 25 paid
2674 3598 23 26 «»n
2715 3607 22 10 or
2749 3598 67 19 befoie
2826 3598 34 19 the
2872 3598 46 20 loth
2929 3599 56 24 iust..,

2435 3626 107 21 otherwise
2552 3625 35 20 the
2595 3625 74 20 license
2679 3625 16 20 is
2705 3625 59 20 liable
2775 3627 20 18 to
2805 3624 63 26 1-tpse.

2460 3666 32 21 On
2509 3664 93 23 Tuesday
2618 3664 106 21 afternoon
2745 3664 35 21 the
2797 3664 54 26 body
2868 3664 21 21 of
2909 3664 76 21 Robert

2434 3694 97 20 Falconer
2542 3693 53 23 (who
2611 3699 39 12 was
2669 3692 95 19 drowned
2777 3692 38 19 las*,
2827 3692 53 19 week
2898 3695 21 16 at
2932 3692 39 19 Low-

2435 3721 59 23 burn)
2524 3726 39 13 was
2590 3719 63 20 tound
2670 3719 18 20 in
2710 3720 35 18 the
2768 3718 106 21 Knvarui.
2903 3719 20 20 It
2943 3725 39 13 was

2434 3747 115 21 discovered
2559 3746 74 21 almost
2642 3745 128 22 undern-a'.h
2782 3746 34 19 the
2826 3746 79 23 dredge,
2917 3746 65 20 where

2434 3774 25 21 he
2477 3782 39 13 was
2527 3774 90 25 working
2632 3777 22 16 at
2664 3773 35 20 the
2710 3774 56 24 time,
2781 3773 37 20 and
2832 3774 35 19 the
2884 3773 70 26 t>rv
2969 3774 16 19 i<

2434 3802 46 21 that
2490 3802 25 20 he
2530 3801 137 21 wass'unned
2685 3801 121 25 hvstiikii.g
2820 3807 56 14 some
2889 3802 32 26 obj
2936 3805 49 16 ctor

2434 3837 39 13 was
2500 3828 99 22 rendered
2617 3828 101 25 suddenly
2746 3828 94 21 unconsci
2855 3835 22 14 us
2902 3829 23 22 by
2952 3829 33 19 the

2432 3857 113 26 extremely
2564 3857 44 19 cold
2625 3861 67 19 water,
2712 3857 40 19 and
2771 3856 35 20 tht,
2817 3856 51 25 body
2879 3856 32 26 lay
2928 3856 57 20 there

2432 3885 31 20 till
2473 3883 87 25 dragged
2569 3885 45 19 out.

2458 3920 61 21 Much
2528 3919 109 22 discussion
2656 3918 36 21 has
2764 3918 73 21 caused
2849 3921 94 21 amongst,
2950 3918 34 21 fhe

2431 3949 74 20 miners
2514 3948 21 21 of
2546 3948 35 21 the
2595 3947 72 27 Upper
2679 3946 88 23 W.tikau
2785 3948 24 24 by
2820 3955 23 12 an
2861 3946 118 26 impression

2431 3977 46 18 that
2486 3976 36 19 has
2532 3979 34 22 got
2575 3975 75 20 abroad
2660 3980 92 16 among*',
2762 3974 56 20 them
2829 3981 33 13 rec
2869 3977 49 21 fitly
2940 3975 44 20 t.hit

2432 4003 48 25 they
2499 4009 34 13 are
2564 4002 78 23 obliged
2672 4005 20 16 to
2717 4001 46 20 take
2780 4002 53 19 their
2853 4002 131 24 application*

2432 4033 21 16 to
2468 4030 35 20 the
2516 4029 90 21 Waikaia
2621 4030 71 20 Court.
2723 4029 81 20 Several
2825 4029 19 20 of
2856 4031 54 18 them
2924 4028 60 26 lately

2432 4057 50 19 have
2501 4057 53 20 done
2572 4064 22 12 so
2611 4062 22 14 at
2643 4057 60 19 much
2715 4057 157 19 inconvenience
2882 4060 22 15 to
2919 4057 52 18 them-

2432 4085 71 25 selves,
2519 4084 64 20 under
2601 4084 35 20 the
2647 4084 43 20 idea
2712 4084 45 20 that,
2773 4085 49 19 tlicv
2841 4090 50 14 were
2905 4083 79 26 ob'iged

2432 4113 29 19 to.
2489 4114 18 18 A
2519 4111 92 21 Waikaia
2622 4112 62 20 miner
2696 4112 67 19 writes
2775 4116 19 15 to
2804 4112 35 19 ask
2852 4115 13 16 if
2875 4111 44 20 that
2930 4112 15 19 is
2956 4119 28 18 so,

2434 4139 37 20 We
2481 4146 33 12 are
2524 4141 37 18 not
2569 4146 65 14 aware
2646 4139 45 19 tint
2703 4140 56 18 there
2768 4139 14 19 i<
2793 4145 39 18 any
2844 4139 48 19 such
2911 4138 62 27 ob'igi-

2432 4167 42 19 tion
2498 4166 94 25 existing,
2616 4167 40 18 and
2675 4167 16 18 it
2721 4166 66 19 would
2808 4166 105 19 doubtless
2933 4167 23 16 be
2973 4173 9 11 a

2432 4193 83 20 distinct
2529 4193 97 24 hardship
2641 4198 21 14 to
2685 4193 64 24 thos«,
2764 4200 43 18 «iv,
2818 4197 21 15 at
2850 4193 40 19 this
2909 4193 41 19 side
2961 4193 21 19 of

2435 4221 90 20 Vernons
2535 4220 16 20 if
2558 4220 48 25 they
2617 4226 52 13 were
2680 4219 79 24 obliged
2771 4224 21 14 to
2802 4228 24 10 eo
2842 4223 21 15 t.o
2881 4219 98 25 Waik-ia,

2433 4249 56 18 when
2501 4247 41 20 this
2548 4250 58 17 Court
2612 4247 15 20 is
2634 4254 21 12 >o
2664 4248 58 18 much
2731 4247 64 19 easier
2801 4252 19 14 o!
2828 4254 65 13 access
2901 4250 20 16 to
2929 4247 54 20 thein

2432 4275 37 19 We
2481 4274 66 20 would
2557 4278 87 19 st.L'gest,
2655 4281 20 11 as
2686 4274 56 19 there
2752 4281 33 11 :ne
2800 4282 9 10 a
2822 4278 85 15 nunCier
2916 4273 21 20 of
2948 4275 35 18 tin

2433 4303 70 25 Upper
2514 4301 92 20 Waikaia
2616 4308 73 13 miners
2696 4301 18 19 in
2723 4300 35 20 the
2768 4304 51 16 town
2828 4301 7 24 j
2845 4304 27 16 jst
2879 4307 51 19 now,
2940 4301 43 19 th.it

2432 4330 49 25 thay
2493 4329 72 20 should
2576 4329 47 20 wait
2632 4336 24 12 on
2668 4329 33 19 the
2715 4328 86 20 Waideo
2813 4330 49 18 next
2872 4336 10 12 c
2891 4335 38 13 uirt
2942 4329 38 24 diy

2430 4357 39 18 and
2479 4357 35 18 ask
2526 4357 41 18 him
2578 4358 21 17 to
2608 4356 65 19 define
2684 4357 34 18 the
2729 4355 110 20 boundary.

2455 4389 42 20 The
2509 4387 123 26 Wellington
2646 4387 158 25 convsp-wdent.
2814 4387 21 19 of
2846 4386 35 21 the
2897 4386 13 9 "'
2921 4387 58 21 O.iilv

2530 4422 57 18 says:
2593 4417 39 19 —A
2644 4422 98 18 c'ni|*Hny
2753 4415 15 18 is
2852 4415 25 19 f».
2885 4414 45 20 «n<-<l
2954 4416 19 19 in

2432 4444 124 25 Wellington
2571 4446 20 16 to
2608 4443 54 20 work
2682 4444 34 18 the
2726 4449 22 13 ac
2756 4442 73 25 Xylene
2843 4448 33 18 gn
2900 4446 59 21 paten
2963 4442 4 27 l
2967 4449 11 18 ;,

2430 4472 38 20 anil
2480 4473 57 18 there
2546 4471 16 19 is
2571 4477 11 13 a
2593 4471 95 24 probilitv
2700 4471 45 18 that
2756 4471 34 18 the
2798 4470 83 19 calcium
2889 4470 68 20 cirHi<|
2963 4478 14 16 -s,

2432 4499 65 20 which
2514 4497 67 21 makes
2597 4500 35 17 the
2650 4505 34 17 gas
2694 4497 25 24 by
2735 4497 73 24 simple
2829 4499 81 17 contact
2932 4497 46 19 wilt

2432 4532 69 15 water,
2513 4525 39 20 will
2563 4525 24 20 b~t
2597 4529 98 16 man'i'ac
2702 4530 35 14 lire
2745 4523 4 26 !
2766 4530 25 13 on
2803 4531 10 12 a
2828 4523 53 26 large
2892 4525 51 18 scale
2957 4523 18 26 i>i

2431 4554 50 21 New
2497 4551 100 22 Zealand.
2631 4552 38 20 The
2688 4550 86 22 Cnbide
2794 4551 16 19 is
2821 4550 156 22 manufactured

2431 4582 51 19 from
2498 4581 46 20 lime
2553 4580 39 20 and
2610 4580 57 24 coke,
2679 4579 56 22 Ivim;
2747 4579 58 19 fused
2822 4579 24 23 by
2857 4578 41 20 elec
2910 4579 66 25 ricity,

2431 4609 39 19 and
2490 4608 31 19 for
2540 4608 40 19 this
2591 4614 85 18 purpose
2686 4606 104 20 extensive
2801 4609 62 15 water
2884 4612 67 18 power
2965 4606 14 18 is

2431 4635 105 22 desirable,
2547 4641 22 12 so
2578 4634 46 19 that
2635 4633 34 20 th-s
2679 4633 110 24 electricity
2800 4640 35 11 cm
2858 4632 23 19 be
2891 4632 84 25 cheaply

2430 4661 115 27 generated.
2573 4660 43 22 The
2638 4665 38 15 site
2693 4660 21 20 of
2735 4659 35 21 the
2789 4659 139 26 manufactory
2941 4659 38 21 'vill

2544 4690 23 20 be
2577 4692 21 17 at
2616 4688 135 26 Greyuiouth,
2766 4688 112 26 We>tporr,
2897 4695 22 12 or
2928 4687 51 20 Tata

2432 4718 75 24 Island,
2528 4724 47 13 near
2592 4716 84 20 Nelson.
2705 4718 28 17 As
2756 4716 56 18 there
2833 4716 16 18 is
2870 4714 70 25 plenty
2960 4715 19 19 of

2432 4746 61 17 water
2504 4751 66 18 power
2579 4744 20 19 in
2608 4743 51 20 New
2669 4742 74 20 Zeal.in
2752 4741 4 28 1
2771 4742 42 19 also
2824 4742 92 19 limeaud
2925 4741 50 19 coke

2431 4770 17 22 it
2459 4770 16 22 is
2492 4770 98 28 expected
2601 4770 45 21 that
2663 4777 25 13 an
2698 4769 103 21 extensive
2813 4768 78 21 market
2901 4767 32 22 for
2944 4769 34 20 the

2431 4799 79 21 carbide
2518 4800 38 19 will
2568 4800 23 19 be
2600 4798 64 21 found
2674 4798 20 20 in
2707 4798 88 20 Australi
2803 4805 6 11 i
2818 4803 24 14 an
2852 4797 5 19 I
2873 4799 34 18 the
2918 4796 14 20 K
2939 4803 33 18 nr.,

2432 4826 66 20 where
2508 4828 61 17 water
2578 4832 68 16 power
2655 4826 16 19 is
2689 4831 53 12 scirc
2747 4832 7 5 j
2757 4824 4 24 .
2788 4824 42 19 'ilie
2910 4824 67 19 which

2431 4854 15 20 is
2458 4854 58 26 being
2524 4852 104 21 exhibited
2644 4853 19 20 in
2681 4852 122 26 Weliing'ou
2814 4857 15 13 is
2841 4857 43 13 uow
2895 4855 73 16 attract-

2431 4881 34 24 ing
2474 4880 136 21 considerable
2622 4880 108 20 attention.

2457 4909 41 21 The
2508 4907 116 22 Orchestral
2638 4908 80 24 Society
2729 4906 45 21 held
2785 4905 53 20 their
2850 4905 42 20 first,
2902 4906 75 20 annual

2432 4936 87 24 meeting
2535 4937 22 17 at
2573 4934 35 20 the
2627 4935 120 20 A'hei.;eum
2765 4934 45 19 Hall
2831 4940 25 12 on
2872 4932 105 22 Ttimsdiv

2432 4963 85 24 evening
2527 4962 46 24 (last
2585 4962 68 22 week).
2681 4961 66 20 Tnere
2758 4967 38 12 was
2811 4967 11 12 n
2831 4960 50 22 t'on-l
2899 4961 67 19 attend-

2432 4996 48 14 ance
2489 4989 21 20 of
2518 4989 98 19 members
2622 4988 39 20 and
2808 4986 38 20 and
2858 4986 31 20 Mr
2896 4987 83 20 Peun-ll

2433 5016 99 27 presided.
2559 5015 42 20 Tlm
2612 5015 81 19 balance
2710 5015 65 24 sheer,
2793 5013 65 21 v/iu'eh
2876 5021 38 12 was
2933 5015 46 20 read

2424 5041 1 28 ;
2432 5044 38 20 and
2486 5043 94 25 adopted,
2593 5043 68 19 stated
2677 5042 35 19 the
2728 5041 49 20 total
2794 5041 87 25 receipts
2900 5041 32 20 for
2945 5043 34 19 the

2424 5068 1 30 |
2432 5077 48 21 year
2493 5071 38 19 had
2547 5069 49 20 been
2613 5069 41 21 £OB
2667 5069 26 25 Is,
2707 5068 38 20 and
2759 5068 160 21 d>iburs>-msiits
2938 5070 40 19 £4'.)

2424 5096 1 26 !
2436 5099 31 21 19s
2476 5099 34 21 3d.
2537 5097 27 20 Of
2574 5097 35 20 the
2619 5097 62 20 latter
2695 5103 53 19 sum,
2768 5096 38 20 £'£'■!
2824 5099 53 17 went
2894 5098 85 20 towards

2434 5127 73 26 paying
2516 5126 29 20 off
2554 5125 36 20 the
2599 5125 49 20 debt
2658 5132 25 12 on
2694 5125 36 19 the
2745 5127 140 23 instruments,
2895 5125 40 19 and
2946 5126 33 19 the

2424 5149 1 31 |
2434 5156 40 18 rest
2490 5158 54 15 went
2559 5160 18 12 in
2596 5153 76 23 sundry
2691 5158 105 18 expenses.
2824 5151 42 19 The
2887 5152 92 25 society's

2434 5181 61 21 funds
2504 5188 33 12 are
2544 5180 20 21 in
2574 5180 64 20 credit
2648 5184 21 15 at
2679 5182 81 22 present
2771 5178 27 20 £8
2810 5179 19 19 Is
2839 5178 32 26 9d,
2881 5182 38 17 ami
2928 5179 51 20 their

2424 5205 1 30 |
2433 5212 62 17 assets
2508 5215 34 13 are
2552 5206 72 22 valued
2634 5210 21 16 at
2670 5206 41 21 £43
2727 5206 32 20 19s
2777 5206 31 23 7<i,
2825 5205 104 27 including
2945 5207 34 20 the

2424 5233 1 28 j
2433 5234 141 22 instruments'
2584 5234 63 20 which
2655 5240 34 13 are
2698 5233 72 21 valued
2777 5237 22 16 at
2806 5233 49 21 £o7.
2882 5233 43 21 The
2931 5233 48 21 debt

2424 5260 1 26 i
2432 5271 25 12 on
2470 5263 35 20 the
2515 5263 133 20 instruments
2658 5260 72 26 (owing
2746 5263 21 17 to
2778 5261 73 19 Messrs
2940 5261 39 21 and

2424 5285 1 31 I
2432 5291 46 24 Co.)
2487 5294 21 16 at
2516 5294 80 22 present
2604 5295 39 14 was
2648 5292 31 16 set
2685 5287 58 21 down
2756 5291 21 16 at
2788 5289 39 19 £2<j
2838 5288 30 20 19s
2878 5288 30 20 7d.
2937 5289 42 20 The

2432 5321 94 18 amounts
2533 5315 82 22 realised
2623 5320 21 15 at.
2652 5315 34 20 the
2693 5315 97 26 Society's
2797 5322 80 13 various
2885 5322 90 14 concerts

2432 5353 51 12 were
2490 5353 21 12 as
2518 5344 67 21 follow
2625 5344 86 19 Conceit
2725 5344 39 18 and
2779 5342 62 21 dance
2855 5342 19 20 iu
2887 5345 79 24 Septem-

2432 5372 42 28 ber,
2484 5373 40 20 £l6
2533 5370 44 30 14s;
2592 5370 68 21 sacred
2667 5370 87 30 concert.
2766 5370 26 19 ££
2805 5370 31 19 i&>
2846 5370 39 21 01;
2902 5370 50 20 AldU
2960 5377 19 13 rs

2431 5402 47 19 Flat
2486 5403 80 17 concert
2575 5399 38 19 and
2624 5398 70 24 dance,
2709 5398 26 19 £7
2746 5397 20 20 7-s
2776 5398 37 24 tid;
2832 5398 38 19 and
2881 5398 52 19 from
2944 5400 35 17 the

2431 5432 79 15 concert
2519 5426 40 19 fcud
2573 5425 63 19 dance
2650 5431 24 12 on
2690 5424 48 19 24th
2751 5424 53 25 May,
2823 5425 49 18 £ll.
2900 5424 21 19 It,
2940 5431 39 12 was

2431 5454 89 20 r&solveu
2531 5459 21 13 as
2561 5459 24 12 an
2596 5451 120 21 instiuctioii
2728 5453 19 17 to
2758 5450 34 20 the
2810 5457 108 19 secre.ary,
2933 5451 46 20 that

2430 5480 144 26 subscriptions
2586 5479 24 20 be
2624 5478 95 21 collected
2738 5485 21 12 as
2780 5485 47 13 soon
2846 5485 21 12 as
2885 5478 93 26 possible,

2430 5508 39 21 and
2481 5508 47 21 with
2540 5506 34 21 the
2583 5506 82 21 balance
2674 5512 45 13 now
2731 5505 19 20 iu
2762 5505 54 20 hand
2834 5506 40 20 £lO
2885 5508 22 17 be
2917 5513 60 19 spent

2429 5537 19 19 in
2457 5539 97 23 payment
2561 5534 20 20 of
2589 5534 35 20 the
2630 5534 48 19 debt
2684 5541 25 12 on
2718 5533 35 20 the
2763 5533 140 20 instruments.
2931 5534 42 19 The

2429 5563 84 20 election
2523 5562 22 19 of
2554 5562 77 19 officers
2640 5560 31 20 for
2681 5561 34 18 the
2725 5560 83 24 ensuing
2817 5567 49 18 year
2885 5561 89 18 resulted

2429 5596 21 14 as
2477 5587 230 25 follows:—President,
2740 5586 33 21 Mr
2805 5586 96 25 Pennell;
2926 5593 42 14 vice

2429 5616 109 26 president,
2554 5616 33 21 Mr
2610 5615 34 21 W.
2664 5616 24 20 A.
2711 5614 79 27 Heiliy;
2804 5618 109 23 secretary,
2934 5615 41 20 Mrs

2429 5645 100 21 Morrison
2538 5652 6 18 ;
2557 5644 130 25 Committee,
2697 5643 48 20 Miss
2755 5643 98 25 Ormond,
2864 5643 74 20 Me.s-rs
2947 5644 26 19 A.

2429 5673 123 24 Robertson,
2563 5671 22 21 P.
2600 5671 86 25 Readci,
2698 5670 39 20 and
2747 5670 27 20 D.
2784 5669 99 27 O'Leary.
2911 5669 64 20 Votes

2428 5700 22 20 of
2459 5699 75 21 thanks
2544 5705 52 14 were
2605 5697 95 21 accorded
2712 5702 21 15 to
2747 5697 35 21 the
2792 5696 117 22 conducior,
2919 5697 54 25 joint

2427 5727 123 21 secretaries,
2563 5725 40 22 and
2612 5725 97 25 outgoing
2718 5725 123 21 committee.
2871 5725 16 19 A
2898 5724 76 20 similar

2427 5755 132 26 compliment
2589 5758 22 17 to
2646 5753 35 21 the
2707 5753 56 21 chair
2789 5751 122 22 teimiuated
2937 5752 36 20 the

2424 5781 136 26 proceedings.

3042 194 20 20 A
3081 200 49 19 very
3140 193 4 28 '
3152 193 132 23 handsomely
3305 194 74 21 chased
3397 193 62 21 silver
3478 202 46 19 cup,
3549 197 21 20 of

3017 221 80 20 artistic
3106 220 69 27 design
3189 219 82 28 (valued
3290 223 22 18 at
3325 221 29 22 £4
3371 221 47 26 10s),
3433 220 37 21 has
3485 221 48 22 V»»-en
3545 230 25 13 on

3018 247 113 22 exhibition
3142 249 21 21 in
3173 248 35 22 the
3217 249 36 21 bar
3264 249 22 21 at
3295 249 108 22 Ormond's
3420 248 63 22 Hotel
3493 248 32 22 for
3536 250 36 21 the

3018 276 40 20 last
3066 276 73 26 couple
3148 277 22 19 of
3178 276 57 27 days,
3245 275 41 22 and
3296 277 35 20 has
3339 277 52 20 been
3401 276 60 21 much
3471 276 97 23 admired.

3019 303 21 20 It
3058 310 40 13 was
3119 304 99 25 procured
3241 302 90 27 through
3355 304 32 20 Mr
3405 303 67 26 Selige
3490 304 31 19 for
3538 304 32 20 Mr

3019 330 97 24 Spooner,
3121 330 45 20 -and
3176 330 23 20 'is
3211 329 98 22 intended
3328 330 33 21 for
3378 330 45 20 first
3439 330 56 25 prize
3512 330 32 21 for
3561 337 12 14 a

3019 356 80 21 billiard
3109 358 132 20 tournament
3250 360 22 18 to
3281 357 48 20 take
3340 357 56 27 place
3406 356 86 26 shortly.

3044 394 45 22 3/he
3111 394 104 27 fol'owin?
3232 396 134 27 applications
3381 402 51 14 were
3446 395 84 26 granted
3544 395 27 27 by

3020 423 90 21 Warden
3133 423 99 22 Hawkins
3257 425 22 20 at
3299 422 91 23 Waika!a
3410 430 25 14 on
3458 423 55 21 June
3528 423 47 22 Ist:

3021 452 29 21 K.
3067 451 31 21 W.
3122 451 30 20 M.
3164 451 113 26 Chisholm,
3300 451 101 20 extended
3415 451 60 19 claim
3499 451 22 19 of
3533 457 39 14 one

3022 485 45 14 acre
3081 480 23 18 at
3117 478 72 26 Upper
3205 478 105 20 Waikaia:
3324 478 34 22 W.
3382 478 74 25 Baker,
3468 477 26 20 tf.
3506 478 54 19 Craw-

3022 506 54 27 ford,
3095 506 39 21 and
3146 505 23 22 E.
3193 505 24 22 B.
3231 506 61 26 Lucy,
3304 504 100 23 extended
3417 504 59 21 claim
3486 504 22 21 of
3518 504 59 21 three

3023 541 55 15 acres
3095 536 26 26 aj,
3135 534 38 26 Pig
3197 533 98 22 Hunters'
3309 533 76 26 Gully;
3405 532 70 21 James
3493 532 84 26 Parker,

3025 562 103 22 extended
3137 562 59 21 claim
3204 562 21 21 of
3234 568 38 14 one
3281 568 45 15 acre
3343 562 22 20 at
3380 561 71 27 Upper
3471 559 92 22 Waikaia
3573 559 4 29 ;

3025 591 23 21 D.
3058 590 109 26 Cnrmack,
3182 590 39 20 and
3232 589 34 22 W.
3279 589 78 26 Peters,
3369 588 128 27 prospecting
3503 591 74 24 quartz

3024 626 46 13 area
3077 618 38 27 300
3115 618 38 27 yds
3163 624 13 14 x
3185 618 38 25 300
3223 618 38 25 yds
3274 619 22 18 at
3315 617 72 25 Upper
3401 616 93 21 Waikaia
3502 623 6 17 ;
3518 616 22 21 J.
3554 616 22 21 F.

3024 646 106 24 Kitching.
3142 645 34 23 W.
3191 645 73 26 Selige,
3273 644 41 22 and
3328 644 24 22 E.
3365 644 60 26 Hart,
3445 643 129 28 prospecting

3022 678 73 23 quartz
3105 675 58 20 claim
3173 673 38 26 300
3211 673 38 26 yds
3259 673 93 25 x3<loyds
3362 675 22 18 at
3390 673 72 25 Upper
3478 671 99 22 Waiknia.

3023 702 42 20 The
3089 701 135 26 applications
3242 700 22 21 of
3287 700 21 21 E
3328 700 23 21 J.
3374 699 84 21 Vernon
3478 698 99 27 (objected

3023 729 55 27 tnby
3092 729 24 21 P.
3126 728 89 22 Riordan
3226 728 40 21 and
3278 727 41 21 Mrs
3328 727 23 22 J.
3370 727 78 24 Steel);
3459 726 40 22 ami
3514 725 23 23 F.
3552 725 21 20 V

3024 757 107 23 Raymond
3148 757 41 19 and
3210 756 34 21 W.
3270 756 93 25 Pearsey,
3384 756 64 18 water
3458 760 45 14 race
3521 754 54 20 from

3023 785 65 20 Dome
3098 783 73 25 Creek,
3184 790 51 14 were
3243 782 112 27 adjourned
3366 785 21 18 to
3396 781 51 26 July
3457 781 19 22 6.

3051 856 70 43 The
3147 854 79 45 Late
3251 854 50 44 Mr
3325 854 86 44 Wm.
3438 853 105 45 Gunn.

3060 943 168 30 SNOWED
3241 943 52 30 UP
3309 943 54 29 ON
3375 941 78 31 THE
3465 940 75 32 OLD

3182 982 85 30 MAN
3283 982 141 30 RANGE.

3061 1065 58 28 The
3132 1066 93 27 search
3238 1065 43 27 for
3301 1066 46 27 the
3369 1065 117 33 missing:
3512 1074 62 18 man

3025 1115 54 18 was
3093 1105 146 29 continued
3256 1115 34 18 on
3307 1104 101 39 Friday
3423 1106 36 37 by
3472 1117 16 16 a
3502 1105 67 37 large-

3027 1150 78 33 party
3119 1145 28 28 of
3160 1156 65 18 over
3238 1148 104 36 twenty
3351 1146 142 28 horsemen
3505 1146 72 27 from

3027 1186 219 36 Roxburgh,and
3257 1197 15 16 a
3282 1186 102 28 carefnl
3394 1185 183 29 examination

3027 1237 54 17 was
3103 1226 79 28 made
3204 1226 30 28 of
3255 1237 16 16 a
3293 1226 73 37 good
3392 1226 61 28 deal
3478 1226 29 28 of
3533 1225 47 28 the

3027 1270 115 29 country
3157 1265 136 39 supposed
3310 1270 28 24 to
3352 1266 68 28 have
3434 1266 69 28 been
3524 1269 42 25 tra-

3027 1306 97 28 versed
3151 1306 36 37 by
3213 1306 92 29 Gunn.
3346 1308 26 26 A
3397 1306 83 28 sluice
3512 1305 63 29 fork

3027 1346 102 28 (which
3156 1346 33 27 he
3215 1355 56 18 was
3297 1346 137 37 supposed
3455 1350 29 23 to
3509 1345 70 28 have

3029 1385 69 29 been
3112 1385 134 39 bringing
3255 1385 49 35 in),
3316 1385 57 29 also
3385 1396 16 18 a
3415 1385 165 30 tomahawk,

3029 1437 15 17 a
3057 1426 60 39 pair
3130 1427 29 27 of
3172 1427 112 27 mittens
3298 1426 68 34 (said
3382 1435 28 19 to
3422 1426 70 29 have
3512 1426 67 28 been

3029 1477 74 16 worn
3116 1466 36 33 by
3166 1466 56 27 him
3238 1469 27 23 at
3279 1465 47 28 the
3340 1466 88 35 time),
3437 1467 53 26 and
3499 1476 17 17 a
3526 1467 56 36 bag

3030 1505 161 38 containing
3199 1516 16 17 a
3227 1505 63 40 pick
3304 1505 54 29 and
3370 1505 130 38 hammer,
3512 1515 70 20 were

3032 1547 159 29 discovered
3206 1557 16 17 a
3236 1547 52 29 few
3302 1547 94 28 chains
3410 1548 69 27 from
3493 1547 90 29 where

3033 1587 46 29 the
3093 1587 94 29 horses
3203 1586 54 29 had
3277 1587 70 29 been
3370 1587 115 39 feeding
3504 1587 77 28 when

3030 1627 87 30 found
3131 1632 29 24 at
3168 1627 47 29 the
3226 1627 70 31 head
3306 1628 30 29 of
3348 1628 114 39 Shingle
3474 1627 89 31 Creek
3577 1639 5 22 ;

3031 1670 51 28 but
3095 1668 109 38 beyond
3218 1668 78 29 these
3306 1668 110 30 articles
3438 1669 77 28 there
3528 1679 55 18 was

3031 1721 36 17 no
3078 1714 74 24 trace
3161 1708 29 28 of
3201 1708 47 29 the
3258 1710 116 38 missing
3384 1708 88 30 mail's
3482 1709 85 28 where-

3031 1750 109 29 abouts.
3180 1748 58 30 The
3263 1755 79 34 party
3370 1750 50 29 left
3455 1750 64 29 here
3538 1750 44 29 for

3032 1790 169 38 Campbells,
3222 1792 131 28 searched
3370 1792 47 28 the
3429 1791 65 29 huts
3507 1791 77 29 there

3031 1831 53 29 and
3099 1835 30 24 at
3142 1830 127 30 Italian's
3284 1831 92 39 Gully,
3393 1832 47 28 the
3453 1831 54 39 Rip
3530 1832 54 28 and

3032 1872 79 35 Tear,
3124 1870 111 30 Potters
3252 1872 55 29 and
3329 1873 46 28 the
3398 1871 187 39 surrounding

3032 1917 126 32 country.
3199 1911 42 29 On
3274 1913 137 37 Saturday
3450 1924 16 16 a
3504 1917 79 33 party

3030 1963 77 18 came
3120 1952 71 28 from
3206 1952 47 29 the
3267 1952 98 40 Upper
3380 1952 136 36 Waikaia,
3529 1952 54 29 and

3030 2004 35 17 on
3081 1993 114 37 Sunday
3210 1995 115 28 another
3337 1999 81 34 party
3442 1998 74 25 went
3537 1998 48 24 out

3030 2034 72 29 from
3135 2034 163 36 Roxburgh.
3339 2039 39 24 As
3404 2034 138 35 thorough
3570 2044 15 18 a

3031 2074 94 28 search
3146 2082 55 19 was
3217 2074 78 29 made
3314 2084 34 19 011
3371 2075 67 28 each
3460 2074 123 29 occasion

3030 2126 28 18 as
3079 2114 47 30 the
3150 2125 75 20 snow
3251 2115 90 31 wonld
3365 2115 88 38 allow,
3480 2115 50 30 but
3555 2126 29 18 as

3030 2158 77 25 there
3120 2167 46 16 are
3177 2157 81 27 drifts
3271 2168 31 17 as
3315 2159 69 36 deep
3398 2168 29 17 as
3451 2158 70 27 from
3541 2159 43 26 3ffc

3029 2207 30 18 or
3072 2195 45 29 4ft
3130 2206 34 17 on
3175 2196 46 28 the
3235 2196 79 36 level,
3329 2197 52 28 and
3397 2201 28 24 to
3439 2197 69 28 from
3521 2197 61 28 40ft

3030 2241 28 25 to
3072 2237 60 28 50ft
3146 2237 25 28 in
3187 2237 47 29 the
3249 2239 108 36 gullies,
3370 2239 22 28 it
3405 2237 52 30 will
3472 2239 32 28 be
3517 2248 63 19 seen

3029 2278 47 29 the
3107 2277 76 30 work
3211 2289 54 18 was
3297 2279 130 30 attended
3453 2279 66 29 with
3545 2289 35 18 no

3029 2319 77 28 small
3119 2318 249 39 difficulty—more
3391 2319 144 39 especially
3549 2331 30 17 as

3028 2361 46 28 the
3107 2370 73 18 snow
3218 2371 54 18 was
3308 2364 50 25 not
3385 2361 93 28 frozen
3512 2360 67 30 hard

3027 2401 109 38 enough
3151 2405 28 24 to
3194 2401 66 29 bear
3279 2402 47 29 the
3339 2402 103 37 weight
3455 2401 28 29 in
3497 2412 81 27 many

3027 2441 183 39 places—and
3222 2442 197 39 consequently
3429 2443 47 27 the
3486 2443 93 27 horses

3027 2483 52 29 had
3094 2486 28 25 to
3133 2482 35 28 be
3178 2483 55 29 tied
3249 2493 46 29 up,
3309 2483 47 29 the
3378 2483 94 29 search
3494 2483 84 39 being

3026 2523 146 29 continued
3199 2534 34 17 on
3255 2525 67 27 foot.
3363 2523 57 29 The
3440 2524 93 28 search
3555 2524 22 28 is

3025 2564 54 28 still
3095 2563 84 35 being
3192 2563 156 35 continued,
3375 2564 49 27 but
3445 2563 21 28 it
3486 2564 23 28 is
3531 2564 46 28 the

3025 2605 109 38 opinion
3149 2603 29 27 of
3192 2615 80 24 many
3286 2604 45 28 old
3349 2604 99 28 miners
3470 2604 91 37 experi-

3024 2645 84 29 enced
3123 2646 26 28 in
3170 2644 125 37 crossing
3309 2644 45 29 the
3370 2655 98 27 ranges
3483 2644 59 29 that
3555 2645 20 29 it

3023 2686 21 28 is
3058 2686 99 29 almost
3177 2685 125 32 hopeless
3324 2689 28 25 to
3375 2685 61 29 look
3461 2686 42 28 for
3528 2686 47 28 the

3025 2727 72 34 body
3107 2737 61 17 now
3183 2726 40 28 till
3238 2726 46 28 the
3295 2735 75 18 snow
3384 2726 87 27 thaws
3486 2726 25 26 in
3529 2726 45 27 the

3023 2766 138 38 spring,or
3173 2765 22 29 if
3208 2765 46 29 the
3267 2764 72 40 body
3352 2764 22 30 is
3385 2764 27 29 in
3424 2776 51 18 one
3486 2766 28 28 of
3528 2765 45 29 the

3022 2806 90 34 drifts,
3122 2807 41 29 till
3176 2817 68 19 even
3254 2806 76 30 later.

3061 2847 108 41 During
3192 2847 46 29 the
3270 2858 73 18 same
3369 2851 83 25 storm
3486 2848 86 37 Percy

3024 2888 112 35 Parker,
3150 2898 50 18 one
3210 2888 29 28 of
3247 2888 47 28 the
3306 2888 126 28 Wnikaia
3441 2888 131 28 Junction

3023 2927 109 36 miners,
3146 2926 117 31 suffered
3277 2926 188 31 considerable
3487 2927 66 29 hard-

3022 2968 70 38 ship.
3132 2967 44 30 He
3191 2968 49 29 left
3253 2968 47 29 the
3320 2968 132 29 Junction
3472 2968 54 29 late
3539 2980 33 17 on

3023 3008 99 36 Friday
3132 3009 142 27 afternoon
3285 3012 28 23 to
3324 3019 34 25 pro
3368 3012 28 23 to
3407 3008 167 37 Campbells,

3022 3048 147 35 intending
3178 3055 28 21 to
3217 3051 94 25 return
3330 3048 47 28 the
3402 3058 73 18 same
3494 3058 65 18 even-

3021 3088 57 39 ing.
3120 3088 90 29 When
3242 3088 35 28 he
3310 3092 49 32 got
3391 3092 29 25 to
3447 3088 128 29 Parker's

3021 3129 60 27 Hut
3095 3133 28 23 at
3139 3129 165 37 Campbells,
3324 3133 29 23 at
3376 3130 65 27 4.30
3465 3138 76 28 p.m.,
3555 3128 20 28 it

3021 3179 54 19 was
3089 3169 127 39 snowing
3230 3168 117 39 heavily,
3362 3169 50 29 but
3432 3173 48 25 not
3494 3168 67 29 drift-

3019 3211 57 35 ing.
3117 3210 28 28 It
3163 3210 104 29 started
3293 3210 135 35 however,
3451 3214 29 25 to
3504 3210 70 28 blow

3018 3250 53 29 and
3097 3250 69 29 drift
3191 3261 66 27 very
3277 3250 116 38 heavily,
3419 3251 54 28 and
3507 3250 27 28 in
3560 3261 15 17 a

3018 3291 77 27 short
3110 3291 66 27 time
3187 3291 35 28 he
3235 3291 86 27 found
3336 3291 22 27 it
3371 3290 161 38 impossible
3546 3295 28 23 to

3018 3334 102 26 return.
3162 3330 43 29 He
3219 3341 54 18 was
3287 3330 110 29 snowed
3410 3341 35 29 up
3457 3330 43 29 for
3512 3330 62 29 four

3017 3372 77 35 days,
3110 3372 64 28 with
3189 3372 65 37 only
3268 3382 15 17 a
3296 3372 106 28 limited
3417 3375 114 24 amount
3545 3372 29 27 of

3017 3412 160 38 provisions,
3188 3412 55 29 and
3257 3411 53 30 had
3333 3415 79 35 great
3437 3411 134 37 difficulty

3017 3453 25 27 in
3059 3453 111 37 getting
3184 3457 63 33 peat
3275 3452 26 28 in
3326 3455 28 25 to
3381 3451 80 29 make
3475 3462 16 17 a
3513 3452 56 27 fire.

3056 3493 40 28 On
3113 3493 47 29 the
3183 3492 141 33 following
3337 3492 178 29 Wednesday
3530 3492 41 28 his

3304 3519 16 11 O
3497 3523 8 7 •'

3019 3533 112 28 brother
3144 3538 72 23 went
3231 3545 36 27 up
3281 3534 53 27 and
3351 3539 56 22 met
3422 3533 55 27 him
3494 3533 57 27 mak-

3018 3575 45 36 ing
3080 3574 5 27 1
3092 3574 28 27 lis
3135 3585 58 26 way
3209 3574 88 35 down,
3313 3573 112 39 happily
3440 3577 49 24 not
3503 3584 65 26 very

3017 3615 80 26 much
3110 3615 45 26 the
3169 3624 84 17 worse
3266 3615 44 26 for
3324 3614 40 27 his
3379 3613 160 28 adventure.

3174 3690 235 48 Cablegrams.

3102 3776 76 29 THfcJ
3199 3776 86 28 EASi
3301 3775 71 27 h.RN
3396 3775 97 30 WAR.

3294 3817 111 28 Athkxs
3419 3815 72 29 June
3509 3817 21 27 I.

3050 3857 123 28 Terrible
3213 3857 112 27 distress
3352 3861 127 30 amongst
3523 3857 44 26 the

3017 3897 90 29 Greek
3135 3897 132 38 fugitives
3290 3897 25 28 in
3345 3896 131 29 Thessalv
3510 3897 51 26 and

3017 3939 108 38 Epirus,
3152 3938 55 29 arid
3234 3937 63 38 they
3312 3948 45 18 are
3371 3937 150 37 compelled
3538 3943 27 22 to

3016 3980 103 27 subsist
3147 3989 33 17 on
3208 3990 78 23 grass
3317 3978 53 27 and
3385 3979 78 26 other
3476 3979 90 26 herbs.

3017 4019 83 38 Many
3116 4030 45 18 a**e
3176 4019 25 28 in
3216 4031 15 16 a
3244 4024 70 23 state
3324 4019 29 28 of
3366 4017 164 29 nakedness.

3417 4057 74 29 June
3507 4059 23 28 7.

3055 4101 56 27 The
3122 4100 184 28 Government
3318 4099 68 28 have
3398 4099 81 28 taken
3492 4106 74 29 steps

3015 4144 27 24 to
3063 4144 115 34 prevent
3191 4140 46 28 the
3258 4140 145 37 departure
3429 4139 29 28 of
3470 4139 93 28 armed

3017 4181 86 28 bauds
3119 4181 42 28 for
3173 4180 88 28 Crete.

3070 4219 4 30 •
3134 4219 77 30 OUR
3232 4219 214 29 GOVERNOR.

3278 4261 120 32 Lo.vdov,
3412 4261 73 27 June
3500 4261 25 27 4.

3050 4300 57 29 The
3124 4301 58 28 Earl
3198 4300 52 28 and
3267 4301 135 28 Countess
3427 4301 134 37 Kanfurly

3014 4341 53 26 and
3079 4342 92 26 familv
3183 4341 49 26 left
3243 4342 145 35 yesterday
3402 4342 40 26 for
3454 4341 112 28 Canada.

3014 4391 26 18 an
3058 4383 73 25 rout/'
3147 4386 27 21 to
3191 4379 178 37 Wellington.
3413 4381 50 31 Mr,
3494 4380 65 33 Mrs,

3013 4421 53 27 and
3083 4421 44 26 tin*
3144 4420 96 27 Misses
3262 4421 108 26 Seddon
3401 4420 68 28 bade
3490 4421 72 27 them

3016 4460 126 29 farewell.

3072 4499 188 28 TERRIBLE
3284 4499 223 28 MORTALITY

3121 4539 136 28 AMONG
3277 4539 180 28 NATIVES.

3234 4579 158 35 Cai'ktown,
3415 4581 73 26 June
3502 4581 24 26 4.

3051 4619 117 37 Reports
3182 4630 45 17 are
3245 4625 27 22 to
3286 4619 70 27 hand
3372 4619 29 27 of
3423 4619 142 36 appalling

3011 4659 139 38 mortality
3175 4664 129 32 amongst
3330 4659 45 28 the
3404 4659 105 28 natives
3535 4659 30 28 of

3011 4701 45 27 tli3
3065 4699 136 29 Northern
3213 4699 155 34 Transvaal,
3380 4699 105 34 arising
3493 4701 67 26 from

2999 4738 1 40 '
3012 4739 131 39 pollution
3161 4741 34 36 by
3210 4739 93 37 eating'
3328 4739 83 26 cattle
3438 4739 121 28 infected

2999 4780 1 38 i
3014 4781 33 37 by
3063 4780 161 38 rinderpest.

3160 4820 76 27 THIS
3249 4818 165 29 SOUDAN.

3308 4859 95 35 Caiko,
3414 4859 73 28 June
3502 4861 24 28 7.

3052 4902 42 28 All
3115 4900 97 39 Ktrypti
3222 4912 25 15 in
3262 4899 88 39 patrol
3371 4899 126 29 defeated
3515 4899 3 40 I
3528 4902 31 27 lie

2999 4940 1 31 i
3012 4942 155 29 dervishers
3205 4947 28 21 at
3271 4940 130 27 Salamar.
3454 4940 105 29 Fifteen

3011 4983 154 28 dervishers
3181 4992 66 17 were
3260 4980 91 27 killed.
3392 4979 56 28 The
3466 4981 75 37 Egyp-

2999 5019 1 41 -1
3012 5025 54 26 tiati
3092 5022 87 38 patrol
3202 5022 52 27 lost
3274 5019 76 37 eight
3374 5030 71 26 men,
3471 5021 88 27 whilst

2999 5061 1 40 !
3013 5063 114 38 Captain
3182 5063 101 33 Peyton
3333 5068 54 19 was
3440 5061 119 37 severely

3013 5103 143 30 wounded.

3128 5167 320 32 INTERCOLONIAL.

3168 5242 80 29 WES
3259 5240 4 31 i
3274 5240 25 28 It
3303 5243 18 25 A
3328 5240 38 28 LI
3370 5242 32 28 A.

3300 5281 101 32 Pkuih,
3415 5280 73 30 June
3497 5282 25 27 8.

3049 5324 129 38 Barley's
3191 5321 114 30 L'eward
3326 5322 140 37 Company
3491 5321 68 28 hiive

3012 5370 93 24 strucK
3121 5376 16 17 a
3161 5364 56 28 rich
3245 5373 48 18 run
3321 5361 28 29 of
3372 5360 74 40 gold.
3487 5360 72 30 Four

3012 5404 228 37 hundredweight
3269 5404 28 26 of
3332 5406 77 23 stone
3448 5402 108 36 yielded

3011 5446 94 27 7070z.
3145 5449 25 23 A
3183 5440 192 38 sensationally
3389 5440 56 28 rich
3464 5441 57 28 find
3535 5441 23 29 is

3010 5486 56 27 also
3080 5484 127 39 reported
3221 5484 26 28 in
3262 5483 46 28 the
3319 5480 99 30 Yerillu
3431 5480 89 30 claim.

3048 5526 96 28 Heavv
3160 5524 56 29 rain
3231 5524 47 28 has
3292 5522 81 28 fallen
3388 5522 170 37 throughout

3008 5566 46 26 the
3067 5566 106 36 colony,
3187 5564 114 35 causing
3314 5563 85 27 Hoods
3422 5562 27 26 in
3477 5573 74 17 some

3008 5605 129 29 districts.

3043 5646 124 38 Typhoid
3179 5646 75 27 fever
3264 5645 21 27 is
3294 5644 78 37 again
3386 5653 64 28 very
3457 5654 80 27 preva-

3008 5686 56 28 lent
3076 5686 64 28 both
3156 5686 25 26 in
3193 5686 45 27 the
3247 5685 54 37 city
3312 5684 53 28 and
3375 5694 33 17 on
3419 5684 47 29 the
3474 5684 45 37 gel
3532 5686 6 26 1

3006 5726 86 35 fields,
3118 5725 54 29 and
3199 5735 78 27 many
3306 5724 96 28 deaths
3433 5736 47 18 are
3512 5735 28 19 ie-

3001 5767 109 27 eorded.

3654 209 179 43 Lawrence
3861 210 99 42 News
3987 209 112 43 Notes.

3737 320 61 25 (Own
3812 320 206 25 Correspondent.)

3636 356 53 26 The
3702 355 132 30 Lawrence
3846 359 85 36 people
3945 358 61 28 have
4017 358 61 27 been
4092 362 72 23 verv'

3605 393 59 26 slow
3675 400 25 19 to
3714 403 69 18 move
3796 396 23 25 in
3835 397 40 25 the
3885 397 118 26 direction
4017 396 29 27 of
4052 405 87 26 prepar-

3605 431 42 32 ing
3662 431 141 33 something
3815 432 38 27 for
3861 435 40 25 the
3916 434 147 26 celebration
4075 433 27 26 of
4109 433 57 26 th«*

3606 467 95 26 Record
3725 468 90 34 Reign,
3835 469 44 26 but
3900 470 59 33 they
3981 470 61 27 have
4055 476 26 20 at
4102 471 48 25 last

3608 504 69 26 woke
3702 514 31 27 up
3759 511 24 20 to
3808 506 40 26 the
3873 506 49 28 fact
3936 507 53 27 that
4013 509 57 35 they
4085 515 66 19 must

3608 542 70 26 make
3702 551 68 17 some
3790 542 69 27 show
3883 544 26 26 of
3929 544 92 37 loyalty
4045 555 31 17 on
4111 546 55 26 the'

3606 579 108 27 eventful
3740 579 56 35 day,
3821 590 59 17 even
3907 581 20 26 if
3949 583 19 25 it
3992 583 20 26 is
4036 583 56 34 only
4107 584 40 25 the

3607 616 112 33 lighting-
3732 617 27 26 of
3768 626 14 17 a
3796 617 45 26 few
3855 627 52 17 wax
3933 624 87 29 tapers,
4034 621 46 25 and
4107 621 40 26 the

3608 656 127 32 throwing
3764 654 75 28 about
3884 655 27 27 of
3940 665 66 18 some
4041 657 113 28 different-

3607 692 115 27 coloured
3736 691 175 27 combustibles
3924 692 31 32 by
3968 701 13 17 a
4006 692 45 28 few
4065 694 27 25 of
4109 704 44 16 our

3608 729 61 28 local
3683 739 87 26 young
3784 738 64 23 men,
3861 729 98 26 dressed
3972 738 34 26 up
4023 732 24 24 in
4062 740 25 17 as
4099 740 57 17 near

3609 767 41 28 the
3671 767 72 35 guise
3767 765 28 27 of
3816 765 38 28 bis
3879 765 103 27 Satanic
4004 766 109 36 Majesty
4132 778 25 15 as

3608 805 57 35 they
3679 813 46 19 can
3739 803 123 32 conceive,
3877 803 55 27 who
3948 812 27 18 as
3987 809 41 29 yet
4040 804 61 27 have
4114 812 43 20 not

3608 842 71 28 made
3690 842 37 27 his
3738 840 112 38 personal
3861 846 178 31 acquantance.
4072 840 86 27 Hence

3609 891 36 17 we
3657 881 62 27 have
3732 890 14 17 a
3759 879 41 27 list
3820 878 104 34 moving
3944 877 79 28 round
4043 885 115 27 amongst

3608 929 28 17 us
3648 919 38 27 for
3699 918 41 27 the
3753 916 115 29 colletion
3882 916 27 27 of
3916 925 85 27 money
4015 921 24 20 to
4049 914 29 28 be
4089 923 76 29 spent,

3608 958 24 26 in
3647 966 67 17 some
3728 955 59 28 such
3801 964 112 18 manner.

3641 995 52 27 The
3707 994 109 28 weather
3828 992 51 27 still
3905 992 107 27 remains
4025 990 133 28 unsettled!

3606 1034 54 27 The
3685 1033 106 33 damage
3812 1031 64 27 done
3888 1036 28 22 to
3930 1030 42 28 the
3995 1038 77 18 wa.er
4092 1038 66 17 races

3607 1071 31 35 by
3653 1071 40 26 the
3708 1075 85 21 recent
3817 1077 68 19 snow
3899 1075 90 19 storms
4015 1067 77 31 being
4105 1075 53 16 now

3607 1107 32 28 all
3649 1106 118 37 repaired,
3780 1106 41 27 the
3831 1105 97 37 mining
3938 1105 20 27 is
3970 1105 101 33 moving
4084 1103 74 34 along

3607 1155 27 18 as
3647 1145 68 28 brisk
3728 1154 27 18 as
3768 1153 63 18 ever.

3641 1183 43 27 Mr
3695 1182 16 28 J
3747 1182 139 27 Robertson
3913 1179 43 28 has
3970 1185 26 21 at
4010 1178 87 36 length
4111 1186 45 27 got

3608 1221 38 26 his
3671 1226 122 27 pontoons
3817 1228 31 18 on
3862 1219 44 27 the
3931 1216 110 37 ground,
4064 1226 26 16 so
4104 1217 53 27 that

3608 1259 24 26 in
3659 1258 41 27 the
3725 1265 86 19 course
3836 1255 28 27 of
3885 1265 14 17 a
3923 1264 59 26 very
4008 1254 70 26 short
4100 1254 57 27 time

3608 1295 107 34 dredges
3729 1294 50 26 will
3794 1293 28 27 ba
3836 1300 26 20 at
3876 1292 66 27 work
3954 1299 25 20 at
3993 1291 59 28 both
4066 1291 60 28 ends
4135 1293 22 26 of

3611 1334 41 25 the
3666 1338 75 20 town.

3645 1369 52 26 The
3722 1367 72 28 Good
3818 1366 129 37 Templars
3973 1365 58 28 held
4053 1376 14 16 a
4089 1367 87 26 social)

3610 1407 57 27 here
3681 1416 31 17 on
3725 1405 110 35 Monday
3849 1404 116 36 evening,
3987 1403 47 28 and
4060 1404 24 26 in
4098 1406 62 34 spite

3609 1446 28 25 of
3647 1445 161 33 threatening
3818 1444 107 25 weather
3937 1441 50 28 and
4001 1451 74 26 many
4088 1444 70 24 other

3610 1480 61 28 calls
3683 1490 31 17 on
3729 1481 42 26 the
3782 1480 82 35 public
3878 1487 71 27 purse
3963 1478 47 27 hod
4024 1488 13 17 a
4046 1480 113 25 crowded

3611 1519 82 28 house.
3733 1521 21 25 A
3789 1526 162 28 programme,
3976 1515 139 37 consisting
4139 1517 27 28 of

3611 1557 143 33 something
3773 1556 49 27 like
3846 1566 13 16 a
3883 1564 69 17 score
3977 1555 26 25 of
4014 1555 73 26 items
4113 1564 47 19 was-

3612 1604 64 26 gone
3701 1594 108 36 through
3835 1594 25 26 in
3886 1601 28 27 sp
3925 1592 75 28 endid
4024 1592 71 35 style,
4120 1595 41 25 the

3612 1633 153 36 performers,
3780 1632 127 33 receiving
3917 1639 74 28 many
4007 1640 13 17 a
4034 1630 79 28 round
4135 1631 27 27 of

3613 1671 53 27 well
3707 1671 104 27 merited
3851 1668 124 37 applause.
4016 1669 53 25 One
4095 1676 55 20 note-

3613 1707 96 37 worthy
3735 1707 91 27 feature
3853 1708 26 25 of
3902 1708 41 26 the
3968 1705 108 35 evening
4090 1715 48 18 was
4151 1705 26 39 a.

3613 1755 14 18 a
3650 1746 175 37 presentation,
3845 1745 71 28 ro»dtf
3940 1745 32 26 bv
3993 1743 41 27 the
4049 1743 52 26 Rev
4123 1745 54 27 Mr*

3612 1783 62 28 Jorv
3688 1794 31 17 on
3734 1784 85 27 behalf
3828 1783 27 27 of
3866 1784 41 28 ihe
3932 1781 87 33 Lodge
4034 1782 127 32 members,

3614 1828 24 20 to
3663 1822 42 26 Mr
3721 1821 66 27 Win.
3812 1821 103 36 Jeffery,
3930 1830 31 17 on
3984 1820 43 25 the
4051 1822 109 26 occasion-

3613 1860 28 26 of
3652 1858 36 28 his
3702 1859 101 35 leaving
3815 1860 134 26 Lawrence
3960 1858 36 26 for
4008 1865 61 27 your
4083 1863 62 23 town-

3613 1896 55 37 ship
3690 1897 89 33 where,
3807 1896 9 27 I
3845 1896 97 33 believe,
3958 1896 29 27 he
4010 1894 21 27 is
4045 1895 75 36 going
4133 1903 23 20 to

3613 1941 61 20 start
3688 1935 24 26 in
3739 1934 41 27 the
3805 1934 134 36 chemistry
3961 1932 119 27 business.
4118 1935 36 26 On

3615 1972 102 34 making
3754 1972 41 27 the
3833 1972 167 36 presentation
4038 1969 39 27 the
4120 1981 41 18 re/

3613 2009 143 36 gentleman
3781 2009 75 28 dwelt
3878 2020 31 17 on
3937 2011 40 26 the
3999 2016 74 27 many
4096 2011 64 34 good

3613 2046 115 37 qualities
3750 2046 25 27 of
3796 2047 41 26 Mr
3860 2046 102 36 Jeffery;
3998 2046 77 26 which
4110 2048 47 25 had

3615 2084 59 28 been
3689 2084 125 37 displayed
3829 2084 23 28 in
3866 2084 145 28 connecrion
4035 2084 57 28 with
4118 2085 40 27 the

3613 2122 73 38 lodge
3700 2124 26 27 of
3749 2124 77 28 which
3842 2125 29 26 he
3885 2124 47 28 had
3947 2123 58 29 been
4016 2131 13 17 a
4052 2123 102 28 member-

3612 2162 91 25 almost
3716 2163 66 24 since
3796 2163 31 24 its
3838 2162 147 26 institution.
4012 2160 41 27 Mr
4065 2161 92 34 Jeffery

3611 2198 112 37 suitably
3749 2199 143 35 responded,
3918 2199 118 35 thanking
4059 2199 36 25 his
4116 2208 26 16 co-

3612 2238 107 25 workers
3744 2236 38 28 for
3802 2237 62 26 their
3890 2238 56 25 kind
3979 2236 175 27 consideration

3610 2274 48 27 and
3672 2274 110 28 valuable
3792 2281 106 30 present,
3909 2275 79 27 which
3999 2274 119 28 consistsd
4128 2274 28 26 of

3610 2322 14 16 a
3648 2312 113 33 splendid
3796 2313 147 35 dictionary,
3968 2312 183 37 Shakespeare's-

3611 2350 81 26 works
3705 2350 47 26 and
3767 2350 106 26 Moore's
3885 2359 88 25 poems.

3645 2387 62 28 Miss
3721 2387 96 38 Phyllis
3832 2387 96 28 Perrier
3941 2386 85 39 played
4050 2387 80 28 before
4141 2397 25 18 at

3609 2435 59 28 very
3683 2426 43 27 fair
3749 2427 74 26 house
3849 2427 46 26 last
3920 2427 108 34 evening
4049 2425 106 37 keeping
4165 2425 1 38 -

3610 2465 41 25 the
3684 2465 121 25 attention
3838 2463 27 26 of
3897 2463 40 26 the
3967 2465 118 24 audience
4115 2464 38 25 for-

3609 2503 114 34 upwards
3735 2501 28 28 of
3784 2509 47 19 two
3860 2501 80 32 hours,
3967 2502 78 26 which
4071 2502 81 25 shows

3609 2540 53 25 that
3676 2539 36 26 for
3733 2549 13 15 a
3758 2539 65 26 child
3849 2542 23 22 of
3885 2539 71 34 eight
3980 2547 70 26 years
4063 2538 43 26 she
4130 2539 20 24 is

3607 2585 13 17 a
3646 2576 61 27 little
3732 2576 105 32 wonder,
3860 2576 42 26 her
3936 2578 159 33 productions
4129 2575 37 27 of;

3606 2613 110 36 mimicry
3732 2613 73 34 being
3818 2613 142 35 something
3980 2611 120 37 splendid.

3762 2707 124 40 Millers
3916 2707 78 40 Flat.

3767 2810 37 26 (CO
3808 2815 25 16 Klt
3838 2815 25 16 KS
3867 2815 40 16 PON
3910 2816 13 15 D
3926 2810 58 26 EXT.)

3640 2850 40 29 On
3696 2850 100 37 Friday
3824 2850 119 36 evening
3970 2851 52 29 last
4051 2862 16 17 a
4090 2862 79 25 very

3602 2891 148 28 successful
3765 2891 147 36 rendering
3925 2891 29 26 of
3974 2892 58 27 the•
4042 2892 96 27 kinder-

3602 2930 77 39 spiel,
3717 2930 51 28 Old
3781 2929 111 29 Friends
3902 2930 53 28 and
3965 2930 68 29 New

3603 2981 54 19 Was
3677 2971 80 37 given
3779 2971 37 35 by
3835 2971 45 27 the
3909 2971 123 28 children
4055 2971 28 28 of
4105 2973 50 26 the

3604 3010 68 27 local
3685 3010 93 27 school
3798 3010 28 26 in
3852 3009 101 35 Eady's
3976 3010 74 34 Hall,
4064 3010 99 28 whicli,

3607 3060 53 17 was
3682 3049 97 38 kindly
3804 3048 57 29 lent
3884 3049 43 28 for
3950 3049 46 28 the
4021 3050 147 32 occasion..

3605 3090 58 29 The
3675 3090 133 35 children,
3821 3100 52 18 one
3892 3089 52 29 and
3954 3089 45 36 all,
4014 3090 150 39 acquitted;

3605 3130 166 28 themselves
3779 3140 66 27 very
3856 3130 313 37 creditably,consider-.

3605 3171 49 39 ing
3665 3171 55 28 this
3743 3180 55 19 was
3820 3170 71 29 their
3912 3170 60 29 first
3993 3174 118 36 attempt
4128 3170 41 40 at.

3604 3211 137 38 anything
3771 3211 29 28 of
3833 3211 47 28 the
3913 3216 66 31 sort,
4005 3211 53 28 and
4092 3212 77 31 Miss.

3605 3252 168 29 Rutherford
3796 3253 22 27 is
3841 3255 28 24 to
3889 3252 35 29 be
3946 3252 209 38 congratulated

3604 3293 42 27 for
3678 3292 47 27 the
3757 3302 59 27 way
3847 3292 28 27 in
3906 3293 88 27 which
4026 3293 48 26 she
4099 3293 56 27 had

3604 3331 104 29 trained
3743 3331 73 30 them
3850 3332 44 29 for
3924 3332 71 29 their
4026 3331 142 32 different.

3602 3377 85 33 parts.
3728 3372 58 29 The
3799 3372 74 30 chief
3885 3378 76 33 parts
3985 3384 69 19 were
4068 3374 83 27 taken

3604 3414 33 36 by
3652 3413 46 28 the
3717 3413 95 28 Misses
3830 3414 28 27 ft.
3873 3414 101 34 Smith,
3994 3419 27 24 ft.
4045 3413 53 29 and
4117 3414 35 29 D.

3603 3453 147 35 M'lntvre,
3776 3454 33 27 A.
3833 3453 127 35 Crossan,
3986 3453 21 28 L
4040 3455 52 27 and
4117 3454 33 29 li.

3602 3493 114 33 Wilson,
3739 3493 53 28 and
3816 3493 116 29 Masters
3957 3493 80 35 Iverr,
4061 3495 87 28 Smith

3599 3535 53 28 and
3687 3535 120 27 Homier.
3850 3534 67 27 Miss
3957 3535 31 27 E.
4032 3534 119 29 Graham

3602 3575 96 37 played
3713 3575 45 27 the
3772 3574 250 37 accompaniments
4044 3575 104 36 (piano)

3600 3615 25 27 in
3654 3625 33 17 an
3711 3614 117 28 efficient
3851 3624 120 19 manner.
4011 3614 57 27 The
4089 3624 45 27 pro-

3600 3666 124 26 gramme
3732 3654 89 29 closed
3832 3654 63 29 with
3908 3655 44 26 the
3963 3664 79 25 song,
4080 3655 65 28 Tom

3770 3695 32 26 bv
3825 3694 42 27 .Mr
3878 3693 113 33 Kinvig,
4008 3695 59 25 who
4092 3705 52 16 was

3602 3734 176 38 Vociferously
3790 3734 179 34 encored,and
3981 3734 24 26 in
4019 3744 127 27 response

3600 3785 70 21 irave
3713 3775 55 27 The
4114 3775 44 26 lie.

3797 3813 219 5 ...

3600 3815 138 39 proceeds,
3753 3813 84 29 whicli
3861 3824 68 19 were
3953 3814 25 27 in
3993 3813 42 28 aid
4051 3813 29 28 of
4100 3814 46 27 the

3600 3857 79 36 piano
3694 3855 64 27 fund
3774 3855 42 26 for
3830 3855 45 27 the
3887 3854 100 33 school,
3999 3855 144 26 amounted

3600 3902 26 21 to
3640 3897 47 33 £li,
3712 3895 52 27 and
3791 3905 28 16 as
3847 3895 46 27 the
3914 3893 147 29 admission
4096 3904 51 17 was

3598 3937 61 34 only
3671 3949 16 16 a
3700 3935 119 35 shilling,
3835 3935 53 28 this
3903 3935 87 28 shows
4016 3934 59 29 that
4099 3935 60 28 the,

3597 3977 161 26 attendance
3772 3986 53 15 was
3838 3987 15 14 a
3868 3976 92 25 record
3975 3985 61 18 one.

3737 4076 124 51 Mining
3895 4076 111 42 Notes.

3632 4195 57 28 The
3718 4193 138 38 dredging
3882 4199 36 22 vol
3926 4203 64 17 urns
4024 4192 40 27 for
4098 4192 47 27 the
4153 4192 4 39 x

3598 4236 73 28 week
3813 4234 135 35 Saturday
3965 4243 67 18 were
4034 4232 110 28 —Rox-

3598 4276 87 35 burgh
3713 4276 57 31 Goz,
3799 4273 89 28 Edina
3921 4275 71 32 l2oz,
4020 4273 125 27 Dutiedin

3602 4321 70 30 18055,
3692 4314 101 29 Ettriek
3812 4314 71 37 15oz,
3895 4315 104 27 Golden
4012 4315 133 26 Treasure

3602 4358 88 32 I4iz,
3714 4355 105 27 Golden
3843 4355 69 27 Gate
3937 4356 49 26 -ki/j
4005 4354 41 27 for
4069 4354 88 30 tlueo.

3598 4396 74 27 davs'
3694 4395 81 27 work.

3638 4437 50 28 i'he
3706 4435 104 29 Golden
3836 4435 59 28 Run
3924 4435 117 35 sluicing
4068 4434 78 30 claim

3596 4476 101 28 started
3714 4476 185 37 elevating%m
3927 4471 126 41 Monday.
4095 4475 54 28 We

3596 4517 71 27 learn
3683 4516 48 28 she
3745 4516 21 27 is
3780 4525 33 18 on
3829 4528 15 15 n
3860 4525 63 28 very
3944 4515 73 34 good.
4044 4525 49 18 run
4117 4516 41 39 o%

3595 4556 72 28 wash
3683 4562 28 21 at
3726 4565 119 28 present,
3862 4556 53 27 and
3930 4555 108 28 washed
4052 4555 106 40 up,for.

3583 4596 1 37 ;
3596 4605 52 18 two
3662 4598 68 34 days
3744 4603 28 20 at
3798 4596 46 27 the
3870 4596 152 37 beginning
4048 4599 26 27 q£
4100 4597 58 31 the,

3595 4636 74 28 week
3684 4637 42 27 for
3745 4636 4 28 1
3806 4646 28 17 >z.

3634 4685 101 28 Messrs
3761 4684 111 28 Louden
3897 4683 52 29 and
3988 4688 79 34 pi.irfy
4102 4696 57 22 are,

3596 4724 123 37 drawing
3741 4732 48 19 out
3812 4724 71 27 their
3903 4723 138 38 elevating
4067 4723 75 37 plant

3583 4765 187 38 'preparatory
3805 4769 26 22 to
3864 4763 137 40 stripping
4035 4765 24 26 in
4097 4764 45 29 the

3594 4805 130 28 direction
3735 4807 29 24 of
3773 4805 47 26 the
3833 4805 210 37 Amalgamated
4054 4805 87 28 claim.

3629 4852 56 28 The
3703 4852 149 32 Roxburgh
3868 4852 207 32 Amalgama'ed
4092 4852 47 29 Co.

3813 4878 17 11 c?
3949 4878 16 12 O

3592 4904 44 16 are
3651 4902 58 18 now
3721 4892 124 38 working
3857 4899 51 21 two
3923 4894 131 26 elevators
4069 4892 71 29 clu.se

3592 4939 27 22 to
3650 4934 44 25 the
3728 4943 80 22 rmr,
3849 4943 54 17 ana
3941 4943 45 18 are
4018 4933 133 37 erecting,

3591 4973 122 32 another,
3730 4972 86 28 which
3834 4972 52 28 will
3902 4973 32 27 be
3959 4972 44 27 the
4029 4973 110 34 highest

3591 5023 63 17 ever
3673 5012 108 29 erected
3796 5013 95 33 on,the
3906 5012 87 33 claim,
4015 5019 27 21 to
4067 5014 72 28 work

3590 5064 15 15 a
3629 5053 68 36 deep
3723 5053 125 27 channel.
3900 5052 49 28 No.
3979 5056 14 23 '1
4021 5052 119 28 elevator

3592 5092 105 29 washed
3713 5103 35 27 up
3764 5094 50 27 last
3840 5093 135 38 Saturday
4005 5093 39 27 for
4076 5095 62 26 l5o>:

3594 5134 111 27 I2dwts.
3746 5134 65 27 This
3834 5133 119 29 elevator
3979 5134 20 26 is
4026 5134 63 37 only
4111 5134 26 28 in

3591 5184 45 18 use
3650 5173 188 38 occasionally.

3625 5219 73 28 Soon
3725 5221 71 26 after
3813 5219 136 38 possesion
3977 5230 54 17 was
4053 5220 84 29 taken

3588 5260 28 27 of
3632 5259 42 28 Mr
3688 5260 72 27 -John
3788 5259 123 38 Ewiug's
3926 5270 57 17 new
4006 5269 131 30 property

3592 5301 55 35 (the
3674 5299 133 28 Hercules
3832 5299 52 29 No.
3902 5299 22 39 I)
3939 5311 15 17 a
3970 5310 63 28 very
4050 5308 86 22 heavv

3587 5341 51 37 sip
3664 5340 130 28 occurred
3814 5340 72 28 close
3909 5345 29 23 to
3964 5342 46 27 the
4026 5342 68 28 head
4107 5343 30 27 of

3589 5380 44 29 the
3654 5391 71 24 race,
3748 5379 130 40 briuging
3897 5392 76 27 away
3996 5393 15 16 a
4033 5383 104 36 sidling

3587 5421 28 26 of
3629 5418 116 33 the.hill,
3785 5421 27 26 it
3838 5421 104 28 carried
3962 5432 76 27 away
4053 5424 85 27 about

3587 5465 52 24 two
3653 5461 95 27 chains
3761 5462 28 25 of
3803 5460 45 29 the
3863 5459 126 40 limning,
4006 5463 86 28 which
4115 5464 21 28 it

3587 5501 120 42 brought
3733 5502 79 27 down
3838 5509 28 22 to
3880 5503 45 28 the
3939 5503 92 36 creek,
4051 5505 85 29 about

3585 5544 61 26 oOft
3659 5553 30 17 or
3704 5543 61 37 Cyft
3789 5553 85 27 away.
3914 5548 26 24 A
3966 5546 117 27 number
4107 5546 40 26 of:

3585 5592 58 17 men
3660 5581 68 30 have
3744 5582 68 30 been
3827 5590 49 32 put
3896 5593 34 19 on
3946 5587 27 25 to
3987 5595 47 29 rep
4044 5585 31 28 dr
4089 5580 53 34 the'

3583 5634 69 17 race.

1813 99 207 50 Amount
2030 64 54 81 V
2098 106 235 42 ■eehger
2411 103 161 42 hail.

3555 104 164 52 Friday,
3742 107 107 39 June
3873 106 48 44 11,
3947 103 118 43 1897'

133 202 238 31 DISSOLUTION
391 206 45 28 OF
450 204 161 30 PARTNER-

339 244 93 29 SHIP.

176 313 148 36 FRIDAY,
337 317 70 27 18th
418 316 97 28 JUNE
527 316 65 28 1897

256 355 35 26 At
306 355 28 27 11
350 355 97 28 o'clock
460 363 55 20 a.m.

120 431 200 32 TABEZ
397 430 266 33 BURTON

185 474 43 26 has
242 473 110 28 received
371 474 162 26 instructions
547 473 60 25 from
621 471 42 26 the

113 521 96 18 owners
223 518 24 20 to
261 510 44 29 sell
319 510 29 32 by
364 510 82 36 public
465 510 97 27 auction
586 514 25 22 at
622 508 41 27 the

112 550 160 27 auctioneer's
283 559 90 23 rooms,
385 555 24 21 Bt
420 548 175 35 Roxburgh—

267 595 52 26 The
334 594 53 27 well
407 594 92 27 known

164 656 155 22 VALUABLE
333 654 111 23 MINING
455 652 158 27 PROPERTY,

113 696 111 27 Situated
247 702 26 20 at
294 696 42 26 the
358 694 140 26 Horseshoe
523 692 69 26 Bend
614 692 49 26 and

226 733 91 27 known
328 741 27 18 as
391 730 157 33 Sullivan's",

148 782 146 34 Consisting
303 783 24 24 of
346 790 13 17 a
381 779 94 36 Special
500 778 79 27 Claim
602 777 28 27 of
647 778 14 27 8

181 829 75 23 acres,
268 830 14 16 a
300 817 118 28 Licensed
435 816 113 36 Holding
571 816 92 35 (under

181 857 159 37 application)
354 856 23 26 ot
387 855 15 27 6
413 864 75 18 acres.

141 902 3 36 •
150 908 87 26 Water
248 907 89 31 Races,
350 904 58 27 with
419 904 70 33 right
501 903 29 27 of
538 904 37 26 six
597 902 64 35 good

182 944 74 28 heads
275 943 28 28 of
322 948 91 28 water;
435 941 65 27 Dam
522 941 54 30 site,
602 940 60 27 with

181 980 153 29 iSubstantial
347 980 62 27 Dam
422 979 65 27 Wall
501 989 7 20 ;
521 977 54 28 Tail
588 977 74 31 Race,

182 1018 138 30 Hydraulic
331 1018 83 33 Plant,
427 1016 128 36 complete,
576 1015 85 36 nearly

173 1067 72 23 .new,
268 1056 49 28 &nd
339 1057 25 26 in
383 1057 52 25 first
458 1055 62 27 class
548 1054 115 35 working

174 1095 86 27 -order.

148 1146 53 27 The
219 1146 84 28 claims
335 1153 39 19 are
398 1143 92 27 known
514 1147 24 20 to
562 1141 99 26 contain

113 1185 53 27 rich
189 1184 109 36 deposits
326 1183 28 28 of
385 1181 58 37 gold
477 1180 48 27 and
550 1178 112 38 fplendid

115 1228 125 32 prospects
259 1231 44 19 can
329 1222 29 27 be
385 1218 116 30 obtained
531 1218 61 28 from
621 1217 42 27 the

113 1263 74 26 wash.

185 1355 140 26 XBURGH
349 1351 135 28 BAKERY
505 1352 21 24 &
542 1350 117 24 SVORS.

147 1433 187 26 rorkrt
383 1428 251 32 kinaston,

207 1479 96 26 Maker,
319 1477 198 24 Confectioner,
533 1480 52 17 and

294 1520 187 26 Sto*»kr»prr,

203 1553 203 26 Scotland-street.
420 1549 139 31 Roxburgh.

114 1622 62 24 P.K.
193 1621 89 24 donires
299 1625 23 18 to
335 1616 73 26 thank
424 1616 41 23 th«*
480 1614 148 25 inhabitants
637 1615 26 22 of

114 1654 131 32 Roxburgh
265 1653 47 24 and
334 1649 159 30 surrounding
507 1648 106 24 district*
628 1649 35 23 for

113 1690 40 22 the
168 1691 97 26 support
286 1684 114 26 accorded
427 1684 49 22 him
494 1682 22 24 in
536 1682 40 23 the
602 1689 59 19 pasr.

113 1721 46 24 and
176 1724 24 20 to
228 1719 87 24 inform
337 1716 65 25 them
419 1716 53 23 thai
489 1715 102 25 nothing
614 1713 47 25 will

113 1755 29 23 be
159 1753 102 28 wanting
273 1760 30 15 on
318 1751 35 22 hi*
373 1754 51 24 part
439 1748 23 23 in
486 1748 41 24 the
545 1746 78 25 future
638 1750 25 20 to

113 1788 69 25 merit
196 1796 11 15 a
222 1792 138 19 cortmuant
368 1790 12 17 e
389 1784 24 22 of
425 1781 61 25 their
496 1785 106 27 >upport.

276 1848 46 25 and
336 1846 115 31 Birthday
465 1845 75 24 Cake*
557 1844 68 24 made
638 1847 25 19 to

113 1884 78 24 order.
223 1882 99 24 Soirees.
336 1880 93 24 Picnics
443 1887 26 16 or
487 1878 61 24 Balls
561 1877 99 25 catered

99 1919 48 22 tfr
160 1924 29 17 oo
201 1915 42 25 the
259 1915 107 25 shortest
377 1912 86 25 notice.

136 1987 113 29 'Nothing
260 1986 43 24 but
319 1985 39 24 the
441 1981 107 25 tn»te;inl
566 1981 69 25 used.

143 2054 66 23 Good
230 2053 211 24 assortmentment
457 2049 25 23 of
496 2048 136 29 Groceries,

292 2122 50 30 &C-|
359 2129 29 17 on
409 2119 72 27 band.

221 2189 94 25 Liberal
334 2187 115 25 Discount
462 2187 38 22 for
515 2186 72 23 Cash.

111 2294 47 52 y
163 2291 156 32 ICTOKIA
336 2288 143 31 LIVERY
494 2284 168 33 STABLES

202 2359 70 22 PEEL
285 2357 110 23 STREET.
411 2354 166 24 LAWRENCE.

115 2430 35 42 T.
180 2430 118 51 Dwyer
342 2437 8 32 :
397 2436 7 32 :
459 2422 203 52 Proprietor.

154 2517 58 29 The
224 2527 66 27 very
303 2516 61 27 best
378 2513 128 36 Stabling
522 2509 141 41 provided,

116 2558 66 29 -with
195 2568 16 17 a
225 2556 98 29 Groom
338 2555 99 37 always
451 2554 27 26 in
491 2551 172 29 attendance.

103 2651 38 30 .A
163 2648 159 30 Handsome
346 2645 54 30 and
428 2641 235 41 Well-appointed

388 2719 51 25 on
467 2706 102 36 Hire.

152 2803 155 30 First-class
340 2801 94 39 Single
467 2798 54 30 and
555 2796 108 30 Doable

106 2846 148 37 'Buggies;
274 2839 259 33 also.'Ladies'and
552 2837 96 30 Gentle-

101 2886 98 29 .men's
214 2883 101 31 Saddle
329 2882 113 30 Horses.

148 3063 267 36 MORNINGTON,
435 3059 190 32 DUNEDIN.

244 3153 58 22 FOR
327 3149 197 26 RHEUMATISM,

111 3199 280 35 TOWNSHEND'S
430 3195 231 33 RHEUMATIC

287 3246 197 32 •LINIMENT

110 3300 20 25 is
144 3308 12 16 a
170 3307 57 17 cure
240 3297 37 25 for
290 3293 81 28 which
384 3293 30 27 he
434 3293 44 26 has
496 3295 42 22 the
560 3290 101 34 highest

167 3331 172 34 testimonials,
352 3330 47 28 and
414 3328 79 28 which
508 3329 44 26 has
566 3333 43 21 not

286 3370 61 28 been
360 3367 115 29 excelled.

172 3452 77 29 THE
268 3448 183 31 PARAGON
471 3446 123 30 SALVE

142 3513 54 17 now
211 3512 13 17 n
242 3500 159 28 well-known
421 3497 105 36 specific,
546 3495 48 28 and
614 3495 44 28 has

177 3540 89 36 proved
280 3549 30 17 an
331 3537 110 27 absolute
460 3543 74 20 cuke
553 3534 35 26 for

112 3579 92 31 Ulcers,
227 3578 88 26 Burns.
336 3575 94 29 Scalds,
450 3577 68 31 Open
533 3570 123 30 Wounds,

168 3615 119 27 Poisoned
301 3613 74 27 Flesh
390 3612 47 26 and
451 3611 30 26 all
496 3610 72 25 kinds
581 3614 24 20 ot

345 3650 77 28 Sores.

233 3719 293 33 TESTIMONIALS.

135 3780 15 20 A
171 3778 96 21 Resident
288 3777 20 21 of
328 3777 31 20 St..
379 3775 89 21 Bathuns

96 3798 4 33 ■
112 3798 3 33 |
124 3806 94 21 im-hnseil
230 3815 10 10 a
251 3805 38 20 box
303 3804 21 21 of
334 3810 49 14 vour
393 3804 114 23 Ointment,
518 3801 39 20 and
568 3800 16 20 it
594 3798 61 22 cured

110 3842 24 13 mii
145 3841 48 19 oj>en
205 3840 42 13 sore
253 3832 51 21 from
312 3826 63 26 widch
383 3838 18 14 m
405 3838 11 14 v
423 3829 67 22 father
498 3836 38 12 was
543 3828 59 20 sufFei
609 3828 33 21 iiig
651 3826 4 34 ;

109 3864 20 18 in
140 3863 47 20 fiici.
199 3862 14 19 it
227 3867 39 13 was
279 3860 35 20 the
326 3859 45 20 best
380 3859 108 19 Ointment
505 3864 28 12 we
543 3855 52 21 have
609 3860 47 14 ever

108 3889 49 20 hud.
184 3889 19 20 If
212 3893 39 20 y«a
267 3888 52 19 have
331 3893 38 18 »ny
385 3892 55 14 more
456 3885 108 20 Ointment
579 3882 41 20 like
630 3881 24 24 it,

108 3916 65 27 please
183 3915 48 21 send

136 3944 88 26 Writinj?
235 3943 50 22 from
300 3942 34 21 tlx*
349 3940 126 23 NortlvE:ist
486 3938 82 27 Valley,
578 3945 12 13 a
600 3936 55 27 Lady

110 3979 46 13 savs
286 3977 31 14 me
327 3977 11 14 a
348 3969 72 26 su|>}>lv
430 3968 22 20 of
458 3975 50 13 vonr
517 3967 4 28 <
528 3967 127 20 )intmeuton

112 4006 50 13 your
179 4001 49 17 r»xt
242 3998 53 24 visit,
312 4004 21 12 as
349 4004 28 11 we
392 3995 92 21 consider
498 3995 14 20 it
524 3991 132 23 invaluable.'

134 4026 87 20 Tnomas
241 4024 90 26 M<ff»tt,
355 4023 21 20 of
406 4022 89 25 Mosgiel,

111 4054 52 20 have
173 4053 47 19 used
231 4059 49 19 your
290 4050 121 22 Rheumatic
420 4050 103 20 Liniment,
536 4049 66 20 twice,
616 4046 40 20 and

111 4081 51 20 have
173 4079 78 21 alrei'dv
262 4078 88 22 received
362 4078 33 21 the
411 4080 88 24 greatest
513 4076 76 21 benefit
604 4075 51 20 from

108 4109 25 21 it.
159 4108 54 20 Send
223 4114 52 14 more

147 4144 94 26 Dozen*
263 4144 26 24 of
311 4142 69 26 other
400 4139 173 28 Testimonials
595 4139 61 26 have

110 4182 51 26 also
174 4182 58 24 been
247 4180 107 26 received
376 4180 30 36 by
430 4179 40 26 the
489 4175 167 35 undersigned

92 4218 4 37 ,
109 4220 67 35 quite
190 4218 150 27 unsolicited.

227 4295 64 28 Send
303 4305 63 27 your
378 4296 89 26 Orders
481 4299 26 22 to
510 4309 31 5 —

155 4351 42 28 -C.
253 4349 179 29 TOWNS
447 4349 103 28 HEN
566 4348 34 34 D,

207 4407 198 26 MORNINGTON,
418 4407 134 21 DUNEDIV

110 4482 194 56 COBB
373 4485 50 53 &
486 4482 167 58 CO.'S

219 4561 169 23 TELEGRAPH
413 4562 68 20 LINE
507 4561 35 21 OF

157 4603 128 29 ROYAL
305 4602 97 29 MAIL
423 4600 185 31 COACHES.

309 4654 146 29 Lawrence

143 4699 154 27 Beaumont
420 4694 66 28 Moa
499 4693 62 28 Flat

143 4737 97 28 Teviot
420 4733 158 27 Alexandra

144 4776 86 30 Civile
425 4770 142 32 Cromwell

143 4819 173 26 Arrowtowu
425 4814 181 34 Queenstown

355 4854 64 29 And

181 4904 55 29 Alll
257 4902 197 30 Intermediate
480 4900 103 28 Places.

145 4986 77 29 Cobb
237 4984 54 28 and
316 4982 74 29 Co.'s
412 4980 154 37 Telegraph
590 4979 68 29 Line

106 5028 29 27 of
148 5026 84 38 Royal
249 5023 66 29 Mail
340 5021 120 31 Coaches
482 5021 76 29 leave
581 5019 57 28 Law-

105 5077 80 20 rence
205 5066 43 28 for
270 5064 47 29 the
336 5063 153 28 Beaumont
508 5061 55 28 and
584 5059 56 29 Rox-

105 5108 90 38 burgh
214 5116 83 28 every
320 5104 69 38 day;
409 5104 51 28 and
484 5103 75 28 leave
583 5101 55 28 Rox-

104 5149 89 37 burgh
230 5148 41 27 for
304 5144 166 35 Alexandra,
503 5142 153 36 Cromwell,

103 5193 183 28 .Arrowtown,
300 5185 54 29 and
376 5185 181 36 Queenstown
574 5193 81 18 everv

102 5230 137 37 Tuesday,
265 5226 143 37 Thursday
431 5225 53 28 and
508 5223 147 38 Saturday,

101 5271 132 37 reaching
242 5269 182 35 Queenstown
435 5266 47 28 the
491 5275 73 18 same
573 5275 65 17 even-

204 5315 164 33 Passengers
381 5306 75 29 leave
474 5305 128 29 Dunedin
617 5305 37 37 by

100 5355 48 27 the
162 5353 63 28 8.15
240 5360 63 18 a.m.
327 5347 68 29 train
410 5358 7 23 ;
437 5346 75 28 leave
532 5346 105 36 Queens-

100 5404 74 19 town
189 5403 34 18 on
239 5399 73 20 same
327 5388 67 38 days
406 5391 29 25 at
449 5388 15 28 5
474 5396 72 26 a.m.,
561 5385 77 30 reach-

100 5436 50 36 ing
163 5429 156 38 Roxburgh
338 5434 29 22 at
381 5428 16 27 8
411 5438 76 26 p.m.,
501 5427 54 27 and
568 5426 71 28 arriv-

100 5476 50 35 ing
170 5477 28 25 at
220 5471 149 29 Lawrence
390 5471 29 25 at
447 5468 61 27 1.45
529 5476 65 29 p.m.
618 5476 34 18 on

99 5514 144 36 following
256 5511 77 37 days.

289 5550 130 38 Booking
435 5548 83 28 Office
532 5548 42 28 for
588 5548 66 28 Pas-
662 5548 1 40 j

99 5605 115 30 sengers
227 5592 55 30 and
296 5590 110 30 Parcels
418 5600 5 17 :
450 5588 69 28 N.Z.
534 5588 120 38 Express
662 5588 1 47 1

100 5638 75 32 Co/s
190 5635 93 31 Office.
296 5633 205 31 Manse-street,
516 5628 137 30 Dunedin.

136 5678 82 31 Head
245 5675 100 29 Office:
380 5671 173 33 Peel-street,
577 5670 57 28 Law-

97 5731 90 22 rence.

230 5758 38 33 JET.
291 5753 119 33 CRAIG
428 5759 25 22 &
475 5751 67 35 CO,

435 5793 180 39 Proprietors.

771 212 150 33 SHARES
947 210 75 32 FOR
1050 207 107 32 SALE.

690 294 94 40 T?OR
810 293 96 30 SALE
931 292 52 29 BY
1007 287 164 35 TENDER,
1204 285 35 29 35

771 334 128 29 Pleasant
931 332 97 38 Valley
1059 326 181 38 Goldmining

691 375 74 30 Co.'s
788 375 108 29 Shares.
935 372 121 30 Tenders
1077 374 29 26 to
1131 368 34 29 be
1191 365 32 30 ad-

677 408 1 44 i
690 415 98 30 dressd
828 415 46 34 X.,
917 414 51 38 C/o
999 412 106 34 Editor,
1139 408 102 30 Mount

677 449 2 43 j
692 458 113 27 Benger
819 456 84 29 Mail.
932 455 58 28 The
998 450 119 42 disposal
1126 450 29 29 of
1164 449 76 28 these

677 492 2 42 j
692 497 93 28 shares
810 496 81 29 offers
923 505 34 18 an
981 492 137 31 excellent
1143 498 81 31 oppor-

677 529 2 45 !
693 537 91 37 tnnity
814 536 44 29 for
882 548 16 17 a
920 534 168 40 thoroughly
1101 530 89 31 sound
1200 529 42 29 in-

677 573 2 44 I
693 581 146 31 vestment,
866 588 29 18 as
915 576 47 29 the
981 576 53 29 last
1048 573 126 37 wash-up
1187 580 56 19 was

692 629 15 17 a
720 617 98 39 highly
832 617 174 36 satisfactory
1020 626 60 19 one.
1120 612 123 30 Tenders

677 647 1 49 1
692 663 28 24 to
734 658 33 29 be
782 658 28 29 in
824 659 37 37 by
875 657 47 30 the
938 658 63 29 12th
1016 657 73 29 June

841 739 57 21 THE
911 736 187 24 CELEBRATED

691 777 170 31 COKNISH
882 775 204 32 AMERICAN
1103 772 141 31 PIANOS

833 826 82 29 AND
941 822 162 32 ORGANS.

696 904 50 29 Vf
754 904 117 30 ESSRS
899 901 168 32 CORNISH
1089 899 24 30 &
1129 899 56 30 CO.
1199 909 46 18 are

790 945 48 29 the
851 944 64 38 only
929 944 60 28 firm
1004 942 29 29 of
1045 940 90 30 actual
1149 950 77 18 manu-

691 985 134 29 facturers
839 984 29 30 of
887 984 69 39 high
978 981 69 39 grad
1049 991 14 12 n
1077 981 99 28 Pianos
1190 979 52 29 and

692 1025 108 39 Organs
826 1025 28 28 in
880 1025 47 28 the
962 1021 104 31 United
1093 1021 93 29 States
1217 1020 29 29 of

677 1061 1 40 |
692 1066 112 28 Ameria
835 1065 99 36 selling
963 1061 168 38 exclusively
1157 1061 87 28 direct

677 1096 2 47 j
691 1105 72 29 from
776 1106 47 29 the
837 1106 106 37 factory
953 1107 30 25 to
993 1104 46 27 the
1049 1101 111 38 general
1175 1101 57 38 pub

677 1136 1 48 j
691 1146 45 35 lie,
745 1150 29 24 at
783 1144 169 40 guaranteed
962 1142 144 30 wholesale
1117 1142 75 39 price
1202 1142 43 28 for

677 1183 1 42 I
691 1198 16 18 a
720 1187 89 38 single
822 1186 176 29 instrument.
1037 1183 45 29 No
1096 1186 99 34 agents
1214 1193 31 18 or

677 1219 1 52 |
692 1227 105 29 dealers
818 1236 46 19 are
885 1224 114 30 allowed
1025 1228 28 25 to
1075 1223 101 29 handle
1198 1223 48 28 the

677 1263 2 43 j
692 1268 117 30 Cornish
819 1267 144 29 American
977 1265 100 29 Pianos
1085 1275 31 18 or
1124 1263 120 38 Organs.

677 1303 2 45 |
691 1308 29 30 It
733 1310 22 28 is
765 1309 59 37 just
838 1319 29 18 as
880 1318 64 28 easy
958 1306 44 30 for
1016 1306 47 28 the
1087 1304 110 30 readers
1216 1303 29 29 of

677 1344 3 49 |
691 1350 55 27 this
759 1358 85 30 paper
856 1352 28 24 to
898 1348 36 28 sit
946 1347 80 29 down
1051 1346 55 28 and
1129 1344 82 28 order
1230 1354 16 17 a

677 1385 2 45 j
692 1390 86 28 Piano
791 1398 31 19 or
837 1388 92 38 Organ
942 1388 72 28 from
1028 1385 136 34 America,
1177 1395 29 17 as
1216 1387 29 25 to

677 1418 2 43 j
692 1430 80 29 order
782 1440 51 18 one
845 1430 70 27 from
927 1428 71 28 their
1009 1426 85 29 music
1105 1429 82 30 store,
1197 1424 46 28 the

677 1462 1 44 I
691 1471 64 35 only
770 1470 146 26 difference
931 1468 83 35 being
1028 1466 65 35 they
1106 1464 54 27 will
1180 1473 64 18 save

692 1509 69 28 from
777 1509 35 28 50
826 1513 28 24 to
873 1508 47 28 100
934 1516 49 30 per
995 1509 74 25 cent.

730 1550 53 29 \Ve
795 1550 69 29 have
877 1548 109 38 Organs
1000 1546 70 30 from
1084 1546 38 28 £6
1136 1548 26 25 to
1177 1543 68 34 £25,

693 1591 98 28 Pianos
804 1591 69 27 from
889 1590 56 27 £34-
959 1593 28 23 to
1000 1588 66 31 £OO,
1078 1586 53 28 and
1141 1595 41 17 we
1195 1583 48 29 sell

692 1631 42 30 for
747 1630 64 31 cash
826 1640 30 19 or
883 1639 71 29 upon
974 1627 160 31 instalment
1154 1624 89 40 plans,

677 1667 1 51 j
692 1677 28 24 to
734 1673 55 28 suit
811 1671 47 29 the
881 1670 182 29 convenience
1077 1668 28 29 of
1118 1667 47 29 the
1179 1677 49 27 pur-

677 1706 1 42 ;
691 1713 105 28 chaser.
835 1711 59 28 Our
924 1710 76 38 large
1029 1708 54 30 and
1110 1706 135 39 complete

692 1753 145 36 catalogue
859 1751 54 28 will
939 1751 34 29 be
996 1748 155 31 forwarded
1172 1757 73 29 upon

692 1798 119 34 request.
852 1791 63 30 Uis
929 1791 47 29 the
988 1791 82 28 finest
1078 1788 166 39 description

693 1835 29 28 of
735 1834 100 28 Pianos
847 1833 56 28 and
917 1832 109 38 Organs
1039 1830 90 29 issued
1145 1830 36 37 by
1192 1839 53 27 any

677 1870 1 40 !
693 1875 60 28 firm
776 1874 28 27 in
829 1873 46 29 the
901 1877 125 33 country,
1040 1871 52 28 aud
1108 1870 78 38 gives
1200 1870 46 28 the

677 1910 1 40 |
692 1914 89 29 actual
794 1914 106 36 factory
914 1912 80 29 value
1007 1912 28 27 of
1048 1921 82 27 every
1145 1910 86 28 instru-

692 1959 75 24 ment
781 1954 21 27 it
816 1953 146 29 describes.
986 1952 76 27 With
1077 1960 81 28 every
1172 1955 59 23 cata-

692 1995 82 38 logue
786 1995 23 28 is
823 1992 146 40 presented
983 2003 50 17 our
1047 1992 100 38 unique
1162 1991 70 28 refer-

690 2046 67 17 ence
772 2035 82 33 book,
896 2033 58 28 The
972 2032 84 28 Heart
1070 2032 28 27 of
1111 2032 47 27 the
1178 2031 51 28 Peo-

790 2073 88 28 Write
887 2073 44 28 for
939 2072 153 37 catalogue.
1114 2071 132 35 Address,

814 2125 171 31 CORNISH
1006 2124 24 31 &
1056 2124 66 36 CO.,

706 2176 161 23 Washington,
882 2174 54 20 NKW
949 2174 91 21 JERSKT,
1053 2173 57 24 C.S.,
1123 2174 110 18 AMERICA.

728 2246 50 29 EX
788 2246 8 27 I
804 2245 77 30 RAO
886 2245 48 28 HI)
953 2244 108 29 NARY

928 2291 281 30 OPPORTUNITY.

676 2371 2 24 i
691 2373 78 22 FROM
788 2374 58 21 THE
866 2373 131 21 FACTORY
1019 2373 103 20 J)IRECT
1136 2372 35 20 TO
1190 2371 56 21 THE

887 2401 110 23 CUSTOM
1004 2401 41 21 El!.

694 2470 90 57 OUR
798 2472 105 26 Company
919 2470 16 21 is
955 2470 73 26 felling
1042 2470 63 20 direct
1120 2472 21 17 to
1156 2468 36 21 the
1203 2477 42 13 cu«-

769 2505 72 20 tomer,
860 2500 49 20 thus
928 2497 108 27 procuring
1054 2497 31 21 for
1104 2497 34 20 the
1157 2496 61 21 litter
1235 2505 10 12 a

678 2526 1 27 '
692 2529 75 24 double
791 2534 105 19 economy,
922 2526 87 21 namely.
1030 2526 36 19 the
1087 2526 61 24 profit
1211 2526 35 19 the

678 2552 1 28 j
694 2556 107 24 wholesale
810 2555 75 25 dealt-r,
895 2553 39 20 and
945 2553 36 20 the
990 2559 56 14 more
1055 2552 139 21 considerable

678 2580 1 27 !
692 2588 21 19 of
722 2588 35 19 the
764 2583 57 21 retail
833 2582 52 20 dealt
892 2588 15 15 r.
918 2580 121 24 amounting
1052 2584 21 16 to
1082 2580 51 20 from
1142 2587 21 12 as
1175 2581 21 18 to
1204 2580 42 20 £lO

677 2607 2 33 i
692 2621 54 19 upon
762 2619 10 12 a
783 2611 62 24 single
857 2609 73 20 waich.
959 2607 66 20 Retail
1035 2614 28 13 wa
1075 2609 24 18 ch
1110 2607 78 20 dealers
1205 2607 39 20 and

677 2628 2 40 j
691 2640 109 28 jeweller?,
807 2637 78 26 usually
892 2635 72 21 selling
971 2634 36 20 but
1015 2642 10 12 a
1032 2634 39 20 few
1080 2634 87 20 watches
1179 2633 65 26 daily,

677 2659 1 31 !
692 2677 33 13 are
735 2667 67 23 forced
813 2670 22 16 to
844 2665 59 21 make
913 2670 25 13 an
946 2662 154 25 extraordinary
1112 2663 59 25 profit
1190 2668 53 20 upon

677 2689 1 30 i
691 2698 48 21 each
750 2702 38 15 one
806 2693 45 21 sold
861 2693 19 21 in
899 2692 59 20 order
978 2693 22 17 to
1010 2691 70 26 defray
1092 2690 54 20 their
1162 2689 81 27 grmral

677 2731 1 19 i
691 2731 104 19 expenses.

717 2757 38 20 We
782 2754 142 21 manufacture
946 2758 23 13 as
994 2758 37 13 our
1063 2750 106 26 speciality
1197 2749 46 25 only

690 2785 86 24 sterling
793 2783 61 20 silver
871 2788 23 13 or
913 2778 47 28 gold
984 2778 150 22 stem-wiudcis

692 2811 103 25 watches).

720 2848 44 20 The
775 2846 79 27 keyless
861 2844 123 22 mechanism
1000 2843 21 20 of
1037 2842 87 21 watches
1139 2842 16 19 is
1169 2848 37 12 one
1223 2841 22 19 of

694 2876 35 21 the
751 2878 53 18 most
824 2875 72 24 import
901 2874 36 18 ant
951 2871 39 21 and
1006 2870 66 22 useful
1089 2868 118 23 invention*
1222 2868 22 20 of

695 2903 83 21 modem
801 2901 68 21 times.
897 2899 81 20 Instead
995 2899 21 20 of
1035 2897 101 25 fumbling
1152 2898 19 18 in
1188 2896 56 19 one's

677 2922 2 35 j
694 2930 83 25 pockets
788 2931 21 17 to
822 2928 40 20 find
878 2927 35 19 the
928 2926 46 24 key,
991 2926 67 19 which
1073 2924 59 19 when
1148 2922 63 21 found
1228 2923 16 18 i*

693 2960 54 19 most
767 2956 75 25 always
867 2953 55 22 filled
940 2953 49 21 with
1004 2950 115 23 dust—this
1134 2950 21 21 of
1172 2956 72 14 course

695 2987 58 23 being
760 2983 124 23 transferred
899 2986 21 17 to
930 2981 35 22 the
976 2980 129 22 watch-one
1117 2980 35 21 has
1169 2978 38 22 hut
1223 2981 21 18 to

693 3016 47 19 turn
748 3020 12 13 a
773 3011 87 21 knurled
872 3011 74 19 button
961 3009 61 21 fitted
1031 3011 22 17 to
1063 3008 35 20 the
1113 3007 91 25 pendent
1214 3007 30 21 (or

693 3040 59 26 ring),
764 3039 47 20 thus
819 3037 89 25 winding
915 3037 36 19 the
960 3036 66 19 watch
1032 3035 41 20 and
1087 3034 114 26 reguUtiug
1209 3033 35 19 the

692 3067 64 21 hands
765 3067 25 25 by
800 3067 35 19 the
844 3072 55 14 same
913 3070 76 14 means.

718 3101 44 21 Our
771 3100 88 20 watches
868 3105 35 14 are
910 3096 130 28 everywhere
1049 3094 115 27 recognised
1179 3095 22 20 to
1220 3093 24 21 he

692 3129 36 21 the
743 3129 44 19 best
804 3128 20 20 in
835 3126 36 21 the
885 3125 88 26 market,
984 3124 117 25 surpassing
1113 3122 27 21 all
1150 3121 60 22 other
1217 3121 27 26 by

691 3157 36 20 the
736 3155 98 27 precision
850 3153 22 21 of
881 3152 54 21 tbeir
944 3154 127 19 movements
1085 3157 21 13 as
1123 3149 46 22 well
1179 3157 22 12 as
1218 3149 26 26 by

690 3184 54 22 their
753 3188 96 21 accuracy
858 3180 40 22 and
906 3180 119 26 cheapness.

715 3220 44 21 Our
769 3218 87 26 factory,
871 3216 54 25 since
941 3215 27 22 its
978 3214 121 23 foundation
1107 3214 20 21 in
1140 3213 56 26 1852,
1208 3212 36 21 has

689 3246 95 28 acquired
795 3253 10 13 a
821 3244 124 21 world-wide
960 3242 126 27 reputation,
1102 3241 38 21 and
1148 3240 96 21 obtained

690 3276 35 20 the
750 3274 82 24 highest
852 3272 80 21 awards
952 3270 53 21 from
1025 3270 27 20 all
1073 3270 37 20 the
1130 3268 114 27 important

689 3302 137 22 Exhibitions.
855 3299 33 21 No
915 3298 66 21 watch
1009 3298 68 20 leaves
1105 3303 37 14 our
1165 3296 77 19 factorv

690 3329 88 22 without
799 3327 74 23 having:
892 3326 51 21 been
961 3324 100 26 carefully
1080 3323 107 22 examined
1203 3322 40 21 and

689 3357 90 24 verified,
797 3356 48 21 thus
863 3354 61 26 being
938 3354 62 26 ready
1019 3352 32 22 for
1070 3351 118 22 immediate
1198 3357 44 14 use.

689 3386 54 22 Each
753 3392 38 14 one
798 3385 16 20 is
824 3386 37 24 put
869 3390 27 18 up
906 3383 21 20 in
934 3389 26 13 an
969 3382 90 25 ellegant
1073 3378 103 22 silk-lined
1190 3385 52 19 case,

687 3415 39 19 and
737 3411 141 27 accompanied
889 3411 25 25 by
924 3417 11 12 a
946 3410 102 24 warranty
1058 3408 33 20 for
1101 3407 57 20 three
1176 3413 65 19 years.

713 3441 43 21 The
772 3441 65 22 buyer
850 3445 46 18 may
913 3440 70 18 return
1002 3443 41 15 any
1061 3434 22 21 of
1098 3441 38 14 our
1155 3433 87 21 watches

688 3469 77 21 withen
773 3469 29 19 six
814 3466 82 21 months
905 3464 73 21 should
993 3464 36 20 the
1047 3463 61 21 latter
1122 3463 36 19 not
1175 3462 65 20 afford

687 3497 36 21 the
732 3499 53 18 most
795 3494 99 25 complete
901 3492 136 22 satisfaction.

713 3524 33 21 All
764 3522 79 22 articles
858 3521 44 21 sold
917 3528 35 13 are
967 3517 104 23 delivered
1082 3518 43 24 post
1139 3517 49 25 free,
1201 3516 39 20 and

676 3543 1 32 I
685 3557 79 17 custom
781 3552 52 23 duty
850 3549 46 23 paid
914 3550 22 18 to
953 3554 40 19 any
1012 3550 47 23 part,
1077 3545 21 19 of
1117 3545 35 19 the
1171 3545 68 24 worM,

687 3580 47 21 thus
745 3578 88 21 without
842 3577 35 20 the
891 3576 96 26 slightest
998 3572 82 23 trouble
1098 3579 22 13 or
1136 3572 103 25 formality

687 3611 21 16 to
717 3607 36 20 the
762 3606 94 20 receiver.

713 3634 33 21 All
757 3632 75 27 lepairs
856 3630 73 26 during
948 3630 35 19 the
1002 3628 12 19 3
1024 3633 58 20 years
1099 3626 21 20 of
1131 3628 110 21 guarantee

685 3670 35 13 are
744 3659 98 23 executed
868 3656 143 25 gratuitously,
1038 3655 14 21 if
1071 3655 36 19 the
1133 3655 64 19 watch
1217 3654 23 20 he

687 3689 112 21 forwarded
811 3691 21 15 to
842 3694 36 13 our
889 3686 83 20 London
982 3685 65 18 office.

710 3717 43 19 The
758 3714 105 25 following
868 3721 33 12 arc
908 3712 47 21 cash
964 3712 63 25 prices
1037 3709 188 21 withoutdi.-c>unt.
1235 3716 5 12 :

1180 3747 15 21 £
1221 3753 18 15 s.

736 3783 26 20 A.
776 3779 152 25 Stem-winder,
944 3777 85 23 sterling
1044 3776 67 23 silver,
1123 3775 41 20 hall

786 3808 91 24 marked,
894 3805 94 28 jewelbd
1007 3804 19 20 in
1044 3805 12 17 (»
1080 3803 84 24 actions,

784 3835 75 27 crystal
868 3834 59 27 glass,
936 3841 10 12 a
954 3836 71 17 strong
1031 3831 39 21 and
1078 3830 86 21 durable

786 3863 65 20 wutrh
887 3877 23 6 ...
1015 3858 4 25 ■
1031 3875 5 4 •
1142 3874 21 5 •••
1217 3858 23 19 1-

715 3910 47 20 AA.
777 3907 43 21 The
829 3912 55 13 same
894 3903 48 21 with
954 3902 75 21 double
1044 3902 60 19 silver
1119 3909 45 12 case

786 3933 106 28 (Hunter),
901 3930 102 27 elegantly
1012 3929 100 27 engraved
1141 3945 21 5 ...
1216 3929 24 20 18

736 3980 25 20 B.
777 3978 53 21 G«dd
849 3975 146 22 stem-winder,
1019 3973 40 19 hall
1083 3973 81 19 maiked

788 4008 71 18 .strorg
869 4003 78 25 keyltss
957 4002 73 18 action.
1041 3999 92 26 j»we|led
1145 3999 19 19 in

788 4033 24 19 1H
830 4031 84 22 actions,
934 4028 49 21 with
1005 4027 45 24 p'»!d
1075 4034 23 12 or
1115 4026 48 20 steel

788 4057 132 23 hnnds.small
929 4055 71 21 second
1010 4055 47 21 dial.
1065 4061 100 14 engr»veu

788 4088 19 19 in
816 4084 99 22 beautiful
923 4083 161 24 d»sign«,engine
1092 4081 72 21 turned

788 4122 23 11 or
819 4114 52 24 plain
881 4110 150 28 polished.with
1041 4116 123 19 monogram,

786 4142 83 21 initials,
878 4147 61 19 arms,
950 4141 40 18 etc.
1017 4154 21 5 ...
1142 4153 22 4 ...
1191 4136 13 20 2
1230 4136 11 17 0

717 4189 43 21 88.
774 4187 43 21 The
827 4192 54 13 same
889 4192 21 12 as
920 4184 24 25 B,
953 4182 48 21 with
1011 4184 68 20 strong
1089 4180 75 21 double

786 4214 45 26 gold
842 4220 51 15 case,
904 4219 24 12 an
946 4210 101 21 excellent
1061 4209 39 20 and
1117 4215 48 13 vetv

786 4243 81 21 elegant
877 4239 125 24 timekeeper
1023 4253 13 5 ..
1141 4252 5 4 .
1159 4234 4 30 .
1191 4236 11 19 3
1218 4234 24 19 10

736 4284 24 21 C.
775 4281 64 27 Royal
849 4278 148 24 chronograph,
1011 4278 22 18 18
1043 4278 55 19 cirat,
1109 4276 53 26 gold,

788 4314 50 17 jnost
849 4308 92 23 superior
949 4307 79 26 key'e»s
1040 4307 123 20 movement,

786 4338 22 19 r-f
823 4338 33 19 the
875 4338 52 19 m'st
944 4337 93 17 accurate
1054 4332 97 20 workman-

786 4366 54 21 shin.
859 4364 39 20 and
917 4370 38 11 on<-
968 4362 22 19 of
1004 4361 34 19 the
1049 4360 45 20 best
1105 4367 47 12 wear-

786 4392 94 22 resisting
891 4389 88 22 watches
1016 4405 21 5 ...
1142 4403 22 5 ...
1192 4387 11 19 4
1229 4386 13 20 0

716 4438 41 21 CC.
771 4437 43 21 The
824 4441 53 14 same
889 4432 63 21 watch
969 4432 48 20 with
1034 4430 74 21 double
1125 4431 40 20 and

787 4466 57 19 extra
854 4465 70 20 strong
934 4469 52 14 C'se.
998 4460 23 20 18
1038 4460 55 19 carat
1110 4458 53 23 go'd.

786 4490 120 25 wr'isticdly
947 4486 108 24 engraved,
1092 4493 73 14 engine

786 4518 73 21 turned
878 4525 23 12 or
918 4516 55 25 plain
993 4513 99 27 polished,
1115 4513 49 20 with

786 4552 135 20 monograms,
933 4543 83 25 initials,
1027 4546 36 16 etc.
1142 4558 22 4 ...
1192 4540 12 20 6
1219 4540 23 19 10

737 4592 27 21 D.
780 4589 94 26 Imperial
883 4587 93 21 calendar
983 4586 148 21 chronometer.
1141 4585 24 20 18

787 4620 55 18 carat,
860 4617 51 23 gold,
933 4614 109 21 indicating
1063 4613 35 19 the
1116 4613 24 19 da
1145 4620 17 13 v.

787 4645 36 19 the
833 4644 61 20 week,
906 4643 35 19 the
953 4641 78 25 month,
1039 4640 39 20 and
1089 4640 47 20 date
1144 4639 21 20 of

787 4671 80 26 month,
885 4669 92 27 jewelled
995 4668 20 21 in
1037 4667 22 22 18
1079 4667 84 22 ac'ions.

789 4699 47 20 with
853 4699 25 19 all
891 4699 34 18 the
934 4698 61 18 latest
1005 4697 160 24 improvements

788 4726 37 20 and
842 4725 123 22 inventions,
976 4730 37 12 ons
1029 4723 21 19 of
1068 4723 35 19 the
1120 4723 18 17 b-
1146 4725 19 15 st,

787 4753 38 19 and
850 4752 53 19 most
926 4750 129 25 magnificent
1077 4748 87 20 watches

788 4778 160 23 manufactured,
965 4777 49 21 such
1026 4784 21 12 as
1058 4784 33 13 are
1103 4783 61 13 never

788 4808 42 20 so'd
840 4808 25 19 bv
876 4806 58 21 retail
941 4805 78 22 dealers
1028 4805 31 21 for
1067 4804 39 21 less
1113 4804 50 20 than

787 4835 40 20 £25
854 4829 4 27 '
889 4850 21 6 ...
1014 4848 23 5 ...
1141 4848 5 4 .
1158 4847 5 5 .
1178 4831 24 19 10
1228 4830 12 18 0

714 4881 33 21 All
757 4888 36 14 our
800 4881 87 21 watches
894 4888 32 13 arp
933 4879 155 22 manufactured
1096 4879 19 20 in
1123 4879 12 20 2
1143 4878 44 20 diff»
1194 4879 45 18 rent,

676 4905 1 30 j
689 4909 57 23 size®,
756 4909 53 21 large
819 4909 37 20 anil
866 4909 57 21 str.al'
935 4909 39 23 (for
985 4907 114 25 gentlemen
1107 4906 40 21 and
1159 4905 80 26 ladies,)

689 4937 85 20 without
784 4937 109 21 difference
900 4937 22 21 of
933 4944 18 18 pi
957 4937 36 21 ice.

714 4964 39 19 Old
765 4965 91 20 watches,
868 4965 32 19 o'd
911 4964 45 25 gold
967 4964 38 20 and
1016 4963 61 20 silver
1089 4961 39 20 wi'l
1139 4961 25 19 he
1176 4961 61 18 taken

676 4987 1 29 !
687 4991 19 20 in
717 4993 98 23 payment
824 4994 20 16 at
861 4991 35 20 the
914 4991 81 25 highest
1011 4991 66 24 value,
1090 4989 15 20 if
1124 4987 112 21 forwarded

676 5015 1 33 j
687 5018 26 27 by
723 5017 65 26 pared
798 5021 46 22 post,
852 5020 22 19 to
884 5026 36 12 our
929 5019 89 21 address.

713 5046 136 20 Remittances
864 5053 46 18 may
929 5046 24 20 be
972 5046 59 20 made
1049 5045 67 20 either
1130 5043 27 26 by
1167 5042 68 22 Postal

686 5073 72 21 Order.
769 5073 89 26 Cheque,
870 5073 56 20 Bank
938 5073 62 20 Notes
1010 5073 90 25 (postage
1118 5075 77 21 s'amps
1205 5070 32 20 for
1245 5070 1 29 i

685 5100 58 21 small
758 5101 101 25 amounts)
876 5100 21 21 of
916 5107 39 20 any
974 5107 93 23 country,
1084 5100 20 21 in
1125 5098 110 28 registeted
1245 5098 1 32 j

685 5128 69 26 letter,

711 5157 20 19 It
753 5156 16 20 i«
788 5163 36 14 our
842 5157 38 20 aim
892 5158 21 17 to
932 5157 44 23 give
995 5157 35 20 the
1052 5156 80 21 utmost
1147 5154 88 25 possible
1245 5154 1 26 |

685 5183 124 21 satisfaction
828 5186 22 17 to
867 5191 37 14 our
920 5185 78 24 c'ients,
1016 5184 94 22 knowing
1127 5182 42 21 this
1179 5186 21 16 to
1211 5182 24 18 he
1245 5182 1 27 i

685 5211 34 20 the
725 5211 45 20 best
780 5211 156 22 advertisement
951 5212 32 20 for
995 5219 38 14 our
1043 5211 103 26 products,
1158 5210 38 20 and
1207 5210 26 20 all
1245 5210 1 28 j

685 5238 44 19 who
736 5238 52 20 have
873 5240 83 20 entered
967 5240 43 20 into
1028 5239 94 20 business
1138 5238 96 20 relations
1245 5238 1 27 j

684 5266 48 19 with
740 5273 24 13 us
771 5266 66 26 gladly
847 5267 127 21 recommend
985 5274 23 15 us
1018 5269 22 19 to
1051 5266 52 21 their
1110 5265 77 22 friends
1195 5265 39 21 and
1245 5265 1 27 j

683 5294 159 25 acquaintance*.

708 5326 89 21 Address
807 5327 29 21 for
845 5327 72 22 letters
926 5327 40 21 and
978 5327 68 21 orders
1056 5335 5 13 :

708 5368 110 42 Morse
844 5368 273 53 Manufacturing
1143 5367 69 52 Co,,
1245 5366 1 55 j

807 5422 18 26 7,
845 5423 56 20 RED
920 5423 68 20 LION
1007 5422 93 21 COURT

873 5457 101 24 London,
995 5457 49 21 E.C.

859 5527 21 19 at
903 5532 57 19 once,
985 5526 19 21 in
1024 5532 61 17 every
1099 5525 91 26 locality,
1210 5532 23 13 an
1245 5523 1 28 I

682 5552 116 23 intelligent
817 5560 70 17 person
910 5556 22 17 to
946 5555 31 17 act-
992 5560 21 12 as
1040 5560 38 13 our
1100 5554 73 24 Agent.
1201 5553 33 19 No
1245 5552 1 26 I

682 5579 73 26 special
788 5579 116 27 knowledge
940 5579 101 27 nquired,
1073 5580 40 20 and
1148 5579 87 19 without
1245 5579 1 27 j

682 5606 121 22 interfering
823 5608 47 20 with
888 5609 82 24 present
993 5607 127 26 occupation.
1147 5606 88 25 Highest
1245 5606 1 27 !

682 5635 66 26 salaiy
768 5634 39 21 and
827 5636 135 21 commi'Mon.
991 5637 32 19 An
1042 5635 101 21 excellent
1164 5641 70 20 oppor-
1245 5634 1 27 '

692 5663 60 26 unity
766 5662 32 21 for
812 5670 11 13 a
931 5669 66 19 young
1007 5670 47 14 ™an
1065 5670 22 13 or
1096 5662 56 22 ladv.

684 5714 140 29 TZOZIR
844 5715 84 27 TEA.
969 5714 64 28 This
1059 5713 89 29 brand
1174 5713 23 27 is
1219 5722 27 36 aj

760 5758 149 31 guarantee
917 5755 28 29 of
955 5755 90 38 purity
1054 5755 53 28 and
1118 5753 115 40 quality.
1245 5753 1 40 :

682 5796 56 38 Try
752 5796 46 29 the
811 5797 29 29 2s
852 5808 7 23 ;
880 5796 45 29 'tis
939 5795 101 39 superb
1053 5795 5 28 !
1245 5788 1 46 I

1266 293 91 57 W.
1402 293 72 51 T.
1519 294 306 61 Talbeys,

1435 411 225 38 ROXBURGH,

1300 486 58 29 Has
1372 494 61 18 now
1447 482 115 40 Opened
1579 484 42 28 his
1635 482 91 38 Large
1738 482 56 30 and

1380 536 103 30 Varied
1498 536 178 30 Assortment
1685 534 29 30 of

1275 626 298 61 WINTER

1544 716 281 58 GOODS!

1406 816 59 39 (per
1491 812 63 31 S.S.
1580 810 120 38 Gothic.)

1306 910 225 33 BLANKETS!
1571 905 224 32 BLANKETS!

1310 966 96 28 White
1409 964 106 28 —from
1529 962 32 28 9s
1577 959 53 31 lid
1644 969 49 28 per
1706 958 60 38 pair

1311 1004 246 33 Coloured—from
1571 1002 32 28 9s
1623 999 51 30 lid
1689 1009 48 30 per
1750 998 61 40 pair

1394 1092 120 31 RUGS!
1591 1088 125 31 RUGS!

1351 1146 112 40 Striped
1524 1145 71 28 from
1631 1143 32 28 4s
1692 1141 61 30 lid.

1399 1241 112 29 WOOL
1544 1237 173 32 SHAWLS.

1367 1296 26 28 A
1431 1294 90 38 Large
1556 1293 186 29 Assortment.

1321 1397 237 42 WINTER
1611 1394 172 40 DRESS

1446 1458 214 38 STUFFS

1536 1525 29 20 IN

1343 1582 154 35 SERGES,
1526 1578 242 35 CORDUROYS,

1424 1632 172 36 TWEEDS,
1622 1630 59 36 etc.,

1331 1688 82 29 From
1431 1688 49 28 10s
1496 1686 34 28 Gd
1543 1685 47 28 the
1605 1684 60 28 Full
1681 1683 33 27 Di
1716 1693 57 17 •ess.

1363 1767 135 42 Splendid
1523 1768 167 28 assortment
1715 1763 28 29 of

1408 1821 90 31 NEW
1524 1818 169 32 JACKETS

1444 1870 72 27 from
1547 1869 45 27 16s
1618 1865 45 29 Gd.

1323 1963 79 43 New
1444 1959 175 50 Millinery,
1652 1956 136 50 Gloves,

1431 2031 159 49 Ribbons,
1625 2028 64 42 &c.

1378 2138 103 31 LONG
1519 2136 77 32 FUR
1634 2133 99 32 BOAS

1455 2191 71 27 from
1552 2190 31 27 4s
1610 2187 45 29 Gd.

1371 2276 22 26 A
1418 2273 75 31 large
1519 2272 167 28 assortment
1707 2267 29 28 of

1314 2334 27 28 M
1359 2331 108 30 EN'S
1521 2326 271 34 CLOTHING.

1420 2415 94 28 Latest
1541 2412 93 38 Styles
1659 2412 27 27 in

1350 2472 110 36 HATS,
1491 2470 185 35 SCARVES,
1703 2469 49 30 Ac.

1324 2566 117 31 MENS*
1467 2575 56 20 and
1549 2565 98 29 BOYS
1682 2564 96 30 CAPS

1294 2628 7 17 i
1323 2617 110 28 endless
1453 2615 215 37 variety—from
1693 2613 35 28 Gd
1751 2612 74 28 each.

1320 2699 24 28 A
1359 2697 77 40 large
1451 2697 52 28 and
1519 2695 122 30 assorted
1657 2694 78 29 stock
1750 2694 29 28 of

1373 2748 120 28 BOOTS
1519 2756 54 19 and
1599 2746 132 27 SHOES.

1290 2874 88 54 W.
1392 2874 59 54 T.
1474 2870 357 65 TALBOYS,

1411 2982 287 31 ROXBURGH.

1340 3153 423 44 BERNSTONE,

1321 3233 77 29 THE
1619 3232 145 29 TAILOR

1420 3292 94 34 (From
1541 3292 152 36 Dunedin),

1349 3370 73 28 TTT
1432 3369 64 30 ILL
1512 3369 65 29 visit
1592 3367 164 38 Roxburgh,

1469 3410 105 28 Millers
1605 3410 71 34 Flat,
1702 3408 54 28 and

1345 3451 191 37 surrounding
1570 3450 123 28 districts
1727 3454 29 23 at

1344 3492 110 39 regular
1466 3491 140 36 intervals,

1481 3547 78 28 when
1575 3547 35 27 he

1356 3614 102 27 WILL
1473 3614 104 28 TAKE
1592 3612 150 29 ORDERS

1345 3680 28 22 to
1397 3675 56 27 suit
1469 3675 45 26 the
1529 3673 183 29 convenience
1726 3673 29 26 *-f

1421 3721 46 27 the
1486 3720 66 28 local
1576 3719 103 38 public.

1392 3814 129 29 Charges
1545 3814 160 28 Moderate.

1346 3909 76 28 Suit:-
1433 3908 68 28 from
1514 3908 36 28 V)
1563 3908 43 33 3s;
1620 3906 132 29 Trousers

1476 3956 69 27 from
1564 3955 55 28 16s.

1344 4048 45 28 Fit
1404 4046 173 29 Guaranteed
1599 4056 30 17 or
1650 4045 101 37 Money

1446 4099 48 24 not
1508 4094 140 40 accepted.

1274 4242 254 29 DISSOLUTION
1556 4242 48 26 OP
1634 4240 168 29 PARTNER-

1500 4283 92 28 SHIP
1596 4283 3 28 .

1270 4366 167 38 JOHNS
1492 4366 32 37 &
1572 4365 252 42 M'COMBE,

1408 4424 158 28 MILLBKS
1585 4424 99 28 FLAT.

1272 4504 183 29 TTAVL\G
1468 4504 154 28 Purchased
1635 4504 47 27 the
1693 4503 131 28 Business

1367 4545 29 28 of
1422 4546 46 27 the
1495 4546 58 26 firm
1585 4545 30 28 of
1645 4544 92 28 Johvs
1771 4553 53 18 and

1271 4585 149 36 M'Combe,
1436 4586 20 28 it
1470 4586 54 28 will
1549 4586 33 27 be
1604 4584 83 29 taken
1710 4594 66 18 over
1795 4595 29 17 as

1269 4626 69 28 from
1355 4627 47 27 the
1422 4626 61 28 15th
1496 4626 65 32 inst,
1580 4625 52 27 and
1657 4625 52 27 will
1725 4625 83 27 hence-

1269 4666 117 28 forward
1417 4666 34 28 be
1477 4665 104 29 carried
1602 4675 33 16 on
1664 4664 88 28 under
1778 4665 46 27 the

1270 4718 80 16 name
1364 4706 30 28 of
1413 4709 17 13 u
1443 4707 31 27 E.

1307 4746 45 27 All
1389 4748 129 25 accounts
1556 4744 92 37 owing
1681 4747 73 24 must
1790 4743 34 27 be

1269 4786 99 30 settled
1389 4790 29 25 at
1438 4797 76 19 once.

1416 4838 32 28 E.
1489 4836 100 29 JOH
1603 4835 71 33 NS,

1282 4887 116 21 GROCKII
1413 4887 61 21 AND
1493 4885 136 21 GENERAL
1644 4884 164 21 MERCHANT.

1467 4950 153 22 AGENCIES;

1267 4991 179 29 Manchester
1460 4991 63 28 Fire
1536 4990 150 27 Insurance
1701 4988 47 29 Co.

1267 5033 159 27 Australian
1439 5031 104 29 Mutual
1556 5029 147 29 Provident
1714 5029 110 37 Society

1267 5076 66 76 J>~
1440 5096 57 40 W
1564 5095 18 38 I
1651 5094 35 38 N
1755 5094 35 38 N
1816 5126 6 11 ,

1269 5179 133 25 PAINTER,
1428 5176 131 26 GLAZIER,
1582 5174 93 23 PAPER
1695 5174 128 20 HANGER.

1340 5213 69 22 SIGN
1430 5211 117 22 WRITER
1569 5210 61 21 AVI)
1654 5207 94 23 HOUSE

1455 5244 176 24 DECORATOR,

1357 5298 70 28 Ross
1449 5297 99 34 Place,
1569 5294 162 30 Lawrence.

1302 5388 41 29 On
1361 5386 62 30 Sale
1437 5397 16 18 a
1463 5386 77 36 large
1551 5384 54 30 and
1616 5383 91 30 varied
1719 5386 87 26 assort-

1266 5433 75 23 ment
1354 5428 29 26 of
1397 5427 69 33 Oils,
1481 5426 104 34 Paints,
1610 5424 98 33 Scrim,
1732 5423 88 33 Glass,

1265 5467 230 38 Paperhangings
1517 5465 55 28 and
1592 5463 136 30 Painters'
1749 5461 54 30 Sun-

1265 5510 82 30 dries.

1302 5550 69 28 New
1380 5547 53 29 and
1443 5546 172 30 fashionable
1622 5545 74 27 Wall
1709 5544 111 37 Papers,

1267 5590 69 28 from
1352 5588 36 28 f>d
1411 5597 49 28 per
1481 5587 76 37 piece
1580 5584 136 37 upwards,
1759 5586 46 24 fat-

1267 5635 75 25 terns
1356 5634 61 24 sent
1431 5638 34 18 on
1486 5625 176 39 application,
1677 5628 62 34 post
1752 5623 66 29 free.
1832 5623 1 41 ;

1304 5670 147 28 Estimates
1465 5667 83 38 given
1561 5667 43 27 for
1628 5663 115 30 General
1767 5663 36 28 Re-

1265 5712 82 37 pairs,
1672 5744 5 5 _
1832 5712 1 37 i

1303 5748 163 32 Celebrated
1482 5747 130 29 Lustruss
1631 5744 90 35 Paint,
1736 5743 82 38 ready
1830 5743 3 42 j

1262 5790 101 28 mixed,
1377 5790 35 28 all
1428 5788 122 30 Colours.

1852 197 139 35 TfiVIOT
2233 195 171 31 CHURCH.

1951 266 251 57 SuiJ®fcervices
2214 278 57 30 will
2293 277 34 30 be
2340 287 49 20 con-

1939 324 144 29 ducteaas
2095 322 92 29 follow
2201 331 45 18 :

1853 370 111 29 Roxburgh
1975 372 20 21 (7
2004 370 84 29 p.m.)—
2090 370 52 21 Rev.
2152 368 21 21 J,
2184 367 27 21 H.
2220 365 84 26 Hooper

1997 399 43 21 The
2050 395 139 26 Stewardship
2200 393 21 21 of
2237 393 83 21 Human

1854 425 47 23 Coal
1912 427 65 22 Crefk
1986 427 21 26 (3
2017 424 82 28 p.m.)—
2102 424 51 21 Rev.
2164 422 23 22 J.
2196 421 26 22 H.
2239 420 84 27 Hooper

1855 453 78 23 Ettrick
1941 456 28 24 (11
1982 455 81 23 a.m.)—
2066 454 52 19 Rev.
2125 451 21 21 J.
2156 450 27 21 H.
2195 449 82 24 Hooper

1941 482 54 25 (6.30
2005 480 119 28 p.m.)—Mr
2133 476 111 22 Matthews

1994 579 68 39 J.r
2108 573 300 44 WILLIAMS,

1881 649 200 24 HAIRDRESSER
2100 648 63 23 AND
2180 645 202 28 TOBACCONIST,

2052 689 165 29 Lawrence.

2077 758 298 33 HAIRCOMBINGS

1940 814 110 30 MADE
2070 812 92 30 INTO
2182 810 145 30 PLAITS.

1860 887 101 31 Orders
1971 889 37 38 by
2016 890 62 37 post
2087 885 139 42 promptly
2232 884 132 30 attended
2374 887 37 26 to.

1959 1009 44 38 C.
2026 1009 53 40 ;J.
2123 1008 189 53 Coombs,

1881 1080 193 31 SUhGICAL
2093 1080 25 30 &
2137 1079 259 32 MECHANICAL

2052 1127 167 32 DENTIST

2070 1188 39 27 (By
2124 1188 81 26 Exam.)

1968 1322 150 30 C(»MBS
2136 1332 62 25 may
2213 1321 33 28 be
2262 1320 150 30 Consulted

2013 1414 126 42 \lekon's
2163 1413 95 30 Hotel

1912 1466 41 27 On
1977 1466 154 34 FRIDAY,
2156 1466 71 28 18th
2253 1465 110 29 JUNE.

2018 1494 24 24 r

1900 1546 39 26 As
1954 1545 14 29 I
1982 1545 92 29 intend
2089 1544 114 36 visiting-
2222 1543 54 29 this
2297 1543 117 29 District

1862 1585 184 38 periodienllv,
2060 1586 21 27 it
2091 1585 52 28 will
2153 1594 64 19 save
2231 1583 124 29 Patients
2366 1584 48 28 the

1860 1636 120 27 expense
1994 1625 126 40 of'proing
2133 1630 28 24 to
2175 1630 73 24 town
2263 1635 7 25 ;
2290 1624 55 29 and
2358 1634 30 19 as
2399 1624 15 29 I

1862 1673 149 25 trnrtninfee
2030 1667 32 27 nil
2088 1666 87 35 work,
2201 1666 124 28 Patients
2347 1675 63 28 may

1860 1707 57 38 rely
1932 1718 33 18 on
1979 1707 110 38 getting
2102 1717 16 17 a
2131 1706 143 29 first-class
2285 1706 125 29 denture.

1859 1787 92 22 TKF.TH
1980 1788 80 21 MADE
2088 1787 37 22 BY
2156 1787 96 21 OTHER
2279 1786 135 22 DENTISTS

1880 1821 131 21 PROVING
2021 1820 252 23 UNSATISFACTORY
2283 1820 62 21 MAY
2356 1820 35 20 BE

1914 1857 192 21 REMODELLED
2121 1857 36 20 AT
2170 1856 94 21 SMALL
2278 1854 77 23 COST.

1865 1926 123 28 Painless
2018 1926 159 29 Extraction
2206 1924 67 28 with
2299 1923 114 28 Nitrous

1900 1966 87 30 Oxide
2010 1967 63 35 Gas,
2096 1966 126 34 Cocaine,
2236 1964 96 35 Ether,
2346 1974 32 19 or

2047 2006 182 31 Chloroform.

1862 2079 132 30 Stopping
2016 2089 69 20 with
2105 2081 84 34 Gold,
2213 2078 147 36 Amalgam,
2380 2085 34 20 or

2076 2123 123 31 Cement.

1959 2199 30 29 C.
2036 2199 28 29 J.
2117 2197 131 30 COOM
2260 2197 63 37 BS,

2005 2248 127 29 Sukgfon
2155 2247 118 29 Dentist

1904 2294 145 40 (Opposite
2063 2294 128 39 Cargill's
2205 2294 174 37 Monument)

2069 2341 80 21 DUNE
2154 2341 57 21 DIN.

1979 2381 79 33 (Late
2074 2381 74 29 Kitld
2162 2380 55 31 and
2233 2380 59 36 Co.)

3607 5721 43 21 TV
3662 5722 49 21 Itc-v.
3724 5723 31 20 Mr
3766 5723 28 21 lv.l
3799 5724 62 20 wards
3870 5722 47 22 held
3930 5723 30 20 his
3974 5723 56 21 u<uil
4042 5723 91 27 monthly

3703 5753 109 24 lCoxhuigli
3822 5758 25 14 ixi
3854 5753 91 24 .Sunday.
3961 5751 43 22 The

3582 5785 18 14 in
3613 5787 34 12 uic
3660 5780 2 27 .
3670 5786 28 12 v«.
3708 5780 18 19 i.i
3729 5790 12 15 S
3752 5786 38 14 w<t->
3800 5786 47 19 very
3856 5784 45 23 ihijJ'
3912 5795 5 8 ,
