4240 5910
89 203 131 43 Record
254 203 102 51 Reign
388 199 246 45 Celebrations.

191 311 140 31 PUBLIC
351 308 185 31 MEETING.

127 404 58 28 The
198 402 121 35 meeting
331 400 88 30 called
432 400 36 36 by
484 400 46 26 the
546 408 95 27 mayor

92 447 28 25 to
138 442 126 31 consider
286 441 73 27 what
380 440 71 28 form
472 439 45 28 the
533 436 105 30 Record

89 484 91 38 Reign
211 482 186 30 Celebrations
437 479 99 29 should
574 477 64 29 take

88 525 98 37 locally
205 534 54 18 was
280 522 63 28 held
367 527 27 23 at
411 521 46 28 the
471 520 166 28 Athenaaum

89 564 64 28 Hall
183 574 35 17 on
253 562 126 37 Tuesday
403 560 130 36 evening,
558 559 76 26 when

83 605 89 28 •about
181 603 85 37 thirty
275 601 155 38 gentlemen
438 609 69 19 were
518 600 117 37 present.

126 650 31 27 In
183 648 177 36 introducing
385 647 45 27 the
456 646 125 27 business
607 644 29 27 of

88 691 46 26 the
153 694 131 32 meeting,
305 689 46 26 the
374 687 137 28 chairman
534 684 56 28 said
614 684 20 27 it

88 741 53 17 was
155 740 44 18 sea
202 729 52 29 reel
259 739 14 19 v
296 738 142 25 necessary
460 727 44 27 for
524 726 56 27 him
605 729 28 23 to

87 771 110 36 enlarge
234 778 34 18 on
309 769 46 26 the
393 766 117 36 subject.
557 764 75 36 They

85 809 101 30 wished
201 815 27 23 to
241 808 160 39 participate
415 807 24 28 in
456 807 45 28 the
524 804 109 30 Jubilee

81 851 181 28 ■celebrations
294 860 33 16 on
363 851 44 24 the
433 847 74 28 22nd
534 847 29 26 of
586 846 46 27 the

81 890 109 33 'month,
213 890 52 27 and
289 889 33 27 lie
346 887 85 28 would
458 887 33 28 be
515 884 65 38 glad
604 889 27 23 to

85 930 104 29 receive
207 929 176 37 suggestions
405 940 28 15 as
458 934 28 20 to
506 927 45 27 the
573 927 59 26 best

84 970 78 27 mode
175 969 30 29 of
218 970 84 32 doing
316 980 37 15 so.
397 967 42 28 He
458 967 90 37 migiit
574 975 56 27 say,

82 1017 28 19 to
123 1010 144 37 expediate
282 1015 120 27 matters,
415 1007 119 31 that'the
549 1006 81 29 Brass

82 1049 79 30 Band
194 1049 53 30 had
278 1049 102 30 offered
412 1049 69 28 their
515 1047 117 30 services

83 1093 85 27 <trutin
190 1097 27 21 to
239 1091 81 28 assist
345 1091 26 27 in
400 1093 136 30 whatever
562 1090 68 26 form

82 1131 48 28 the
143 1131 165 28 celebration
334 1131 89 37 might
446 1129 72 28 take.
522 1145 35 3 —
564 1129 68 37 (Ap-

82 1172 114 39 plause).

122 1213 47 27 Mr-
193 1213 101 27 Burton
326 1212 57 29 sail
413 1212 24 27 in
472 1221 52 26 any
557 1216 75 30 steps

82 1253 65 36 they
162 1253 90 34 might,
266 1253 63 28 take
351 1257 46 23 the
423 1252 59 27 first
506 1250 125 39 question

83 1294 61 28 that
156 1293 88 28 would
260 1293 131 38 probablv
410 1303 70 18 arise
494 1291 88 29 would
601 1292 32 27 be

84 1335 59 26 that
163 1334 30 28 of
214 1345 73 16 wavrs
313 1334 51 26 arid
392 1344 100 20 means,
519 1333 52 26 and
600 1333 33 25 he

83 1374 90 38 might
195 1385 47 27 say
266 1375 32 28 he
324 1373 49 29 had
398 1371 98 30 looked
521 1381 35 28 up
586 1372 46 28 the

83 1415 159 28 authorities
274 1427 33 16 on
348 1415 45 27 the
431 1412 109 38 subject
578 1413 53 27 and

81 1454 119 36 thought
302 1456 44 26 the
373 1454 123 34 Borough
517 1451 113 30 Council

81 1494 90 35 could,
186 1494 87 28 under
283 1495 45 27 the
341 1493 145 36 Municipal
500 1494 115 35 Corpora-

79 1534 72 28 tions
168 1542 52 21 Act
233 1536 29 27 of
281 1533 4 35 I
298 1536 57 32 -:9o,
369 1533 138 28 subsidise
522 1534 20 27 £
557 1534 42 27 for
613 1534 19 27 £

79 1584 54 25 any
159 1575 157 27 reasonable
340 1580 112 22 amount
479 1573 86 28 raised
595 1574 36 36 by

80 1615 42 27 Vol
128 1620 96 31 iintary
235 1615 105 28 snbseri
346 1626 14 25 p
365 1624 6 9 f
376 1615 66 36 ions.

119 1656 44 27 Mr
174 1656 102 27 liaines
287 1656 95 33 asked,
393 1654 27 28 H
430 1656 26 27 id
467 1655 45 29 the
524 1664 14 18 c
558 1654 70 28 uncil

80 1705 53 28 any
146 1695 62 38 plan
223 1702 26 22 to
264 1702 125 26 surest.

122 1741 7 22 J
141 1737 32 26 he
190 1736 27 27 M
226 1747 59 16 ivor
297 1736 4 27 :
326 1737 50 26 X<>.

117 1775 44 29 Mr
176 1776 102 28 Haines
289 1776 58 28 s?iid
363 1776 76 28 there
451 1787 53 17 was
519 1787 35 19 no
566 1776 65 28 time

79 1818 45 28 •for
142 1828 53 23 any
222 1818 139 28 elaborate
383 1818 110 27 scheme
515 1828 69 17 even
610 1818 21 26 if

76 1858 69 36 they
164 1858 102 26 wished
294 1864 28 18 to
491 1867 62 24 one,
576 1857 53 27 and

78 1898 35 30 lie
126 1898 160 30 considered
301 1898 70 29 their
384 1898 93 38 object
488 1897 99 29 should
599 1898 31 28 be

79 1944 29 24 to
121 1939 80 28 made
214 1940 46 26 the
282 1940 123 27 occasion
427 1950 13 16 a
467 1939 164 28 memorable

80 1990 53 18 one
157 1980 30 28 of
218 1985 122 31 greatest
372 1986 120 22 moment
526 1985 26 21 to
585 1980 46 26 the

80 2020 133 28 children.
265 2020 40 27 He
345 2020 99 33 would,
485 2020 145 33 therefore,

80 2071 115 28 propose
237 2060 37 39 (i)
286 2073 12 15 a
308 2060 150 39 torchlight
465 2060 165 38 procession,

80 2102 87 26 which
183 2102 89 30 might
286 2102 108 27 include
404 2102 35 26 all
451 2103 45 25 J.lie
510 2100 119 33 friendly

79 2140 132 36 societies,
226 2142 16 26 it
338 2152 49 17 can
402 2152 30 17 or
446 2151 45 18 are
501 2140 126 38 disposed

78 2189 29 22 to
114 2182 69 38 join,
201 2183 57 27 also
275 2183 97 27 'school
395 2182 133 34 children,
553 2182 75 27 brass

77 2222 84 34 hand,
192 2227 63 29 etc.,
282 2232 49 18 ere.
346 2234 7 22 ;
377 2224 38 32 ['!)
442 2234 16 14 a
484 2221 141 28 fireworks

77 2262 106 38 display
207 2274 34 16 on
267 2263 45 27 the
335 2272 124 25 reserve.-;
479 2261 54 28 and
551 2262 38 34 (3)
612 2271 15 17 a

77 2303 117 27 number
225 2303 29 25 of
288 2302 116 28 bonfires
436 2312 33 18 on
500 2301 127 28 different

75 2343 91 37 points
174 2354 33 17 on
220 2343 46 28 the
276 2343 185 35 surrounding
472 2342 70 28 hills.
583 2340 44 29 He

76 2383 86 27 would
178 2382 56 27 also
257 2382 53 28 add
326 2389 27 20 to
375 2383 40 27 his
438 2382 101 27 morion
564 2382 62 27 that

74 2422 47 28 the
135 2422 117 38 surplus,
274 2423 20 27 if
314 2434 62 26 any,
399 2422 98 29 should
521 2423 34 27 be
578 2422 31 29 de-

72 2464 82 28 voted
166 2469 28 22 to
204 2474 16 17 a
232 2464 66 27 fund
310 2464 42 27 for
362 2464 133 28 destitute
504 2464 118 38 patients

73 2509 30 24 at
115 2505 46 28 the
182 2504 147 28 Lawrence
350 2504 138 38 Hospital,
508 2514 29 18 as
557 2515 49 28 sug-

72 2545 97 39 gested
185 2546 35 36 by
234 2544 38 29 Dr
286 2544 104 29 Newell
405 2549 27 24 at
452 2548 150 25 Lawrence.

108 2586 57 27 The
180 2585 147 28 resolution
352 2595 54 17 was
425 2585 137 28 seconded
586 2586 36 36 by

71 2625 47 30 Mr
152 2624 4 33 t
168 2632 87 25 'untie,
288 2624 54 29 and
381 2624 105 30 carried
527 2625 79 28 unani-

71 2665 115 39 mously.

108 2707 27 29 It
150 2718 52 18 was
225 2707 108 28 further
345 2706 125 29 resolved
494 2707 60 28 that
573 2707 46 28 the

68 2748 130 38 Borough
232 2747 111 30 Council
372 2748 32 28 be
430 2747 123 29 solicited
591 2752 29 24 to

68 2789 135 28 subsidise
225 2790 20 27 £
260 2789 42 28 for
323 2789 20 28 £
357 2791 49 34 (up
429 2794 27 23 to
479 2789 68 35 £10)
570 2789 48 28 the

70 2834 114 24 amount
209 2833 27 24 to
258 2830 33 27 be
305 2828 88 29 raised
416 2829 37 38 by
474 2829 145 38 voluntary

68 2870 207 38 subscriptions.

108 2910 69 30 That
191 2910 51 30 His
263 2910 128 39 Worship
406 2911 45 29 the
467 2911 96 38 Mayor
582 2911 34 29 be

69 2952 144 35 requested
227 2957 28 20 to
270 2951 106 26 declare
391 2952 45 25 the
459 2952 75 26 22nd
545 2952 73 26 June

67 3001 19 17 a
98 2989 108 36 general
221 2989 119 37 holiday.

110 3029 57 28 The
192 3029 141 38 following
358 3029 170 28 committees
550 3039 70 18 were

74 3069 147 39 appointed
233 3068 217 41 :—Canvassing
489 3070 112 30 Commit-

74 3118 42 22 tee
128 3122 5 16 :
152 3112 97 27 Messrs
264 3110 182 35 Winchester,
463 3111 108 34 Dunne,
588 3112 30 28 B.

78 3151 29 29 V.
122 3151 97 36 Reilly,
234 3151 45 28 W.
295 3151 128 28 Iviniston
438 3152 53 28 and
505 3152 114 35 Jefferv,

74 3191 157 30 Procession
239 3192 173 28 Committee:
423 3192 98 29 Messrs
528 3192 92 39 Moyle

74 3232 31 29 (t.
133 3232 164 39 Fitzgerald,
323 3232 27 29 J.
368 3232 152 37 M'Kenzie,
538 3233 80 36 Hart,

73 3273 143 36 Morrison,
230 3273 53 29 and
301 3273 42 29 W.
359 3273 145 30 Kinaston.
544 3274 61 29 Fire-

73 3314 88 27 works
177 3312 178 30 Committee:
383 3314 101 28 Messrs
511 3314 102 35 Biillie,

70 3353 111 39 Jeffery,
195 3353 54 29 and
264 3353 112 29 Haines.
421 3354 105 29 Bonfire
538 3354 61 30 Com-

70 3394 93 28 mittee
176 3405 5 16 :
209 3394 98 28 Messrs
328 3394 26 28 J.
370 3394 27 28 J.
413 3396 99 33 Smith,
543 3395 57 27 Win-

73 3435 114 34 chester,
201 3434 92 35 Davis,
321 3436 26 28 J.
363 3434 112 36 Martin,
486 3435 27 29 J.
529 3436 90 35 Drew,

70 3475 53 27 and
141 3474 42 29 W.
201 3476 116 28 Malone.

108 3516 44 28 Mr
178 3516 103 29 Haines
296 3526 54 19 was
363 3516 104 29 elected
483 3521 136 34 secretary

71 3556 53 29 and
136 3561 145 24 treasurer.

109 3596 26 28 It
149 3607 54 17 was
217 3596 108 29 further
346 3597 123 29 resolved
498 3597 61 28 that
579 3597 45 29 the

75 3637 153 38 procession
240 3637 96 29 should
349 3638 69 29 form
429 3637 179 31 attheschool-

72 3679 86 28 house
171 3685 28 20 at
215 3680 63 35 7pm
290 3690 33 16 on
336 3679 46 28 the
392 3681 80 36 night
481 3682 28 25 of
518 3680 106 27 Record

74 3719 89 35 Reign
173 3717 70 38 Day.

109 3759 59 28 The
206 3758 87 28 whole
318 3759 29 27 of
372 3760 47 27 the
452 3761 171 28 committees

76 3809 70 18 were
183 3797 146 39 requested
357 3802 28 24 to
424 3804 71 23 meet
520 3806 29 23 at
582 3801 45 26 the

77 3839 166 30 Athenaeum
257 3848 35 17 on
305 3838 144 39 Thursdey
461 3839 70 37 (la't)
546 3850 65 18 even-

77 3879 58 35 ing,
149 3883 28 22 at
190 3885 83 31 bpm.,
290 3883 28 22 to
331 3887 93 29 report
438 3890 137 27 progress.

116 3921 23 25 A
159 3922 63 25 vote
242 3918 29 28 of
292 3918 101 29 thanks
429 3923 28 25 to
483 3921 46 28 the
555 3919 74 29 chair

79 3959 121 36 brought
214 3959 46 26 the
274 3959 181 36 proceedings
470 3964 28 23 to
518 3971 15 16 a
547 3960 81 28 close.

195 4053 316 50 Correspondence.

146 4140 243 30 WANDERING
415 4140 155 31 CATTLE.

258 4191 30 20 TO
301 4196 43 16 THE
358 4192 88 21 EDITOK.

119 4228 162 37 Sir,—Will
304 4241 54 27 you
377 4231 91 38 please
490 4231 78 29 allow
589 4242 44 18 me

84 4280 81 28 space
190 4274 28 24 to
244 4271 104 38 shortly
369 4271 83 39 bring
474 4272 87 28 under
586 4274 47 28 the

84 4311 92 38 public
190 4311 89 29 notice
302 4312 46 28 the
368 4322 118 19 numoer
498 4313 28 28 of
539 4316 94 26 horses

84 4352 53 28 and
157 4352 83 28 cattle
255 4351 59 30 that
336 4363 45 18 are
400 4352 81 33 again
496 4354 84 28 beinc
593 4354 26 29 al-

337 4394 8 7 »

83 4394 86 27 lowed
183 4398 28 23 to
225 4398 75 32 stray
319 4398 85 24 aoout
424 4395 47 27 the
496 4399 98 25 streets
596 4412 35 4 —

82 4432 146 40 especially
238 4438 29 23 at
278 4432 90 39 night.
403 4434 57 29 The
469 4439 85 25 smart
564 4436 67 28 fines

83 4474 122 38 imposed
219 4484 73 27 upon
305 4474 136 30 offenders
455 4476 30 28 of
497 4476 53 28 this
561 4476 69 28 class

81 4516 38 36 by
139 4514 45 29 Mr
206 4513 155 40 M'Carthy,
376 4514 81 37 S.M.,
471 4526 75 19 some
566 4516 63 30 nine

83 4555 108 27 months
205 4565 52 26 ago
271 4555 54 26 had
345 4566 15 15 a
375 4566 66 21 very
467 4556 162 28 wholesome

80 4594 90 34 effect,
184 4596 53 25 and
258 4604 40 16 we
318 4594 53 27 had
385 4605 16 17 a
411 4594 113 28 distinct
536 4596 78 28 abate-

83 4638 75 23 ment
183 4634 29 27 of
232 4633 47 27 the
305 4633 129 28 nuisance
458 4634 44 28 for
526 4636 103 26 several

81 4674 111 26 months
205 4672 170 29 afterwards.
423 4673 106 38 Lately,
556 4675 55 27 how-

81 4723 72 26 ever,
167 4713 95 37 things
283 4723 45 18 are
356 4713 152 39 beginning
521 4719 28 23 to
563 4714 67 29 drift

81 4753 71 28 back
166 4757 28 23 to
207 4753 73 27 their
293 4753 114 36 original
419 4758 80 31 state,
511 4765 29 17 so
550 4756 81 27 much

81 4803 29 17 so
124 4793 61 27 that
198 4793 99 27 almost
321 4803 54 26 any
400 4794 66 28 time
490 4805 17 15 a
532 4804 95 27 person

80 4842 94 28 passes
206 4831 84 36 along
321 4843 74 18 some
427 4833 30 29 of
484 4843 51 18 our
561 4833 68 29 back

80 4877 99 24 streets
192 4872 35 28 he
241 4872 53 28 will
308 4872 34 28 be
355 4883 61 19 sure
430 4879 28 23 to
471 4885 43 17 see
523 4885 16 15 a
552 4873 79 29 beast

78 4918 29 24 at
121 4913 50 27 full
185 4912 110 38 liberty.
336 4913 84 29 What
434 4914 14 28 I
462 4914 99 37 mostly
582 4914 33 28 ob-

79 4953 56 38 ject
155 4957 28 23 to
197 4953 22 27 is
229 4951 61 29 that
312 4953 22 27 it
353 4954 23 27 is
390 4954 46 28 the
450 4963 74 19 same
535 4953 96 39 people

81 4993 61 27 who
155 4992 101 37 always
269 4993 91 29 offend
379 4994 28 28 in
433 4994 55 28 this
513 4999 118 32 respect.

81 5033 77 37 They
171 5043 46 18 are
225 5033 63 37 only
303 5045 16 16 a
329 5034 60 35 few,
401 5034 53 28 and
466 5038 74 24 must
551 5034 78 29 think

80 5073 65 29 t.hev
171 5073 70 28 have
270 5085 16 16 a
312 5080 107 32 greater
445 5074 76 37 right
542 5079 29 25 to
585 5075 47 28 the

81 5114 94 35 public
189 5118 97 23 streets
301 5115 64 27 than
387 5116 78 28 other
486 5116 145 28 residents.

81 5153 57 27 Not
163 5163 75 18 more
263 5154 66 28 than
359 5164 16 18 a
399 5154 75 30 week
502 5165 52 22 airo
580 5165 51 19 one

102 5194 5 4 •
131 5194 6 10 l
398 5195 7 9 i

81 5195 91 38 night,
182 5205 35 19 on
234 5205 44 28 my
292 5199 92 26 return
398 5195 90 37 home,
502 5197 14 29 I
537 5208 54 18 saw
617 5208 14 18 a

81 5236 80 26 horse
175 5245 35 17 on
224 5245 16 17 a
253 5241 83 23 street
351 5236 52 27 and
424 5236 86 28 found
537 5248 15 16 a
574 5247 57 18 cow

81 5274 134 40 enjoying
225 5274 101 32 herself
338 5276 27 28 in
376 5287 44 27 my
433 5276 104 38 garden
550 5289 7 22 ;
577 5277 54 29 and

82 5327 36 17 on
132 5327 74 17 more
229 5317 66 28 than
318 5328 50 18 one
394 5320 124 26 occasion
534 5320 13 27 I
563 5320 70 27 have

81 5367 64 18 seen
159 5356 83 29 cattle
267 5358 54 28 and
347 5357 94 30 horses
454 5358 178 40 deliberately

83 5397 100 29 turned
196 5398 93 29 aarift.
328 5402 27 24 A
368 5403 114 34 strange
496 5402 105 26 feature
610 5400 23 28 is

83 5437 61 29 that
171 5437 78 31 these
274 5437 113 31 animals
402 5450 58 26 are,
491 5441 14 29 1
528 5451 44 18 am
592 5440 28 29 in-

84 5479 117 34 formed,
223 5484 49 24 not
297 5480 47 28 the
362 5487 131 31 property
512 5483 30 26 nf
568 5492 66 27 poor

83 5518 106 38 people,
205 5519 50 28 but
269 5519 28 29 of
311 5529 111 28 persons
437 5521 60 28 who
511 5532 48 17 can
575 5521 58 28 well

83 5558 87 30 afford
192 5560 72 28 their
288 5559 70 39 keep
379 5560 53 29 and
457 5561 87 33 cu»;bt
558 5567 29 23 to
601 5561 33 29 be

83 5600 87 28 above
199 5600 100 38 taking
331 5601 65 27 such
428 5607 88 32 petty,
543 5602 91 29 selfish

84 5640 153 39 sdvantage
257 5642 29 29 of
307 5640 47 29 the
377 5641 101 39 public.
516 5643 16 28 I
554 5642 80 29 think

85 5682 22 28 it
120 5682 23 27 is
156 5682 69 37 fully
236 5682 66 28 time
310 5681 60 29 that
379 5685 73 35 steps
466 5692 71 19 were
549 5683 84 28 taken

83 5724 30 27 to
131 5730 131 31 suppress
283 5720 55 31 this
358 5725 57 26 sort
437 5722 29 28 of
490 5722 144 39 thing.—l

80 5773 53 25 am,
144 5767 63 32 e',c.,
446 5762 148 30 Kksident.

694 184 124 43 Dismal
846 185 136 51 Swamp
1005 186 191 42 Reservoir.

707 269 57 30 The
776 270 144 41 following
935 273 80 28 letter
1025 271 148 30 addressed
1194 274 27 25 to

661 310 1 41 |
670 310 49 28 the
741 310 125 31 Member
889 314 44 27 for
955 313 132 38 Tunpeka
1103 312 38 36 by
1175 311 46 28 the

661 350 1 36 !
671 350 73 31 clerk
784 352 30 30 of
834 353 47 30 the
915 353 150 30 Executive
1098 351 122 35 Council,

670 393 89 26 shows
768 393 45 26 the
827 395 118 35 position
960 395 29 27 of
1002 395 47 26 the
1062 394 107 36 subject
1192 393 29 26 of

670 431 45 28 the
722 433 169 37 resumption
903 434 29 27 of
940 433 73 28 Lake
1022 432 108 29 Onslow
1136 442 30 18 as
1175 431 33 28 fat-

668 482 29 17 as
711 471 46 28 the
772 475 186 26 Government
971 473 22 28 is
1008 472 152 29 concerned
1174 471 4 30 :

853 525 145 28 Premier's
1011 525 92 32 Office,

752 563 181 39 Wellington,
948 564 67 27 29th
1031 564 87 36 April,
1138 564 75 27 1807.

665 602 45 30 W.
725 602 27 30 J.
770 605 36 28 M.
826 604 129 33 Larnach,
969 604 53 37 Esq
1035 626 7 12 ,
1055 603 121 35 C.M.G.,

790 643 124 36 M.H.R',
927 644 136 28 Dunedin.

703 684 52 34 Sir,
760 686 135 27 —Before
907 684 109 35 leaving
1026 684 43 28 for
1082 684 129 38 England

663 725 44 28 Mr
731 725 110 28 Seddon
865 725 107 29 desired
994 735 43 18 me
1058 729 28 25 to
1112 725 101 28 inform

662 774 53 28 you
730 765 59 28 that
805 766 33 27 he
853 765 50 28 had
931 765 124 27 received
1081 766 47 27 the
1144 775 69 28 copy

662 805 28 29 of
703 806 47 28 the
762 806 115 38 petition
895 805 118 39 praying
1025 806 46 28 the
1088 806 108 29 Govern-

663 851 75 23 ment
759 853 28 21 to
811 848 63 26 take
895 857 66 17 over
985 849 45 25 the
1044 852 85 22 water
1151 857 64 17 area

663 886 97 28 known
773 898 29 17 as
816 887 46 27 the
881 886 99 29 Dismal
995 889 109 36 Swamp
1119 887 79 28 Iteser-

662 927 65 35 voir,
744 927 84 28 which
845 937 52 24 you
911 927 164 34 forwarded,
1091 927 55 29 and
1165 927 48 29 has

662 967 119 28 referred
792 967 20 27 it
820 971 28 23 to
860 967 46 28 the
921 967 125 29 Minister
1057 968 44 27 for
1115 968 98 28 Mines.

661 1007 57 28 The
733 1007 124 39 proposal
873 1008 62 31 will,
952 1020 33 16 no
996 1009 97 33 doubt,
1108 1009 106 28 receive

662 1049 46 29 the
719 1054 72 25 most
800 1049 101 30 careful
914 1049 202 30 consideration
1128 1050 29 29 of
1169 1050 46 29 the

663 1090 195 28 Government.

698 1131 14 27 I
727 1131 69 28 have
810 1131 45 27 the
869 1130 106 28 honour
990 1134 26 24 to
1027 1130 43 34 be,
1083 1129 54 35 Sir,

748 1171 75 29 Your
835 1175 70 25 most
916 1171 130 29 obedieut
1057 1174 121 33 servant,

1008 1214 82 26 Alkx.
1105 1211 111 29 Willis.

701 1265 58 28 The
773 1268 99 25 matter
886 1265 47 27 has
947 1264 74 29 since
1036 1264 67 28 been
1127 1262 88 40 urged

665 1308 36 35 by
724 1307 46 27 the
796 1307 71 27 Hon.
893 1306 43 27 Mr
958 1305 123 28 Larnach
1103 1315 33 18 on
1171 1305 46 28 the

665 1348 198 30 Government,
890 1346 64 27 with
981 1346 46 27 the
1049 1345 86 28 result
1155 1345 61 27 that

665 1387 66 36 they
769 1397 45 17 are
850 1386 177 38 considering
1064 1386 48 27 the
1154 1385 62 28 best

665 1427 167 38 practicable
857 1437 57 26 way
940 1427 28 26 of
997 1426 145 37 acquiring
1169 1426 46 27 the

665 1467 90 28 rights
770 1467 29 27 of
813 1467 75 26 Lake
909 1465 119 29 Onslow.
1069 1466 147 27 Doubtless

689 1496 16 9 o

666 1512 79 24 when
780 1507 45 28 the
854 1505 120 30 Premier
1010 1512 109 21 returns
1145 1505 70 28 from

667 1548 128 36 England
823 1547 47 27 the
894 1550 100 24 matter
1007 1547 51 26 will
1075 1546 34 27 be
1135 1546 80 34 again

665 1587 159 31 considered
853 1587 64 28 with
943 1597 16 17 a
980 1585 67 29 view
1062 1591 27 23 to
1105 1585 111 29 definite

664 1630 100 28 action.

706 1672 36 24 At
780 1668 46 28 the
856 1667 99 28 annual
978 1667 123 36 meeting
1121 1667 28 28 of
1170 1667 46 29 the

668 1709 152 34 Roxburgh
844 1708 209 37 Amalgamated
1081 1707 58 36 Co.,
1154 1708 59 28 held

663 1751 27 27 in
703 1750 128 28 Dunedin
847 1748 53 28 last
914 1748 85 34 week,
1010 1749 45 26 the
1065 1749 149 31 chairman,

663 1791 25 29 iu
719 1790 41 29 his
791 1789 98 39 speech
912 1799 33 19 on
974 1789 46 28 the
1044 1794 91 33 report
1161 1789 53 28 and

664 1832 111 27 balance
800 1831 86 30 sheet,
912 1829 89 27 stated
1018 1829 59 27 that
1092 1829 106 36 negotia-

663 1871 71 28 tions
765 1869 51 29 had
831 1870 67 27 been
914 1867 104 40 opened
1034 1868 36 29 bv
1093 1868 105 28 Govern-

664 1919 72 21 ment
757 1911 62 29 with
830 1911 46 27 the
890 1921 133 27 company
1037 1909 63 28 with
1117 1922 15 15 a
1147 1909 67 29 view

661 1954 28 26 of
714 1954 47 27 the
787 1951 184 29 Government
987 1950 144 39 acquiring
1146 1950 70 28 their

662 1994 72 33 dam,
761 1992 45 28 the
828 1990 160 39 company's
1016 1996 83 23 water
1127 1990 88 39 rights

662 2039 27 22 to
705 2034 33 27 be
755 2032 124 29 reserved
893 2038 27 22 to
933 2032 84 28 them.

702 2115 271 52 Archæological
999 2116 169 42 Remains.

717 2204 209 28 VALUABLE
948 2203 218 29 .SCIENTIFIC

822 2243 230 29 DISCOVERY.

696 2294 25 26 A
745 2302 64 26 very
836 2291 174 28 remarkable
1025 2291 141 37 discovery
1180 2291 30 26 of

657 2332 46 29 the
717 2336 123 33 greatest
853 2331 116 30 interest
987 2340 28 19 to
1030 2331 162 39 palaeontolo-

655 2373 80 31 gists,
752 2373 86 26 which
853 2381 54 18 was
922 2372 79 27 made
1016 2382 74 17 some
1100 2371 110 27 months

654 2422 53 26 ago
733 2413 27 28 in
786 2422 51 19 one
857 2411 29 28 of
915 2411 44 29 Mr
983 2411 75 29 John
1084 2410 98 40 Ewing
1196 2421 12 13 «

654 2453 108 37 mining
776 2453 91 29 claims
881 2457 29 24 at
925 2453 32 28 St
969 2453 129 35 Bathans,
1114 2451 22 28 is
1146 2451 61 39 just

654 2505 60 17 now
738 2494 122 37 creating
886 2493 188 28 considerable
1101 2493 51 28 stir
1178 2493 26 28 in

653 2535 46 28 the
726 2535 130 29 scientific
876 2534 93 36 world,
996 2545 29 18 as
1053 2534 21 29 it
1088 2533 22 30 is
1137 2544 48 19 con-

652 2575 107 28 sidered
773 2576 22 27 it
810 2575 49 28 will
874 2585 69 26 open
959 2585 36 27 up
1022 2585 33 18 an
1069 2575 138 28 immense

652 2615 62 28 field
750 2615 44 28 for
818 2614 203 39 investigation.
1061 2614 58 29 The
1145 2614 56 29 find

651 2657 47 27 has
726 2656 70 28 been
821 2655 134 30 classified
980 2656 35 37 by
1043 2655 44 29 Mr
1110 2655 33 29 G.
1160 2655 42 31 M.

650 2697 149 34 Thomson,
823 2697 28 28 of
865 2697 129 28 Dunedin
1022 2700 62 33 (oue
1110 2697 30 28 of
1155 2697 47 29 the

650 2738 62 28 best
745 2738 160 28 authorities
938 2748 36 18 on
1009 2738 47 28 the
1090 2738 111 38 subject

648 2778 27 28 in
689 2777 70 29 New
773 2778 141 35 Zealand),
929 2778 54 29 and
997 2778 34 29 he
1044 2782 86 25 states
1141 2779 60 28 that

648 2819 21 28 it
695 2818 117 29 consists
837 2818 28 29 of
891 2819 99 35 leaves,
1029 2818 90 39 twigs,
1145 2819 54 28 and

648 2858 67 30 fruit
728 2860 124 37 capsules
865 2860 30 28 of
907 2871 16 17 a
934 2859 104 39 species
1052 2860 29 28 of
1091 2859 108 31 Haken.

650 2902 24 28 A
695 2900 74 39 large
783 2911 72 19 mass
868 2900 28 30 of
909 2901 78 29 these
1000 2900 77 30 fossil
1094 2900 104 37 leaves,

648 2942 81 35 twigs
740 2946 52 22 etc.
807 2942 48 26 has
871 2943 67 25 been
954 2942 85 26 found
1054 2942 27 25 in
1093 2942 106 36 perfect

649 2979 185 38 preservation
848 2984 27 24 at
889 2984 79 33 great
976 2980 96 38 depth,
1081 2980 55 28 and
1148 2991 52 17 one

650 3020 107 38 portion
792 3020 106 29 formed
931 3031 16 17 a
979 3020 60 28 wall
1063 3021 137 37 inclining

649 3060 147 36 slantwise,
816 3071 30 19 as
872 3061 106 39 though
1004 3062 22 28 it
1051 3061 52 30 had
1131 3062 69 29 been

651 3102 114 38 wedged
779 3102 27 28 in
820 3102 54 29 and
886 3104 174 37 compressed
1076 3104 125 28 between

651 3147 52 23 two
735 3142 73 36 huge
835 3154 101 18 masses
963 3144 28 28 of
1015 3150 88 22 stone.
1143 3144 58 28 The

651 3183 56 28 find
721 3183 22 29 is
757 3183 57 29 said
830 3189 28 23 to
874 3185 66 28 have
967 3184 136 30 attracted
1121 3185 79 28 much

650 3224 135 29 attention
812 3225 25 28 in
867 3226 128 38 England
1022 3226 54 28 and
1091 3226 28 28 in
1134 3224 68 29 New

652 3266 87 28 South
776 3265 101 37 Wales,
903 3267 56 28 and
980 3267 72 28 from
1090 3266 113 38 Sydney

651 3310 124 32 requests
801 3307 69 28 have
897 3318 76 17 come
989 3307 43 28 for
1050 3306 151 29 additional

651 3346 162 39 specimens.
855 3347 27 28 It
895 3347 23 28 is
946 3346 132 38 certainly
1105 3357 51 17 one
1180 3346 28 27 of

651 3387 161 37 surpassing
839 3388 125 34 interest,
1003 3387 55 28 and
1084 3387 124 28 scieutfic

651 3427 209 39 investigations
913 3428 112 28 thereon
1072 3427 55 28 will
1176 3427 32 28 be

653 3468 123 29 watched
791 3469 65 27 with
869 3473 78 29 great
956 3478 157 25 eagerness.

812 3546 237 40 Commercial.

692 3632 121 40 Dalgety
828 3633 53 29 and
904 3632 48 31 Co.
969 3634 86 38 (Ltd.)
1074 3639 93 35 report
1181 3646 27 18 as

655 3674 124 28 follows:
782 3691 35 3 —

693 3712 263 39 Sheepskins—We
975 3714 104 29 offered
1102 3726 16 17 a
1132 3715 77 38 large

655 3754 144 35 catalogue
841 3759 29 21 at
912 3754 46 28 the
995 3754 137 29 Chamber
1181 3756 29 27 of

657 3792 158 29 Commerce
862 3804 34 16 on
943 3792 137 40 Tuesday.
1120 3794 88 30 There

657 3843 54 17 was
736 3844 16 15 a
775 3832 49 27 full
850 3834 164 27 attendance
1040 3835 29 26 of
1096 3835 112 36 buyers,

657 3874 50 26 but
723 3872 92 36 owing
836 3876 29 23 to
887 3874 196 28 unfavourable
1097 3880 111 22 returns

657 3912 103 39 having
781 3912 68 28 been
863 3913 124 28 received
1012 3914 36 36 by
1072 3914 135 37 shippers,

659 3952 86 38 prices
760 3963 67 17 were
841 3952 94 28 easier.
975 3952 28 28 It
1022 3953 79 27 takes
1114 3964 16 16 a
1145 3963 64 28 very

659 3992 70 37 good
745 3991 143 30 crossbred
898 3991 62 30 skin
981 3997 27 23 to
1023 3992 74 30 fetch
1112 3992 35 30 4d
1163 4004 49 28 per

660 4034 37 33 lb,
711 4034 47 27 the
771 4043 117 26 average
902 4033 28 28 of
939 4034 81 37 lately
1033 4034 177 35 slaughtered

660 4072 142 28 crossbred
828 4072 76 28 skins
920 4074 83 37 being
1026 4074 88 28 worth
1136 4074 71 28 from

660 4112 54 30 oid
728 4117 28 23 to
767 4112 54 35 -ifd
836 4123 48 27 per
897 4112 28 29 lb

699 4152 272 30 Rabbitskins—We
985 4153 63 29 held
1061 4164 50 18 our
1133 4155 77 28 usual

662 4192 104 39 weekly
777 4192 55 29 sale
841 4198 27 22 at
880 4205 50 17 our
939 4201 87 21 stores
1034 4205 35 17 on
1081 4195 130 37 Monday,

662 4233 77 29 when
775 4243 40 18 we
838 4233 102 30 offered
963 4245 16 17 a
1005 4234 143 38 catalogue
1184 4236 28 28 of

662 4272 91 30 mixed
792 4272 86 31 skins.
918 4274 58 29 The
1002 4274 117 30 demand
1158 4288 54 17 was

662 4315 69 28 keen
766 4314 42 28 for
833 4314 34 28 all
904 4315 126 39 qualities
1064 4318 148 38 excepting

660 4355 122 30 suckers.
824 4355 56 30 Our
909 4356 143 38 catalogue
1087 4358 47 29 did
1164 4364 48 23 not

660 4397 135 37 comprise
808 4407 53 27 any
876 4399 84 35 really
975 4398 59 27 first
1045 4398 69 28 class
1125 4399 87 35 skins,

661 4438 49 27 but
736 4437 72 28 what
826 4448 39 17 we
881 4438 46 28 did
942 4438 68 28 offer
1032 4438 114 29 realised
1165 4439 47 29 the

660 4478 141 37 following
839 4478 88 36 prices
939 4478 114 28 :—Late
1084 4484 128 24 autumns

659 4518 54 29 and
733 4518 74 38 early
829 4518 121 36 winters,
975 4519 35 28 9<l
1034 4523 28 24 to
1082 4519 67 37 lo|d
1163 4532 49 26 per

660 4560 27 26 lb
699 4571 6 21 )
730 4562 140 30 autumns,
952 4563 28 24 to
993 4558 34 28 8d
1045 4571 7 22 ;
1066 4571 145 23 summers,

660 4599 36 27 5d
726 4603 28 22 to
793 4598 73 34 old;
894 4598 96 28 blacks
1010 4598 36 28 8d
1079 4605 28 22 to
1132 4599 79 35 lOfd.

662 4638 65 28 Best
749 4637 73 35 early
850 4638 95 28 winter
968 4636 77 30 skins
1065 4649 46 18 are
1126 4639 86 27 worth

665 4680 6 25 I
684 4678 28 26 Id
725 4681 28 25 to
769 4677 67 36 l!£d
851 4688 46 25 per
908 4678 38 28 lb.

697 4717 178 29 Hides—We
913 4718 68 28 have
1007 4729 33 17 an
1067 4717 144 30 unlimited

660 4757 117 29 demand
790 4759 53 27 and
859 4768 50 18 can
932 4758 76 37 place
1022 4758 35 28 all
1081 4758 113 37 consign-

660 4804 88 20 ments
758 4802 29 22 at
800 4798 54 27 late
867 4798 168 35 quotations.

778 4869 176 41 Warden's
989 4869 111 41 Court.

685 4953 42 21 The
741 4954 102 25 following
861 4954 17 20 is
897 4954 34 20 the
942 4954 91 20 business
1051 4956 30 17 set
1100 4954 58 20 down
1180 4954 30 20 for

660 4989 83 26 hiring
750 4990 19 19 in
777 4989 34 21 the
821 4989 105 21 Warden's
933 4989 64 20 Court
1006 4996 25 13 on
1041 4989 35 21 the
1087 4989 47 21 17th
1145 4990 63 27 June,

662 5023 53 26 ISO',
732 5025 22 19 at
766 5024 12 21 3
793 5030 51 20 p.m.

806 5067 132 17 ADJOURNED
955 5067 112 16 BUSINESS.

686 5089 123 22 Dissolution
839 5091 21 20 of
891 5090 131 27 Partnership
1036 5102 25 5 -«
1074 5091 92 22 Sullivan
1188 5100 20 15 v.

660 5118 85 21 Gunton
756 5118 101 21 Brothers.

686 5145 134 25 Resumption
835 5145 23 20 of
875 5144 57 21 Land
946 5151 25 12 on
983 5144 63 21 Block
1058 5146 37 25 IT.,
1106 5146 103 25 Bengei—

661 5171 55 23 Wm.
729 5171 67 23 Milne.

686 5200 73 22 Water
781 5201 61 21 Races
893 5201 24 21 B.
943 5200 76 22 Brooks
1048 5201 40 22 anil
1114 5203 92 26 another,

661 5228 98 20 Rowland
771 5228 80 21 Parker.

686 5254 109 20 Residence
805 5255 99 21 Site—H.
914 5255 22 20 .T.
948 5254 85 22 Walles.

686 5283 48 21 Coal
747 5282 154 22 Lease—Jamt-s
911 5283 59 24 Craig

686 5311 34 26 Sp»
727 5310 37 21 cial
775 5311 127 21 Claims—D.
915 5311 26 21 H.
952 5311 76 21 Paik~r
1042 5312 39 20 and
1095 5312 76 27 others,
1183 5314 23 20 B.

662 5338 84 25 Brooks,
774 5339 53 19 .iohn
853 5339 77 24 E'.ving,
954 5339 21 20 p.
999 5338 78 27 Lff-y,
1107 5339 52 23 Win.
1183 5341 24 22 T.

661 5365 133 28 Scrimgeour,
805 5366 95 21 Dunedin
910 5366 51 21 Gold
973 5366 102 27 Dredging
1084 5367 37 22 Co.

688 5393 94 21 Licensed
806 5394 99 25 Holdings
948 5394 71 20 James
1046 5395 79 26 Elliott,
1154 5396 55 21 John

663 5419 84 21 Gunton
757 5420 37 21 and
807 5421 92 25 another,
910 5421 23 21 P.
945 5421 76 26 L»ff**y.

847 5454 49 17 SEW
914 5443 110 28 BUSINESS.

689 5475 122 22 Dissolution
830 5477 19 20 of
868 5476 285 26 Partnership—Richardson
1171 5480 40 21 and

663 5502 85 20 another
759 5509 19 14 v.
788 5503 115 25 M'Giepor.

689 5529 164 22 Protection—C.
869 5530 34 22 W.
920 5531 95 27 Rattray,
1034 5532 34 21 Ah
1087 5532 46 21 Sam
1144 5533 35 27 (2),
1190 5534 21 22 J.

664 5556 81 22 Mor.die
752 5558 38 21 and
799 5558 94 23 another.

689 5584 105 22 Extended
818 5586 76 20 Claims
946 5586 79 24 George
1054 5588 94 21 Courtier
1172 5589 39 21 and

663 5612 93 26 another,
772 5613 18 22 8.
807 5613 107 27 M'Auley,
933 5614 26 21 R.
974 5614 77 21 Paiker
1067 5615 144 28 (withdrawn),

665 5639 97 22 PowlaDd
785 5640 81 28 Paiker,
886 5641 89 22 Vincent
993 5642 84 28 Parker,
1095 5643 70 23 Janus
1181 5645 28 22 H.

665 5667 83 27 Patker,
759 5668 76 26 George
846 5669 94 21 Courtier
949 5669 39 22 and
999 5671 75 22 others.

689 5694 129 27 Piospecting
839 5697 179 27 Areas—Henry
1041 5699 24 21 F.
1088 5699 60 21 Ki«to
1171 5700 40 20 and

663 5721 94 27 another,
767 5721 82 23 Charles
857 5723 22 22 J.
891 5725 76 24 Ay'on.

690 5748 70 22 Water
769 5749 62 22 Races
836 5763 15 3 -
857 5751 62 21 Chow
927 5752 46 21 Sam
981 5752 39 21 and
1027 5753 93 26 another,
1132 5753 78 27 George

662 5775 95 23 Courtier
765 5778 38 20 and
813 5777 76 28 others,
900 5779 83 22 Cliailes
992 5780 21 24 0,
1025 5781 78 29 Aytou,

1252 197 79 42 New
1350 193 226 51 Gold-saving
1594 191 204 52 Machinery.

1380 286 140 32 PUBLIC
1540 284 126 31 TRIAL.

1286 369 42 29 On
1338 368 101 37 Friday
1450 366 89 30 MrH.
1552 365 84 34 Moss,
1643 369 138 33 represent-

1247 410 48 36 ing
1312 411 100 27 Messrs
1427 408 80 34 Grey,
1519 404 139 29 Wilcocks
1672 404 54 28 and
1739 404 57 34 Co.,

1246 450 29 28 of
1289 448 138 34 Dunedin,
1442 448 60 27 who
1514 455 45 19 are
1570 445 47 28 the
1636 450 100 33 agents
1754 444 42 28 for

1246 500 83 19 anew
1340 488 65 39 gold
1417 487 97 37 saving
1523 485 133 36 machine,
1663 484 133 40 patented

1246 531 36 32 by
1308 531 46 27 the
1381 528 143 28 Columbia
1555 525 58 35 Co.,
1632 525 108 29 arrived
1766 525 28 27 in

1246 567 160 40 Roxburgh,
1434 567 54 27 and
1514 566 47 28 the
1575 576 73 17 same
1674 564 120 36 evening

1244 609 33 28 he
1302 619 71 27 gave
1396 618 34 17 an
1444 605 153 30 exhibition
1611 606 30 29 of
1663 606 47 27 the
1728 615 49 27 pur-

1242 659 80 28 poses
1336 650 28 27 of
1378 648 47 29 the
1438 647 133 34 machine,
1596 647 36 36 by
1647 646 47 28 the
1707 645 45 28 ai'd
1766 645 28 27 of

1242 700 15 18 a
1279 690 97 35 model,
1399 692 28 24 at
1448 687 45 29 Mr
1518 686 130 29 Burton's
1684 686 109 28 auction

1242 741 100 18 rooms.
1381 730 88 27 There
1483 738 69 17 were
1566 727 124 28 between
1707 726 87 36 thirty

1242 771 53 28 and
1309 771 74 38 forty
1397 768 157 41 gentlemen
1569 771 111 30 present
1691 766 102 36 during

1243 813 46 27 the
1314 812 127 37 eveniug,
1467 808 55 29 and
1549 806 43 30 Mr
1619 806 101 30 Moss's
1745 816 30 18 ex-

1243 853 153 36 planations
1443 859 69 18 were
1561 847 128 28 followed
1728 847 65 26 with

1242 892 112 28 evident
1388 892 124 31 interest,
1551 887 79 28 while
1666 887 32 28 he
1737 886 57 28 also

1242 932 136 38 appeared
1422 936 27 23 to
1487 928 96 36 satisfy
1622 927 170 38 questioners

1244 972 167 36 thoroughly
1439 981 30 17 as
1493 976 27 22 to
1544 967 130 29 different
1700 967 90 37 points

1243 1014 85 26 about
1342 1016 45 24 the
1398 1010 131 30 machine.
1570 1007 41 30 On
1627 1008 46 28 the
1685 1007 89 29 follow-

1247 1053 47 38 ing
1326 1053 120 36 evening
1484 1051 77 28 there
1590 1060 54 18 was
1678 1048 116 30 another

1244 1095 162 32 exhibition,
1432 1093 54 27 and
1512 1092 71 26 after
1608 1091 46 26 the
1677 1090 61 27 trial
1759 1100 33 17 on

1247 1134 64 28 both
1326 1133 139 28 occasions
1480 1131 43 28 Mr
1536 1129 77 30 Moss
1638 1129 155 30 conducted

1246 1185 75 19 some
1341 1173 164 38 interesting
1523 1171 192 39 experiments,
1726 1170 66 29 such

1246 1227 28 15 as
1320 1214 160 37 chemically
1518 1213 105 36 testing
1661 1211 135 35 minerals,

1246 1255 99 36 curing
1357 1265 102 27 copper
1474 1253 95 39 plates,
1583 1257 53 24 etc.

1231 1302 1 31 i
1284 1305 58 28 The
1371 1303 124 29 machine
1528 1302 75 28 itself
1637 1302 23 27 is
1686 1312 16 17 a
1728 1307 70 22 most

1246 1345 165 36 interesting
1422 1343 151 33 invention,
1587 1342 43 27 for
1639 1341 86 28 which
1742 1342 21 27 it
1776 1341 22 28 is

1231 1381 1 36 I
1248 1385 114 29 claimed
1376 1385 21 27 it
1411 1384 51 27 will
1478 1386 107 24 extract
1599 1381 54 28 and
1672 1392 64 17 save
1751 1382 47 28 the

1231 1419 2 44 !
1248 1427 80 26 fim.st
1340 1424 63 39 gold
1419 1425 70 26 from
1503 1432 53 25 any
1579 1421 68 27 kind
1667 1422 30 26 of
1712 1422 68 27 wash-

1231 1461 1 36 i
1246 1467 64 26 dirt.
1351 1465 57 26 The
1420 1461 110 30 method
1543 1461 117 28 consist!
1674 1461 26 27 in
1724 1461 72 35 plac-

1231 1498 1 45 I
1246 1506 49 37 ing
1306 1506 46 28 the
1364 1502 127 30 washdirt
1505 1511 73 28 upon
1592 1510 34 18 an
1641 1500 157 38 oscillating

1231 1536 1 43 '
1246 1547 82 32 sieve,
1354 1550 28 23 to
1408 1543 85 28 which
1521 1542 47 27 the
1582 1540 111 37 driving
1707 1552 90 26 power

1231 1580 1 45 |
1246 1587 77 38 gives
1337 1583 133 31 eccentric
1497 1581 113 28 motion.
1650 1580 111 29 Thence
1775 1581 21 27 it

1231 1621 1 44 |
1246 1637 91 28 passes
1352 1627 56 26 into
1429 1635 15 16 a
1458 1623 112 36 hopper,
1585 1621 54 27 and
1654 1621 45 28 the
1712 1626 84 23 water

1231 1660 1 41 :
1246 1668 101 33 having
1373 1662 165 38 thoroughly
1552 1660 200 37 disintegrated
1765 1662 30 34 it,

1246 1708 20 28 it
1279 1707 60 29 falls
1349 1707 57 27 into
1415 1716 15 16 a
1438 1702 123 39 cylinder
1573 1702 120 38 through
1705 1702 87 28 which

1246 1757 63 19 runs
1344 1758 15 16 a
1382 1744 142 36 jevolving
1554 1742 73 27 shaft
1651 1742 65 27 with
1749 1743 45 26 fan

1231 1782 1 42 |
1245 1790 106 28 beaters
1389 1783 135 32 attached.
1566 1782 32 29 In
1631 1794 16 17 a
1688 1782 50 31 No.
1784 1784 8 28 1

1231 1823 1 35 ;
1246 1829 123 27 machine
1393 1827 21 27 it
1434 1826 22 27 is
1481 1823 152 29 calculated
1660 1824 61 27 that
1746 1824 48 27 the

1231 1862 1 38 i
1246 1867 129 30 washdirt
1386 1866 21 28 is
1421 1865 96 29 beaten
1533 1863 36 37 by
1581 1862 46 29 the
1639 1862 61 29 fans
1712 1863 81 36 2,090

1231 1904 1 39 i
1246 1911 77 27 times
1359 1920 29 16 as
1419 1907 20 28 it
1472 1916 91 27 passes
1590 1904 120 38 through
1745 1905 47 28 the

1231 1945 1 43 !
1244 1947 201 41 cylinders,and
1458 1948 45 27 the
1514 1945 64 38 gold
1585 1945 84 38 being
1679 1945 116 38 entirely

1231 1985 1 43 !
1245 1989 140 39 separated
1400 1989 34 36 by
1446 1988 45 27 the
1502 1996 108 27 process
1615 1985 22 28 it
1647 1986 62 27 falls
1721 1987 68 28 back

1231 2032 50 31 !by
1313 2027 164 39 gravitation
1505 2026 58 36 (the
1596 2026 64 29 base
1692 2027 29 28 of
1749 2027 46 29 the

1231 2063 1 49 j
1246 2071 121 38 cylinder
1406 2069 83 34 being
1530 2068 81 27 lower
1650 2068 67 27 than
1749 2069 46 27 the

1231 2107 1 37 i
1248 2110 114 34 mouth),
1389 2109 78 27 while
1493 2107 46 29 the
1566 2107 73 28 wash
1665 2107 55 29 dirt
1741 2109 53 27 and

1231 2148 1 41 j
1246 2157 82 23 water
1340 2161 45 19 are
1399 2148 164 39 discharged
1585 2159 31 19 as
1637 2148 112 41 tailings
1767 2154 27 24 at

1231 2183 1 44 j
1245 2194 44 26 the
1303 2191 155 29 other-end.
1499 2192 64 35 Any
1584 2190 54 27 fine
1661 2200 79 27 specs
1766 2192 29 26 of

1231 2230 1 41 j
1243 2232 64 37 gold
1322 2232 60 27 that
1396 2230 90 38 might
1505 2239 97 28 escape
1625 2239 45 19 are
1690 2230 104 39 caught

1241 2282 34 18 on
1290 2283 15 17 a
1319 2272 117 27 silvered
1449 2281 102 27 copper
1564 2270 83 37 plate,
1669 2270 72 28 fixed
1766 2277 27 22 to

1241 2312 46 29 the
1312 2312 52 29 end
1392 2311 30 28 of
1447 2312 47 27 the
1519 2310 134 38 cylinder,
1680 2310 51 30 but
1763 2323 29 17 so

1241 2354 132 35 perfectly
1393 2353 65 27 does
1483 2353 46 25 the
1552 2351 124 27 machine
1698 2352 35 27 do
1756 2352 36 27 its

1240 2393 74 29 work
1329 2393 61 28 that
1404 2393 46 28 the
1474 2391 65 34 gold
1566 2390 86 30 found
1677 2402 35 18 on
1738 2392 54 28 this

1238 2435 73 38 plate
1343 2435 27 28 in
1404 2444 55 27 any
1491 2434 30 28 of
1552 2433 47 29 the
1630 2433 160 39 company's

1237 2476 185 38 experiments
1437 2484 55 19 was
1505 2474 91 29 stated
1606 2474 37 35 by
1657 2474 44 29 Mr
1715 2474 75 29 Moss

1236 2521 27 24 to
1279 2517 67 29 have
1361 2517 69 28 been
1444 2515 195 29 infinitesimal.
1681 2515 27 29 It
1731 2516 55 28 will

1235 2559 34 26 be
1282 2557 169 28 understood
1474 2557 60 27 that
1555 2557 46 27 the
1623 2556 126 29 machine
1765 2556 23 28 is

1235 2598 95 28 labour
1343 2597 107 32 saving,
1465 2597 78 27 when
1557 2597 21 27 it
1587 2596 23 29 is
1618 2597 92 28 stated
1724 2597 61 28 that

1422 2623 16 13 O
1443 2623 7 9 7

1232 2649 52 18 one
1300 2649 61 18 man
1375 2649 51 18 can
1441 2642 50 34 put
1503 2637 119 39 through
1648 2641 54 25 two
1725 2641 62 25 tons

1232 2681 30 28 of
1275 2680 74 28 wash
1362 2679 56 29 dirt
1431 2690 50 28 per
1494 2679 76 35 hour,
1581 2678 81 29 while
1673 2679 36 28 40
1723 2682 63 25 tons

1232 2731 49 27 per
1289 2721 70 28 hour
1369 2721 54 28 will
1434 2721 33 28 be
1477 2719 107 29 treated
1596 2719 27 29 in
1633 2730 16 17 a
1660 2719 125 29 machine

1232 2761 71 29 built
1325 2765 29 25 to
1377 2761 61 29 that
1463 2761 56 29 size
1543 2760 39 39 by
1606 2771 17 18 a
1649 2763 54 26 two
1730 2761 57 38 h.p.

1232 2802 111 36 engine.

1268 2843 26 27 A
1315 2852 66 27 very
1406 2842 167 38 interesting
1615 2842 172 39 experiment

1231 2882 72 30 tried
1336 2883 67 31 with
1441 2883 47 33 the
1516 2883 123 30 machine
1673 2886 30 26 at
1740 2883 47 29 the

1232 2925 155 37 Roxburgh
1439 2925 213 36 Amalgamated
1703 2923 84 34 Co's.,

1232 2963 78 28 claim
1338 2972 67 29 goes
1431 2968 28 23 to
1485 2973 85 27 prove
1596 2963 60 29 that
1674 2963 22 28 it
1721 2962 66 29 does

1232 3004 34 27 its
1306 3004 75 28 work
1423 3014 67 26 very
1525 3004 176 36 thoroughly.
1743 3002 45 28 Mr

1237 3045 100 28 Peters,
1352 3045 47 27 the
1414 3055 138 28 manager,
1568 3044 109 30 handed
1699 3046 28 26 to
1743 3042 44 29 Mr

1235 3086 74 28 Moss
1324 3086 89 28 2dwts
1426 3088 65 31 Ogrs
1505 3086 30 28 of
1546 3086 53 28 fine
1610 3086 75 39 gold,
1698 3085 88 28 which

1234 3137 55 18 was
1306 3126 90 29 mixed
1411 3127 65 27 with
1490 3128 85 27 about
1588 3137 16 17 a
1617 3128 67 38 billy
1695 3126 51 29 full
1759 3126 29 28 of

1236 3166 80 30 black
1331 3168 67 28 sand
1411 3179 7 23 ;
1440 3167 53 29 and
1508 3168 78 28 when
1601 3168 54 29 this
1670 3177 55 19 was
1738 3172 51 33 put

1237 3208 121 38 through
1382 3208 46 28 the
1455 3208 125 29 machine
1602 3210 109 34 exactly
1742 3208 47 28 the

1236 3260 74 18 same
1324 3253 114 25 amount
1451 3251 28 26 of
1494 3250 64 36 gold
1568 3260 55 18 was
1638 3249 109 30 handed
1761 3253 29 25 to

1238 3290 45 28 Mr
1318 3290 103 28 Peters.
1465 3291 50 28 We
1550 3291 170 28 understand
1747 3291 44 27 Mr

1241 3330 72 28 Moss
1327 3333 114 35 expects
1455 3335 28 24 to
1497 3330 100 38 supply
1611 3331 140 28 machines
1763 3333 28 25 to

1239 3380 75 19 some
1326 3371 30 27 of
1370 3371 47 28 the
1436 3371 135 38 principal
1594 3372 79 28 claim
1688 3382 103 17 owners

1237 3412 86 26 about
1369 3410 163 40 Roxburgh.
1572 3412 59 28 The
1669 3411 124 28 machine

1238 3462 49 18 can
1303 3452 34 29 be
1350 3452 110 36 applied
1475 3457 28 23 to
1528 3453 66 36 gold
1608 3452 141 38 workings
1765 3452 28 28 of

1239 3504 54 27 any
1308 3493 68 28 kind
1391 3503 31 17 or
1435 3497 28 24 to
1476 3492 131 40 dredges.

1242 3590 184 53 Roxburgh
1453 3589 262 54 Amalgamated
1735 3588 56 43 Co.

1381 3677 123 21 ANNUAL
1519 3676 135 21 MEETING.

1265 3738 43 20 The
1323 3738 74 19 annii'l
1414 3738 89 22 mating
1520 3736 22 19 of
1557 3736 35 20 the
1610 3735 63 21 above
1693 3742 99 20 company

1240 3772 38 11 wan
1287 3764 48 20 he'd
1346 3764 21 20 in
1381 3764 92 19 Diin«i)in
1486 3771 25 11 on
1530 3763 127 19 Wednesday
1673 3763 37 19 last
1729 3764 61 24 week,

1241 3792 56 19 when
1309 3791 89 20 thirteen
1415 3789 141 22 'harrholders
1576 3797 50 13 were
1640 3792 89 23 present,
1751 3791 38 20 and

1243 3820 30 18 Mr
1294 3818 34 21 W.
1352 3818 23 21 L.
1399 3819 93 24 Simpson
1521 3817 102 24 presided.
1652 3817 42 20 The
1716 3818 74 20 annual

1240 3848 74 22 report,
1327 3846 65 19 which
1405 3853 38 12 wms
1452 3845 53 25 read,
1513 3844 83 21 showed
1607 3844 35 20 the
1653 3844 51 20 total
1715 3847 77 22 output

1239 3873 21 18 of
1269 3872 45 22 gold
1321 3873 32 20 for
1365 3873 35 19 th«
1412 3880 45 13 vear
1471 3876 19 16 to
1503 3875 50 17 have
1571 3873 49 18 been
1635 3871 74 24 £0,467
1720 3872 33 20 18*
1763 3872 25 21 7d

1240 3907 22 11 an
1282 3902 84 17 :>m'tint
1389 3900 19 20 le
1420 3907 8 12 s
1456 3900 49 19 than
1527 3899 35 20 the
1582 3899 94 24 previous
1697 3905 47 15 year
1764 3900 25 25 by

1242 3926 74 22 £2.4'V2
1332 3927 33 20 19-i
1381 3927 34 26 01,
1433 3926 64 21 wh'ch
1513 3926 92 20 decrease
1621 3933 40 13 was
1676 3927 113 21 acrounted

1240 3954 31 19 for
1280 3954 119 24 principal'v
1412 3955 25 25 by
1448 3955 35 18 the
1501 3953 107 25 prolonged
1616 3954 90 24 drought
1714 3954 75 23 during

1241 3980 34 21 the
1285 3981 56 19 early
1355 3980 23 26 t>•
1382 3984 19 15 rt
1421 3981 21 20 of
1457 3981 35 18 the
1507 3987 55 19 year,
1579 3980 66 20 which
1663 3980 74 21 caused
1754 3981 35 19 the

1240 4009 54 20 mine
1308 4011 20 18 to
1338 4008 49 22 shut
1396 4008 58 21 d>>wn
1466 4010 32 19 tor
1511 4015 49 14 over
1575 4010 40 19 two
1631 4009 89 22 months.
1749 4008 42 22 The

1241 4044 79 13 reserve
1339 4036 49 21 fund
1409 4037 31 19 for
1458 4036 140 21 continences
1617 4043 40 12 was
1675 4036 69 21 shown
1767 4039 21 18 at

1241 4064 59 24 £'.">oo,
1308 4071 11 12 a
1328 4064 80 20 further
1417 4071 44 13 sum
1473 4064 20 19 of
1504 4063 52 21 £IOO
1570 4063 75 24 having
1660 4062 49 21 been
1721 4063 70 26 placed

1240 4098 25 13 on
1276 4090 80 26 deposit
1366 4092 22 19 to
1402 4091 36 20 the
1448 4090 65 21 credit
1528 4090 21 20 of
1559 4090 41 21 this
1608 4090 52 21 fund
1673 4090 73 24 during
1756 4091 35 20 the

1240 4125 55 18 year.
1322 4118 43 20 The
1374 4119 55 20 mine
1438 4117 110 27 manager's
1557 4117 41 20 lust
1612 4119 69 23 report
1691 4118 38 20 had
1741 4118 49 20 been

1241 4153 48 15 very
1313 4146 128 25 encourging,
1465 4146 25 20 he
1511 4145 74 26 having
1602 4145 67 21 stated
1689 4145 45 20 that
1756 4145 36 21 the

1241 4176 104 23 prospects
1354 4180 53 14 were
1421 4180 45 14 now
1476 4180 21 13 as
1506 4172 49 22 srood
1565 4180 21 12 as
1596 4172 25 20 he
1632 4172 40 21 had
1687 4180 47 13 ever
1744 4180 45 13 seen

1241 4201 64 23 thorn,
1317 4201 58 20 there
1385 4201 74 21 bavins
1466 4201 49 19 been
1526 4207 11 12 a
1548 4199 81 21 marked
1640 4199 150 25 improvement

1241 4228 98 22 recently.
1367 4229 74 20 Messrs
1450 4228 25 21 R.
1487 4227 106 21 Coekburn
1613 4227 39 21 and
1670 4227 24 22 FT.
1714 4226 76 28 North,

1241 4256 35 21 the
1287 4256 83 24 retiring
1384 4257 104 22 directors,
1499 4255 77 21 offered
1593 4255 121 21 themselves
1723 4255 32 21 for
1762 4262 19 14 re-

1241 4284 85 21 election
1337 4291 21 12 as
1367 4284 19 18 d!
1395 4284 6 18 1
1416 4284 42 20 also
1475 4283 34 21 the
1524 4283 99 26 auditors,
1642 4283 71 21 Messrs
1737 4282 52 23 Wm.

1241 4312 73 20 Brown
1322 4311 38 21 and
1370 4312 35 21 Co'
1435 4311 60 21 After
1502 4311 34 19 the
1544 4310 80 26 passing
1630 4310 21 20 of
1658 4311 34 20 the
1701 4311 79 21 balance-

1241 4339 58 21 sheet
1318 4339 47 20 loth
1386 4340 71 20 Messrs
1476 4337 108 22 Cockburn
1601 4337 40 22 and
1658 4337 64 22 North
1741 4345 50 13 were

1241 4367 108 22 ra-elrcted
1359 4368 105 26 directors,
1475 4366 43 21 also
1528 4366 73 21 Messrs
1617 4366 73 21 Brown
1700 4366 40 22 and
1755 4366 34 22 Co.

1240 4395 99 19 auditors.
1508 4408 5 6 ,

1266 4422 25 20 In
1314 4422 82 24 moving
1410 4422 36 20 the
1461 4420 96 23 adoption
1575 4420 22 20 of
1615 4420 35 20 the
1669 4422 69 22 report
1751 4420 40 20 and

1241 4449 82 22 ha'ance
1342 4450 65 25 sheet,
1427 4449 35 20 the
1485 4448 103 21 ohairman
1615 4448 103 26 regretted
1738 4448 53 20 their

1240 4477 87 24 position
1339 4483 40 14 was
1389 4478 35 19 not
1431 4476 57 27 quite
1499 4482 23 13 so
1527 4474 50 25 good
1587 4481 21 14 as
1618 4474 40 22 last
1664 4482 55 19 year.
1748 4474 43 21 The

1241 4504 43 21 first
1306 4504 48 22 item
1375 4504 46 21 that
1439 4503 64 22 called
1525 4502 33 21 for
1574 4502 102 22 attention
1696 4509 41 14 was
1755 4502 36 21 the

1240 4539 80 13 reserve
1346 4533 32 19 for
1403 4531 155 23 contingencies.
1592 4531 54 20 That
1673 4531 39 20 had
1739 4531 50 20 been

1240 4559 102 20 increased
1352 4559 25 18 bv
1391 4559 50 20 £lOl
1450 4559 74 24 during
1534 4558 35 19 the
1577 4564 53 17 year.
1659 4559 30 18 At
1697 4559 32 20 A.o
1732 4566 7 7 r
1741 4558 12 19 il
1765 4558 25 19 30

1241 4586 36 18 las'
1289 4592 48 17 year
1348 4586 36 20 the
1395 4585 101 20 liabilities
1506 4584 109 21 amountel
1629 4586 22 18 to
1662 4584 52 21 £2!).'5
1723 4585 22 20 7s
1754 4584 11 21 3
1774 4585 12 20 1.

1240 4612 47 19 Thi*
1295 4619 49 17 y»ar
1354 4612 47 19 thev
1411 4610 109 21 amountel
1528 4614 21 15 to
1560 4610 51 20 £755
1627 4611 32 18 15s
1674 4611 33 23 51,
1720 4612 37 18 but
1767 4618 21 11 as

1240 4638 78 21 against
1325 4638 45 20 that
1380 4638 57 20 there
1447 4644 40 12 was
1501 4644 12 12 a
1523 4636 65 23 larger
1602 4637 95 25 quantity
1713 4637 21 19 of
1742 4637 46 20 >rold

1240 4672 25 13 on
1275 4665 62 21 hand.
1364 4665 43 20 The
1423 4664 45 21 eoM
1483 4664 19 19 in
1514 4663 53 20 hand
1582 4664 110 20 amounted
1703 4666 20 17 to
1735 4664 53 20 £535

1240 4692 21 21 7s
1281 4693 32 20 <>d.
1330 4699 21 13 as
1366 4692 77 21 against
1526 4690 39 20 last
1577 4697 55 19 year.
1659 4690 67 21 When
1743 4692 45 19 that

1242 4726 38 13 was
1303 4719 60 21 taken
1382 4719 51 21 into-
1447 4719 85 20 account
1551 4717 35 21 the
1609 4717 103 22 liabilities
1730 4725 57 14 cime

1240 4747 58 20 down
1313 4749 22 17 to
1354 4747 69 19 within
1440 4746 28 20 £2
1476 4746 17 19 >0
1508 4745 22 20 of
1544 4745 55 20 what
1615 4745 48 23 they
1678 4752 51 13 w-ire
1748 4745 40 20 list

1240 4781 53 18 year.
1321 4775 44 19 The
1380 4774 83 24 income,
1473 4773 17 21 it
1505 4772 65 21 would
1588 4772 23 20 be
1626 4772 104 26 observed,
1746 4772 41 21 hid

1240 4801 59 19 fallen
1309 4801 73 23 during
1393 4801 35 19 the
1438 4807 46 17 year
1494 4799 26 20 bv
1529 4800 63 19 a'>out
1606 4799 80 25 £2,451,
1703 4799 38 20 but
1751 4799 35 20 the

1240 4835 63 15 wages
1329 4827 110 21 amounted
1466 4829 22 17 to
1511 4825 54 21 £2OO
1597 4826 45 20 less.
1669 4826 54 20 That
1746 4833 40 13 wis

1238 4862 32 14 acc
1278 4855 69 22 ninted
1357 4856 31 20 for
1403 4855 27 20 b?
1440 4855 36 21 the
1490 4855 98 25 stoppage
1607 4853 46 21 that
1670 4853 48 21 took
1729 4853 55 24 plao*

1238 4890 24 13 on
1274 4883 35 20 the
1326 4884 70 23 works,
1415 4883 26 23 by
1452 4889 70 13 reason
1539 4881 21 21 of
1577 4888 25 14 an
1618 4881 166 24 unprecedmed

1237 4911 96 25 drought,
1348 4911 32 19 for
1393 4910 48 20 four
1457 4916 23 13 or
1498 4910 38 19 five
1556 4909 70 20 weeks.
1656 4909 80 25 Daring
1750 4908 34 20 the

1239 4944 46 13 v»>nr
1308 4938 35 20 the
1368 4944 99 17 company
1488 4936 40 20 had
1547 4936 93 26 acquired
1657 4943 12 13 a
1689 4939 95 22 property

1238 4965 63 21 which
1323 4965 38 21 had
1383 4967 44 19 cost
1441 4965 56 20 them
1524 4963 60 23 £3o(l*
1610 4963 52 21 That
1681 4970 44 14 sum
1745 4969 38 13 was

1238 4992 45 23 paid
1294 4994 20 18 to
1327 4993 83 20 Louden
1421 4992 38 20 and
1469 5000 12 12 n
1487 4993 26 19 irt
1516 4998 11 14 v
1538 4991 31 21 for
1578 4998 12 13 a
1595 4990 47 22 dam
1659 4991 45 26 site,
1718 4990 63 21 whinh

1239 5026 37 14 was
1294 5020 94 27 acquired
1406 5020 32 20 f>r
1457 5019 35 21 the
1511 5025 73 16 proper
1597 5018 91 26 working
1705 5017 22 21 of
1749 5017 36 21 the

1236 5047 66 21 claim.
1329 5048 59 19 Since
1398 5048 35 19 the
1442 5047 82 20 balancs
1534 5047 58 20 sheet
1606 5046 40 21 had
1661 5046 49 20 been
1725 5046 58 20 made

1237 5076 36 18 out
1287 5075 35 19 the
1337 5075 97 20 directors
1452 5074 39 21 hid
1508 5073 94 26 acquired
1619 5073 35 22 Uh
1664 5073 25 21 at
1697 5073 80 21 litioial

1237 5102 60 20 heads
1306 5102 22 20 of
1337 5104 62 19 water
1408 5102 51 20 from
1477 5102 34 20 the
1523 5102 97 20 FT;rcu!es
1635 5102 106 25 Company
1751 5101 31 20 for

1237 5136 10 11 a
1257 5136 47 17 vi»ry
1312 5130 115 19 rpasonab'e
1441 5136 53 13 sum.

1262 5156 29 21 Mr
1306 5156 22 21 J.
1349 5155 82 22 FTizlett
1440 5155 99 22 s*eonled
1554 5155 36 22 the
1608 5156 85 26 mition,
1714 5154 65 23 wr'iioh

1237 5191 38 14 was
1285 5184 76 22 carried
1372 5185 149 21 unanimously.

1676 79 198 42 MOUNT
1962 79 227 42 BEHGER
2275 82 153 40 MAIL.

152 85 170 59 Friday,
345 92 106 40 June
468 88 186 44 11,1897.

1262 5265 48 22 You
1320 5265 51 21 hive
1381 5265 70 22 ruined
1460 5273 51 21 your
1520 5266 132 23 constitution
1664 5267 125 27 sufficiently

1237 5294 26 21 bv
1274 5294 96 25 drinking
1383 5294 83 21 inferior
1481 5301 39 16 tea.
1548 5296 84 21 Rwruit
1647 5296 26 24 by
1691 5296 97 26 drinking

1237 5323 47 23 only
1368 5325 38 19 tea.
1434 5324 20 19 It
1463 5324 16 19 is
1486 5331 50 18 pure
1542 5324 39 21 and
1589 5324 183 21 reliable.—Advt.

1266 5367 105 21 Certainly
1387 5368 35 21 the
1437 5370 54 20 most
1504 5369 94 21 effective
1610 5369 100 22 medicine
1724 5369 18 21 in
1751 5369 41 24 .the

1243 5395 59 20 world
1323 5396 16 19 is
1357 5396 115 20 SANDER,
1486 5397 38 20 and
1542 5397 76 21 SONS'
1634 5397 160 21 EUCALYPTT

1242 5423 71 20 EXTK
1319 5425 12 17 A
1337 5423 40 20 f'T.
1406 5423 47 19 Test
1462 5424 26 18 its
1495 5423 113 27 eminently
1615 5424 98 27 powerful
1723 5424 71 22 effects

1241 5451 19 20 in
1274 5450 81 26 coughs,
1366 5451 61 26 colds.,
1438 5451 115 27 intluenz*,
1576 5452 37 21 the
1622 5452 59 21 relief
1690 5452 16 21 is
1718 5452 65 21 instan-

1242 5482 89 17 taneous.
1364 5479 22 19 In
1402 5480 77 19 serious
1490 5487 54 12 eases
1559 5480 40 19 and
1613 5480 80 20 acciden
1705 5480 45 19 sof
1763 5480 29 19 all

1242 5505 65 21 kind*,
1321 5506 83 24 hetbey
1415 5506 93 21 wound*.
1519 5506 69 22 burns,
1597 5506 107 23 scalding,
1717 5506 78 21 braises

1243 5534 86 24 sprains.
1338 5536 16 17 it
1364 5532 16 20 is
1389 5532 36 21 the
1434 5533 63 20 safeßt
1507 5533 136 26 remedy—no
1651 5533 144 26 swelling—no

1243 5560 60 21 intian
1314 5561 84 20 mation.
1429 5561 48 20 Like
1488 5562 111 24 surprising
1610 5562 73 20 effects
1692 5561 103 26 produced

1242 5588 20 20 in
1275 5595 69 18 croup,
1356 5588 41 26 dipt
1403 5588 62 21 hern.
1482 5588 117 25 bronchitis,
1611 5588 148 21 inflammation
1774 5589 21 19 of

1244 5616 35 19 the
1300 5615 66 25 lungs,
1380 5615 111 25 swellings,
1499 5619 39 17 etc.
1559 5615 110 25 diarrhoea,
1684 5615 108 26 dysentry,

1243 5642 87 22 diseases
1340 5643 22 20 of
1371 5642 36 21 the
1422 5642 85 27 kidneys
1517 5642 40 22 and
1572 5642 81 28 urinary
1663 5649 79 20 organs,
1770 5637 25 27 in

1243 5677 36 14 use
1286 5676 21 15 at
1312 5670 27 21 all
1349 5671 98 24 hospitals
1453 5671 38 19 and
1501 5670 84 21 medical
1592 5670 75 24 clinics,
1678 5670 117 24 patronised

1242 5698 25 24 by
1277 5698 38 19 His
1325 5698 88 24 Majesty
1423 5698 37 19 the
1471 5697 56 25 King
1535 5698 22 19 of
1568 5698 63 25 Italy,
1641 5698 92 19 crowned
1749 5698 46 19 with

1235 5723 1 27 :
1242 5724 65 20 medal
1317 5724 40 20 aud
1366 5723 92 26 diploma
1467 5727 22 16 at
1501 5723 150 22 International
1664 5724 127 26 Exhibition,

1235 5745 1 33 |
1242 5752 140 20 Amsterdam.
1410 5750 63 22 Trust
1483 5752 20 20 in
1514 5751 42 23 this
1566 5750 103 27 approved
1676 5751 71 22 article
1755 5752 40 21 and

1235 5773 1 34 1
1240 5779 63 28 reject
1313 5778 27 23 fill
1353 5780 79 19 otliers.

1917 249 32 38 J.
1982 249 43 36 B.
2055 232 160 56 fIJLE,
2240 244 141 42 L.D.S.,

1917 332 188 44 Surgeon
2143 326 161 45 Dentist,

1959 408 298 35 INVEttCARGILL.

1933 598 47 29 Mr
2001 597 75 28 Yule
2099 593 55 28 will
2175 593 101 28 visit—

1826 730 140 31 RYAN'S
1983 725 134 35 HOTEL,
2131 724 249 34 ALEXANDRA,

1832 851 165 30 HURON'S
2013 847 134 33 HOTEL,
2161 844 216 30 ROXBURGH

1834 1041 49 29 VI
1906 1042 24 28 R
1969 1034 4 38 .
1990 1039 21 30 F
2034 1038 12 29 I
2067 1035 25 31 N
2114 1036 21 29 L
2157 1038 25 27 A
2204 1035 24 29 Y
2251 1034 18 30 S
2291 1034 22 29 0
2333 1036 23 26 N
2373 1057 7 12 ,

1912 1091 159 23 BARRISTER
2086 1090 59 19 AND
2159 1088 155 22 .SOLICITOR,

2025 1136 162 31 Lawrence,

1830 1208 66 28 Will
1922 1204 95 30 attend
2044 1204 45 27 the
2112 1200 150 37 Roxburgh
2286 1198 94 29 Court.

1814 1354 1 40 !
1831 1364 100 30 Money
1942 1367 27 23 to
1980 1360 75 28 Lena
2065 1368 31 18 on
2110 1354 133 31 Freehold
2256 1357 125 34 Security

1814 1384 1 52 j
1914 1384 11 17 J
1941 1384 1 52 '

1830 1477 27 54 ,j
1943 1476 49 37 H.
2056 1470 324 40 PEARSON,

1929 1542 67 20 ROSS
2011 1540 33 21 PL
2051 1539 54 25 \CE,
2121 1538 165 25 LAWRENCE,

1874 1583 262 35 CONTRACTOR,
2157 1580 181 36 BUILDER,

2081 1634 53 19 AND

1969 1663 273 33 UNDERTAKER.

2149 1717 5 7 1

1814 1736 2 42 j
1831 1742 144 27 Contracts
1990 1740 82 28 taken
2084 1740 44 26 for
2142 1736 135 29 Builders'
2298 1736 83 29 Work

1949 1783 29 28 of
1991 1790 80 28 every
2086 1778 176 40 description.

1891 1851 198 24 ESTIMATES
2121 1850 193 22 PREPARED.

1865 1915 24 27 A
1904 1911 194 31 well-assorted
2125 1910 86 29 Stock
2232 1910 29 28 of
2282 1909 82 28 Furni-

1828 1959 60 24 ture
1902 1956 99 36 always
2015 1963 35 18 on
2065 1951 80 29 hand.

1865 1995 131 27 Funerals
2008 1991 153 30 conducted
2175 1992 26 26 in
2213 1991 35 27 all
2262 1996 74 32 parts
2351 1991 29 26 of

1827 2034 46 30 the
1902 2035 121 28 District.
2063 2032 105 29 Hearse
2196 2030 132 40 provided
2357 2030 22 28 if

1827 2076 135 38 required.

1882 2184 80 33 TIL
1974 2183 47 29 LI
2034 2185 23 26 A
2069 2183 29 28 M
2147 2180 119 37 \fAL
2277 2180 56 28 0N
2348 2180 30 33 E,

1909 2336 173 37 General
2119 2335 171 42 Grocer,

1847 2486 20 30 S
1880 2484 20 32 C
1913 2486 23 29 0
1947 2484 23 31 T
2017 2484 132 31 hA
2051 2483 27 31 N
2091 2483 24 29 D
2126 2501 10 6 -
2148 2483 19 31 S
2177 2482 23 30 T
2213 2482 24 29 R
2248 2482 23 29 E
2285 2482 23 29 E
2319 2482 32 37 T,

1985 2631 225 31 ROXBURGH.

1969 2745 38 29 A.
2106 2740 271 37 hart,

1874 2803 259 31 Scotland-street,
2155 2799 164 34 Roxburgh,

1829 2853 158 22 MERCHANT
2005 2852 112 26 TAILOR,
2133 2850 152 26 CLOTHIER,
2301 2850 62 21 AND

1904 2879 196 25 GENTLEiIEN'S
2117 2879 38 21 0U
2161 2879 59 21 i'F»T
2225 2879 60 21 i'ER.

1853 2940 26 25 A
1912 2938 92 26 choice
2037 2937 129 26 selection
2194 2935 30 26 of
2248 2934 125 32 Tweeds,

1817 2975 142 39 Coatings,
1974 2978 108 34 Series,
2103 2974 50 29 &j.
2178 2973 29 36 (b
2227 2973 30 28 tli
2283 2972 92 29 Home

1815 3017 55 28 and
1885 3016 133 36 Colonial)
2034 3016 100 34 always
2149 3024 34 19 on
2200 3015 50 26 hau
2265 3019 16 22 l.

1855 3060 24 26 A
1893 3057 92 29 varied
2001 3055 128 30 selection
2142 3054 29 30 of
2185 3053 189 40 Ready-made

1818 3098 91 29 Goods
1920 3099 53 27 and
1989 3097 142 37 Boys'and
2146 3095 116 29 Youths'
2277 3095 80 29 Cloth-

1818 3140 48 37 ing
1891 3139 101 37 always
2026 3149 34 17 on
2091 3137 80 28 hand.
2229 3135 53 29 The
2310 3135 63 37 only

1818 3180 77 38 place
1909 3180 28 27 in
1951 3185 72 22 town
2040 3186 27 20 to
2081 3187 114 28 procure
2204 3177 97 36 stylish
2319 3175 52 29 Jtud

1821 3220 157 38 up-t.o-du.te
2002 3219 80 34 Hats,
2101 3219 67 34 Ties,
2181 3219 55 27 and
2260 3217 97 28 Gentle-

1822 3260 87 29 men's
1924 3260 178 29 Underwear.

1832 3319 59 54 yy
1984 3319 22 27 T
2022 3341 5 6 .
2098 3318 167 29 BOWD
2287 3318 90 35 EN,

1900 3394 176 26 CARPENTER,
2102 3394 114 24 JOINEIt,
2246 3392 61 22 AND

2001 3431 206 27 UNDERTAKEN,

1825 3485 99 27 Desires
1950 3491 25 19 fo
2001 3484 75 25 thank
2103 3483 40 26 the
2178 3483 84 26 Public
2289 3485 23 23 of
2338 3483 39 26 the

1826 3523 103 27 District
1945 3523 37 26 for
2001 3529 54 28 past
2073 3529 112 27 support.,
2204 3521 48 26 ami
2354 3529 23 17 to

1824 3562 90 26 inform
1946 3560 65 27 ihein
2047 3565 51 20 ttint
2131 3561 28 24 he
2190 3559 43 26 has
2265 3558 112 27 resumed

1828 3599 118 27 Business
1959 3599 25 25 in
1999 3596 148 34 Roxburgh.

1825 3687 134 25 Estimates
1973 3686 72 28 <riven
2058 3686 45 23 and
2116 3685 118 30 JBuildirig:
2247 3685 130 26 Contracts

1972 3709 13 10 n
2218 3709 14 11 n

1928 3736 28 25 of
1971 3734 31 27 all
2023 3734 72 25 kinds
2113 3734 161 27 undertaken.

1863 3819 75 26 Plans
1952 3820 47 25 and
2019 3819 184 34 Specifications
2218 3819 121 34 prepared.

1824 3885 216 54 HUGH
2114 3888 260 42 BRUCE,

1917 3953 199 31 BOARDING
2144 3956 140 35 HOUSE,

1853 4005 102 29 WHITK
1959 4015 35 19 HA
1998 4015 11 18 V
2014 4015 76 19 EN-ST
2095 4017 14 19 K
2113 4017 11 19 K
2130 4017 38 27 KT,
2190 4008 41 29 LA
2235 4017 56 20 WKE
2295 4017 31 20 \C
2332 4017 12 19 H

1889 4053 143 36 (Opposite
2046 4052 116 38 English
2176 4054 131 37 Church.)

1835 4140 81 23 FIRST
1934 4141 84 22 CLASS
2041 4142 52 21 ACO
2105 4144 181 22 >.VIAJOI)ATLON
2309 4145 55 22 FOR

1910 4169 58 20 THE
1983 4170 138 21 I'RAVc.LLI
2130 4174 34 18 Mj
2182 4175 31 17 i'U
2222 4174 69 19 tii.lU.

1870 4251 78 30 Good
1972 4251 128 39 Stabling
2126 4254 54 28 and
2203 4254 127 28 Paddock

1973 4295 254 28 Accommodation.

2046 4349 29 3 __

1908 4372 166 30 —Charges
2095 4375 160 31 MoOKKATG.
2258 4393 36 3 —

1834 4537 188 56 IyjILLEKS
2086 4539 96 28 FLAT
2240 4538 136 35 HOTEL,

1985 4688 121 22 MILLERS
2132 4690 78 21 FLAT.

1855 4951 31 30 P.
1910 4951 107 29 Laffey
2079 4976 30 6 ...
2170 4953 167 40 Proprietor.

1822 5106 240 41 pUKISLWIAS
2090 5108 23 27 &
2146 5109 87 28 NKVV
2267 5111 78 28 YEA
2353 5113 20 25 It

1859 5186 117 39 (Suitabl
1982 5200 14 16 c
2011 5188 44 28 for
2075 5188 99 38 Young
2187 5191 54 30 and
2258 5191 75 38 Old).

1934 5269 27 28 A
1974 5267 133 39 complete
2121 5271 106 39 display
2241 5272 29 29 of

1823 5310 128 28 FANCY
1983 5311 133 35 GOODS,
2152 5306 113 36 UHillS
2277 5315 45 27 I'M
2327 5315 46 28 AS

1874 5350 134 36 Cards,
2049 5350 105 36 toys,
2196 5354 133 37 books,

1946 5391 81 28 MAG
2035 5391 87 29 AZIN
2131 5395 49 31 hiS,
2202 5397 49 27 &c.

1825 5469 146 21 BARGAINS
1990 5469 39 20 ON
2048 5470 56 20 THE
2123 5472 137 22 SHILLING
2278 5473 99 22 TABLE.

1948 5533 160 31 Inspection
2128 5536 123 31 Invited.

1886 5619 53 58 F.
1986 5621 27 54 .]
2028 5618 300 67 EFFEIiY,

1826 5699 191 25 BOOKSELLEH,
2032 5699 131 29 CHEMIST,
2177 5702 82 20 NEWS
2276 5702 96 21 AGENT

1976 5726 4 29 ,
1993 5726 116 22 STATION
2116 5729 43 26 EH,
2172 5729 38 21 &c.

1892 5761 141 31 TEVIOT
2062 5762 251 31 DISPENSARY.

2505 171 531 60 EVERYBODY'S
3076 164 377 61 BUSINESS.

2468 275 135 30 AIAPOI
2629 275 269 29 BLA.NKETS—A
2910 274 76 37 large
2997 271 79 30 stock
3088 271 59 37 just
3159 264 134 33 received.
3335 263 163 45 Something
3511 273 27 25 to

2504 316 118 41 prolong
2635 327 70 28 your
2717 316 77 35 davs,
2809 318 119 26 sweeten
2942 314 47 28 the
3001 317 116 34 temper,
3131 310 122 38 improve
3274 305 47 29 the
3348 308 128 37 appetite,
3497 310 27 28 in-

2411 369 91 19 crease
2510 358 127 37 personal
2650 357 127 34 comfort,
2789 357 54 28 and
2857 356 64 35 defy
2936 355 47 28 the
2995 355 79 28 frost.

2486 397 68 28 New
2568 397 86 27 Dress
2668 397 122 34 Tweeds,
2806 395 179 28 Flanellettes
2987 392 116 35 —wide,
3117 391 98 36 heavy,
3229 390 95 35 cheap.

2484 437 107 29 Ladies'
2605 436 124 35 Jackets,
2745 436 98 37 Capes,
2860 433 189 40 Waterproofs
3051 431 92 29 —real

2484 476 108 30 Ladies'
2609 477 70 28 Hats
2693 477 28 28 in
2735 476 74 39 plain
2823 475 54 30 and
2891 475 83 38 fancy
2990 475 112 32 Straws,
3124 470 85 35 Felts,
3230 468 85 30 Plush
3337 469 54 29 and
3414 470 121 36 Beaver;

2412 518 109 37 Wings,
2536 517 97 36 Quills,
2647 517 90 34 Tufts,
2753 517 152 37 Aigrettes,
2922 515 126 33 Flowers,
3062 512 127 27 Ribbons
3206 510 39 36 (in
3265 510 72 33 shot,
3351 510 107 37 stripes,
3472 511 61 37 &c.)

2409 558 166 36 —Nothing
2588 557 163 28 miraculous
2766 557 50 27 but;
2831 565 65 27 very
2912 552 162 31 wonderful.

2486 598 86 28 Down
2587 602 28 23 to
2629 597 64 28 date
2707 596 85 38 styles
2805 596 28 28 in
2858 595 92 28 Men's
2973 593 80 35 Hats,
3072 590 146 38 including
3239 589 48 29 the
3328 588 115 41 Lounge
3485 591 55 29 and

2415 638 45 28 the
2473 648 62 18 now
2547 637 108 29 famous
2696 636 40 28 Dr

2486 680 23 26 A
2524 677 82 39 good,
2620 682 87 32 great,
2729 676 89 39 grand
2831 675 56 29 and
2908 682 139 31 gorgeous
3073 671 106 37 variety
3204 670 30 28 in
3255 668 101 36 Men's,
3379 670 81 38 Boys,
3487 672 53 28 and

2410 719 118 28 Youths'
2545 718 122 29 Colonial
2681 717 99 28 Tweed
2796 717 85 28 Suits.
2923 715 78 28 Mind
3022 723 64 28 you,
3109 709 214 32 SPECIALLY
3347 710 193 30 SELECTED

2409 759 42 29 for
2466 759 48 28 the
2527 758 122 28 author's
2660 757 148 28 wondrous
2822 755 90 29 trade.

2482 799 117 29 Friends
2613 809 103 19 unseen
2729 797 55 29 and
2796 803 114 33 patrons
2924 797 42 28 far
2982 793 55 30 and
3051 791 118 31 near—l
3188 790 100 36 watch,
3304 790 85 37 work,
3404 791 54 30 and
3478 793 63 29 wait

2408 841 43 27 for
2463 851 68 22 vou.

2556 983 102 30 CASH
2681 981 163 35 DRAPER,
2865 980 204 34 CLOL'HIKR,
3092 976 80 30 ..ND
3193 974 208 32 IMPORTER.

2792 1032 70 31 Rosa
2884 1032 97 36 Place,
3001 1031 165 30 Lawrence.

2929 1216 143 28 TAILOR
3102 1215 81 28 AND
3212 1214 164 28 HATTER.

2762 1297 27 53 J
2805 1297 39 22 AM
2859 1295 157 26 acknowledged
3032 1297 21 18 to
3067 1294 26 21 be
3105 1294 73 21 second
3192 1296 22 19 to
3227 1301 54 14 none
3294 1294 32 21 for

2801 1357 137 30 STYLE!

2885 1397 4 37 •
2946 1397 192 37 QUALITY!

3117 1436 312 30 WORKMANSHIP!

2936 1557 13 23 }:
2954 1557 40 23 ESI
3002 1559 88 20 DENTS
3117 1559 35 19 OF
3179 1557 187 21 ROXBURGH-
3396 1557 3 23 '

2759 1587 79 27 Kindly
2849 1594 67 14 remen
2926 1587 34 20 l>er
2976 1587 46 20 that
3030 1587 67 24 owing
3110 1590 21 16 to
3142 1592 33 20 iny
3185 1586 99 20 immense
3293 1587 130 25 iissoitment,
3433 1585 36 22 the
3478 1586 60 22 Show

2808 1623 19 13 iu
2838 1616 36 20 the
2886 1615 103 20 Wimiows
2999 1616 16 19 is
3026 1614 48 26 ouly
3084 1621 11 13 a
3105 1620 47 19 very
3163 1613 57 21 nmall
3233 1617 45 22 part
3284 1613 22 21 of
3316 1620 31 19 my
3359 1614 129 21 Exhibition,

2810 1682 109 26 Intending
2929 1683 117 20 Customers
3058 1682 39 19 wili
3109 1681 40 21 find
3159 1682 45 19 that
3215 1681 9 20 I
3234 1681 52 20 have
3298 1681 60 20 mad»t
3364 1681 35 20 the
3406 1681 64 21 inside
3476 1681 22 21 of
3504 1689 34 19 my

2757 1711 160 21 Establishment
2936 1710 147 26 especially-.at.
3095 1716 32 13 r»c
3138 1709 42 26 iv«,
3197 1708 39 22 and
3243 1708 3 28 ■
3255 1709 102 23 earnestly
3373 1710 64 19 invite
3455 1716 40 19 you
3517 1713 21 17 to

2758 1743 83 15 saunter
2856 1738 87 24 through
2963 1738 34 19 the
3018 1738 79 18 various
3115 1737 146 24 Departments
3276 1736 40 21 and
3331 1736 82 26 Inspect
3423 1736 35 21 the
3469 1737 71 20 I>ttest

2760 1765 104 22 Fashions.

2796 1833 184 29 OPPOSITE
3003 1832 107 28 BANK
3134 1832 48 26 OF
3203 1832 89 27 iSEW
3312 1832 192 36 ZEALAND,

3083 1872 161 30 Lawrence.

2476 2077 26 18 ::a

2471 2094 13 13 *
2493 2093 12 15 >
2517 2090 40 18 ,*i

3216 2013 241 92 JiiTE

2585 2150 75 30 BEG
2688 2148 48 30 TO
2762 2147 216 31 ANNOUNCE
3001 2146 103 29 THAT
3130 2145 104 30 THEY
3259 2145 108 29 HAVE

2440 2227 450 57 PURCHASED
2926 2224 152 56 THE
3111 2223 401 56 GOODWILL

2707 2336 71 18 —OF
2802 2334 52 20 THE
2882 2323 190 31 BUSINESS
3099 2333 33 19 OP
3156 2332 90 19 THE—

2531 2403 261 55 Mutual

3122 2402 126 63 ©©.,
3278 2401 156 66 &td.,

2445 2511 140 39 Together
2599 2509 66 30 with
2679 2508 73 30 their
2776 2506 225 36 BUILDINGS,
3021 2505 89 30 which
3125 2505 52 29 will
3191 2505 161 31 henceforth
3365 2517 36 28 go
3415 2507 88 30 under

2886 2550 47 27 the
2947 2559 80 17 name
3041 2547 29 29 of

2413 2629 658 92 DALGETY'S
3109 2627 424 88 STORE,

2484 2840 85 29 These
2592 2837 98 30 Stores
2711 2847 47 19 are
2782 2840 130 34 amongst
2933 2836 48 29 the
3003 2835 119 39 Largest
3142 2834 55 29 and
3217 2834 220 41 Best-equipped
3450 2835 28 30 in
3492 2836 46 30 the

2408 2881 114 39 Colony,
2535 2879 56 31 and
2614 2889 51 20 our
2688 2877 106 30 friends
2817 2888 63 29 may
2903 2877 139 31 therefore
3064 2876 57 38 rely
3144 2886 73 29 upon
3240 2875 71 30 their
3331 2876 207 41 consignments

2504 2923 140 26 shown-to
2658 2919 49 28 the
2722 2920 62 26 best
2797 2919 157 35 advantage
2968 2919 79 27 when
3061 2917 121 36 exposed
3194 2917 44 28 for
3251 2917 63 28 sale.

2406 3069 127 31 Auction
2550 3067 78 30 Sales
2644 3067 30 29 of
2688 3064 180 40 Sheepskins,
2883 3063 193 37 Kabbitskins,
3090 3063 97 38 Hides,
3202 3063 111 37 Tallow,
3326 3064 60 38 &c.,
3398 3067 118 38 weekly.

2636 3215 76 29 Send
2738 3215 44 29 for
2807 3225 51 19 our
2884 3213 105 30 Advice
3010 3213 88 29 Notes
3123 3213 54 29 and
3202 3213 109 30 Labels.

2799 3596 267 99 mm®
3081 3596 106 99 U

2674 3828 35 28 IS
2735 3825 216 31 ANNUALLY
2977 3824 103 31 USED
3107 3820 106 32 UPON
3241 3819 23 29 A

2406 3907 351 65 QUARTER
2821 3922 39 23 ™
2863 3922 15 22 E
2893 3902 238 57 SHEEP
3277 3893 251 58 WORLD

2441 4024 61 29 ITS
2521 4023 236 29 BENEFICIAL
2778 4019 168 32 EFFECTS
2966 4017 79 29 AND
3065 4015 166 30 LASTING
3253 4007 237 36 PROPERTIES

2807 4071 128 31 ALONE
2961 4069 111 28 MAKE
3098 4068 39 28 IT

2404 4134 154 56 THE
2599 4130 393 60 CHEAPEST
3027 4126 95 56 OF
3159 4124 146 58 ALL
3343 4119 184 57 DIPS.

2677 4244 72 20 FROM

2893 4271 102 31 JOHN
3020 4267 220 37 THOMPSON,
3265 4267 157 32 Lawrence,

2815 4325 63 29 And
2901 4325 71 29 from
2994 4323 35 28 all
3053 4322 87 29 Stock
3161 4321 56 30 and
3241 4319 109 31 Station
3372 4318 119 36 Agents.

2452 4406 175 45 Murray,
2655 4405 174 36 Roberts
2862 4403 78 35 and
2973 4401 87 38 Co.,
3094 4406 81 28 Chief
3201 4406 107 33 Agents
3330 4403 43 27 for
3397 4400 98 35 Otago.

2629 4674 261 123 Wmzm

2521 5112 158 57 NEW
2733 5115 99 54 RA
2853 5115 72 54 PL
2938 5115 46 55 I)
3032 5109 386 60 BICYCLES.

2409 5216 58 31 CJT.
2483 5215 114 20 GEORGE
2613 5214 205 21 ENGINEERING
2831 5215 50 25 CO.,
2897 5215 102 25 Limited,
3013 5222 33 13 are
3057 5215 35 20 the
3104 5214 80 20 Makers
3192 5213 22 20 of
3224 5212 33 20 the
3267 5210 47 25 only
3326 5210 79 25 Bicycle
3414 5210 112 24 possessing

2469 5242 20 20 in
2500 5242 69 27 happy
2578 5241 137 21 combination
2729 5244 34 17 the
2773 5242 113 26 perfection
2897 5242 21 19 of
2925 5242 121 27 thosequaii
3056 5243 27 19 ies
3091 5248 19 14 m
3118 5245 25 16 >st
3151 5239 83 22 coveted
3241 5238 25 26 by
3274 5236 131 27 expjrieucid
3415 5236 111 28 Cyclists—

2576 5275 199 30 STABILITY
2794 5276 5 28 !
2879 5275 143 30 SPEED!
3102 5269 263 36 DURABILITY!

2453 5317 49 20 This
2511 5316 41 20 fact
2561 5316 37 20 has
2608 5316 81 20 become
2698 5316 103 23 i»-.n';rally
2811 5316 115 25 recognised
2937 5317 20 19 in
2968 5316 104 26 Tuapeki,
3085 5316 39 20 and
3135 5316 19 19 in
3166 5318 136 21 consMj'ienci
3318 5311 9 19 I
3342 5318 31 13 ain
3389 5311 54 25 daily
3453 5310 72 24 snlliii?

2404 5344 56 21 thw»i
2470 5344 105 21 Michines
2585 5346 21 17 to
2617 5345 41 24 (Jyc
2668 5344 35 19 ist.s
2715 5344 43 19 who
2770 5344 49 19 liave
2829 5343 49 20 been
2888 5342 144 28 disappointed
3043 5345 25 23 by
3080 5344 60 20 other
3151 5342 75 24 makes,
3238 5339 40 21 and
3289 5339 44 19 who
3342 5346 33 14 are
3381 5339 53 25 glad,
3445 5337 81 27 indeed,

2404 5372 31 21 for
2445 5379 32 14 me
2488 5377 19 15 lo
2517 5371 59 21 make
2585 5371 58 20 them
2650 5378 24 13 an
2684 5371 110 20 allowance
2804 5370 30 21 for
2846 5371 54 20 their
2910 5371 105 22 discarded
3027 5375 85 17 mounts

2405 5407 859 48 AsPartPaymentforaMachinetheycan
3279 5405 167 45 Depend
3460 5414 66 26 on.

2459 5497 65 20 Those
2535 5496 45 20 whe
2589 5502 33 13 are
2633 5498 36 17 not
2681 5495 21 21 in
2712 5502 11 14 a
2733 5495 87 27 position
2831 5496 21 18 to
2863 5495 98 25 purchase
2971 5502 39 14 one
3019 5496 21 20 of
3050 5496 57 20 these
3116 5494 54 22 ideal
3180 5493 66 22 steads
3256 5499 36 14 can
3302 5490 70 21 obtain
3383 5491 52 20 from
3449 5498 30 13 n.e

2526 5523 69 30 New
2617 5532 54 20 and
2697 5525 200 27 Sejond-hand
2924 5523 131 30 Bicycles
3077 5523 30 30 of
3130 5532 82 25 every
3234 5518 178 39 description.

2623 5581 687 85 CHARLES~STOKES,

2563 5680 215 31 MERCHANT
2810 5680 152 36 TAILOR,
2987 5682 72 27 Ross
3090 5681 98 34 Place,
3213 5680 161 28 Lawrence.

2811 5732 96 37 Agent
2932 5732 44 29 for
3001 5731 143 38 Tuapeka,

2458 5774 161 27 Catalogue*ob
2634 5771 151 29 Application.-

3045 5771 76 21 -When
3133 5770 100 28 Ordering
3246 5769 91 24 Kentien
3352 5769 41 22 this
3406 5769 73 27 Paper.

3570 202 256 47 Speargrass
3860 202 91 38 Flat
3989 199 134 44 Hotel,

3669 265 101 28 BALD
3794 265 93 29 HILL
3913 264 108 29 FLAT.

3566 347 91 22 JAMES
3669 346 153 22 FALCONER

3567 414 99 30 HTHE
3680 414 86 30 above
3781 414 85 29 Hotel
3879 414 55 29 will
3949 414 33 28 be
3997 412 88 30 found
4104 423 17 17 a

3650 460 72 24 most
3749 456 179 28 comfortable
3959 454 53 28 aurl
4045 453 60 29 well-

3567 496 149 38 appointed
3730 496 94 29 House
3840 497 36 35 by
3900 495 150 29 Travellers
4064 494 56 28 and

3568 538 47 26 the
3627 536 93 38 public
3734 536 150 37 generally.
3925 536 116 26 Patrons
4055 543 64 28 may

3569 576 56 38 rely
3639 587 34 18 on
3688 586 81 27 every
3787 575 136 29 attention
3939 575 83 38 being
4035 574 83 39 given

3568 620 28 25 to
3607 617 71 27 their
3690 618 127 26 comfort.

3570 689 44 29 An
3627 689 157 30 Excellent
3798 688 87 29 Table
3899 689 118 29 Always
4031 687 86 30 Kept.

3632 761 71 40 Only
3720 762 45 29 the
3781 761 65 29 Best
3859 761 116 40 Liquors
3991 760 75 41 Kept

3774 804 29 28 in
3817 802 95 30 Stock.

3579 856 156 29 First-class
3750 856 137 38 Stabling,
3901 856 65 29 with
3984 856 99 30 Groom
4097 855 29 29 in

3763 897 173 28 attendance.

3573 987 278 30 DAILWAY
3927 987 196 35 HOTEL,

3663 1056 66 21 ROSS
3747 1056 98 26 PLACE,
3867 1056 168 21 LAWRENCE.

3571 1122 109 37 John
3708 1122 150 45 Laffey,
3888 1121 235 46 Proprietor

3647 1182 78 36 (Late
3739 1182 28 28 of
3781 1181 144 29 Havelock
3939 1181 104 37 Hotel.)

3607 1261 62 29 JL.
3683 1261 70 39 begs
3773 1265 28 25 to
3814 1261 125 28 intimate
3953 1261 59 28 that
4026 1261 33 28 he
4073 1260 50 29 has

3570 1302 153 38 purchased
3755 1302 46 27 the
3833 1302 87 27 above
3946 1301 177 28 well-known

3570 1342 141 39 Hostelry,
3719 1342 55 29 and
3789 1342 83 39 hopes
3873 1354 5 7 1
3874 1364 7 13 ,
3894 1343 34 38 by
3938 1342 79 27 strict
4029 1345 77 25 atten-

3570 1384 57 29 tion
3641 1389 27 22 to
3681 1384 47 27 the
3737 1383 117 29 comfort
3864 1383 28 28 of
3904 1382 152 29 Travellers
4065 1382 55 29 and

3569 1425 47 28 the
3628 1423 95 39 public
3734 1423 155 37 generally,,
3897 1427 28 24 to
3941 1429 71 22 meet
4025 1422 66 29 with
4104 1433 17 17 a

3568 1463 52 29 fair
3633 1463 81 30 share
3725 1463 28 28 of
3766 1468 161 34 patronage.

3605 1504 58 29 The
3687 1504 59 28 Kail
3751 1514 56 28 way
3830 1503 23 30 is
3876 1514 51 18 one
3941 1503 28 28 of
3983 1503 46 28 the
4042 1503 61 28 best-

3567 1544 147 38 appointed
3727 1543 98 29 Hotels
3833 1544 107 27 outside
3949 1543 30 28 of
3991 1542 128 29 Dunedin

3568 1585 96 29 Under
3676 1584 86 29 J.L;'s
3777 1589 200 34 management,
3989 1584 46 27 the
4045 1593 78 19 com-'

3567 1626 55 27 fort
3635 1625 29 28 of
3671 1632 113 31 patrons
3793 1625 54 27 will
3859 1626 33 27 be
3904 1625 77 28 made
3991 1634 16 17 a
4017 1623 106 39 special'

3567 1666 113 34 feature,
3694 1665 54 28 and
3761 1675 35 18 no
3810 1665 81 29 effort
3902 1664 52 30 will
3972 1665 32 28 be
4019 1663 99 40 spared

3567 1711 27 24 to
3608 1706 64 38 give
3685 1715 83 28 every
3781 1705 179 29 satisfaction.

3567 1778 59 30 The
3638 1779 61 29 best
3713 1778 102 30 brands
3827 1779 30 29 of
3879 1777 103 37 Wines,
4007 1777 111 40 Spirits,

3603 1820 54 26 and
3673 1820 66 27 Ales
3751 1820 103 36 always
3872 1820 66 36 kept
3951 1820 26 25 in
3992 1818 89 28 stock.

3568 1893 128 39 Simpson
3709 1893 54 28 and
3778 1892 96 29 Hart's
3889 1892 64 29 Ales
3967 1892 101 38 always
4081 1902 39 18 on-

3814 1933 69 38 Tap.

3568 2006 157 29 First-class
3737 2005 129 39 Stabling
3881 2004 241 30 Accommodation

3575 2071 280 55 JjASOHIC
3900 2069 223 40 HOTEL*

3662 2131 68 21 ROSS
3745 2130 95 26 PLACE,
3856 2130 166 22 LAWRENCE.

3568 2199 32 29 R.
3622 2199 112 28 WEBB
3941 2199 177 28 Proprietor.

3604 2280 58 29 The
3716 2279 123 30 Masonic
3895 2279 100 30 affords
4017 2279 36 28 all
4073 2279 47 30 the

3567 2320 131 29 comforts
3711 2322 29 27 of
3753 2331 15 17 a
3781 2321 89 34 home,
3881 2320 54 28 and
3949 2319 23 30 is
3986 2320 130 38 provided

3567 2361 66 27 with
3647 2361 47 28 the
3715 2370 67 28 very
3803 2358 60 30 Best
3878 2359 231 29 Accommodation-

3566 2401 44 29 for
3634 2400 162 30 Travellers.
3818 2399 3 33 ,
3836 2399 157 30 First-class
4025 2399 94 31 Table.

3567 2442 67 29 Best
3654 2441 97 30 Wines
3772 2441 55 30 and
3849 2441 100 40 Spirits
3970 2441 101 40 always
4089 2442 31 28 in

3566 2482 89 30 stock.

3688 2551 134 21 CHARGES
3840 2551 159 20 MODERATE.

3602 2604 59 31 The
3685 2605 160 40 Proprietor
3869 2605 99 30 wishes
3993 2608 29 27 to
4044 2605 76 30 draw

3567 2645 109 41 Special
3700 2647 136 29 attention
3861 2650 29 26 to
3917 2647 46 29 the
3989 2646 131 40 Stabling

3567 2688 246 29 Accommodation
3831 2688 143 38 provided,
3987 2688 90 30 which
4095 2689 24 28 is

3567 2728 153 35 unlimited,
3734 2728 54 29 and
3801 2728 29 29 of
3843 2729 47 28 the
3903 2728 61 29 best
3977 2728 78 30 kind.

3574 2791 146 58 yICT
3734 2792 62 29 0K
3809 2792 14 28 I
3836 2792 27 28 A
3938 2792 135 29 HOTJfi
4085 2792 33 35 L,

3654 2859 71 22 PEEL
3737 2859 111 27 STREET,
3863 2860 170 22 LAWRENCE.

3589 2950 170 36 Ronald
3788 2949 98 35 Mon
3911 2955 183 39 gomerYj

3755 3007 179 29 Proprietor.

3564 3100 58 30 One
3645 3101 29 28 of
3695 3100 46 29 the
3763 3105 71 24 most
3858 3101 181 29 comfortable
4058 3102 57 28 and

3589 3141 229 29 best-conducted
3831 3140 153 30 Hostelries
3995 3153 35 16 on
4042 3143 45 27 die

3711 3184 89 34 Utago
3814 3181 159 29 Goldtields.

3662 3273 57 21 HOT
3741 3273 61 21 AND
3822 3273 74 21 COLD
3915 3274 100 21 BATHS.

3587 3341 110 29 Sample
3718 3341 95 29 Rooms
3833 3349 51 21 for
3902 3341 183 32 Travellers.

3561 3422 166 38 Passengers
3735 3421 85 29 called
3831 3422 42 28 for
3882 3422 45 29 the
3935 3423 75 38 early
4019 3423 100 31 Train..

3567 3567 156 62 D.M
3723 3567 157 62 ITc
3970 3568 18 25 E
4022 3568 18 26 L
4070 3568 20 26 L

3621 3714 69 25 THE
3736 3714 159 25 PJIMuLAIi
3931 3714 119 31 Hou.ih:,

3742 3777 19 25 L
3771 3786 13 15 \
3789 3777 149 25 WHENCE.

3576 3860 9 15 5
3599 3859 49 15 uow
3666 3850 103 31 opening
3789 3858 30 22 up
3839 3848 38 24 hi*
3899 3847 62 25 First
3984 3848 128 32 Shipment

3577 3895 24 23 of
3617 3894 66 25 SUM
3694 3894 66 24 vlKll
3962 3894 136 25 consisting

3575 3940 23 22 of
3608 3940 28 22 .ill
3648 3942 39 20 the
3696 3940 69 21 latest
3777 3938 116 23 no7el'iiM
3902 3944 35 16 tor
3949 3942 39 19 ttie
3997 3938 95 29 comiug
4108 3938 3 29 j

3643 3986 91 18 s-'aayii.
3752 3977 48 24 and
3815 3983 75 26 pcces
3905 3982 22 18 to
3946 3979 87 22 tuatcb«

3680 4018 92 23 Aliihne
3788 4025 13 22 y
3816 4026 15 15 a
3855 4017 135 30 Speciality.

3721 4157 58 24 —V
3782 4167 18 15 is
3803 4161 30 21 lis
3868 4158 89 23 Millers
3984 4156 44 25 Fla
4077 4156 31 25 ill

3565 4197 128 31 Roxburgh
3705 4203 72 24 every
3793 4198 36 23 six
3846 4198 86 23 weeka.

3572 4372 583 68 mMaMEHffi

3579 4431 109 39 X&tMy
3847 4450 24 20 r
3871 4456 9 12 ,
4037 4431 107 31 \v-.w

3579 4482 5 5 .
3770 4468 30 19 *3*
3845 4465 23 23 k'
3875 4470 7 12 >
3913 4466 47 22 V\
4143 4475 7 9 *

3765 4485 18 17 T,
3805 4487 7 12 t
3841 4478 45 23 >.V
3914 4487 10 17 \
3932 4478 4 26 ■
3953 4492 5 9 ,

3638 4503 44 17 BY
3756 4500 4 30 .
3924 4506 14 14 v
3941 4511 5 12 <
4044 4500 41 17 T0

3564 4530 3 30 '
3593 4539 101 21 roya
3705 4539 15 19 l
3984 4534 44 22 f^
4036 4530 112 26 Majesty

3577 4574 158 21 WARRANT
3997 4566 141 29 TKGQIiEtN

3579 4613 37 26 •\ks
3622 4612 26 26 rv
3659 4612 24 26 sf
3688 4611 57 28 cciai
3942 4605 211 33 iiWEgwales.

3741 4680 45 31 *»'
3801 4680 28 31 •*
3857 4690 7 11 f
3878 4680 4 31 '
3901 4680 3 31 1
3944 4680 53 31 '■

3567 4793 3 34 :
3837 4804 22 23 '■•

3580 5191 356 45 mmzimrtei;

3612 5274 18 4 -
3801 5244 16 43 f;
3837 5245 19 44 ?.
3880 5244 48 34 •••":'
3954 5242 49 41 I'C

3728 5283 14 26 £«
3843 5292 6 9 <
3876 5291 16 17 H;
3910 5294 17 13 v.\
3975 5296 29 12 K-tJ
4064 5299 5 6 '

3584 5649 174 40 TOTHILL,
3779 5652 174 39 WATSON,
3973 5654 24 31 &
4019 5656 69 38 CO.,

3657 5724 50 26 ISsk
3711 5727 89 27 street,
3802 5753 8 7 k
3821 5727 165 34 Invercargill,

3561 5769 59 27 So'c.
3627 5771 139 34 Ageita.for
3781 5773 77 33 Usagp
3878 5776 43 25 ml
3935 5776 136 28 SoitWml
