4127 5866
98 197 179 51 Proposed
309 197 78 42 New
417 194 149 43 Zealand

122 254 239 46 Horticultural
388 253 150 51 Society.

94 358 152 29 Reference
259 357 49 28 has
321 356 70 29 been
414 353 80 29 made
512 352 26 28 in
562 362 48 18 our

57 399 124 28 columns
195 397 103 29 several
310 397 80 26 times
403 395 29 28 of
443 395 53 26 hire
509 399 29 21 to
553 403 42 17 cer-

56 440 58 28 tain
129 438 140 39 proposals
282 436 78 29 made
373 437 36 37 by
427 436 41 26 Mr
481 434 36 28 H.
529 432 64 29 Rich-

59 481 108 34 ardson,
182 480 28 28 of
225 479 79 33 Gore,
319 488 28 17 as
362 481 27 23 to
404 476 46 27 the
463 475 131 32 inaugura-

58 522 58 28 tion
149 522 29 26 of
210 531 15 16 a
258 517 123 31 Colonial
409 513 199 30 Uorticultura!

61 562 119 36 Society,
194 564 28 25 to
235 561 45 32 be,
294 569 30 16 as
338 558 21 27 it
372 566 77 24 were,
463 566 17 17 a
493 564 101 28 govern-

58 603 51 37 ing
130 601 74 37 body
230 598 145 39 composed
407 597 30 28 of
469 595 140 36 delegates

59 644 70 27 from
143 642 49 29 the
204 639 130 41 principal
347 635 124 30 societies
491 635 28 27 in
544 634 65 28 New

60 683 128 29 Zealand.
230 680 51 29 We
307 679 69 28 have
401 677 67 28 been
500 674 106 29 handed

61 726 46 27 the
119 721 139 37 following
268 717 242 39 correspondence,
521 715 88 28 which

62 766 47 27 has
122 762 98 40 passed
233 762 124 27 between
371 758 47 28 the
428 756 68 29 local
507 756 103 37 society

61 805 54 29 and
129 804 45 29 Mr
186 801 180 34 Richardson,
388 797 63 30 with
465 807 16 18 a
501 801 109 34 request

61 851 28 23 to
102 844 111 39 publish
235 843 32 34 it,
289 841 54 28 and
368 849 41 19 we
434 839 70 28 have
529 837 80 28 much

60 887 123 37 pleasure
216 884 28 27 in
271 891 97 29 giving
400 889 34 18 an
460 879 150 37 important

62 925 135 39 proposal,
217 923 67 29 such
297 932 29 17 as
340 919 54 29 this
419 920 32 34 is,
477 918 47 27 th<3
549 927 46 28 pro-

63 967 123 29 minence
199 964 22 29 it
235 964 135 28 deserves.

105 1010 28 25 In
144 1017 13 17 a
169 1007 82 27 letter
260 1008 29 23 to
298 1004 45 26 Mr
351 1001 103 36 Joseph
466 999 145 36 Tamblyn,

63 1051 137 33 secretary
213 1049 28 25 to
255 1044 48 29 the
315 1042 98 29 Teviot
425 1039 52 30 and
491 1039 103 30 Alexan-

65 1090 49 26 dra
127 1089 199 34 Fruitgrowers
341 1083 58 33 Co.,
411 1083 44 26 Mr
477 1080 116 28 Richard-

64 1140 47 19 son
129 1138 78 27 says:
209 1143 36 4 —

103 1170 13 27 I
128 1165 153 32 forwarded
294 1168 29 26 to
336 1174 52 28 you
410 1173 16 17 a
448 1160 114 30 circular
577 1170 33 19 on

65 1211 47 28 the
159 1208 107 38 subject
303 1205 30 29 of
371 1215 15 17 a
425 1201 186 30 horticultural

65 1250 104 38 society
198 1248 43 29 for
265 1246 68 29 New
366 1243 127 35 Zealand,
515 1242 49 28 but
583 1253 28 17 as

65 1292 78 29 there
156 1299 88 20 seems
263 1291 29 25 to
305 1288 35 28 be
358 1295 75 21 some
446 1284 150 36 misconcep-

66 1334 57 27 tion
136 1342 30 17 as
179 1335 28 24 to
220 1330 36 27 its
270 1327 72 29 main
356 1326 100 38 object,
470 1324 14 29 I
500 1328 111 25 venture

52 1376 41 25 •to
131 1371 63 38 give
231 1378 54 28 you
332 1377 46 26 my
416 1376 60 18 own
521 1364 90 27 views.

65 1411 85 28 What
164 1410 15 27 I
192 1408 107 28 wanted
316 1406 67 29 local
397 1404 125 29 societies
536 1408 27 23 to
577 1403 35 27 do

64 1462 55 17 was
145 1454 28 24 to
197 1447 113 39 appoint
335 1445 139 35 delegates
498 1448 27 23 to
541 1446 69 24 meet

63 1502 52 19 one
140 1488 114 30 another
275 1486 52 29 and
355 1485 58 28 talk
439 1484 47 28 the
512 1486 99 24 matter

62 1541 72 23 over,
150 1529 52 29 and
216 1528 73 28 draw
308 1536 38 27 up
368 1535 16 17 a
404 1524 52 28 few
470 1522 124 38 prelimin-

63 1571 69 28 aries
153 1573 29 25 to
204 1571 69 25 start
300 1565 47 29 the
369 1564 112 37 society.
521 1562 87 28 These

62 1622 46 19 are
121 1620 74 20 some
216 1608 30 29 of
268 1607 46 29 the
336 1606 118 28 features
481 1603 13 28 I
517 1603 89 28 would

62 1653 140 28 advocate.
241 1648 15 29 I
269 1646 120 37 thought
401 1646 27 27 in
442 1645 47 28 the
510 1644 97 37 colony

63 1693 30 29 cf
104 1692 69 29 New
186 1687 128 35 Zealand,
331 1686 76 28 there
421 1685 90 27 would
524 1685 35 27 be
571 1695 36 16 no

61 1732 133 38 difficulty
214 1731 27 28 in
266 1727 119 42 getting,
406 1730 29 25 at
458 1726 78 35 least,
556 1735 52 19 one

61 1773 136 32 thousand
211 1771 135 30 members
360 1773 35 30 at,
416 1778 58 27 say,
498 1768 49 28 20s
559 1777 48 27 per

63 1815 130 33 member,
206 1812 88 27 which
307 1809 89 29 would
419 1809 64 36 give
503 1808 103 31 £I,OOO

61 1860 31 25 to
105 1854 75 31 work
194 1864 34 17 on
251 1862 49 30 per
315 1860 73 28 year.
427 1848 86 35 Then,
536 1847 69 29 from

49 1888 4 38 ■
62 1897 48 29 the
119 1895 135 30 members
263 1893 76 28 there
349 1890 87 29 would
447 1890 34 27 be
489 1888 116 29 selected

64 1937 169 29 committees
266 1934 28 28 of
322 1935 112 35 experts
464 1930 27 28 in
517 1929 91 35 fruits,

65 1979 115 34 flowers,
204 1978 134 35 potatoes,
357 1972 52 29 and
434 1971 78 29 other
525 1980 65 29 vege-

61 2019 99 31 tables.
199 2017 87 28 These
298 2013 169 31 committees
489 2015 29 26 to
540 2012 69 27 have

64 2060 89 29 stated
179 2056 108 40 periods
311 2055 44 28 for
378 2053 129 35 meeting,
529 2052 79 27 when

63 2101 35 28 all
120 2099 196 39 fruitgrowers,
340 2103 185 29 nurserymen,
546 2096 63 30 etc.,

62 2141 81 30 could
166 2139 67 29 send
255 2135 118 40 samples
393 2134 29 29 of
443 2133 76 36 fruit,
542 2133 66 29 each

62 2182 69 29 fruit
154 2179 126 29 renamed
305 2176 64 37 (and
390 2175 23 28 if
434 2175 64 36 they
524 2173 83 33 liked,

63 2222 47 28 the
122 2230 79 19 name
210 2219 65 36 they
286 2217 78 28 know
378 2215 22 28 it
409 2215 47 37 by)
471 2213 135 30 attached.

63 2260 136 36 Similarly
210 2259 65 27 with
285 2260 124 35 potatoes
422 2267 6 16 :
448 2255 77 28 these
534 2264 55 18 com-

53 2302 118 29 mittees
195 2298 89 30 would
311 2295 94 31 decide
431 2294 72 29 what
529 2304 79 19 name

63 2343 125 27 different
200 2339 127 29 varieties
338 2346 71 18 were
420 2340 29 23 to
460 2335 34 28 be
507 2335 99 28 known

60 2384 38 28 bv
106 2382 69 28 from
186 2377 144 32 Auckland
341 2380 28 25 to
379 2375 117 30 Stewart
505 2374 103 36 Island,

61 2422 90 30 which
177 2420 88 30 would
291 2417 155 38 effectually
472 2419 61 35 stop
562 2416 47 29 the

61 2464 129 39 frequent
202 2460 233 39 disappointment
458 2457 29 29 of
508 2458 100 36 buyers

58 2506 31 29 of
97 2502 238 41 potatoes,apples,
344 2504 63 30 etc.,
418 2509 29 18 as
458 2499 64 37 they
533 2499 75 29 often

61 2546 49 28 a«k
124 2545 43 28 for
180 2554 51 18 one
244 2542 103 34 variety
358 2540 52 28 and
425 2543 49 34 get
486 2539 122 27 another.

52 2586 64 28 'For
152 2583 134 39 example,
320 2581 34 29 D.
394 2578 31 29 T.
466 2578 64 29 Fish
556 2579 52 28 and

61 2624 141 31 Warner's
216 2624 77 34 King
314 2633 46 18 are
378 2619 66 30 both
468 2619 47 29 the
536 2629 73 21 same

61 2667 91 39 apple,
164 2666 52 28 and
232 2665 77 28 there
322 2673 46 18 are
391 2661 104 29 several
517 2661 92 29 others

49 2723 6 7 •
63 2705 212 32 double-named
287 2704 26 28 in
326 2704 47 28 the
387 2711 73 19 same
474 2711 68 30 way.
585 2702 27 30 If

61 2749 47 28 the
122 2747 103 37 society
237 2746 50 28 had
304 2756 13 16 a
333 2744 52 37 slip
411 2742 116 39 bearing
540 2743 71 30 their

61 2793 100 32 stamp,
174 2788 23 27 it
209 2786 80 29 could
312 2786 35 26 be
368 2784 83 35 given
476 2787 29 23 to
529 2794 80 25 every

60 2838 180 18 nurservman
254 2826 61 27 who
328 2824 53 28 had
404 2822 54 28 had
479 2823 42 27 his
543 2823 67 29 fruit

61 2867 122 31 certified
214 2871 39 31 to,
284 2864 89 30 which
406 2862 88 30 would
528 2865 34 28 be
594 2874 15 18 a

60 2911 150 34 guarantee
231 2910 29 25 to
282 2908 137 26 amateurs
441 2903 54 27 and
518 2905 92 28 others

60 2948 63 29 that
135 2948 66 37 they
213 2956 70 21 were
296 2944 58 31 safe
373 2943 28 30 in
420 2942 107 40 buying
540 2944 69 29 from

62 2988 68 29 such
162 2996 140 30 growers;
322 2994 75 19 same
422 2982 66 30 with
516 2986 94 36 potato

61 3038 131 28 growers.
230 3026 77 29 Then
320 3025 28 28 in
368 3023 161 30 connection
543 3023 67 29 with

60 3068 48 29 the
139 3068 102 36 society
267 3076 40 18 we
331 3063 86 39 ought
447 3066 29 26 to
501 3064 68 28 have
595 3074 16 17 a

58 3108 118 40 journal,
189 3108 65 29 with
278 3105 108 29 articles
407 3104 71 29 from
498 3108 111 34 experts

59 3160 37 18 on
103 3149 48 30 the
163 3147 161 31 cultivation
336 3145 29 30 of
377 3145 128 30 different
518 3144 91 37 fruits,

59 3191 106 28 flowers
173 3189 52 29 and
234 3186 176 41 vegetables;
428 3196 37 19 on
474 3186 134 40 grafting,

56 3230 138 38 budding,
226 3228 159 35 enarching,
416 3227 56 28 and
497 3227 111 38 general

58 3270 177 31 information
272 3280 35 18 on
345 3267 36 30 all
420 3267 121 39 subjects
579 3267 30 30 of

58 3312 116 30 interest
197 3315 30 26 to
258 3310 47 29 the
336 3308 138 29 members
500 3308 29 29 of
560 3308 48 29 the

58 3353 122 38 society;
201 3351 184 40 experiments
399 3349 36 37 by
447 3360 56 28 any
522 3360 65 19 mem-

46 3397 5 3 '
59 3394 51 30 ber
121 3393 53 30 and
189 3393 48 30 the
247 3391 101 31 results
360 3390 30 30 of
399 3390 76 35 such,
489 3401 35 18 on
533 3394 76 35 pests

58 3435 134 37 injurious
204 3438 29 26 to
245 3431 190 37 horticulture,
456 3431 66 30 with
535 3432 74 29 what

57 3476 25 29 is
104 3476 100 28 known
230 3475 86 28 about
348 3473 76 28 them
458 3473 54 28 and
545 3475 63 28 best

58 3527 94 19 means
165 3516 44 29 for
221 3515 72 29 their
312 3513 178 30 eradication.
529 3515 78 29 Then

59 3558 77 29 there
145 3557 88 29 would
244 3557 34 29 be
287 3555 77 30 trade
370 3555 239 36 advertisements,

47 3596 4 39 •
59 3598 104 37 garden
178 3596 166 37 machinery,
357 3596 156 34 chemicals,
534 3607 57 18 man-

59 3650 72 23 ures,
153 3642 65 31 etc.,
242 3636 88 30 which
355 3636 89 30 would
470 3636 64 40 help
567 3649 42 17 us.

60 3678 66 30 And
150 3679 14 28 I
185 3679 91 28 flatter
298 3677 101 39 myself
423 3677 56 29 this
501 3678 109 39 journal

60 3720 91 30 would
165 3720 35 29 be
213 3718 167 32 distributed
394 3718 57 30 free
474 3723 29 24 to
524 3730 64 19 mem-

61 3761 62 29 bers
136 3760 54 29 and
203 3760 206 29 non-members
422 3763 29 24 at
470 3760 37 29 6d
530 3771 32 18 or
583 3763 28 26 Is

61 3800 123 30 whether
209 3800 125 35 monthly
357 3800 150 38 quarterly,
531 3811 32 18 or
580 3804 32 24 at

61 3842 75 28 what
144 3840 94 40 period
249 3840 22 29 it
279 3839 78 31 could
369 3840 35 28 be
412 3839 102 31 issued.
554 3840 59 30 The

61 3882 90 28 editor
159 3881 78 29 could
247 3885 48 34 get
303 3880 34 29 all
354 3880 177 31 information
541 3882 70 28 from

63 3922 137 35 America,
233 3921 139 37 England,
403 3931 32 18 or
465 3922 71 29 from
559 3932 54 28 any

52 3963 91 28 -other
176 3966 61 35 part
261 3963 30 28 of
314 3962 48 29 the
385 3962 135 30 universe.
560 3962 54 30 We

53 4003 92 28 'Could
167 4003 66 28 have
247 4002 47 29 the
306 4005 71 26 state
390 4003 29 28 of
432 4004 47 28 the
492 4014 81 28 crops
585 4004 28 27 in

65 4042 128 29 different
216 4045 86 37 parts,
333 4042 47 29 the
404 4043 63 30 best
492 4045 65 28 time
583 4047 29 26 to

56 4083 87 38 •place
155 4084 69 28 fruit
236 4094 35 18 on
284 4083 47 29 the
344 4084 116 36 market,
482 4085 47 29 the
554 4085 59 29 best

56 4124 126 33 market,
192 4123 62 28 best
263 4133 92 18 means
365 4124 44 27 for
418 4125 111 39 getting
538 4125 75 28 them

56 4173 45 18 -on
115 4164 48 28 the
176 4163 116 35 market,
305 4163 62 29 best
380 4168 71 25 sorts
468 4165 91 29 suited
569 4165 44 30 for

65 4203 68 29 such
146 4204 167 34 markets,on
325 4204 129 38 packing,
465 4206 149 39 gathering

67 4244 72 34 (now
149 4244 28 28 in
188 4244 55 29 this
256 4244 78 29 there
356 4244 24 29 is
400 4255 16 18 a
432 4245 76 40 right
530 4247 55 28 and
597 4258 17 17 a

63 4294 98 27 wrong
173 4288 62 35 part
247 4284 30 29 of
289 4284 48 30 the
359 4284 53 40 day
436 4285 45 31 for
500 4287 111 38 getting

61 4324 53 29 full
127 4325 115 33 flavour)
256 4325 107 37 storing
374 4329 53 26 etc.
440 4339 8 22 ;
468 4327 28 28 in
510 4327 66 35 fact,
590 4328 22 28 it

59 4365 92 28 ■would
166 4365 34 28 be
214 4376 16 17 a
242 4375 66 27 very
322 4368 96 36 strong
431 4366 54 29 and
507 4378 87 26 power-

59 4405 42 28 ful
115 4405 94 28 union.
249 4405 75 27 Then
345 4415 40 18 we
407 4406 79 28 could
507 4407 66 29 hold
594 4418 16 17 a

61 4445 75 28 show
157 4456 31 17 or
209 4448 55 25 two
281 4448 32 25 at
333 4444 127 31 different
484 4456 126 27 seasons;

55 4484 60 30 and
129 4488 49 26 not
190 4485 79 28 twice
282 4484 30 29 in
325 4484 47 29 the
385 4496 73 19 same
471 4486 77 39 place
561 4498 34 17 un-

59 4525 32 28 til
115 4525 65 29 each
207 4527 93 27 centre
326 4524 54 29 had
404 4525 73 30 been
501 4527 107 29 viaited.

60 4566 65 37 Say,
152 4565 141 35 Dunedin,
326 4575 52 20 one
403 4576 74 26 year,
505 4566 90 30 Christ-

60 4606 103 28 church
174 4605 160 32 another,ln
338 4606 144 37 vercargill
487 4607 123 33 another,

59 4656 31 17 as
103 4646 92 34 might
216 4646 35 27 be
271 4644 102 38 agreed
392 4654 83 28 upon.
515 4645 98 29 Under

45 4684 1 37 •
58 4686 50 29 the
122 4695 74 18 same
218 4685 104 36 society
342 4684 78 29 there
442 4685 81 28 could
542 4686 35 27 be
597 4696 16 17 a

61 4726 104 27 similar
178 4725 75 28 show
271 4723 65 29 held
348 4724 28 28 in
391 4724 47 28 the
456 4724 91 29 North
569 4725 28 28 Is-

61 4765 73 34 land,
148 4775 31 18 as
193 4774 39 19 we
245 4763 80 30 could
340 4767 49 26 not
402 4767 98 35 expect
513 4768 28 25 to
565 4768 48 35 get

61 4809 51 35 pot
126 4806 91 37 plants
230 4804 71 29 from
313 4804 47 29 the
382 4803 100 37 North,
504 4815 31 19 or
547 4806 65 36 they

60 4847 71 28 from
148 4846 48 27 the
210 4844 98 35 South,
317 4844 52 29 but
378 4845 136 29 members
527 4846 81 29 could

61 4887 75 27 show
150 4886 28 27 in
193 4885 67 27 both
273 4884 90 28 North
385 4885 54 28 and
463 4885 97 35 South,
580 4897 31 17 or

58 4926 62 29 vica
131 4935 87 19 versa.
258 4924 72 29 Such
344 4924 81 29 fruits
440 4925 55 29 and
505 4926 106 28 flowers

62 4976 31 19 as
113 4965 91 29 would
218 4964 68 29 both
301 4964 91 39 please
416 4966 54 29 and
495 4966 118 29 instruct

61 5007 80 27 those
171 5005 149 28 interested
348 5005 29 28 in
408 5006 67 28 such
506 5006 104 38 things.

59 5045 91 30 There
163 5055 46 19 are
221 5044 80 30 other
312 5044 184 40 things—nut
505 5045 106 31 culture

60 5087 46 27 for
143 5087 132 32 instance,
313 5086 48 27 the
393 5087 115 28 ccreless
540 5087 69 27 class

59 5126 129 34 {filberts,
199 5124 65 35 etc.)
277 5124 89 29 which
376 5125 90 29 would
474 5126 36 29 do
518 5126 93 28 bettor

61 5166 67 28 with
144 5176 30 17 us
188 5166 73 35 here,
276 5165 65 29 than
354 5166 145 38 anywhere
520 5166 28 29 in
562 5166 47 29 the

61 5206 190 29 Australasian
264 5205 129 30 colonies.
432 5206 101 39 People
545 5206 64 38 only

61 5249 75 26 want
148 5257 16 17 a
178 5245 69 29 little
259 5245 164 30 instruction
435 5246 54 29 and
501 5246 37 29 all
559 5256 52 19 our

61 5290 85 25 waste
158 5296 110 19 corners
281 5286 81 29 could
372 5287 35 28 be
420 5286 109 30 utilised
542 5287 67 28 with

60 5328 57 29 this
131 5330 71 25 most
213 5326 143 37 profitable
379 5326 75 29 fruit.
494 5328 115 38 Hoping

58 5378 56 28 you
128 5366 55 29 will
196 5366 95 29 thrash
303 5366 54 29 and
370 5366 100 30 debate
482 5368 47 28 the
543 5367 48 30 sub-

56 5409 59 39 ject
129 5406 148 40 thorougly
289 5406 55 30 and
354 5406 22 30 if
387 5417 54 29 you
453 5408 98 30 favour
562 5408 49 29 the

60 5449 118 40 project,
187 5452 49 34 get
242 5458 70 27 your
321 5448 67 29 local
399 5458 84 28 paper
494 5453 29 25 to
536 5449 75 38 print

62 5490 49 29 the
121 5489 100 29 debate
233 5487 55 29 and
298 5488 56 29 this
363 5487 82 30 letter
452 5488 23 29 if
483 5499 55 29 you
546 5488 66 36 like,

60 5530 56 29 and
127 5529 69 30 send
209 5529 22 28 it
243 5531 30 26 to
284 5528 119 29 kindred
417 5529 134 29 societies.

1610 68 197 42 MOUNT
1896 73 110 47 BEN
2011 74 110 42 SEE.
2206 77 152 40 MAIL.

3476 72 167 49 Friday,
3664 74 108 39 June
3799 71 179 45 11,1897.

3521 5585 83 21 Printed
3618 5585 40 22 and
3674 5585 109 23 Published
3802 5590 26 23 by
3849 5585 103 24 William
3966 5586 106 27 Paknrli,

3576 5619 124 20 Matibrw*
3710 5620 31 19 for
3751 5619 36 22 th«
3795 5620 131 26 proprietors,
3938 5620 78 21 Dunne
4027 5626 45 19 AKp

3576 5654 132 25 lilattbewb,
3729 5656 23 18 at
3772 5654 55 21 their
3844 5654 118 25 Kegiitered

3577 5688 70 22 Office.
3667 5688 175 29 Scotland-atrwt,
3860 5688 118 27 Roxburgh,
3999 5690 64 27 Otagc

3522 5733 5 8 <
3572 5724 51 22 New
3634 5724 88 23 Zealand
3730 5724 100 28 -Friday,
3845 5724 57 23 June
3915 5724 96 28 11,1897.

3870 5748 62 11 '*
3932 5748 32 11 s
4012 5748 3 11 .
4024 5748 3 11 .

63 5632 101 43 rpHE
184 5633 123 36 greatest
327 5633 111 35 experts
457 5630 87 28 admit
556 5630 61 28 that

147 5671 88 29 Kozie
248 5670 56 28 Tea
321 5670 24 28 is
368 5670 37 37 by
427 5670 43 28 far
488 5670 49 28 the
555 5670 62 28 best

62 5715 80 31 value
151 5709 168 33 obtainable.
338 5709 91 30 Johns
438 5709 24 30 &
470 5709 146 37 M'Combk,

61 5758 119 36 Agents,
196 5752 105 30 Millers
314 5750 72 31 Flat.
481 5763 10 13 *

689 190 32 22 To
737 196 26 18 be
777 192 127 21 Published
918 194 24 16 in
952 190 112 21 January,
1080 183 57 22 1803.

643 244 168 31 STONES'
841 242 124 32 OTAGO
995 239 24 31 &
1046 237 141 31 SOUTH-

882 283 103 30 LAND

687 339 152 25 Commercial,
855 338 133 24 Municipal,
1000 335 16 20 &
1030 334 108 21 General

795 390 237 42 DIRECTORY,

888 447 55 20 AND

675 492 90 30 NEW
782 490 180 31 ZEALAND
978 486 172 35 ANNUAL,

862 543 111 35 1893.

661 631 165 30 Fourteenth
844 631 74 28 Year
936 630 31 28 of
984 625 181 32 Publication.

638 710 90 36 Demy
753 711 52 28 Bvo
830 710 63 33 size,
920 706 157 37 containing
1077 704 3 42 1
1103 704 83 29 about

657 751 52 28 900
716 750 223 40 pages,together
948 748 63 28 with
1021 754 145 21 numerous

694 792 80 38 Maps
798 790 138 31 corrected
958 795 26 23 to
999 789 71 33 date,
1085 786 45 28 the

720 833 86 28 whole
819 831 177 37 handsomely
1011 828 92 29 bonnd

748 873 27 28 in
790 873 83 34 cloth,
883 869 193 40 gilt-lettered.

640 952 77 29 Price
730 957 28 25 to
774 952 186 35 Subscribers,
976 951 47 28 12s
1038 949 35 29 Gd
1083 960 7 25 ;
1111 947 76 30 Non-

788 994 184 32 Subscribers,
985 993 55 26 15s.

685 1075 131 35 STO.nE,
849 1075 81 33 SON,
963 1072 81 29 AND
1076 1072 66 34 CO.,

827 1126 66 29 Pcbi
902 1134 103 24 ishers,

695 1174 141 29 Crawford
863 1173 99 34 Street,
987 1171 138 29 Dunedin.

650 1261 42 54 [)
776 1259 45 37 A.
893 1254 296 44 BUCHANAN,

721 1332 71 21 BOOT
820 1331 60 21 AND
905 1329 74 23 SHOE
1005 1327 110 26 MaKER,

686 1378 140 28 Scotland
837 1393 10 5 -
859 1385 104 24 street,
984 1374 161 28 Roxburgh.

749 1472 91 36 Every
861 1470 167 37 description
1051 1469 29 28 of

639 1524 88 28 Boots
739 1532 56 20 and
809 1522 89 28 Shoes
913 1521 133 28 Supplied
1058 1529 35 19 or
1106 1519 84 29 Made

815 1571 32 19 to
868 1562 142 27 Measure.

637 1616 45 28 Fit
692 1614 183 30 Guaranteed.
952 1613 45 27 Fit
1005 1612 183 28 Guaranteed.

687 1706 123 21 REPAIRS
835 1704 114 22 NEATLY
981 1703 156 22 EXECUTED.

756 1788 24 25 A
803 1785 86 28 Trial
911 1783 152 29 Solicited.

635 1872 41 55 p
761 1871 43 36 A.
882 1867 303 43 MILLER,

635 1947 133 25 BUILDER,
782 1945 105 21 JOINER
902 1944 60 20 AND
982 1941 206 26 UNDERTAKER,

729 1997 70 29 Ross
820 1995 97 36 Place,
937 1994 164 29 Lawrence.

638 2097 122 30 PLANS
773 2096 79 30 AND
867 2092 321 32 bPECIFICATIONS

776 2150 25 28 A
822 2148 221 30 SPECIALTY.

635 2243 153 37 Quantities
802 2241 137 39 Prepared
960 2241 56 27 and
1038 2239 148 28 Estimates

661 2284 87 29 Given
762 2283 42 28 for
816 2281 35 29 all
864 2281 101 29 classes
978 2281 29 28 of
1023 2278 134 30 Builders'

866 2321 99 29 Work.

638 2407 70 57 jVL
793 2408 33 40 J.
913 2407 33 38 B
992 2406 36 39 L
1073 2404 113 44 OY,

662 2476 197 23 WHITEHAVEN
871 2474 111 27 STREET,
996 2472 169 24 LAWRENCE.

638 2564 128 30 BOARD
789 2563 80 29 AND
898 2561 220 30 RESIDENCE
1141 2561 47 28 AT

680 2615 254 31 REASONABLE
955 2613 188 30 CHARGES.

746 2705 95 30 Mkals
861 2714 31 19 at
911 2712 49 21 all
981 2706 22 26 11
1009 2712 76 20 ours.

656 2798 58 28 The
728 2799 61 26 best
805 2796 241 29 Accommodation
1067 2796 45 27 for
1126 2795 46 27 the

777 2836 157 38 Travelling
950 2836 104 27 Public.

638 2923 103 30 GOOD
756 2921 200 30 STABLING.
996 2920 96 29 OATS
1110 2919 81 30 AND

749 2962 128 29 CHAFF
897 2961 52 28 ON
974 2961 105 28 SALE.

640 3036 279 58 JJERBERT
967 3034 100 30 AND
1116 3033 76 36 CO.,

828 3102 168 22 LAWRENCE.

793 3194 151 30 Importkrs
963 3202 33 20 OP
997 3209 36 6 —

635 3250 202 38 Ironmongery

722 3295 191 41 Agricultural
935 3294 182 39 Implements

896 3342 191 39 Agricultural
1106 3340 87 31 Seeds

810 3400 216 31 GROCERIES

655 3460 97 30 TEAS
865 3460 97 31 TEAS
988 3457 4 34 .
1076 3457 98 31 TEAS

638 3584 94 51 W,
803 3584 59 65 J.
923 3583 271 60 Martin,

640 3665 285 30 WATCHMAKER
944 3665 23 29 &
981 3664 210 30 JEWELLER

731 3718 70 29 Ross
822 3718 96 36 Place,
939 3718 162 29 Lawrence.

641 3798 141 36 Watches,
803 3798 99 30 Clocks
923 3799 54 28 and
998 3798 147 38 Jewellery
1166 3799 29 28 of

686 3839 37 29 all
735 3839 182 38 descriptions
930 3839 69 39 kepi
1011 3839 28 29 in
1054 3839 95 30 Stock.

659 3890 70 30 Nice
743 3890 138 30 Selection
894 3891 28 29 of
941 3892 78 35 Gem,
1032 3891 144 39 Wedding

773 3935 56 26 and
843 3932 108 40 Keeper
964 3932 98 40 Rings.

642 4012 19 21 A
675 4012 106 21 CHOICE
802 4012 182 21 ASSORTMENT
1003 4013 36 21 OF
1059 4013 137 21 ARTICLES

662 4045 141 21 SUITABLE
813 4045 55 21 FOR
880 4045 137 22 WEDDING
1028 4046 151 22 PRESENTS.

699 4114 155 38 Spectacles
868 4118 28 25 to
910 4114 62 28 Suit
984 4115 36 28 all
1035 4114 106 39 Sights.

661 4194 106 30 Watch
798 4203 55 20 and
885 4194 90 30 Clock
1011 4194 118 30 Repairs
1161 4204 16 19 a

843 4239 157 25 Specialty.

640 4316 115 40 Repairs
768 4328 31 18 or
811 4316 102 30 Orders
930 4318 72 28 from
1016 4318 45 28 the
1075 4321 118 35 country

690 4358 37 37 by
749 4360 63 35 post
833 4357 55 28 will
910 4358 104 28 receive
1036 4364 112 32 prompt

842 4397 146 29 attention.

862 4475 20 24 A
913 4475 16 23 I
989 4474 173 26 THIS!

701 4551 103 25 BOOTB
821 4556 36 19 for
871 4554 41 23 the
929 4552 81 30 Great,

729 4594 73 25 Boon
821 4596 36 22 for
879 4596 41 24 the
935 4596 90 30 Small;

701 4635 73 24 Boots
788 4635 36 24 for
844 4636 40 23 the
902 4636 79 30 Short,

733 4679 71 24 Boots
821 4680 37 24 for
875 4680 40 24 the
934 4681 52 23 Tall
1002 4688 7 21 ;

705 4722 71 24 Boots
789 4723 37 24 for
845 4724 40 24 the
902 4723 98 32 Young,

732 4762 73 24 Boots
822 4763 36 23 for
874 4763 39 24 the
932 4763 47 24 Old
991 4771 6 22 ;

734 4826 53 23 *nd
805 4825 102 24 BOOTS
923 4827 46 23 ana
988 4827 103 25 SHOWS

853 4882 36 22 for
905 4883 29 21 all
958 4892 13 14 a

746 4942 40 37 H.
837 4944 119 37 Bail
970 4946 125 45 lie's,

653 5017 114 30 Oppotite
781 5018 158 25 Commercial
959 5021 81 30 Hotel,
1060 5022 131 32 Roxburgh

670 5130 130 28 (STCome
816 5133 47 24 and
882 5134 89 29 inspect
984 5135 40 26 the
1040 5137 80 26 Stock.

657 5275 109 25 fancy
791 5277 111 26 goods
920 5279 71 25 and
1010 5281 164 27 drapery.

647 5379 35 26 O
726 5381 24 24 J.
785 5381 137 27 WATKRS
948 5386 90 26 desires
1063 5392 25 20 to
1113 5390 73 27 noiify

647 5422 20 11 *■
687 5430 7 7 •
725 5414 54 24 tfrit
792 5416 42 26 she
846 5416 71 31 keeps
928 5418 23 25 in
962 5421 64 23 stock
1044 5420 86 27 Ladies
1141 5428 44 19 and

640 5446 115 26 Children
764 5456 11 17 s
791 5448 197 35 Underclothing,
1004 5455 48 23 and
1064 5456 30 22 all
1114 5455 74 26 kinds

642 5480 23 24 ef
680 5480 113 31 Drapery.

673 5522 80 33 Fancy
765 5525 80 26 Good*
856 5536 13 15 a
884 5528 135 32 Specialty.

679 5566 131 27 Christm&A
819 5571 47 24 and
879 5571 54 24 New
947 5571 63 25 Year
1021 5577 136 27 presents—

765 5621 12 15 a
793 5621 65 24 great
871 5616 86 29 variety
969 5622 24 18 to
1005 5618 71 32 hand.

764 5646 133 25 lii«uecti'>n
909 5649 93 23 luvitrd

668 5675 113 31 Painting
794 5679 44 22 and
850 5685 34 18 a't
911 5679 152 26 I'eedlework
1074 5682 86 27 taught

735 5711 110 25 Summer
858 5711 83 27 Goods
956 5720 52 18 now
1021 5722 29 16 on
1067 5715 62 24 hand

646 5765 137 26 Address—
786 5769 9 21 (
808 5769 103 23 rmond's
922 5768 114 31 Buildiag
1047 5770 143 29 RoxburgV.

1249 766 488 87 AUTUMN

1869 1816 475 89 WINTER

1578 2338 412 89 GOODS

1230 3357 1053 284 A.&T

2291 4473 48 94 9

1538 5148 464 59 DUNEDIN

2617 1450 80 28 BUY

2377 1505 179 53 MILLS,
2577 1507 132 43 DICK,
2736 1506 37 37 &
2800 1505 130 38 CO.'S

2620 1566 69 28 1807

2396 1618 189 30 ALMANAC
2608 1627 52 19 AND
2683 1615 229 31 DIRECTORY.

2560 1664 85 34 Price,
2661 1664 29 27 Is
2706 1663 44 28 0(1.

2377 1745 90 40 Every
2494 1744 124 37 Farmer,
2646 1744 105 36 Minkr,

2624 1793 54 27 and
2706 1793 134 27 Business
2866 1791 65 27 Man

2452 1845 105 31 Should
2587 1845 119 30 Procure
2728 1857 17 17 a
2772 1844 85 40 Copy.

2405 1926 59 29 Can
2491 1925 34 29 be
2552 1925 53 29 had
2632 1925 70 29 from
2730 1925 47 27 the
2803 1923 85 29 under-

2557 1965 157 29 mentioned
2717 1982 36 3 —

2415 2027 116 28 Mackay
2547 2027 94 33 Bros.,
2656 2025 156 39 Roxburgh

2412 2067 27 30 J.
2455 2067 128 35 Noonan,
2600 2066 108 29 Ettrick

2412 2109 93 28 .Johns
2520 2117 55 20 and
2590 2107 103 30 M'Com
2698 2116 40 27 be,
2754 2106 103 29 Millers
2871 2105 60 29 Flat

2412 2150 27 28 J.
2456 2150 32 28 R.
2505 2148 93 36 Kemp,
2614 2149 67 28 Bald
2702 2147 52 28 liill
2771 2147 62 28 Flat

2414 2189 31 28 L.
2463 2191 87 32 Kyan,
2564 2189 72 33 Jnr.,
2652 2187 159 30 Alexandra
2825 2187 89 28 South

2414 2229 29 28 B.
2460 2229 124 34 Naylor,
2600 2229 88 37 Clyde

2379 2312 138 30 IVTANY
2540 2312 99 30 Ladies
2662 2311 135 39 complain
2812 2312 61 28 that
2886 2312 45 27 the

2474 2354 56 28 Tea
2543 2354 65 35 they
2622 2353 69 28 have
2704 2353 68 27 been
2787 2352 82 37 using
2882 2351 48 28 has

2377 2394 107 29 neither
2495 2394 127 39 strength
2694 2393 112 28 flavour.
2829 2392 26 28 It
2867 2392 63 38 they

2376 2439 44 35 try
2435 2434 87 30 Kozie
2535 2434 56 29 Tea
2605 2435 65 38 they
2684 2433 53 29 will
2752 2434 33 28 be
2800 2433 129 29 satisfied.

2375 2477 93 29 Johns
2486 2476 23 30 &
2530 2476 148 35 M'Cojube,
2693 2477 117 37 Agents,
2827 2474 103 29 Millers

2376 2518 72 29 Flat.

2378 2686 139 30 CTOCK
2544 2687 33 27 all
2601 2687 47 27 the
2674 2685 111 37 leading
2815 2683 113 36 hngdish

2451 2728 55 28 and
2519 2727 118 29 German
2653 2727 97 28 Makes
2763 2725 30 28 of
2808 2725 99 28 Pianos
2921 2735 6 18 :

2427 2779 174 22 BRINSM3AD.
2620 2778 138 25 POLURD,
2778 2776 99 25 SAMEB,

2572 2805 165 25 EWIZSTOFF,

2375 2845 204 25 SC'HWECHTEN",
2590 2844 26 21 LI
2620 2844 39 25 PR,
2669 2843 73 21 OORS
2752 2843 16 21 &
2779 2841 148 25 KALLMAN,

2501 2883 165 24 GERHARDT,
2683 2883 123 21 HANSEN.

2412 2951 121 41 Chas.
2557 2951 109 49 Begg
2688 2950 84 39 and
2794 2949 99 39 Co.'s

2375 3022 233 30 EXHIBITION
2637 3021 133 31 MODEL
2800 3020 128 46 PIANO,

2577 3074 56 31 £3B
2653 3082 77 22 NETT.

2374 3155 123 31 STORY
2521 3156 25 30 &
2573 3155 162 31 CLARK'S
2764 3152 163 38 ORGANS,

2472 3207 178 30 KIMBALL
2669 3205 162 37 ORGANS,

2374 3257 273 33 From£2oto£so..
2666 3260 80 29 From
2756 3257 171 32 £2oto£so.

2626 3311 9 13 i

2375 3341 146 31 BESSON
2548 3341 24 29 &
2603 3340 180 31 BOOSttY'S
2805 3338 122 31 BRASS

2509 3381 286 31 INSTRUMENTS.

2375 3464 98 29 Violin
2488 3464 67 28 Bow
2573 3464 152 28 Repairing}
2739 3473 17 18 a
2770 3463 155 28 Specialty.

2412 3515 104 30 Violin,
2531 3515 65 28 Bow
2610 3515 52 27 and
2680 3514 100 29 Case...
2823 3511 68 40 30/-

2410 3556 184 33 Accordeons,
2609 3555 70 29 from
2753 3579 28 5 ...
2843 3553 45 38 7/(3

2442 3635 110 31 CHAS.
2575 3635 101 29 BKGG
2699 3634 80 30 AND
2800 3634 56 30 CO.

2374 3685 80 29 Have
2474 3685 47 28 the
2544 3684 104 39 largest
2671 3683 54 29 and
2747 3687 72 24 most
2832 3683 92 29 varied

2373 3725 79 31 stock
2465 3726 30 29 of
2508 3725 89 29 Music
2608 3725 26 28 in
2646 3725 47 28 the
2704 3725 112 37 Colony.
2857 3723 68 30 New

2471 3765 159 39 Shipments
2645 3765 186 38 Fortnightly.

2557 3816 71 30 New
2648 3817 97 29 Songs.

2410 3858 82 29 Morn
2525 3859 29 28 of
2592 3859 122 28 Sorrows
2716 3857 209 29 —Snowflakes

2374 3898 172 30 Fair—Gate
2559 3899 28 28 of
2606 3897 155 30 Life—For
2780 3898 47 29 the
2851 3897 60 30 Chil-

2373 3939 92 30 dren's
2479 3938 182 31 Sake—Wilt
2674 3938 76 30 Thou
2765 3939 34 28 be
2816 3938 73 30 Mine
2891 3955 35 4 —

2375 3980 138 29 Sunshine
2545 3981 96 28 Above
2643 3979 94 29 —She
2772 3979 101 37 Stoops
2898 3983 28 24 to

2375 4019 210 40 Conquer—No
2607 4021 43 28 for
2672 4030 34 18 an
2728 4021 117 28 Answer
2845 4019 82 29 —No

2374 4060 90 30 Man's
2478 4061 86 29 Land.

2505 4113 100 28 Violin
2625 4121 54 20 and
2699 4113 96 27 Piano.

2412 4152 128 30 Andante
2561 4157 29 24 et,
2613 4152 119 29 Scherzo
2754 4151 173 37 Capriccioso

2377 4193 112 37 (David)
2568 4192 101 29 Bach's
2711 4196 40 24 Ist
2791 4192 136 28 Concerto

2377 4234 109 37 (Alard)
2490 4233 125 28 —Three
2650 4231 95 30 Pieces
2770 4231 157 39 Classiques

2377 4274 189 39 (Ragghianti)
2570 4273 90 30 —Les
2667 4273 104 30 Echoes
2777 4271 146 39 (Leonard)

2373 4315 173 29 —Mazurka
2584 4315 34 28 de
2663 4314 117 29 Conceit
2827 4313 100 33 (Ovide

2374 4355 104 36 Musin)
2481 4355 175 28 —Romance
2691 4353 124 37 (Jansen)
2819 4353 107 28 —Sou-

2375 4396 78 29 venir
2465 4395 35 29 de
2514 4395 101 37 Haydn
2632 4395 9 34 (
2668 4393 125 37 eonard).

2417 4476 122 41 Chas.
2562 4476 109 47 Begg
2698 4475 82 38 and
2805 4473 75 41 Co.,

2392 4538 32 28 21
2467 4538 118 27 Princes
2621 4535 112 34 Street,
2768 4533 138 32 Dunedin,

2373 4589 114 39 Having
2512 4599 16 19 a
2554 4588 75 30 Most
2656 4586 126 30 Efficient
2806 4583 72 30 Staff
2897 4582 29 29 of

2376 4629 161 37 Workmen,
2546 4640 51 18 can
2612 4628 97 39 Hepair
2718 4625 54 30 and
2794 4629 6 24 I
2810 4635 53 18 une
2874 4633 53 28 any

2497 4669 116 31 Musical
2634 4670 171 28 Instrument

2429 4722 50 29 AT
2506 4720 210 31 MODERATE
2738 4716 132 30 RATES.

2383 4797 169 50 JOHN
2626 4790 300 36 THOMPSON,

2499 4844 274 31 AUCTIONEER,

2422 4897 80 22 land
2517 4895 60 21 and
2591 4892 111 25 estate,
2714 4890 85 25 loan,
2815 4889 58 20 and

2373 4933 174 32 GENERAL
2560 4927 221 32 COMMISSION
2796 4926 128 27 AGENT'

2465 4982 71 29 Ross
2556 4980 97 33 Place,
2674 4978 162 29 Lawrence.

2549 5060 94 37 Agent
2656 5059 42 28 for
2711 5057 46 29 the

2372 5103 128 28 Norwich
2511 5101 94 27 Union
2619 5099 149 26 Insurance
2782 5096 49 28 Co.

2372 5141 138 31 Standard
2521 5139 62 30 Fire
2591 5137 55 29 and
2657 5136 105 29 Marine
2771 5135 150 30 Insurance

2445 5181 48 30 Co-

2368 5222 159 30 Australian
2549 5218 106 29 Mutual
2677 5217 150 29 Provident
2847 5216 73 38 (Life

2441 5260 164 35 Assurance)
2624 5258 108 38 Society

2366 5301 139 32 Standard
2530 5299 120 38 Fidelity
2680 5299 53 28 and
2747 5315 5 5 •
2761 5298 155 29 Guarantee

2438 5341 119 38 Society.

2401 5423 49 31 All
2460 5421 127 32 business
2597 5419 152 30 connected
2772 5419 66 30 with
2856 5418 39 40 Ap-

2366 5465 143 41 plications
2528 5461 44 29 for
2594 5461 195 37 Assignments
2809 5471 32 17 or
2858 5460 38 27 Ex-

2367 5507 107 36 change
2486 5501 30 32 of
2531 5500 188 40 Agricultural
2733 5500 108 34 Leases,
2856 5501 39 36 Ap-

2368 5545 143 40 plications
2520 5543 87 27 under
2615 5541 132 28 Deferred
2758 5540 158 36 Payments,

2370 5585 108 38 Mining
2492 5582 99 30 Leases
2601 5591 31 19 or
2643 5580 110 34 Claims,
2762 5578 155 39 Up-lifting

2370 5627 29 28 of
2420 5625 98 29 Crown
2537 5621 110 34 Grants,
2660 5620 59 35 &c.,
2732 5619 113 38 quickly
2864 5618 54 29 and

2372 5663 114 40 cheaply
2498 5660 164 31 transacted.

2365 5738 1 43 ;
2373 5747 90 29 Loans
2471 5741 177 40 Negotiated.
2671 5741 101 38 Money
2782 5738 138 31 Invested.

3899 522 27 22 m

3824 606 29 37 !i

3859 627 29 27 W!

3317 689 27 29 *

2503 720 28 38 i

2617 845 30 41 i

2886 748 33 21 '**'
2939 748 2 25 •
2961 748 1 25 '
2964 748 2 25 ;
2968 748 4 25 :
2995 748 12 25 ;
3020 753 32 19 V-•
3126 748 3 25 -
3134 748 32 25 :^-:
3178 762 9 7 ■■■
3392 762 6 3 -
3396 752 6 10 l
3404 753 23 19 T
3502 755 27 10 <'
3551 757 22 15 -v
3587 749 49 24 iafi

3803 736 112 33 ?\W*

3850 784 11 20 ;?

3807 803 30 13 L.«C
3846 805 10 11 <■

4006 919 33 20 its

2474 986 119 28 FIRST.
2801 984 160 30 SECOND.
3169 987 131 31 THIRD,
3498 991 164 28 FOURTH.
3864 993 121 30 FIFTH.

2374 1025 121 31 BOOTS
2528 1026 66 30 with
2632 1025 56 29 this
2727 1024 43 31 On
2784 1026 55 30 this
2861 1024 94 30 Brand
2975 1025 64 39 only
3079 1025 72 41 Only
3173 1028 45 29 the
3239 1039 67 29 very
3329 1029 61 29 best
3429 1029 134 39 Farmers,
3620 1033 111 37 Miners,
3771 1033 56 31 The
3837 1035 134 29 standard
3982 1031 98 33 Brand'

2374 1068 93 28 Brand
2475 1078 37 18 on
2521 1069 48 27 the
2578 1068 57 28 heel
2642 1078 47 17 are
2728 1069 47 26 the
2807 1079 67 26 very
2911 1069 63 26 best
3012 1068 29 27 of
3079 1068 29 28 of
3119 1069 139 28 Materials
3269 1080 45 18 are
3322 1071 67 27 used
3428 1073 51 26 and
3495 1073 34 26 all
3544 1074 60 25 who
3618 1078 72 23 want,
3703 1079 29 22 to
3775 1077 78 26 Boots
3867 1077 52 26 and
3933 1077 86 27 Shoes
4028 1087 40 17 are-

2375 1107 168 39 guaranteed
2551 1111 27 25 to
2586 1107 43 29 Fit
2635 1107 54 29 and
2731 1107 152 29 Workmen
2913 1117 45 19 are
2983 1117 58 19 em-
3079 1108 26 28 in
3142 1108 55 29 tV.is
3237 1109 91 29 Brand
3362 1111 29 28 of
3428 1110 70 39 keep
3518 1111 71 29 their
3601 1113 57 29 feet
3670 1113 60 38 dry,
3770 1114 98 29 known
3888 1115 69 30 from
3983 1117 49 27 Aiu
4041 1116 31 29 k-

2450 1148 84 29 Wear
2548 1148 68 30 well.
2831 1148 110 40 ployed.
3107 1149 83 29 Boots
3203 1150 55 28 and
3273 1150 95 29 Shoes.
3463 1155 43 35 try
3520 1153 54 27 this
3596 1154 89 28 Brand
3771 1155 61 28 land
3848 1164 27 20 to
3890 1157 45 29 the
3950 1157 76 28 Bluff
4034 1157 48 29 for*

3804 1197 115 31 sterling-
3930 1197 113 33 quality.

2414 1228 73 28 ALL
2508 1228 119 29 BOOTS
2647 1229 171 29 BEARING
3147 1230 51 29 ON
3227 1230 78 28 THE
3326 1230 52 29 HE
3385 1230 42 29 PL
3460 1232 73 28 ARK
3561 1233 316 32 MANUFACTURED
3898 1238 37 28 IN
3960 1238 77 29 THE

2691 1269 251 30 CELEBRATED
2993 1270 207 29 STANDARD
3253 1272 130 27 BRAND
3406 1272 72 29 800
3488 1275 14 24 I'
3523 1273 174 31 FACTORY
3719 1277 47 28 BY

2427 1400 175 23 WHOLESALE
2628 1402 87 21 ONLY.

2656 1333 371 65 RARGOOD,
3074 1333 130 56 SON
3243 1334 46 54 &
3328 1334 243 65 EVVE\
3624 1366 174 31 DUNEI)LS
3799 1370 13 28 ,

2963 1488 472 69 Matthews
3492 1507 48 51 &
3589 1495 481 87 Chalmers,

3159 1622 94 55 CO
3261 1622 95 55 AC
3368 1623 49 56 FI
3482 1624 67 58 m
3561 1628 12 29 :
3591 1628 287 67 lU)IvN,

3196 1722 327 40 WHEELWRIGHTS,
3565 1728 147 32 BLACKS
3722 1731 123 38 VIITHS,

3495 1802 54 19 AND

3048 1852 301 32 AGRICULI'URAL
3388 1855 223 32 IMPLEMENT
3650 1859 360 40 MANUFACTURERS,.

3321 1930 71 29 Ross
3430 1932 96 36 Pi,ace,
3565 1935 161 30 Lawrence.

3002 2023 73 28 ALL
3116 2023 121 30 KINDS
3277 2024 47 29 OF
3362 2025 142 30 MINING
3544 2028 233 30 MACHINERY
3817 2031 106 27 MADE
3964 2032 90 28 AND'

3424 2078 200 32 REPAIRED.

3415 2173 107 28 Agents
3542 2183 48 20 for
3593 2192 34 4 —

2964 2236 229 40 Massey-Harris
3215 2237 118 39 Reapers
3354 2239 53 28 and
3438 2244 5 23 I
3457 2241 99 35 inders,
3579 2242 175 35 Cultivators,
3782 2244 138 36 iScufflers,
3947 2244 132 39 Ploughs;

3421 2280 88 30 Horse
3523 2281 98 37 Rakes,

3267 2331 119 29 i'eerless
3406 2333 51 35 Oil,
3479 2334 102 28 Binder
3599 2335 103 35 Twine,
3722 2335 49 29 &c.

3017 2411 47 29 All
3094 2411 87 30 Work
3211 2413 149 30 Entrusted
3382 2417 28 26 to
3436 2413 40 31 Us
3503 2416 53 27 will
3582 2415 117 31 Receive
3725 2416 113 40 Prompt
3866 2418 153 30 Attention.

3284 2495 130 22 CHARGES
3439 2495 134 22 STRICTLY
3599 2497 154 22 MODERATE

3217 2584 75 28 FOR
3329 2584 116 29 SALE!
3591 2586 73 29 FOR
3703 2587 116 30 SALE!

3041 2665 216 30 STAUNCH
3290 2665 89 30 AND
3417 2662 251 35 HANDSOME
3706 2669 150 29 THORO
3867 2670 226 29 UGHBRED'

3415 2821 143 29 Produced
3585 2822 35 36 by

3126 2872 160 30 Yankee
3306 2872 240 30 enterprise
3566 2874 77 29 out
3663 2873 47 29 of
3733 2873 183 30 America.

3224 2912 45 38 Up
3283 2916 28 24 to
3324 2923 54 28 any
3391 2913 112 37 weight,
3516 2914 54 27 and
3584 2914 99 27 carries
3695 2924 17 16 a
3726 2913 87 37 Lady.

3031 2961 175 31 Guaranteed
3217 2964 169 38 thoroughly
3394 2965 88 27 sound
3493 2965 55 27 and
3557 2965 84 38 quiet.
3683 2964 63 28 Will
3756 2974 63 28 pass
3829 2965 115 29 traction
3956 2961 136 42 engines,.

2957 3006 93 33 trams,
3065 3003 96 36 trains,
3175 3008 171 31 motor-cars,
3360 3003 99 30 forked
3473 3005 151 38 lightning,
3638 3015 31 18 or
3686 3004 139 38 anything
3846 3005 65 36 else,
3933 3005 114 37 barring
4066 3015 16 17 a

2956 3043 64 38 lady
3035 3044 130 28 mounted
3180 3053 35 19 on
3228 3044 116 28 another
3368 3044 163 28 Newhaven
3551 3044 125 29 Bicycle.

3030 3123 183 29 FARMERS
3228 3124 144 41 requiring
3386 3124 83 30 Grain
3481 3125 94 36 Drills,
3594 3125 97 39 Turnip
3704 3125 54 29 and
3771 3126 115 30 Manure
3895 3126 93 36 Drills,
4001 3125 61 31 Com-

2958 3165 80 29 bined
3053 3165 94 36 Drills,
3161 3165 66 29 Disc
3241 3168 141 35 Harrows,
3396 3166 132 39 Ploughs,
3544 3166 71 30 Seed
3630 3166 138 38 Cleaners,
3779 3179 31 19 or
3822 3179 52 25 any
3889 3168 79 29 other
3982 3166 112 40 lmple--

2956 3210 90 24 ments
3059 3216 32 18 or
3105 3206 141 29 Machines
3259 3206 97 29 should
3368 3206 66 29 send
3448 3208 45 28 for
3505 3218 50 18 our
3567 3206 152 36 catalogue.

2980 3245 58 22 THE
3051 3245 146 22 COLONIAL
3210 3246 149 21 COMBINED
3379 3246 100 23 DRILLS
3492 3247 62 21 AND
3568 3247 63 21 DISC
3644 3246 145 23 HARROWS
3803 3248 57 21 ARE
3874 3248 58 21 THE
3948 3247 64 22 BEST
4026 3246 45 23 IN\

3405 3274 57 21 THE
3484 3274 126 22 MARKET.

3045 3344 309 59 Marrow,
3424 3345 256 47 Bassett
3867 3346 107 69 Co,

3206 3419 181 32 DUNIiDfN
3424 3429 54 21 and
3518 3420 312 37 CHRISTCHUROH,

3271 3473 62 28 Sole
3348 3474 107 33 Agents
3469 3473 27 27 in
3512 3473 67 27 New
3593 3473 118 28 Zealand
3726 3474 44 28 for

3086 3514 14 28 1
3111 3513 54 30 HE
3184 3513 29 29 M
3217 3516 7 12 f
3227 3513 72 30 COR
3305 3513 96 30 MICK
3423 3513 251 30 HARVESTING
3693 3514 183 30 MACHINE
3897 3514 55 30 CO.

3005 3610 387 57 COSSENS
3462 3609 170 57 AND
3700 3609 332 67 BLACK,

3081 3699 232 38 ENGINEERS,
3333 3699 286 36 BLACKSMITHS,
3641 3700 278 30 MILLWRIGHTS
3941 3700 24 30 &

3364 3741 314 36 IKONFOUNDERS,

3231 3793 363 26 CRAWFORD-STREET,
3634 3793 173 22 DUNEDIN.

3271 3861 383 31 —MANUFACTURERS
3687 3862 86 29 OF

2957 3903 141 39 Pumping
3111 3902 55 30 and
3187 3902 138 39 Winding
3345 3902 171 40 Machinery,
3541 3902 231 30 HYDRAULIC
3794 3902 146 30 MINING
3961 3903 124 29 PLANT

3027 3938 157 45 (including
3199 3944 153 38 Hydraulic
3366 3942 120 39 Giants),
3502 3943 91 29 Sluice
3606 3942 110 38 Valves,
3731 3943 129 30 Elevator
3878 3943 139 41 Castings,

3264 3984 64 29 Iron
3343 3985 55 27 and
3413 3984 75 29 Steel
3504 3984 140 39 Flutning,
3657 3984 60 36 &c.,
3732 3984 49 29 &c.

3069 4036 156 30 DREDGE
3252 4035 218 37 TUMBLERS,
3492 4035 184 37 BUCKETS,
3697 4036 127 35 LINKS,
3845 4035 61 36 Ac.,
3925 4035 49 31 Ac.

2961 4078 205 36 Waterwheels,
3178 4077 145 35 Turbines,
3337 4076 85 30 Brick
3436 4077 55 29 and
3506 4077 84 29 Drain
3606 4076 68 39 Pipe
3689 4076 117 37 Making
3817 4077 53 29 and
3882 4076 90 30 Wood
3984 4077 80 31 Work-

3040 4120 48 37 ing
3105 4118 170 37 Machinery.
3316 4117 90 29 Horse
3421 4118 119 35 Powers,
3555 4116 194 35 Chaffcutters,
3763 4116 104 39 Turnip
3886 4117 124 41 Pulpers,

3206 4158 55 28 and
3274 4158 37 28 all
3325 4156 81 30 kinds
3420 4158 29 28 of
3463 4158 159 37 Machinery
3636 4156 54 28 and
3705 4157 129 38 Gearing.

3074 4241 19 20 A
3119 4240 79 20 VERY
3227 4238 94 21 LARGE
3347 4238 89 21 STOCK
3462 4238 35 20 OF
3524 4237 143 21 PATTERNS
3692 4237 35 20 TO
3753 4236 102 22 SELECT
3883 4236 85 23 FROM.

2957 4308 215 30 ESTIMATES
3193 4307 130 29 GIVEN.
3493 4305 355 30 CORRESPONDENCE
3869 4305 225 34 SOLICITED..

2975 4388 115 38 Repairs
3104 4387 52 29 and
3172 4396 81 27 every
3267 4385 165 37 description
3448 4386 30 28 of
3491 4385 188 37 Engineering
3691 4384 54 29 and
3763 4384 194 29 Blacksmith's
3972 4385 89 29 Work

3359 4424 142 37 Promptly
3523 4424 148 29 Executed.

3155 4514 103 34 GROWN
3287 4516 38 33 ON
3356 4515 61 34 THE
3448 4516 87 33 HILLS
3565 4516 34 33 OF
3628 4516 103 33 SUNNY
3759 4517 122 34 CEYLON.

3337 4596 394 58 DRINk'tfNLY

3319 4897 8 11 i
3337 4889 22 19 a

3561 4713 33 14 v/ig.

3606 4803 6 30 :
3629 4793 7 10 •
3703 4788 32 44 M

3341 4899 125 42 -PURE
3486 4901 192 40 BLENDED

3293 4963 90 38 HILL
3405 4963 157 39 CROWN
3575 4960 162 42 CEYLON

3065 5058 64 38 THE
3144 5061 88 37 MOST
3243 5061 159 37 DELICIOUS
3416 5063 22 36 &
3453 5061 194 37 ECONOMICAL
3661 5061 60 35 TEA
3736 5062 29 36 IN
3779 5061 62 37 THE
3857 5062 111 36 WORLD;

2952 5134 129 71 W*
3127 5132 362 68 Scoular
3536 5131 232 70 &Co
3881 5156 188 34 DUNEJDIN.

3382 5225 90 29 Local
3494 5225 144 27 Agents—

2987 5281 31 29 D.
3036 5280 196 36 CORMACK,
3253 5280 171 37 Roxburgh;
3444 5277 124 30 JOHNS
3587 5277 25 29 &
3632 5277 180 36 M'COMBE,
3833 5278 104 30 Millers
3958 5278 72 31 Flat,

2953 5346 137 28 008
3118 5347 69 24 KK
3214 5347 19 23 T
3298 5343 33 26 AT
3359 5344 23 25 K
3414 5341 77 28 AY.

2988 5412 123 25 General
3138 5411 104 26 Prapei
3259 5418 50 18 asd
3320 5410 128 26 Clothie«

3064 5462 61 24 Ross
3147 5462 69 24 Plate
3239 5462 130 24 Lawrence.

3008 5573 57 22 New
3083 5572 47 23 and
3148 5571 157 24 Fashionab'e
3329 5570 103 30 Drapery

2977 5611 78 31 Large
3066 5612 64 23 »t<>ck
3147 5611 78 27 M'-n's
3237 5611 46 24 and
3299 5612 57 29 l?oys
3365 5609 110 30 C.othng

3010 5651 85 23 Ladies
3109 5651 47 23 ai»d
3304 5650 127 31 requisite!.

2980 5707 74 25 Visits
3083 5707 131 31 Roxburgh
3257 5705 47 26 and
3337 5703 152 33 surroandinj

2951 5743 101 23 districts
3065 5741 105 30 mouthly

3522 5359 140 30 TTOZIE
3676 5360 83 29 TEA.
3797 5360 26 28 A
3834 5360 174 40 stimulating
4017 5364 55 28 and
4084 5359 3 41 i

3609 5400 155 40 sustaining
3775 5411 59 29 cup,
3840 5400 29 30 in
3880 5411 121 24 summer
4017 5404 56 30 and

3520 5443 104 29 winter.
3662 5441 35 29 D.
3713 5441 142 36 Cokmack,
3869 5444 104 36 Agent,
3995 5444 57 29 Rox-

3521 5482 98 37 burgh.
