2500 3870
252 3186 214 26 COMMERCIAL.

468 3245 69 24 Office,

393 3278 82 26 Friday
483 3277 106 25 Evening.

132 3315 73 20 There
214 3315 37 20 has
260 3316 50 19 been
323 3321 47 19 very
378 3314 60 20 'little
452 3314 77 24 change
544 3313 23 19 m
584 3313 35 19 the

106 3347 59 26 girain
174 3347 78 20 market
261 3347 72 23 during
344 3346 33 20 the
386 3346 47 24 past
442 3345 60 20 week.

131 3384 75 19 Values
224 3383 21 20 of
259 3383 73 22 cereals
348 3389 33 14 are
395 3382 61 21 about
475 3382 34 19 the
524 3387 55 14 same
595 3387 23 14 as

105 3415 75 25 quoted
188 3415 41 19 last
237 3413 59 25 week,
305 3413 50 20 with
360 3420 47 20 very
416 3413 53 20 little
475 3413 92 26 enquiry,
577 3412 42 21 and

105 3445 36 22 the
150 3446 102 25 prospects
261 3445 21 20 of
291 3452 12 13 a
312 3445 39 20 rise
363 3445 23 19 m
395 3446 63 24 prices
468 3450 75 20 appear
553 3450 22 14 as
585 3445 32 18 far

104 3477 30 21 off
142 3482 22 14 as
174 3482 49 14 ever.

130 3513 80 22 Wheat,
219 3513 63 24 prime
291 3513 85 21 Tuscan,
395 3513 45 18 sells
451 3514 20 18 at
488 3513 51 19 from
551 3513 23 18 3s
590 3511 26 20 4d

104 3545 23 20 to
141 3544 23 19 3s
178 3544 40 23 6d;
237 3544 61 24 pearl,
314 3543 23 20 3s
351 3542 25 21 Id
386 3544 21 19 to
420 3544 22 19 3s
456 3544 26 19 2d
489 3554 7 14 ;
517 3544 99 19 Huntet's

103 3574 68 23 white,
181 3575 22 19 2s
212 3575 38 19 10d
260 3575 20 18 to
290 3575 30 19 3s.

129 3610 82 20 Gats.—
212 3610 42 19 The
263 3610 83 24 enquiry
355 3610 17 17 is
379 3610 74 19 almost
464 3609 34 20 nil.
527 3610 87 25 Milling,

101 3643 24 19 2a
134 3641 26 20 6d
169 3648 4 16 ;
185 3640 50 23 feed,
244 3641 52 18 from
303 3641 22 18 2s
336 3640 24 19 2d
371 3641 20 18 to
400 3640 23 19 2s
432 3639 32 20 4d.

127 3677 63 20 Flour
199 3677 17 18 is
225 3675 104 28 quoted^at
339 3676 27 19 £8
376 3676 34 19 10s
420 3676 31 18 for
458 3676 64 24 stone,
533 3678 40 19 and
583 3678 29 21 £9

102 3709 32 21 Jos;
141 3707 66 21 toilet.

127 3745 26 22 In
171 3744 61 20 cattle
249 3743 55 20 there
322 3742 37 21 has
377 3743 49 20 been
442 3749 12 14 a
470 3743 81 21 decided
567 3745 45 20 rise,

102 3776 106 26 especially
217 3775 49 20 with
275 3775 29 19 fat
312 3775 63 23 stock,
385 3774 65 20 which
460 3775 17 19 is
484 3775 95 26 realising
589 3782 23 14 aa

99 3808 51 26 high
159 3814 22 13 bs
190 3808 36 20 23s
236 3814 34 19 per
280 3808 37 19 ISO
325 3806 20 20 1b
354 3807 53 19 from
417 3807 63 24 prime
490 3808 73 20 beasts.

721 205 59 20 Store
790 205 62 20 cattle
861 209 34 15 are
900 202 79 25 finding
988 207 13 14 a
1010 200 62 20 much
1088 197 77 22 readier
1174 196 42 19 sale

695 239 22 18 at
726 243 26 13 an
765 237 90 19 advance
865 237 22 18 m
896 235 61 25 price.

720 274 25 19 In
756 274 62 24 sheep
828 274 57 19 there
896 273 18 18 is
924 276 46 19 very
980 269 54 20 little
1042 267 95 21 business
1147 263 69 24 doing,

695 311 78 14 owners
783 305 86 23 holding
879 303 57 19 them
946 307 46 13 over
1003 300 55 19 until
1068 299 47 23 they
1124 296 47 20 take
1181 294 35 20 the

695 337 60 19 fleece
773 336 33 18 off.
842 335 96 19 Freezers
957 338 34 14 are
1009 330 96 24 bringing
1128 333 12 13 a
1164 325 52 20 little

695 368 67 19 better
772 366 67 26 prizes
846 373 4 16 ;
870 371 58 13 some
945 364 40 19 fine
995 363 86 19 wethers
1096 357 88 25 brought
1194 361 22 14 as

695 399 50 24 high
755 404 23 13 as
789 399 35 18 20d
834 397 26 19 3d
870 403 35 18 per
914 394 59 21 head.

722 436 26 18 In
764 434 45 26 f)igs
824 435 55 18 tht-re
895 434 18 18 is
929 439 12 12 a
957 431 40 20 fair
1014 427 94 24 demand,
1126 425 38 19 but
1181 423 36 20 the

696 467 75 24 supply
787 466 17 18 is
821 466 86 23 greater,
922 461 146 25 consequently
1084 458 65 25 prices
1166 455 51 20 have

696 498 51 19 been
757 496 106 20 weakened
874 495 73 22 during
961 493 35 19 the
1005 493 45 24 past
1059 488 108 25 fortnight.

802 547 171 21 MELBOURNE
984 542 132 22 MARKETS.

723 586 49 20 The
780 588 5 8 '
792 584 145 22 Australasian
945 583 5 9 '
965 582 79 26 reports
1061 585 27 15 on
1105 578 35 21 the
1156 576 64 21 above

699 619 78 19 market
785 623 22 13 as
818 617 79 19 follows
905 623 5 13 :
914 625 23 5 —

726 655 42 19 Our
784 653 57 19 cable
856 658 55 13 news
926 653 32 17 for
974 650 35 19 the
1018 648 54 20 week
1082 646 60 26 again
1152 644 68 20 shows

699 685 73 24 hardly
790 690 42 18 any
850 683 78 24 change
946 681 23 19 m
992 679 35 20 the
1042 679 113 23 European
1179 674 41 21 and

699 715 110 22 American
817 714 67 20 wheat
894 712 96 23 markets,
1000 708 35 22 the
1043 707 87 27 English
1140 706 80 20 market

699 749 60 19 alone
768 745 92 24 showing
870 750 12 14 a
892 744 63 23 slight
965 742 96 21 advance,
1071 738 67 21 which
1147 738 17 19 is
1173 743 47 14 con-

699 777 72 20 firmed
787 777 26 24 by
823 782 12 14 a
844 777 52 18 later
905 774 104 23 telegram,
1019 770 67 21 which
1096 771 63 18 states
1174 768 47 20 that

699 810 67 19 wheat
775 809 22 19 m
807 806 87 21 London
903 805 40 20 has
959 804 82 20 become
1051 802 25 20 6d
1086 806 35 21 per
1137 800 83 25 quarter

699 841 78 24 higher.
817 839 67 20 Prices
901 838 32 19 for
950 841 45 15 new
1013 834 88 24 English
1116 832 66 19 wheat
1199 830 21 20 at

700 872 59 19 Mark
767 872 59 18 Lane
835 876 46 13 now
892 866 123 25 correspond
1029 865 50 20 with
1089 865 59 19 those
1157 858 63 34 lajtely

700 904 69 23 ruling
778 903 31 18 for
819 902 34 19 old
861 900 73 19 wheat,
945 898 47 21 and,
1001 896 49 20 with
1058 901 43 14 new
1112 895 35 19 red
1155 893 67 19 wheat

701 935 21 19 of
731 934 97 20 excellent
839 931 79 26 quality
926 929 73 23 selling
1009 929 22 18 at
1040 928 49 21 335.,
1098 926 36 20 the
1138 924 84 21 outlook

700 967 32 18 for
746 964 119 20 Australian
879 962 66 19 wheat
960 960 18 19 is
989 961 35 17 not
1041 964 47 18 very
1101 956 119 27 promising.

701 997 43 20 The
760 996 75 19 Indian
851 999 54 19 crop,
921 991 78 24 though
1013 990 83 20 smaller
1113 988 52 20 than
1183 987 39 19 last

700 1034 55 19 year,
771 1027 18 19 is
804 1026 23 19 m
844 1029 70 15 excess
929 1022 21 21 of
966 1022 45 19 first
1025 1019 146 26 expectations,
1180 1017 42 20 and

701 1060 82 23 exports
799 1058 54 19 from
870 1055 46 20 that
934 1054 87 23 country
1037 1058 34 13 are
1086 1049 95 27 expected
1199 1049 23 18 to

701 1090 59 24 equal
769 1089 59 19 those
837 1087 21 19 of
867 1086 35 19 the
917 1085 42 20 last
968 1083 66 20 wheat
1042 1088 54 19 year.
1138 1079 84 21 Present

700 1119 106 26 prospects
816 1124 54 14 seem
881 1119 20 18 to
911 1116 59 26 point
986 1115 22 19 to
1023 1114 35 19 the
1067 1112 45 20 idea
1128 1111 45 20 that
1187 1109 35 20 the

701 1152 81 23 coming
792 1149 122 21 Australian
924 1147 82 26 surplus
1016 1145 40 20 will
1065 1144 52 21 have
1126 1144 21 19 to
1156 1141 44 20 find
1209 1147 13 14 a

700 1182 79 21 market
788 1182 22 19 m
820 1179 97 26 England
926 1178 54 25 only.

725 1218 26 19 In
767 1223 37 13 our
813 1217 52 19 local
881 1213 123 21 breadstuffs
1013 1211 80 21 market
1101 1210 67 19 wheat
1183 1208 39 19 has

701 1251 49 18 been
769 1248 70 19 rather
858 1246 49 24 dull,
926 1245 42 20 and
987 1244 64 25 prices
1068 1243 53 19 have
1140 1240 82 20 become

701 1281 84 24 slightly
795 1279 84 20 weaker.
919 1277 58 21 Sales
986 1276 53 19 have
1048 1276 50 19 been
1107 1271 83 22 effected
1199 1272 23 19 at

701 1312 29 23 ss,
742 1311 41 21 and
793 1311 30 19 for
834 1316 12 14 a
854 1310 39 19 few
900 1308 62 20 small
971 1307 40 20 lots
1023 1306 21 20 of
1053 1311 48 18 very
1110 1304 71 25 prime,
1192 1308 28 19 up

701 1344 22 19 to
733 1344 23 19 5s
766 1343 26 19 Id
802 1342 37 19 has
850 1342 50 19 been
910 1338 101 21 obtained.
1039 1338 28 19 At
1077 1335 82 21 auction
1169 1334 53 20 little

702 1381 23 13 or
734 1380 28 13 no
771 1373 94 20 business
874 1372 38 19 has
921 1370 62 20 taken
992 1370 63 24 place.
1084 1367 49 20 Fair
1142 1365 81 24 milling

702 1405 88 25 brought
809 1405 22 19 5s
849 1402 46 26 o|d,
915 1401 42 21 and
974 1401 30 19 off
1021 1398 96 27 qualities
1135 1398 23 19 4s
1177 1395 45 27 BJd.

702 1438 64 19 Flour
775 1436 39 19 has
823 1436 44 19 also
877 1439 12 14 a
899 1432 84 25 slightly
992 1431 64 20 easier
1066 1429 106 24 tendency,
1182 1426 42 21 and

703 1468 35 20 the
747 1465 132 21 distribution
895 1464 20 20 of
926 1464 41 19 this
977 1462 71 21 article
1056 1460 22 23 m
1088 1460 35 20 the
1137 1459 86 23 country

702 1500 18 19 is
730 1499 69 19 rather
809 1497 95 24 unequal.
945 1495 63 19 Stone
1023 1492 81 20 dressed
1119 1491 38 19 han
1173 1490 50 19 been

703 1530 103 24 selling.at
814 1534 28 19 up
852 1529 22 18 to
884 1527 43 20 £10
936 1526 42 22 15s,
995 1524 42 20 and
1048 1523 71 26 patent
1128 1521 60 19 roller
1202 1520 22 20 at

703 1561 48 24 £12,
774 1559 111 26 according
908 1558 21 19 to
957 1555 64 22 brand
1043 1554 41 21 and
1107 1553 69 20 extent
1202 1551 21 21 of

703 1592 73 27 parcel.

730 1629 25 19 In
771 1628 77 26 barley.
858 1627 48 19 New
922 1624 89 22 Zealand
1021 1623 87 23 malting
1123 1621 38 20 has
1170 1620 50 20 been

704 1660 73 26 placed
787 1660 21 19 at
818 1659 53 19 from
881 1659 23 19 4s
914 1657 26 21 9d
948 1662 28 19 np
986 1657 22 19 to
1023 1656 24 19 5s
1056 1653 45 27 2£d,
1111 1652 41 21 and
1168 1652 54 24 Cape

705 1693 22 19 at
736 1692 52 19 from
799 1692 22 18 3s
832 1690 24 21 9d
867 1691 22 18 to
898 1690 28 19 4s.

730 1728 25 19 In
771 1728 52 23 oats,
835 1726 61 20 small
912 1724 57 21 trade
987 1724 40 19 lots
1037 1723 20 19 of
1073 1721 49 21 New
1137 1718 89 22 Zealand

704 1760 53 19 have
766 1758 49 20 been
827 1756 70 25 placed
906 1757 21 19 at
941 1756 23 19 3s
976 1754 38 21 lOd
1024 1756 21 17 to
1054 1753 29 20 4s.

837 1809 106 20 SYDNEY
957 1805 137 22 MARKETS.

731 1849 44 19 The
785 1847 83 25 Sydney
877 1845 157 26 correspondent
1044 1843 22 19 of
1074 1842 35 20 the
1126 1842 98 18 'Austral-

708 1880 58 20 asian
775 1880 5 9 '
802 1879 80 25 reports
900 1883 27 14 on
949 1876 36 20 the
1007 1874 63 21 above
1091 1872 90 20 markets
1204 1876 22 15 as

708 1911 77 19 follows
794 1916 31 14 :—

733 1947 69 21 Flour.
804 1958 25 3 —
830 1945 105 21 Victorian
951 1944 18 19 is
978 1942 75 26 quoted
1068 1942 22 19 at
1100 1941 41 20 £12
1156 1940 39 20 10s.
1205 1940 21 20 to

708 1979 54 21 £13:
784 1977 65 21 South
867 1975 127 23 Australian,
1009 1973 67 24 roller,
1093 1973 41 20 £12
1152 1973 35 19 10s
1206 1972 20 19 to

708 2009 51 25 £13;
774 2010 65 21 stone,
853 2008 40 20 £11
904 2007 42 20 15s.

843 2045 48 19 New
906 2041 91 21 Zealand
1012 2040 66 20 wheat
1086 2040 19 19 is
1114 2038 76 26 quoted
1206 2038 20 19 at

708 2079 52 18 from
771 2078 23 19 3s
803 2076 25 21 9d
839 2078 21 17 to
869 2075 30 19 4s.
1005 2078 3 3 '

918 2808 102 21 DEATH.

708 2849 98 20 Bobebts.
808 2859 26 4 —
835 2847 86 21 October
931 2847 17 23 7,
959 2847 21 19 at
996 2845 57 23 Cust,
1070 2844 21 20 of
1105 2844 61 19 heart
1183 2844 42 19 dis-

734 2893 52 15 ease,
802 2883 89 22 Edward
906 2883 68 25 Percy,
991 2882 100 25 youngest
1107 2887 38 14 son
1162 2881 21 19 of
1192 2880 34 19 the

733 2923 43 20 late
785 2922 56 20 John
850 2920 93 23 Boberts,
954 2919 50 25 aged
1013 2920 68 19 eleven
1091 2922 65 20 years:

709 3068 123 19 Oxford
853 3068 61 19 and
935 3068 82 19 Cust
1038 3068 185 19 Observer.

709 3087 272 39 PUBLISHED
1011 3087 212 39 WEEKLY.

772 3128 162 24 SATURDAY,
952 3128 104 18 October
1066 3126 30 23 12,
1113 3126 57 18 1889.

709 3182 28 4 —
737 3182 16 3 —
890 3180 16 2 —
1039 3177 21 2 —
1091 3176 3 4 ■
1181 3190 4 4 _
1210 3178 2 11 I

739 3198 49 23 We
799 3197 60 23 have
871 3192 171 28 endeavoured,
1053 3200 26 15 so
1087 3191 36 24 far
1134 3198 26 15 as
1169 3190 55 23 time

708 3241 48 24 and
767 3239 186 25 circumstances
965 3235 77 25 would
1049 3234 94 31 permit,
1156 3235 25 21 to
1189 3232 35 23 in-

708 3283 75 23 dicate
802 3281 27 23 m
845 3281 38 22 the
899 3281 66 22 most
980 3276 97 32 explicit
1093 3278 75 22 terms
1185 3274 39 24 the

706 3326 73 23 views
796 3331 35 16 we
856 3321 66 28 hold,
948 3321 57 24 with
1030 3318 85 31 regard
1133 3318 26 22 to
1181 3316 43 24 the

706 3375 84 18 means
809 3366 29 30 by
861 3365 77 24 which
960 3361 131 33 prosperity
1109 3368 44 16 can
1177 3358 47 24 and

706 3416 66 20 must
782 3410 29 24 be
821 3408 105 31 brought
936 3409 26 23 to
976 3406 50 25 this
1038 3404 91 30 colony.
1163 3401 61 25 That

706 3455 43 23 the
766 3452 58 24 land
840 3452 21 22 is
880 3450 43 24 the
941 3456 80 17 source
1040 3447 25 24 of
1084 3445 33 25 all
1133 3443 91 28 wealth,

707 3497 54 24 that
772 3495 42 24 the
826 3493 99 24 Earth's
938 3491 91 25 surface
1040 3488 97 30 belongs
1148 3488 24 23 to
1185 3486 39 28 all,

705 3539 48 24 and
763 3540 42 22 not
815 3539 26 22 to
852 3546 15 15 a
877 3537 69 26 class,
960 3533 47 25 and
1018 3533 62 26 that,
1092 3539 27 15 as
1136 3530 58 23 land
1204 3529 20 24 is

705 3582 42 25 the
763 3580 91 32 passive
878 3576 118 29 material,
1018 3574 47 25 and
1080 3573 84 24 labour
1183 3571 41 24 the

704 3624 76 24 active
797 3621 115 32 principle
929 3624 124 23 necessary
1070 3617 25 22 to
1112 3615 40 23 the
1171 3621 53 22 pro-

704 3666 97 24 duction
810 3664 23 24 of
845 3663 32 25 all
888 3663 54 24 that
953 3668 58 17 man
1019 3657 112 31 requires,
1140 3655 84 25 labour

704 3709 87 26 should
807 3708 61 24 have
888 3714 15 17 a
924 3706 45 23 fair
992 3703 69 25 share
1083 3699 26 25 of
1129 3698 33 25 all
1184 3699 40 24 the

704 3752 87 26 wealth
808 3748 152 34 produced—
961 3748 62 22 these
1040 3751 40 17 are
1098 3742 33 24 all
1147 3741 77 24 truths

704 3803 24 17 so
740 3794 55 25 trite
812 3793 49 24 and
876 3789 116 31 palpable,
1004 3789 54 22 that
1069 3786 20 24 it
1105 3791 76 19 seems
1200 3785 24 23 to

1301 200 30 17 us
1347 194 87 25 almost
1444 200 158 23 unnecessary
1614 194 25 22 to
1649 194 82 28 repeat
1743 191 75 23 them.

1334 241 168 26 Nevertheless
1522 249 66 23 every
1609 240 45 31 day
1679 239 88 25 affords
1792 248 28 15 us

1303 296 66 17 some
1379 289 112 25 evidence
1509 289 23 24 of
1552 288 41 24 the
1611 289 61 22 want
1691 291 24 20 ot
1733 287 87 23 intelli-

1304 338 73 23 gence
1400 339 30 16 on
1449 331 50 24 this
1517 331 129 30 important
1672 329 71 30 topic.
1778 329 45 23 We

1303 375 76 29 regret
1388 381 55 23 very
1453 373 74 24 much
1544 373 55 24 that
1611 380 14 15 a
1636 373 83 29 charge
1731 380 45 15 can
1795 373 28 22 be

1305 414 48 25 laid
1364 416 59 24 with
1439 416 73 25 much
1522 416 85 31 justice
1619 416 25 23 at
1654 416 41 23 the
1706 415 57 24 door
1774 414 26 25 of
1809 422 15 15 a

1304 457 66 31 large
1371 472 31 3 —
1402 466 56 23 very
1468 458 64 30 large
1533 472 31 4 —
1564 458 95 30 portion
1676 458 26 23 of
1711 458 42 23 the
1764 457 59 31 pub-

1305 500 32 24 lic
1347 508 65 23 press
1423 500 26 24 of
1458 501 41 24 the
1512 500 97 31 Colony,
1628 500 55 24 that
1694 500 56 31 they
1762 500 61 23 have

1306 545 42 23 not
1358 543 62 25 done
1504 543 58 31 duty
1571 542 30 33 by
1612 543 42 25 the
1665 543 92 31 people,
1767 543 58 30 they

1306 586 59 24 have
1375 588 44 23 not
1429 587 58 24 used
1506 587 59 24 their
1575 587 114 30 powerful
1705 587 120 22 influence

1305 629 26 24 to
1353 628 66 25 build
1435 637 33 23 up
1487 637 15 16 a
1519 630 76 23 sound
1612 630 80 30 public
1711 628 96 30 opinion
1818 635 5 20 ;

1306 671 49 27 but,
1378 679 32 16 on
1419 671 42 24 -the
1482 674 118 28 contrary,
1620 672 58 30 they
1699 671 70 26 have,
1788 669 37 24 for

1305 715 69 30 party
1395 722 120 22 purposes,
1544 715 114 23 distorted
1679 714 69 27 facts,
1776 713 49 23 and

1306 757 146 30 encouraged
1473 757 167 30 partizanship,
1663 756 49 24 and
1733 764 92 16 narrow

1305 798 62 25 local
1379 800 46 23 and
1437 800 61 25 class
1513 800 136 31 jealousies,
1661 801 26 23 to
1698 800 42 24 the
1758 801 67 29 great

1305 842 127 25 detriment
1454 843 28 24 of
1495 843 41 24 the
1557 841 75 26 whole
1655 843 98 29 Colony.
1787 842 38 23 An

1305 885 108 24 instance
1424 884 25 24 of
1458 885 48 24 this
1522 886 21 23 is
1553 885 103 24 afforded
1672 884 33 32 by
1715 885 39 24 the
1773 893 53 23 way

1305 928 27 22 m
1354 927 78 24 which
1453 927 42 25 the
1517 928 113 24 so-called
1658 927 167 24 Cowservative

1296 989 2 4 .
1304 976 91 24 papers,
1401 969 60 25 have
1472 969 89 26 abused
1581 969 41 25 the
1633 969 85 25 Public
1738 970 87 24 Works

1306 1011 48 24 and
1365 1011 164 32 Immigration
1535 1011 80 32 policy,
1624 1012 53 24 first
1684 1012 141 24 introduced

1400 1054 79 24 Julius
1480 1069 32 3 —
1512 1055 59 23 then
1590 1055 39 22 Mr
1629 1069 32 3 —
1661 1055 84 30 Yogel.
1779 1055 47 23 We

1305 1103 74 16 were,
1389 1096 107 30 engaged
1513 1103 65 23 upon
1600 1104 15 16 a
1633 1096 95 32 journal
1752 1104 74 24 many

1305 1138 71 25 miles
1397 1138 89 25 distant
1506 1138 63 25 from
1591 1140 39 23 the
1652 1147 70 16 scene
1738 1140 24 23 of
1781 1148 44 15 our

1306 1182 95 29 present
1409 1180 89 26 labors,
1509 1179 76 26 when,
1591 1178 52 27 that
1653 1182 112 29 proposal
1776 1190 49 16 was

1305 1222 53 24 laid,
1372 1222 77 26 before
1468 1222 42 26 the
1529 1220 104 35 Colony;
1658 1232 36 16 we
1712 1223 116 32 carefully.

1306 1266 126 24 examined
1435 1286 3 7 ;
1440 1266 40 24 the
1488 1266 57 28 Bill,
1555 1267 78 24 clause
1639 1267 31 31 by
1679 1267 87 28 clause,
1778 1267 49 24 and

1305 1317 37 15 we
1353 1317 61 16 were
1425 1309 129 24 convinced
1565 1309 25 24 of
1604 1310 39 23 the
1655 1310 75 23 sound
1742 1311 83 23 statos-

1297 1371 1 2 .
1307 1351 116 24 Man-like
1430 1352 77 31 policy
1514 1350 123 33 displayed
1644 1353 99 24 therein.
1776 1354 49 23 The

1308 1393 77 31 object
1396 1394 24 24 of
1428 1394 42 24 the
1481 1394 49 23 Bill
1541 1403 47 15 was
1606 1396 33 22 all
1649 1396 25 22 m
1686 1404 13 14 a
1711 1396 114 28 nutshell,

1306 1435 103 32 namely,
1421 1435 42 25 the
1478 1437 100 31 settling
1588 1437 26 25 of
1623 1446 14 16 a
1648 1437 64 32 large
1731 1439 95 30 popula-

1308 1479 52 23 tion
1371 1487 64 22 upon
1446 1479 41 24 the
1498 1479 66 28 land,
1576 1479 31 32 by
1618 1488 83 16 means
1713 1481 26 23 of
1753 1488 72 23 open-

1308 1521 42 31 ing
1367 1530 32 22 up
1417 1521 41 24 the
1478 1524 107 29 country,
1605 1523 48 24 and
1670 1523 92 31 finding
1776 1531 50 16 em-

1308 1561 125 34 ployment,
1452 1564 37 25 for
1508 1566 40 23 the
1565 1566 59 24 time
1643 1566 79 31 being,
1739 1566 35 24 for
1785 1567 43 24 the

1308 1608 83 30 people
1402 1616 32 16 on
1445 1608 80 31 public
1543 1608 90 29 works';
1652 1608 43 24 but
1707 1610 39 22 the
1759 1610 69 30 thing

1308 1658 48 16 was
1367 1652 39 22 too
1418 1651 61 30 good
1495 1653 24 21 to
1530 1651 28 24 be
1570 1651 99 24 allowed
1679 1654 25 22 to
1722 1660 104 23 prosper.

1309 1693 77 31 Large
1398 1695 72 23 tracts
1479 1693 26 25 of
1514 1696 100 28 country
1625 1702 57 16 were
1694 1695 97 31 already
1801 1695 26 23 m

1309 1735 41 24 the
1361 1736 77 24 hands
1447 1736 25 24 of
1478 1736 102 30 wealthy
1588 1747 12 12 v
1611 1745 29 14 en
1651 1745 27 15 or
1682 1737 144 30 companies,

1309 1778 48 24 and
1369 1778 56 32 they
1437 1787 48 16 saw
1501 1780 40 23 too
1552 1778 91 32 plainly
1654 1780 54 23 that
1719 1780 40 23 the

1308 1821 27 23 m
1356 1822 32 23 its
1409 1821 115 31 integrity,
1543 1829 50 16 was
1614 1822 105 23 inimical
1741 1824 25 22 to
1785 1822 41 24 the

1308 1863 112 25 interests
1432 1864 25 24 of
1465 1864 42 24 the
1527 1864 141 31 speculator,
1681 1865 48 23 and
1739 1865 41 23 the
1791 1874 34 15 re-

1311 1906 47 24 sult
1369 1907 43 23 has
1420 1908 59 23 been
1491 1907 83 24 shown
1588 1908 30 30 by
1629 1907 43 24 the
1688 1916 102 16 manner
1800 1909 26 22 m

1309 1949 81 24 which
1400 1949 54 24 that
1465 1949 78 31 policy
1564 1958 46 15 was
1621 1950 132 30 destroyed.
1803 1951 24 24 It

1308 1992 22 23 is
1341 1992 110 23 nineteen
1461 1999 67 23 years
1537 1992 62 24 since
1606 1992 76 31 Yogel
1689 1993 138 24 astonished

1310 2034 41 24 the
1374 2034 108 24 Colonies
1503 2034 31 31 by
1553 2035 42 24 the
1612 2034 109 26 boldness
1743 2036 24 23 of
1788 2035 40 24 his

1309 2077 123 30 proposals
1438 2085 5 20 ;
1456 2077 104 30 inspired
1571 2077 29 32 by
1611 2078 42 22 the
1675 2078 47 23 evil
1743 2078 84 30 genius

1309 2119 24 24 of
1345 2119 146 28 selfishness,
1499 2120 68 24 these
1573 2128 66 23 poor,
1648 2120 67 24 short
1726 2121 100 30 sighted,

1310 2164 106 22 amateur
1437 2161 120 25 statenieh
1585 2171 24 15 so
1635 2159 138 28 mutilated'
1783 2171 44 16 one

1309 2205 88 29 clause,
1410 2205 56 28 and.
1469 2205 116 25 distorted
1596 2205 107 29 another,
1713 2206 54 24 that
1785 2206 42 25 the

1310 2245 89 34 Colony
1409 2248 44 24 has
1464 2248 61 24 been
1535 2249 86 23 ruined
1632 2248 31 32 by
1673 2249 60 24 their
1745 2248 82 25 selfish

1309 2291 58 31 folly
1377 2299 5 20 ;
1406 2290 103 28 saddled,
1515 2291 58 24 with
1585 2299 31 15 an
1644 2291 183 31 overwhelming

1310 2333 61 28 debt,
1385 2341 33 17 we
1440 2333 51 23 find
1513 2333 120 24 ourselves
1654 2333 52 25 face
1728 2335 25 23 to
1774 2334 52 24 face

1308 2371 58 30 wiiih
1378 2384 14 16 a
1402 2375 139 31 population
1553 2376 61 29 that,
1627 2384 26 16 so
1665 2377 35 23 far
1708 2385 26 16 as
1746 2377 79 24 adults

1310 2427 38 16 are
1381 2419 141 33 concerned,,
1541 2419 22 24 is
1585 2419 81 24 rather
1688 2420 138 30 decreasing

1309 2461 60 24 than
1381 2460 129 25 otherwise.
1545 2461 51 24 The
1607 2462 54 30 only
1672 2462 97 30 remedy
1790 2460 36 25 for

1310 2504 49 24 this
1370 2504 20 23 is
1402 2504 40 23 the
1452 2503 88 32 speedy
1550 2503 86 25 reform
1659 2504 25 24 of
1704 2512 43 16 our
1767 2504 59 24 land

1310 2546 66 28 laws,
1389 2547 48 23 and
1457 2547 42 23 the
1520 2547 123 23 incidence
1665 2547 26 23 of
1710 2547 115 24 taxation.

1310 2588 39 25 Sir
1360 2589 78 30 Harry
1454 2589 118 24 Atkinson
1579 2589 48 23 and
1638 2589 37 23 his
1686 2591 137 29 supporters

1311 2639 40 16 are
1362 2631 106 25 desirous
1479 2631 25 25 to
1515 2631 59 32 keep
1585 2631 80 32 things
1677 2629 31 28 as'
1713 2633 73 24 much
1800 2641 26 16 as

1310 2670 102 36 possible
1423 2683 25 16 as
1459 2674 56 32 they
1532 2681 45 18 are;
1600 2673 3 4 '
1610 2675 55 24 And
1686 2675 41 24 the
1749 2676 78 30 public

1312 2718 78 27 Press,
1403 2717 57 24 with
1470 2717 43 24 few
1524 2718 144 29 exceptions,
1678 2718 56 24 hold
1740 2726 38 23 ,up
1800 2720 25 22 to

1312 2760 98 23 ridicule
1426 2760 70 23 those
1506 2760 90 24 friends
1614 2760 24 24 of
1659 2761 53 23 true
1734 2761 92 28 reform,

1310 2802 55 24 who
1376 2802 103 24 demand
1494 2802 42 25 the
1552 2803 57 24 land
1625 2808 36 19 lor
1677 2802 42 25 the
1734 2803 92 31 people.

1311 2845 46 24 Let
1369 2845 65 24 them
1445 2845 79 31 laugh,
1530 2853 26 16 as
1567 2845 58 31 they
1635 2854 62 22 may,
1714 2845 43 24 the
1767 2846 58 24 time

1310 2888 21 23 is
1342 2888 43 23 not
1396 2887 35 24 far
1442 2887 96 28 distant,
1551 2884 70 27 wlien
1632 2888 40 23 the
1682 2888 75 30 laugh
1778 2888 49 23 will

1310 2929 29 24 be
1351 2937 30 15 on
1392 2930 38 22 the
1442 2930 68 23 other
1520 2929 58 24 side.
1612 2930 23 23 It
1647 2929 21 24 is
1679 2937 14 16 a
1708 2930 119 23 universal

1309 2971 46 24 law
1367 2971 25 24 of
1409 2971 95 28 Nature,
1528 2972 51 24 that
1601 2979 55 16 men
1677 2972 48 24 and
1746 2972 81 31 tilings

1311 3014 48 24 will
1371 3014 57 29 find,
1431 3015 61 23 their
1502 3014 64 29 level,
1578 3014 48 24 like
1638 3017 80 26 water,
1736 3015 47 24 and
1794 3023 32 17 no

1311 3057 114 23 violation
1437 3059 25 21 of
1472 3065 13 15 a
1496 3059 65 28 great
1572 3057 48 24 and
1642 3058 47 31 just
1711 3058 116 30 principle

1311 3107 44 16 can
1385 3107 29 21 go
1426 3107 30 16 on
1478 3099 35 23 for
1524 3108 62 15 ever.
1627 3099 45 24 We
1687 3100 59 23 have
1768 3100 60 23 been

1312 3142 85 30 taught
1421 3142 52 24 that
1522 3141 51 24 the'
1586 3142 89 23 reward
1696 3142 25 24 of
1743 3143 38 24 sin
1806 3142 22 25 is
1833 3142 6 6 1

1312 3185 69 23 death
1427 3184 41 24 the
1479 3184 45 24 law
1535 3184 94 24 makers
1641 3184 25 24 of
1675 3184 49 24 this
1737 3184 90 35 Colony

1311 3228 60 23 have
1415 3228 90 26 sinned,
1549 3227 46 23 and
1639 3226 41 24 the
1719 3227 47 30 day
1804 3228 24 22 oi

1311 3270 63 24 their
1386 3269 141 25 dissolution
1537 3269 22 23 is
1570 3269 25 23 at
1606 3268 76 33 hand^
1703 3269 25 23 of
1746 3273 89 20 course'

1312 3321 36 15 we
1369 3310 68 26 don't
1458 3319 71 16 mean
1550 3309 136 32 personally
1792 3311 35 23 in-

1311 3354 135 31 dividually.
1480 3353 44 24 We
1535 3353 67 24 don't
1623 3353 87 31 belong
1731 3355 25 22 to

1513 3396 49 24 and
1571 3404 36 16 we
1628 3396 59 23 have
1709 3404 32 16 no
1764 3405 62 22 sym-

1310 3440 75 31 pathy
1395 3438 59 25 with
1465 3438 164 31 questionable
1639 3438 102 31 patriots
1752 3439 25 23 of
1785 3438 42 24 the

1312 3483 146 24 O'Donovan
1480 3482 76 22 Rossa
1577 3482 63 30 type,
1663 3480 43 25 but
1727 3489 35 16 we
1785 3489 42 23 say

1311 3528 61 21 most
1384 3524 164 32 emphatically
1559 3524 55 24 that
1625 3524 41 24 the
1677 3524 72 24 death
1766 3524 60 24 blow

1312 3570 64 22 must
1398 3569 28 22 be
1456 3568 71 30 given
1547 3568 25 22 to
1594 3567 56 22 land
1672 3567 152 30 speculation,

1313 3610 48 24 and
1379 3610 134 32 monopoly.
1547 3609 114 24 Hitherto
1683 3610 43 23 the
1746 3617 80 23 power

1310 3653 45 24 has
1365 3653 62 24 been
1437 3654 28 23 m
1474 3653 42 24 the
1525 3652 79 24 hands
1614 3651 26 24 of
1659 3652 41 24 the
1720 3652 105 32 -wealthy

1311 3697 86 23 classes
1409 3696 76 29 alone,
1504 3696 41 24 the
1567 3695 81 31 people
1670 3694 60 24 have
1752 3695 74 24 asked

1310 3739 36 24 for
1366 3739 79 28 bread,
1473 3739 47 25 and
1541 3737 63 26 their
1625 3737 132 32 legislators
1778 3738 48 24 and

1310 3788 125 25 governors
1445 3781 61 25 have
1525 3781 68 31 given
1613 3779 67 24 them
1702 3788 15 16 a
1739 3782 68 23 stone
1819 3790 5 21 ;

1912 187 44 24 but
1978 186 41 23 tlie
2040 184 84 31 people
2147 191 39 17 are
2207 184 95 31 waking
2323 193 32 22 up
2375 187 25 22 to
2418 193 15 15 a

1913 237 69 17 sense
1994 228 26 24 of
2029 228 61 23 their
2101 235 55 17 own
2166 229 120 26 interests,
2299 228 25 23 m
2340 236 14 16 a
2375 236 60 23 way,

1913 272 49 23 and
1973 273 24 21 to
2010 279 14 15 a
2035 271 93 30 degree,
2140 269 64 23 little
2224 269 151 30 anticipated,
2388 269 49 24 and

1914 323 26 14 as
1950 313 61 24 little
2023 312 146 24 understood
2180 311 30 31 by
2222 311 63 23 their
2294 319 142 22 oppressors.

1914 357 50 24 The
1976 356 97 24 electors
2085 356 27 23 of
2121 357 65 22 town
2197 355 47 23 and
2255 356 101 28 country
2375 354 62 23 alike

1913 407 39 15 are
1964 398 131 31 beginaing
2106 400 23 21 to
2142 405 36 16 see
2190 397 54 24 how
2266 396 90 30 grossly
2378 397 56 31 they

1914 442 59 22 have
1985 440 61 24 been
2062 440 110 24 deceived
2194 440 24 22 m
2241 439 42 23 the
2305 440 62 29 past,
2389 440 47 22 and

1914 483 40 24 the
1974 485 96 29 present
2098 482 122 25 condition
2242 482 27 24 of
2288 482 42 23 the
2352 481 85 32 colony

1914 531 64 18 must
1999 527 115 22 convince
2144 532 69 23 every
2235 523 112 32 thinking
2368 532 68 21 man,

1914 569 55 24 that
2003 569 41 24 the
2077 569 63 23 class
2173 568 54 23 who
2250 567 59 24 have
2331 568 103 25 hitherto

1916 612 94 30 swayed
2021 611 41 24 the
2074 610 112 25 destinies
2203 610 26 23 of
2248 610 59 23 New
2330 610 104 24 Zealand

1914 655 67 21 must
2011 652 30 23 be
2069 652 118 30 relegated
2210 653 24 22 to
2257 660 14 15 a
2293 651 60 24 back
2375 655 59 22 seat.

1915 695 79 30 Every
2027 702 57 16 man
2116 695 111 23 returned
2260 696 25 22 to
2307 694 42 24 the
2376 698 60 22 next

1915 737 147 23 Parliament
2074 737 87 23 should
2169 736 29 24 be
2209 736 101 31 pledged
2331 739 25 22 to
2378 746 55 23 sup-

1914 782 55 29 port
1980 788 15 16 a
2007 779 60 32 good
2085 780 50 24 stiff
2156 780 130 30 graduated
2307 780 57 24 land
2385 782 47 28 tax,

1915 823 41 24 the
1967 823 81 30 repeal
2058 823 25 22 of
2093 823 34 23 all
2138 824 66 22 taxes
2217 830 31 15 on
2258 823 109 30 industry
2386 824 50 23 and

1914 866 195 29 improvements,
2121 864 50 24 like
2182 864 54 25 that
2252 873 54 16 now
2327 865 108 31 imposed

1915 907 77 24 under
2003 907 42 24 the
2056 908 115 29 Property
2183 908 52 23 Tax
2246 906 53 29 Act,
2312 908 48 23 and
2374 909 60 23 such

1916 958 13 15 a
1940 950 64 23 form
2015 949 26 25 of
2049 950 94 24 income
2154 951 42 23 tax
2214 958 27 16 as
2262 950 80 25 would
2363 951 71 24 reach

1916 992 67 24 those
1992 992 108 24 children
2111 994 24 22 oi
2156 993 41 23 the
2218 993 151 29 Horseleech,
2392 994 42 25 the

1914 1042 89 23 money
2023 1035 104 27 lenders,
2149 1035 55 24 who
2225 1037 26 21 at
2277 1035 41 23 the
2339 1039 97 27 present

1915 1077 58 23 time
1985 1085 38 15 are
2035 1077 112 30 draining
2157 1077 41 23 the
2208 1077 42 24 life
2261 1077 69 24 blood
2347 1078 26 24 of
2392 1078 41 26 the

1917 1119 99 31 Colony.
2051 1120 76 24 There
2139 1127 40 16 are
2194 1120 68 24 three
2284 1123 66 28 great
2371 1122 62 24 facts

1915 1163 25 22 to
1951 1161 29 24 be
1992 1161 63 24 dealt
2065 1161 60 23 with
2135 1162 26 22 m
2170 1162 47 24 this
2232 1165 99 28 country
2341 1171 5 15 :
2348 1178 32 3 —
2380 1164 53 24 Bad

1914 1204 57 24 land
1982 1203 57 25 laws
2051 1211 4 21 ;
2068 1203 72 32 badly
2159 1204 133 24 conducted
2314 1205 119 33 Eailways

1916 1247 48 24 and
1996 1247 69 24 other
2096 1246 82 31 public
2198 1247 149 25 institutions
2357 1257 6 20 ;
2386 1250 48 23 and

1914 1289 153 24 unscientific
2099 1291 62 22 state
2194 1290 24 23 of
2250 1290 41 24 the
2328 1291 106 25 Colonial

1916 1332 125 31 Currency.
2086 1332 34 23 To
2130 1334 4 3 '
2153 1333 136 23 counteract
2311 1334 41 23 the
2374 1335 58 23 evils

1915 1374 89 31 arising
2015 1374 137 29 therefrom,
2164 1374 50 24 will
2225 1376 42 22 tax
2278 1376 42 23 the
2329 1378 106 29 energies

1915 1418 25 23 of
1950 1418 42 23 the
2003 1417 53 24 best
2077 1424 57 17 men
2155 1425 34 16 we
2211 1425 46 16 can
2278 1416 52 26 find
2350 1421 26 22 to
2397 1428 35 16 re-

1914 1461 94 28 present
2019 1467 36 17 us.

1909 1510 2 15 :
1947 1501 24 24 It
1982 1502 101 23 behoves
2098 1502 42 23 the
2161 1502 85 30 people
2267 1503 93 24 therefo
2373 1511 13 16 c
2408 1506 26 22 to

1916 1545 70 31 study
2001 1545 66 24 these
2089 1545 122 31 questions
2234 1546 120 32 carefully.
2387 1547 47 25 Let

1916 1587 41 24 the
1968 1587 98 24 electors
2077 1588 56 24 bear
2150 1589 20 23 it
2192 1589 28 23 m
2241 1589 69 23 mind
2331 1590 54 24 that
2407 1591 26 23 m

1916 1630 139 29 proportion
2077 1632 25 22 to
2124 1630 63 24 their
2208 1639 55 16 own
2284 1632 150 31 intelligence

1915 1672 50 24 will
1976 1672 29 24 be
2016 1672 42 24 the
2072 1673 151 31 intelligence
2245 1674 27 23 of
2291 1675 67 23 those
2380 1675 54 24 who

1915 1717 122 28 represent
2048 1715 76 28 them,
2137 1716 48 23 and
2196 1724 34 15 we
2245 1724 57 23 may
2323 1717 46 24 add
2390 1718 42 24 the

1915 1765 66 16 same
1992 1757 49 24 will
2051 1757 59 24 hold
2121 1759 61 29 good
2192 1759 36 23 for
2238 1759 64 24 their
2322 1760 111 32 honesty.

1916 1800 24 23 If
1949 1800 41 23 the
2011 1800 98 24 electors
2121 1809 40 15 are
2182 1803 44 22 not
2249 1803 52 22 true
2322 1805 23 20 to
2367 1803 63 24 their

1915 1849 52 17 own
1978 1842 117 28 interests,
2107 1842 59 31 they
2187 1843 60 24 have
2269 1852 31 15 no
2323 1845 61 30 right
2404 1848 26 22 to

1915 1887 82 28 expect
2008 1885 54 24 that
2083 1885 43 24 the
2147 1894 57 16 n\en
2225 1887 59 30 they
2305 1889 80 23 return
2407 1891 26 22 to

1914 1926 144 25 Parliament
2084 1927 49 25 will
2154 1928 29 24 be
2205 1936 48 23 any
2274 1929 77 24 better
2373 1930 60 25 than

1914 1969 152 25 themselves.
2111 1970 52 24 The
2196 1971 59 24 evils
2287 1972 52 24 that
2372 1974 63 23 exist

1914 2011 106 31 through
2042 2013 41 24 the
2105 2013 84 31 unjust
2211 2014 176 25 accumulation
2409 2016 27 24 of

1912 2054 87 24 wealth
2010 2058 67 21 must
2088 2056 27 23 be
2126 2056 125 29 remedied,
2274 2058 49 22 and
2344 2066 15 16 a
2380 2060 54 29 stop

1914 2099 67 22 must
1991 2097 30 24 be
2032 2100 25 22 at
2069 2106 59 16 once
2142 2101 43 28 put
2208 2101 24 22 to
2255 2101 66 23 those
2343 2102 91 24 unwise

1915 2142 101 29 systems
2027 2141 76 23 under
2112 2141 77 23 which
2201 2141 59 25 such
2283 2142 57 25 evils
2363 2144 69 24 could

1915 2183 28 24 be
1953 2183 109 32 possible.
2096 2184 24 24 It
2140 2184 87 25 should
2236 2185 30 24 be
2280 2194 43 16 our
2333 2188 101 30 greatest

1914 2227 116 31 pleasure,
2043 2235 26 17 as
2080 2228 20 24 it
2117 2228 22 24 is
2151 2236 44 17 our
2206 2228 64 32 duty,
2287 2231 25 22 to
2323 2230 55 31 help
2389 2230 44 24 for-

1914 2270 66 24 ward
2006 2271 40 23 the
2072 2270 102 24 reforms
2206 2271 79 24 which
2312 2280 35 16 we
2374 2273 61 25 have

1914 2313 98 30 pointed
2023 2314 42 23 out
2087 2320 27 17 as
2124 2321 133 24 necessary,
2278 2315 48 23 and
2345 2315 33 25 all
2395 2316 42 25 the

1912 2355 154 25 information
2074 2364 66 23 upon
2147 2357 66 24 these
2219 2357 133 31 important
2361 2360 76 30 topics

1914 2398 54 24 that
1990 2407 45 16 can
2052 2399 29 24 be
2103 2399 113 24 obtained
2232 2408 34 17 we
2289 2400 63 24 shall
2372 2402 63 24 from

1914 2441 59 24 time
1992 2442 24 23 to
2036 2441 59 24 time
2117 2442 39 30 lay
2177 2442 79 24 before
2274 2450 43 17 our
2333 2444 102 28 readers,

1914 2483 65 24 That
2006 2485 73 22 much
2109 2484 222 31 misapprehension
2362 2486 73 25 exists

1913 2526 27 23 m
1951 2526 42 24 the
2004 2526 80 24 minds
2095 2526 26 24 of
2130 2527 70 23 small
2210 2527 154 25 landholders
2375 2529 59 23 with

1913 2568 84 31 regard
2008 2571 25 21 to
2044 2569 40 23 the
2096 2568 81 24 effects
2189 2569 26 24 of
2224 2578 15 15 a
2250 2569 71 25 Land
2331 2574 49 25 tax,
2399 2580 36 15 we

1914 2619 40 16 are
1966 2611 65 31 quite
2043 2619 84 22 aware,
2140 2612 49 24 and
2199 2620 33 17 we
2251 2613 64 24 shall
2326 2614 56 25 take
2404 2623 30 16 an

1914 2654 64 32 early
2010 2655 154 31 opportunity
2186 2656 27 24 of
2232 2656 139 32 explaining
2392 2652 48 29 our'

1914 2705 54 16 own
1990 2698 72 23 views
2074 2705 63 23 upon
2152 2698 55 24 that
2230 2698 99 31 subject,
2353 2708 27 16 as
2400 2708 36 16 we

1913 2748 40 15 are
1969 2740 115 31 perfectly
2095 2741 107 23 satisfied
2213 2741 54 25 that
2277 2742 20 24 it
2308 2742 78 24 would
2407 2742 30 24 be

1913 2782 119 31 infinitely
2042 2782 77 24 better
2130 2783 37 24 for
2178 2783 32 24 all
2222 2783 94 29 classes,
2326 2784 110 25 whether

1914 2825 95 24 holders
2039 2825 26 24 of
2085 2827 64 22 town
2171 2834 27 15 or
2219 2828 64 30 rurj&,l
2306 2827 79 29 lands,
2408 2836 27 17 or

1914 2868 113 24 destitute
2047 2868 25 23 of
2081 2868 82 28 either,
2184 2860 107 35 thatjhe
2307 2870 83 24 modes
2410 2872 27 23 of

1912 2910 110 24 taxation
2039 2918 57 18 now.
2110 2910 27 24 m
2159 2911 122 30 operation
2302 2912 85 24 should
2408 2912 29 24 be

1912 2961 57 22 very
1980 2952 136 31 materially
2127 2953 98 25 altered.

1941 3018 115 20 Akk2iT.—
2057 3019 32 19 On
2098 3019 103 23 Monday,-
2208 3020 88 19 October
2300 3021 52 23 7th.,
2362 3027 13 14 a
2384 3027 49 14 man

1914 3055 74 20 named
1996 3055 132 20 Johanassen
2136 3062 42 13 was
2195 3056 91 20 arrested
2302 3058 22 18 at
2338 3057 33 19 his
2385 3057 48 20 resi-

1914 3091 66 23 dence,
1991 3092 82 20 Oxford,
2083 3097 27 13 on
2121 3098 11 13 a
2143 3094 88 18 warrant
2239 3093 54 19 from
2303 3093 132 24 Wellington,

1914 3128 21 19 to
1952 3133 78 14 answer
2039 3133 12 13 a
2068 3127 73 25 chargo
2155 3129 21 18 of
2191 3128 45 20 wife
2246 3128 107 22 desertion.
2381 3129 53 20 Con-

1914 3163 65 20 stable
1994 3163 121 20 M'Gonnan
2132 3165 102 24 conveyed
2251 3166 34 19 the
2300 3166 92 25 prisoner
2409 3166 24 20 to

1913 3200 148 20 Ohristchurch
2077 3201 27 24 by
2121 3201 33 19 the
2169 3202 87 24 evening
2274 3203 61 24 train,
2348 3202 42 21 and
2405 3202 27 20 he

1914 3242 42 14 was
1966 3236 50 20 then
2025 3237 110 19 remanded
2145 3242 21 16 to
2175 3238 133 25 Wellington.

1940 3273 111 20 Personal:
2054 3285 27 3 —
2081 3274 36 20 We
2136 3277 66 22 regret
2221 3277 21 18 to
2261 3276 56 19 learn
2336 3276 46 19 that
2400 3276 33 19 Mr

1915 3309 85 20 Charles
2010 3310 27 19 M.
2047 3310 75 26 Lugar,
2133 3317 26 13 an
2170 3312 34 20 old
2218 3312 90 21 resident
2317 3312 22 21 m
2350 3312 82 25 Oxford,

1914 3345 19 20 is
1942 3347 100 25 seriously
2052 3347 126 26 indisposed.
2218 3350 21 18 It
2256 3349 18 19 is
2283 3349 88 20 believed
2388 3349 47 20 that

1915 3383 24 20 he
1948 3382 19 21 is
1976 3383 98 25 suffering
2083 3385 54 19 from
2148 3385 34 20 the
2197 3387 68 19 effects
2275 3387 22 19 of
2306 3392 27 15 an
2343 3387 91 20 accident

1914 3419 67 20 which
1992 3420 96 19 occurred
2097 3422 21 18 to
2128 3421 45 20 him
2189 3428 57 15 some
2256 3423 49 19 time
2315 3429 44 16 auo,
2376 3422 58 20 when

1915 3455 25 19 he
1955 3455 63 20 broke
2031 3463 57 13 some
2103 3458 22 18 of
2134 3458 34 19 his
2178 3459 48 20 ribs.
2267 3460 27 20 At
2308 3460 83 26 present
2403 3458 33 21 Mr

1914 3492 68 25 Lugar
1992 3493 17 20 is
2020 3494 94 20 confined
2124 3496 21 19 to
2154 3496 34 20 liis
2199 3496 43 21 bed.

1940 3529 77 19 Sports
2031 3530 131 22 Committee.
2164 3543 28 4 —
2192 3533 64 20 There
2266 3534 42 20 will
2319 3534 23 20 be
2352 3540 12 13 a
2373 3533 63 19 meet-

1913 3566 37 25 ing
1966 3566 22 19 of
1999 3566 33 19 the
2049 3566 77 21 Oxford
2136 3570 70 24 Sports
2223 3570 123 20 Committee
2361 3571 22 18 at
2399 3570 35 19 the

1910 3603 116 19 Harewood
2040 3604 65 19 Arms
2115 3605 68 24 Hotel,
2201 3612 27 14 on
2244 3607 92 25 Monday
2350 3606 85 24 evening
2462 3594 10 31 J

1912 3639 49 19 next
1971 3640 21 19 at
2001 3639 57 25 eight
2068 3641 86 23 o'clock.
2180 3643 38 20 We
2227 3643 54 26 hope
2296 3644 57 20 there
2362 3643 42 20 will
2411 3644 24 19 be
2451 3631 21 43 J

1914 3683 12 13 a
1936 3676 52 24 good
1997 3677 130 26 attendance,
2136 3679 33 21 for
2178 3680 17 19 it
2212 3680 18 19 is
2248 3681 137 21 contemplate
2392 3681 6 18 1
2415 3681 20 17 to
2444 3670 28 32 M

1912 3713 60 20 make
1981 3712 35 21 the
2026 3714 139 28 forthcoming
2180 3717 68 25 sports
2258 3717 78 25 worthy
2346 3717 23 20 m
2378 3706 94 43 everj^H

1912 3752 78 22 respect
2007 3750 20 19 of
2039 3750 33 20 the
2088 3757 22 14 in
2114 3755 19 16 'c
2138 3754 38 18 rest
2242 3755 113 24 patronage
2365 3754 21 19 of
2402 3744 70 40 tb^H

1911 3785 77 26 public.
2094 3792 2 5 '

641 73 133 24 OXFORD
810 73 66 23 AND
912 70 83 25 CUST
1030 55 209 37 OBSERSV&R,
1274 61 184 30 SATURDAY,
1493 59 153 28 OCTOBER
1679 59 39 27 12,
1754 59 58 22 1889

832 2139 269 36 NOTICR
1197 2122 28 1 ~

711 2206 81 43 THE
806 2206 135 20 well-known
950 2203 94 27 position
1054 2201 23 21 of
1080 2201 39 21 the
1129 2201 97 25 Proprie-

777 2236 36 19 tor
821 2234 19 20 is
849 2240 14 13 a
872 2232 106 21 sufficient
990 2230 120 27 guarantee
1121 2228 50 20 that
1183 2234 43 20 any

709 2262 109 19 contracts
828 2259 119 21 connected
959 2259 54 19 with
1021 2257 47 20 this
1077 2255 92 21 Journal
1181 2255 45 20 will

709 2290 27 19 be
747 2288 87 25 strictly
844 2287 44 20 and
896 2285 120 25 honorably
1025 2283 85 21 carried
1119 2283 44 19 out.

736 2315 47 20 The
797 2314 93 20 Printer,
898 2313 44 19 and
954 2311 116 20 Publisher
1082 2309 78 19 wishes
1172 2309 20 19 it
1199 2321 2 12 ;
1203 2308 23 20 to

708 2342 28 19 be
754 2341 81 26 clearly
853 2338 134 22 understood
999 2337 52 21 that
1062 2337 29 19 he
1104 2337 20 19 is
1136 2336 40 19 not
1190 2335 36 20 the

708 2369 84 19 Editor.

736 2395 37 21 All
785 2393 201 24 communications,
1001 2391 90 25 reports,
1107 2389 43 24 &c,
1168 2389 58 20 must

709 2422 27 20 be
745 2421 120 20 addressed
872 2421 24 19 to
985 2418 78 20 Editor
1079 2415 92 21 'Oxford
1183 2415 43 21 and

710 2449 54 20 Cust
774 2447 122 24 Observer,'
906 2446 56 20 East
971 2444 88 20 Oxford.

736 2475 45 20 The
791 2475 78 19 Editor
879 2473 50 19 does
942 2472 39 19 not
990 2470 54 20 bind
1056 2468 89 21 himself
1154 2469 23 19 to
1195 2474 31 13 re-

708 2501 52 20 turn
770 2500 97 26 rejected
875 2498 139 24 manuscript.
1044 2496 38 20 All
1094 2495 81 20 letters
1184 2494 42 20 and

708 2527 64 21 other
790 2525 195 22 communications
1008 2524 60 19 must
1076 2523 28 19 be
1117 2522 109 19 authenti-

708 2554 65 20 cated
785 2554 29 25 by
823 2554 38 20 the
871 2553 112 25 signature
992 2551 26 19 of
1027 2550 38 20 the
1074 2549 92 23 writers,
1188 2549 38 18 not

708 2581 132 24 necessarily
853 2580 35 19 for
900 2577 136 27 publication
1054 2577 42 19 but
1108 2581 25 14 as
1142 2581 14 13 a
1164 2574 62 20 mark

708 2607 23 21 of
740 2607 57 26 good
804 2607 64 19 faith.

734 2634 46 20 The
790 2633 78 21 Editor
874 2632 50 20 does
933 2631 39 20 not
978 2629 54 21 hold
1040 2628 89 21 himself
1136 2633 90 20 respon-

708 2661 54 21 sible
772 2661 35 19 for
820 2659 39 21 the
868 2659 100 25 opinions
980 2655 118 28 expressed
1108 2655 31 25 by
1148 2660 78 15 corres-

708 2688 115 26 pondents.
850 2686 37 20 All
896 2685 79 20 shades
984 2684 23 20 of
1014 2683 87 26 opinion
1107 2679 57 22 shall
1173 2682 53 19 have

708 2715 65 25 equal
790 2713 180 26 representation,
983 2732 2 1 .
995 2709 107 27 provided
1119 2709 54 25 they
1191 2714 35 13 are

708 2741 117 23 expressed
833 2740 24 21 m
867 2738 121 26 temperate
996 2737 116 24 language.

82 216 59 30 ST.
159 213 133 31 JAMES
308 211 179 35 CHURCH,
500 208 102 31 CUST

118 305 202 32 ANNUAL
337 302 236 31 FESTIVAL

327 355 37 20 ON

86 396 171 36 FRIDAY,
293 394 190 31 OCTOBER
523 392 80 38 18th,

126 447 113 32 SALE
254 447 56 29 OF
325 445 139 31 WORK
475 444 86 33 &C,

348 492 32 25 at

89 536 190 31 Oddfellows'
300 534 72 29 Hall
386 533 31 28 m
436 533 168 33 afternoon,

144 587 74 30 with
232 585 127 30 Various
374 583 190 30 Attractions.

122 689 28 26 m
168 687 140 28 Institute
326 684 79 33 Hall,
421 688 31 25 at
466 684 17 28 5
498 693 70 28 p.m.

91 732 520 36 3SNT3BRTAINMKNT

92 780 48 29 Mr
152 780 116 29 Tucker
279 780 50 27 the
342 777 177 29 Celebrated
529 775 80 29 Ven-

271 829 51 30 tril
330 829 91 38 Dquisfc
429 851 7 6 .

198 881 42 29 To
261 879 142 30 conclude
417 877 74 30 with.

94 930 151 32 ;eoi£
279 929 153 31 amis
468 926 143 32 cox

114 1011 125 22 Admission,
249 1009 40 20 Tea
299 1009 42 20 and
350 1008 167 20 Entertainment
526 1007 22 18 Is
562 1006 33 19 6d.

159 1037 168 20 Entertainment
340 1036 65 19 alone,
415 1040 38 13 one
463 1033 89 22 shilling.

95 1064 60 20 Seats
164 1063 47 20 with
223 1062 50 21 back
283 1062 31 20 6d.
325 1063 62 18 extra.
398 1060 96 20 Children
504 1058 107 25 half-price

204 1146 300 53 NOTICE.

97 1232 77 50 ON
186 1232 47 23 and
246 1231 59 23 after
315 1232 40 21 the
367 1230 52 23 first
427 1230 45 29 day
480 1229 26 23 of
512 1229 101 24 October

184 1264 64 24 TEE
253 1263 38 24 SP
293 1262 125 24 ASSESS
440 1262 57 23 with
519 1262 45 30 dog
587 1269 26 17 or

94 1305 50 23 gun
156 1305 31 16 on
199 1297 41 23 the
251 1296 90 30 Ashley
353 1295 79 30 Gorge
449 1294 93 24 Station
565 1294 48 23 will

96 1330 28 23 be
135 1328 146 31 prosecuted.
310 1328 13 23 I
334 1329 58 22 have
404 1327 49 24 also
465 1326 48 24 laid
526 1327 88 24 Poison

97 1362 37 23 for
146 1363 73 29 Dogs.

145 1419 10 8 *
188 1405 29 22 A.
230 1402 213 28 HENDERSON,
460 1401 121 31 Manager.

99 1558 177 24 HHENDERS
293 1557 95 25 wanted
404 1557 36 24 for
456 1556 39 24 the
514 1556 102 24 erection

105 1592 27 12 -*■
172 1591 26 24 of
207 1599 14 16 a
232 1591 73 24 house
315 1590 37 25 for
367 1590 41 24 the
426 1589 190 31 undersigned-

98 1624 105 24 Tenders
215 1626 25 22 to
252 1624 27 23 be
291 1624 66 30 mby
370 1623 125 30 Saturday,
510 1622 52 23 Oct.
586 1623 28 22 19

99 1657 49 23 Thy
160 1657 82 24 lowest
257 1664 27 16 or
301 1664 47 22 any
369 1656 84 23 tender
473 1657 43 21 not
538 1662 78 16 neoes-

103 1916 176 35 T^ANTED
299 1922 31 16 an
347 1914 154 30 experienced
518 1913 100 24 General

201 1947 109 27 Servant,

232 1989 77 32 Apply
325 1992 26 21 to

263 2033 50 24 Mrs
330 2031 176 28 PRICHARD,

438 2074 68 24 West
523 2073 97 24 Oxford.

124 2152 43 58 J.
189 2149 42 60 J.
254 2147 341 60 WEEBER,

185 2222 64 31 High
263 2221 82 27 Street,
365 2219 59 26 East
440 2217 96 30 Oxford,

138 2302 87 23 Dealer
235 2302 24 22 m
271 2300 55 28 Oils,
339 2299 88 27 Colors,
451 2299 76 27 Lead,,
543 2299 76 27 Glass,

108 2335 83 27 Scrim,
204 2334 44 23 and
259 2340 68 23 every
338 2332 66 29 thing
414 2331 130 25 connected
562 2331 59 24 with

108 2368 42 25 the
160 2367 72 23 trade.

138 2410 81 24 Direct
234 2408 112 30 importer
357 2406 26 25 of
391 2406 201 31 Paperhangings.

170 2469 14 22 6
193 2475 41 22 per
244 2467 53 23 cent
308 2466 117 22 Discount
436 2465 36 24 for
484 2464 71 24 Cash.

108 2539 176 32 AGENTS
301 2538 82 29 i-OR
397 2537 100 30 THE.
506 2536 110 33 SALE

173 2583 56 29 OF
247 2581 105 31 THIS
373 2581 193 29 PAPER.-

106 2641 51 20 Oust
487 2637 33 20 Mr
530 2636 89 25 Bradley

133 2692 13 10 „
516 2674 34 20 Mr
555 2673 65 26 Early

105 2714 107 22 Bennett's
515 2710 104 20 MrsFarr

105 2751 76 20 Oxford
190 2751 50 19 East
470 2747 23 23 F,
500 2747 117 19 Waterman

106 2786 77 21 Oxford
192 2786 48 19 Wes
243 2786 6 10 1
246 2798 4 5 .
265 2801 22 5 ...
341 2799 22 6 ...
417 2798 22 5 ...
513 2782 25 19 8..
546 2782 72 20 Fisher

183 2837 11 9 M
500 2819 34 19 Mr
543 2818 75 19 Ancall

106 2858 76 20 Oxford
500 2855 22 20 0.
532 2854 18 20 J.
560 2854 58 19 Dorn

105 2895 54 20 View
167 2894 44 20 Hill
503 2891 33 20 Mr
544 2890 74 20 Elliott

105 2931 104 24 Bangiora
500 2928 33 18 Mi
530 2934 4 5 1
543 2927 75 19 Morrel

72 2983 3 1 .
105 2966 106 20 Woodend
265 2981 22 5 ...
491 2963 127 24 MrDoggett

105 3002 87 26 Kaiapoi
466 2999 33 20 Mr
505 2998 114 21 Robillitwrd

105 3038 146 21 Ghristohureh
513 3036 32 18 Mr
555 3035 63 19 Gates

103 3076 77 20 Kelson
504 3072 32 20 Mr
545 3072 22 19 A.
578 3071 41 19 Dee

105 3113 106 24 Weßtport
265 3127 21 5 ...
341 3125 22 5 ...
418 3125 22 4 —
473 3108 32 19 Mr
513 3108 25 19 E.
547 3107 72 20 Fisher
