2500 3870
117 196 159 23 Half-Holiday
291 195 146 19 Movement.—
440 191 18 19 A
465 188 115 22 movement
589 186 16 19 is

91 242 27 14 on
126 235 44 19 foot
178 234 32 18 for
219 233 35 19 the
263 229 155 21 establishment
428 228 21 19 of
459 233 12 13 a
478 223 127 24 Wednesday

87 273 110 19 .afternoon
215 267 83 25 holiday
313 264 105 28 generally
426 264 23 20 m
465 261 83 22 Oxford.
575 259 30 20 Mr

89 306 113 23 Pritchard,
221 306 21 19 of
259 304 56 19 West
334 301 82 22 Oxfoid,
438 301 19 19 is
479 301 22 17 at
522 297 82 26 present

90 344 89 25 engaged
194 343 22 19 m
232 341 107 26 procuring
355 338 115 24 signatures
485 337 21 18 to
523 341 12 13 a
545 333 59 20 docu-

88 381 59 18 ment
173 377 119 25 embodying
319 375 41 19 this
383 372 101 26 proposal,
512 370 41 20 and
575 374 29 14 we

89 414 125 21 understand
240 413 45 20 that
308 416 61 18 many
392 408 136 24 storekeepers
550 405 53 19 have

89 451 83 24 already
181 449 70 25 Bigned
259 449 23 19 it.
321 447 36 19 We
371 446 52 23 hope
438 443 32 20 Mr
480 440 124 22 Pritchard's

89 488 50 25 plan
153 492 47 19 may
216 485 24 19 be
255 483 91 20 realised,
362 487 22 14 as
400 486 28 13 we
442 479 76 19 believe
531 478 47 19 that
587 477 17 19 it

90 525 39 19 has
145 522 100 21 answered
256 526 46 19 very
311 519 47 20 well
370 518 22 19 m
400 523 58 14 some
467 517 56 24 large
538 515 66 19 towns

89 562 22 19 of
126 560 34 20 the
177 560 39 19 Old
230 560 97 23 Country,
342 555 41 20 and
397 560 30 14 we
439 559 33 14 see
487 559 28 13 no
530 557 74 14 reason

88 597 46 25 why
157 597 34 19 the
212 600 56 15 same
294 592 96 26 privilege
418 590 74 20 should
514 589 37 18 not
579 587 24 20 be

87 633 85 25 enjoyed
179 632 23 19 m
211 631 43 19 this
263 628 108 26 township.

113 670 173 19 Horticultural
308 666 120 20 Society.—
431 664 20 20 lt
468 662 17 20 is
503 659 99 28 proposed

87 708 22 19 to
126 706 49 19 hold
193 711 12 14 a
221 703 87 24 meeting
324 701 78 24 shortly
418 702 21 18 to
457 698 93 21 consider
569 696 33 21 the

87 743 94 24 question
191 742 20 18 of
221 740 89 24 reviving
322 739 35 19 the
367 737 75 21 Oxford
452 734 152 22 Horticultural

87 778 85 24 Society,
181 777 66 20 which
256 777 22 19 m
287 776 75 19 former
371 780 57 19 years
438 779 40 14 was
489 771 76 20 carried
575 777 27 13 on

85 816 51 19 with
145 816 57 22 great
212 819 84 15 Bucces9.
321 812 20 19 It
350 812 19 19 is
376 810 122 21 understood
509 809 46 19 that
562 814 40 18 any

87 851 77 26 project
179 851 21 19 of
209 851 34 19 the
258 850 49 20 kind
317 849 41 19 will
374 849 52 19 have
439 847 34 19 the
490 846 113 20 assistance

83 889 25 19 •of
123 888 34 20 the
166 888 76 19 florists
252 887 21 19 of
287 886 109 24 Eangiora,
407 885 50 21 whj.
467 884 42 19 will
522 881 79 21 exhibit

87 931 56 13 some
152 925 21 19 of
183 924 53 20 their
245 924 43 19 best
298 922 135 26 productions.

85 988 516 24 ODDFELLOWSHIP.

113 1051 45 19 The
167 1050 59 20 usual
235 1049 121 24 fortnightly
365 1047 88 25 meeting
463 1047 21 19 of
492 1046 36 20 the
536 1045 66 25 Loyal

87 1087 78 20 Oxford
172 1086 69 24 Lodge
250 1091 41 15 was
300 1084 47 21 held
360 1091 26 13 on
398 1083 108 24 Saturday,
517 1081 86 20 October

85 1123 44 24 sth,
138 1122 34 21 the
181 1122 59 24 N.G.,
252 1122 40 20 Bro
308 1121 26 20 D.
344 1121 74 21 Crowe,
427 1119 109 26 presiding.

113 1159 65 20 There
186 1165 41 13 was
241 1165 12 13 a
262 1158 53 25 good
326 1157 121 19 attendance
456 1155 21 19 of
491 1154 101 20 members
599 1160 4 17 ;

87 1202 14 14 a
114 1195 87 21 number
217 1195 20 21 of
252 1194 99 21 members
367 1194 52 19 fiom
439 1192 36 20 the
487 1191 66 25 Loyal
569 1190 34 20 Nil

85 1233 155 25 Desperanduni
249 1232 68 24 Lodge
330 1231 58 24 being
398 1230 86 25 present.

113 1270 58 19 After
183 1275 16 14 *
212 1269 47 20 deal
275 1268 21 19 of
311 1267 169 25 correspondence
495 1265 43 19 had
552 1265 51 19 been

85 1305 96 27 disposed
188 1305 28 25 of,
228 1312 39 13 one
275 1304 108 20 candidate
392 1309 41 13 was
442 1300 100 22 initiated.

113 1344 18 18 A
139 1342 84 26 lengthy
233 1342 140 20 conversation
383 1340 47 19 took
437 1340 57 24 place
503 1344 23 13 as
536 1338 22 19 to
567 1336 35 21 the

85 1379 131 25 advisability
225 1379 22 19 of
255 1378 84 23 holding
351 1383 13 12 a
373 1376 81 20 Church
464 1374 83 24 Parade,
559 1373 43 21 and

86 1416 116 25 ultimately
216 1416 17 19 it
243 1420 41 14 was
299 1412 90 21 resolved
397 1418 28 13 on
441 1411 34 20 the
485 1411 79 19 motion
581 1410 21 19 of

85 1451 51 21 P.G.
152 1451 84 24 Barnes,
251 1449 101 22 seconded
367 1449 26 25 by
410 1449 18 19 G
437 1448 28 19 M.
481 1448 121 24 Frampton,

86 1489 46 20 that
142 1495 13 13 a
164 1488 81 21 Church
255 1488 78 20 Parade
342 1487 46 19 take
397 1486 57 25 place
463 1491 27 14 on
503 1491 12 14 a
525 1484 46 20 date
581 1485 21 19 to

87 1526 25 19 be
127 1526 53 19 fixed
190 1526 25 24 by
231 1532 13 13 a
253 1524 121 21 Committee
391 1522 111 26 appointed
517 1522 26 25 by
552 1521 51 24 both

85 1564 83 24 Lodges.

111 1601 18 19 A
144 1600 73 25 hearty
232 1601 46 18 vote
291 1600 22 19 of
331 1598 74 20 thanks
422 1604 41 13 was
476 1596 96 20 accorded
582 1597 21 18 to

85 1637 35 20 the
129 1637 88 23 visitors,
226 1636 68 20 which,
303 1641 40 14 was
352 1634 113 26 responded
474 1634 28 19 to.

113 1674 44 19 The
172 1674 68 22 Lodge
256 1679 41 14 was
312 1672 69 19 closed
397 1671 20 18 m
428 1671 38 18 due
481 1670 59 23 form,
551 1669 52 20 after

85 1711 78 24 having
172 1712 59 23 spent
241 1716 12 13 a
263 1715 47 18 very
320 1709 92 24 pleasant
422 1707 91 24 evening.

184 1777 44 23 ST.
245 1774 173 26 ANDREWS
430 1774 76 23 DAY.

111 1836 18 19 A
149 1841 89 15 meeting
253 1839 41 15 was
310 1832 56 21 held'
373 1833 22 20 at
411 1832 34 20 the
458 1832 52 19 East
526 1830 77 20 Oxford

85 1872 115 25 Parsonage
209 1872 40 19 last
258 1870 61 23 week,
326 1870 32 18 for
367 1870 34 18 the
409 1874 87 19 purpose
505 1868 20 20 of
531 1868 71 23 taking

85 1909 45 20 into
138 1907 149 21 consideration
297 1906 38 24 the.
341 1910 108 19 necessary
463 1905 54 25 steps
527 1903 31 21 for
568 1903 35 21 the

84 1944 79 20 annual
172 1943 80 21 festival
261 1942 21 21 of
291 1942 28 21 St.
329 1941 102 20 Andrew's
440 1940 51 25 Day.
531 1940 21 20 It
560 1945 43 18 was.

85 1981 91 20 resolved
191 1982 22 19 to
221 1980 50 20 hold
284 1986 14 13 a
306 1979 81 23 bazaar,
404 1979 38 21 tea,
459 1978 87 23 concert,
562 1976 41 21 and

85 2017 40 24 gift
139 2017 90 23 auction,
245 2022 23 14 as
282 2015 64 20 usual.
387 2013 43 20 Mrs
445 2013 108 20 Williams,
562 2018 41 14 was

85 2052 61 20 asked
155 2053 21 19 to
193 2058 88 14 convene
297 2057 11 13 a
318 2050 89 24 meeting
417 2050 21 19 of
454 2049 35 20 the
501 2048 68 22 ladies,
582 2048 21 20 of

85 2090 37 19 the
131 2089 76 25 parish.

113 2126 81 19 Several
204 2125 57 20 other
270 2123 151 25 arrangements
428 2128 50 14 were
487 2121 65 24 made,
563 2121 40 20 and

86 2163 36 20 the
131 2162 53 25 hope
197 2161 106 26 expressed
313 2157 45 23 that
375 2160 27 19 all
413 2159 83 19 Church
505 2157 98 22 members

84 2198 69 21 •would
169 2204 56 14 come
240 2196 87 21 forward
343 2196 40 19 and
396 2195 48 25 help
459 2196 21 19 to
497 2194 59 20 make
569 2193 34 20 the

87 2236 40 24 day
137 2241 21 14 &b
167 2236 57 23 great
233 2241 12 12 a
254 2238 78 15 success
341 2238 23 13 as
374 2232 64 19 usual.

175 2297 345 39 CRICKET.

112 2368 19 20 A
143 2372 70 15 match
226 2366 41 19 will
276 2365 24 20 be
309 2364 72 26 played
397 2364 22 20 m
430 2363 109 20 Mitchell's
555 2362 48 27 pad-

86 2404 54 21 dock
158 2404 42 20 this
213 2403 115 22 afternoon,
338 2401 87 20 between
433 2401 35 19 the
478 2399 76 21 Oxford
564 2400 39 20 and

86 2441 97 21 Oarleton
198 2439 67 25 Clubs,
284 2438 57 20 when
357 2438 35 19 the
407 2437 104 25 following
524 2436 79 25 players

87 2478 42 20 •will
138 2477 102 25 represent
248 2474 76 21 Oxford
331 2480 5 13 :
338 2485 26 4 —
364 2473 154 23 Messrsßmett,
523 2472 80 23 Brown,

87 2514 78 24 Dalley,
184 2513 46 23 Dee,
249 2512 108 25 Dempsey,
378 2510 122 23 Parkinson,
518 2508 85 23 Restori,

85 2551 59 25 Hyde
155 2551 34 24 (2),
200 2549 75 23 Smith,
285 2548 41 20 and
334 2547 63 21 Weld.
436 2545 167 25 Emergencies—

87 2588 70 22 Luers,
168 2585 41 21 and
218 2586 111 20 Thomson.

114 2625 37 20 We
160 2624 51 20 have
220 2624 50 19 been
280 2621 61 21 asked
350 2622 21 19 to
385 2622 52 18 state
447 2620 46 19 that
503 2620 48 25 play
562 2618 41 20 will

85 2666 119 15 commence
219 2661 21 18 at
250 2665 38 13 one
304 2658 75 19 o'clook
388 2657 68 24 sharp,
469 2657 41 19 and
524 2655 79 25 players

86 2704 36 14 are
131 2696 131 27 particularly
270 2693 104 26 requested
384 2695 20 18 to
413 2693 25 19 be
447 2691 104 27 punctual.

156 2761 241 27 MAGISTRATE'S
414 2759 114 26 COURT.

174 2820 158 23 THUESDAY,
349 2820 94 20 October
457 2819 59 20 10th.

94 2876 80 25 [Before
188 2876 23 19 C.
233 2874 147 21 Whitefooed,
402 2872 57 22 Esq.,
477 2870 62 25 8.M.,
562 2869 41 21 and

196 2901 84 19 Wilson
289 2898 151 24 Fishee,..Esq,,
451 2897 41 20 J.P.

116 2939 46 19 The
179 2935 102 26 following
299 2941 56 15 cases
373 2941 50 14 were
436 2934 64 20 heard
517 2934 22 20 at
560 2932 43 21 this

87 2975 64 21 Court
160 2981 27 14 on
196 2974 106 24 Thursday
311 2973 41 20 last
360 2979 31 13 :—

114 3012 32 19 W.
156 3010 66 20 Munri
231 3016 18 13 v.
259 3009 125 24 Kenning.—
386 3008 66 18 Claim
466 3007 31 19 for
508 3007 26 19 £1
545 3007 22 17 8s
577 3005 26 20 6d

87 3049 33 20 for
129 3047 62 26 goods
200 3046 97 26 supplied.
318 3047 3 4 '
336 3045 113 24 Judgment
458 3050 41 13 was
509 3044 58 24 given
577 3043 26 25 by

87 3085 78 21 default
177 3083 50 21 with
236 3084 61 20 costs.

87 3124 13 23 fT
114 3122 77 24 George
207 3120 66 19 Smith
288 3125 18 14 v.
319 3118 49 20 Fred
382 3118 82 20 Davies.
475 3116 82 21 -Claim
572 3116 31 19 for

87 3159 31 21 £i
128 3158 35 20 18s
172 3158 31 19 for
212 3157 54 19 work
275 3156 58 19 done.
361 3154 112 25 Judgment
487 3159 41 15 was
542 3153 60 25 given

88 3196 27 25 by
125 3195 76 20 default
210 3193 49 20 with
268 3193 60 20 costs.

112 3233 25 19 E.
154 3231 27 20 H.
191 3230 73 20 Parish
278 3235 17 13 v.
313 3228 51 20 Frad
379 3228 104 19 Davies.—
487 3226 66 21 Claim
570 3227 32 19 for

88 3269 40 21 £35
138 3269 42 19 16s.
214 3266 116 26 Judgment
344 3271 42 14 was
404 3265 59 24 given
481 3264 39 24 by.
526 3262 77 21 default

86 3306 49 18 with
145 3306 61 18 costs.

182 3338 189 12 BACHELORS'
390 3338 95 12 BALL.

115 3436 47 19 The
174 3432 114 22 Bachelors'
305 3432 52 22 Ball,
371 3431 66 20 which
447 3431 48 20 took
509 3430 57 25 place
582 3430 21 20 at

90 3467 35 21 the
138 3466 52 21 East
200 3464 75 20 Oxford
289 3464 63 19 Town
360 3462 51 21 Hall
425 3469 27 14 on
461 3462 81 27 Friday,
560 3462 43 20 Oct.

90 3499 50 23 4th.,
158 3503 41 13 was
221 3502 26 14 an
265 3494 123 25 unqualified
410 3501 86 13 success.
536 3494 67 19 About

91 3528 128 25 seventy-five
228 3527 80 21 couples
318 3526 112 23 responded
445 3528 22 16 to
477 3526 35 18 the
527 3525 76 19 invita-

90 3561 63 21 tions,
162 3558 42 19 and
213 3555 121 26 thoroughly
350 3556 83 25 enjoyed
442 3556 121 20 tbemsolves
572 3555 31 20 till

90 3592 35 20 the
134 3589 61 21 small
204 3588 66 19 hours.
312 3586 61 19 Much
382 3587 61 20 credit
457 3588 18 19 is
485 3588 38 19 due
536 3589 23 18 to
569 3587 34 20 the

90 3621 111 24 Managing
210 3618 120 20 Committee
344 3617 32 20 for
386 3617 34 20 the
428 3619 102 24 thorough
545 3624 58 14 man-

90 3660 37 15 ner
144 3653 22 19 m
182 3650 66 21 which
264 3648 35 20 the
313 3648 60 25 plans
386 3649 32 19 for
433 3650 34 19 the
479 3651 88 18 comfort
584 3649 19 20 of

91 3685 54 23 their
154 3683 67 25 guests
230 3685 50 15 were
289 3679 76 21 carried
374 3680 41 19 out.
451 3681 42 20 The
503 3681 50 20 Hall
562 3687 41 14 was

91 3713 128 29 resplendent
234 3711 50 20 with
293 3710 54 20 ferns
364 3711 41 19 and
420 3717 114 18 evergreens
549 3713 53 18 from

92 3750 36 20 the
145 3745 69 22 forest,
232 3742 54 20 most
304 3742 104 25 tastefully
423 3742 40 20 and
481 3743 122 24 artistically

92 3776 104 27 arranged,
207 3774 49 24 ,and
272 3773 35 20 the
328 3773 57 20 effect
402 3774 100 24 produced
519 3775 27 24 by
568 3774 35 20 the

93 3811 86 26 glowing
202 3807 66 24 lamps
294 3804 85 27 peeping
400 3805 52 20 from
475 3806 54 20 their
550 3805 53 24 leafy

692 182 81 23 shades,
783 182 41 20 and
830 181 87 26 lighting
924 186 28 19 up
962 180 35 20 the
1003 179 69 25 happy
1080 179 55 20 faces
1145 181 21 19 of
1173 181 34 20 the

691 212 85 21 dancers
793 213 71 26 (when'
875 212 73 20 viewed
964 211 53 20 from
1033 210 35 20 the
1085 212 122 26 ante-room)

692 250 41 14 was
743 245 54 19 most
806 243 97 26 pleasing.
931 243 43 19 The
982 243 77 19 dresses
1072 242 21 19 of
1101 242 35 20 the
1145 242 62 21 ladies

691 282 50 14 were
757 282 49 18 very
814 277 73 24 pretty,
903 275 59 19 those
976 274 21 19 of
1013 273 72 20 Misses
1101 273 24 20 Cr.
1141 273 66 21 Blank

692 306 41 21 and
750 307 24 20 A.
793 306 84 24 Hockey
894 305 60 25 being
969 303 118 21 considered
1104 303 35 20 the
1157 304 50 24 best,

692 337 68 21 whilst
774 343 76 19 among
866 337 34 20 the
915 336 87 20 married
1017 341 81 14 woman
1112 334 48 21 Mrs.
1176 335 30 20 H.

691 369 77 24 Oooper
777 374 41 14 was
946 367 32 19 Mr
987 367 77 23 George
1073 365 68 19 Smith
1150 366 57 19 acted

691 404 22 15 as
723 399 58 24 M.0.,
791 398 41 22 and
847 397 119 25 discharged
980 396 33 20 his
1029 396 67 20 duties
1110 395 50 21 with
1176 402 31 14 ac-

691 435 78 19 curacy,
797 429 112 26 judgment,
932 428 41 20 and
1001 428 97 24 courtesy.
1144 426 63 21 Sweet

690 461 77 19 strains
776 466 50 14 were
835 459 103 26 produced
953 460 26 23 by
988 459 75 19 Messrs
1079 457 128 23 Hammond,

689 490 104 25 Pickerell,
805 490 41 21 and
851 490 76 21 Bluett.
954 489 44 21 The
1002 489 145 20 refreshments
1148 499 26 4 —
1175 488 32 20 Oh

689 522 47 20 how
753 522 83 20 nice!—
837 527 50 15 were
905 520 92 27 supplied
1014 520 26 24 by
1058 520 43 20 Mrs
1119 520 87 24 Moody;

689 554 49 24 long
747 560 48 17 may
804 553 35 20 she
848 553 97 23 live,>nd
958 558 48 19 may
1014 553 38 19 her
1060 551 116 25 knowledge
1184 552 22 18 m

690 584 35 21 the
734 584 77 20 cuisine
826 584 127 25 department
969 589 60 15 never
1037 583 43 20 fail.
1122 583 42 19 Our
1173 583 34 19 old

689 616 65 22 friend
762 616 70 19 James
842 616 111 19 Stevenaoii
963 616 55 18 must
1025 616 37 17 not
1071 614 23 19 be
1099 614 107 23 forgotten,

689 645 46 21 who
745 645 78 25 waited,
826 650 56 20 upon
892 645 34 20 the
935 645 76 25 guests,
1018 644 89 24 seeming
1117 645 21 19 to
1147 644 59 20 know

690 677 55 20 what
760 677 51 20 each
819 676 99 25 required,
934 677 42 19 and
984 676 81 25 quiokly
1080 675 94 26 supplied
1182 675 23 20 it.

688 709 74 24 Bright
778 708 35 20 Sol
823 708 75 26 peeped
912 708 22 19 m
945 709 21 18 at
975 708 35 19 the
1026 707 95 19 windows
1130 712 32 14 ere
1171 706 35 20 the

689 740 40 19 last
739 740 58 19 notes
807 739 41 19 had
857 739 47 19 died
913 744 63 19 away,
988 737 40 20 and
1038 737 48 20 thus
1096 737 64 20 ended
1170 737 36 20 the

689 771 104 24 pleasures'
800 770 22 19 of
830 775 38 14 one
878 769 22 20 of
908 770 36 19 the
954 769 81 25 pleusan
1039 769 38 19 test
1087 768 117 24 gatherings

689 800 45 20 that
750 800 42 20 had
800 806 46 14 ever
859 800 70 21 drawn
945 801 55 18 forth
1012 799 34 20 the
1061 799 72 20 echoes
1150 800 54 18 from

689 831 35 21 the
734 832 55 20 walls
799 832 20 19 of
830 831 34 20 the
877 832 50 20 East
938 831 76 20 Oxford
1023 830 63 21 Town
1095 830 57 19 Hall.

716 867 44 20 The
776 867 47 21 Ball
840 867 123 21 Committee
980 866 52 21 held:
1045 873 13 14 a
1077 866 89 25 meeting
1183 866 23 20 at

689 899 92 25 Moody*!*
790 899 63 20 Hotel
869 905 27 14 on
912 898 127 26 Wednesday
1054 898 88 26 evening
1156 897 46 25 last,

689 931 58 19 when
763 931 16 19 it
788 936 42 14 was
846 931 71 19 shown
927 930 45 20 that
977 944 2 3 .
987 930 62 20 there-
1059 935 42 13 was
1113 935 13 13 a
1142 928 63 20 credit

687 962 91 23 balance,
788 961 66 20 which
863 961 67 25 itjwas
943 960 90 21 resolved
1049 962 27 19 to.
1085 960 57 20 hand
1158 965 47 14 over

688 994 21 20 to
719 993 34 20 the
762 993 75 20 School
846 993 122 20 Committee
978 992 87 20 towards
1085 992 35 21 the
1129 991 76 21 School

687 1025 57 20 Prize
752 1024 66 21 Fund.

763 1090 126 23 SCHOOL
906 1089 224 24 COMMITTEES.

845 1148 71 21 EAST
936 1148 116 21 OXFOED.

713 1191 48 20 The
777 1190 59 21 usual
846 1190 95 25 monthly
957 1190 89 25 meeting
1055 1190 21 21 of
1093 1190 42 20 this
1145 1190 59 20 Com-

687 1228 72 20 mittee
767 1234 42 14 was
818 1227 52 21 held'
880 1228 23 20 m
912 1228 36 20 the
958 1227 119 21 Schoolrbm
1088 1233 27 13 on
1129 1227 76 24 Friday

687 1269 92 19 evening,
790 1263 42 20 Oct.
850 1263 43 24 4th,
903 1263 57 20 when
971 1263 28 20 all
1015 1263 35 20 the
1059 1263 99 19 members
1173 1268 33 14 ex-

687 1301 45 25 cept
743 1300 32 20 Mr
783 1300 74 20 Parish
866 1305 49 16 were
924 1300 89 26 present.

714 1337 45 22 The.
767 1336 89 21 minutes
866 1337 21 19 of
900 1336 34 21 the
944 1336 93 26 previous
1051 1336 89 25 meeting
1155 1342 51 14 were

687 1373 47 21 read
743 1373 42 20 and
793 1373 118 21 confirmed.

714 1410 42 20 The
774 1409 168 23 Schoolmaster's
960 1409 96 25 monthly
1073 1410 68 24 report
1162 1414 42 14 was

687 1446 54 24 read,
759 1446 94 25 showing
862 1446 45 19 that
917 1446 35 19 the
968 1445 123 21 attendance
1100 1451 41 14 was
1157 1450 47 14 con-

687 1482 83 26 tinuing
780 1484 20 19 to
819 1483 98 25 improve,
933 1482 43 20 and
989 1482 46 20 that
1051 1482 35 20 the
1100 1482 106 25 Inspector

687 1519 42 21 had
738 1519 104 25 inspected
851 1519 35 20 the
896 1519 75 21 School
980 1519 74 24 during
1063 1519 35 19 the
1107 1518 60 20 week.

713 1557 78 20 Twelve
807 1557 135 26 applications
952 1562 50 14 were
1018 1556 90 20 received
1122 1557 32 19 for
1169 1555 36 21 the

687 1594 90 26 position
787 1594 21 19 of
823 1594 98 20 Mistress.
961 1594 45 19 The
1016 1593 121 20 Committee
1152 1594 53 19 went

687 1631 98 24 carefully
807 1630 90 25 through
918 1631 34 20 the
988 1629 143 24 testimonials,
1164 1629 42 20 and

687 1667 87 21 selected
797 1667 50 19 Miss
870 1667 30 19 M.
922 1667 120 22 Buchanan,
1067 1667 20 18 of
1110 1666 94 23 Outram,

687 1703 73 25 Otago,
778 1704 31 19 for
832 1703 34 20 the
888 1703 97 25 position,
1007 1702 38 20 her
1068 1702 138 20 testimonials

687 1740 61 26 being
762 1740 118 20 considered
890 1739 34 22 the
940 1740 50 24 best,
1001 1738 41 22 and
1056 1739 37 20 she
1108 1738 47 21 held
1171 1738 35 21 the

687 1776 82 25 highest
779 1776 107 21 certificate
896 1776 22 25 (D
918 1776 33 25 2.)

712 1813 167 21 TheGhairman
888 1812 93 25 reported
988 1827 3 4 .
997 1813 46 19 that
1053 1812 34 19 Mr
1096 1811 30 20 De
1141 1812 63 19 Loree

687 1850 41 20 had
737 1850 48 26 paid
793 1851 28 19 £2
831 1850 22 20 2s
863 1850 32 24 6d,
913 1850 35 20 the
957 1849 95 26 proceeds
1061 1850 21 19 of
1092 1848 33 20 his
1141 1850 65 18 enter-

687 1887 108 24 tainment,
809 1888 21 19 to
840 1885 34 22 the
884 1886 75 21 School
974 1886 59 20 Prize
1041 1885 67 20 Fund.
1134 1885 18 20 A
1160 1885 46 19 vote

687 1924 23 20 of
718 1923 76 20 thanks
804 1929 40 14 was
851 1923 104 21 .accorded
968 1923 34 19 Mr
1011 1923 30 19 De
1054 1922 64 20 Loree
1127 1921 32 19 for
1173 1921 33 19 his

687 1961 97 20 kindness
792 1960 23 20 m
825 1960 71 25 giving
905 1959 35 20 the
950 1959 169 20 entertainment.

713 1996 83 21 Several
811 1996 59 20 small
893 1996 97 21 accounts
1010 2001 50 14 were
1078 1994 74 25 passed
1173 1993 33 20 for

687 2034 104 24 payment,
801 2032 41 20 and
853 2032 34 19 the
896 2031 122 20 Committee
1027 2030 119 25 adjourned.

843 2083 78 22 WEST
935 2083 118 21 OXFORD.

710 2126 51 19 This
770 2125 123 20 Committee
907 2125 50 20 held
966 2124 54 21 their
1029 2123 97 26 ordinary
1142 2125 62 19 meet-

687 2162 33 25 ing
736 2168 28 15 on
781 2162 82 25 Friday,
879 2161 44 21 Oct.
941 2161 51 24 4th.i
1009 2160 28 22 all
1052 2160 34 21 the
1103 2160 101 21 members

689 2197 59 26 being
757 2199 91 25 present.-
1123 2201 2 4 '

715 2234 31 19 Mr
760 2234 59 20 Grim
820 2234 57 19 wood
891 2234 49 20 took
955 2232 32 21 his
1005 2233 44 20 seat
1063 2233 33 20 for
1112 2232 35 21 the
1162 2232 45 22 first

689 2271 50 19 time
748 2271 56 19 since
813 2270 33 20 his
855 2269 95 21 election.

716 2306 43 20 The
767 2306 94 22 Master's
875 2307 68 25 report
952 2311 41 15 was
1004 2305 95 24 received,
1116 2305 91 25 showing

687 2343 35 20 the
732 2349 82 18 average
823 2342 122 21 attendance
953 2344 23 19 to
984 2342 25 20 be
1020 2343 62 23 133.6,
1092 2342 41 20 and
1147 2347 59 14 num-

691 2379 33 20 ber
733 2378 71 21 onthe
813 2378 62 21 books
886 2379 43 21 177:
943 2391 3 3 •
969 2378 43 20 The
1022 2378 74 21 School
1106 2378 42 21 had
1157 2380 50 19 been

689 2415 113 26 inspected',
809 2415 73 26 during
891 2415 35 21 the
941 2416 59 23 week;
1011 2415 39 20 but
1063 2416 35 20 the
1109 2417 64 20 result
1189 2417 18 19 is

690 2452 37 20 not
735 2453 34 25 yet
778 2452 81 23 known;
875 2451 99 26 although
984 2452 16 20 it
1017 2452 18 19 is
1046 2452 89 21 believed
1144 2453 23 21 to
1184 2455 23 19 be

690 2488 122 21 favorable^

715 2525 43 20 The
768 2526 77 19 Master
853 2525 106 25 requested
967 2525 122 26 permission
1100 2526 20 21 to
1129 2525 78 26 change

688 2563 36 20 the
729 2577 2 7 ,
732 2562 69 23 books,
811 2562 22 19 m
842 2561 123 22 accordance
980 2562 49 20 with
1039 2562 34 20 the
1082 2561 122 26 Inspector's

689 2598 192 21 recommendation.
921 2598 45 20 The
973 2599 123 20 Committee
1105 2598 72 25 agreed
1185 2599 22 19 to

689 2642 14 13 a
712 2634 78 25 change
798 2634 23 20 m
830 2634 115 21 Standards
953 2634 23 20 II
984 2636 42 19 and
1031 2635 44 23 /111,
1086 2634 34 21 the
1130 2635 45 19 first
1184 2636 22 19 to

689 2669 52 22 Star'
748 2669 82 26 Reader,
840 2671 41 19 and
886 2669 108 27 ithejlatter
1002 2672 22 19 to
1031 2671 73 24 Sequel
1113 2672 22 18 to
1141 2671 66 24 Royal

689 2707 87 21 Reader;
786 2708 4 10 !

715 2744 76 21 Messrs
800 2744 98 20 Priohard
906 2744 42 20 and
957 2744 72 21 Ancall
1038 2750 50 15 were
1097 2744 110 26 appointed

689 2781 89 24 visitors;
792 2779 48 27 and|
848 2781 34 19 the
896 2780 106 20 execution
1019 2780 22 19 of
1057 2786 106 19 necessary
1178 2786 28 13 re-

689 2817 56 26 pairs
753 2819 22 19 to
785 2817 95 26 premises
891 2822 40 15 was
945 2816 37 21 left
991 2816 28 23 m.
1023 2816 53 22 their
1087 2816 73 21 hands.

714 2853 104 23 Acopunta
834 2853 121 25 amounting
971 2853 21 19 to
1008 2852 29 20 £4
1053 2853 35 19 13s
1105 2852 38 20 lOd
1157 2858 50 14 were

688 2890 75 26 passed
783 2890 31 19 for
835 2890 111 25 payment,;
964 2888 42 21 and
1027 2888 34 21 the
1083 2888 123 21 Committee

689 2926 124 26 adjourned.-

757 2971 3 5 --•
789 2969 3 6 '
853 2978 14 2 .-
894 2979 2 1 .
910 2977 3 3 .
928 2963 41 17 ♦■:
1054 2970 15 7 ?-

873 3007 93 24 CUST.

716 3075 31 20 On
756 3073 112 25 Thursday,
881 3073 44 20 Oct.
941 3072 50 23 3rd.,
1008 3078 12 14 a
1036 3072 86 20 football
1136 3072 69 20 matoh

688 3118 42 13 was
740 3110 72 27 played
820 3111 22 19 at
851 3109 103 26 Eangipra
971 3108 88 20 between
1070 3108 65 20 teams
1152 3108 53 19 from

689 3149 36 21 tha
728 3164 7 9 r
741 3147 51 21 Cust
806 3145 85 22 District
907 3144 76 21 School
999 3143 41 20 and
1055 3143 35 21 the
1104 3143 101 25 Rangiora

689 3184 96 26 Borough
800 3182 80 23 School,
896 3181 101 24 resulting,
1010 3180 26 20 in'
1047 3186 13 14 a
1068 3180 51 22 ;win;
1130 3180 75 20 for.the

689 3222 61 19 latter
766 3220 26 24 by
800 3220 26 19 12
839 3219 68 24 points
918 3219 20 18 to
955 3216 47 20 nil..
1032 3215 48 22 The;
1090 3216 58 20 Oust.
1150 3218 54 18 team

689 3264 50 14 were
747 3257 71 19 driven
828 3256 30 20 to.
858 3254 43 20 and
913 3254 54 20 irom
976 3252 104 26 Rangiora
1086 3252 35 26 by
1130 3254 75 20 Messrs

689 3295 24 19 G.
722 3292 80 22 Oromie
812 3291 41 21 and
862 3292 18 19 J.
890 3290 103 24 Kennedy,
1002 3290 56 24 junr.

715 3330 18 20 A
743 3328 87 24 meeting
839 3328 22 18 of
870 3327 35 20 the
913 3327 98 19 Institute
1024 3325 51 19 Hall
1085 3324 120 21 Committee

688 3372 42 15 was
745 3365 48 21 held
801 3370 27 14 on
835 3363 92 24 Monday
943 3361 92 25 evening,
1045 3361 46 21 Oct.
1108 3361 43 23 7th,
1167 3361 37 20 the

688 3406 49 18 Eevs
752 3403 28 19 B:
787 3401 26 20 D.
823 3400 85 25 Rodger,
924 3397 113 25 President,
1046 3398 115 25 occupying,
1166 3396 35 21 the

690 3439 63 21 chair.
793 3437 21 20 It
830 3442 42 14 was
881 3434 93 26 reported
991 3434 46 21 that
1048 3434 34 20 the
1096 3434 109 21 sucoesaful

688 3475 92 22 tenderer
789 3474 31 19 for
826 3473 35 20 the
868 3471 77 26 repairß
955 3472 22 18 to
987 3471 34 20 the
1026 3471 46 19 roof
1075 3469 42 22 bad
1126 3470 79 20 thrown

689 3520 27 17 up
726 3512 32 20 his
767 3510 93 20 contract
870 3509 35 19 the
920 3507 40 24 day
970 3508 51 19 after
1030 3507 82 23 signing
1122 3506 24 21 its
1155 3513 4 5 ■
1185 3506 20 21 It

688 3553 41 16 was
738 3546 82 21 decided
829 3547 24 18 to,
860 3544 39 20 call
906 3544 32 19 for
942 3542 56 21 fresh
1005 3542 86 23 tenders,
1101 3542 22 19 to
1129 3542 23 21 be
1160 3544 44 19 sent

688 3586 22 19 m
719 3584 27 24 by
757 3581 96 25 Monday,
868 3579 87 21 Ootober
972 3578 55 24 14tlr,
1037 3583 27 15 on
1079 3577 66 21 which
1158 3578 46 21 date

688 3622 35 20 the
733 3618 121 22 Committee
862 3617 43 19 will
912 3617 52 19 meet
974 3614 66 26 again.

714 3656 43 20 The
773 3655 63 24 hopes
845 3653 21 20 of
876 3652 34 22 the
926 3651 123 22 Committee
1062 3650 22 19 of
1098 3649 35 21 the
1141 3651 63 20 Lawn

688 3694 76 21 Tennis
773 3690 52 21 Club
834 3695 36 15 are
879 3689 22 19 m
911 3695 12 13 a
939 3688 39 20 fair
988 3693 45 18 way
1042 3687 23 19 to
1074 3686 24 20 be
1111 3687 91 21 realised;

688 3732 35 19 On-
735 3727 101 24 Saturday
851 3725 92 24 evening,
959 3724 45 20 Oct.
1025 3722 42 24 sth,
1086 3729 12 14 a
1114 3723 89 25 meeting

688 3772 41 16 was
736 3764 47 21 held
792 3764 21 19 at
823 3763 35 19 the
866 3762 97 19 Institute
978 3760 57 23 Hall,
1051 3759 59 20 when
1128 3766 12 14 a
1155 3759 48 20 code

688 3804 20 18 of
726 3802 53 20 rules
797 3800 31 21 for
846 3798 34 22 the
903 3797 52 22 Club
974 3802 40 15 was
1036 3795 103 22 disoussed
1161 3796 41 21 and

1301 177 91 26 adopted.
1432 176 43 19 The
1491 180 57 20 grass
1562 175 58 19 court
1630 173 18 19 is
1660 172 59 24 being
1735 172 79 25 rapidly

1301 212 108 28 proceeded
1430 211 56 23 with,
1510 211 40 21 and
1573 211 34 20 the
1633 209 122 21 Committee
1777 208 37 20 has

1301 251 80 21 deoided
1390 251 22 19 to
1427 249 129 24 supplement
1566 247 42 20 this
1617 246 27 25 by
1658 245 69 26 laying
1736 245 58 20 down
1805 250 9 13 a

1301 288 58 20 court
1368 284 108 26 composed
1484 285 22 19 of
1519 284 89 20 sawdust
1618 282 41 20 and
1668 282 39 19 tar.

1327 324 44 21 The
1380 322 78 21 annual
1473 320 81 21 festival
1563 320 21 20 of
1600 319 34 19 the
1644 318 138 25 parishioners
1796 317 18 19 of

1302 361 30 20 St.
1343 359 75 20 James'
1428 357 84 21 Church
1520 357 18 19 is
1545 354 121 21 announced
1674 355 22 18 to
1706 354 47 19 take
1760 354 54 24 place

1301 403 28 13 on
1337 395 81 24 Friday,
1428 393 86 20 October
1524 392 54 21 18th,
1586 392 31 19 for
1626 390 67 19 which
1701 390 36 19 the
1743 389 71 23 Vestry

1301 433 51 20 have
1360 429 98 25 arranged
1467 435 12 14 a
1488 435 47 18 very
1545 427 106 20 attractive
1660 431 133 21 programme.

1301 497 112 23 OHOKA
1429 496 71 23 AND
1524 493 160 25 EYRETON
1700 490 112 26 RACES.

1326 558 47 19 The
1388 554 77 20 annual
1479 554 88 24 meeting
1590 552 21 20 of
1632 552 35 19 the
1685 550 72 21 Ohoka
1775 550 41 19 and

1300 594 90 24 Eyreton
1400 591 74 24 Jockey
1484 590 50 19 Club
1545 589 48 20 took
1606 588 57 25 place
1672 594 27 13 on
1709 588 35 19 the
1752 587 63 19 Race-

1300 634 77 17 course,
1387 627 57 20 when
1454 627 55 19 there
1524 632 41 12 was
1575 632 12 12 a
1594 624 52 24 good
1660 623 121 20 attendance
1795 622 21 19 of

1300 665 118 25 spectators,
1428 663 41 19 and
1476 662 34 20 the
1517 661 87 20 weather
1613 667 43 14 was
1665 660 28 20 all
1700 660 47 19 that
1756 657 60 21 could

1300 701 24 20 be
1338 700 83 20 desired.
1461 699 43 19 The
1519 698 70 24 racing
1606 703 26 14 on
1649 696 35 20 the
1700 695 64 20 whole
1773 700 42 14 was

1299 743 46 19 very
1354 736 59 26 good,
1424 736 41 20 and
1474 735 87 20 resulted
1571 741 22 13 as
1602 735 90 19 follows-.
1694 743 25 4 —

1299 774 108 19 Handicap
1427 773 92 19 Hurdle
1538 771 56 19 Eace
1608 781 25 3 —
1646 771 48 18 Two
1710 768 65 23 miles,
1790 768 26 18 30

1376 809 53 14 BOVB.

1348 840 91 25 Playboy
1752 835 11 20 1

1348 872 101 24 Waipapa
1753 867 13 19 2

1348 903 138 19 Bloodsucker
1754 899 11 18 3

1299 940 63 20 Hack
1374 939 89 19 Hobdle
1476 938 83 19 Race—
1561 936 43 19 One
1620 936 41 19 and
1671 935 65 19 a-half
1747 933 69 23 .miles,

1376 971 26 19 20
1411 976 52 14 soys.

1349 1008 103 24 Waipapa
1753 1002 12 19 1

1299 1044 96 20 District
1407 1043 56 19 Flat
1476 1042 82 19 Race—
1560 1041 44 19 One
1613 1040 55 22 mile,
1677 1039 26 19 25
1712 1044 54 14 soys.

1352 1079 52 20 Gold
1414 1079 51 24 Spec
1754 1075 11 19 1

1350 1110 117 24 Harkaway
1754 1105 13 19 2

1350 1142 73 24 Young
1437 1141 46 25 Guy
1754 1138 12 18 3

1299 1179 75 22 Ohoka.
1388 1184 40 15 and
1446 1178 99 19 Eyreton
1565 1176 67 20 Cup—
1634 1175 44 20 One
1694 1173 42 21 and
1752 1173 64 21 a-half

1376 1210 65 24 miles,
1451 1209 26 21 50
1487 1214 52 15 soys.

1350 1246 97 21 Rosebud
1755 1243 9 19 I

1351 1277 112 25 Charming
1719 1289 5 5 «
1753 1275 12 18 2

1350 1309 67 20 Maria
1753 1307 12 19 3

1299 1347 111 19 Handicap
1437 1345 56 19 Time
1519 1345 54 19 Tkot
1581 1355 28 3 —
1618 1343 64 20 Three
1704 1342 65 24 miles,
1792 1342 24 20 25

1377 1382 53 15 BOYS.

1350 1413 82 25 Magpie
1754 1411 10 19 1

1350 1444 70 20 Home
1428 1444 62 19 Ruler
1754 1441 13 19 2

1349 1476 64 25 Betsy
1704 1488 22 5 ...
1754 1472 13 20 3

1299 1513 79 20 Flying
1391 1513 134 20 Handicap—
1527 1511 49 20 Five
1585 1511 99 24 furlongs,
1695 1510 25 20 30
1729 1516 54 13 soys.

1351 1549 95 20 Tornado
1754 1547 11 18 1

1352 1580 122 26 Swamphen
1753 1578 13 19 2

1350 1612 54 20 Gold
1413 1613 50 24 Spec
1753 1610 12 19 3

1300 1650 75 19 Hubby
1389 1649 81 20 Scubby
1477 1648 64 19 —One
1550 1647 54 23 mile,
1620 1647 24 20 10
1653 1651 50 15 soys.

1352 1684 82 25 Swamp
1443 1684 47 20 Hen
1754 1683 8 18 1

1304 1752 510 48 CORRESPONDENCE.

1468 1834 88 18 STATE
1572 1834 81 18 BANK.

1376 1889 27 20 To
1414 1889 32 19 tlie
1455 1889 73 19 Editor
1536 1888 25 24 of
1574 1888 6 10 c
1587 1888 40 19 The
1636 1887 108 20 Observer.'

1328 1926 43 23 Sib,
1372 1936 26 4 —
1398 1926 12 19 I
1427 1931 34 14 am
1477 1925 56 24 quite
1549 1929 46 15 sure
1611 1924 46 19 that
1672 1929 52 20 jour
1739 1924 79 19 readers

1301 1957 42 19 will
1352 1956 24 20 be
1385 1957 87 25 grateful
1481 1957 22 19 to
1519 1956 33 20 Mr
1561 1956 25 19 A.
1598 1956 23 19 St
1637 1955 58 20 John
1709 1955 70 20 White
1788 1955 30 20 for

1301 1994 27 14 an
1338 1988 134 25 opportunity
1481 1988 21 18 of
1517 1987 85 24 reading
1617 1986 33 19 his
1664 1986 60 20 views
1740 1992 28 13 on
1783 1985 35 21 the

1302 2019 63 20 above
1380 2018 83 25 subject,
1480 2018 41 19 and
1536 2018 11 19 I
1564 2024 33 13 am
1615 2018 45 18 also
1676 2017 81 24 equally
1773 2022 45 14 sure

1301 2050 47 20 that
1357 2055 40 19 you
1407 2055 34 14 are
1451 2050 36 19 not
1496 2049 67 20 afraid
1573 2049 21 20 to
1603 2054 52 19 open
1663 2054 52 20 your
1724 2048 94 20 columns

1301 2082 32 20 for
1349 2082 107 19 courteous
1472 2080 113 21 discussion
1601 2085 27 14 on
1643 2085 41 19 any
1702 2079 78 26 subject
1797 2079 21 19 of

1301 2112 68 26 public
1378 2112 92 21 interest.

1495 2143 73 23 Yours,
1581 2144 30 19 &c
1618 2157 5 11 ,

1545 2174 21 18 A
1579 2175 65 17 Const
1649 2180 37 12 int
1699 2173 93 19 Keadeb.

1299 2216 522 82 LATEST

1301 2300 207 44 NEWS
1577 2298 241 45 ITEMS.

1494 2392 125 19 ENGLISH.

1326 2429 92 20 Another
1436 2429 99 24 difficulty
1551 2428 39 20 has
1608 2429 94 19 occurred
1716 2428 52 21 with
1785 2429 33 19 the

1300 2461 90 21 laborers
1400 2462 22 19 at
1431 2460 34 20 the
1474 2460 87 19 London
1574 2460 74 19 Docks.
1676 2460 43 19 The
1728 2466 61 14 cause
1798 2460 21 19 of

1301 2492 35 20 the
1346 2491 78 21 trouble
1433 2491 18 19 is
1462 2491 45 20 that
1524 2490 34 20 the
1569 2491 122 24 Companies
1700 2497 35 14 are
1749 2491 70 25 giving

1300 2524 68 19 undue
1378 2523 116 25 preference
1503 2523 21 19 to

1326 2561 28 19 At
1364 2566 12 14 a
1391 2559 81 20 Church
1482 2559 100 24 Congress
1592 2556 26 22 'm
1627 2558 87 20 London
1730 2564 12 14 a
1756 2565 63 19 paper

1299 2597 42 14 was
1350 2590 48 21 read
1407 2590 36 20 on°
1445 2590 60 20 >lThe
1514 2592 57 21 stage
1580 2590 41 20 and
1630 2590 28 19 its
1797 2590 21 20 It

1299 2629 42 14 was
1350 2622 23 19 m
1382 2622 83 19 defence
1473 2621 22 19 of
1507 2621 35 19 the
1551 2622 63 22 stage,
1624 2621 86 24 arguing
1719 2622 48 19 that
1783 2622 35 19 the

1298 2654 68 24 clergy
1380 2653 46 19 who
1435 2652 42 20 laid
1493 2651 83 24 charges
1586 2657 50 13 were
1651 2651 122 25 prejudiced.
1799 2651 20 20 It

1299 2685 44 20 also
1354 2683 67 21 stated
1430 2683 46 20 that
1486 2683 38 19 the*
1529 2682 79 20 theatre
1623 2682 42 20 had
1675 2682 49 20 been
1733 2683 64 20 found
1807 2688 12 14 a

1299 2716 100 26 necessity
1408 2716 22 20 of
1439 2715 35 21 the
1483 2716 81 25 present
1574 2714 56 21 time.

1326 2754 43 19 The
1378 2759 44 14 new
1432 2752 104 19 Governor
1551 2751 21 19 of
1581 2751 97 21 Victoria.
1688 2750 54 21 Lord
1750 2751 67 25 Hope-

1298 2785 59 21 toun,
1367 2789 41 14 was
1423 2782 127 21 entertained
1569 2782 23 19 at
1601 2787 12 14 a
1626 2782 88 19 farewell
1728 2782 90 24 banquet

1300 2817 22 19 at
1330 2813 121 25 Edinburgh
1460 2819 28 14 on
1498 2812 85 20 October
1589 2813 19 21 4,

1326 2851 43 19 The
1378 2851 49 19 Earl
1437 2850 21 19 of
1469 2850 104 23 Galloway
1582 2849 39 20 has
1636 2850 51 19 been
1697 2850 120 21 committed

1297 2883 33 20 for
1340 2882 47 21 trial
1396 2881 32 20 for
1437 2880 116 25 criminally
1562 2881 116 24 assaulting
1688 2888 12 12 a
1710 2881 61 19 child.

1323 2919 50 20 New
1383 2917 90 20 Zealand
1488 2916 62 27 hemp
1559 2917 38 20 has
1614 2917 103 21 advanced
1726 2919 22 18 m
1763 2918 55 26 price

1295 2951 69 29 jn|the
1373 2949 86 21 London
1474 2949 85 19 market.

1324 2988 32 19 Sir
1373 2986 33 20 W.
1426 2985 22 19 T.
1469 2985 121 23 Robertson,
1607 2991 11 13 a
1636 2985 90 19 member
1744 2987 21 18 of
1783 2987 35 19 the

1296 3017 90 26 English
1407 3016 70 20 Housß
1505 3015 21 21 of
1549 3015 118 26 Commons,
1695 3018 121 20 committed

1297 3049 78 21 suicide
1383 3048 27 25 by
1420 3048 80 24 outting
1509 3047 33 20 his
1552 3047 75 20 throat.

1322 3086 19 19 A
1357 3085 67 25 heavy
1442 3084 44 25 gale
1504 3084 38 19 has
1560 3084 95 20 occurred
1673 3084 22 20 m
1712 3086 104 24 England,

1297 3116 138 24 interrupting
1454 3114 123 25 telegraphic
1596 3116 172 21 communication
1805 3118 14 19 11

1297 3154 46 14 over
1361 3147 34 19 the
1413 3145 76 21 United
1511 3145 110 25 Kingdom,
1644 3147 42 19 and
1708 3148 73 26 killing
1803 3156 12 13 a

1296 3179 86 19 number
1391 3178 21 19 of
1422 3178 75 25 people.

1321 3216 43 19 The
1373 3215 51 19 Earl
1434 3215 20 19 of
1472 3213 85 20 Zetland
1566 3213 38 20 has
1614 3215 49 19 been
1679 3221 66 15 sworn
1755 3217 22 20 m
1792 3224 23 14 as

1296 3247 56 20 Lord
1359 3246 125 20 Lieutenant
1491 3245 20 19 of
1521 3245 87 20 Ireland.

1321 3283 43 20 Ten
1380 3281 102 21 thousand
1498 3281 78 20 colliers
1592 3283 22 19 at
1632 3283 82 25 Bolton,
1732 3285 81 21 Lanca-

1295 3314 60 23 shire,
1374 3314 51 19 have
1444 3312 73 20 struck,
1531 3312 32 18 for
1581 3319 27 12 an
1618 3313 91 21 increase
1723 3316 21 18 m
1762 3317 53 19 their

1294 3350 70 20 wages.

1319 3377 32 26 By
1378 3382 12 14 a
1412 3375 93 19 collision
1530 3380 26 14 on
1580 3375 34 20 the
1632 3375 86 22 London
1741 3378 74 21 North-

1294 3410 86 18 western
1395 3406 42 20 line
1453 3406 56 19 three
1526 3406 101 25 carriages
1643 3413 51 14 were
1710 3410 102 24 smashed,

1294 3440 41 20 and
1349 3445 12 14 a
1376 3438 89 20 number
1482 3438 22 18 of
1519 3443 119 19 passengers
1657 3439 62 21 killed
1733 3441 41 19 and
1783 3442 31 19 in-

1294 3471 64 26 jured.

1320 3506 81 24 During
1418 3512 12 13 a
1448 3511 66 14 severe
1530 3506 65 19 storm
1611 3506 36 19 the
1665 3507 118 24 lighthouse
1792 3511 22 19 at

1294 3537 108 24 Holyhead
1411 3537 38 19 has
1460 3536 50 20 been
1519 3536 99 25 seriously
1628 3538 88 23 injured.

1492 3587 125 19 FOREIGN.

1319 3630 114 22 Bismarck,
1451 3630 22 18 m
1493 3630 35 18 the
1545 3634 71 15 course
1634 3631 21 19 of
1673 3637 12 14 a
1704 3633 73 24 speech
1794 3634 20 19 at

1293 3660 114 25 Hamburg,
1417 3660 89 26 aaidjhe
1515 3665 61 19 peace
1592 3660 21 20 of
1622 3661 81 27 Europe
1714 3669 41 14 was
1770 3670 44 14 now

1293 3691 87 21 assured.

1319 3728 17 19 A
1355 3729 65 18 storm
1438 3728 48 19 took
1503 3728 58 24 place
1579 3730 22 18 at
1622 3729 102 25 Sardinia,
1740 3731 22 19 m
1780 3732 34 20 the

1290 3759 171 23 Mediterranean,
1479 3759 28 24 by
1526 3759 66 20 which
1614 3761 38 20 240
1670 3761 75 21 houses
1763 3769 51 14 were

1291 3790 106 23 destroyed
1407 3790 41 20 and
1459 3791 77 20 several
1547 3790 49 21 lives
1606 3792 45 21 lost.

1932 169 18 18 A
1958 169 66 24 heavy
2034 168 82 23 cyclone
2124 168 39 20 has
2173 167 73 21 visited
2255 167 86 23 Mexico,
2352 167 73 20 wreck-

1907 200 35 24 ing
1952 199 64 25 thirty
2025 200 81 23 vessels,
2118 199 41 20 ani
2176 199 117 25 destroying
2310 205 12 13 a
2338 198 87 21 number

1907 232 21 19 of
1938 231 81 20 houses.
2046 232 18 18 A
2074 231 52 25 good
2135 237 62 19 many
2205 231 50 19 lives
2264 237 52 14 were
2323 232 49 19 lost.

1933 268 43 19 The
1993 268 90 19 Eussian
2101 268 137 19 Government
2257 273 34 14 are
2309 267 116 24 increasing

1906 299 53 21 their
1968 299 59 25 plant
2041 305 26 14 on
2078 299 34 20 the
2121 299 74 20 Kutias
2210 299 91 25 railway,
2310 299 32 18 for
2359 300 66 17 trans-

1905 333 47 24 port
1962 336 103 20 purposes.

1931 367 64 24 Forty
2003 373 84 19 persons
2102 372 51 14 were
2161 366 62 20 killed
2236 366 27 24 by
2272 366 35 19 the
2320 365 105 25 explosion

1905 398 21 20 of
1936 404 12 14 a
1957 398 65 20 boiler
2030 404 27 13 on
2067 397 62 20 board
2140 403 12 14 a
2162 397 130 25 Mississippi.

1931 434 56 24 Fifty
1997 433 103 20 thousand
2110 433 70 25 people
2190 433 73 20 visited
2273 433 34 20 the
2316 433 59 20 Paris
2384 432 41 20 Ex-

1904 465 90 19 hibition
2002 471 27 13 on
2042 465 85 19 October
2137 465 43 19 6th.

1930 501 19 19 A
1969 501 117 25 gentleman
2109 501 45 19 who
2176 500 39 20 has
2236 500 43 25 just
2302 499 78 20 arrived
2403 499 22 21 m

1905 533 82 24 Sydney
2002 533 53 19 from
2070 532 82 24 Samoa,
2169 532 70 20 makes
2255 538 27 13 an
2298 531 82 19 earnest
2389 537 34 19 ap-

1904 564 46 25 peal
1957 570 27 13 on
1994 564 68 20 behalf
2067 565 21 18 of
2097 564 35 19 the
2141 564 106 23 residents,
2256 563 46 19 who
2312 568 33 14 are
2355 562 69 19 suffer-

1904 596 36 24 ing
1949 596 52 18 from
2012 597 54 18 want
2076 597 22 17 of
2106 595 53 19 food.

1931 631 58 19 News
1999 631 38 20 has
2043 631 50 19 been
2102 630 88 20 received
2197 630 53 19 from
2260 629 76 25 Ookigo
2345 628 80 26 stating

1904 661 46 21 that
1966 668 12 13 a
1994 662 85 20 number
2098 663 21 18 of
2135 667 84 20 persons
2234 661 52 20 have
2302 660 50 20 been
2362 660 61 21 killed

1904 693 57 20 there
1969 694 27 23 by
2005 700 11 12 a
2027 693 62 20 boiler
2102 693 113 25 explosion.

1929 729 69 19 While
2015 735 11 13 a
2036 729 85 19 number
2138 729 21 19 of
2169 727 89 21 Turkish
2273 727 84 21 soldiers
2371 733 52 15 were

1905 760 129 24 committing
2048 765 90 14 excesses
2149 761 21 18 at
2187 760 64 21 Crete,
2263 759 47 24 they
2326 764 50 14 were
2392 760 30 19 at-

1903 791 79 23 tacked,
2000 791 41 19 and
2059 797 65 19 many
2147 791 21 19 of
2189 790 54 21 their
2264 790 86 20 number
2371 795 51 14 were

1903 821 62 20 killed
1975 828 22 13 or
2006 821 103 21 wounded.

1930 858 47 19 Two
1985 858 75 19 editors
2070 859 20 18 of
2097 864 128 20 newspapers
2234 858 22 19 m
2267 857 35 20 the
2309 856 114 21 Transvaal

1904 889 52 19 have
1969 889 50 19 been
2036 889 88 20 arrested
2140 890 31 18 for
2187 890 89 19 treason.
2315 888 56 25 They
2389 888 34 20 de-

1905 921 88 19 manded
2001 921 85 19 reforms
2095 921 22 19 m
2128 920 35 19 the
2178 920 104 23 country's
2291 919 131 20 administra-

1904 952 51 22 tion,
1969 952 42 19 and
2026 952 16 19 if
2052 951 46 20 that
2114 957 41 13 was
2164 952 37 18 not
2218 950 52 20 done
2286 949 110 21 advocated
2410 956 12 15 a

1903 983 120 19 revolution.
2050 983 55 19 Both
2114 988 34 14 are
2156 982 142 24 Englishmen.

1931 1019 58 25 Sixty
1999 1020 103 19 thousand
2111 1019 52 25 junk
2171 1025 48 12 men
2229 1018 53 20 have
2288 1023 52 19 gone
2349 1018 36 19 out
2395 1023 28 14 on

1905 1051 62 19 strike
1983 1053 21 17 at
2015 1051 110 23 Skekmuu,
2143 1049 42 21 and
2194 1050 57 19 trade
2267 1049 18 19 is
2295 1050 22 19 at
2327 1055 12 13 a
2353 1049 69 19 stand-

1905 1082 43 19 still
1957 1082 23 19 m
1989 1082 47 19 that
2045 1082 46 24 city.

1932 1118 43 20 The
2006 1118 82 24 Temple
2097 1117 22 20 of
2241 1116 21 19 m
2273 1116 74 23 China,
2356 1115 68 20 which

1905 1150 18 19 is
1933 1150 101 25 supposed
2043 1151 21 18 to
2074 1150 24 19 be
2109 1148 34 20 the
2157 1150 56 18 most
2223 1147 127 21 remarkable
2358 1147 65 20 build-

1905 1182 35 24 ing
1949 1182 22 19 m
1981 1182 35 20 the
2024 1181 69 24 world,
2102 1181 38 20 has
2150 1182 49 19 been
2209 1178 107 26 destroyed
2324 1178 28 26 by
2360 1178 43 21 fire.

1931 1218 45 21 The
1994 1219 87 18 steamer
2102 1218 123 23 Earnmoor,
2248 1216 70 19 whilst
2340 1222 27 13 on
2388 1215 35 20 the

1905 1255 87 19 passage
2008 1250 52 18 from
2076 1249 113 20 Baltimore
2203 1250 22 18 to
2241 1248 39 19 Rio
2296 1248 25 19 de
2333 1247 90 23 Janiero,

1905 1281 117 24 foundered,
2032 1281 41 20 and
2089 1279 140 26 twenty-eight
2239 1284 119 21 passengers
2373 1284 50 14 were

1905 1312 99 18 drowned.

2077 1380 175 18 AUSTRALIAN.

1930 1418 18 18 A
1955 1418 63 24 yacht
2026 1418 93 24 capsized
2129 1418 21 18 m
2161 1416 80 24 Sydney
2247 1416 84 19 Harbor
2340 1421 27 13 on
2377 1416 45 19 Oct.

1905 1448 42 24 7th,
1959 1449 103 24 drowning
2072 1449 55 19 three
2136 1454 68 19 young
2213 1447 72 21 ladies.

1929 1485 103 20 Immense
2047 1485 120 20 excitement
2184 1484 39 19 has
2238 1483 51 20 been
2307 1481 74 21 caused
2399 1481 23 20 m

1905 1517 116 21 Melbourne
2030 1517 89 24 through
2129 1522 26 14 an
2165 1515 90 21 advance
2263 1515 23 19 m
2295 1513 74 21 Bound
2378 1513 45 21 Hill

1905 1549 61 19 silver
1976 1549 68 19 shares
2053 1549 53 19 from
2115 1549 41 19 £10
2166 1550 20 17 to
2196 1547 60 20 £150.

1930 1585 18 19 A
1963 1591 66 13 severe
2047 1585 124 24 earthquake
2191 1589 41 15 was
2251 1581 130 26 experienced
2399 1581 24 20 m

1905 1616 47 21 New
1961 1616 65 21 South
2037 1616 67 21 Wales
2118 1621 26 14 on
2154 1614 86 21 October
2249 1614 42 20 sth.

1931 1653 17 19 A
1964 1653 79 19 scheme
2058 1653 21 18 of
2094 1652 53 23 baby
2162 1652 91 22 farming
2270 1651 38 19 has
2324 1649 50 19 been
2385 1655 36 13 un-

1905 1684 112 20 unearthed
2032 1685 21 18 at
2068 1683 87 25 Sydney.
2194 1682 20 20 It
2229 1682 18 19 is
2263 1681 94 25 reported
2374 1680 48 20 that

1905 1715 55 25 eight
1974 1715 78 20 infants
2068 1715 51 20 have
2134 1714 47 20 died
2192 1714 74 23 during
2276 1714 42 19 -the
2332 1712 41 20 last
2383 1712 40 19 few
2437 1725 3 2 ■

1906 1914 41 17 and
1958 1914 53 17 gold.

2060 1966 66 19 NEW
2138 1965 128 20 ZEALAND.

1932 2004 20 19 A
1969 2003 117 25 prominent
2103 2004 89 17 member
2215 2002 21 18 o!
2258 2000 35 19 the
2316 2000 106 19 Salvation

1905 2035 63 25 Army
1977 2035 38 19 has
2025 2034 51 19 been
2085 2032 89 21 arrested
2184 2038 27 13 on
2221 2038 12 13 a
2242 2031 74 24 charge
2324 2031 22 18 of
2355 2030 68 19 break-

1905 2067 44 19 into
1959 2072 12 14 a
1979 2066 99 23 dwelling,
2086 2063 41 21 and
2133 2063 87 24 stealing
2229 2062 80 20 articles
2315 2061 109 20 therefrom

1905 2098 74 21 valued
1987 2098 22 19 at
2018 2097 49 20 £l&.
2255 2117 3 2 .
2308 2110 4 4 ■

1931 2134 66 25 Major
2012 2132 110 25 Campbell,
2138 2131 55 21 clerk
2202 2131 21 19 to
2239 2129 132 24 Parliament,
2383 2128 40 20 has

1905 2165 96 26 resigned
2009 2164 39 23 his.
2051 2164 63 19 office.

1931 2202 44 20 The
1991 2201 73 24 charge
2083 2201 20 18 of
2121 2200 81 25 perjury
2221 2197 82 26 against
2321 2196 103 20 Detective

1905 2233 117 25 Benjamin,
2031 2233 22 18 of
2065 2231 125 23 Wellington
2200 2230 39 19 has
2243 2229 68 24 fallen
2327 2227 96 25 through,

1905 2266 35 20 the.
1951 2263 71 21 Grand
2030 2263 52 24 Jury
2092 2261 78 25 anding
2200 2267 27 13 no

1933 2301 43 19 The
1985 2300 45 19 wife
2039 2299 21 20 of
2070 2305 12 13 a
2092 2298 54 20 clerk
2161 2297 22 20 m
2193 2297 35 19 the
2238 2295 137 21 Government
2392 2294 33 20 In-

1906 2338 86 14 surance
2008 2331 68 22 Office,
2093 2331 22 17 at
2131 2328 134 24 Wellington,
2279 2327 40 19 has
2335 2328 49 17 been
2394 2332 31 13 ar-

1905 2363 67 21 rested
1980 2363 32 19 for
2021 2361 34 20 the
2066 2360 81 20 murder
2157 2360 21 19 of
2187 2359 36 19 her
2233 2357 63 21 child.
2337 2357 41 20 She
2387 2358 38 24 put

1906 2395 35 20 the
1950 2394 52 24 baby
2012 2394 22 19 m
2044 2392 35 21 the
2088 2391 50 21 bath
2148 2391 44 20 face
2199 2388 129 25 downwards,
2339 2388 41 21 and
2389 2388 38 21 left

1907 2427 16 20 it
1933 2427 56 19 there
1999 2425 28 19 all
2036 2425 45 23 day.

1933 2462 43 19 The
1985 2462 87 19 steamer
2086 2458 167 25 Hangchow|has
2268 2458 43 24 just
2320 2457 37 20 left
2373 2457 54 20 Wel-

1906 2494 81 23 lington
2004 2493 33 19 for
2055 2491 74 21 China,
2147 2489 97 26 carrying
2262 2489 52 20 2100
2336 2490 47 18 tons
2406 2489 22 19 of

1906 2524 103 25 Westport
2018 2522 46 21 coal
2073 2522 42 20 and
2124 2522 25 19 28
2161 2521 87 19 Chinese
2258 2526 125 19 passengers.

1933 2562 19 20 A
1965 2561 82 24 barque,
2063 2559 113 20 coal-laden
2190 2558 54 19 from
2261 2557 112 20 Newcastle
2387 2556 40 20 has

1906 2594 51 19 been
1973 2590 89 22 wrecked
2076 2592 22 18 at
2113 2590 133 24 Wellington.
2286 2588 34 20 All
2333 2588 36 20 the
2377 2594 50 13 crew

1907 2630 50 15 were
1971 2623 67 20 saved.

1934 2660 44 19 One
1987 2659 21 19 of
2016 2659 36 20 the
2060 2658 83 24 pioneer
2157 2656 80 21 settlers
2247 2656 22 19 o£
2276 2654 104 21 Taranaki
2389 2654 39 20 has

1907 2691 46 21 died
1962 2691 21 20 at
1994 2690 34 20 the
2037 2696 37 19 age
2083 2689 22 20 of
2115 2689 37 20 102
2161 2694 65 20 years.

1933 2728 108 21 The.Hon.
2051 2728 21 19 J.
2081 2727 65 24 Bryce
2160 2726 39 19 has
2207 2725 51 20 been
2272 2723 63 21 asked
2345 2724 21 19 to
2381 2729 47 13 con-

1907 2761 40 19 test
1951 2760 40 22 .the
2002 2758 85 20 election
2097 2758 32 18 for
2138 2757 35 19 the
2182 2756 74 24 Waipa
2265 2757 49 21 seat,
2330 2754 98 20 rendered

1906 2792 74 19 vacant
1990 2789 26 25 by
2026 2789 34 19 the
2070 2788 61 20 death
2142 2788 21 19 of
2172 2787 90 25 Captain
2271 2786 95 20 Jaukson.

1932 2827 18 19 A
1959 2826 89 26 peculiar
2062 2825 94 19 accident
2165 2823 95 21 occurred
2277 2830 26 12 on
2319 2822 35 20 the
2370 2822 57 19 Bluff

1905 2859 52 19 Line
1967 2857 74 24 to-day.
2082 2855 60 20 Some
2152 2855 51 19 tools
2218 2855 41 19 had
2269 2855 51 19 been
2335 2853 93 26 repaired

1905 2891 31 18 for
1954 2889 35 20 the
2004 2888 109 22 workmen,
2129 2887 42 20 and
2180 2886 23 19 m
2219 2886 114 26 tempering
2349 2885 57 20 them
2416 2890 12 13 a

1906 2921 60 21 drum
1982 2920 21 20 of
2012 2921 63 18 water
2090 2925 42 14 was
2149 2918 55 20 used.
2223 2918 53 21 *one
2291 2924 50 13 man
2357 2915 71 27 placed

1905 2961 13 13 a
1928 2953 42 19 tool
1980 2952 21 19 m
2015 2958 12 13 a
2036 2951 80 19 similar
2126 2951 66 22 drum,
2209 2950 35 19 the
2253 2951 62 18 water
2324 2950 21 19 of
2361 2947 67 21 which

1905 2983 42 20 had
1956 2983 52 19 been
2018 2982 49 19 used
2076 2983 32 18 for
2117 2981 106 25 softening
2233 2980 112 24 dynamite.
2384 2978 44 19 The

1904 3014 64 22 result
1978 3020 41 14 was
2029 3013 47 21 that
2086 3020 12 14 a
2113 3013 76 20 violent
2199 3011 108 27 explosion
2324 3009 101 25 occurred,

1903 3047 73 24 killing
2000 3052 38 14 one
2065 3052 50 14 man
2143 3046 41 19 and
2211 3044 99 25 seriously
2337 3043 91 26 injuring

1905 3079 94 20 another.

1906 3146 152 23 STRANGE
2076 3144 121 25 DEATH
2215 3143 41 24 OF
2273 3142 21 24 A
2312 3141 112 26 CHILD.

1903 3207 49 24 We
1964 3205 127 30 published
2108 3205 26 23 m
2145 3210 44 17 our
2205 3202 144 30 telegraphic
2361 3210 64 16 sum-

1903 3248 71 24 mary
1989 3239 48 23 last
2050 3237 65 24 week
2135 3244 14 15 a
2166 3234 133 32 paragraph
2314 3234 114 31 referring

1903 3274 25 23 to
1946 3281 14 15 a
1971 3271 61 25 fatal
2043 3270 109 24 accident
2163 3270 25 22 to
2200 3276 15 15 a
2226 3267 65 24 child
2303 3269 25 22 at
2347 3267 79 23 Auck-

1902 3305 66 23 land.
2011 3304 51 22 Tne
2081 3301 124 29 following
2227 3299 130 24 additional
2374 3308 51 21 par-

1902 3337 98 24 ticulars
2025 3342 37 17 are
2085 3334 91 30 clipped
2197 3332 65 24 from
2288 3332 42 24 the
2353 3336 5 9 '
2369 3331 59 24 New

1904 3369 108 24 Zealand
2020 3367 105 24 Herald'
2134 3375 5 14 :
2140 3380 33 2 —
2198 3365 52 24 The
2261 3365 47 30 hoy
2319 3372 45 16 was
2376 3365 25 22 m
2413 3372 14 16 a

1902 3402 112 24 bedroom
2046 3398 104 31 upstairs
2187 3397 99 32 playing
2317 3397 60 24 with
2410 3405 14 15 a

1902 3442 105 24 younger
2023 3432 65 24 child
2107 3439 32 17 on
2151 3431 41 24 the
2211 3431 54 26 bed,
2278 3431 75 26 when,
2366 3430 19 22 it
2404 3429 22 23 is

1903 3466 125 33 supposed,
2040 3466 20 23 it
2071 3465 40 24 fell
2123 3472 31 16 on
2166 3473 14 16 a
2189 3463 175 30 folding-chair,
2378 3462 48 23 and

1904 3509 25 14 so
1942 3502 40 28 got
1993 3499 32 23 its
2040 3497 63 24 head
2114 3496 129 30 entangled
2262 3496 26 22 m
2300 3495 41 23 the
2360 3494 63 23 bars!

1903 3532 52 24 The
1966 3530 78 25 father
2061 3529 75 24 heard
2147 3537 31 16 an
2197 3527 106 24 unusual
2313 3527 67 23 noise
2399 3526 26 22 m

1903 3565 40 23 the
1962 3563 127 25 children's
2108 3569 75 20 room,
2197 3560 55 28 and,
2265 3567 31 16 on
2308 3558 71 30 going
2398 3560 25 21 to

1903 3596 55 24 look
1975 3595 64 24 what
2051 3595 19 23 it
2087 3602 57 19 was,
2157 3593 73 24 found
2248 3591 42 24 the
2300 3590 63 24 little
2382 3589 43 30 boy

1903 3629 59 23 with
1973 3628 38 23 his
2023 3628 63 24 head
2096 3627 107 23 between
2222 3625 41 23 the
2275 3623 63 29 bars,
2340 3623 26 22 of
2382 3622 41 22 the

1903 3661 74 28 chair,
1990 3661 79 24 which
2080 3666 62 17 were
2159 3657 89 31 tightly
2267 3653 155 31 compressed.

1903 3694 40 23 He
1960 3701 48 17 was
2028 3693 58 24 then
2105 3690 69 28 dead,
2190 3689 47 24 and
2255 3687 48 24 had
2322 3685 103 31 dragged

1903 3727 42 23 the
1968 3726 66 24 chair
2062 3730 80 18 across
2169 3723 42 23 the
2238 3727 67 17 room
2331 3718 26 23 m
2385 3718 38 23 his

1903 3758 117 32 struggles
2039 3759 24 22 to
2083 3763 90 23 escape,
2192 3755 40 22 but
2236 3769 11 10 ,,
2249 3767 3 16 :
2251 3752 51 26 the,;
2308 3758 66 16 more
2393 3750 30 23 he

1903 3791 122 29 struggled
2047 3790 42 24 the
2111 3796 67 16 more
2197 3786 42 26 be^
2248 3784 52 24 liad
2328 3783 95 24 become
2438 3795 16 6 -

555 54 69 24 THE
659 51 137 25 OXFORD
830 50 66 25 AND
930 47 83 26 OUST
1047 47 182 30 OBSERVER,
1265 45 184 29 SATURDAY,
1485 43 160 28 OCTOBER,
1681 42 38 26 12,
1754 42 60 23 1889
