2500 3870
86 217 126 32 strangled.
264 214 102 24 Medical
375 212 128 24 assistance
514 218 49 15 was
581 211 24 21 at

84 260 59 16 once
155 249 119 32 procured,
287 247 47 23 and
352 247 35 22 Dr
399 245 92 28 Kenny,
505 242 101 24 assisted

85 284 32 30 by
129 285 39 21 Mr
180 283 28 22 A.
224 282 13 22 l
235 282 9 15 r
247 299 5 4 .
267 279 97 25 Sandcs,
384 276 133 29 attempted
529 277 23 21 to
569 275 37 21 in-

85 316 60 23 duce
157 312 109 27 artificial
277 309 149 32 respiration,
439 308 75 23 wuich
526 303 79 27 would

84 348 113 31 probably
209 347 59 22 have
279 344 61 23 been
350 340 134 27 successful,
497 339 43 24 but
551 339 53 23 that

86 384 25 21 at
123 381 41 24 the
177 381 57 22 time
245 377 42 25 the
304 376 104 24 accident
420 372 126 31 happened
564 370 41 25 the

86 414 63 24 child
164 420 49 16 was
233 410 81 30 eating
331 418 13 13 a
356 408 64 30 piece
440 407 25 22 of
476 405 64 26 cake,
558 403 47 24 and

86 448 57 21 after
154 443 114 30 inducing
279 445 45 20 two
337 449 26 15 or
374 440 65 23 three
462 436 142 31 respiration

85 478 117 29 vomiting
214 478 36 21 set
272 475 32 26 m,
328 473 48 23 and
398 479 14 15 a
433 471 65 30 piece
518 469 23 22 of
563 468 43 23 the

85 511 54 23 food
152 508 91 25 choked
255 507 39 23 the
306 505 107 24 trachea.
457 503 36 22 Dr
505 501 97 29 Kenny,

85 551 15 16 a
101 552 6 8 c
108 552 4 15 ;
124 551 14 16 a
148 543 47 22 last
205 546 111 21 source,
329 536 133 33 performed
471 535 42 23 the
524 540 79 23 opera-

85 577 52 23 tion
153 575 25 23 of
187 572 172 29 tracheotomy,
378 570 40 22 bat
431 567 102 25 without
552 573 53 17 suc-

84 616 58 16 cess.

150 678 68 23 THE
236 675 135 24 LONDON
391 671 139 26 STRIKES.

87 741 52 26 T;h:
167 747 7 9 f
179 739 183 26 Ai^fvalruiau,'
380 737 26 24 of
425 736 65 30 Sept.
511 737 38 26 28,
570 742 36 16 re-

85 777 89 28 ferring
193 781 25 17 tv
236 775 41 21 iue
298 778 84 23 money
402 770 53 23 sent
472 768 62 23 from
546 767 59 24 Mel-

85 808 91 25 bourne
187 809 24 22 to
223 805 42 25 the
279 804 97 24 London
385 802 104 27 strikers,
503 808 52 23 says
567 809 4 14 :
573 814 33 3 —

110 840 103 31 Though
233 837 102 30 scarcely
348 835 115 29 crediting
479 834 41 23 the
541 832 65 25 cable

86 882 122 22 messages
248 870 105 30 recently
397 866 105 25 received
544 866 62 23 from

87 906 103 24 London
202 907 24 22 to
238 904 41 23 the
292 902 68 24 effect
371 901 55 24 that
445 900 19 23 it
486 906 46 16 was
553 906 53 22 pro-

86 939 72 30 posed
171 941 24 21 to
207 944 71 22 repay
289 936 42 22 the
343 941 84 22 money
439 930 120 25 advanced
574 930 32 30 by

86 971 41 24 the
139 970 80 24 trades
232 969 85 22 unions
329 969 24 21 at
366 966 69 24 home
446 967 24 21 to
482 964 41 23 the
535 962 69 24 strik-

86 1012 38 15 ers
136 1005 42 22 out
189 1003 24 23 of
225 1002 39 22 the
277 1008 64 15 sums
354 1000 53 22 sent
423 997 61 23 from
507 996 98 23 Austra-

88 1037 38 26 lia,
139 1036 38 23 Mr
189 1035 22 23 J.
225 1031 121 28 Hancock,
359 1031 42 23 the
421 1028 126 31 president,
560 1027 46 23 and

85 1068 39 24 Mr
135 1068 31 23 P.
186 1068 113 24 Bennett,
320 1064 41 23 the
384 1064 115 27 secretary
520 1061 27 23 of
566 1060 41 22 the

85 1101 99 23 Trades-
188 1098 58 24 Hall
258 1096 107 26 Council,
388 1094 47 24 and
457 1092 50 25 also
529 1094 74 21 treas-

85 1141 67 16 urers
164 1132 25 23 of
199 1131 41 24 the
251 1129 69 24 relief
329 1127 68 28 fund,
409 1126 44 24 felt
474 1125 54 23 that
548 1124 57 30 they

84 1165 78 24 would
174 1165 42 23 not
227 1163 30 23 be
268 1160 106 32 justified
395 1159 26 23 hi
443 1156 162 31 disregarding

84 1197 76 24 them.
200 1193 155 30 Accordinaly
378 1191 57 31 they
457 1189 95 24 decided
574 1197 32 15 on

83 1230 107 30 Monday
221 1232 25 19 to
277 1226 57 25 send
357 1227 24 22 to
403 1224 39 24 Mr
464 1222 80 24 Burns
566 1221 42 24 the

86 1263 120 29 following
245 1259 67 25 cable
355 1263 106 23 message
471 1263 39 15 :—
512 1255 95 29 'Money

85 1296 67 21 must
164 1294 28 23 be
204 1294 70 28 spent
286 1291 36 22 for
333 1289 69 24 relief
406 1288 81 29 solely.
521 1287 85 29 Eeply,

84 1325 125 24 President
225 1321 155 28 Trades-hall,
393 1319 147 27 Melbourne,
554 1318 47 24 and

84 1360 25 23 to
120 1358 70 24 remit
201 1357 71 23 home
282 1362 33 16 no
326 1361 67 16 more
414 1359 86 22 money
524 1351 80 23 unless

85 1392 60 23 such
154 1398 14 16 a
179 1390 65 30 reply
255 1395 50 17 was
315 1386 105 24 received
431 1384 76 24 either
523 1384 81 27 direct,

86 1432 26 16 or
134 1423 102 29 through
258 1420 42 24 the
320 1426 73 23 press.
428 1417 39 23 Mr
489 1415 116 24 Hancock

86 1456 48 24 and
145 1456 40 23 Mr
200 1455 93 23 Sennet
312 1449 109 26 foPowed
442 1448 48 24 this
513 1455 83 17 course

84 1496 25 16 as
143 1487 57 30 they
231 1485 43 25 felt
306 1485 54 23 that
390 1484 66 29 great
479 1480 123 31 exception

85 1520 79 25 would
192 1519 30 24 be
244 1517 78 28 taken,
347 1518 41 21 not
421 1514 68 24 alone
510 1513 32 31 by
564 1513 40 23 the

86 1552 150 25 Trades-hall
246 1549 108 27 Council,
367 1548 44 24 but
422 1547 30 31 by
468 1546 41 24 the
520 1545 81 31 public

86 1585 127 32 generally'
247 1586 25 21 to
305 1590 46 22 any
381 1581 26 24 of
439 1579 41 25 the
519 1586 83 23 money

86 1623 53 19 sent
171 1618 71 23 home
265 1616 68 29 being
354 1613 59 24 used
434 1613 26 22 m
489 1611 114 31 repaying

82 1658 88 22 money
181 1652 23 21 to
227 1648 78 25 trades
316 1647 95 26 unions,
444 1645 26 23 m
501 1644 106 29 forming

84 1683 65 24 fresh
160 1690 59 16 ones
229 1690 6 20 ;
247 1681 26 23 m
284 1680 56 27 fact,
353 1680 26 22 m
390 1679 40 23 the
451 1677 153 24 iurtherance

85 1717 23 22 of
120 1724 46 21 any
179 1716 67 22 other
258 1713 78 29 object
347 1712 61 23 than
430 1711 42 23 the
494 1709 111 25 immedi-

85 1750 38 22 ate
134 1746 69 25 relief
213 1746 24 23 of
246 1745 42 24 the
303 1743 102 25 London
428 1743 59 23 dock
509 1741 92 24 labour-

85 1943 86 23 unions
185 1943 52 21 sent
251 1938 158 29 uieir^niftney
413 1937 29 23 to
452 1938 41 22 the
502 1937 99 23 London

84 1973 61 24 dock
156 1973 112 26 laborers,
282 1971 47 23 and
340 1970 76 23 desire
427 1973 24 19 to
464 1977 39 15 see
514 1969 19 23 it
544 1967 60 24 used

82 2006 37 24 for
132 2006 60 23 such
203 2013 15 15 a
228 2011 110 24 purpose,
352 2002 48 23 and
419 2003 43 22 not
484 2000 120 30 expended

85 2046 32 16 on
128 2038 79 23 trades
219 2036 87 24 unions
317 2036 24 22 at
352 2035 80 26 home,
444 2042 24 15 or
490 2032 114 24 returned

82 2073 26 21 to
119 2070 74 24 them.
227 2068 20 24 A
260 2068 64 30 reply
336 2067 19 23 is
367 2065 124 31 anxiously
503 2064 99 25 awaited

86 2103 62 24 from
181 2102 37 24 Mr
246 2100 88 24 Bums.
380 2098 39 31 Up
431 2100 25 22 to
478 2096 126 31 Thursday

84 2143 64 18 none
159 2134 47 25 had
218 2141 73 17 come.

174 2210 146 26 CHINESE
347 2207 172 25 FLOATING

266 2241 157 25 GARDENS

116 2311 31 22 In
159 2318 13 16 a
184 2311 80 22 recent
275 2307 102 24 number
388 2307 26 24 of
419 2307 39 23 the
467 2305 77 25 China
554 2305 46 23 Ee-

85 2344 59 23 viow
176 2342 35 24 Dr
243 2340 140 31 Macgowan
410 2339 117 24 describes
561 2337 42 24 the

85 2383 99 16 manner
199 2375 26 23 m
247 2373 75 23 which
344 2372 101 29 floating
467 2371 67 24 fields
557 2370 46 24 and

86 2408 100 30 gardens
202 2414 40 16 are
252 2405 92 24 formed
355 2405 26 22 m
393 2404 88 23 China.
515 2403 31 22 In
562 2402 41 24 the

85 2440 85 22 month
182 2439 25 24 of
223 2438 67 31 April
301 2446 14 14 a
334 2436 102 24 bamboo
447 2438 47 21 rait
507 2435 50 23 10ft
579 2436 24 22 to

88 2472 51 24 12f'o
150 2472 55 29 lo3ig
217 2470 48 25 and
276 2469 73 24 about
366 2469 51 23 half
439 2476 27 16 as
487 2467 75 24 broad
583 2467 21 23 is

85 2504 124 31 prepared.
243 2502 51 24 The
313 2501 66 31 poles
399 2509 39 15 are
459 2500 83 23 lashed
561 2502 42 21 to-

86 2541 84 26 gCiiia-
181 2535 57 24 Ysi'.'i
250 2533 132 25 iu'vr-stices
393 2533 26 24 of
434 2540 32 16 an
487 2532 57 24 inch
565 2532 38 23 be-

86 2571 26 22 tv.
118 2577 42 15 can
172 2568 64 24 oach.
272 2576 29 15 u>
308 2575 24 15 er
343 2566 50 24 this
405 2574 14 15 a
426 2565 65 31 layer
502 2565 24 24 of
534 2566 71 23 straw

85 2609 32 15 an
128 2601 56 23 inch
203 2600 66 24 thick
289 2599 19 23 is
330 2598 88 31 spread,
442 2598 47 22 and
510 2598 60 22 then
592 2605 14 15 a

87 2634 96 28 coating
194 2634 46 21 two
256 2631 81 23 inches
360 2630 66 23 thick
449 2630 26 23 of
494 2629 110 23 adhesive

85 2665 60 25 mud
156 2665 70 23 taken
237 2664 62 24 from
307 2662 41 25 the
360 2662 92 24 bottom
464 2661 26 24 of
499 2669 14 16 a
536 2660 69 25 canal

85 2706 28 15 or
123 2699 72 29 pond,
203 2697 78 23 which
291 2695 103 24 receives
405 2695 42 23 the
457 2694 61 24 seed.
553 2693 52 23 The

85 2730 48 24 raft
144 2730 21 24 is
195 2728 97 26 moored
313 2730 25 22 to
360 2727 42 24 the
423 2726 64 25 bank
508 2726 26 23 m
557 2726 48 23 still

85 2765 81 27 water,
179 2763 48 23 and
237 2761 106 31 requires
360 2768 32 16 no
413 2759 92 25 further
527 2760 78 22 atten-

84 2796 61 23 tion.
179 2795 51 24 The
242 2796 71 23 straw
325 2801 59 16 soon
399 2793 65 29 gives
485 2799 51 22 way
558 2791 47 23 and

85 2828 43 24 the
140 2827 44 25 soil
196 2827 58 28 also,
268 2827 40 23 the
318 2827 65 22 roots
393 2824 107 30 drawing
508 2826 98 27 support

83 2860 63 25 from
158 2860 42 24 the
211 2862 72 22 water
294 2859 75 22 alone.
386 2857 31 23 In
425 2856 72 24 about
506 2857 30 22 20
548 2855 58 30 days

86 2893 43 23 the
159 2892 47 23 raft
227 2892 111 22 becomes
362 2888 97 24 covered
481 2887 58 24 with
562 2887 41 24 the

85 2932 96 24 creeper
194 2925 105 31 (ipomcea
310 2921 99 32 retails),
422 2920 46 24 and
480 2920 31 24 its
532 2921 73 22 stems

85 2958 48 24 and
151 2962 65 19 roots
238 2963 40 16 are
300 2953 116 32 gathered
437 2953 36 24 for
496 2953 107 29 cooking.

85 2991 31 24 In
127 2993 104 22 autumn
242 2989 32 24 its
286 2986 71 25 small
369 2986 72 24 white
460 2985 76 32 petals
558 2985 49 23 and

83 3023 87 32 yellow
193 3024 113 24 stamens,
328 3019 97 30 nesting
447 3026 88 22 among
563 3018 42 23 the

83 3056 80 25 round
184 3057 87 25 leaves,
292 3053 96 31 present
410 3060 14 15 a
445 3059 56 23 very
527 3052 79 29 pretty

84 3097 156 24 appearance.
275 3087 31 22 In
323 3093 67 16 some
410 3085 80 30 places
508 3083 99 31 marshy

83 3123 59 24 laud
163 3122 21 24 is
212 3116 136 36 profitably'
362 3117 128 24 cultivated
509 3116 27 23 m
558 3115 49 24 this

83 3163 111 17 manner.
228 3153 100 24 Besides
339 3151 68 23 these
418 3149 100 30 floating
539 3156 67 22 vege-

83 3188 64 24 table
167 3187 102 30 gardens
289 3184 68 24 there
376 3191 40 15 are
435 3182 50 23 also
507 3181 101 30 floating

82 3220 137 25 rice-fields.
255 3219 72 29 Upon
338 3216 58 24 rafts
409 3213 149 25 constructed
581 3221 26 17 as

82 3255 80 26 above,
174 3252 78 24 weeds
264 3251 47 24 and
329 3248 115 25 adnerent
466 3247 58 23 mud
546 3254 61 15 were

82 3286 81 32 placed
176 3292 27 16 as
214 3292 15 16 a
248 3283 110 29 flooring,
370 3280 48 24 and
433 3280 66 23 when
508 3279 42 24 the
558 3278 49 24 rice

83 3318 84 24 shoots
189 3325 60 15 were
278 3314 72 30 ready
372 3313 37 24 for
430 3311 177 30 transplanting

82 3351 59 30 they
153 3357 60 17 were
221 3348 82 31 placed
320 3347 26 24 m
368 3346 41 24 the
430 3344 102 30 floating
554 3343 51 28 soil,

83 3382 79 25 which
195 3381 72 31 being
299 3379 112 24 adhesive
433 3377 49 25 and
503 3376 57 24 held
582 3377 25 23 m

82 3416 67 31 place
160 3415 32 30 by
203 3414 66 24 weed
287 3415 73 25 roots,
384 3412 42 24 the
447 3410 81 32 plants
550 3417 57 17 were

84 3447 152 25 maintained
242 3447 27 23 m
280 3445 104 31 position
395 3443 148 31 throughout
565 3442 42 24 the

85 3488 94 17 season.
214 3479 52 23 The
278 3478 44 23 rice
330 3477 59 24 thus
398 3476 101 30 planted
509 3474 98 31 ripened

83 3513 28 24 m
123 3513 61 22 from
198 3513 29 21 (50
240 3515 24 19 to
277 3510 29 24 7<>
319 3509 65 29 days,
396 3509 27 22 m
434 3508 67 31 place
513 3508 24 23 of
553 3508 53 21 140.

85 3545 53 24 The
149 3544 60 24 rafts
221 3551 40 16 are
273 3541 81 25 cabled
367 3542 24 21 to
403 3541 40 23 the
452 3541 78 27 shore,
540 3539 68 24 float-

83 3578 44 30 ing
139 3585 31 15 on
177 3576 73 24 lakes,
263 3575 75 30 pools,
351 3581 26 15 or
390 3572 107 31 sluggish
509 3575 98 24 stream,

85 3610 80 25 These
193 3607 101 30 floating
315 3605 69 24 fields
408 3612 65 17 serve
495 3607 25 21 to
542 3605 67 23 avert

85 3642 111 26 famines,
209 3639 107 24 whether
329 3638 29 30 by
370 3636 103 31 drought
489 3645 25 15 or
536 3636 71 25 flood.

87 3675 81 24 When
179 3673 43 22 the
234 3672 69 24 other
313 3670 70 24 fields
394 3676 60 16 were
461 3668 147 31 submerged,

85 3707 51 24 and
144 3705 64 23 their
221 3711 68 23 crops
301 3702 89 23 soddon
403 3709 26 16 or
440 3702 87 25 rotten,
540 3702 67 22 these

84 3738 91 26 floated
203 3736 49 25 and
275 3734 136 28 flourished,
435 3732 47 24 and
504 3732 70 24 when
597 3741 13 17 a

85 3771 106 30 drought
202 3767 121 34 prevailed
341 3767 55 29 they
419 3765 113 24 subsided
554 3765 57 23 with

87 3805 43 24 the
142 3803 86 29 falling
238 3803 78 25 water,
341 3799 47 23 and
410 3798 71 24 while
503 3798 41 24 the
567 3798 44 31 soij

689 209 92 22 around
792 217 49 16 was
853 209 51 23 arid
915 209 121 24 advanced
1051 212 24 21 to
1086 208 122 29 maturity.

689 240 163 30 Agricultural
883 242 108 22 treatises
1011 241 97 25 contain
1130 240 79 29 plates

689 274 165 28 representing
887 281 58 15 rows
964 273 26 23 of
1010 273 119 23 extensive
1151 271 58 23 rice-

689 304 67 24 fields
769 306 94 23 moored
886 308 25 21 to
934 306 82 30 sturdy
1038 308 61 21 trees
1121 311 32 16 on
1169 303 40 23 the

689 337 78 23 banks
778 338 26 22 of
813 339 73 22 rivers
897 337 48 23 and
956 337 65 24 lakes
1031 337 79 24 which
1120 335 89 25 existed

690 369 111 31 formerly
829 370 26 23 m
881 371 42 22 the
952 370 130 23 lucustrine
1114 369 95 29 regions

691 402 25 23 of
747 402 41 24 the
810 402 72 24 lower
905 403 120 29 Yangfcsze
1047 402 48 24 and
1117 401 92 23 Yellow

691 435 79 22 River.

724 507 20 23 A
757 506 230 26 SENSATIONAL
1006 506 106 26 STORY
1136 505 42 24 OF

875 540 67 23 THE
957 540 69 24 SEA.

692 599 20 24 A
735 607 73 16 stouy
830 599 80 24 which
935 598 71 24 rivals
1026 606 46 22 any
1099 603 112 17 romance

691 633 21 23 is
740 632 49 24 told
816 631 30 31 by
877 631 103 30 Captain
1005 630 69 33 JJoss,
1106 629 25 23 of
1171 628 41 23 the

693 665 113 23 schooner
818 664 78 30 Saucy
908 663 68 27 Jack,
988 663 75 23 which
1075 660 94 24 arrived
1185 661 26 21 m

694 697 94 30 Sydney
801 697 100 29 recently
912 696 61 22 from
984 703 14 15 a
1021 694 76 24 cruise
1119 692 26 23 m
1166 692 42 23 the

694 729 77 24 South
785 728 46 24 Sea
842 728 102 23 Islands.
977 727 25 23 It
1015 732 97 25 appears
1124 724 56 24 that
1199 731 13 15 a

693 761 113 30 powerful
823 768 79 22 young
924 759 84 27 fellow,
1032 758 71 24 about
1114 758 97 28 twenty-

693 793 61 29 four,
766 793 87 24 named
864 792 65 24 John
943 791 107 28 O'Brien,
1065 789 98 31 shipped
1185 796 26 16 as

693 835 14 15 a
719 826 71 24 sailor
801 826 71 24 when
882 825 42 24 the
946 824 74 25 vessel
1041 824 43 23 left
1107 821 104 32 Sydney.

694 859 37 24 He
738 859 89 31 proved
837 861 25 21 to
874 859 59 23 have
945 866 14 15 a
970 857 97 27 violent,
1079 862 92 25 ungove
1185 861 27 16 n-

695 892 53 25 able
775 894 99 28 tamper,
898 890 48 25 and
967 889 104 31 brutally
1091 885 121 28 assaulted

694 927 47 21 two
752 932 26 16 or
788 924 68 23 three
868 922 116 25 members
995 922 26 24 of
1030 922 40 23 the
1081 929 60 16 crew
1153 918 59 25 with

694 965 47 23 any
754 964 95 23 weapon
861 957 51 22 that
923 954 105 25 chanced
1040 957 23 21 to
1074 954 29 24 be
1122 951 81 31 handy
1206 969 6 20 ,_

694 990 47 22 and
759 990 26 22 m
807 988 106 24 addition
935 986 93 25 uttered
1050 987 32 23 all
1104 988 62 22 sorts
1189 983 23 25 of

693 1021 93 24 terrible
819 1021 89 23 threats
936 1020 94 31 against
1052 1019 42 23 the
1115 1017 95 31 captain

693 1054 48 23 and
752 1055 72 22 mate.
860 1053 36 23 On
907 1052 112 29 reaching
1029 1051 61 30 Apia
1108 1049 103 25 O'Brien

694 1085 92 25 desired
797 1087 24 22 to
834 1085 28 23 be
873 1092 44 23 pay
929 1084 39 27 off,
992 1083 42 24 but
1056 1084 42 22 the
1121 1080 91 26 Consul

693 1118 79 24 would
782 1119 43 22 not
842 1117 69 24 allow
933 1117 41 23 the
996 1116 96 30 captain
1114 1117 24 22 to
1159 1114 53 24 dis-

693 1150 87 31 charge
790 1150 58 28 him,
861 1149 84 30 telling
954 1148 52 24 him
1017 1148 54 24 that
1092 1148 31 23 he
1145 1147 66 23 must

692 1184 44 30 put
747 1183 39 23 the
797 1190 57 15 man
865 1182 26 23 m
902 1182 64 23 irons
985 1181 20 23 if
1025 1181 30 23 he
1077 1179 69 25 could
1167 1181 44 22 not

693 1216 123 24 otherwise
832 1214 91 25 control
940 1214 60 23 him.
1051 1213 104 24 O'Brien
1175 1220 36 16 re-

693 1248 83 25 turned
799 1247 94 28 aboard,
917 1247 47 23 and
976 1247 40 23 the
1039 1246 95 31 captain
1157 1252 54 17 con-

693 1280 81 24 tinued
787 1282 24 21 to
823 1282 61 21 treat
895 1279 52 23 him
958 1279 25 23 m
1006 1279 41 23 the
1069 1286 66 16 same
1157 1285 52 22 way

692 1320 25 16 as
729 1312 42 24 the
783 1313 65 23 other
858 1311 119 23 members
989 1311 26 23 of
1029 1310 39 24 the
1091 1318 59 16 crew
1171 1310 38 23 till

691 1346 28 22 he
731 1344 82 24 struck
824 1352 45 16 one
881 1344 24 23 of
919 1344 41 23 the
972 1351 56 16 crew
1040 1350 32 17 on
1083 1343 40 23 the
1145 1341 63 25 head

692 1378 57 23 with
761 1385 13 16 a
787 1377 41 23 bar
846 1377 27 23 of
889 1377 53 23 iron
964 1376 47 23 and
1034 1375 81 30 nearly
1138 1374 73 24 killed

689 1409 61 24 him.
795 1409 51 24 The
868 1408 93 30 captain
988 1409 58 23 then
1067 1407 96 24 decided
1185 1409 25 21 to

689 1442 65 30 place
766 1441 51 24 him
828 1442 25 22 m
874 1442 71 26 irons,
969 1441 46 22 and
1036 1440 126 23 succeeded
1183 1440 27 22 m

691 1475 107 30 securing
809 1474 50 23 him
870 1473 58 24 with
939 1473 41 23 the
992 1472 130 24 assistance
1134 1472 25 24 of
1168 1472 41 23 the

691 1514 143 24 supercargo.
870 1505 103 25 O'Brien
988 1505 70 31 again
1069 1505 67 23 made
1159 1505 49 23 dire

691 1539 90 24 threats
794 1539 91 30 against
896 1539 40 23 the
948 1538 96 30 captain
1056 1537 47 24 and
1123 1536 33 24 all
1178 1544 31 16 on

689 1572 74 24 board
790 1571 42 24 the
856 1571 61 31 ship,
941 1571 116 29 swearing
1077 1571 31 22 he
1131 1569 78 24 would

689 1607 43 21 not
759 1608 80 20 return
867 1604 68 24 alive.
980 1603 78 24 About
1090 1602 119 31 midnight

690 1646 32 15 on
733 1637 41 24 the
786 1637 65 24 third
862 1637 44 31 day
917 1636 60 24 after
997 1635 42 24 the
1060 1635 66 24 irons
1147 1642 62 16 Avere

690 1669 103 32 brought
802 1670 51 24 into
865 1677 42 16 use
919 1677 14 15 a
944 1669 65 30 large
1020 1668 62 30 body
1093 1668 24 23 of
1135 1666 73 25 flame

689 1710 50 16 was
761 1710 55 16 seen
837 1702 91 29 issuing
947 1701 61 24 from
1019 1701 42 23 the
1072 1699 130 28 forecastle,

687 1734 78 25 where
778 1734 101 24 O'Brien
889 1742 49 16 was
949 1733 118 27 confined,
1079 1732 49 25 and
1139 1734 66 29 great

690 1766 114 31 difficulty
813 1774 48 16 was
871 1766 153 31 experienced
1028 1766 25 22 m
1063 1765 146 31 extinguish-

689 1800 43 30 ing
754 1799 41 24 the
817 1799 50 27 fire,
890 1799 86 27 which,
1000 1798 71 30 being
1092 1797 39 25 fed
1151 1797 57 24 with

689 1832 112 24 kerosene
820 1832 55 30 spilt
894 1839 31 16 on
943 1831 40 23 the
1001 1830 66 28 floor,
1088 1830 48 24 had
1155 1829 53 24 half

689 1865 73 23 burnt
773 1865 104 30 through
888 1864 41 23 the
941 1863 59 24 deck
1012 1863 47 24 and
1070 1865 40 28 got
1122 1870 14 16 a
1148 1863 59 30 good

690 1898 64 23 hold.
805 1897 37 23 No
861 1897 53 29 sign
925 1904 49 16 was
994 1903 55 16 seen
1062 1896 24 22 of
1096 1895 110 27 O'Brien,

690 1929 48 24 and
752 1930 20 23 it
783 1929 21 24 is
823 1929 117 30 supposed
961 1929 59 26 that,
1039 1927 61 24 after
1119 1927 89 30 setting

689 1962 42 23 fire
743 1963 25 22 to
780 1961 41 24 the
839 1961 61 30 ship,
913 1960 30 25 he
961 1960 48 24 had
1025 1959 99 32 jumped
1140 1966 67 17 over-

690 1994 79 23 board.

716 2072 281 30 MOTHERS'
1031 2071 144 30 PAGE.

716 2140 110 19 EDITED
841 2139 41 20 BY
899 2138 164 20 "MOTHERS'

716 2194 49 19 The
772 2193 61 25 Lady
843 2192 77 21 Editor
928 2192 72 20 would
1014 2192 45 19 like
1065 2192 24 19 to
1101 2191 27 20 be
1138 2198 14 13 a
1157 2191 51 26 help

690 2221 23 19 to
726 2220 38 19 the
777 2220 96 19 mothers
886 2219 44 20 and
943 2218 120 26 daughters
1079 2218 22 20 of
1116 2218 39 20 the
1165 2218 44 19 dis-

689 2246 59 24 trict,
760 2247 42 19 but
814 2252 59 13 more
885 2245 116 26 especially
1010 2246 23 18 to
1049 2245 38 19 the
1104 2244 103 23 mothers,

690 2273 44 20 and
743 2272 171 21 invitesthemto
921 2272 62 19 write
988 2272 23 19 to
1016 2271 40 20 her
1059 2271 35 20 for
1099 2271 108 25 anything

689 2300 54 25 they
752 2306 50 20 may
811 2300 54 19 wish
873 2300 23 19 to
904 2299 69 20 know.
1002 2298 42 20 She
1051 2298 44 20 will
1099 2297 109 20 endeavor

689 2327 24 20 to
728 2326 50 27 give
792 2326 62 21 them
871 2326 39 19 the
927 2326 50 19 best
995 2331 94 14 answers
1107 2325 24 19 to
1149 2324 60 20 their

690 2354 117 25 questions,
819 2353 49 24 and,
880 2353 24 19 m
913 2354 82 21 return,
1006 2351 72 21 would
1085 2352 28 19 be
1122 2351 54 25 glad
1184 2351 25 19 to

690 2381 84 20 receive
790 2387 43 18 any
848 2379 143 26 suggestions,
1009 2378 57 27 good
1078 2378 82 25 recipes
1173 2378 35 19 for

690 2408 97 24 cookery,
809 2406 141 24 needlework,
971 2412 24 13 or
1014 2405 119 22 otherwise,
1157 2405 52 19 that

690 2434 54 24 they
757 2434 65 19 think
830 2433 46 19 will
891 2432 26 20 be
931 2432 73 19 useful
1014 2432 23 19 to
1052 2431 59 19 their
1124 2430 84 20 friends

690 2460 45 20 and
752 2460 123 25 neighbors.
903 2458 37 20 All
954 2457 181 26 coriespondence
1143 2458 24 18 to
1180 2457 27 20 be

691 2486 118 20 addressed
815 2486 23 19 to
849 2487 5 8 '
859 2487 4 9 '
870 2485 105 20 Mother's
984 2484 64 26 Help,
1068 2485 4 9 '
1078 2483 119 20 Observer
1202 2484 6 8 '

692 2513 70 23 Office,
774 2513 56 19 East

797 2566 147 19 DOMESTIC
959 2564 141 21 ECONOMY.

692 2602 98 24 Candle
802 2609 92 16 gkease
907 2609 77 15 spots.
986 2615 32 2 —
1019 2599 49 24 The
1080 2599 69 24 usual
1156 2608 52 22 way

690 2636 25 23 to
727 2634 104 31 disperse
843 2633 81 24 marks
936 2633 68 24 made
1012 2640 32 16 on
1056 2639 46 24 any
1122 2634 85 21 mater-

690 2667 34 24 ial
734 2667 31 30 by
776 2667 71 30 drops
866 2666 25 23 of
911 2665 141 31 spermaceti
1073 2664 47 24 and
1141 2664 68 24 other

690 2699 104 27 candles,
812 2699 20 23 is
844 2700 25 22 to
880 2706 82 23 scrape
984 2697 34 24 off
1038 2704 27 17 as
1085 2697 75 24 much
1183 2704 25 17 as

691 2740 44 16 can
763 2732 29 23 be
814 2732 57 23 thus
892 2730 120 28 removed,
1035 2730 48 23 and
1102 2730 59 23 then
1183 2731 24 22 to

691 2765 69 31 apply
771 2772 14 16 a
795 2764 43 23 hot
849 2764 53 23 iron
913 2772 55 15 over
977 2763 41 24 the
1030 2763 73 30 place,
1120 2761 87 25 shield-

692 2798 28 23 ed
741 2797 32 30 by
794 2796 104 30 blotting
907 2810 11 3 -
929 2803 80 23 paper.
1054 2794 51 24 The
1134 2801 74 23 paper

692 2829 96 24 absorbs
799 2830 62 22 most
873 2828 26 23 of
907 2828 40 23 the
954 2834 89 23 grease,
1056 2826 43 24 but
1110 2828 53 29 part
1185 2826 25 24 of

691 2862 19 23 it
732 2861 20 24 is
775 2860 89 30 merely
886 2860 102 23 diffused
1009 2860 25 22 m
1056 2859 40 23 the
1118 2859 87 29 neigh-

692 2893 123 25 bourhood
826 2892 25 23 of
860 2892 42 24 the
915 2893 61 28 spot.
1011 2891 20 23 A
1052 2898 66 16 more
1141 2890 68 24 effec-

693 2926 50 24 tual
753 2933 51 23 way
814 2926 21 23 is
847 2926 23 23 to
882 2924 55 24 take
949 2932 15 15 a
972 2924 44 23 few
1026 2923 72 31 drops
1108 2922 26 25 of
1143 2923 67 30 spirit

692 2959 26 23 of
727 2958 117 28 lavender,
857 2965 25 15 or
894 2959 83 27 strong
988 2956 97 30 brandy,
1098 2963 24 16 or
1132 2955 77 24 better

693 2991 50 24 still
755 2991 66 31 spirit
833 2990 24 25 of
866 2990 69 27 wine,
948 2989 48 23 and
1006 2988 45 24 rub
1059 2988 20 24 it
1101 2996 30 16 on
1153 2987 57 25 with

693 3024 40 24 the
744 3024 73 28 hand,
830 3023 31 30 by
871 3022 80 25 which
962 3022 42 23 the
1015 3029 51 16 wax
1084 3028 26 17 or
1132 3028 77 23 sperm

692 3057 19 24 is
741 3055 87 25 reducd
857 3058 25 21 to
904 3054 101 31 powder,
1030 3053 47 24 and
1098 3053 111 24 removed

692 3090 98 24 without
801 3088 95 30 leaving
906 3096 14 15 a
932 3088 71 23 trace.

693 3123 73 23 Mice.
769 3136 32 3 —
802 3121 33 23 To
846 3123 38 28 get
896 3120 36 24 rid
941 3120 25 23 of
972 3120 59 22 mice
1040 3118 25 23 m
1072 3118 136 30 cupboards,

692 3155 94 27 closets,
800 3162 24 16 or
835 3161 85 19 rooms,
932 3151 106 24 whether
1059 3151 25 22 m
1101 3154 63 20 town
1186 3158 24 16 or

693 3189 109 28 country,
814 3194 30 15 no
845 3185 70 30 thing
925 3184 21 24 is
958 3192 26 15 so
1007 3182 108 25 effectual
1137 3190 26 16 as
1186 3184 24 22 to

692 3220 68 31 place
771 3219 100 24 bundles
883 3217 25 24 of
917 3217 56 24 wild
984 3216 67 26 mint,
1064 3222 27 16 as
1101 3214 64 24 fresh
1185 3222 25 16 as

693 3254 39 22 the
744 3259 84 17 season
838 3250 49 23 will
898 3250 78 26 allow,
983 3249 27 22 m
1016 3248 77 30 places
1101 3246 109 24 haunted

693 3285 31 30 by
736 3285 68 23 these
815 3281 156 26 troublesome
978 3280 95 24 visitors

798 3341 61 20 THE
878 3337 218 23 HOUSEKEEPER.

740 3366 187 27 Shortbread.—
927 3365 54 24 Eub
1003 3363 60 25 with
1084 3363 42 24 the
1147 3362 67 23 hand

694 3402 40 25 lib
745 3402 82 24 butter
837 3399 47 25 and
896 3400 59 22 12oz
967 3397 25 25 of
1001 3396 72 32 finely
1092 3395 121 32 powdered

693 3435 48 24 loaf
753 3441 72 23 sugar
835 3433 49 23 into
897 3431 53 24 21bs
960 3431 70 23 flour.
1064 3428 69 24 Make
1144 3428 20 24 it
1174 3428 37 22 in-

696 3470 26 21 to
733 3475 15 15 a
760 3466 50 24 stiff
820 3466 69 29 paste
898 3464 60 23 with
968 3463 54 23 four
1034 3469 63 22 eggs,
1108 3460 46 23 roll
1174 3461 41 21 out

695 3502 24 21 to
738 3497 87 25 double
847 3497 41 23 the
910 3495 123 24 thickness
1055 3493 26 23 of
1100 3501 13 14 a
1134 3499 81 23 penny

694 3533 70 30 piece,
777 3532 41 22 cut
826 3529 19 24 it
856 3529 51 24 into
914 3528 77 23 round
1002 3534 26 17 or
1041 3532 83 24 square
1135 3524 78 27 cakes,

694 3564 73 32 pinch
780 3563 41 24 the
833 3562 77 30 edges,
934 3560 60 24 stick
1016 3558 75 31 pieces
1114 3556 26 25 of
1159 3564 55 17 can-

696 3596 56 25 died
762 3595 54 31 peel
827 3595 48 23 and
898 3602 62 16 some
981 3598 118 22 carraway
1121 3589 95 24 comfits

696 3637 33 17 on
740 3629 40 23 the
800 3629 48 28 top,
872 3626 48 24 and
939 3624 60 25 bake
1020 3623 69 24 them
1110 3629 33 18 on
1164 3621 52 24 irou

696 3663 76 31 plates
783 3661 26 22 m
820 3668 15 15 a
846 3667 72 15 warm
930 3665 69 17 oven.

729 3694 143 22 Dandelion
881 3699 45 16 for
949 3690 86 24 Salad.
1037 3702 33 3 —
1070 3687 30 23 In
1122 3685 95 25 French

697 3726 78 25 salads
787 3725 19 23 it
817 3724 44 24 has
873 3723 87 31 always
971 3723 59 23 been
1041 3718 69 26 usual
1121 3720 25 23 to
1156 3718 61 23 have

699 3758 134 28 dandelion,
846 3758 43 23 not
900 3755 80 25 mixed
1002 3753 58 25 with
1083 3751 69 25 other
1183 3751 34 23 in-

700 3792 128 31 gredients,
842 3791 43 23 but
905 3797 31 15 on
948 3797 14 15 a
979 3788 106 30 separate
1104 3784 69 32 plate,
1196 3788 21 19 to

1299 203 29 24 be
1350 204 80 24 mixed
1452 203 31 31 by
1503 202 70 24 those
1594 201 55 23 who
1670 200 49 24 like
1740 200 26 28 it,
1790 207 27 17 or

1300 236 50 23 find
1361 236 19 23 it
1391 235 78 25 useful
1480 243 27 15 as
1518 243 13 14 a
1549 233 97 23 diuretic
1669 233 47 22 and
1736 232 79 23 blood-

1299 269 106 30 purifier.
1438 268 25 23 It
1474 268 21 22 is
1505 273 55 17 now
1582 264 73 24 much
1676 272 79 22 grown
1777 264 37 23 for

1300 301 40 24 the
1356 308 102 23 purpose
1474 300 26 23 m
1518 297 117 25 America.
1669 296 48 24 The
1737 304 81 24 young

1300 334 118 23 blanched
1450 332 80 24 leaves
1563 337 40 17 are
1634 330 114 23 excellent
1782 329 36 24 for

1300 367 96 30 making
1417 373 32 23 up
1476 364 85 24 winter
1583 362 86 28 salads,
1693 362 47 24 and
1762 362 55 29 they

1302 407 66 15 come
1395 400 25 22 at
1442 406 14 15 a
1477 397 59 23 time
1554 395 71 24 when
1644 395 40 24 the
1707 394 110 30 ordinary

1302 431 84 30 supply
1398 431 25 23 of
1432 429 99 23 outdoor
1543 427 107 23 material
1661 427 36 23 for
1719 426 98 30 making

1302 464 78 23 salads
1392 463 21 23 is
1425 464 24 21 at
1460 461 31 24 its
1500 461 82 22 lowest
1592 459 51 24 ebb.
1678 459 48 23 The
1737 466 80 23 young

1301 496 79 23 leaves
1408 494 101 24 without
1533 492 70 30 being
1632 490 122 28 blanched,
1778 498 39 16 are

1301 527 114 24 available
1435 528 25 21 at
1483 534 45 21 any
1550 532 89 19 season,
1663 523 47 24 and
1730 523 87 30 always

1300 560 151 22 wholesome.

1379 618 17 20 A
1406 617 170 21 HOUSEHOLD
1585 617 153 19 ALPHABET.

1303 655 33 23 As
1348 662 57 16 soon
1425 662 27 15 as
1470 656 81 28 you're
1572 661 32 22 up
1625 655 73 21 sbnke
1714 655 99 20 blanket

1365 686 47 24 and
1424 687 65 23 sheet
1498 693 5 20 ;

1302 718 82 24 Better
1395 718 29 24 be
1435 718 99 23 without
1546 716 70 24 sboes
1627 716 60 23 than
1707 715 31 23 sit
1759 713 57 24 with

1365 753 46 21 wet
1421 750 47 24 feet
1479 758 5 20 ;
1665 774 2 4 ,
1776 778 4 5 _

1303 783 117 27 Children,
1429 783 26 23 m
1462 782 86 27 health,
1559 789 40 16 are
1606 781 83 27 active,
1701 781 43 22 not
1752 778 48 24 still
1811 786 4 20 ;

1301 816 80 30 Damp
1393 816 77 23 sheets
1492 815 47 23 and
1561 814 72 30 damp
1656 812 90 25 clothes
1768 810 48 25 will

1366 848 57 24 both
1434 847 69 24 make
1515 855 45 22 you
1572 847 27 23 ill
1609 856 6 19 ;

1301 881 49 23 Eat
1361 880 88 31 slowly,
1462 880 46 23 and
1520 880 88 30 always
1619 878 64 25 chew
1694 885 58 23 your
1763 876 53 24 food

1364 913 65 28 well;

1301 945 104 24 Freshen
1416 945 40 24 the
1468 945 33 23 air
1512 944 26 24 m
1550 944 37 23 the
1595 943 75 24 house
1680 942 80 24 where
1771 949 45 23 you

1365 977 67 24 dwell
1440 986 5 19 ;

1302 1010 128 24 Garments
1442 1011 66 22 must
1515 1017 73 16 never
1598 1008 29 24 be
1649 1007 70 24 made
1741 1009 25 21 to
1787 1007 29 23 be

1364 1042 76 30 tight;

1300 1074 90 25 Homes
1401 1073 48 24 will
1456 1073 28 24 be
1491 1073 97 31 healthy
1597 1073 19 23 if
1623 1073 50 30 airy
1686 1071 46 25 and
1742 1071 62 30 light
1811 1078 5 20 ;

1299 1107 25 24 If
1332 1115 46 22 you
1389 1106 60 25 wish
1460 1108 24 21 to
1495 1106 29 24 be
1536 1106 60 27 well,
1609 1113 26 16 as
1647 1113 47 23 you
1705 1104 38 27 do,
1766 1104 50 23 I've

1362 1146 31 16 no
1405 1139 72 23 doubt
1486 1146 6 21 ;

1299 1172 57 24 Just
1367 1179 58 23 open
1438 1179 60 23 your
1508 1171 113 24 windows
1632 1169 76 24 before
1719 1177 47 24 you
1788 1176 28 24 go

1362 1207 42 22 out
1414 1213 5 20 ;

1299 1237 65 31 Keep
1375 1245 58 23 your
1444 1244 80 17 rooms
1536 1236 88 31 always
1632 1237 63 26 neat,
1708 1235 49 31 tidy
1770 1234 46 24 and

1364 1270 66 23 clean
1441 1279 4 19 ;
1759 1275 12 11 <*

1299 1301 45 25 Let
1362 1303 56 23 dust
1440 1310 30 15 on
1492 1301 42 24 the
1556 1301 118 24 furniture
1697 1307 77 16 never
1788 1299 28 23 be

1363 1342 56 16 seen
1430 1342 4 21 ;

1299 1367 72 23 Much
1382 1367 81 23 illness
1473 1367 22 23 is
1506 1366 86 24 caused
1602 1365 31 31 by
1644 1365 40 23 the
1707 1367 64 22 want
1791 1364 25 24 of

1361 1407 58 23 pure
1431 1399 35 23 air
1479 1409 5 19 ;

1298 1431 59 24 Now
1375 1433 24 22 to
1421 1439 58 22 open
1500 1438 59 24 your
1581 1430 110 24 windows
1709 1430 29 23 be
1761 1437 54 16 ever

1361 1471 58 23 your
1430 1472 54 15 care
1492 1471 6 20 ;

1299 1496 47 24 Old
1358 1504 54 23 rags
1424 1496 48 24 and
1482 1496 39 24 old
1532 1495 98 25 rubbish
1641 1494 86 25 should
1743 1502 72 16 never

1360 1529 28 23 be
1399 1529 57 30 kept
1468 1538 4 20 ;

1297 1561 86 31 People
1405 1561 85 31 always
1510 1560 84 25 should
1627 1568 38 17 see
1680 1561 53 23 that
1752 1560 63 25 their

1360 1594 72 24 floors
1444 1601 40 17 are
1495 1593 53 24 well
1560 1594 73 29 swept
1642 1600 5 20 ;

1297 1626 75 29 Quick
1400 1627 145 23 movements
1580 1626 25 23 m
1635 1625 106 24 children
1774 1632 40 17 are

1360 1658 97 31 healthy
1465 1659 47 23 and
1520 1658 65 31 right
1594 1666 5 20 ;

1297 1691 141 24 Remember
1461 1691 40 23 the
1529 1698 80 22 young
1630 1691 87 22 cannot
1739 1690 75 23 thrive

1360 1723 98 23 without
1470 1722 60 31 light
1541 1731 5 19 ;

1299 1755 44 24 See
1363 1756 54 23 that
1426 1756 40 23 the
1484 1755 87 24 cistern
1592 1754 22 24 is
1639 1754 66 24 clean
1725 1756 25 22 to
1772 1755 44 23 the-

1362 1788 73 28 brim;

1297 1821 63 24 Take
1384 1828 53 16 care
1448 1821 52 23 that
1519 1827 58 24 your
1595 1819 66 24 dross
1680 1819 21 24 is
1720 1819 33 24 all
1764 1819 51 31 tidy

1362 1853 47 24 and
1420 1853 56 24 trim
1489 1861 5 20 ;

1297 1886 48 24 Use
1357 1894 59 23 your
1425 1893 59 16 nose
1496 1887 24 22 to
1531 1885 52 23 find
1593 1886 42 22 out
1646 1884 19 23 if
1675 1884 66 24 there
1752 1884 29 24 be
1800 1893 14 14 a

1359 1919 46 23 bad
1416 1918 69 23 drain
1493 1926 6 20 ;

1297 1951 61 30 Very
1371 1952 41 22 sad
1424 1958 39 16 are
1475 1951 40 22 the
1526 1949 76 24 fevers
1621 1949 54 24 that
1698 1956 67 16 come
1786 1948 27 23 m

1359 1983 32 23 its
1400 1983 62 23 train
1472 1990 5 20 ;

1297 2014 70 25 Walk
1390 2023 26 16 as
1435 2015 72 23 much
1529 2021 27 16 as
1575 2021 48 23 you
1644 2020 46 17 can
1711 2013 102 24 without

1358 2047 87 30 feeling
1455 2047 91 30 fatigue
1555 2053 6 21 ;

1297 2079 91 25 Xerxes
1421 2079 69 24 could
1522 2078 63 25 walk
1614 2077 44 24 full
1691 2085 73 23 many
1798 2085 15 16 a

1360 2112 82 31 league
1452 2120 6 20 ;

1297 2145 68 23 Your
1386 2145 84 23 health
1498 2144 21 23 is
1540 2152 59 22 your
1619 2143 94 28 wealth,
1734 2141 79 25 which

1361 2184 59 23 your
1430 2176 100 24 wisdom
1541 2178 65 22 must
1618 2175 58 31 keep
1686 2183 6 20 ;

1298 2209 57 24 Zeal
1367 2209 45 23 will
1424 2209 54 30 help
1489 2218 13 14 a
1520 2209 59 30 good
1602 2215 77 20 cause,
1703 2207 47 25 and
1773 2207 40 25 the

1361 2241 61 29 good
1433 2249 46 21 you
1490 2240 49 25 will
1550 2247 63 23 reap.

1444 2300 207 19 NEEDLEWORK.

1338 2327 143 24 Breakfast
1522 2327 66 23 Tbay
1624 2326 101 24 Cloths.
1727 2340 33 5 —
1760 2326 51 24 The

1297 2362 62 21 most
1370 2360 101 24 suitable
1482 2359 123 25 materials
1626 2359 37 24 for
1684 2359 66 23 them
1772 2366 40 16 are

1296 2392 120 28 marcella,
1455 2392 70 31 pique
1569 2399 26 16 or
1637 2391 175 24 white-flowers

1297 2425 99 22 damask
1407 2432 5 20 ;
1424 2432 47 22 you
1482 2423 50 24 will
1542 2423 93 31 require
1645 2422 54 25 half
1708 2423 56 31 yard
1774 2424 37 23 for

1296 2464 14 16 a
1322 2456 69 24 small
1402 2458 61 29 tray,
1475 2456 15 32 f
1501 2456 36 24 for
1548 2464 14 15 a
1579 2456 66 30 large
1656 2463 52 16 one.
1743 2455 69 24 Place

1297 2489 39 24 the
1347 2489 110 24 material
1468 2489 42 23 flat
1522 2496 30 16 on
1570 2496 13 15 a
1601 2487 72 28 table,
1695 2487 58 25 then
1774 2488 38 30 lay

1297 2521 42 24 the
1350 2523 50 29 tray
1412 2529 31 16 on
1452 2521 42 24 the
1504 2528 83 23 wrong
1595 2520 57 28 side,
1665 2520 47 24 and
1733 2520 79 31 pencil

1297 2554 76 24 round
1384 2554 39 24 the
1437 2555 53 29 tray
1502 2561 5 20 ;
1530 2553 27 23 of
1575 2561 83 16 course
1680 2561 47 22 you
1748 2555 64 22 must

1297 2586 70 23 allow
1389 2586 117 23 sufficient
1538 2585 100 30 turning
1658 2585 92 29 beyond
1771 2585 41 24 the

1297 2618 199 30 pencil-marking
1527 2616 37 25 for
1586 2616 40 25 the
1648 2616 64 29 hem,
1732 2617 79 24 which

1297 2653 66 21 must
1375 2651 26 23 be
1412 2650 80 30 neatly
1503 2649 60 25 done
1585 2649 32 25 all
1639 2649 83 28 round,
1755 2650 57 24 Pro-

1298 2690 55 17 cure
1364 2682 71 25 about
1447 2682 54 24 four
1511 2682 70 32 yards
1604 2684 82 29 strong
1707 2682 105 31 washing

1297 2715 49 24 lace
1364 2715 49 23 2in.
1428 2715 68 28 wide,
1511 2715 100 24 torchon
1625 2722 27 16 or
1671 2715 141 30 everlasting

1299 2747 144 31 embroidery
1454 2748 22 23 is
1487 2748 64 23 most
1560 2747 101 24 suitable
1674 2755 6 21 ;
1693 2755 44 16 sew
1748 2748 20 24 it
1780 2755 32 16 on

1296 2780 43 24 full
1350 2780 78 24 round
1438 2780 40 24 the
1489 2780 73 27 cloth,
1575 2787 27 16 as
1623 2780 20 23 it
1656 2780 50 23 will
1728 2780 81 23 shrink

1297 2813 69 24 when
1376 2812 103 27 washed,
1490 2812 65 24 work
1566 2820 15 15 a
1591 2820 49 15 row
1650 2812 27 23 of
1684 2812 92 23 feather
1788 2820 24 16 or

1298 2845 64 23 coral
1373 2844 72 24 stitch
1455 2844 24 23 m
1491 2844 93 24 crochet
1595 2846 80 22 cotton
1694 2844 47 24 No.
1753 2847 15 22 6
1780 2844 32 24 all

1297 2877 78 23 round
1386 2879 23 21 to
1421 2876 56 24 hide
1487 2877 42 23 the
1539 2876 150 27 hem-stitch,
1699 2877 46 23 and
1757 2884 26 17 as
1799 2884 13 16 a

1297 2910 78 30 pretty
1386 2908 71 25 finish
1469 2912 25 21 to
1506 2908 40 25 the
1558 2908 71 25 cloth.
1664 2909 24 24 It
1710 2909 21 24 is
1753 2910 59 23 then

1297 2942 70 31 ready
1382 2942 35 24 for
1436 2949 49 16 use.
1520 2941 65 24 Your
1606 2949 140 23 monogram
1767 2950 45 16 can

1297 2974 29 24 be
1337 2973 93 25 worked
1440 2974 27 23 m
1484 2973 41 25 the
1547 2976 81 23 centre
1649 2974 21 23 if
1688 2982 46 24 you
1755 2975 56 24 like.

1298 3006 67 29 Pish,
1378 3006 90 29 cheese,
1491 3006 58 24 cake
1570 3007 47 23 and
1639 3009 48 22 tart
1708 3007 104 32 d'oyleys

1299 3047 44 16 can
1354 3039 28 24 be
1393 3039 68 24 made
1472 3039 27 24 m
1510 3039 41 24 the
1563 3047 67 16 same
1648 3047 60 23 way,
1731 3039 33 25 all
1785 3042 26 23 to

1299 3072 28 24 be
1338 3074 40 21 cut
1390 3079 24 17 ro
1429 3072 47 23 size
1487 3072 26 23 of
1532 3072 80 24 dishes
1634 3072 58 31 they
1713 3080 40 16 are
1775 3081 36 16 re-

1299 3104 83 31 quired
1396 3104 43 24 for.
1474 3104 59 24 Fine
1555 3104 66 24 linen
1644 3104 81 31 diaper
1735 3105 21 24 is
1768 3105 41 24 the

1296 3138 53 23 best
1360 3136 108 25 material
1480 3138 24 22 to
1515 3136 29 25 be
1555 3136 59 24 used
1624 3136 37 25 for
1677 3136 76 29 these,
1765 3138 47 24 and

1299 3178 15 15 a
1329 3176 116 16 narrower
1466 3168 57 28 lace,
1569 3168 113 25 Crotchet
1725 3169 87 32 edging

1299 3201 91 24 worked
1400 3201 73 30 finely
1483 3200 67 25 looks
1562 3209 55 23 very
1627 3201 62 28 nice,
1712 3202 48 24 and
1781 3202 30 27 is,

1299 3234 26 24 of
1334 3241 89 19 course,
1436 3237 89 24 strong.

1426 3320 238 24 ACCIDENT.

1325 3381 32 20 Mr
1367 3380 91 21 William
1467 3379 59 21 Netie
1544 3379 38 21 has
1601 3379 35 21 the
1652 3379 122 22 misfortune
1792 3382 22 19 to

1299 3418 75 22 receive
1400 3424 13 14 a
1431 3423 66 15 severe
1514 3418 35 19 cut
1568 3417 50 20 with
1636 3423 28 13 an
1683 3423 43 18 axe,
1744 3419 71 25 nearly

1299 3456 92 24 severing
1408 3454 57 20 thtse
1481 3454 75 23 Sngerß
1573 3454 55 19 from
1645 3453 35 20 his
1697 3454 118 24 leit.hand,

1300 3492 59 19 while
1369 3490 93 26 splitting
1471 3490 67 19 Btakes
1548 3489 22 20 m
1580 3491 34 18 the
1624 3490 53 19 bush
1687 3495 26 14 on
1725 3490 92 26 Monday

1300 3530 43 19 Oct.
1354 3527 43 22 7th.
1424 3527 32 20 He
1471 3527 39 20 has
1519 3527 60 19 made
1598 3527 125 26 application
1741 3528 22 19 to
1782 3527 34 20 the

1300 3565 98 26 Manager
1406 3564 22 20 of
1437 3564 34 20 the
1488 3563 79 20 Oxford
1584 3563 107 21 Dramatic
1709 3564 108 25 Company

1300 3601 32 19 for
1339 3607 55 14 some
1401 3600 109 26 pecuniary
1515 3600 112 19 assistance
1638 3600 22 19 at
1667 3600 42 19 this
1715 3600 100 25 juncture,

1300 3638 37 19 but
1347 3637 153 24 unfortunately
1509 3635 35 20 the
1562 3636 61 19 funds
1643 3636 50 20 have
1714 3638 50 19 been
1783 3643 34 13 ex-

1301 3673 87 20 hausted
1397 3673 22 19 m
1428 3672 107 26 providing
1544 3671 31 20 for
1582 3672 33 19 Mr
1623 3672 25 20 E.
1656 3673 98 20 Bossiter.
1780 3673 37 21 We

1303 3709 107 21 commend
1420 3709 34 20 the
1464 3715 45 14 case
1528 3710 21 19 to
1568 3708 59 22 those
1645 3709 46 20 who
1710 3709 53 20 have
1780 3710 38 20 not

1304 3745 84 23 enabled
1395 3746 34 20 the
1444 3746 107 21 Dramatic
1569 3745 107 27 Company
1695 3747 21 20 to
1734 3747 52 20 form
1807 3753 11 15 a

1304 3786 65 22 larger
1379 3783 90 20 accident
1479 3783 56 20 fund.

555 75 68 26 THE
659 75 137 24 OXFORD
832 76 67 24 AND
933 78 83 24 CUST
1053 73 184 28 OBSERVER,
1274 71 183 28 SATURDAY,
1493 69 162 26 OCTOBER,
1690 69 38 26 12,
1763 69 70 23 1889.

1942 320 245 99 ||J
2252 343 50 76 -g
2382 320 36 80 5

2138 698 48 54 ft?

1931 870 72 51 A.
2042 868 351 63 AHOALL,

2065 969 201 40 BUTCHER.

2002 1093 331 42 OZFOED;

1936 1266 77 43 W.
2032 1264 365 51 MITCHELL^

1905 1349 352 39 BOARDINGHOUSE
2295 1349 124 37 KEEPER

1905 1407 188 31 EULST
2123 1404 295 33 OXFORD

1901 1540 114 24 EVERY
2023 1538 182 24 ATTENTION
2218 1538 26 23 to
2254 1537 166 24 BOAHDEHS

2013 1802 296 64 HOTEL,

1902 1914 85 30 Since
1998 1915 52 28 the
2065 1913 171 39 Proprietor
2259 1913 53 29 has
2325 1912 95 30 taken

1901 1964 166 40 possession
2082 1964 30 28 of
2121 1963 59 29 this
2194 1963 101 35 Hotel,
2309 1962 38 30 he
2364 1963 54 29 has

1902 2015 60 30 had
1975 2015 26 29 it
2015 2013 184 39 thoroughly
2213 2012 127 30 Painted
2358 2013 61 29 and

1901 2065 175 31 Renovated
2089 2064 32 29 m
2140 2074 17 19 a
2174 2073 124 20 manner
2319 2062 99 31 which

1902 2117 102 30 makes
2018 2117 24 28 it
2057 2115 109 30 second
2180 2119 32 24 to
2230 2124 77 19 none
2320 2115 32 28 m
2366 2115 52 29 the

2098 2165 134 30 District.

1899 2255 191 22 HANDSOMELY
2102 2255 162 20 FURNISHED
2272 2253 98 21 SUITI'S
2384 2254 36 20 OF

2001 2292 95 20 ROOMS
2108 2291 56 21 FOR
2175 2291 141 22 FAMILIES.

1961 2369 80 24 BEDS
2056 2368 143 24 ALWAYS
2214 2367 120 24 READY-

2022 2603 280 34 SADDLE

2145 2669 62 20 AND

1952 2730 219 32 HAHNESS
2204 2729 174 32 MAKER.

2031 2794 262 57 CUST.

1952 2987 56 78 S.
2055 2987 306 80 EARLY,

2135 3193 61 20 AND

1905 3254 508 43 COtfTHACrOR

2046 3395 224 56 CUST.

1940 3539 238 47 WltTll
2222 3540 76 47 M
2299 3541 85 53 BE,

1937 3655 192 28 WOODSIDE
2150 3658 79 27 SAW
2253 3659 136 26 MILLER

1910 3751 208 35 WEST
2136 3754 288 36 OXFORD
