2500 3870
639 79 134 24 OXFORD
808 79 68 24 AND
911 77 84 26 CUST
1030 70 210 30 OBSERSVER,
1278 69 186 31 SATURDAY,
1500 67 153 27 OCTOBER
1688 67 39 27 12,
1763 67 60 23 1889

2472 90 2 10 8

1293 3704 102 27 Printed
1406 3704 49 24 and
1465 3702 132 26 Published
1606 3702 33 30 by
1649 3702 113 24 Richabd
1773 3700 108 24 Holman
1888 3700 101 28 Parish,
2001 3703 26 23 at
2038 3702 40 26 bia
2090 3703 140 31 Registered
2243 3703 112 32 Printing
2371 3702 73 26 Office
2471 3691 2 23 '

1359 3741 69 31 High
1441 3741 86 27 Street,
1539 3739 62 30 E.ast
1613 3738 98 29 Oxford,
1735 3737 156 34 Canterbury,
1916 3737 129 34 Saturday,
2090 3740 103 26 October
2210 3741 31 24 12
2258 3742 73 24 1889.

1345 205 238 54 CTias.-
1637 187 190 67 iVnz.
1891 196 498 55 TUUJSTJEB,.

1358 291 202 36 LAND
1590 289 155 33 AJSTD
1763 285 241 37 GEAIN
2018 284 297 34 BROKER

1512 334 38 30 12
1571 332 97 39 Inglis
1689 332 161 38 Buildings
1874 329 148 40 (opposite
2036 327 194 40 Tattersalls)
2425 330 27 41 £

1564 377 613 46 OaaiSTOHTTBOH.

1420 465 40 24 All
1471 464 89 25 classes
1571 463 28 24 of
1606 463 75 23 Farm
1693 469 27 18 or
1731 461 75 30 Dairy
1816 459 105 32 produce
1931 457 135 32 purchased
2076 464 27 18 or
2118 457 112 30 disposed
2251 456 28 24 of
2297 457 26 23 at

1695 502 107 32 Highest
1818 500 96 25 Market
1936 499 83 25 Rates.

1388 549 81 31 Agent
1486 548 36 24 for
1522 560 33 7 —
1555 546 67 25 John
1637 544 89 32 Bridge
1743 545 19 22 &
1774 544 51 27 Co.,

1707 586 78 26 Grain
1801 584 49 27 and
1867 584 108 25 Produce
1993 583 136 28 Salesmen,

2239 623 105 31 Sydney.

1389 666 80 32 Agent
1480 664 70 25 for—
1550 660 203 34 Younghusband
1764 660 18 24 &
1794 659 52 28 Go.,
1863 658 117 24 Limited.

1693 701 70 25 Wool
1780 701 48 24 and
1846 699 76 25 Grain
1939 698 105 24 Brokers

2195 727 150 27 Melbourne,

1509 757 2 1 '

1465 788 98 26 Liberal
1574 787 119 25 advances
1704 785 72 25 made
1787 783 97 31 against
1895 781 189 31 Consignments
2100 778 153 33 if/*equire4.

1600 821 13 11 *
1651 846 13 32 :
1764 842 5 5 ■
2098 830 2 15 :
2105 818 156 60 ;'.-/^
2324 844 5 3 ■
2374 827 24 37 ■.;
2430 816 34 34 4

1425 878 3 5 '
2160 883 5 8 ■'
2215 883 4 3 *
2225 890 4 4 ,
2247 883 34 11 .--V

1374 1385 323 47 Manchester
1726 1382 98 44 aud
1844 1378 281 47 Barbadoes
2147 1378 199 60 Streetg,

1470 1452 859 100 €ttRISTCipjRCHi-

1935 1543 12 5 •■
1957 1534 31 21 Wr
2058 1544 11 3 ■•
2121 1552 2 1 .
2178 1534 64 23 -!....'■£-,
2269 1536 36 23 ;Z-

1292 1595 341 35 Estimates
1647 1593 32 32 f
1675 1590 248 35 or*T«rar»d.
1937 1598 83 23 on
2034 1589 403 40 application.

1487 2067 284 57 WEST
1846 2063 421 61 OXFORDii

1413 2190 294 35 DEALER
1727 2188 82 34 IN
1828 2186 147 34 ALL
1994 2185 230 34 KINDS
2243 2185 89 33 OF

1291 2241 572 67 GKQCIIBIES,
1959 2239 450 55 DRAPERY

1618 2335 517 63 CIiOTHEWCL

1771 2527 89 32 ETC.
1906 2526 88 31 ETC.
2253 2534 2 2 •

1548 2580 91 34 Agent
1654 2578 44 28 for
1715 2578 46 27 the
1778 2576 100 28 Oxford
1894 2576 53 28 aud
1965 2576 65 27 Oust
2048 2576 136 27 Observer.

1346 2700 42 8 __^
1611 2689 2 1 -
2091 2690 11 11 -_
2462 2676 10 19 4

1574 2920 16 10 =a
1727 2929 3 11 1
1775 2930 2 1 ■
1948 2926 3 4 •
2009 2926 14 7 ■■
2023 2927 2 3 ■
2051 2927 3 15 ;
2075 2928 13 9 --■
2105 2929 4 9 •■-
2145 2923 28 19 a?

2135 3044 165 80 Jj3TO

1425 3169 26 11 -
1503 3152 247 61 EAST
1821 3142 440 96 C^l^^M^:
2317 3177 77 58 ..;
2463 3152 9 78 ]

1291 3234 148 31 Funerals
1460 3232 160 35 furnished
1639 3236 33 26 at
1691 3235 81 27 most
1791 3231 152 30 reasons^
1985 3234 87 33 p^tes.
2124 3223 145 46 Building
2289 3227 152 32 materials

1371 3283 113 40 always
1505 3293 40 19 on
1566 3281 91 31 hand.
1727 3282 223 37 Ironmongery
1972 3291 31 18 o*
2015 3270 17 43 \
2136 3279 186 40 description
2342 3283 33 24 at

1738 3328 150 40 Cheapest
1907 3333 88 26 rates.

1291 3382 39 32 N.
1352 3382 26 31 B
1379 3399 40 6 —
1419 3380 141 32 Vehicles
1573 3380 34 30 of
1617 3390 93 28 every
1723 3378 185 41 description
1924 3378 148 40 Repaired
2090 3379 62 30 and
2171 3378 129 31 Painted
2319 3380 33 28 at
2364 3380 79 28 most

1413 3431 175 30 reasonable
1602 3429 134 39 charges.
1800 3428 107 39 Agent
1919 3428 50 29 for
1981 3427 65 30 The
2060 3428 135 30 Howard
2209 3427 128 31 Binder-

1473 3480 81 31 Note
1573 3479 53 30 the
1646 3478 165 31 address—
1811 3477 87 30 three
1912 3477 88 30 doors
2021 3478 81 30 from
2122 3478 139 31 Parish's.

675 212 180 44 JOHN
918 207 286 46 INGRAM'

675 277 57 20 HAB
744 277 56 19 FOB
815 275 70 21 SALE
901 275 36 19 BY
953 273 120 21 PRIVATE
1086 270 118 24 TREATY,

776 312 33 21 On
820 312 93 21 Account
922 310 21 21 of
953 310 48 21 Mas
1009 310 97 21 Agasbiz,

678 348 46 20 Her
733 349 95 24 compact
838 347 54 21 little
911 347 100 24 Property
1029 346 22 20 of
1068 344 50 20 nine
1135 343 69 23 Acres,

678 374 51 20 with
746 373 143 21 four-roomed
908 373 77 22 House,
1004 371 40 21 and
1062 369 53 26 good
1132 368 72 21 Stable

677 401 93 20 thereon.
782 401 18 19 A
804 400 56 25 large
866 398 91 21 Orchard
962 398 56 21 fillad
1022 397 50 21 with
1075 395 129 26 well-grown

678 427 54 19 trees
741 426 22 20 m
772 426 40 20 full
821 426 90 23 bearing,
920 425 67 25 nicely
996 423 97 23 situated,
1103 422 42 20 and
1153 420 51 21 land

678 453 22 19 of
727 451 37 22 the
790 453 78 19 richest
894 451 89 25 quality.
1010 450 65 24 Price,
1092 453 48 20 very
1159 448 45 20 low.

677 478 73 20 Terms
758 478 112 20 moderate.

767 528 32 23 On
809 530 89 21 account
907 529 22 20 of
938 529 34 20 the
983 529 133 24 Mortgagees,

678 568 56 19 That
739 568 98 24 Property
845 568 22 19 at
875 567 81 25 present
964 564 96 26 occupied
1071 564 27 24 by
1105 564 97 19 Richard

678 594 68 19 Kkats
762 592 126 26 comprising
902 593 47 19 four
957 597 57 14 acrea
1024 590 49 20 with
1083 588 52 27 good
1145 588 59 21 dwel-

678 620 136 24 ling—house
830 620 17 19 &
863 618 76 20 Stable.
968 617 53 25 Very
1037 616 88 20 suitable
1143 615 32 19 for
1192 620 13 14 a

679 648 73 21 carter,
770 645 93 25 fronting
877 644 36 21 the
922 643 57 20 main
988 643 51 20 road
1049 644 21 19 to
1086 642 36 20 the
1147 641 57 19 mills

678 672 38 20 but
725 678 58 13 more
791 677 23 14 so
823 672 33 19 for
865 677 12 13 a
885 670 127 25 fellmonger,
1028 675 24 14 as
1069 668 58 20 three
1135 672 69 15 never-

678 698 75 24 failing
762 700 88 17 streams
859 703 40 13 run
917 698 48 24 past
982 696 58 19 three
1056 693 56 21 sides
1129 693 22 21 of
1168 692 36 21 the

678 725 105 24 property.
809 722 114 27 Price.very
932 724 47 18 low.

678 776 56 21 That
751 777 98 25 property
866 776 74 20 known
958 780 24 14 as
1000 773 96 25 Bkippers
1114 770 91 22 situated

678 802 95 26 opposite
782 802 90 20 Pearson
881 801 55 21 Park
944 799 51 21 with
1011 799 45 19 half
1073 804 28 13 an
1119 803 46 15 acre
1183 797 22 19 of

678 828 51 20 land
738 834 27 14 on
774 828 68 21 which
852 827 57 21 there
917 827 19 20 is
943 832 12 14 a
963 825 58 25 Shop
1027 823 101 25 Dwelling
1134 823 71 21 Houbc

678 855 73 20 Stable
759 854 42 20 and
811 860 12 14 a
831 855 53 22 good
893 853 45 20 well
948 852 17 20 &
973 849 100 22 Orchard.

678 907 56 20 That
744 907 100 26 Property
852 907 75 19 known
936 910 24 15 as
969 902 111 22 Fenwiok's
1098 901 108 27 adjoining

679 933 33 19 Mr
720 933 74 20 Aliens
804 932 128 20 Blacksmith
943 931 63 23 Shop,
1016 928 126 25 comprising
1160 928 45 19 half

678 964 28 14 an
717 965 52 17 acre,
779 958 50 21 with
847 957 54 26 good
919 956 95 24 dwelling
1032 954 65 21 house
1115 954 17 21 &
1149 953 56 25 large

682 985 56 21 Shed
746 985 18 20 &
772 984 77 21 Stable.

678 1036 56 20 That
752 1036 131 20 two-storied
899 1035 100 24 Building
1016 1040 28 15 on
1061 1034 37 21 the
1113 1033 93 23 Terrace,

678 1062 108 26 adjoining
795 1063 34 20 Mr
837 1061 121 22 Pritchards
967 1062 61 19 store.

771 1115 33 21 On
814 1116 88 20 account
910 1115 23 20 of
942 1114 35 21 Mr
986 1114 29 20 EL
1024 1113 96 20 Hiabhb.

678 1152 40 20 His
727 1157 49 20 very
791 1152 98 23 compact
905 1150 55 20 little
977 1150 100 25 Property
1094 1149 23 19 m
1135 1148 70 24 Queen

677 1178 73 22 Street,
760 1177 122 24 containing
890 1177 64 19 about
962 1176 28 25 4J
997 1176 62 18 Acres
1068 1175 23 19 of
1097 1174 44 19 rich
1148 1173 57 23 land,

677 1203 123 20 subdivided
809 1203 47 19 into
866 1202 77 20 several
953 1201 63 21 small
1025 1199 111 27 paddocks,
1154 1199 51 20 with
1227 1213 2 4 .

677 1229 54 24 good
747 1229 72 20 House
838 1229 92 22 thereon,
948 1227 58 20 brick
1023 1226 53 20 well.
1100 1225 51 21 Cost
1169 1225 36 20 the

677 1261 69 14 owner
755 1255 61 19 £210.
903 1254 25 19 be
938 1253 44 19 sold
992 1254 22 18 at
1023 1258 13 14 a
1045 1257 49 19 very
1103 1251 101 19 consider-

675 1280 47 22 able
730 1279 108 22 reduction
847 1285 28 15 on
884 1279 44 21 this
937 1279 61 25 price.

762 1333 34 21 On
804 1333 90 20 account
903 1333 22 19 of
936 1333 31 18 Mr
976 1331 136 20 Wooudriqb.

675 1369 42 21 His
724 1368 47 21 nice
779 1368 56 20 little
844 1369 106 23 Property,
960 1366 91 21 situated
1060 1367 22 19 at
1089 1366 36 19 the
1132 1370 72 15 corner

675 1396 23 19 of
706 1394 85 21 Church
797 1394 68 20 Street
871 1395 18 18 &
896 1393 45 24 Bay
948 1392 58 22 road,
1012 1391 126 26 comprising
1146 1391 58 20 three

667 1422 71 20 .Acres
746 1420 23 19 of
778 1420 45 20 rich
833 1419 56 24 land,
901 1418 57 21 filled
966 1418 51 20 with
1026 1418 52 19 fruit
1092 1417 42 20 and
1145 1417 59 20 other

675 1448 59 20 trees.
764 1445 46 21 The
819 1445 109 24 Buildings
938 1444 101 25 comprise
1048 1444 78 23 House,
1138 1443 62 24 Shop,

675 1472 43 21 and
732 1472 63 26 large
806 1471 56 20 Shed
877 1470 50 21 with
939 1470 47 20 iron
1002 1469 52 21 roof.
1089 1469 58 20 Price
1156 1473 48 20 very

675 1498 46 21 low.

767 1551 35 20 On
811 1551 89 20 account
909 1549 22 21 of
940 1549 34 21 Mr
982 1549 134 20 Brbttargh.

675 1587 115 25 Fifty-four
798 1587 63 20 Acres
870 1587 22 19 of
901 1585 52 25 good
962 1584 58 24 land,
1030 1582 122 22 subdivided
1158 1582 46 21 into

675 1614 41 20 two
722 1613 105 25 paddocks
834 1612 28 20 all
868 1611 72 21 fenced
946 1610 43 21 and
994 1610 43 19 laid
1043 1609 60 20 down
1110 1608 22 19 m
1138 1613 66 19 grasa,

675 1638 91 21 situated
774 1637 95 27 opposite
884 1638 36 19 the
934 1635 148 26 Immigration
1094 1634 108 21 Barracks.

673 1665 59 20 Price
741 1670 48 20 very
795 1664 45 21 low.
850 1664 72 19 Terms
931 1667 55 19 easy.

674 1716 90 25 Seventy
772 1716 61 21 Acres
842 1714 135 26 unimproved
986 1712 50 21 land
1043 1719 27 15 on
1080 1712 62 21 Ellis'
1148 1713 56 24 Flat,

673 1742 109 26 adjoining
791 1742 33 21 Mr
833 1742 71 20 James
913 1740 100 20 Wilson's
1021 1739 70 21 Farm.

673 1794 78 26 Eighty
759 1795 62 22 Acres
830 1793 108 27 adjoining
945 1792 35 20 Mr
986 1791 146 22 O'Halloran's
1141 1791 61 21 farm;

793 1847 34 22 On
836 1847 88 20 account
932 1846 23 19 of
965 1846 34 19 Mr
1007 1845 70 20 Rows.

675 1881 38 19 116
731 1880 62 19 Acres
811 1879 22 19 of
851 1878 57 23 land,
925 1876 117 28 adjoining
1055 1877 36 20 Mr
1107 1876 95 21 Dueler's

673 1905 59 25 land,
744 1907 23 19 at
776 1905 56 20 View
842 1904 53 22 Hill,
901 1904 94 24 fronting
999 1904 57 19 Four
1060 1903 68 20 Chain
1136 1902 64 21 Road.

673 1932 71 21 Water
752 1937 47 14 race
808 1930 91 24 running
908 1930 107 24 alongside
1021 1929 21 19 of
1051 1928 36 21 the
1096 1929 106 25 Property.

753 1984 33 21 On
796 1983 88 21 account
894 1983 22 20 of
924 1982 34 20 Mr
967 1982 28 21 H.
1006 1981 106 25 Dudding.

673 2017 53 20 2529
736 2016 62 20 Acres
812 2015 21 19 of
841 2013 52 25 good
901 2013 87 24 grazing
995 2012 54 22 land,
1057 2018 51 14 near
1115 2012 86 19 Master-

673 2043 45 23 ton,
731 2041 76 25 (North
816 2039 88 25 Island),
922 2038 50 21 with
981 2038 54 20 2000
1044 2038 66 25 sheep.
1140 2036 60 21 Good

673 2067 112 25 Buildings
804 2066 42 20 and
865 2065 63 25 sheep
945 2065 62 25 yards
1023 2064 93 21 thereon.
1139 2062 62 22 Land

672 2093 71 27 partly
751 2092 116 26 improved.

765 2146 33 20 On
809 2146 88 20 account
906 2145 21 19 of
938 2145 33 20 Mr
978 2144 14 20 J
1002 2143 21 20 M
1032 2142 69 21 Booth

672 2177 138 26 Ninty-seven
820 2177 62 20 Acres
891 2175 57 21 Bush
958 2174 56 26 land,
1024 2174 61 21 West
1094 2172 84 22 Oxford.

672 2208 52 21 Also
732 2214 12 15 a
754 2208 88 21 number
851 2208 22 19 of
881 2207 60 20 other
948 2205 123 26 Properties,
1089 2205 51 20 with
1158 2204 42 20 and

673 2234 88 20 without
769 2233 111 24 buildings,
890 2233 42 20 and
941 2238 12 14 a
963 2231 89 21 number
1066 2231 23 19 of
1106 2230 94 25 building

656 2276 3 3 .
673 2259 90 21 sections
769 2260 22 20 m
801 2259 82 21 various
890 2259 58 24 parts
957 2258 22 20 of
988 2257 37 21 the
1031 2256 109 25 township.

824 2310 216 22 TOLETORSELL

760 2343 34 20 On
804 2342 88 20 account
901 2342 22 19 of
932 2341 33 20 Mr
972 2341 26 20 D.
1010 2340 102 20 Sladden.

672 2375 40 21 His
734 2373 42 22 late
786 2372 120 23 Residence,
922 2372 67 25 nicely
1004 2370 97 24 situated,
1111 2377 24 13 bo
1144 2377 24 14 as
1177 2371 23 20 to

673 2400 112 22 command
794 2406 12 14 a
816 2399 49 20 view
875 2399 22 19 of
906 2398 36 21 the
951 2397 139 24 surrounding
1105 2399 95 23 country,

673 2426 126 26 comprising
809 2426 35 19 ten
853 2430 64 17 acres,
924 2424 51 19 with
985 2426 34 17 ten
1026 2422 85 20 roomed
1119 2423 79 24 Houße,

673 2452 51 21 with
733 2453 63 18 water
805 2451 43 19 laid
858 2456 34 17 on,
899 2449 54 25 good
960 2448 51 21 bath
1018 2453 65 18 room,
1091 2448 41 19 and
1139 2454 61 19 every

673 2476 143 23 convenience.
851 2475 44 20 The
908 2474 50 21 land
967 2474 18 20 is
999 2473 81 21 divided
1089 2474 45 19 into
1142 2474 57 19 three

673 2503 111 27 paddocks,
795 2508 12 15 a
817 2501 94 27 splendid
920 2501 77 25 garden
1005 2499 42 22 and
1054 2499 87 22 orchard
1153 2500 46 21 well

673 2530 58 22 filled
740 2529 51 21 with
800 2529 51 21 fruit
859 2528 43 21 and
911 2526 133 22 ornamental
1051 2527 59 20 treeß.

893 2582 53 19 Also
946 2591 29 5 —

672 2619 66 25 Forty
755 2618 62 20 Acres
830 2617 22 19 of
867 2616 71 31 partly
953 2615 81 21 worked
1049 2616 37 20 out
1105 2615 60 20 bush.
1181 2614 19 20 A

673 2651 47 18 very
730 2644 56 24 early
804 2643 105 21 selection,
918 2641 42 22 and
970 2642 39 20 300
1018 2642 62 19 Acres
1089 2641 21 20 of
1120 2641 80 21 worked

673 2671 37 24 o«t
718 2669 55 23 bush
781 2669 63 26 lately
852 2668 99 26 occupied
959 2667 27 26 by
995 2667 33 21 Mr
1035 2667 134 27 Youngman.

882 2720 36 21 TO
927 2720 56 21 LET

673 2775 87 23 Cottage
772 2773 97 27 opposite
880 2772 35 21 Mr
926 2771 119 27 Weylandf
1046 2777 17 14 a.
1099 2770 62 26 Bent,
1175 2771 25 20 4s

673 2807 37 19 per
717 2800 61 21 week.

673 2831 118 21 Furnished
798 2830 87 25 Cottage
895 2829 107 26 adjoining
1012 2829 35 20 the
1056 2828 48 21 Sale
1112 2828 74 21 Yards.

772 2890 34 20 On
816 2889 89 20 account
913 2888 21 20 of
944 2888 37 20 Mb
989 2893 79 15 frohm.

678 2926 58 20 Four
744 2926 63 21 Acres
817 2925 21 20 of
846 2923 61 22 Land
915 2923 51 21 with
975 2922 229 27 House|andOntbuid-

677 2953 48 24 hags
735 2951 93 23 thereon,
848 2956 48 19 very
914 2949 45 21 rich
976 2949 51 21 land
1042 2949 92 25 fronting
1143 2949 59 20 main

676 2978 51 22 road
736 2977 54 22 East
803 2976 84 20 Oxford.

780 3009 34 20 On
823 3008 88 21 account
920 3007 23 21 of
951 3012 58 15 same
1019 3012 69 15 owner

675 3037 28 20 20
711 3035 64 21 Acres
783 3035 22 19 of
814 3033 127 21 worked-out
958 3033 54 21 bush
1027 3032 51 21 land
1093 3031 109 26 adjoining

677 3064 34 19 Mr
720 3061 71 21 Friars
798 3060 60 21 West
867 3059 85 20 Oxford.

755 3113 34 20 On
798 3111 89 21 account
896 3111 22 19 of
925 3110 35 20 Mr
968 3110 58 20 John
1034 3109 88 21 Fisbbe.

678 3150 42 21 His
729 3147 95 22 valuable
834 3146 65 21 Stone
908 3146 81 24 Quarry
997 3145 23 20 at
1028 3144 56 21 View
1093 3144 46 20 Hill
1154 3149 48 14 con.

681 3176 83 25 taining
773 3173 36 21 the
818 3173 45 20 best
873 3172 93 24 building
975 3172 60 19 stone
1044 3170 22 19 m
1075 3170 130 26 Canterbury

678 3202 52 20 with
737 3201 28 22 20
773 3199 64 20 Acres
845 3198 22 19 of
875 3197 62 21 Land
945 3203 29 16 on
991 3195 68 23 which
1078 3196 57 21 there
1152 3195 19 22 is
1189 3202 13 15 a

679 3234 59 16 eeam
745 3226 23 23 of
776 3224 126 23 Limestone.

680 3581 191 35 JOHN
900 3577 303 37 lISTGKRA.M

826 3647 235 28 AUCTIONEER,

761 3708 93 31 OX
887 3706 149 34 FOR
1071 3708 28 29 D
1120 3730 7 7 .

75 193 279 80 GRIFFITH
381 189 167 79 BROS.

157 294 158 23 GENERAL
330 289 169 24 CARRIERS

275 340 100 19 between

89 375 285 31 CHRISTCHUROH
393 374 22 25 &
433 369 153 29 OXFORD.

48 519 4 8 '
64 519 103 27 Parcels
185 517 51 26 and
254 515 87 27 Goods
358 514 83 34 safely
453 511 133 28 delivered

157 563 39 21 AT
210 561 82 22 VERY
307 559 65 22 LOW
388 559 100 20 RATES.

160 671 76 44 W.
276 667 214 51 MUNN,

49 760 7 7 •
69 747 190 36 'WEST
303 743 241 33 OXFORD.

66 897 64 30 The
144 895 127 37 Largest
280 891 148 38 Cheapest
438 887 62 30 and
513 886 73 30 Best

271 947 70 14 STOCK
353 945 30 14 OF

144 979 134 24 ENGLISH
289 977 64 20 AND
369 973 150 23 COLONIAL

67 1026 180 50 BOOTS
268 1023 110 47 ANB
398 1020 188 48 SHOES.

132 1095 45 33 IN
199 1092 88 34 THE
306 1087 205 36 DISTRICT-

179 1290 324 85 SADDLERY.

58 1467 81 57 S.
165 1469 61 54 J.
241 1458 344 61 LAMING

147 1562 343 60 |AI>DLER

285 1639 63 25 AND

59 1709 282 43 HARNESS
374 1703 208 42 MAKER

202 1796 70 24 Neab
289 1793 147 25 Saibyabds,

482 1983 1 1 ■
506 1983 2 2 •

57 2005 89 24 Orders
158 2003 49 24 aad
217 2000 103 32 Repairs
332 1996 123 33 promptly
466 1992 116 28 executed

48 2056 6 7 .:•
83 2055 4 5 •
214 2046 26 23 at
250 2043 87 25 lowesi
343 2041 76 25 rates.

137 2127 40 6 »■...
186 2131 2 2 .
200 2130 1 2 .
208 2127 1 1 ■
255 2129 1 1 .

156 2212 166 27 GENER4L
339 2206 158 28 CARRIER,

56 2269 52 20 TT
109 2266 109 26 AVINGr
229 2262 138 26 Purchased
376 2261 90 24 Messrs
473 2258 106 24 Nicholls

56 2285 52 28 J*
141 2300 47 23 and
205 2299 65 24 Co/s
290 2293 126 27 OFFICE
435 2292 48 23 and
494 2290 87 24 COAL

57 2334 77 25 SITE
151 2337 25 19 at
184 2333 39 22 tke
235 2331 121 28 Rangiora
367 2326 107 28 Railway
486 2323 94 24 Station

89 2368 19 23 is
119 2373 53 16 now
183 2363 117 30 Carrying
311 2368 30 15 on
352 2358 112 24 Business
473 2364 25 16 as
509 2363 15 16 a

57 2408 96 28 COAL:
163 2409 18 22 &
193 2401 180 30 FIBEWOOD
384 2397 197 29 MERCHANT,

56 2453 47 22 and
111 2454 71 20 trusts
190 2453 25 19 to
226 2447 91 24 receive
328 2453 15 14 a
353 2444 47 23 fair
409 2446 98 27 support
517 2441 64 23 fiom

56 2486 41 22 the
107 2483 83 23 Public
197 2481 26 23 of
235 2478 120 30 RiQgiora
365 2484 25 15 a-
397 2476 16 23 d
423 2473 158 29 mrroundiug

258 2510 111 25 districts.

56 2580 87 27 COAL
158 2577 68 26 AND
238 2572 179 29 FIREWOOD
431 2570 116 32 Supplied
555 2570 26 24 at

201 2610 103 24 Current
320 2607 83 24 Rateei.

56 2678 88 24 Orders
152 2683 57 23 may
219 2674 32 24 be
259 2673 42 24 left
310 2673 24 22 at
346 2671 39 24 Mr
392 2669 27 25 C.
430 2669 22 25 I.
460 2667 121 32 Jennings

170 2707 130 26 Stationer,
322 2703 129 31 Rangiora.

57 2815 56 77 P.
141 2813 50 79 C.
219 2803 361 96 JOIMIISEH,

57 2915 272 60 BASKET,
387 2907 196 61 OF7IIR,

290 2996 59 22 AND

82 3042 494 50 PERAMBULATOR

59 3115 525 50 MANUFACTURER,

105 3191 171 36 QUEEN
328 3185 214 30 STREET,

59 3254 187 36 EAST
287 3247 292 37 OXFORD

64 3606 116 29 removed
191 3605 61 24 from
267 3602 115 26 Colombo
397 3601 40 25 St.
455 3603 27 23 to
500 3599 93 26 Oxford

76 3652 104 25 Terrace
189 3647 67 24 close
266 3647 26 23 to
303 3643 88 26 Casbel
402 3643 83 26 Street
494 3642 88 32 bridge
610 3643 2 32 \

190 3685 274 29 CHRISTCHURCH.
611 3685 2 35 \

99 3769 117 25 Cabinete
233 3765 32 25 10
275 3763 115 30 shillings
401 3769 41 23 per
454 3761 85 24 dozen.
