2553 3767
678 28 135 25 OXFNRD
848 29 68 24 AND
952 28 87 25 OUST
1073 29 186 28 OBSERVER,
1295 28 186 29 SATURDAY,
1519 27 155 26 OCTOBER
1708 29 38 27 19,
1781 28 59 24 1880

1382 134 283 43 SFHIUO-
1725 136 164 42 AJSTB
1954 138 325 41 SUMMER
2342 140 150 39 1-339.

1567 216 303 47 OPENING
1910 218 398 48 EXPOSITION

1922 304 37 21 OP

1378 380 438 59 sjphij^g
1835 384 178 71 jvo
2025 367 214 73 Vel
2249 386 252 55 ties

1378 544 145 80 R.
1608 543 885 92 HPARISH,

1612 665 197 71 east;
1876 666 333 63 oxford,

1584 746 6 4 ■
1750 729 160 41 ffiRBCT
1932 738 226 38 IMPORTER,
2180 738 5 7 '

1381 813 374 43 O-EITEHiLL.
1785 817 44 41 &
1862 817 268 43 FAXTO7
2166 820 329 49 DHAP2E;B.,

2192 863 110 6 •■•■■•■
2479 858 16 19 7

1741 978 417 55 CLOTHIER.

1421 1056 16 30 1
1453 1057 112 39 import
1578 1058 97 31 direct
1689 1060 73 40 only
1775 1060 80 30 from
1868 1060 53 31 the
1935 1060 68 31 best
2021 1061 128 40 English
2170 1064 168 30 manufactr
2366 1078 9 4 -
2407 1077 18 24 ;■
2437 1068 61 28 and

1338 1107 2 34 !
1378 1107 87 31 lam
1485 1108 71 30 thus
1578 1108 129 32 enabled
1727 1115 32 25 to
1780 1111 76 29 offer
1876 1112 41 28 all
1936 1113 96 37 goods
2054 1117 32 25 at

1501 1157 232 40 ACTUAL
1767 1160 357 39 WHOLESALE
2156 1163 178 39 PRICE.

1418 1207 63 32 The
1502 1210 88 29 stock
1610 1211 25 29 is
1656 1221 69 20 now
1745 1211 85 40 large
1856 1213 62 29 and
1946 1212 165 42 thorougly
2139 1216 145 36 assorted,
2295 1244 3 2 .
2314 1218 59 29 and
2399 1218 95 30 ladies

1542 1271 57 20 can
1621 1262 118 39 depend
1759 1273 83 30 upon
1863 1263 124 40 getting
2008 1263 42 31 all
2069 1265 74 40 they
2163 1267 128 38 require.

1416 1309 177 40 Inspection
1614 1314 61 27 and
1696 1314 191 39 comparison
1908 1314 197 41 respectfully
2124 1316 124 31 invited.

1358 1380 34 15 .-...-
1414 1359 140 32 Patterns
1575 1362 60 31 and
1655 1363 83 40 price
1759 1364 52 30 list
1831 1368 69 26 sent
1920 1373 38 21 on
1978 1366 193 39 application.

1486 1523 208 79 NEW
1734 1526 240 78 DRESS
2022 1528 353 98 FABRICS,

1411 1641 44 31 At
1476 1642 41 29 6d
1538 1642 61 30 and
1627 1644 40 29 9d
1688 1655 54 29 per
1766 1646 95 38 yard;
1891 1646 68 29 sold
1982 1650 32 26 at
2040 1648 86 30 other
2154 1648 102 32 Stores
2279 1654 31 26 at
2338 1652 33 29 Is
2399 1651 48 30 2d.

1368 1966 85 43 Why
1472 1971 79 30 have
1573 1983 77 29 your
1672 1974 83 29 Suits
1776 1975 87 30 made
1884 1978 32 26 to
1938 1976 89 30 order
2047 1976 89 31 when
2156 1988 61 29 you
2251 1989 57 19 can
2338 1978 147 39 purchase

1366 2023 47 42 A
1454 2022 125 46 New
1609 2023 216 46 Zealand
1852 2026 182 44 Tweed
2059 2027 121 54 Suit,
2189 2055 6 12 -.
2211 2029 77 43 for
2305 2027 93 46 275.
2425 2030 59 43 6d

1484 2089 92 38 equal
1599 2090 32 29 m
1654 2090 61 29 Cut
1735 2091 62 30 and
1818 2091 106 30 Finish
1944 2095 34 26 to
1999 2091 131 42 bespoke
2151 2093 85 31 work
2255 2095 56 31 but
2331 2099 32 26 at

1794 2142 76 30 Half
1889 2143 52 30 the
1964 2142 97 32 Price.

1913 2229 51 17 :o:—

1434 2291 45 55 E
1484 2272 383 97 W^v^TSr
1880 2294 282 77 f4EWR
2175 2295 10 55 I
2200 2295 42 56 B
2252 2295 100 59 BO
2363 2266 171 88 NS^

1585 2448 102 48 N«w
1715 2450 101 48 i«e
1846 2450 157 61 Strips
2032 2450 82 51 aa*
2136 2451 157 51 Citecks

1343 2709 213 160 THE
1648 2707 822 162 LANCASTER

1486 2906 343 55 Window'
1841 2905 262 71 (^UndL
2135 2909 207 54 Cloth

1397 3024 30 32 A
1441 3037 67 20 new
1522 3027 137 30 material
1674 3025 132 41 entirely
1819 3026 201 41 superseding
2033 3027 52 30 the
2101 3027 251 33 Old-Fashioned
2366 3030 111 32 Blinds

1355 3107 51 29 the
1421 3106 151 39 Cheapest
1585 3106 59 29 and
1658 3106 75 29 Best
1752 3107 32 28 m
1805 3106 52 29 the
1878 3106 118 30 World.
1997 3123 40 5 —
2037 3107 106 40 Fancy
2163 3108 142 32 Patterns
2306 3128 40 4 —
2346 3111 130 31 Artistic

1354 3186 139 41 Designs,
1536 3186 148 40 Requires
1704 3196 40 19 no
1766 3185 159 42 Washing.
1968 3187 85 31 Rolls
2075 3199 41 30 up
2136 3189 140 42 straight.
2310 3190 48 31 No
2380 3193 96 30 Hem-

1352 3266 93 38 ming.
1490 3263 65 32 Not
1578 3263 106 32 Liable
1704 3267 32 27 to
1757 3263 89 32 Fade.
1889 3265 75 30 Will
1984 3267 90 30 stand
2096 3267 109 42 Rough
2221 3268 102 32 Wear.

1587 3497 311 44 LO2TDO2T
1940 3502 254 44 HOUSE

1343 3586 170 61 H~l
1547 3586 194 57 GH
1868 3589 173 58 ST
2060 3593 85 55 R
2178 3596 275 70 JEJEJT,

1529 3666 239 43 BAST
1852 3669 415 47 OXFORD.

117 166 77 37 TO
251 166 226 38 TRAVEL
875 166 135 37 THIS
1053 166 234 39 SEASON,

133 234 199 36 QXFQK3O,
524 205 304 84 !jHrjTO'
876 234 129 38 Hlkk,
1017 234 245 38 MALVERN,

79 263 914 65 CUjST&SUEHOUN-'^^^M^^^DlNGr
1030 292 260 32 DISTRICTS.

421 343 70 24 THE
509 341 283 26 THOROUGHBRED
809 343 112 25 HORSE

77 522 59 24 Five
151 529 69 24 years
237 521 47 27 old,
302 521 21 24 is
340 529 15 16 a
371 521 117 24 beautiful
505 521 59 24 dark
580 521 53 31 Bay
650 520 70 25 horse
737 521 115 33 standing
869 524 31 25 16
911 523 80 27 hands
1009 526 17 23 8
1036 524 85 27 inches
1139 524 68 33 high,
1229 524 61 28 with

76 564 112 31 splendid
199 565 59 22 bone
269 563 49 24 and
328 563 92 24 muscle
431 563 49 24 and
490 571 123 23 possesses
624 571 15 16 a
650 563 131 25 wonderful
792 566 63 29 good
866 567 100 30 temper.

77 602 33 20 St.
128 601 94 20 Swithin
234 601 20 19 is
262 607 14 13 a
286 606 47 14 new
341 600 110 20 accession
460 601 25 19 to
493 601 39 19 the
545 600 72 20 North
625 600 140 27 Canterbury
774 601 89 21 district
864 614 26 4 —
890 603 44 20 and
947 603 24 21 m
989 604 48 21 fact
1055 604 40 21 the
1109 606 90 26 present
1219 612 21 14 »b
1254 605 37 22 his

13 641 14 13 j
76 633 51 20 first
135 638 76 15 season
221 632 25 21 of
254 631 52 20 stud
314 631 40 21 life
363 632 121 24 anywhere.
506 632 35 19 He
550 638 44 13 was
603 632 73 20 foaled
685 639 24 13 as
718 632 47 21 late
777 633 56 21 back
842 639 25 15 as
877 635 59 25 1884,
950 641 24 15 so
983 636 51 20 that
1043 635 28 21 he
1080 637 41 20 has
1130 637 31 21 all
1170 637 36 21 his
1215 644 75 14 career

0 664 29 25 ft.
77 663 74 21 before
160 663 52 21 him.
254 663 59 20 That
321 663 28 20 he
359 663 19 19 is
387 669 24 13 as
421 663 49 20 well
479 663 54 21 bred
542 670 24 14 as
576 664 111 27 anything
697 664 24 20 m
729 665 40 20 the
778 665 54 21 land
841 666 45 20 will
895 666 28 22 be
932 673 52 15 seen
999 667 57 22 from
1073 675 15 14 a
1104 669 89 27 perusal
1211 669 23 22 of
1251 669 39 21 the

76 695 115 26 appended
199 695 103 26 pedigree
316 695 66 20 table.

291 761 4 2 .
737 739 119 27 Gladiator,
872 742 30 25 by
916 742 103 20 Partisan

30 766 18 18 *
308 780 25 20 *p
349 775 118 19 Parmesan
516 764 132 21 Sweetmeat
735 766 111 26 Lollypop,
863 768 30 24 by
907 768 79 20 Starch
1000 775 25 13 or
1038 769 101 20 Voltaire

33 789 14 15 *
288 802 40 28 §•£
516 816 74 15 flpllM
604 823 7 1 .
735 802 110 26 Verulam,
862 804 28 23 by
904 804 92 26 Lottery

237 829 6 3 '
287 815 41 45 %£
460 825 4 4 '
516 816 96 27 GrUjere
735 829 99 25 Jeunala,
850 830 30 26 by
893 830 141 21 Touchstone
1240 829 2 3 '

287 858 14 35 P
314 870 13 27 g
735 865 46 21 The
796 866 78 25 Baron,
891 867 30 26 by
935 867 145 22 Birdcatcher

237 910 20 15 ft
514 888 55 20 Eata
570 895 15 19 P
585 889 38 20 lan
735 892 144 25 Pocahontas,
895 893 31 26 by
940 895 94 21 Glencoe

200 925 56 39 'I,
514 941 113 25 Daughter
641 941 23 20 of
736 929 117 25 Gardham,
870 930 30 26 by
913 931 83 21 Falcon
1182 951 4 6 ,
1242 947 2 12 ;

506 962 3 16 ;
735 958 89 24 Langar
836 963 61 14 mare

234 997 24 18 •4'
506 992 15 23 L
525 1013 8 9 T
590 1014 4 3 .
630 999 2 3 '
734 994 144 25 Touchstone,
894 996 30 24 by
938 996 75 20 Camel

234 1029 14 12 o
343 1022 136 20 Adventurer
512 1014 146 19 J»ewiuinster
735 1020 118 26 Beeswing,
869 1022 30 24 by
913 1022 33 19 Dv
956 1022 86 25 Syntax

229 1059 19 31 <3
514 1065 77 20 Palma
734 1056 98 25 Emilius,
849 1057 30 26 by
893 1056 84 22 Orville

298 1090 14 24 g
734 1083 126 24 Francesca,
876 1084 31 26 by
921 1084 103 21 Partisan

155 1123 20 24 2g
298 1115 13 28 §
333 1119 1 2 '
512 1138 28 4 „.
586 1138 19 9 m
733 1120 129 26 Harkaway,
879 1121 30 25 by
923 1121 128 22 Economist

153 1150 27 21 C
291 1146 20 31 g
332 1149 102 24 'Eveline
558 1145 15 19 g
618 1144 21 14 m
733 1146 142 25 Pocahontas,
893 1148 29 25 by
937 1148 94 20 Glencoe

190 1186 2 1 '
512 1191 103 25 Imogene
732 1183 124 26 Tearaway,
872 1183 30 27 by
916 1184 101 22 Voltaire

153 1208 20 24 fi
455 1226 2 1 -
733 1210 35 19 Sis
781 1211 24 19 to
819 1210 100 25 Wanota,
935 1211 31 25 by
980 1212 94 20 Simoom

152 1237 21 30 S
512 1265 16 2 _
560 1265 5 6 ,
583 1264 6 9 ,
731 1246 91 25 Castrel,
838 1247 29 26 by
881 1248 101 20 Buzzard

0 1291 26 9 -
152 1263 21 40 B
297 1290 19 15 ft
401 1295 61 11 yui
512 1264 80 20 Pantal
592 1270 27 14 °°
620 1271 15 13 n
732 1273 76 24 Idalia,
825 1273 27 25 by
867 1274 110 21 Peruvian

0 1312 2 3 .
84 1308 2 2 •
153 1298 20 18 F
340 1295 47 20 The
401 1295 63 21 Libel
703 1303 28 4 —
731 1304 16 16 7;
799 1304 27 11 r-
826 1304 6 11 :
871 1304 33 16 :.
930 1312 3 8 ,
1200 1307 30 4 —

0 1312 8 30 I
152 1318 21 14 oq
290 1319 19 16 .a
510 1318 140 25 Pasquinade
731 1310 79 25 Camel,
825 1311 30 25 by
871 1312 134 20 Whalebone

512 1357 2 3 .
731 1337 89 23 Banter,
835 1335 30 28 by
879 1338 85 20 Master
977 1338 78 26 Henry

67 1377 31 17 Si-
150 1378 21 14 go
234 1382 29 18 ■•»•
295 1367 14 32 I
510 1390 33 15 p...
730 1373 95 26 Langar,
841 1374 29 25 by
885 1375 68 19 Selim
1123 1370 9 3 '
1191 1388 14 11 ...

237 1401 21 24 .9
274 1413 2 1 ■
288 1399 20 21 -3
509 1394 14 16 Js
536 1397 20 13 u
730 1400 107 26 Olympia,
853 1401 30 26 by
898 1401 35 21 Sir
946 1401 77 21 Oliver

66 1425 3 32 I
217 1426 40 43 0
287 1435 20 28 g
339 1425 111 21 Arethusa
509 1444 103 25 L&ngxdd
728 1437 61 23 Lain,
805 1437 30 26 by
850 1437 120 21 Paulowitz

66 1477 3 10 ;
342 1475 20 20 _j
729 1463 76 25 Lydia,
824 1465 27 24 by
865 1465 95 20 Poulton

508 1504 124 25 Harkaway
728 1499 132 25 Economist,
877 1500 29 26 by
921 1501 105 22 Whisker
1207 1495 20 5 ~

237 1532 20 23 _g
293 1527 19 15 P<
337 1523 61 26 King
411 1524 54 21 Tom
728 1526 134 21 Nabocklish
876 1533 59 15 mare

236 1556 20 34 8J
507 1557 138 20 Pocahontas
729 1564 100 23 Glencoe,
846 1564 31 25 by
892 1564 80 21 Sultan

286 1598 19 22 y
728 1590 119 26 Marpessa,
864 1591 29 26 by
907 1591 77 26 Muley

74 1617 4 8 '
293 1622 12 29 I
506 1629 83 26 Flying
603 1629 88 21 Dutch-
728 1628 24 20 B.
765 1629 133 24 Middleton,
912 1629 30 26 by
956 1629 79 21 Sultan

292 1652 13 31 §
338 1655 143 23 Waterwitch
531 1662 52 14 man
728 1655 107 24 Barbelle,
852 1655 30 26 by
896 1655 116 21 Sandbeck

285 1695 20 12 «
505 1709 18 4 _
569 1709 5 5 .
622 1709 21 7 „.
726 1691 145 26 Touchstone,
887 1692 31 26 by
930 1692 76 22 Camel

191 1740 1 1 .
505 1709 102 26 Evening
622 1709 52 20 Star
728 1719 44 26 B^
772 1719 46 25 th^
834 1719 30 26 by
878 1705 36 34 B^
914 1719 54 21 beM

64 1772 26 19 St
100 1772 106 20 Swithin's
221 1772 46 23 sire,
277 1772 104 24 Oadogan,
392 1779 41 14 was
442 1779 13 15 a
465 1774 113 25 performer
586 1773 23 20 of
618 1773 62 19 merit
688 1772 24 20 m
721 1772 37 20 the
773 1772 40 20 Old
831 1771 101 27 Country,
942 1772 78 26 having
1029 1778 23 16 as
1062 1780 13 14 a
1084 1774 41 20 two
1132 1774 94 25 year-old
1234 1782 46 15 won

64 1798 36 20 the
109 1798 110 20 Woodoote
227 1798 74 19 Stakes
311 1800 22 17 at
343 1799 86 25 Epsom,
448 1799 42 20 and
499 1806 38 13 ran
546 1799 57 21 third
613 1799 21 20 m
642 1799 36 20 the
692 1798 49 20 New
759 1798 82 23 Stakes,
850 1799 22 19 at
888 1799 70 23 Ascot,
974 1799 43 21 and
1034 1799 120 22 Richmond
1168 1801 80 24 Stakes,
1257 1803 23 21 at

63 1824 118 19 Goodwood
194 1824 9 25 (
210 1824 22 19 m
243 1824 34 20 the
286 1824 62 20 latter
357 1825 22 20 of
386 1825 67 21 which
461 1825 27 21 he
496 1832 51 19 gave
556 1825 35 21 61b
601 1827 22 19 to
632 1832 13 14 a
653 1826 59 24 great
721 1830 56 15 mare
786 1824 41 21 like
837 1824 70 21 Wheel
916 1825 23 20 of
947 1825 93 21 Fortune
1049 1826 13 24 ),
1078 1825 61 22 while
1148 1832 24 16 as
1182 1833 13 15 a
1212 1828 59 21 three

62 1850 97 25 year-old
178 1850 25 20 he
220 1857 38 13 ran
277 1850 75 20 second
362 1853 22 18 to
392 1852 109 20 Charibert
511 1852 21 20 m
544 1852 36 20 the
589 1852 49 19 Two
647 1850 114 21 Thousand
770 1850 99 22 Guineas,
888 1850 92 25 hauving
990 1852 89 20 thirteen
1090 1852 76 20 behind
1174 1853 53 25 him,
1236 1855 43 20 and

63 1878 96 21 amongst
166 1876 58 19 them
232 1876 75 24 Bayon
318 1876 48 20 dOr
375 1877 41 20 and
425 1876 100 26 Ruperra,
535 1878 46 19 who
589 1878 150 25 subsequently
748 1876 90 20 finished
847 1876 46 20 first
910 1877 43 20 and
971 1878 76 19 second
1055 1878 33 19 for
1104 1878 35 20 the
1147 1878 72 26 Leger.
1245 1881 33 19 He

63 1901 81 19 started
154 1902 43 19 first,
206 1902 101 19 favourite
316 1902 33 19 for
358 1902 34 20 the
401 1903 73 24 Derby,
484 1904 37 19 hut
531 1905 42 18 met
590 1903 49 20 with
648 1909 28 14 an
687 1902 93 21 accident
792 1902 76 24 during
876 1901 35 21 the
920 1909 52 16 race,
982 1909 42 14 was
1039 1903 74 20 beaten
1128 1905 37 19 out
1173 1905 23 20 of
1213 1906 65 24 place,

64 1926 43 21 and
116 1932 60 14 never
186 1933 38 13 ran
234 1928 69 23 again.
318 1928 60 19 Since
385 1928 33 19 his
426 1928 137 26 importation
573 1930 21 19 to
605 1928 43 21 this
659 1929 75 24 colony
744 1928 26 20 he
779 1927 38 20 has
827 1928 60 23 sired,
897 1933 76 20 among
982 1929 77 24 others,
1069 1929 36 21 the
1113 1929 106 27 following
1228 1932 49 20 win-

64 1958 48 14 ners
122 1958 21 14 :-
151 1952 91 21 Everton
252 1952 50 22 Lad.
312 1954 78 20 winner
399 1955 21 19 of
429 1955 35 20 the
474 1956 97 20 Dunedin
589 1956 135 25 Champagne
731 1964 7 15 ;
749 1953 127 26 Hermitage,
897 1954 78 21 winner
984 1956 22 19 of
1015 1956 35 20 the
1068 1955 86 21 Timara
1171 1957 46 27 Cup
1235 1958 43 21 and

63 1984 67 19 many
138 1979 60 19 other
207 1986 57 13 races
272 1989 6 14 j
289 1980 94 25 Hanlan,
392 1980 79 21 winner
479 1982 22 19 of
511 1982 34 19 the
555 1982 36 19 C.J
599 1982 23 19 C.
632 1982 93 19 Autumn
736 1982 91 22 Nursery
836 1980 111 26 Handicap
954 1989 7 15 ;
979 1981 116 24 Beresford,
1114 1982 79 21 winner
1201 1984 23 19 of
1241 1984 35 21 the

63 2004 71 20 C.J.C.
145 2005 148 25 Metropolitan
303 2006 111 25 Handicap
424 2007 40 20 and
475 2008 35 19 the
518 2008 127 24 Wellington
653 2008 45 25 Cup
704 2016 7 15 j
721 2005 122 24 Cruchfield,
854 2006 78 20 winner
942 2008 22 19 of
973 2007 35 20 the
1019 2007 120 25 Wanganui
1156 2008 70 26 Derby
1234 2010 42 21 and

65 2031 97 20 Hawke's
170 2031 45 24 Bay
224 2032 45 25 Cup
277 2040 7 15 ;
297 2032 54 25 Lady
361 2032 79 24 Norah,
450 2034 78 19 winner
538 2035 21 18 of
569 2034 35 19 the
613 2034 119 24 Wanganui
742 2033 52 25 Cup,
805 2032 78 25 Napier
892 2033 118 26 Handicap,
1020 2034 28 19 &c
1055 2042 7 15 ;
1081 2032 58 25 Chic,
1158 2035 117 25 Cremorna,

65 2057 132 24 FarJingale,
204 2057 75 24 Bonny
289 2058 69 22 Blink,
368 2059 101 23 Rosebud,
480 2060 41 19 and
532 2066 63 18 many
605 2060 74 19 others.
707 2060 52 19 Last
768 2064 74 15 season
860 2057 26 21 he
895 2059 54 20 sired
960 2060 24 19 13
1003 2060 96 23 winners,
1109 2060 45 20 who
1172 2062 70 20 netted
1252 2062 24 21 be

63 2085 67 18 tween
140 2083 56 19 them
206 2084 77 21 .£2267.
311 2085 78 22 Malice,
399 2085 35 19 the
449 2085 48 20 dam
509 2087 21 19 of
540 2088 31 18 St.
579 2086 93 23 Swithin,
689 2092 42 14 was
740 2092 12 14 a
760 2084 53 25 good
827 2085 113 24 performer
957 2086 76 19 herself
1042 2086 21 19 m
1073 2085 37 21 her
1124 2086 56 24 time,
1189 2088 42 19 and
1237 2088 39 21 has

63 2108 78 20 earned
151 2109 60 19 kudos
220 2111 23 17 at
253 2110 34 19 the
297 2111 48 18 stud
354 2116 23 13 as
387 2110 35 20 the
431 2111 48 19 dam
493 2113 22 18 of
525 2112 101 22 mischief,
645 2112 46 19 who
700 2117 45 14 won
756 2111 35 20 the
800 2111 24 19 C.
827 2110 43 20 J.O.
881 2111 86 25 Metrop.
977 2111 118 25 Handicap,
1106 2112 35 20 the
1149 2113 127 26 Wellington

36 2143 8 2 -
64 2133 104 26 Uu~t),,an(l
173 2140 115 20 jaumerous
297 2135 59 20 other
365 2137 53 24 good
427 2137 73 24 prizes,
511 2138 41 20 and
563 2138 108 24 Maligner,
681 2137 46 20 who
737 2137 39 21 has
785 2138 35 19 cut
830 2138 36 19 out
875 2142 57 15 some
942 2138 21 19 of
972 2137 36 21 the
1023 2137 101 26 spaediest
1132 2139 105 27 spriuting
1245 2147 30 15 re-

65 2161 59 21 cords
133 2161 23 19 m
166 2161 35 20 the
210 2161 111 21 colom'esr
335 2162 181 25 Maliee-coraes^of
526 2170 12 14 a
548 2166 57 21 great
616 2164 79 23 family,
713 2165 32 18 for
755 2163 37 20 she
801 2163 18 19 is
829 2163 38 19 full
886 2163 62 20 sister
958 2166 21 18 to
996 2164 92 23 Lurline,
1100 2165 44 20 who
1154 2172 42 14 was
1205 2172 40 15 one
1254 2168 22 19 of

64 2187 36 21 the
109 2189 88 23 greatest
208 2189 42 19 turf
260 2189 93 19 heroines
362 2195 46 13 ever
417 2187 161 25 saddj.ed'Tn'she
587 2190 97 24 ci-lsniK,
694 2189 42 20 and
747 2189 18 20 is
774 2189 48 19 dum
831 2189 22 19 of
862 2189 35 19 the
907 2190 72 20 V.R.O.
989 2190 68 25 Derby
1074 2190 85 24 winner,
1177 2192 98 25 Darebin,

62 2213 47 20 who
118 2213 55 20 sired
181 2215 119 19 Australian
310 2214 55 25 Peer,
376 2215 88 20 another
472 2217 23 18 of
504 2217 34 19 the
545 2217 45 19 V.R
597 2218 21 18 C.
629 2218 67 23 Derby
705 2215 255 25 winriefrrtO^astaway,
970 2215 47 20 who
1025 2222 39 14 ran
1074 2217 76 20 second
1159 2218 23 20 to
1190 2218 86 27 Papapa

62 2240 33 19 for
105 2240 35 19 the
149 2240 128 24 Canterbury
286 2240 68 25 Derby
364 2241 40 19 and
414 2241 54 20 sired
478 2241 87 26 Salvage
573 2245 39 18 etc.
620 2252 7 14 ;
637 2242 42 20 and
688 2245 22 17 to
720 2243 29 19 Le
757 2243 67 24 Loup,
834 2236 152 28 winne7oTtfig
986 2246 5 8 :
991 2241 199 30 -V^O.-Hi9iiiJicßp
1206 2245 73 26 QJ.Q,-

62 2266 118 24 Handicap.
189 2266 129 24 Canterbury
327 2267 45 25 Cup
381 2267 42 20 and
434 2267 148 21 Chriatchureh
592 2269 64 23 Plate,
667 2268 42 21 and
719 2269 46 19 who
779 2268 53 20 sired
851 2268 66 25 Gipsy
930 2269 61 24 King,
1006 2269 79 20 winner
1093 2270 22 20 of
1124 2270 36 21 the
1177 2272 98 21 Dunedin

62 2292 46 24 Cup
117 2292 22 19 of
149 2292 57 20 1888.
234 2292 73 20 Malice
316 2292 18 19 is
344 2293 43 19 also
394 2293 111 21 half-siaJer
516 2295 21 19 to
545 2295 32 19 La
587 2295 66 19 Mode,
663 2295 78 19 winner
750 2295 22 19 of
782 2294 35 21 the
832 2293 67 22 C.J.C.
909 2295 103 21 Welcome
1020 2295 74 21 Stakes
1104 2296 21 20 of
1135 2297 58 24 1880,
1202 2298 43 21 and
1253 2300 23 20 to

58 2317 143 24 'Waterwitch,
210 2317 48 21 dam
269 2318 22 20 of
298 2320 89 19 JNatalor
397 2319 42 20 and
448 2319 105 26 Cynisca's
563 2320 49 22 dam
622 2321 106 20 Nautilus.

128 2369 126 25 TERMS:
257 2385 33 3 —
307 2370 44 24 £2.
369 2371 35 25 for
421 2372 41 24 the
580 2373 99 32 payable
690 2382 33 17 on
733 2382 28 17 or
772 2373 81 25 before
864 2373 109 33 January
986 2376 47 27 Ist,
1046 2377 72 24 1890.
1136 2377 141 32 (allowance

60 2407 73 24 made
144 2408 37 23 for
191 2410 48 22 two
250 2416 27 16 or
288 2415 67 17 more
367 2417 88 17 mares.
489 2411 136 31 Groomage
637 2412 48 24 Fee
703 2413 34 27 5/-
754 2412 99 31 payable
865 2415 25 22 at
901 2413 53 24 first
965 2414 97 24 service.
1086 2415 100 25 Owners
1198 2417 25 23 at
1234 2416 43 25 the

60 2443 60 26 time
137 2445 25 23 of
180 2444 94 25 Service
290 2445 57 24 held
364 2448 147 29 responsible
527 2448 38 24 for
582 2449 42 24 the
640 2450 58 24 fees.

126 2480 48 24 For
184 2481 95 25 further
288 2482 144 31 particulars
443 2485 73 30 apply
532 2488 26 21 to

493 2537 316 39 FRANKLYN
858 2540 255 45 HODGES,

736 2599 135 25 Harewood
887 2600 71 24 Arms
975 2601 83 29 Hotel,
1070 2602 63 26 East
1144 2603 98 26 Oxford.

28 2672 20 9 _.
446 2658 27 16 or
490 2650 40 24 the
548 2651 90 24 Groom
653 2652 28 24 m
697 2652 97 31 charge.

62 2723 2 5 ■
331 2727 35 3 —
366 2727 21 3 —
537 2729 57 4 ____
674 2730 7 6 «
1021 2733 2 4 ■
1251 2732 24 14 -^

58 2791 153 81 A.
310 2791 107 81 J.
531 2793 744 94 WHITE'S,

227 2917 176 67 High
437 2920 126 52 and
598 2920 201 54 Tuaxn
836 2922 258 63 Streets,

120 3024 1100 66 .CHBISTCHUBGHi.

0 3183 156 67 L'riie
187 3201 224 45 Premier
443 3203 312 57 Furnishing
787 3204 402 47 Establishment
1208 3209 55 43 m

0 3276 26 34 r
465 3259 125 45 New
619 3261 227 43 Zealand.

48 3420 115 32 Parties
178 3423 126 40 visiting
321 3421 217 33 Christchurch
552 3423 101 30 would
667 3424 39 28 do
717 3423 68 29 well
800 3426 31 26 to
845 3424 126 29 observe
980 3423 67 29 that
1057 3427 33 27 at
1100 3424 52 30 the
1164 3425 95 34 aboye

120 3463 229 30 establishment
363 3464 73 39 they
450 3475 71 28 may
535 3474 128 31 procure
678 3473 91 30 every
783 3462 106 30 article
903 3463 68 29 that
984 3474 55 19 can
1054 3466 136 39 possibly

267 3505 39 29 be
319 3504 148 39 required,
483 3504 130 31 suitable
629 3504 47 30 for
695 3503 127 40 Cottage
836 3513 34 20 or
883 3503 150 35 Mansion.

45 3571 158 40 Tapestry,
227 3573 250 36 Kidderminster,
503 3576 61 29 and
589 3576 87 28 other
705 3574 136 39 Carpets.
904 3573 163 32 Furniture
1095 3576 157 44 Tapestry,

107 3611 149 36 Curtains,
273 3613 175 37 Cretonnes,
475 3614 165 31 Embossed
654 3615 134 35 Velvets,
808 3613 63 30 and
883 3614 43 29 all
947 3615 52 31 the
1014 3614 92 32 latest
1129 3616 65 33 Ma*

13 3674 16 23 -j
98 3670 15 19 t
352 3653 101 30 terials
467 3654 33 29 m
513 3656 60 29 Art
587 3654 182 40 Furnishing
780 3654 162 31 Materials.

3 3703 17 17 R
337 3714 1 1 ■
556 3715 83 7 ...
1093 3710 190 10 ■■■■'.*
