2499 4010
1311 1992 67 22 AND
1393 1993 212 21 WELLINGTON
1620 1994 185 20 SPECTATOR.

1362 2047 129 26 Saturday,
1511 2047 110 22 January
1640 2048 35 25 22,
1690 2048 60 21 1842.

1913 127 58 21 Lord
1981 127 26 22 G.
2023 127 111 26 Somerset,
2146 128 126 23 Chancellor
2280 130 68 23 oftthe
2357 131 76 28 Duchy
2448 133 24 20 of

1885 153 122 22 Lancaster.
2055 155 3 5 '
2233 171 4 8 ,

1913 181 51 21 Earl
1974 182 24 20 of
2005 181 99 25 Lincoln,
2111 182 80 21 Woods
2202 184 40 20 and
2252 184 91 22 Forests.
2367 202 9 10 r

1913 209 33 20 Sir
1967 209 80 25 George
2066 211 95 25 Murray,
2181 210 89 22 Master.
2273 212 89 21 General
2385 213 26 20 of
2430 213 37 22 the

1885 235 120 21 Ordnance.

1911 263 35 20 W.
1957 263 26 20 E.
1995 263 121 24 Gladstone,
2126 264 172 22 Vice-President
2312 266 24 21 of
2351 267 36 20 the
2395 267 71 22 Board

1884 290 24 20 of
1916 290 67 20 Trade
1994 290 42 20 and
2045 290 80 20 Master
2134 291 25 20 of
2166 292 37 20 the
2212 292 66 21 Mint.

1911 317 58 20 Hon.
1990 317 78 26 Sidney
2086 317 98 26 Herbert,
2205 319 108 27 Secretary
2327 322 23 19 to
2367 321 38 20 the
2421 322 44 20 Ad-

1883 344 91 26 miralty.
2007 350 4 5 ■

1911 371 34 21 Sir
1955 371 26 21 G.
1993 371 71 24 Clerk,
2080 371 33 21 Sir
2129 373 25 20 T.
2164 373 137 26 Freemantle,
2317 375 61 21 Joint
2393 376 73 20 Secre-

1883 398 63 20 taries
1957 398 25 21 of
1990 399 36 19 the
2034 399 111 25 Treasury.

1911 425 58 21 Hon.
1979 426 35 20 W.
2026 425 84 26 Baring,
2120 426 23 20 J.
2157 426 104 21 Emerson
2277 428 102 27 Tennent,
2393 429 73 22 Secre-

1882 453 65 20 taries
1958 453 23 20 of
1989 453 36 19 the
2034 453 71 20 Board
2113 454 25 19 of
2145 453 95 22 Control.

1910 479 59 21 Hon.
1981 480 24 20 C.
2016 479 33 21 M.
2061 479 83 26 Sutton,
2159 480 69 21 Home
2237 481 202 31 Under-Secretary.

1910 507 57 20 Lord
1978 507 103 26 Canning,
2092 507 89 26 Foreign
2191 508 199 29 Under-Secretary.

1911 534 27 19 G.
1948 534 35 20 W.
1995 534 69 26 Hope,
2077 534 95 20 Colonial
2183 535 198 29 Under-Secretary.

1910 561 117 20 Alexander
2046 561 90 26 Pringle,
2157 562 29 20 H.
2204 562 85 26 Baring,
2306 564 21 21 J.
2341 566 86 26 Young,
2442 566 23 22 J.

1882 588 80 21 Milnes
1972 588 93 25 Gaskell,
2076 588 66 21 Lords
2152 589 24 20 of
2184 589 37 20 the
2230 590 109 27 Treasury.

1910 616 33 20 Sir
1954 616 26 20 G.
1992 616 119 22 Cockburn.
2122 616 95 20 Admiral
2230 616 33 21 Sir
2272 618 34 19 W.
2318 619 63 26 Gage,
2392 620 34 20 Sir
2437 621 27 20 G.

1883 642 108 26 Seymour,
2016 643 59 20 Hon.
2096 643 89 27 Captain
2202 644 94 26 Gordon,
2313 646 58 21 Hon.
2391 647 30 21 H.
2439 649 26 20 L.

1883 670 74 26 Corry,
1966 670 66 21 Lords
2043 670 25 20 of
2076 672 34 19 the
2120 671 127 27 Admiralty.

1898 717 3 5 ,
1909 698 22 19 J.
1943 698 26 20 R.
1979 698 103 24 Bonham,
2094 698 137 26 Storekeeper
2240 699 26 20 of
2272 700 35 19 the
2317 700 120 24 Ordnance.

1910 725 89 26 Captain
2009 725 97 25 Boldero,
2118 726 63 20 Clerk
2191 726 25 20 of
2222 727 36 20 the
2269 727 117 21 Ordnance.

1910 752 88 21 Colonel
2004 752 107 21 Jonathan
2120 752 56 26 Peel,
2185 754 205 26 Surveyor-General
2399 756 25 20 of
2428 757 37 21 the

1882 779 121 21 Ordnance.

1911 807 34 20 Sir
1955 807 23 20 F.
1987 806 94 25 Pollock,
2092 806 212 28 Attorney-General.

1910 834 33 20 Sir
1952 834 35 20 W.
1998 834 84 21 Follett,
2094 834 207 21 Solicitor-General.

1909 861 39 21 Dr.
1960 861 92 25 Nicholl,
2064 861 67 26 Judge
2141 862 115 21 Advocate.

1909 889 34 20 Sir
1954 888 24 20 C.
1989 889 75 25 Bagot,
2075 889 211 22 Governor-General
2295 891 23 21 of
2326 891 93 23 Canada.

1908 916 33 20 Sir
1950 915 35 20 W.
1997 915 50 25 Rae,
2059 915 65 21 Lord-
2126 916 107 21 Advocate
2244 919 24 19 of
2276 918 106 22 Scotland.

1908 943 28 20 D.
1948 943 100 26 M'Neill,
2060 943 200 21 Solicitor-General
2268 946 34 20 for
2312 945 107 23 Scotland.

2120 984 115 15 IRELAND.

1908 1011 50 21 Earl
1968 1012 32 20 De
2011 1012 63 25 Grey,
2084 1013 58 19 Lord
2152 1013 135 21 Lieutenant.

1908 1039 34 20 Sir
1951 1039 25 20 E.
1990 1040 88 25 Sugden,
2090 1039 56 21 Lord
2157 1040 135 21 Chancellor.

1908 1066 57 21 Lord
1975 1067 67 24 Eliot,
2054 1067 63 20 Chief
2125 1067 119 28 Secretary.

1906 1099 4 9 :—:
1910 1105 25 3 —
1945 1095 137 24 Blackburue,
2095 1095 62 24 Q.C.,
2169 1096 211 26 Attorney-General.

1907 1121 100 26 Sergeant
2016 1121 101 25 Jackson,
2129 1122 208 22 Solicitor-General.

2036 1157 101 19 aXIEEN'S
2154 1162 150 15 HOUSEHOLD.

1909 1181 51 20 Earl
1969 1182 112 26 Delawarr,
2093 1183 57 20 Lord
2161 1183 154 23 Chamberlain.

1908 1209 50 19 Earl
1968 1210 24 19 of
1999 1209 118 27 Liverpool,
2130 1211 56 20 Lord
2197 1211 99 21 Steward.

1906 1235 51 21 Earl
1967 1237 25 19 of
1998 1237 81 26 Jersey,
2091 1237 81 21 Master
2181 1239 26 19 of
2218 1239 35 20 the
2264 1240 75 21 Horse.

1906 1263 52 21 Earl
1967 1265 25 19 of
1999 1264 99 27 Rosslyn,
2109 1265 82 21 Master
2201 1267 24 19 of
2232 1267 36 20 the
2279 1267 151 24 Buckhounds.

1906 1291 96 26 Marquis
2016 1293 23 19 of
2047 1293 98 25 Lothian,
2157 1292 90 27 Captain
2258 1295 23 20 of
2289 1295 35 21 the
2333 1296 96 22 Yeomen
2442 1299 26 20 of

1880 1318 36 20 the
1927 1319 78 19 Guard.

1906 1345 58 21 Lord
1972 1346 103 25 Forester,
2087 1347 90 26 Captain
2192 1348 24 20 of
2226 1349 38 20 the
2274 1349 124 23 Gentlemen
2409 1352 55 22 Pen.

1878 1373 88 21 sioners.

1905 1400 58 20 Lord
1972 1401 78 21 Ernest
2059 1401 75 26 Bruce,
2144 1402 218 24 Vice-Chamberlain.

1905 1428 52 20 Earl
1965 1428 95 27 Jermyn,
2070 1429 113 22 Treasurer
2193 1432 24 19 of
2222 1432 36 19 the
2266 1432 129 22 Household.

1906 1455 59 21 Hon.
1983 1456 29 20 D.
2028 1456 85 25 Darner,
2131 1457 141 27 Comptroller
2286 1460 23 20 of
2324 1461 35 20 the
2376 1461 87 23 House-

1878 1482 60 19 hold.

1905 1509 57 21 Lord
1971 1510 95 26 Aboyne,
2084 1511 57 21 Lord
2158 1512 81 26 Rivers,
2258 1514 56 21 Lord
2325 1515 133 28 Hardwicke,

1878 1536 58 21 Lord
1945 1537 77 27 Byrou,
2033 1538 51 21 Earl
2093 1539 24 20 of
2131 1539 111 26 Warwick,
2253 1540 104 23 Viscount
2367 1543 91 28 Sydney,

1877 1564 51 20 Earl
1942 1565 24 20 of
1980 1565 95 25 Morton,
2091 1566 95 27 Marquis
2204 1568 23 20 of
2243 1568 102 26 Ormond,
2357 1570 68 22 Lords
2437 1573 24 20 in

1877 1592 102 25 Waiting.

1905 1618 89 28 Captain
2009 1620 101 27 Meynell,
2122 1621 91 27 Orinsby
2223 1622 63 27 Gore,
2299 1623 60 28 Esq.,
2371 1625 89 23 Grooms

1877 1646 23 20 in
1910 1647 101 25 Waiting.

1905 1674 96 21 Duchess
2011 1676 25 19 of
2042 1676 127 25 Buccleuch,
2180 1676 97 22 Mistress
2288 1679 23 20 of
2318 1679 37 21 the
2364 1679 78 22 Robes.

1905 1702 146 21 Marchioness
2070 1703 100 26 Camden,
2192 1704 59 27 Lady
2268 1705 116 27 Lyttleton,
2405 1709 59 26 Lady

1879 1728 106 26 Portman,
1997 1730 59 26 Lady
2065 1730 97 25 Barham,
2174 1731 104 22 Countess
2288 1735 24 19 of
2320 1734 145 28 Charlemont,

1879 1756 74 20 Ladies
1962 1757 23 20 of
1993 1758 36 20 the
2039 1758 151 22 Bedchamber.

1905 1783 69 21 Lieut.
1980 1785 57 21 -Col.
2049 1785 23 21 C.
2081 1786 21 20 J.
2112 1787 130 26 Arbuthnot,
2255 1788 102 28 Equerry.

1979 1825 87 14 PRINCE
2082 1823 113 19 ALBERT'S
2210 1828 149 16 HOUSEHOLD.

1908 1844 95 28 Marquis
2013 1848 24 19 of
2046 1848 83 24 Exeter,
2143 1849 78 20 Groom
2228 1850 25 20 of
2261 1851 35 19 the
2306 1851 66 21 Stole.

1909 1900 88 21 Colonel
2007 1902 104 24 Perceval,
2124 1903 214 27 Sergeant-at-Arms.

1907 1927 58 21 Lord
1976 1929 23 20 C.
2011 1930 118 25 Wellesley,
2142 1931 65 21 Clerk
2216 1932 103 22 Marshal.

1915 1963 65 24 Thus
2003 1964 38 23 the
2064 1965 81 30 Whigs
2164 1968 57 22 have
2244 1968 56 23 been
2324 1975 72 24 sw.ept
2416 1975 47 19 out.

1880 1994 77 24 There
1969 1996 40 23 has
2022 1997 58 23 been
2091 2004 29 16 no
2132 2002 96 27 attempt
2240 2004 23 18 at
2278 2001 147 29 negotiation,
2441 2010 26 15 or

1881 2028 105 23 coalition
1997 2030 54 23 with
2068 2030 38 23 the
2124 2031 78 23 routed
2222 2037 74 26 party.
2332 2033 51 24 The
2397 2034 75 24 Court

1881 2062 41 22 has
1934 2064 66 28 again
2012 2062 69 24 fallen
2092 2064 47 22 into
2153 2064 62 31 Tory
2223 2065 80 30 hands,
2317 2067 44 23 and
2372 2075 34 16 we
2414 2068 57 23 read

1882 2095 24 22 of
1916 2095 37 22 Sir
1965 2095 90 24 Robert
2066 2096 43 23 and
2122 2097 67 31 Lady
2201 2098 57 23 Peel
2273 2099 44 23 and
2329 2100 64 23 other
2405 2101 63 31 Tory-

1880 2128 62 23 lords
1971 2129 44 23 and
2044 2130 69 23 ladies
2141 2131 96 31 visiting
2265 2133 37 23 the
2332 2133 82 25 Queen
2445 2139 24 19 at

1882 2161 115 30 Windsor,
2007 2161 51 31 just
2069 2171 24 15 as
2110 2163 145 31 Melbourne,
2265 2165 149 32 Lausdowne,
2425 2168 45 24 and

1881 2194 37 23 the
1942 2200 48 18 rest
2011 2203 57 16 were
2091 2201 60 19 wont
2172 2198 25 22 in
2222 2198 59 24 their
2310 2201 61 23 time.
2417 2201 51 24 The

1882 2227 94 32 change,
1990 2236 24 15 as
2026 2237 33 16 we
2071 2230 63 23 learn
2145 2231 60 23 from
2221 2233 87 29 private
2326 2233 87 30 letters,
2426 2234 43 24 has

1881 2261 58 23 been
1958 2262 94 24 effected
2066 2263 56 23 with
2167 2266 152 31 unexampled
2334 2267 135 30 quietude."'

1882 2294 76 24 There
1970 2303 45 15 was
2025 2304 62 15 some
2098 2297 91 31 fuming
2200 2298 44 23 and
2256 2299 93 31 fretting
2360 2301 25 22 in
2397 2300 71 32 Whig

1881 2335 90 23 papers,
1992 2329 42 23 but
2056 2330 38 23 the
2112 2331 80 23 nation
2202 2330 82 26 looked
2302 2340 29 16 on
2350 2334 55 23 with
2426 2335 44 23 im-

1881 2361 116 24 inoveable
2009 2363 92 31 apathy.

1915 2394 88 31 Money
2027 2396 53 24 bills
2103 2405 59 16 were
2183 2398 94 32 passing
2303 2399 100 32 through
2432 2401 39 24 the

1882 2427 82 24 House
1993 2429 25 22 of
2052 2429 131 31 Commons,
2209 2432 43 23 but
2278 2440 28 16 no
2336 2432 133 26 debateahle

1881 2469 104 16 measure
1995 2470 47 16 was
2051 2467 22 19 to
2085 2464 29 22 he
2125 2464 100 31 brought
2236 2465 97 24 forward
2343 2467 78 24 before
2432 2468 38 24 the

1881 2499 56 19 next
1959 2496 97 23 session.
2103 2497 45 23 We
2172 2504 62 18 must
2254 2507 90 16 reserve
2360 2500 37 24 till
2414 2505 56 20 next

1882 2528 63 23 week
1954 2536 44 23 any
2011 2530 103 24 remarks
2126 2538 34 16 we
2178 2539 54 24 may
2249 2532 57 24 have
2324 2537 24 19 to
2366 2534 56 24 offer
2441 2543 31 15 on

1882 2560 38 24 the
1943 2562 108 30 probable
2074 2565 118 29 operation
2214 2565 25 23 of
2265 2566 38 24 the
2331 2566 88 32 change
2447 2568 28 24 of

1880 2594 107 31 ministry
1998 2603 30 16 on
2042 2596 104 24 Colonial
2161 2598 109 24 interests
2289 2601 119 31 generally
2426 2601 46 24 and

1882 2627 64 23 those
1958 2629 25 22 of
1998 2629 58 24 New
2068 2630 102 24 Zealand
2183 2630 129 31 especially!

1915 2685 36 31 By
1967 2686 114 25 reference
2099 2692 23 19 to
2142 2696 42 16 our
2204 2689 108 32 shipping
2326 2690 48 31 list,
2391 2692 20 24 it
2425 2693 47 23 will

1880 2719 30 23 be
1922 2726 61 22 seen,
1996 2719 50 24 that
2065 2721 87 23 several
2167 2721 64 32 large
2249 2724 87 23 vessels
2352 2718 69 31 were*
2425 2725 47 25 laid

1883 2759 29 16 on
1922 2752 36 23 for
1971 2753 57 24 New
2040 2753 108 31 Zealand,
2162 2755 44 24 and
2223 2756 40 23 the
2277 2757 72 24 whole
2367 2763 66 20 tenor
2449 2760 27 24 of

1882 2785 38 23 the
1939 2786 144 32 intelligence
2101 2787 32 32 by
2157 2788 38 24 the
2223 2788 118 31 Fifeshire
2369 2792 21 22 is
2418 2800 57 24 very

1882 2818 130 24 favourable
2025 2825 22 18 to
2068 2820 38 24 the
2122 2821 90 24 settlers
2232 2822 25 24 in
2273 2823 85 25 Cook's
2378 2825 93 26 Straits.

1884 2852 48 24 Mr.
1951 2852 32 24 E.
2009 2853 31 24 G.
2063 2853 131 25 Wakefield
2215 2855 46 24 had
2284 2858 109 24 returned
2413 2859 60 24 from

1884 2885 99 29 Canada,
1997 2886 45 23 and
2051 2895 46 15 was
2107 2888 104 31 working
2223 2889 66 31 night
2297 2891 45 23 and
2351 2891 44 31 day
2402 2893 24 23 in
2432 2902 41 15 our

1882 2918 85 24 behalf.
2003 2918 105 33 (During
2119 2921 36 23 his
2168 2921 96 25 absence
2272 2931 14 15 a
2292 2928 87 20 certain
2392 2925 81 31 degree

1884 2951 24 23 of
1934 2952 98 31 languor
2057 2953 46 24 had
2125 2954 117 31 prevailed
2263 2957 24 22 in
2309 2957 163 27 Broad-street

1884 2984 143 33 Buildings.)
2070 2987 50 24 The
2133 2987 120 25 Directors
2265 2989 45 24 had
2319 2991 128 26 forwarded
2458 3001 14 16 a

1884 3026 56 23 copy
1952 3019 25 23 of
1992 3019 38 24 the
2046 3021 97 30 petition
2160 3021 35 24 for
2212 3022 119 25 Governor
2352 3025 120 25 Hobson's

1882 3052 70 22 recall
1969 3057 21 18 to
2011 3053 38 23 the
2067 3061 50 16 new
2136 3053 106 26 Colonial
2260 3057 128 33 Secretary,
2407 3059 64 25 Lord

1884 3084 94 32 Stanley
1990 3095 5 20 ;
2033 3087 44 23 and
2109 3087 55 24 with
2192 3088 18 23 it
2232 3097 15 15 a
2272 3097 56 24 very
2339 3110 4 4 .
2355 3094 116 29 energetic

1883 3123 87 26 protest
1998 3120 89 30 against
2113 3120 38 24 his
2174 3121 162 33 Excellency's
2358 3126 114 32 crimping

1882 3153 119 29 practices.
2052 3153 46 24 We
2125 3154 69 30 have,
2212 3156 117 24 extracted
2350 3161 44 21 two
2416 3167 57 24 very

1882 3186 110 30 powerful
2003 3187 89 23 articles
2110 3187 61 24 from
2190 3187 38 25 the
2251 3188 104 26 Colonial
2376 3191 96 26 Gazette

1884 3226 31 15 on
1936 3219 39 24 the
1998 3219 89 32 subject
2109 3220 25 23 of
2188 3220 119 26 Hobson's
2327 3223 79 25 choice
2448 3227 26 23 of

1884 3252 124 24 Auckland
2018 3253 35 23 for
2072 3253 38 24 the
2127 3258 49 19 seat
2195 3255 24 23 of
2242 3255 165 33 Government,
2426 3260 46 23 and

1883 3285 37 23 his
1931 3285 102 33 hostility
2045 3291 22 19 to
2087 3287 58 23 Port
2164 3287 135 26 Nicholson.
2346 3291 26 23 It
2391 3292 21 24 is
2431 3297 42 20 not

1883 3319 100 30 possible
1995 3320 50 23 that
2057 3320 97 31 Captain
2172 3321 79 32 Crimp
2268 3330 42 16 can
2328 3323 57 33 long
2403 3327 69 23 resist

1884 3352 39 23 the
1941 3356 80 28 strong
2042 3353 125 24 influences
2189 3356 57 22 now'
2261 3355 99 26 directed
2381 3360 91 30 against

1884 3385 62 30 him;
1972 3386 44 24 and
2038 3387 87 29 indeed,
2148 3396 14 14 a
2180 3389 88 30 private
2286 3393 186 30 correspondent

1885 3419 49 24 who
1946 3420 42 23 has
1999 3420 39 23 the
2049 3420 52 24 best
2109 3428 80 16 means
2197 3422 26 23 of
2230 3422 154 32 information,
2396 3427 76 23 writes

1885 3457 22 19 to
1930 3461 28 15 us
1980 3453 50 23 that
2077 3453 100 25 Hobson
2197 3455 21 23 is
2242 3456 57 24 done
2319 3457 43 30 for,
2376 3459 45 24 and
2435 3460 38 23 his

1883 3487 105 29 precious
2018 3486 104 25 'choice'
2152 3488 21 23 is
2198 3488 54 25 held
2279 3490 26 24 in
2327 3490 100 26 derision
2449 3494 23 22 in

1919 3553 51 24 The
1987 3553 119 24 Directors
2120 3554 25 24 of
2161 3554 38 24 the
2216 3556 58 24 New
2284 3557 102 26 Zealand
2403 3559 68 24 Com-

1884 3593 61 24 pany
1953 3586 45 24 had
2007 3587 104 24 resolved
2122 3592 24 19 to
2165 3588 100 26 advance
2276 3598 14 16 a
2307 3591 64 32 large
2388 3600 51 16 sum
2452 3592 23 24 of

1884 3628 82 22 money
1979 3625 23 18 to
2020 3621 28 22 be
2061 3621 125 31 expended,
2204 3623 56 24 with
2272 3624 95 25 Colonel
2385 3626 87 24 Wake-

1884 3653 74 24 field's
1978 3654 110 29 sanction,
2108 3655 25 23 in
2151 3655 96 32 making
2264 3657 67 24 roads
2349 3659 47 24 and
2411 3660 63 23 other

1885 3687 98 23 internal
2000 3687 178 31 improvements
2190 3690 22 23 in
2225 3690 141 32 Wellington
2381 3692 44 24 and
2436 3693 38 23 the

1885 3720 105 31 adjacent
2004 3721 108 30 districts,
2129 3722 120 25 whenever
2266 3724 39 24 the
2325 3725 150 31 Corporation

1886 3753 66 24 could
1969 3759 123 25 guarantee
2103 3761 135 26 repayment
2256 3758 24 23 of
2296 3758 38 24 the
2351 3758 55 24 loan
2420 3759 54 24 with

1885 3787 116 23 moderate
2011 3788 103 23 interest.

1920 3847 51 24 The
1984 3847 120 33 Company
2115 3857 58 23 gave
2185 3858 13 16 a
2216 3851 72 31 grand
2300 3854 175 24 entertainment

1887 3885 23 19 at
1927 3881 75 23 Black
2004 3881 50 23 wall
2066 3890 29 16 on
2108 3883 39 23 the
2167 3884 57 25 17th
2245 3885 25 23 of
2285 3885 143 31 September,
2447 3894 28 16 on

1887 3914 39 23 the
1938 3915 104 23 occasion
2054 3915 24 24 of
2087 3915 39 24 the
2139 3916 120 32 departure
2268 3918 26 23 of
2306 3918 39 24 the
2357 3920 52 23 first
2419 3921 56 23 emi-

1887 3952 78 27 grants
1986 3948 35 24 for
2284 3951 45 25 We
2348 3952 59 25 shall
2424 3955 50 29 give

1300 2106 37 31 By
1348 2105 38 24 the
1406 2105 124 30 Fifeshire,
1555 2107 73 23 which
1651 2107 88 23 arrived
1762 2111 23 19 at
1808 2107 44 24 this

1266 2144 52 26 port
1337 2140 58 23 from
1414 2139 106 29 London,
1541 2148 29 15 on
1590 2140 130 30 Thursday,
1741 2149 33 15 we
1797 2142 55 22 have

1268 2172 101 24 received
1388 2172 102 32 English
1504 2181 146 23 newspapers
1670 2174 44 23 and
1731 2173 79 24 letters
1830 2180 22 19 to

1268 2206 36 23 the
1317 2206 59 24 30th
1388 2206 142 31 September.
1567 2206 50 25 The
1631 2207 110 31 expected
1752 2208 100 30 political

1269 2239 96 30 changes
1388 2239 46 24 had
1454 2240 108 23 occurred
1562 2253 33 4 —
1596 2241 38 23 the
1753 2241 45 24 had
1817 2249 35 16 re-

1268 2272 78 31 signed
1360 2273 71 29 office,
1445 2273 44 23 and
1501 2274 38 23 Sir
1550 2273 90 24 Robert
1652 2274 56 23 Peel
1718 2281 45 17 was
1775 2275 77 23 Prime

1268 2305 118 23 Minister.

1301 2338 51 25 The
1365 2340 87 22 session
1464 2339 26 23 of
1504 2340 143 23 Parliament
1664 2347 45 16 was
1726 2341 86 31 opened
1825 2349 27 16 on

1269 2373 37 23 the
1319 2372 57 24 19th
1387 2372 94 31 August
1481 2385 34 4 —
1517 2373 36 23 the
1565 2373 83 30 speech
1659 2373 59 23 from
1727 2375 38 22 the
1774 2374 78 24 throne

1269 2406 67 30 being
1348 2405 112 24 delivered
1471 2406 30 30 by
1514 2406 154 30 commission,
1680 2415 24 15 as
1712 2408 19 22 it
1741 2415 46 16 was
1800 2415 52 16 con-

1270 2439 87 24 sidered
1374 2439 130 31 imprudent
1521 2444 21 18 to
1560 2439 90 32 subject
1670 2439 35 24 the
1725 2440 84 25 Queen
1831 2446 21 19 to

1270 2481 43 22 any
1329 2472 97 24 unusual
1447 2473 137 23 excitement
1602 2481 26 14 or
1646 2474 110 23 exertion.
1804 2474 47 24 Mr.

1271 2506 66 24 Shaw
1353 2505 96 24 Lefevre
1468 2513 47 16 was
1525 2505 127 25 re-elected
1670 2506 102 32 Speaker
1788 2507 64 24 with-

1271 2544 39 19 out
1322 2540 135 29 opposition.

1303 2573 50 23 The
1364 2572 93 24 address
1469 2580 46 16 was
1530 2573 82 23 moved
1631 2573 26 23 in
1674 2573 39 24 the
1732 2573 82 25 House
1832 2575 24 23 of

1271 2606 72 24 Lords
1355 2606 30 30 by
1397 2605 58 24 Earl
1471 2606 109 31 Spencer,
1600 2606 45 24 and
1665 2614 28 16 an
1709 2608 145 23 amendment

1271 2639 113 31 declaring
1393 2643 62 19 want
1467 2639 25 23 of
1506 2639 131 24 confidence
1649 2640 25 22 in
1691 2640 121 24 Ministers
1823 2641 28 31 by

1271 2673 35 24 the
1326 2672 57 24 Earl
1401 2672 26 23 of
1448 2672 86 31 Ripon,
1557 2672 49 24 who
1626 2673 54 24 took
1699 2673 39 24 the
1757 2674 52 23 lead
1830 2676 23 22 in

1271 2707 108 30 opposing
1390 2706 38 22 his
1445 2706 84 23 former
1546 2706 89 23 friends
1653 2706 44 24 and
1717 2707 135 31 colleagues.

1271 2740 62 23 Lord
1345 2739 137 23 Melbourne
1490 2739 119 31 professed
1626 2744 23 19 to
1670 2740 29 23 be
1745 2740 109 25 thunder-

1382 2776 23 20 at
1417 2772 39 23 the
1468 2772 151 29 amendment,
1639 2773 88 32 though
1738 2773 60 24 what
1809 2774 45 24 else

1270 2807 28 23 he
1319 2805 67 24 could
1404 2805 59 24 have
1482 2806 116 31 expected,
1619 2806 20 23 it
1661 2807 19 22 is
1698 2811 41 19 not
1762 2815 53 23 easy
1831 2813 23 18 to

1271 2841 105 29 imagine.
1413 2838 51 24 The
1476 2839 145 23 amendment
1633 2847 44 15 was
1698 2840 87 24 carried
1800 2841 30 30 by
1842 2849 13 15 a

1270 2873 105 31 majority
1386 2872 25 23 of
1426 2873 33 25 72
1460 2885 33 3 —
1494 2873 38 22 the
1544 2873 109 23 numbers
1666 2881 28 15 on
1706 2873 37 24 the
1758 2874 98 24 division

1270 2907 68 29 being
1353 2907 45 23 168
1412 2909 23 20 to
1447 2907 41 22 96.
1524 2932 3 3 .
1604 2927 8 6 „

1304 2939 30 24 In
1353 2939 38 23 the
1413 2939 81 23 House
1514 2939 25 24 of
1558 2939 131 29 Commons,
1706 2939 39 24 the
1764 2940 90 24 address

1270 2980 45 16 was
1327 2972 81 24 moved
1424 2972 32 31 by
1474 2972 48 24 Mr.
1543 2972 72 24 Mark
1637 2973 106 31 Phillips,
1764 2974 45 23 and
1826 2982 27 16 an

1271 3005 143 25 amendment
1437 3005 85 24 similar
1544 3010 23 19 to
1591 3006 50 23 that
1664 3007 86 23 carried
1770 3008 25 23 in
1818 3008 36 23 the

1270 3039 82 28 Lords,
1370 3039 30 30 by
1412 3038 48 24 Mr.
1475 3039 80 23 Stuart
1574 3039 109 31 Wortley.
1724 3040 64 24 After
1805 3040 51 24 four

1270 3072 77 32 nights
1358 3072 87 29 debate,
1459 3072 39 23 the
1510 3073 145 23 amendment
1664 3080 46 16 was
1724 3073 85 24 carried
1824 3074 32 31 by

1271 3114 13 16 a
1294 3106 105 31 majority
1412 3105 25 23 of
1444 3106 32 23 91
1478 3118 35 4 —
1513 3105 81 24 Tories
1607 3107 57 28 360,
1676 3106 106 24 Liberals
1797 3108 57 24 269.

1271 3139 50 24 The
1332 3138 122 24 Ministers
1464 3139 155 31 immediately
1630 3139 113 31 resigned,
1758 3140 44 24 and
1818 3140 38 24 Sir

1271 3172 87 24 Robert
1381 3172 58 23 Peel
1460 3179 47 15 was
1530 3176 53 19 sent
1603 3172 36 23 for
1660 3172 29 31 by
1708 3173 38 23 the
1765 3173 89 26 Queen.

1271 3207 37 22 Sir
1327 3205 90 24 Robert
1433 3204 47 23 lost
1497 3212 28 16 no
1543 3206 55 23 time
1616 3206 25 23 in
1652 3205 99 32 forming
1768 3206 36 24 his
1816 3207 40 24 ad-

1271 3238 152 25 ministration
1434 3247 5 20 ;
1461 3238 44 23 and
1516 3238 60 23 from
1588 3238 37 24 the
1637 3247 77 15 names
1727 3240 24 23 in
1762 3240 39 23 the
1812 3240 43 24 fol-

1270 3273 83 29 lowing
1365 3271 68 28 table,
1443 3271 20 23 it
1481 3271 74 24 would
1567 3279 63 16 seem
1640 3272 50 23 that
1707 3273 29 23 he
1754 3274 102 24 received

1272 3308 61 22 carte
1345 3304 92 24 blanche
1444 3304 60 23 from
1512 3304 41 24 her
1565 3304 110 31 Majesty.

1439 3342 76 21 PEEL
1535 3343 154 22 MINISTRY.

1510 3377 109 14 CABINET.

1441 3398 64 21 Duke
1515 3399 24 20 of
1546 3399 138 25 Wellington.

1299 3427 33 20 Sir
1343 3426 79 21 Robert
1433 3425 54 25 Peel,
1499 3426 56 21 First
1564 3426 58 21 Lord
1629 3427 25 20 of
1661 3428 35 20 the
1706 3427 110 28 Treasury.

1298 3454 58 20 Lord
1365 3454 130 25 Lyndhurst,
1505 3454 57 20 Lord
1574 3454 131 21 Chancellor.

1298 3481 66 27 Right
1379 3481 58 20 Hon.
1456 3481 29 20 H.
1504 3481 118 26 Goulburn,
1639 3481 125 23 Chancellor
1780 3484 25 20 of
1821 3484 36 20 the

1272 3510 131 25 Exchequer.

1299 3537 57 20 Lord
1365 3535 144 25 Wharncliffe,
1517 3535 111 21 President
1637 3537 24 20 of
1668 3537 36 21 the
1715 3537 96 22 Council.

1299 3565 63 20 Duke
1372 3563 24 21 of
1405 3563 152 26 Buckingham,
1569 3563 61 26 Privy
1642 3565 55 20 Seal.

1299 3592 34 20 Sir
1343 3591 70 21 James
1424 3591 98 24 Graham,
1533 3590 70 21 Home
1614 3591 115 28 Secretary.

1300 3619 51 21 Earl
1360 3619 24 19 of
1391 3618 118 23 Aberdeen,
1520 3618 89 26 Foreign
1621 3619 115 27 Secretary.

1299 3647 57 20 Lord
1366 3646 93 25 Stanley,
1471 3645 98 21 Colonial
1578 3646 117 27 Secretary.

1299 3675 46 19 The
1360 3673 52 20 Earl
1428 3673 24 19 of
1470 3672 144 27 Haddington,
1632 3674 55 20 First
1702 3674 60 21 Lord
1781 3676 24 20 of
1821 3676 36 21 the

1273 3701 127 24 Admiralty.

1301 3728 56 21 Lord
1367 3727 164 26 Ellenborough,
1543 3727 110 21 President
1664 3729 25 20 of
1702 3730 36 20 the
1753 3730 69 21 Board
1835 3732 24 19 of

1274 3756 96 21 Control.

1299 3784 45 20 The
1353 3782 52 21 Earl
1414 3782 24 20 of
1452 3782 78 26 Ripon,
1538 3791 4 5 •
1547 3782 110 21 President
1666 3784 25 20 of
1703 3784 36 21 the
1753 3785 70 22 Board
1836 3786 24 21 of

1273 3812 73 20 Trade.

1301 3838 35 21 Sir
1346 3838 29 20 H.
1386 3836 115 26 Hardinge,
1513 3837 110 27 Secretary
1631 3840 22 18 at
1661 3838 59 21 War.

1302 3866 34 20 Sir
1345 3866 26 19 E.
1383 3864 137 25 Knatchbull,
1530 3864 114 22 Treasurer
1659 3866 23 20 of
1697 3868 37 19 the
1743 3867 61 28 Navy
1818 3869 42 21 and

1275 3894 41 25 Pay
1318 3895 74 18 master
1391 3896 7 9 1
1405 3892 25 21 of
1435 3892 36 20 the
1481 3892 84 21 Forces.

1301 3947 57 22 Lord
1367 3947 106 24 Lowther,
1482 3946 238 24 Postmaster-General.

521 42 100 31 THE
638 44 111 30 NEW
762 39 228 40 ZEALAND
1012 42 224 32 GAZETTE
1253 43 103 31 AND
1376 43 327 32 WELLINGTON
1725 44 294 33 SPECTATOR.

715 2685 170 24 SHIPPING
903 2685 274 26 INTELLIGENCE.

876 2740 146 19 ARRIVED.

682 2764 53 22 Jan.
754 2765 32 26 19,
798 2763 110 23 schooner
922 2765 74 24 Anita,
1014 2765 124 27 (miscalled
1149 2768 94 21 Hannah

655 2791 25 22 in
696 2798 41 15 our
748 2791 43 21 last
800 2791 85 28 paper,)
896 2792 40 21 219
953 2795 57 24 tons,
1028 2792 80 27 Beech,
1118 2792 59 24 from
1188 2795 55 27 Syd-

655 2826 52 18 ney.
743 2817 134 28 Passengers
877 2829 29 4 —
909 2819 44 21 Mr.
969 2819 45 22 and
1031 2819 53 22 Mrs.
1103 2819 74 28 Elgar,
1198 2822 45 22 and

656 2845 92 22 Messrs.
759 2845 86 27 Anglin
861 2845 46 22 and
921 2845 111 28 Hesketh,
1042 2846 44 22 and
1102 2846 51 23 four
1165 2848 24 22 in
1205 2848 37 23 the

656 2876 107 23 steerage.

683 2899 52 22 Jan.
746 2900 35 24 20,
792 2898 109 23 schooner
908 2899 60 27 Jane,
981 2900 25 21 15
1016 2902 55 25 tons,
1082 2900 92 27 Fabien,
1185 2902 57 23 from

654 2926 135 27 Wanganui.
809 2925 133 28 Passengers
944 2937 28 5 —
973 2926 88 23 Messrs.
1072 2927 29 22 G.
1116 2927 35 22 W.
1163 2928 80 25 Schro-

656 2954 46 25 der,
716 2952 46 22 and
772 2952 98 27 Hodges,
882 2953 43 22 and
935 2956 96 19 servant.

685 2980 66 22 Sauie
761 2979 50 27 day,
822 2979 84 22 baraue
913 2980 113 25 Fifeshire,
1032 2980 39 23 557
1081 2984 58 25 tons,
1146 2982 97 29 Arnold;

655 3007 59 22 from
725 3006 96 23 London
827 3013 4 18 ;
849 3006 52 22 with
913 3007 138 27 immigrants
1065 3008 36 22 for
1109 3008 37 23 the
1156 3009 85 24 Nelson

655 3034 137 22 settlement.
821 3033 132 28 Passengers
955 3045 27 4 —
982 3034 55 22 Mrs.
1053 3035 45 22 and
1112 3036 56 22 Miss
1184 3037 59 22 Wal-

655 3061 56 27 lace,
723 3060 43 22 Mr.
779 3059 45 22 and
835 3060 55 22 Mrs.
908 3060 76 28 Smith,
996 3060 79 28 White,
1088 3063 49 22 Mrs
1152 3063 88 29 Duffey,

657 3088 56 21 Mrs.
728 3088 100 25 Stevens,
843 3087 56 22 Mrs.
909 3088 46 21 and
970 3085 62 29 Miss.
1039 3088 93 30 Durley,
1143 3090 45 23 Mr.
1199 3091 43 22 and

657 3115 56 22 Mrs.
724 3114 98 27 Pointer,
833 3114 90 22 Messrs.
940 3114 101 28 Trowrie,
1052 3116 108 28 Cotterill,
1172 3118 70 22 Saun-

657 3142 57 26 ders,
736 3140 83 28 Drake,
836 3141 77 27 Slater,
934 3141 100 28 Goultor,
1052 3142 99 29 Trowsu,
1173 3145 67 27 Jolly,

657 3168 66 27 Kerr,
735 3168 45 22 and
789 3168 86 27 Cullen,
887 3168 45 22 and
941 3170 41 19 164
991 3169 24 21 in
1025 3170 36 21 the
1071 3173 108 25 steerage.

685 3196 52 21 Jan.
749 3197 33 25 21,
794 3194 108 23 schooner
909 3196 64 24 Kate,
981 3213 1 7 ,
990 3196 26 22 70
1033 3200 56 24 tons.
1100 3197 70 27 Read,
1185 3199 57 21 from

658 3222 37 22 the
713 3226 67 18 coast.
809 3222 132 28 Passengers
942 3234 28 4 —
970 3222 21 23 J.
1007 3223 23 21 A
1033 3223 99 23 'Beckett
1145 3226 47 22 and
1207 3227 34 21 W.

658 3249 105 27 Heberly.

895 3297 114 20 SAILED.

685 3325 53 21 Jan.
753 3325 33 25 20,
798 3323 109 23 schooner
918 3324 56 27 Ann,
988 3325 27 21 62
1031 3328 56 24 tons,
1099 3326 98 28 Higgins,
1207 3329 36 22 for

658 3352 57 22 New
726 3350 126 29 Plymouth.

686 3379 65 21 Same
762 3377 51 28 day,
823 3377 108 23 schooner
937 3380 82 25 Henry,
1027 3380 25 21 14
1059 3382 57 26 tons,
1123 3382 112 27 Daymond

658 3406 35 21 for
702 3406 39 21 the
749 3405 129 21 Manewatu
888 3404 75 23 River.
1235 3401 7 11 '

686 3432 53 22 Jan.
749 3434 33 23 21,
802 3433 68 20 cutter
884 3432 114 24 Pickwick,
1140 3437 36 22 for
1190 3439 55 22 Nel-

659 3467 48 14 son.
756 3459 162 27 Passengers—
918 3459 42 22 Dr.
982 3459 80 28 Butler,
1085 3463 44 22 Mr.
1148 3464 87 28 Draper

661 3487 43 21 Mr.
723 3485 118 23 Cockburn
860 3485 50 23 wife
929 3487 45 21 and
991 3488 14 20 2
1025 3488 105 30 children,

659 3513 132 26 Wilkinson,
810 3512 63 27 Ross,
883 3513 89 28 Taylor,
989 3513 44 23 and
1047 3515 78 29 Blake,
1136 3520 46 21 and
1198 3521 12 21 8
1219 3521 24 21 in

660 3540 37 21 the
708 3544 107 22 steerage.
845 3542 4 7 *

886 3584 32 21 IN
933 3585 86 22 PORT.

713 3612 83 26 Barque
808 3612 63 25 Tyne,
883 3611 126 23 Robertson.

715 3650 3 5 •
796 3648 4 6 •
806 3639 123 25 Middlesex,
939 3640 90 22 Salmon.

717 3666 51 26 Ship
778 3666 121 25 Mandarin,
909 3667 72 21 Yuile.

716 3694 107 20 Schooner
831 3694 77 24 Fidele,
920 3694 94 22 Salvator
1024 3696 94 22 Cemino.

717 3721 107 20 Schooner
836 3722 56 22 Gem,
902 3722 83 21 Pearce.

839 3749 58 19 Look
907 3749 29 25 in,
948 3749 94 24 Cannon.

760 3777 3 13 :
840 3776 73 24 Anita,
925 3777 77 21 Beech.

790 3814 3 14 ;—;
793 3814 31 3 —
837 3803 60 25 Jane,
908 3804 85 22 Fabien.

653 3826 2 19 I
716 3829 84 26 Barque
808 3830 110 25 Fifeshire,
928 3832 89 21 Arnold.

718 3856 108 22 Schooner
834 3858 63 25 Kate,
908 3859 66 21 Read.

653 3911 2 26 i
687 3915 85 20 Vessels
781 3916 43 20 laid
833 3922 28 14 on
870 3916 34 21 for
913 3917 36 21 the
960 3918 50 21 New
1021 3919 92 22 Zealand
1119 3921 128 27 Company's

662 3942 131 21 settlements
801 3951 5 12 :

741 3972 7 10 i

1299 125 44 20 The
1353 125 65 25 Mary
1427 126 68 24 Anne,
1505 126 50 24 587,
1564 126 34 20 for
1608 126 52 20 Port
1666 126 82 20 Nelson
1755 133 7 17 ;

1298 152 45 20 The
1359 153 127 25 Brougham,
1503 153 49 25 250,
1569 154 34 19 for
1617 153 54 21 Port
1685 153 117 21 Nicholson
1818 154 40 20 and

1271 179 52 20 Port
1334 179 81 21 Nelson
1423 186 7 18 ;

1297 206 45 20 The
1351 207 52 19 New
1414 207 59 20 York
1480 207 88 25 Packet,
1578 207 50 25 400,
1640 208 35 20 for
1684 207 52 21 New
1750 207 93 21 Zealand
1851 216 5 16 ;

1296 233 45 20 The
1363 233 87 26 Clifton,
1475 235 47 24 820,
1542 235 51 20 with
1617 235 112 26 emigrants
1748 235 34 20 for
1808 235 50 20 Port

1269 260 119 20 Nicholson
1395 268 7 16 ;

1297 287 45 21 The
1353 288 122 24 Timanlra,
1484 289 48 24 430,
1544 289 34 20 for
1586 289 53 21 New
1653 289 112 26 Plymouth
1773 297 6 16 ;

1297 315 45 19 The
1351 315 59 19 Lord
1417 316 116 26 Auckland,
1546 317 45 24 600,
1603 316 33 21 for
1646 316 52 20 Port
1706 317 80 20 Nelson
1795 324 5 16 ;

1297 341 44 21 The
1357 342 124 25 Indemnity,
1498 343 49 24 400,
1564 343 52 21 with
1628 345 113 25 emigrants
1757 344 34 20 for
1807 344 51 20 Port.

1270 369 117 21 Nicholson
1395 376 5 16 ;

1296 396 45 20 The
1349 396 84 25 Lloyds,
1444 397 49 24 500,
1503 397 34 21 for
1547 397 51 21 Port
1607 397 88 22 Nelson.

1296 423 45 20 The
1360 424 125 25 Brougham,
1504 425 52 19 with
1574 425 36 19 the
1633 425 105 26 principal
1754 425 51 21 mail
1828 431 28 13 on

1268 450 72 25 board,
1351 456 50 21 may.
1407 451 26 20 be
1443 451 76 26 hourly
1533 452 98 25 expected
1640 460 6 15 ;
1660 453 38 20 she
1706 452 78 26 having
1792 453 64 19 sailed

1268 477 24 20 in
1312 484 102 19 company
1432 478 55 20 with,
1502 479 36 19 the
1556 479 113 24 Fifeshire.
1706 480 44 20 The
1769 479 85 26 Lloyds,

1268 505 64 25 Mary
1353 505 66 26 Anne,
1444 505 85 26 Clifton,
1546 506 42 20 and
1603 506 60 20 Lord
1677 506 118 25 Auckland,
1813 507 41 19 had

1268 533 48 19 also'
1323 532 65 20 sailed
1396 533 34 19 for
1438 533 55 19 their
1509 533 115 26 respective
1638 533 144 21 destinations.
1811 534 44 20 The

1268 560 78 25 Lloyd*
1356 560 36 20 has
1400 566 27 14 on
1437 560 66 20 board
1512 560 36 20 the
1556 560 62 20 wives
1628 561 42 19 and
1678 561 94 20 children
1783 562 24 19 of
1818 562 36 19 the

1269 593 110 19 surveyors
1389 588 21 18 at
1421 586 51 21 Port
1480 587 90 20 Nelson.

1296 750 45 21 The
1350 751 60 25 Lady
1426 751 68 25 Leigh
1508 757 42 14 was
1567 750 118 21 advertised
1694 754 21 18 at
1729 750 85 27 Sydney
1822 751 32 21 for

1267 778 44 20 this
1320 778 66 25 place.

1296 614 45 20 The
1350 614 89 20 Martha
1446 614 102 26 Ridgway
1561 621 41 13 was
1612 614 42 20 laid
1666 621 28 14 on
1702 618 22 18 at
1733 615 119 27 Liverpool,

1269 641 66 20 direct
1343 641 34 20 for
1388 642 50 19 Port
1447 641 127 20 Nicholson.

1296 669 44 20 The
1353 669 47 20 Two
1411 669 85 25 Sisters,
1514 669 55 25 ship,
1579 669 40 20 401
1631 671 56 22 tons,
1698 675 41 14 was
1751 670 46 19 also
1813 670 41 19 laid

1269 702 28 14 on
1308 698 20 17 at
1337 696 119 25 Liverpool,
1469 696 51 20 with
1535 696 112 26 emigrants
1663 697 33 20 for
1710 696 52 21 Port
1778 696 76 28 Phillip

1268 724 43 19 and
1320 724 41 19 this
1370 724 67 24 place.

1360 832 124 21 AGENTS
1496 833 57 20 FOR
1569 833 71 20 THIS
1654 832 108 21 PAPER.

1289 860 37 17 Mr.
1337 858 87 18 BUKCH
1426 859 38 16 AW
1557 859 74 17 Petoni.

1289 881 37 17 Mr.
1339 880 19 17 F.
1370 880 23 17 G.
1405 879 88 18 MOOItE
1557 880 72 18 Nelson
1638 880 73 18 Haven.

1289 901 37 18 Mr.
1338 901 23 17 R.
1374 900 115 18 BARRETT
1562 901 47 17 New
1616 901 108 21 Plymouth,
1731 900 102 18 Taranaki.

1289 922 37 18 Mr.
1337 921 26 19 H.
1375 921 121 18 CHURTON
1560 922 115 23 Wanganui.

1289 943 36 18 Mr.
1337 943 30 16 W.
1379 942 98 18 WILSON
1559 943 41 21 Bay
1607 944 21 17 of
1637 942 83 19 Islands:

1436 990 122 19 LATEST
1573 990 109 20 DATES.

1278 1016 78 18 London
1443 1016 51 21 Sept.
1513 1018 28 15 30.
1569 1016 41 21 Bay
1617 1016 21 18 of
1647 1016 94 18 Islands..
1746 1016 51 18 Nov.
1816 1016 36 18 17.-

1278 1037 76 23 Sydney
1444 1037 45 17 Dec.
1513 1039 28 15 24.
1569 1037 82 17 Thames
1743 1037 49 17 Nov.
1814 1039 28 16 29.

1276 1059 42 18 Van
1343 1058 99 18 JOieman's
1570 1058 45 17 Port
1623 1058 70 21 Phillip
1707 1070 36 6 ....
1748 1058 50 17 Nov.
1826 1060 16 15 3.

1298 1080 53 17 Land
1443 1079 49 17 Nov.
1514 1081 29 16 29.
1570 1079 108 18 Adelaide..
1696 1076 3 3 '
1715 1079 73 18 ...Oct.
1825 1081 17 16 9.

1288 1133 39 17 The
1334 1131 95 23 following
1429 1136 2 4 1
1438 1136 32 12 are
1478 1131 33 17 the
1518 1133 79 20 quarter
1607 1132 47 21 days
1662 1132 22 18 of
1692 1131 40 18 this
1739 1136 59 18 paper
1805 1138 28 11 :—

1372 1153 68 17 March
1697 1154 48 16 31st.

1372 1174 51 16 June
1699 1174 51 18 30th.

1372 1194 112 22 September
1699 1195 51 18 30th.

1372 1216 106 17 December
1698 1217 48 16 31st.

1289 1237 80 18 Persons
1376 1237 109 21 previously
1491 1239 21 15 to
1525 1236 146 23 discontinuing
1682 1237 50 18 their
1739 1241 68 18 papers
1815 1238 36 17 and

1267 1258 165 22 advertisements,
1440 1258 52 17 must
1499 1258 58 17 settle
1564 1258 33 17 the
1608 1259 91 16 accounts
1707 1258 37 18 due
1751 1263 26 18 up
1789 1260 20 16 to
1819 1259 32 17 the

1268 1280 49 17 date.

1267 1334 97 21 Notice
1373 1336 28 18 to
1409 1335 78 19 those
1497 1335 133 20 indebted
1638 1336 29 20 to
1678 1335 44 20 the
1728 1335 121 20 Gazette.

1270 1390 37 19 We
1316 1395 36 14 arc
1361 1394 44 15 now
1415 1389 86 25 sending
1515 1390 36 19 out
1560 1395 38 14 our
1608 1389 48 20 bills
1672 1390 20 19 to
1710 1390 36 19 the
1762 1390 52 19 close
1830 1390 21 25 of

1295 1425 34 19 the
1334 1425 50 24 past
1392 1429 58 19 year,
1462 1423 41 20 and
1510 1423 51 27 find
1574 1430 73 19 among
1657 1424 54 20 them
1721 1430 13 14 a
1748 1425 101 19 consider-

1294 1458 45 20 able
1350 1458 123 25 proportion
1483 1458 67 20 which
1560 1459 51 20 have
1627 1459 48 19 been
1685 1458 47 26 long
1745 1465 48 14 over
1805 1459 44 20 due.

1295 1493 58 19 Some
1370 1492 26 25 of
1411 1498 39 14 our
1468 1495 122 23 supporters
1610 1493 52 20 have
1680 1499 60 14 never
1759 1493 55 26 paid
1837 1499 12 13 a

1293 1528 84 24 shilling
1392 1528 57 19 since
1463 1533 39 14 our
1513 1533 68 19 paper
1597 1533 42 14 was
1655 1528 128 21 established.
1814 1528 37 20 We

1294 1568 58 14 warn
1368 1562 56 20 those
1440 1562 44 20 who
1501 1562 94 20 continue
1611 1562 105 24 obdurate,
1734 1563 48 19 that
1795 1562 56 26 after

1294 1597 43 19 this
1351 1597 74 26 notice,
1438 1597 48 25 they
1496 1597 43 19 will
1548 1597 78 25 compel
1638 1603 25 14 us
1672 1598 20 18 to
1702 1597 74 26 appeal
1785 1599 21 18 to
1817 1597 34 20 the

1297 1632 63 19 Court
1369 1630 26 26 of
1399 1631 107 25 Requests.

1388 1683 97 21 Notice
1501 1684 29 19 to
1546 1683 179 21 Subscribers.

1267 1738 80 26 Paj>ers
1361 1738 44 20 will
1417 1739 37 18 not
1467 1738 24 20 be
1504 1740 46 17 sent
1566 1740 20 18 to
1598 1745 88 19 persons
1698 1739 65 25 living
1778 1740 36 19 out
1829 1739 27 24 of

1294 1773 54 19 Port
1357 1772 120 25 Nicholson,
1493 1773 67 19 unless
1576 1775 153 23 arrangements
1743 1779 36 14 are
1793 1774 59 20 made

1286 1806 42 25 for
1338 1808 34 18 the
1376 1808 101 24 payment
1486 1807 27 25 of
1518 1808 35 19 the
1562 1813 62 21 same,
1635 1808 91 25 through
1735 1814 27 13 an
1774 1808 77 26 Agent,
1858 1799 2 14 '

1294 1843 22 17 at
1329 1842 130 25 Wellington.

1266 1876 96 26 January
1371 1878 19 24 8,
1405 1877 59 21 1842.

258 126 68 24 Jury
339 124 82 21 Lists.

46 159 147 48 NOTICE
217 159 26 21 IS
267 157 126 22 HEREBY
418 157 106 27 GIVEN,
549 157 49 21 that
619 164 14 14 a

127 185 87 27 Special
231 185 68 21 Court
314 184 25 22 of
351 184 64 27 Petty
428 184 102 22 Sessions
545 183 45 22 will
603 183 28 22 be

46 212 54 21 held
109 211 52 22 here
172 219 28 14 on
211 211 116 27 Saturday,
338 210 37 22 the
384 210 58 22 22nd
459 209 101 28 January
570 210 60 26 hist.,

45 242 24 17 at
80 240 23 19 11
115 238 85 21 o'clock
210 239 115 23 forenoon,
335 237 35 21 for
379 237 97 26 revising
486 236 45 22 and
541 236 91 27 settling

46 265 38 21 the
95 265 56 26 Jury
161 264 49 22 List
226 264 34 21 for
269 264 36 20 the
318 263 67 21 Town
400 263 25 21 of
439 263 136 26 Wellington
586 269 45 15 ana

46 291 94 21 District
154 291 26 21 of
190 291 51 21 Port
251 289 128 26 Nicholson,
391 292 23 18 at
422 289 73 22 which
504 289 31 22 all
549 289 82 28 parties

45 317 122 22 interested
177 324 36 14 are
224 316 102 28 required
335 319 21 17 to
368 315 84 22 attend.

263 343 108 21 Michael
388 342 111 26 Murphy,

330 368 66 22 Chief
403 368 75 22 Police
490 368 139 27 Magistrate.

264 395 94 22 George
373 394 91 27 White,
480 395 49 21 J.P.

73 428 73 24 Police
158 428 76 26 Office,
246 428 143 26 Wellington,

126 456 131 26 Januarys,
269 456 61 20 1842.

257 500 68 25 Jury
338 498 80 22 Lists.

44 532 147 49 NOTICK
208 533 26 21 IS
256 532 125 21 HEREBY
396 532 107 27 GIVEN,
525 532 47 21 that
592 531 37 22 the

126 560 37 21 list
170 560 24 20 of
200 559 30 21 all
239 566 91 19 persons
339 559 97 26 residing
445 559 23 21 in
480 558 37 22 the
527 559 69 21 Town
608 558 25 21 of

44 586 138 27 Wellington
202 585 45 22 and
265 585 91 22 District
379 586 26 20 of
426 586 52 20 Port
497 585 131 26 Nicholson,

44 613 67 21 liable
121 617 23 16 to
154 620 61 14 serve
225 619 29 14 on
264 612 79 25 Juries,
352 612 82 26 having
443 612 57 21 been
511 611 64 22 made
582 614 45 24 out,

45 640 74 27 copies
130 639 44 21 will
191 639 26 21 be
228 638 76 28 posted
314 643 22 17 at
347 639 37 21 the
395 638 129 27 Exchange,
535 639 32 21 Te
584 639 45 20 Aro

44 666 62 26 Flat;
116 670 24 17 at
149 665 37 22 the
201 667 68 20 Court
281 665 82 26 House,
374 665 121 21 Tuorndon
506 665 62 26 Flat;
585 665 44 21 and

45 696 24 18 at
79 692 86 26 Petoni,
177 693 75 20 within
263 692 37 20 the
311 691 67 22 house
388 692 25 21 of
420 691 86 23 district
516 691 113 22 constable

45 719 116 21 Stratford.

72 745 37 22 All
119 752 92 21 persons
219 745 98 21 desirous
325 744 25 22 of
356 745 125 27 inspecting
489 744 38 22 the
535 744 94 27 original

42 772 45 26 list,
104 779 41 14 can
165 772 28 21 do
210 779 23 13 so
251 771 92 21 without
357 771 42 26 fee,
410 771 34 21 for
456 771 102 21 fourteen
575 771 54 26 days

43 799 57 21 .'ifter
109 799 43 21 tliis
163 798 80 27 notice,
253 798 28 26 by
288 797 105 27 applying
404 801 20 18 to
433 805 36 14 me
480 801 22 19 at
513 797 37 22 the
561 798 67 23 Cour?

44 825 85 26 House,
139 825 100 21 between
250 824 37 22 the
298 824 65 22 hours
374 825 26 21 of
407 825 78 21 eleven
494 824 47 22 and
550 824 79 22 twelve

42 852 24 20 in
78 851 36 22 the
125 852 116 21 forenoon.

240 877 94 22 Robert
349 878 27 21 R.
392 879 98 24 Strang,

309 904 65 22 Clerk
384 905 26 20 of
416 905 65 26 Petty
492 905 109 21 Sessions.

73 931 142 27 Wellington,
227 931 100 26 January
336 933 19 24 8,
370 933 58 19 1842.

152 976 56 22 New
222 976 99 21 Zealand
339 976 134 27 Company's
490 976 113 26 Principal

296 1004 94 25 Agent's
405 1003 77 26 Office,

206 1029 141 27 Wellington,
361 1029 96 22 October
466 1031 19 24 S,
497 1030 61 20 1841.

41 1056 127 48 BILLS,
181 1059 22 18 at
220 1056 68 26 thirty
299 1056 59 26 days'
375 1056 65 26 sight,
457 1056 77 21 drawn
551 1056 29 26 by
591 1055 38 22 the

120 1082 111 26 Principal
248 1084 75 26 Agent
337 1090 28 14 on
376 1082 36 21 the
424 1083 116 26 Secretary
554 1082 27 21 of
591 1082 38 21 the

41 1109 58 22 New
114 1110 101 21 Zealand
231 1109 122 27 Company,
372 1109 102 27 London,
486 1116 41 15 can
544 1109 28 22 be
585 1109 45 22 had

41 1143 30 14 on
81 1136 135 27 application
226 1140 22 17 at
257 1136 37 21 the
305 1136 69 21 above
384 1136 71 21 office.

285 1163 29 21 D.
328 1162 82 26 Lewis,

242 1188 65 23 Clerk
317 1192 20 18 to
349 1189 37 21 the
398 1188 109 27 Principal
519 1189 82 26 Agent.

49 1233 86 22 TUST
149 1234 184 26 RECEIVEED,
345 1241 28 14 ex
383 1234 36 21 the
429 1235 98 20 Kate.—

41 1264 26 17 9J
92 1260 83 27 Maize,
187 1260 61 27 pork,
259 1260 45 22 and
313 1261 54 26 pigs.
397 1261 77 27 Appty
485 1265 21 17 to

325 1287 33 21 W.
375 1287 172 27 FITZHEUBERT,

356 1314 164 27 Farish-street,
531 1315 30 21 Te
575 1315 53 20 Aro.

41 1339 103 29 January
153 1342 33 25 21,
198 1342 60 20 1841.

40 1384 97 21 Public
156 1385 65 19 Fete
241 1387 28 18 to
295 1385 134 21 celebrate
456 1386 45 20 the
523 1386 106 20 Second

67 1411 187 26 Anniversary
280 1412 30 20 of
334 1413 43 19 the
403 1412 98 20 arrival
530 1412 30 21 of
582 1413 46 19 the

68 1437 73 21 First
156 1439 111 19 Settlers
281 1438 30 20 in
325 1439 65 20 Port
404 1439 159 21 Nicholson.

40 1464 53 48 IN
107 1472 154 19 consequence
273 1465 25 21 of
309 1465 36 21 the
360 1467 58 19 22nd
429 1465 109 22 January
549 1465 80 26 falling

85 1498 28 14 on
130 1491 115 27 Saturday,
263 1492 18 21 it
296 1491 39 21 has
351 1492 56 21 been
424 1492 102 22 resolved
544 1493 31 26 by
591 1495 37 19 the

69 1518 132 21 Committee
212 1526 22 13 or
248 1518 37 21 the
294 1519 50 21 Fete
361 1522 22 18 to
394 1523 108 22 postpone
518 1519 17 21 it
546 1519 55 22 until

40 1544 144 27 MONDAY,
200 1545 63 21 THE
277 1547 57 19 24ru
346 1545 38 21 OF
394 1545 157 28 JANUARY,
567 1547 60 21 1842.

164 1606 141 14 PROGRAMME
320 1606 26 14 OF
360 1606 45 14 THE
420 1606 90 15 SPORTS.

205 1625 130 22 SAILING
349 1626 119 26 MATCH,

40 1652 34 27 By
85 1652 68 22 Boats
163 1651 71 23 under
243 1654 27 20 30
279 1652 45 22 feet
333 1652 57 22 keel.
413 1652 72 22 Three
497 1656 22 18 to
530 1656 61 24 start,
603 1660 25 15 or

40 1686 29 14 no
89 1686 57 14 race.
181 1679 119 26 Entrance,
318 1679 40 22 £\.
398 1679 69 27 Prize,
487 1680 48 22 £12
555 1681 43 21 12s.
600 1691 29 4 —

40 1705 78 22 Under
136 1705 37 21 the
193 1709 157 23 management
370 1706 25 21 of
415 1707 63 26 Capt.
501 1707 59 27 Hay,
582 1707 45 22 Mr.

114 1732 131 26 Machattie,
257 1732 44 22 and
311 1733 43 21 Mr.
366 1733 21 21 J.
400 1733 29 21 H.
442 1733 106 23 Wallace.

204 1766 130 22 ROWING
347 1767 119 27 MATCH,

40 1793 34 27 By
84 1792 81 23 Whale
181 1793 74 22 Boats.
284 1793 70 22 Three
372 1797 22 18 to
411 1797 61 24 start,
483 1802 26 14 or
523 1801 30 15 no
567 1802 59 15 race.

40 1820 120 26 Entrance,
180 1820 40 21 £\.
263 1820 69 27 Prize,
353 1821 48 21 first
424 1821 58 26 boat,
504 1822 47 21 £10
567 1823 43 21 10s.
621 1830 5 20 ;

40 1847 83 21 second
133 1847 59 26 boat,
200 1847 33 22 £5
243 1848 30 21 ss.
303 1847 76 22 Under
391 1847 35 22 the
437 1852 159 23 management
606 1850 25 21 of

40 1874 62 26 Capt.
121 1873 98 28 Rhodes,
238 1874 43 21 Mr.
297 1874 21 21 J.
336 1875 34 21 M.
387 1874 88 28 Taylor,
492 1876 45 21 and
549 1876 44 21 Mr.
604 1876 22 21 J.

295 1901 77 22 Wade.

217 1935 129 21 HURDLE
361 1935 88 22 RACE.

38 1961 14 19 3
62 1960 76 22 horses
149 1964 23 18 to
182 1964 61 24 start,
255 1969 26 14 or
290 1969 28 14 no
328 1969 58 14 race.
410 1962 80 22 Heats.
515 1962 112 23 Entrance

40 1987 33 21 £2
87 1989 30 20 2s.
147 1987 71 28 Prize,
236 1988 44 22 £15
297 1990 43 20 15s.
368 1989 47 21 The
433 1989 83 21 second
530 1990 65 21 horse
605 1994 21 17 to

39 2021 52 15 save
111 2015 34 21 his
162 2015 80 22 stakes.
283 2015 77 22 Under
378 2016 37 21 the
430 2020 161 22 management
605 2018 25 21 of

39 2041 91 22 Messrs.
147 2041 58 26 Lett,
217 2042 67 26 Watt,
299 2043 90 25 Barnes,
400 2043 45 21 and
462 2043 21 21 J.
494 2043 33 21 M.
537 2043 88 27 Taylor.

175 2075 143 22 JUMPING
332 2075 35 22 IN
382 2076 103 22 SACKS.

231 2102 69 27 Prize,
309 2111 13 13 a
332 2109 49 15 new
390 2103 44 21 hat.

115 2135 156 22 CLIMBING
288 2137 19 20 A
322 2136 123 22 GREASY
461 2137 87 22 POLE.

168 2163 69 26 Prize,
248 2171 14 13 a
271 2166 89 25 quarter
370 2163 25 21 of
406 2166 96 19 mutton.

85 2196 163 22 CATCHING
262 2197 21 21 A
299 2196 118 22 SOAPED
429 2197 75 22 TAIL
520 2197 61 23 PIG.

234 2224 69 26 Prize,
314 2224 38 20 the
364 2224 39 27 Pig
412 2224 5 21 !
425 2224 5 20 !

238 2258 80 22 FOOT
332 2258 89 22 RACE.

38 2285 115 26 Distance,
174 2292 43 15 one
236 2285 59 22 mile.
337 2285 120 27 Entrance,
481 2287 33 20 ss.
553 2286 70 29 Prize,

38 2312 34 22 £2
92 2314 34 19 2s.
163 2312 77 22 Under
259 2312 38 22 the
314 2316 159 23 management
491 2313 27 21 of
535 2314 89 22 Messrs.

38 2339 22 22 J.
71 2339 29 21 H.
118 2339 105 27 Wallace,
235 2338 57 28 Lett,
303 2339 21 22 J.
336 2339 32 21 M.
386 2340 87 27 Taylor,
492 2340 27 22 R.
534 2341 90 27 Barnes,

38 2366 22 21 J.
72 2366 77 27 Wade,
163 2366 33 21 W.
208 2366 71 27 Lyon,
290 2366 130 27 Blathwayt,
433 2368 87 26 Sutton,
537 2368 87 26 Polhill,

238 2394 42 21 and
292 2394 38 21 Dr.
341 2394 84 21 Butler.

220 2427 91 21 RIFLE
326 2427 115 23 MATCH.

38 2453 71 27 Prize,
128 2453 32 22 £5
175 2455 32 19 ss.
236 2453 119 27 Entrance,
367 2453 40 23 £l.
436 2454 78 23 Under
530 2456 37 22 the
578 2464 48 14 ma-

37 2484 124 23 nagement
170 2481 26 21 of
207 2481 42 21 Mr.
261 2480 78 22 Alfred
351 2481 96 28 Hodges,
461 2483 73 26 Major
546 2484 75 27 Uurie,

52 2507 45 21 Mr.
109 2507 21 21 J.
142 2507 28 21 H.
182 2507 105 27 Wallace,
297 2508 43 21 Mr.
351 2508 75 27 Waitt,
439 2509 45 21 and
497 2509 44 22 Mr.
553 2510 58 22 Lett.

240 2552 95 21 Public
350 2554 72 20 Fete.

40 2579 145 48 SHOULD
201 2579 37 22 the
256 2579 96 22 weather
368 2587 69 20 prove
450 2581 127 25 favourable
596 2589 28 15 on

105 2606 102 26 Monday
217 2610 60 22 next,
286 2607 33 21 for
335 2606 37 22 the
388 2607 80 27 sailing
482 2608 45 22 and
541 2610 85 27 rowing

38 2632 108 27 matches,
158 2641 14 14 a
180 2633 46 27 flag
234 2629 43 26 will
287 2633 27 22 be
320 2633 87 22 hoisted
413 2639 23 17 at
443 2635 44 22 Mr.
495 2636 129 28 Nattrass's,

40 2660 136 28 Clay-point,
202 2660 187 28 Lambton-quay,
415 2665 23 18 at
464 2664 48 19 nine
531 2663 92 27 o'clock,

38 2686 73 23 which
125 2687 45 21 will
184 2687 27 22 be
226 2688 85 21 saluted
324 2688 30 26 by
370 2688 51 22 four
438 2695 59 20 guns
513 2690 58 22 from
588 2690 37 22 the

39 2714 110 21 schooner
160 2715 57 20 Gem.

66 2740 48 23 The
125 2741 80 27 sailing
214 2742 63 21 boats
291 2744 22 19 to
328 2740 29 23 be
373 2743 91 22 moored
482 2743 34 22 off
528 2744 37 21 the
582 2744 44 28 flag

37 2767 53 22 boat
100 2772 24 17 at
133 2768 32 21 Te
175 2769 47 20 Aro
233 2768 80 26 Beach,
327 2768 31 27 by
374 2768 109 29 half-past
494 2772 25 20 10
531 2770 93 28 o'clock,

38 2794 58 21 from
100 2807 2 8 i
107 2794 72 23 which
190 2796 62 26 place
264 2795 52 27 they
326 2795 44 22 will
387 2799 68 25 start;
469 2797 59 22 from
546 2797 80 23 thence

38 2822 42 21 sail
88 2822 73 21 round
172 2829 13 14 a
202 2822 43 26 flag
260 2822 53 21 boat
327 2825 22 18 to
366 2822 27 23 be
410 2824 94 22 moored
523 2825 33 21 off
572 2825 55 21 Kai-

39 2855 159 20 warra-warra,
215 2849 44 21 and
269 2852 76 18 return
354 2857 28 14 on
392 2850 83 22 Evans'
487 2851 49 28 Bay
546 2852 48 22 side
605 2852 25 22 of

38 2876 85 21 vessels
132 2876 24 21 in
167 2876 103 26 harbour,
282 2879 22 18 to
314 2875 38 22 the
362 2876 95 28 starting
466 2878 60 22 boat.

66 2902 48 22 The
130 2902 86 28 rowing
234 2902 63 23 boats
314 2906 22 18 to
353 2903 56 27 keep
419 2904 38 22 the
471 2904 64 22 shore
544 2905 48 22 side
605 2906 25 21 of

38 2928 38 22 the
87 2929 82 22 vessels
178 2930 23 21 in
212 2930 102 26 harbour,
325 2932 24 19 to
359 2930 36 22 the
405 2930 46 28 flag
460 2931 54 22 boat
523 2932 34 22 off
570 2933 56 21 Kai-

38 2963 160 19 warra-warra,
209 2956 45 22 and
262 2961 76 18 return
349 2957 37 22 the
396 2965 62 14 same
465 2965 78 16 course
554 2966 25 15 as
589 2960 38 22 the

38 2982 83 28 sailing
130 2983 70 22 boats.

67 3010 54 26 Any
130 3010 52 21 boat
192 3009 86 28 fouling
288 3010 93 23 another
389 3013 23 20 to
422 3010 46 23 lose
480 3012 38 22 the
528 3020 61 15 race.

66 3036 48 21 The
125 3036 132 23 Committee
267 3037 44 22 will
329 3041 58 18 meet
396 3041 24 18 at
433 3038 108 24 Barrett's
551 3040 74 27 Hotel,

39 3070 30 14 on
76 3063 110 27 Saturday
194 3064 102 26 evening,
302 3064 36 21 the
345 3064 60 23 22nd
412 3065 109 28 January,
526 3067 101 22 between

39 3089 38 22 the
87 3089 68 22 hours
165 3090 26 21 of
201 3092 14 20 6
226 3090 44 21 and
279 3093 13 18 9
302 3091 91 27 o'clock,
405 3092 35 21 for
452 3092 38 22 the
499 3100 96 21 purpose
605 3095 27 21 of

39 3116 115 27 receiving
163 3120 117 19 entrances
290 3117 33 22 for
334 3118 36 21 the
386 3119 88 21 various
485 3125 78 22 sports,
575 3121 54 21 with

39 3143 39 22 the
87 3150 78 15 names
176 3144 25 20 of
208 3144 66 21 Boats
285 3144 43 21 and
337 3145 89 22 Horses.
451 3146 125 24 Entrances
586 3155 42 14 can

39 3170 28 22 be
78 3170 66 21 made
153 3170 102 27 previous
271 3174 23 17 to
304 3170 48 22 thdt
369 3173 101 27 evening,
482 3173 31 28 by
522 3175 107 27 applying

40 3200 22 18 to
79 3196 38 22 the
134 3196 126 27 Treasurer,
277 3196 53 26 (Mr.
342 3198 59 22 John
419 3199 100 28 Wade;)
534 3202 43 21 but
591 3203 38 20 the

38 3224 135 21 Committee
190 3223 43 27 beg
248 3227 21 18 to
287 3224 77 28 notify,
382 3224 47 23 that
443 3233 28 14 on
490 3234 30 14 no
533 3232 96 18 account

39 3250 45 22 will
95 3254 118 18 entrances
223 3251 27 21 be
266 3250 102 23 received
382 3252 56 21 after
454 3253 110 29 Saturday
579 3262 51 15 eve-

39 3278 63 24 ning.

67 3304 48 22 The
135 3303 120 23 successful
275 3304 143 28 competitors
436 3305 35 22 for
488 3307 37 22 the
540 3308 90 22 various

38 3331 73 27 prizes
121 3335 24 17 to
155 3330 77 23 attend
250 3334 23 18 at
288 3331 37 21 the
344 3332 214 29 Committee-room,
574 3335 55 22 Bar-

38 3358 142 26 rctt's-hotel,
193 3361 23 18 at
226 3365 41 14 one
279 3358 84 21 o'clock
375 3365 27 14 on
412 3359 40 21 the
462 3360 116 28 following
586 3362 43 27 day

40 3385 133 26 (Tuesday.)
185 3384 63 22 when
260 3384 37 22 the
307 3385 72 26 prizes
389 3384 45 23 will
441 3386 28 21 be
481 3387 110 23 awarded.

68 3412 215 25 Committee-room,
292 3411 186 28 Barrett's-hotel,

180 3438 52 23 Jan.
244 3438 33 26 17,
288 3439 61 20 IS4I.

40 3483 189 25 Anniversary
252 3483 60 20 Ball
337 3484 29 19 at
387 3483 46 21 the
457 3484 174 28 Wellington

187 3510 158 26 Exchange,
360 3510 37 20 Te
412 3511 68 25 Aro,
639 3511 2 22 j

41 3542 73 51 ON
144 3542 150 22 MONDAY'
305 3542 93 28 NEXT,
423 3543 151 24 JANUARY
596 3547 33 24 24,

120 3570 62 21 1842.

268 3603 117 15 STEWARDS
396 3604 6 14 :

68 3624 46 22 Mr.
126 3621 133 29 Blathwayt,
351 3623 45 22 Mr.
408 3622 35 23 W.
454 3623 71 29 Lyon,

69 3651 40 22 Dr.
118 3650 86 26 Butler,
351 3650 43 21 Mr.
406 3650 131 28 Machattie,

69 3678 40 21 Dr.
120 3677 90 26 Dorset,
354 3676 43 22 Mr.
409 3676 88 28 Polhill,

69 3704 77 26 Major
154 3703 78 26 Dime,
353 3703 43 22 Mr.
407 3704 29 21 H.
447 3704 88 28 Taylor,

69 3730 94 28 Captain
174 3730 58 27 Hay,
353 3730 45 22 Mr.
408 3730 29 22 It.
448 3730 76 28 Waitt,

69 3758 45 22 Mr.
127 3756 101 28 Ludlam,
354 3757 43 22 Mr.
407 3756 21 23 J.
440 3758 28 21 H.
480 3758 106 23 Wallace.

69 3785 45 22 Mr.
127 3783 58 27 Lett,

193 3810 32 21 To
236 3817 130 14 commence
376 3814 23 18 at
412 3812 12 19 9
435 3818 47 15 p.m.

68 3838 92 23 Tickets
167 3838 45 21 10s.
219 3836 36 22 Gd.
264 3836 61 26 each,
338 3837 126 27 (including
474 3838 159 23 refreshments

41 3866 47 22 and
103 3864 89 27 music,)
204 3868 22 17 to
241 3864 27 20 be
281 3863 44 22 had
341 3864 26 21 of
376 3864 38 21 the
430 3865 112 22 stewards.
572 3866 61 21 Each

41 3892 122 28 purchaser
171 3892 26 20 of
203 3898 14 14 a
225 3890 69 22 ticket
300 3894 22 17 to
330 3890 28 21 be
367 3894 21 18 at
394 3891 83 27 liberty
486 3895 23 18 to
516 3892 118 23 introduce

42 3926 45 20 any
97 3918 97 23 number
205 3917 24 22 of
236 3916 73 26 ladies,
320 3916 29 28 by
356 3918 124 27 inscribing
489 3918 59 22 their
556 3926 79 16 names

41 3953 32 15 on
84 3945 37 22 the
132 3944 57 23 back
198 3944 27 23 of
232 3944 37 28 th,e
280 3943 82 27 ticket.;

724 125 170 27 Wellington
908 124 183 26 Anniversary
1104 124 71 25 Ball,

671 160 33 19 At
712 160 107 19 Barrett's
832 159 71 26 Hotel,
915 165 26 14 on
953 159 99 25 Monday,
1062 159 96 25 January
1169 159 59 24 24th,

889 185 6 14 1
920 186 61 20 1842.
1016 187 4 4 '

660 212 157 34 rpiCKETS
839 212 35 21 for
892 212 38 22 the
948 213 70 20 above
1035 212 48 21 Ball
1103 219 42 15 can
1160 212 28 21 be
1205 212 39 21 ob-

666 233 29 27 JL
721 239 76 22 tamed
814 246 29 15 on
862 239 61 26 early
936 239 133 27 application
1083 241 23 19 to
1122 238 40 22 the
1178 238 66 21 Com-

658 266 78 21 mittee
746 272 24 14 as
779 265 79 25 under,
868 265 43 21 viz.
920 273 5 13 :
927 276 28 5 —

768 292 93 21 Colonel
871 291 130 26 Wakefield,
1012 291 21 22 J.
1045 291 32 26 P.,

768 318 98 23 Michael
876 318 106 28 Murphy,
994 318 60 28 Esq.,
1065 318 67 27 P.M.,

767 345 74 27 Major
850 345 79 26 Baker,

767 372 26 21 T.
804 372 33 21 M.
849 371 121 28 Partridge,
981 371 61 28 Esq.,

766 399 34 20 W.
812 398 28 21 V.
851 398 94 27 Brewer,
956 398 61 27 Esq.,

767 425 106 22 Edmund
882 425 111 26 Halswell,
1005 425 59 26 Esq.,
1075 424 56 27 J.P.,

767 451 26 22 F.
803 452 30 21 A.
844 451 150 26 Molesworth,
1007 451 59 27 Esq.,

767 479 22 21 J.
799 478 26 22 T.
836 477 133 27 Wicksteed,
981 477 60 28 Esq.,

767 505 94 26 Captain
869 504 96 25 Daniell,

767 531 98 22 William
879 531 98 26 Guyton,
988 531 59 27 Esq.,
1058 530 46 22 J.P.

767 558 81 27 Heniy
858 558 31 22 St.
900 557 52 27 Hill,
964 558 60 27 Esq.,
1036 557 54 26 J.P.,

767 584 96 22 Edward
873 584 115 27 Chetham,
998 585 61 26 Esq.,
1069 583 48 22 J.P.

950 611 109 22 Richard
1071 610 88 26 Baker,

1090 637 124 26 Secretary.

815 682 185 26 Anniversary
1013 683 70 20 Pete.

659 709 91 34 rpHE
777 708 183 23 COMMITTEE
988 709 35 22 for
1046 708 134 27 conducting
1204 708 37 23 the

654 730 41 27 .JL
720 736 88 22 Second
819 736 153 27 Anniversary
982 736 53 21 Fete
1045 743 36 14 are
1090 735 119 28 requested
1219 742 22 16 to

656 767 61 18 meet
734 766 22 18 at
773 763 105 21 Barrett's
893 762 68 28 hotel,
979 762 43 22 this
1038 762 94 27 evening
1156 762 84 26 (Satur-

658 790 61 26 day,)
732 793 23 18 at
770 792 12 19 6
794 789 93 27 o'clock,
899 792 23 19 to
937 790 65 21 make
1017 789 37 22 the
1068 789 54 22 final
1137 796 105 20 arrange-

658 820 81 18 ments.

685 843 47 22 The
749 842 121 27 Exchange
883 842 50 22 Ball
947 843 131 22 Committee
1092 850 38 14 are
1146 842 46 22 also
1207 850 34 15 re-

659 869 94 27 quested
762 873 22 18 to
793 870 84 21 attend.

803 915 185 25 Anniversary
1002 915 71 20 Fete.

659 948 174 48 RICHARD
858 947 121 27 BROWN,
999 948 25 21 of
1039 948 36 21 the
1094 948 146 23 Commercial

732 974 52 27 Inn,
795 974 32 22 Te
839 974 52 27 Aro,
902 974 143 28 respectfully
1054 974 111 22 intimates
1174 978 22 18 to
1204 975 36 23 the

659 1001 84 27 Public,
765 1001 49 21 that
833 1009 13 13 a
864 1001 50 21 cold
934 1002 111 26 collation,
1065 1002 52 21 with
1142 1002 99 26 superior

659 1029 74 26 wines,
744 1028 44 21 will
804 1028 27 21 be
849 1028 111 27 provided,
974 1032 24 17 at
1012 1028 112 22 moderate
1141 1028 97 28 charges,

659 1062 29 14 on
698 1056 100 27 Monday
806 1058 60 18 next.
894 1054 52 22 Two
953 1055 125 27 variegated
1086 1054 101 23 balloons
1196 1056 44 23 will

657 1083 28 22 be
704 1083 31 21 let
750 1083 34 21 oil'
793 1086 23 18 at
831 1083 52 22 nine
901 1082 83 22 o'clock
1000 1089 60 21 p.m.,
1076 1082 97 22 weather
1192 1090 48 20 per-

658 1109 97 27 mitting.

658 1154 171 27 Wellington
849 1154 200 21 Horticultural
1062 1155 20 20 &
1095 1154 144 22 Botanical

891 1180 116 26 Society.

657 1211 91 49 THE
762 1211 88 23 FIRST
863 1211 191 23 EXHIBITION
1064 1211 44 23 will
1117 1212 51 22 take
1178 1213 61 26 place

730 1242 23 18 at
770 1239 37 21 the
825 1239 127 27 Exchange,
970 1246 28 14 on
1013 1239 105 27 Monday,
1134 1239 37 21 the
1188 1241 51 21 24th

702 1265 91 22 instant.
823 1265 39 23 All
877 1266 87 22 articles
981 1268 59 20 must
1054 1266 26 21 be
1097 1270 51 18 sent
1164 1267 75 22 before

660 1294 25 20 10
695 1292 86 22 o'clock
789 1300 49 14 a.m.

828 1319 17 21 I.
861 1319 26 22 E.
902 1319 173 27 Featherston,
1087 1320 125 27 Secretary.

685 1346 152 25 Admittance,
846 1349 21 19 to
876 1346 70 22 ladies
956 1346 44 22 and
1010 1346 139 26 subscribers,
1160 1347 78 28 gratis;

657 1376 23 19 to
692 1373 197 26 non-subscribers,
901 1380 42 14 one
953 1373 97 26 shilling.

850 1418 25 20 J.
890 1418 38 21 M.
942 1418 109 26 Taylor,

734 1451 278 22 CUSTOM-HOUSE
1040 1451 127 23 AGENT.

659 1485 113 27 Courtney
781 1484 73 26 Place,
865 1485 32 22 Te
907 1485 53 22 Aro.

901 1538 14 14 A
932 1538 66 14 CARD.

856 1564 50 21 Mr.
921 1564 121 27 STOKES,

657 1598 150 24 Architect,
825 1598 231 27 Land-Surveyor,
1066 1599 55 21 and
1138 1601 98 26 Agent,

712 1631 56 22 Late
778 1631 25 22 of
810 1631 37 22 the
854 1632 134 26 Company's
995 1632 123 27 Surveying
1125 1632 61 22 Staff.

658 1676 71 48 ON
746 1676 84 26 SALE,
849 1683 27 15 ex
897 1677 58 25 Lucy
975 1677 84 26 Sharpe,
1075 1678 99 25 Eleanor,
1196 1679 42 21 and

734 1703 116 20 Middlesex
857 1711 5 13 :
864 1714 28 4 —

685 1730 103 27 Superior
798 1730 48 22 first
854 1730 57 22 flour
921 1730 22 22 in
954 1730 64 22 sacks
1028 1731 43 21 and
1082 1731 71 28 casks,

685 1757 73 21 Boxes
768 1764 74 15 crown
851 1757 60 27 glass
920 1759 38 20 100
969 1758 45 22 feet
1024 1758 42 22 and
1076 1758 30 22 all
1115 1759 63 26 sizes,

684 1783 56 22 Zinc
748 1784 24 21 in
782 1783 80 28 sheets,
874 1783 39 23 7ft.
922 1785 45 22 3in.
979 1785 29 27 by
1017 1785 37 21 2ft.
1064 1785 52 27 Bin.,

684 1810 64 22 Ditto
766 1811 106 21 diamond
889 1811 78 27 plates,
985 1815 37 18 cut
1040 1811 43 22 and
1100 1812 81 22 welted
1196 1813 42 22 and

655 1837 70 26 ready
733 1838 35 22 for
776 1837 93 28 roofing,
885 1838 93 22 without
991 1838 38 22 the
1038 1839 110 27 necessity
1157 1839 26 21 of
1194 1847 44 14 em-

655 1864 93 27 ploying
758 1872 26 14 an
801 1864 89 27 artisan,

685 1891 56 22 Zinc
750 1891 57 21 nails
817 1895 23 18 to
849 1892 82 26 match,

683 1917 84 28 Tilting
775 1919 35 20 for
817 1918 117 22 bed-room
943 1919 73 28 floors,
1027 1919 35 23 7-8
1072 1922 22 19 to
1104 1920 41 22 7-4
1154 1919 74 28 width,

684 1945 62 21 Ditto
756 1952 53 19 rugs
819 1945 62 26 ditto,
1223 1957 24 20 _^

683 1971 63 21 Ditto
756 1971 65 21 horse
832 1971 76 27 cloths,

684 1997 92 23 Printed
793 1998 45 22 and
854 1999 59 26 dyed
930 1999 126 28 moleskins,
1075 1999 99 22 assorted
1191 2002 49 25 pat-

657 2027 67 24 terns,

684 2051 110 23 Coloured
803 2051 72 28 lining
883 2052 80 27 linens,

684 2078 58 22 Irish
751 2078 80 27 linens,
843 2079 98 22 assorted
950 2080 107 27 qualities,

683 2105 43 22 Do.
738 2105 104 22 coloured
851 2105 45 22 and
908 2106 64 22 white
982 2106 67 27 drills,
1060 2107 62 27 ditto,
1169 2129 6 4 „
1246 2107 2 33 j

683 2132 124 22 Embossed
816 2133 126 21 velveteens
951 2133 35 22 for
995 2134 92 22 couches
1098 2142 24 14 or
1133 2133 79 28 chairs,

683 2159 58 21 Irish
751 2159 60 22 linen
822 2159 98 23 Holland.

683 2193 77 27 Apply
775 2197 23 18 to
812 2194 44 22 Mr.
873 2194 87 28 Penny,
978 2202 24 15 or
1018 2198 24 19 at
1056 2195 90 22 Messrs.
1161 2196 37 21 W.
1214 2196 26 22 B.

655 2220 95 22 Rhodes
762 2220 44 22 and
817 2221 50 21 Co's
878 2222 70 21 Store.

709 2266 39 20 To
762 2266 83 20 Stand
859 2267 29 19 to
904 2267 84 20 Cover
1003 2267 54 21 this
1073 2268 112 25 Season,

817 2300 32 20 At
859 2301 139 25 Berhampore
1007 2302 69 25 Farm,

655 2326 60 22 That
723 2326 51 22 well
783 2326 82 22 known
875 2327 64 22 horse
949 2328 88 26 Figaro,
1052 2328 37 22 the
1103 2332 107 24 property
1219 2330 26 21 of

838 2354 77 21 James
924 2354 68 26 Watt,
1003 2354 51 29 Esq.

655 2380 148 48 FIGARO
814 2388 43 14 was
866 2380 75 22 foaled
949 2382 24 21 in
984 2382 123 22 December
1125 2382 61 28 1837,
1203 2387 39 23 got

728 2407 30 27 by
768 2408 115 26 Operator,
896 2408 50 21 dam
958 2408 113 27 Adelaide,
1082 2408 31 28 by
1120 2409 120 23 Theorum.

683 2434 110 28 Operator
802 2442 43 14 was
855 2434 72 22 foaled
937 2435 25 21 in
972 2436 59 26 1832,
1042 2439 36 23 got
1092 2438 31 24 by
1139 2436 101 28 Emilius,

655 2460 51 22 dam
718 2460 122 23 Worthless
847 2461 31 27 by
888 2461 98 28 Walton,
998 2465 38 19 out
1045 2462 24 22 of
1082 2462 122 23 Altisidora
1212 2465 29 27 by

654 2487 59 22 Dick
724 2488 116 22 Andrews.

682 2514 74 27 Every
766 2514 109 23 attention
885 2515 45 22 will
939 2515 28 22 be
976 2515 52 28 paid
1038 2519 20 19 to
1072 2523 74 15 mares
1158 2521 53 18 sent
1219 2521 22 19 to

654 2540 55 23 him.

682 2568 98 27 Charges
797 2568 36 22 for
850 2568 56 22 each
922 2576 69 20 mare,
1011 2569 51 22 with
1080 2577 15 14 a
1111 2574 129 23 guarantee,

654 2602 69 15 seven
732 2596 103 26 guineas;
851 2595 93 23 without
953 2599 127 25 guarantee,
1089 2597 45 22 five
1142 2598 98 27 guineas.

655 2622 126 24 Groomage
790 2622 112 23 included.
