2550 4039
1449 2287 247 18 THERMOMETER.

1455 2984 118 22 LATEST
1587 2985 109 22 DATES.

1279 3012 99 24 London
1644 3015 65 30 Aug.
1728 3017 38 27 30,
1794 3017 76 23 1840.

1279 3046 96 31 Sydney
1646 3048 52 24 Jan.
1745 3051 23 27 8,
1794 3052 77 22 1840.

1278 3080 51 30 Bay
1342 3080 26 23 of
1382 3080 92 23 Islands
1647 3081 59 24 Dec.
1744 3084 22 27 9,
1796 3085 74 22 1840.

1279 3113 53 23 Van
1343 3113 122 24 Dieman's
1477 3113 68 24 Land
1567 3131 56 7 ....
1647 3115 61 24 Nov.
1730 3118 38 26 18,
1796 3118 74 23 1840.

1279 3146 57 24 Port
1349 3146 88 32 Phillip
1646 3148 54 24 Oct.
1728 3151 40 27 21,
1796 3151 74 23 1840.

1279 3179 111 24 Adelaide
1646 3182 54 24 Oct.
1730 3183 38 29 17,
1796 3185 74 23 1840.

1326 3308 68 22 AND
1409 3309 213 23 WELLINGTON
1637 3311 186 25 SPECTATOR.

1412 3363 131 27 Saturday,
1559 3364 54 22 Jan.
1626 3366 35 24 23,
1677 3367 60 21 1840.

1314 3419 91 23 Twelve
1416 3419 93 24 months
1519 3419 58 25 have
1589 3421 92 31 elapsed
1693 3423 60 23 since
1768 3423 38 24 the
1818 3424 53 24 first

1278 3459 75 24 vessel
1364 3459 55 23 with
1430 3460 144 31 immigrants
1590 3461 93 24 entered
1702 3462 44 24 this
1760 3463 109 31 harbour,

1279 3499 44 24 and
1345 3499 51 23 how
1420 3507 69 24 many
1507 3505 85 25 events,
1615 3503 102 31 exciting
1733 3503 75 32 hopes
1826 3506 45 23 and

1278 3539 69 30 fears,
1359 3539 59 24 have
1428 3539 119 32 happened
1559 3542 23 22 in
1601 3541 49 24 that
1668 3543 63 24 short
1749 3545 80 30 period
1849 3546 22 23 of

1279 3588 41 14 our
1332 3579 97 24 colonial
1441 3581 124 23 existence.

1313 3620 51 24 The
1376 3628 62 16 same
1449 3622 61 30 good
1521 3621 89 25 fortune
1622 3623 75 24 which
1710 3626 81 24 waited
1811 3635 61 23 upon

1279 3660 38 24 the
1347 3661 128 30 "Tory's"
1501 3670 95 24 voyage,
1620 3664 38 23 did
1676 3669 41 20 not
1735 3666 79 24 attend
1833 3668 38 23 the

1413 3701 44 23 and
1469 3701 38 24 the
1521 3702 115 25 Colonists
1657 3705 88 24 arrived
1764 3706 63 29 here,
1847 3708 24 23 in

1279 3748 163 23 consequence,
1455 3741 80 24 within
1547 3750 13 16 a
1572 3743 42 24 few
1627 3743 55 31 days
1695 3745 26 23 of
1729 3745 38 24 the
1776 3753 96 25 survey-

1279 3782 39 30 ing
1329 3781 60 30 staff,
1403 3781 73 25 which
1487 3783 18 23 it
1522 3791 46 16 was
1588 3785 109 24 intended
1713 3785 83 24 should
1814 3787 58 24 have

1279 3822 29 23 all
1321 3822 38 23 the
1369 3821 67 24 lands
1448 3823 70 30 ready
1534 3823 36 24 for
1587 3825 130 24 immediate
1736 3828 135 30 occupation

1279 3862 64 23 when
1356 3861 37 25 the
1407 3862 89 24 settlers
1509 3862 81 25 should
1609 3865 68 23 make
1698 3865 58 24 their
1775 3874 97 24 appear-

1279 3910 63 15 ance.
1380 3902 47 23 But
1434 3902 45 24 had
1492 3903 37 23 the
1680 3905 87 24 arrived
1777 3915 24 14 as
1811 3908 61 31 early

1279 3950 24 16 as
1316 3943 116 30 expected,
1448 3942 85 32 though
1548 3944 36 23 the
1594 3952 106 24 progress
1709 3946 24 23 of
1742 3946 40 24 the
1789 3955 83 21 survey

1892 133 75 23 would
1978 133 58 23 have
2046 132 61 24 been
2125 135 96 28 greater,
2241 130 39 23 the
2299 134 80 20 nature
2399 130 25 24 of
2445 130 39 24 the

1893 176 95 27 country
1998 171 73 24 forbid
2084 179 42 16 our
2133 171 157 31 expectations
2296 170 70 31 being
2373 169 109 24 realized.

1927 212 51 23 The
1989 211 145 24 information
2145 211 129 30 respecting
2282 210 39 23 the
2331 213 96 27 country
2437 216 47 17 was

1893 252 125 31 imperfect,
2031 251 45 23 and
2086 251 150 31 exceedingly
2248 250 176 31 contradictory.
2461 250 25 23 It

1894 299 46 15 was
1952 290 131 31 impossible
2095 295 23 19 to
2129 291 49 23 find
2189 294 40 20 out
2243 290 101 24 whether
2362 290 39 22 the
2420 296 66 17 over-

1893 331 92 30 flowing
1997 330 25 24 of
2036 330 38 23 the
2087 330 64 24 Hutt
2161 338 45 16 was
2219 330 27 24 of
2262 338 13 15 a
2286 330 118 23 character
2412 333 22 19 to
2441 337 45 15 un-

1893 371 27 23 fit
1931 371 19 23 it
1959 370 36 23 for
2006 370 69 30 being
2092 369 67 23 made
2170 369 38 23 the
2220 374 49 18 seat
2282 370 27 23 of
2324 369 38 23 the
2373 369 114 31 principal

1894 411 46 30 city
1962 410 25 22 in
2004 409 38 23 the
2063 408 138 31 Company's
2219 410 154 29 possessions.
2417 408 69 24 After

1893 458 64 15 some
1969 450 65 30 delay
2044 450 46 22 and
2101 448 69 24 much
2187 449 100 30 anxiety,
2308 450 18 21 it
2342 456 48 16 was
2411 448 74 24 deter-

1893 489 78 24 mined
1982 490 35 23 for
2031 489 37 23 the
2088 489 56 23 sake
2163 488 26 24 of
2210 488 102 29 security
2331 492 21 19 to
2372 493 74 18 resort
2463 492 24 19 to

1894 529 116 23 Lambton
2022 529 117 23 Harbour.
2177 528 50 24 The
2239 535 84 24 survey
2335 528 24 23 of
2375 527 38 24 the
2424 528 64 23 Hutt

1893 570 46 23 had
1951 570 54 24 then
2017 570 57 24 been
2086 570 136 31 prosecuted
2240 577 64 15 some
2323 568 99 29 months,
2443 568 45 24 and

1893 610 80 31 nearly
1985 610 30 24 all
2027 610 24 24 of
2067 610 39 23 the
2120 610 116 23 Colonists
2248 617 59 15 were
2325 609 83 23 settled
2425 617 63 23 upon

1894 651 30 23 its
1937 650 86 29 shores,
2036 650 44 23 and
2094 658 29 15 on
2136 650 38 22 the
2186 657 62 15 same
2268 650 49 22 side
2336 650 25 23 of
2376 649 39 23 the
2432 649 56 23 har-

1893 690 66 24 bour.
1997 690 28 24 In
2036 694 44 19 two
2090 689 92 23 months
2194 697 63 15 more
2267 689 40 23 the
2319 697 86 23 survey
2412 690 27 22 of
2448 689 38 23 the

1895 731 43 22 site
1948 730 51 24 first
2011 730 97 24 selected
2120 729 74 23 would
2200 729 58 23 have
2265 729 60 23 been
2332 730 120 30 complete.

1930 778 50 23 The
1993 785 80 23 survey
2086 778 26 23 of
2127 778 38 23 the
2177 777 43 23 site
2232 777 99 23 selected
2337 780 25 20 at
2369 777 117 24 Lambton

1895 817 110 24 Harbour
2017 817 45 24 had
2072 825 51 16 now
2135 822 23 19 to
2171 817 28 24 be
2219 816 154 29 commenced,
2394 817 45 23 and
2457 825 30 15 on

1895 858 38 23 the
1952 859 112 31 approach
2084 858 26 24 of
2131 858 39 24 the
2187 862 44 19 wet
2250 865 88 22 season,
2354 858 31 31 by
2404 865 13 16 a

1893 898 76 23 which
1979 898 45 24 had
2034 898 132 32 undergone
2178 902 65 27 great
2258 898 88 31 fatigue
2365 898 43 23 and
2427 898 61 31 daily

1895 945 113 24 exposure
2020 942 21 19 to
2055 943 50 19 wet.
2144 938 49 24 The
2205 946 50 15 new
2267 946 83 24 survey
2366 946 48 16 was
2433 946 55 16 con-

1896 978 119 31 sequently
2027 978 146 23 commenced
2191 978 73 23 under
2283 983 64 25 great
2366 978 122 24 disadvan-

1895 1021 59 26 tage,
1963 1017 88 31 though
2058 1025 30 16 on
2096 1025 14 16 a
2118 1018 54 23 field
2182 1018 80 30 nearly
2274 1018 83 30 wholly
2368 1018 49 23 free
2428 1018 60 25 from

1896 1064 96 24 swamps
2006 1057 44 24 and
2060 1058 81 28 rivers,
2159 1058 32 30 by
2209 1057 74 24 which
2302 1058 38 23 the
2359 1058 129 32 Surveyors

1895 1097 45 24 had
1952 1097 90 31 already
2055 1098 59 23 been
2133 1106 25 15 so
2177 1098 70 23 much
2265 1098 134 25 exhausted.
2436 1099 52 24 The

1896 1145 83 23 survey
1990 1138 25 23 of
2029 1138 38 23 the
2081 1138 83 23 second
2175 1142 60 19 town
2246 1146 46 15 was
2301 1139 134 31 completed,
2444 1140 44 23 and

1897 1179 35 23 the
1945 1179 66 23 lands
2023 1178 86 24 offered
2114 1179 35 24 for
2158 1179 116 28 selection,
2283 1180 24 22 in
2314 1179 103 24 between
2424 1179 64 25 three

1897 1219 43 23 and
1952 1220 52 22 four
2014 1219 94 24 months
2120 1219 58 23 from
2189 1220 31 22 its
2231 1219 71 31 being
2315 1220 155 24 commenced.

1930 1267 58 23 This
2001 1266 64 31 delay
2078 1268 24 22 in
2112 1267 65 23 itself
2191 1274 48 16 was
2250 1274 55 23 very
2316 1267 169 31 discouraging,

1896 1307 44 23 and
1952 1307 120 23 combined
2083 1307 55 23 with
2149 1307 132 23 difficulties
2293 1307 55 23 then
2355 1307 25 23 in
2389 1307 38 24 the
2439 1315 49 24 way

1896 1347 25 23 of
1930 1347 117 31 acquiring
2055 1347 134 32 knowledge
2202 1349 139 30 concerning
2353 1348 39 23 the
2404 1352 81 20 nature

1897 1387 25 23 of
1937 1387 38 24 the
1988 1392 96 27 country
2095 1388 30 31 by
2138 1388 73 23 which
2224 1396 33 15 we
2269 1396 58 15 were
2335 1389 165 28 surrounded^

1896 1427 120 31 possessed
2027 1428 39 24 the
2078 1429 75 23 minds
2166 1428 24 24 of
2206 1436 69 22 many
2283 1436 96 23 persons
2387 1429 54 23 with
2450 1429 36 23 the

1897 1468 49 24 idea
1966 1468 25 23 of
2006 1467 84 32 having
2107 1473 24 19 to
2151 1468 97 24 contend
2266 1468 55 23 with
2342 1469 145 31 insuperable

1897 1508 135 29 difficulties,
2053 1509 45 23 and
2109 1509 61 23 filled
2183 1509 38 28 all,
2243 1516 63 16 more
2324 1517 25 15 or
2360 1509 53 29 less,
2433 1510 55 23 with

1896 1548 96 31 feelings
2004 1548 25 24 of
2043 1548 77 31 gloom
2133 1549 42 23 and
2187 1549 103 31 anxiety.

1930 1595 51 24 The
1994 1600 181 19 announcement
2187 1596 26 23 of
2229 1596 37 23 the
2275 1601 59 18 town
2342 1597 70 32 being
2419 1599 69 30 ready

1896 1636 34 23 for
1950 1637 180 30 appropriation,
2154 1636 83 24 tended
2248 1637 69 23 much
2336 1642 23 18 to
2379 1638 109 24 diminish

1896 1676 63 24 these
1973 1676 133 32 depressing
2117 1677 105 31 feelings,
2235 1678 87 31 though
2342 1678 39 24 the
2398 1684 90 25 greater

1897 1721 51 26 part
1961 1716 25 24 of
2001 1718 38 22 the
2051 1717 91 23 settlers
2155 1725 58 15 were
2231 1725 80 21 aware,
2332 1718 50 24 that
2398 1727 88 15 remov-

1886 1763 2 24 |
1896 1758 40 30 ing
1947 1761 24 19 to
1983 1757 115 23 Lambton
2111 1758 111 23 Harbour
2240 1758 74 24 would
2332 1759 29 23 be
2382 1760 105 24 attended

1898 1798 53 22 with
1964 1806 13 14 a
1989 1802 64 26 great
2076 1798 51 23 deal
2146 1799 25 22 of
2193 1798 97 29 trouble,
2308 1799 58 30 risk,
2384 1800 45 23 and
2448 1809 40 15 ex-

1897 1846 77 23 pense.
2010 1838 61 24 This
2083 1840 165 30 improvement
2258 1840 25 23 in
2292 1848 39 16 our
2339 1840 97 32 feelings
2445 1850 44 15 was

1897 1883 47 19 met
1955 1879 30 30 by
1998 1879 36 23 the
2052 1879 82 23 arrival
2154 1880 24 22 of
2202 1880 38 22 the
2260 1880 59 23 draft
2338 1881 26 23 of
2385 1881 39 23 the
2443 1882 45 23 Bill

1897 1919 76 23 before
1996 1919 36 23 the
2058 1920 56 22 New
2134 1920 74 23 South
2227 1920 79 24 Wales
2326 1921 105 30 Council,
2452 1923 36 23 the

1898 1964 96 26 purport
2005 1960 26 22 of
2046 1960 75 22 which
2131 1967 46 16 was
2197 1965 22 19 to
2236 1961 57 31 strip
2307 1961 38 23 the
2365 1961 123 30 Colonists,

1898 2007 25 15 as
1936 1999 54 31 they
2000 2000 123 31 supposed,
2135 2001 24 22 of
2174 2001 79 30 nearly
2265 2001 31 23 all
2309 2001 39 23 the
2359 2001 66 25 lands
2434 2011 53 15 con-

1899 2040 90 23 sidered
1999 2040 112 29 valuable,
2136 2048 24 16 or
2172 2045 23 19 to
2219 2041 59 32 keep
2302 2050 26 15 us
2348 2050 27 15 so
2393 2043 55 31 long
2466 2045 22 21 in

1900 2087 108 24 suspense
2029 2088 24 15 as
2078 2085 22 18 to
2121 2088 38 16 our
2177 2081 71 31 being
2267 2081 94 24 allowed
2380 2087 23 18 to
2424 2083 64 31 enjoy

1900 2120 69 29 them,
1984 2120 47 24 that
2043 2121 66 23 when
2129 2128 39 16 our
2188 2121 64 31 right
2271 2121 82 25 should
2372 2122 27 24 be
2411 2131 78 24 recog-

1900 2161 72 28 nised,
1986 2162 17 23 it
2015 2161 75 24 would
2102 2162 28 23 be
2143 2163 23 22 of
2182 2163 59 23 little
2258 2163 75 23 value.
2372 2163 58 24 This
2442 2172 48 16 new

1900 2201 44 23 and
1964 2202 143 31 unexpected
2126 2203 106 23 vexation
2251 2203 124 31 suggested
2394 2208 23 20 to
2439 2214 52 22 very

1900 2250 68 23 many
1982 2243 23 23 of
2020 2242 40 24 the
2072 2243 89 23 settlers
2174 2243 39 23 the
2229 2243 53 24 idea
2300 2245 26 23 of
2348 2245 144 32 abandoning

1900 2283 58 23 New
1987 2283 109 28 Zealand,
2124 2283 43 23 and
2197 2284 140 32 proceeding
2366 2290 23 19 to
2419 2287 72 24 South

1902 2323 116 24 America.
2057 2323 90 24 Parties
2166 2323 101 25 selected
2285 2325 59 24 their
2356 2330 59 19 town
2428 2327 62 24 lands

1901 2363 55 23 with
1967 2363 66 24 small
2046 2363 58 32 hope
2114 2364 24 24 of
2154 2364 110 32 enjoying
2271 2365 62 24 them
2370 2374 24 15 or
2406 2371 24 19 at
2436 2367 54 24 least

1901 2403 25 24 of
1948 2403 118 32 obtaining
2087 2404 38 24 the
2144 2412 123 23 necessary
2286 2405 48 24 title
2354 2410 22 20 to
2396 2412 95 19 warrant

1901 2444 62 24 them
1975 2449 21 19 to
2009 2449 37 19 act
2057 2445 54 23 with
2123 2445 141 24 confidence.

1935 2491 50 24 The
1991 2492 147 24 information
2147 2494 131 31 respecting
2290 2494 37 24 the
2340 2496 95 31 Sydney
2446 2496 44 24 Bill

1901 2530 87 25 arrived
2000 2532 24 23 in
2036 2532 40 23 the
2088 2532 97 24 absence
2194 2533 24 23 of
2229 2534 38 24 the
2276 2534 139 33 Company's
2425 2536 65 24 Prin-

1901 2572 58 31 cipal
1970 2572 87 31 Agent.
2095 2572 49 24 Our
2155 2573 88 31 loyalty
2261 2574 86 32 having
2365 2576 59 23 been
2442 2585 48 15 sus-

1900 2612 81 31 pected
2001 2613 24 22 in
2050 2620 156 23 consequence
2218 2614 26 23 of
2260 2623 39 15 our
2324 2616 110 32 adopting
2456 2618 34 23 the

1902 2653 52 30 only
1977 2653 59 31 legal
2060 2661 79 15 course
2163 2663 58 22 open
2241 2660 23 19 to
2276 2664 35 21 us,
2331 2657 32 31 by
2385 2658 73 24 which
2472 2663 18 19 to

1900 2694 110 23 maintain
2021 2693 43 24 law
2078 2694 44 23 and
2143 2695 73 28 order,
2241 2695 42 24 the-
2299 2697 92 24 settlers
2410 2698 54 24 held
2481 2708 9 14 a

1900 2734 78 31 public
1987 2735 110 30 meeting,
2121 2736 68 22 voted
2208 2743 28 16 an
2254 2736 94 25 address
2361 2742 22 20 to
2395 2738 37 25 his
2445 2739 45 24 Ex-

1901 2774 100 31 cellency
2025 2775 98 31 Captain
2136 2775 107 30 Hobson,
2269 2777 44 23 and
2325 2778 126 24 concluded
2462 2780 27 30 by

1900 2814 132 31 requesting
2053 2815 51 23 Col.
2125 2815 132 25 Wakefield
2274 2821 21 19 to
2312 2819 98 29 proceed
2423 2823 22 20 to
2458 2819 32 23 the

1901 2854 51 31 Bay
1964 2854 24 24 of
2003 2855 102 28 Islands,
2118 2859 22 19 to
2150 2861 95 26 present
2257 2858 24 27 it,
2300 2858 75 24 which
2390 2859 65 24 office
2465 2860 25 23 he

1901 2893 80 32 kindly
2003 2895 116 31 accepted.
2156 2896 40 24 On
2208 2897 37 23 his
2264 2902 87 26 return,
2370 2900 19 22 it
2400 2908 46 15 was
2458 2908 31 15 re-

1902 2934 76 24 solved
1989 2940 24 18 at
2026 2943 14 15 a
2050 2936 78 31 public
2139 2937 103 32 meeting
2255 2942 21 19 to
2289 2939 58 23 send
2365 2948 14 16 a
2399 2940 90 32 deputa-

1902 2976 47 22 tion
1966 2979 20 19 to
2000 2975 41 23 Sir
2055 2975 92 32 George
2163 2977 85 32 Gipps.
2290 2979 64 30 Few,
2377 2981 109 29 however,

1900 3016 138 30 anticipated
2046 3023 43 22 any
2097 3017 58 29 good
2163 3024 25 16 as
2196 3017 73 32 likely
2282 3023 22 19 to
2317 3019 30 25 be
2359 3020 39 24 the
2410 3022 78 23 result.

1901 3056 39 24 Sir
1948 3056 91 31 George
2048 3057 82 32 Gipp's
2142 3058 111 31 speeches
2265 3060 23 22 in
2300 3059 97 26 Council
2405 3062 85 23 created

1901 3097 39 23 the
1949 3097 72 24 belief
2036 3097 50 24 that
2098 3097 27 24 he
2137 3106 46 15 was
2195 3099 102 25 inimical
2314 3105 23 19 to
2357 3101 39 24 the
2415 3103 74 23 settle-

1901 3143 63 18 ment
1974 3137 45 24 and
2038 3138 38 24 the
2098 3138 126 32 Company,
2255 3141 68 23 while
2342 3148 78 26 report
2436 3151 54 23 gave

1900 3178 58 24 little
1970 3178 58 32 hope
2042 3179 49 23 that
2102 3179 28 23 he
2141 3180 76 24 would
2234 3180 50 25 deal
2297 3182 122 25 otherwise
2438 3184 51 23 than

1901 3219 131 24 Governors
2043 3219 58 24 have
2114 3221 116 31 generally
2243 3221 57 24 done
2318 3224 57 23 with,
2393 3224 97 32 applica-

1900 3261 60 23 tions
1972 3260 24 24 of
2012 3261 148 31 importance.
2198 3262 102 25 Endless
2312 3264 68 31 delay
2394 3273 45 16 was
2453 3273 37 16 ex-

1899 3301 86 31 pected,
1998 3301 76 24 which
2085 3303 18 22 it
2114 3310 45 16 was
2172 3303 42 24 felt
2226 3304 74 23 would
2310 3304 28 24 be
2351 3309 139 20 tantamount

1900 3346 23 19 to
1940 3342 59 24 ruin.

1934 3382 38 24 An
1995 3383 121 32 exploring
2136 3388 67 27 party
2226 3385 82 23 visited
2332 3386 38 23 the
2382 3386 106 27 Tararua,

1900 3423 45 24 and
1956 3423 106 31 reported
2073 3425 166 31 unfavourably
2258 3425 24 23 of
2298 3426 39 23 the
2356 3428 103 30 quantity
2472 3426 19 23 of

1900 3468 96 26 country
2013 3465 26 23 in
2050 3465 49 23 that
2116 3465 118 24 direction.
2272 3466 152 25 Information
2435 3468 55 23 from

1900 3505 38 23 the
1949 3506 90 22 natives
2052 3505 88 24 created
2152 3505 39 23 the
2199 3506 139 31 impression
2347 3507 48 24 that
2408 3507 83 25 several

1899 3544 104 24 hundred
2022 3545 111 23 thousand
2145 3553 66 16 acres
2223 3545 25 24 of
2262 3546 54 29 fine,
2335 3547 67 29 level,
2427 3548 64 27 clear,

1899 3584 55 23 land
1963 3584 76 24 would
2050 3585 29 22 be
2091 3585 71 23 found
2170 3585 71 29 there,
2250 3586 73 24 which
2332 3587 50 24 idea
2389 3596 45 15 was
2447 3588 44 23 dis-

1898 3624 75 31 pelled
1984 3632 64 23 upon
2060 3624 38 23 the
2118 3626 155 31 computation
2286 3627 26 23 of
2328 3628 37 23 the
2375 3628 116 31 exploring

1900 3668 65 27 party
1975 3664 71 31 being
2057 3665 130 31 published.
2224 3666 24 24 It
2259 3667 20 23 is
2292 3667 48 24 still
2352 3668 39 23 the
2403 3668 88 31 opinion

1901 3705 25 23 of
1939 3712 69 23 many
2029 3705 49 24 that
2094 3706 37 23 the
2144 3711 98 27 country
2253 3707 42 24 has
2307 3712 41 19 not
2359 3709 59 23 been
2429 3708 62 23 suffi-

1900 3745 84 31 ciently
1996 3746 109 30 explored
2117 3751 21 20 to
2151 3752 101 19 warrant
2262 3756 14 15 a
2286 3749 98 30 positive
2394 3749 97 31 opinion,

1901 3785 44 23 and
1957 3786 49 23 that
2018 3785 38 24 the
2070 3788 103 30 quantity
2187 3787 25 24 of
2227 3788 111 24 available
2347 3793 94 26 country
2450 3787 41 24 will

1901 3826 28 23 be
1940 3825 71 24 found
2021 3827 68 23 much
2100 3831 22 20 to
2134 3828 86 24 exceed
2240 3831 93 27 30,000
2358 3837 62 16 acres
2430 3839 6 19 ;
2450 3828 41 24 and

1902 3866 37 23 the
1952 3866 60 31 daily
2025 3866 117 33 discovery
2155 3868 25 24 of
2195 3870 90 29 ground
2297 3869 155 30 immediately
2471 3869 20 22 in

1903 3906 36 24 the
1952 3908 185 30 neighbourhood
2151 3909 25 23 of
2192 3909 39 24 the
2245 3914 60 20 town
2317 3910 74 24 would
2403 3917 61 17 seem
2472 3913 19 19 to

1903 3952 95 19 warrant
2010 3947 46 24 this
2069 3948 144 30 impression,

507 62 100 31 THE
628 60 111 33 NEW
758 58 226 32 ZEALAND
1005 56 224 32 GAZETTE
1252 55 102 32 AND
1373 51 328 34 WELLINGTON
1724 49 294 33 SPECTATOR.

1338 1204 169 24 SHIPPING
1527 1205 273 24 INTELLIGENCE.

1493 1254 154 21 ARRIVED.

1310 1281 51 24 Jan.
1376 1284 40 26 22,
1436 1282 50 31 brig
1742 1283 122 30 Williams,

1274 1314 62 24 from
1347 1315 104 30 Sydney.

1513 1367 115 16 SAILED.

1309 1395 52 21 Jan.
1385 1395 37 22 18.
1443 1395 85 29 barque
1742 1396 69 30 Grey,
1831 1396 32 23 for

1278 1425 81 22 China.

1508 1478 32 18 IN
1556 1478 84 18 PORT.

1311 1503 81 23 Cutter

1310 1537 91 30 Barque
1550 1539 144 23 Newcombe.

1310 1570 57 31 Ship
1551 1571 172 24 Shuttleworth.

1448 1603 64 24 Lord
1688 1606 74 23 Marr.

1310 1636 123 24 Schooner-
1627 1639 136 30 M'Gregor.

1309 1669 58 31 Brig
1618 1672 124 23 Williams.

1310 1729 51 24 The
1712 1732 45 23 and
1771 1733 96 23 another

1276 1763 81 29 vessel,
1371 1763 38 23 the
1420 1772 67 15 name
1506 1765 27 22 of
1547 1764 74 23 which
1639 1772 33 16 we
1691 1765 58 24 have
1766 1770 40 19 not
1826 1767 41 22 ob-

1275 1796 84 29 tained,
1371 1796 45 24 had
1431 1798 71 22 sailed
1520 1798 36 22 for
1575 1798 45 22 this
1637 1803 60 26 port,
1717 1800 37 22 via
1771 1799 53 32 Bay
1846 1800 25 22 of

1276 1829 100 29 Islands,
1395 1838 62 15 some
1476 1831 55 23 time
1549 1831 76 23 before
1645 1831 38 24 the
1705 1832 121 31 departure
1846 1833 25 23 of

1275 1862 40 23 the
1357 1863 70 31 Mary
1571 1865 45 22 and
1634 1873 38 15 are
1691 1873 51 15 now
1760 1866 106 23 overdue.

1276 1895 51 24 The
1526 1905 46 15 was
1583 1902 25 19 to
1622 1898 41 23 sail
1682 1907 29 14 on
1723 1899 38 23 the
1775 1899 58 24 12th
1847 1900 24 23 of

1275 1929 110 31 January,
1399 1930 35 23 for
1444 1930 51 30 Bay
1507 1931 25 22 of
1547 1930 92 24 Islands
1651 1932 45 22 and
1707 1932 46 23 this
1765 1937 60 26 port.

1310 1962 51 24 The
1404 1963 70 31 Mary
1514 1971 46 16 was
1571 1964 46 24 laid
1629 1972 28 16 on
1670 1969 23 19 at
1703 1965 123 32 Liverpool
1841 1974 28 15 on

1276 1996 57 23 24th
1347 1996 101 31 August,
1461 1997 34 23 for
1508 1997 58 24 Port
1578 1997 135 24 Nicholson.

1310 2029 50 23 The
1381 2029 50 31 ship
1477 2030 92 31 Morley
1605 2031 88 24 arrived
1704 2036 24 19 at
1741 2032 92 31 Sydney
1846 2033 25 22 in

1279 2064 29 21 14
1322 2062 55 31 days
1396 2063 57 23 after
1472 2064 84 30 sailing
1574 2064 58 23 from
1649 2064 45 24 this
1713 2070 59 26 port.
1818 2066 51 23 The

1429 2104 45 16 was
1486 2097 129 23 advertised
1625 2102 23 19 at
1660 2098 94 30 Sydney
1761 2099 35 23 for
1809 2099 58 24 Port

1277 2128 94 32 Phillip.

1311 2162 51 24 The
1404 2163 57 23 Earl
1473 2163 25 23 of
1518 2163 115 25 Lonsdale
1669 2165 45 23 and
1757 2165 114 31 Specula-

1351 2204 38 15 are
1402 2196 128 24 advertised
1542 2201 22 19 to
1576 2198 42 23 sail
1636 2198 59 23 from
1715 2199 101 30 Sydney,
1836 2200 35 22 for

1277 2228 38 23 the
1327 2229 51 30 Bay
1390 2230 25 22 of
1431 2230 91 24 Islands
1540 2231 45 23 and
1597 2231 38 23 the
1648 2231 109 24 Thames.

1335 2320 24 14 cc

1387 2320 27 14 en

1429 2320 42 20 .ing

1513 2321 44 15 turs'

1567 2317 39 24 lay,
1623 2317 8 18 .1

1638 2322 87 19 anuary
1735 2317 33 24 21,
1781 2317 62 20 1840.

1381 2350 60 17 Morn.

1491 2351 58 17 Even.

1595 2352 62 17 Wind.

1730 2353 91 17 Weather.

1282 2391 28 17 Pri

1282 2413 28 16 Sat

1282 2435 41 16 Sun.
1343 2445 17 6 ...

1282 2455 47 16 Mod.
1343 2467 17 4 ...

1282 2476 50 16 rues.
1344 2488 17 5 ...

1282 2497 46 16 Wed.
1344 2509 17 4 ...

1282 2518 78 17 rhurs...

1402 2393 20 16 78

1402 2414 18 15 71

1401 2435 21 16 09

1402 2456 20 15 72

1401 2478 21 14 G6

1401 2498 21 15 77

1402 2518 20 16 72

1509 2394 21 15 82

1509 2414 21 16 70

1509 2435 20 16 76

1509 2456 21 16 77

1508 2477 20 16 67

1509 2498 19 15 72

1509 2518 18 16 71

1587 2394 51 17 N.W.

1586 2415 52 17 N.W.

1584 2436 40 16 S.E.

1584 2456 51 17 N.W.

1584 2477 17 17 S.

1584 2498 50 17 N.W.

1584 2518 51 17 N.W.

1690 2395 54 21 Light
1751 2396 14 16 &
1770 2396 42 16 fine.

1690 2416 56 17 Fresh
1752 2417 14 16 &
1772 2417 42 16 fine.

1690 2437 54 20 Light
1749 2438 15 16 &
1769 2438 43 16 fine.

1691 2458 50 16 Calm
1746 2459 15 15 &
1766 2459 72 19 cloudy.

1691 2478 56 17 Fresh
1754 2479 14 16 &
1777 2479 42 16 fine.

1691 2499 93 17 Moderate
1791 2501 15 15 &
1813 2501 37 15 line,

1691 2520 65 21 Strong
1760 2520 15 16 &
1781 2520 69 21 cloudy.

1299 2559 62 17 Mean.

1401 2560 53 16 72.14.

1510 2560 53 17 73.57.

109 1268 39 20 TO
162 1267 40 22 BE
217 1266 79 22 SOLD
310 1265 40 21 BY
365 1264 147 28 AUCTION,
529 1265 39 21 BY

73 1302 111 20 Messrs.
204 1300 92 21 JOHN
315 1299 54 20 and
392 1299 77 20 G-EO.
489 1299 115 24 WADE,

49 1335 71 48 ON
139 1332 176 26 THURSDAY,
336 1331 52 22 28th
408 1332 108 27 January,
534 1333 58 25 1841,
610 1335 24 18 at

126 1362 25 20 12
161 1360 87 22 o'clock
257 1358 114 29 precisely,
383 1365 28 15 on
427 1358 37 21 the
481 1358 111 27 premises,
610 1362 24 18 at

48 1387 84 27 Petoni,
149 1394 105 14 without
265 1393 43 15 the
320 1393 70 13 least
401 1393 107 19 reserve,
526 1385 36 21 the
580 1385 52 22 Pre-

48 1415 72 26 mises,
140 1413 126 26 Furniture,
287 1412 100 26 Library,
412 1412 82 26 Goods,
515 1411 44 22 and
577 1412 55 21 Live

47 1440 74 27 Stock,
133 1440 37 22 the
179 1443 105 24 property
294 1438 25 22 of
331 1438 21 21 J.
366 1438 25 21 E.
401 1438 87 26 Collett,
496 1438 59 28 Esq.,
564 1438 69 22 about

47 1471 22 17 to
80 1467 61 22 leave
152 1467 37 21 the
200 1466 92 27 Colony,
304 1465 123 27 consisting
437 1465 51 21 of

75 1501 36 21 An
123 1500 111 22 excellent
245 1500 75 21 Warre
331 1499 46 21 and
388 1499 98 26 Garden,
496 1499 23 21 in
530 1499 40 22 full
580 1507 52 21 crop

46 1527 52 22 with
117 1527 77 22 choice
214 1527 80 27 plants,
319 1525 38 22 the
376 1525 98 28 produce
493 1526 26 21 of
538 1525 94 28 English

46 1554 63 22 seeds
119 1554 97 21 selected
227 1554 52 21 with
288 1556 62 23 great
360 1560 52 13 care
421 1552 30 27 by
457 1553 37 20 the
503 1553 127 27 proprietor,

47 1580 95 22 situated
151 1588 30 14 on
192 1580 37 21 the
238 1579 107 23 beautiful
356 1581 81 19 stream
447 1579 63 22 Koro
520 1579 69 22 Koro.

75 1614 60 27 Also,
147 1614 38 22 the
195 1615 90 26 present
294 1612 114 22 residence
419 1612 26 22 of
455 1613 38 21 the
503 1613 127 27 proprietor,

46 1641 95 21 situated
150 1648 29 14 on
191 1641 37 21 the
238 1640 69 22 beach
315 1640 26 20 of
352 1639 86 26 Petoni,
447 1640 129 27 containing
583 1640 51 22 four

46 1667 48 22 well
108 1667 115 22 furnished
240 1666 44 23 and
300 1666 102 27 spacious
418 1669 142 24 apartments,
580 1667 52 21 with

47 1694 108 22 detached
171 1694 98 27 kitchen,
289 1692 132 28 cow-house,
440 1693 78 26 stable,
536 1693 39 21 &c.
592 1693 39 22 &c.

46 1721 52 21 This
105 1721 78 21 Warre
193 1721 18 21 is
217 1721 81 21 known
305 1723 23 17 to
334 1720 29 20 be
370 1720 37 20 the
414 1723 58 17 most
478 1720 154 27 substantially

46 1747 57 23 built
112 1747 43 22 and
166 1747 50 22 best
224 1746 116 23 furnished
348 1746 25 21 in
384 1746 36 21 the
431 1746 93 28 Colony.

75 1780 61 27 Also,
148 1784 44 18 two
201 1780 111 22 excellent
322 1779 68 22 milch
402 1786 57 15 cows
472 1780 24 21 in
512 1780 40 21 full
569 1780 61 27 milk,

46 1807 53 22 with
110 1807 73 22 calves
192 1807 31 27 by
233 1806 56 23 their
303 1806 65 27 sides,
386 1806 44 21 and
442 1807 23 20 in
477 1806 46 22 calf
533 1807 66 27 again
611 1811 21 18 to

47 1834 44 22 Mr.
103 1834 114 21 Sinclair's
226 1840 54 21 pure
289 1833 112 26 imported
410 1833 53 21 bull.

75 1867 64 22 After
158 1867 79 27 which,
260 1866 36 23 the
312 1866 72 22 whole
401 1866 26 21 of
444 1866 38 22 the
501 1867 132 22 Household

47 1894 125 26 Furniture,
185 1894 121 26 consisting
316 1893 26 21 of
353 1893 77 27 tables,
443 1894 79 27 chairs,
531 1894 72 21 chests
612 1895 25 21 of

47 1921 101 26 drawers,
161 1921 101 26 dressing
272 1920 76 26 tables,
360 1920 40 21 &c.
413 1920 38 21 &c.
475 1920 37 22 An
523 1921 111 21 excellent

47 1948 68 26 clock,
127 1947 45 22 and
183 1955 12 13 a
205 1949 77 26 patent
291 1946 101 28 portable
412 1950 67 18 water
495 1947 74 27 closet,
587 1947 47 23 fur-

45 1974 77 22 nished
133 1974 54 22 with
196 1975 135 26 mahogany,
341 1973 54 21 with
407 1981 81 20 copper
498 1974 80 22 cistern
589 1975 45 21 and

46 2002 104 21 receiver.

73 2035 63 27 Also,
155 2042 29 14 an
193 2036 112 21 excellent
315 2034 101 27 Library.
459 2035 48 22 The
523 2036 110 23 furniture

45 2061 44 22 and
98 2062 83 26 library
190 2069 58 14 were
258 2061 96 23 selected
364 2062 29 26 b}'
406 2061 35 22 the
451 2063 123 27 proprietor
583 2071 51 19 pre-

45 2088 63 22 vious
117 2092 22 17 to
148 2089 35 21 his
192 2088 90 27 leaving
291 2088 112 27 England,
421 2088 35 22 for
472 2089 35 22 his
522 2097 49 14 own
588 2090 46 27 pri-

47 2118 49 18 vate
107 2123 46 14 use.

73 2149 65 21 After
147 2148 79 27 which,
239 2149 36 22 the
286 2149 149 21 Auctioneers
451 2149 43 22 will
509 2150 81 22 submit
605 2158 29 14 an

46 2178 133 20 assortment
197 2177 26 21 of
242 2175 158 23 merchandize
423 2177 46 21 and
491 2177 143 26 agricultural

45 2202 148 27 implements,
216 2202 120 27 consisting
353 2203 26 21 of
398 2203 171 28 crockeryware,
590 2208 44 18 sta-

44 2229 93 27 tionery,
160 2229 166 26 ironmongery,
352 2230 134 26 carpenters'
506 2231 63 25 tools,
588 2231 46 21 flax

45 2255 96 26 hackles,
149 2255 57 23 wool
214 2255 82 27 combs,
303 2255 110 28 saddlery,
421 2257 101 26 ploughs,
528 2257 105 28 harrows,

46 2289 43 14 6aw
106 2282 65 26 mills,
192 2283 75 23 turnip
283 2285 80 23 cutter,
380 2283 56 22 wine
451 2290 68 21 press,
534 2284 101 27 bruising

45 2309 55 26 mill,
115 2309 92 22 bullock
224 2308 67 29 yokes
308 2309 45 21 and
371 2309 65 27 bows,
455 2312 40 20 ICO
510 2311 86 26 gallons
612 2312 25 21 of

46 2343 72 14 sperm
129 2336 38 26 oil,
178 2336 45 22 and
233 2344 14 14 a
263 2336 85 27 variety
365 2336 26 22 of
406 2336 72 22 useful
494 2337 87 23 articles
598 2341 36 19 too

46 2369 120 15 numerous
177 2366 22 18 to
209 2362 107 23 mention.

76 2396 62 22 Aiter
148 2396 80 27 which,
239 2397 61 22 three
317 2396 101 23 Sections
435 2398 26 21 of
478 2398 64 22 Land
558 2398 23 23 in
597 2399 37 23 the

45 2423 82 21 second
136 2430 89 20 survey.
254 2422 52 23 Nos.
319 2430 29 15 on
359 2424 92 27 register
461 2424 45 23 and
514 2425 26 22 of
551 2425 82 26 choice,

44 2450 33 26 17,
89 2451 31 25 18,
131 2450 46 21 and
186 2452 34 19 19.

75 2483 19 21 A.
105 2483 115 28 catalogue
230 2485 25 21 of
271 2483 37 23 the
323 2485 53 26 sale,
393 2493 141 15 containing
550 2486 82 23 terms'

45 2509 43 22 will
103 2509 27 22 be
141 2511 69 28 ready
221 2512 33 21 for
265 2510 99 29 delivery
375 2519 28 14 on
414 2512 143 29 Wednesday
571 2515 61 21 next'

276 2567 21 19 A
313 2567 92 20 CARD.

224 2591 70 21 MR.
323 2592 128 25 PARK,

62 2624 85 22 CIVIL
167 2624 165 23 ENGINEER
353 2626 67 21 AND
444 2627 174 28 SURVEYOR,

89 2651 55 22 Late
154 2652 25 21 of
192 2652 36 22 the
239 2652 136 27 Company's
386 2653 125 28 Surveying
522 2655 61 21 Staff.

275 2708 21 19 A
312 2708 92 20 CARD.

151 2732 74 21 MR.
250 2732 36 20 H.
310 2733 33 20 B.
368 2734 157 26 RELPH,

201 2766 103 14 SURGEON
319 2767 158 21 ACCOUCHEUR,

280 2793 122 20 PETONI.

1504 2600 142 25 NOTICE.

1312 2633 149 24 Subscribers
1485 2638 24 19 at
1531 2634 84 23 Petoni
1637 2642 43 16 can
1706 2636 76 23 obtain
1811 2636 61 24 their

1277 2675 83 23 papers
1373 2675 29 15 on
1414 2668 138 31 application
1563 2671 23 20 to
1599 2668 48 24 Mr.
1660 2668 23 24 J.
1697 2668 102 29 Telford,
1820 2670 51 24 who

1279 2701 20 22 is
1310 2700 49 23 also
1372 2701 131 23 authorised
1515 2705 22 19 to
1547 2702 87 23 receive
1645 2706 121 26 payments
1777 2703 36 23 for
1826 2703 46 24 this

1278 2741 78 24 paper.

1312 2767 52 23 The
1375 2776 71 22 paper
1456 2768 20 22 is
1488 2776 51 15 now
1551 2772 52 19 sent
1609 2769 74 23 round
1694 2773 23 19 to
1728 2769 144 24 subscribers

1278 2800 25 23 in
1314 2805 68 25 town,
1396 2800 45 24 and
1453 2809 32 15 we
1505 2801 45 23 will
1568 2802 71 23 thank
1659 2810 45 23 any
1723 2803 47 22 who
1784 2803 28 23 do
1832 2808 41 19 not

1278 2838 39 26 get
1328 2834 59 23 their
1397 2842 84 23 papers
1493 2834 123 32 regularly,
1629 2839 22 19 to
1662 2835 69 24 make
1750 2836 39 23 the
1808 2845 64 15 same

1278 2866 86 24 known
1376 2871 21 19 to
1409 2875 37 15 us.
1482 2868 48 22 For
1541 2868 38 23 the
1598 2870 151 22 convenience
1768 2870 27 22 of
1811 2878 61 16 non-

1279 2901 151 29 subscribers,
1441 2908 32 15 we
1484 2901 65 23 leave
1556 2909 81 23 papers
1646 2910 30 15 on
1683 2902 47 24 sale
1738 2906 23 20 at
1768 2903 102 25 Messrs.

1280 2934 86 23 Cooks'
1378 2934 45 23 and
1433 2934 75 24 Durie
1519 2935 42 23 and
1576 2935 54 23 Co's
1641 2941 83 18 stores.

44 2846 231 22 AUSTRALIAN
289 2847 157 28 TAVERN,
461 2850 21 20 &
498 2850 130 21 COFFEE

277 2874 125 22 ROOMS.

208 2907 57 15 LATE
280 2908 89 15 SYDNEY
378 2910 90 14 STORES.

47 2934 111 47 GH.
174 2934 129 22 COGLAN
317 2935 54 27 begs
381 2939 21 18 to
412 2936 83 23 inform
505 2936 35 24 his
550 2937 83 23 friends

143 2961 45 21 and
209 2961 37 22 the
262 2962 81 27 public,
361 2962 47 22 that
427 2963 28 22 he
470 2964 40 22 has
526 2966 107 21 removed

43 2986 56 22 from
110 2986 37 23 the
159 2991 47 19 east
216 2988 43 22 end
268 2988 26 21 of
306 2988 37 22 the
353 2989 82 28 Beach,
453 2991 85 27 Petoni,
555 2995 22 18 to
595 2992 37 22 the

44 3017 53 18 west
107 3014 50 26 end,
169 3022 56 15 near
234 3014 36 23 the
280 3015 44 21 late
335 3016 147 23 Commercial
496 3017 51 28 Inn,
559 3018 73 23 where

44 3039 28 22 he
82 3040 69 28 hopes
168 3044 22 19 to
205 3042 56 21 have
275 3041 31 28 by
321 3044 148 27 unremitting
484 3045 117 28 attention,
619 3054 14 14 a

44 3066 64 23 share
118 3068 26 21 of
155 3068 75 26 public

113 3094 65 22 Good
188 3096 192 21 accommodation
393 3096 36 22 for
442 3097 119 23 travellers.

72 3120 58 22 N.B.
159 3122 119 21 Barnard's
301 3122 96 28 Passage
420 3124 58 22 Boat
500 3124 76 23 leaves
594 3125 38 23 the

44 3147 69 22 above
122 3147 78 29 bouse,
211 3149 34 22 for
256 3148 144 29 Wellington,
418 3158 66 20 every
494 3153 106 27 morning
610 3157 24 18 at

44 3174 53 21 nine
108 3174 94 23 o'clock.

844 138 218 22 PROSPECTUS

663 173 39 22 OF
716 173 22 21 A
754 171 101 24 STEAM
874 173 67 21 SAW
958 173 66 22 AND
1044 172 103 22 FLOUR
1164 172 80 22 MILL

872 199 161 28 COMPANY,

730 232 32 22 To
771 233 30 21 be
811 232 132 22 established
953 235 23 18 at
984 232 54 22 Port
1047 232 130 21 Nicholson.

665 267 45 47 IT
729 266 19 21 is
763 266 50 21 well
829 266 80 21 known
926 269 23 18 to
967 265 37 22 the
1020 265 109 22 residents
1147 265 27 21 of
1193 265 54 22 Port

719 291 127 28 Nicholson,
858 291 49 22 that
916 299 13 14 a
939 292 103 22 valuable
1053 295 69 18 steam
1141 299 44 14 saw
1202 291 43 22 and

663 318 58 22 flour
734 319 48 21 mill
800 326 41 15 was
855 318 98 27 brought
969 322 39 18 out
1022 319 57 21 from
1096 317 105 28 England
1216 317 32 27 by

664 345 90 22 Messrs.
764 345 98 32 Hopper,
874 345 73 26 Petre,
964 345 45 21 and
1023 344 145 22 Molesworth
1176 352 5 19 ;
1202 344 46 22 and

663 371 49 21 that
721 371 28 21 its
759 375 96 18 erection
864 371 32 27 by
906 371 49 21 that
964 371 56 26 firm,
1032 378 23 14 as
1065 370 119 27 originally
1194 378 53 14 con-

663 397 122 28 templated
793 398 30 26 by
837 397 68 27 them,
922 397 41 22 has
978 397 124 28 unhappily
1117 397 58 22 been
1190 397 58 22 frus-

663 424 72 22 trated
743 424 30 27 by
783 424 37 22 the
832 424 113 22 lamented
962 423 66 23 death
1043 424 25 21 of
1084 424 45 21 Mr.
1146 423 100 34 Hopper,

663 450 45 22 and
719 450 36 22 the
764 453 136 25 consequent
906 451 109 22 cessation
1022 450 26 22 of
1053 450 38 22 the
1098 449 148 28 partnership.

690 484 48 21 The
753 484 55 26 mill,
827 491 39 14 one
884 484 25 22 of
927 484 38 21 the
983 486 59 20 most
1059 484 98 26 superior
1174 484 26 21 of
1218 484 30 21 its

664 510 62 27 class,
737 510 40 22 has
787 510 97 27 recently
894 511 57 21 been
961 510 78 28 placed
1048 510 22 21 in
1085 510 38 21 the
1138 509 71 22 hands
1225 510 26 21 of
1255 517 2 12 j

664 544 12 13 a
686 537 130 22 mercantile
827 537 67 22 house
903 538 24 21 in
938 537 53 21 Port
1000 537 129 26 Nicholson,
1145 536 103 28 together

663 563 54 21 with
726 563 141 22 instructions
877 564 35 21 for
921 564 28 21 its
964 563 127 22 immediate
1109 563 99 22 removal
1225 566 23 18 to

665 589 54 22 New
730 589 70 22 South
809 590 73 21 Wales
893 597 24 14 or
934 590 49 21 Van
1001 589 116 22 Dieman's
1135 589 70 28 Land,
1223 590 25 21 in

664 616 37 21 the
712 620 66 17 event
787 616 27 21 of
824 624 27 13 no
861 616 121 27 purchaser
990 616 68 27 being
1065 615 71 22 found
1145 615 60 23 here.

691 649 23 22 It
722 652 60 19 must
790 650 28 21 be
828 652 107 24 apparent
944 652 22 19 to
976 657 68 19 every
1056 649 117 27 reflecting
1185 657 61 19 man,

665 676 49 21 that
722 676 36 21 the
768 677 97 20 removal
876 676 26 21 of
913 676 44 21 this
967 676 46 21 mill
1024 676 57 22 from
1099 676 37 21 the
1153 676 93 27 Colony,

663 702 21 21 if
694 702 18 22 it
721 703 26 21 be
757 702 117 28 permitted
885 705 22 18 to
917 702 51 22 take
978 703 70 27 place,
1065 705 83 19 cannot
1164 702 40 22 but
1218 704 30 20 be

664 730 107 21 attended
780 729 52 22 with
840 728 46 23 evil
895 736 163 21 consequences
1065 729 56 22 both
1131 732 22 18 to
1164 737 40 14 our
1213 737 35 16 re-

664 756 100 26 putation
773 756 46 21 and
827 756 129 27 prosperity.
990 756 49 21 The
1055 756 132 27 superiority
1202 756 46 22 and

664 782 131 22 abundance
806 782 24 21 of
839 782 57 22 New
903 782 100 22 Zealand
1013 782 85 27 timber,
1108 782 46 26 has,
1164 790 24 14 as
1197 783 51 21 well

663 808 24 22 in
698 808 36 22 the
745 809 68 21 Sister
822 809 101 22 Colonies
934 809 25 22 of
974 809 90 28 Sydney
1078 809 46 22 and
1132 809 52 22 Van
1194 810 54 21 Die-

663 836 72 21 man's
745 835 64 22 Land
820 843 21 14 as
855 836 24 21 in
896 836 110 26 England,
1024 836 57 21 been
1097 835 53 22 held
1167 839 39 18 out
1223 843 25 15 as

665 869 42 14 one
717 862 26 21 of
753 862 38 21 the
801 862 106 32 principal
916 862 155 23 inducements
1081 865 23 19 to
1115 862 132 28 emigration

663 888 80 28 hither,
755 889 45 21 and
809 889 51 22 with
867 889 92 28 justice,
970 889 35 22 for
1013 889 95 32 perhaps
1115 896 29 14 no
1153 892 94 24 country

663 914 23 22 in
696 914 38 22 the
745 915 69 22 world
821 917 109 24 produces
939 918 88 24 greater
1040 919 85 23 variety
1134 915 27 22 of
1166 916 81 21 timber

663 941 95 27 adapted
768 945 22 18 to
801 942 28 21 all
837 949 107 20 purposes
954 942 53 21 than
1019 942 41 22 this
1070 945 102 23 country.
1201 942 46 22 But

663 968 65 25 what,
740 968 17 21 it
765 975 53 20 may
831 968 29 21 be
877 968 76 27 asked,
967 968 45 22 will
1028 969 26 21 be
1070 968 37 22 the
1124 964 121 31 inference,

663 994 79 22 should
752 995 37 21 the
800 995 51 26 only
861 1002 77 14 means
948 1002 32 15 we
990 1002 86 20 possess
1087 995 26 21 of
1126 995 127 27 rendering,

663 1021 43 21 this
716 1021 81 22 timber
806 1021 115 27 available,
933 1022 27 21 be
969 1021 120 27 permitted
1105 1024 22 18 to
1143 1029 29 19 go
1189 1022 58 22 from

662 1054 82 20 among
754 1055 26 14 us
786 1048 9 21 ?
821 1048 71 21 There
902 1055 42 14 can
955 1048 27 21 be
1000 1055 30 14 no
1047 1048 63 21 other
1124 1047 121 29 inference,

662 1074 40 21 but
712 1074 47 21 that
768 1074 69 22 either
845 1081 62 20 gross
924 1074 116 28 deception
1055 1075 41 21 has
1110 1074 58 23 been
1184 1082 64 20 prac-

663 1100 58 22 tised
729 1101 24 21 in
762 1101 152 27 representing
930 1101 44 22 fine
985 1101 79 22 timber
1074 1105 22 18 to
1107 1101 57 22 exist
1173 1102 74 22 where

663 1126 61 23 there
734 1128 18 21 is
761 1130 40 19 not
815 1127 86 27 enough
919 1130 22 19 to
957 1128 47 21 find
1018 1128 152 27 employment
1185 1129 35 21 for
1234 1136 14 15 a

661 1154 72 27 single
741 1154 47 21 mill
795 1162 6 18 ;
817 1161 23 14 or
847 1154 49 21 that
902 1154 38 21 the
948 1154 110 22 Colonists
1066 1154 25 22 of
1096 1155 54 22 Port
1155 1155 93 22 Nichol-

661 1187 40 14 son
712 1187 36 15 are
758 1180 62 27 sadly
828 1180 107 22 deficient
943 1181 23 21 in
977 1181 38 22 the
1025 1182 63 27 spirit
1104 1182 45 21 and
1166 1182 82 28 capital

661 1214 119 20 necessary
790 1210 23 18 to
820 1207 81 22 render
910 1214 28 15 an
949 1207 74 22 infant
1037 1208 138 28 community
1183 1216 64 25 pros-

661 1241 79 19 perous
748 1241 4 18 ;
769 1233 69 22 either
848 1234 26 21 of
889 1234 72 21 which
976 1234 127 23 inferences
1118 1235 75 22 would
1207 1239 41 18 not

661 1260 40 21 fail
708 1263 21 18 to
735 1260 27 22 be
768 1260 129 27 productive
903 1261 27 21 of
935 1260 43 22 evil
986 1262 81 21 effects.
1079 1261 55 22 New
1143 1262 103 23 Colonies

662 1293 41 15 can
714 1286 56 23 least
780 1287 26 21 of
814 1287 28 22 all
853 1286 71 23 afford
934 1290 22 19 to
966 1288 67 21 suffer
1041 1288 24 22 in
1074 1288 57 21 their
1138 1296 109 15 commer-

662 1313 43 22 cial
715 1313 122 27 reputation
846 1322 5 17 ;
868 1314 45 21 and
922 1314 18 21 it
948 1314 18 22 is
975 1318 41 19 not
1032 1315 133 27 sufficiently
1177 1316 69 21 borne

661 1340 24 21 in
694 1340 63 22 mind
766 1340 57 27 here,
833 1340 49 22 that
891 1347 41 15 our
941 1341 136 22 adversaries
1086 1342 24 21 in
1120 1342 38 21 the
1168 1343 79 27 neigh-

661 1366 95 28 bouring
764 1367 101 22 Colonies
875 1375 37 14 are
922 1368 87 21 neither
1019 1368 40 22 few
1069 1376 42 14 nor
1119 1368 127 28 powerless,
1255 1373 2 26 j

662 1393 97 27 Perhaps
769 1394 18 21 it
795 1394 17 21 is
820 1397 41 18 not
872 1397 35 19 too
918 1394 67 22 much
995 1398 23 19 to
1028 1403 45 23 say,
1092 1395 48 22 that
1157 1395 61 22 there
1229 1396 18 22 is

661 1423 40 18 not
710 1427 14 14 a
733 1420 120 27 proprietor
863 1421 27 22 of
901 1429 13 13 a
924 1421 70 27 single
1011 1422 84 22 section
1112 1422 25 21 of
1152 1422 54 22 land
1223 1423 23 22 in

661 1446 44 22 this
717 1446 90 28 Colony,
817 1447 49 22 who
876 1448 74 21 would
958 1451 40 18 not
1015 1448 128 32 eventually
1153 1449 46 22 find
1209 1449 38 22 the

662 1473 65 22 value
736 1474 27 21 of
774 1474 45 21 that
828 1474 54 21 land
893 1474 139 28 depreciated
1048 1476 31 26 by
1089 1475 36 22 the
1135 1476 111 22 invidious

661 1500 98 22 remarks
770 1504 23 18 to
803 1500 70 22 which
883 1500 38 23 the
928 1502 99 21 removal
1034 1502 26 21 of
1067 1502 43 22 this
1117 1502 49 22 mill
1174 1503 73 22 would

660 1526 52 27 give
722 1527 42 22 rise
774 1527 23 22 in
808 1528 104 26 England
921 1528 45 21 and
976 1528 126 23 elsewhere.

689 1560 46 22 The
755 1560 134 28 advantages
914 1562 26 21 of
955 1562 112 27 retaining
1086 1563 36 21 the
1143 1563 46 22 mill
1209 1572 37 14 are

661 1587 89 26 equally
761 1587 97 23 obvious.
895 1589 22 21 It
926 1596 41 14 can
980 1589 28 21 be
1018 1589 85 27 readily
1112 1590 76 22 shown
1199 1591 49 21 that

661 1621 14 13 a
684 1615 72 25 larger
766 1618 90 18 amount
869 1615 27 21 of
905 1615 67 27 profit
986 1615 53 23 than
1055 1616 89 28 usually
1158 1617 51 21 falls
1225 1620 22 19 to

661 1640 38 22 the
708 1641 70 21 share.
783 1641 23 21 of
813 1642 61 27 joint
882 1642 64 22 stock
955 1643 134 27 companies,
1109 1647 83 18 cannot
1208 1644 38 22 fail

661 1671 23 17 to
693 1667 28 22 be
730 1667 101 22 realized.
861 1669 65 21 Sawn
937 1669 79 21 timber
1026 1669 39 22 has
1084 1670 58 22 been
1159 1671 49 21 sold
1225 1676 23 16 at

661 1693 38 23 the
708 1694 59 22 mills
776 1695 23 21 in
809 1695 87 21 Hobart
905 1695 69 22 Town
987 1696 35 22 for
1031 1704 36 14 six
1077 1704 120 15 shillings
1208 1706 40 19 per

661 1722 40 20 100
710 1721 58 26 feet;
784 1721 34 22 the
833 1722 60 27 price
907 1721 53 23 here
976 1723 19 21 is
1012 1730 155 16 twenty-five
1183 1732 65 14 shil-

661 1754 74 15 lings.
764 1748 86 27 Wages,
866 1749 18 21 it
896 1749 20 21 is
931 1752 55 24 true,
1002 1758 44 14 are
1061 1758 79 14 lower
1154 1758 23 14 in
1192 1752 54 21 Van

661 1774 116 22 Dieman's
798 1775 63 22 Land
879 1783 62 14 than
958 1784 68 19 here,
1046 1777 202 29 notwithstanding

661 1801 37 21 the
708 1805 128 19 statements
848 1801 72 23 which
928 1803 57 21 have
999 1803 56 22 been
1072 1803 66 23 made
1153 1805 29 26 by
1199 1812 47 14 cer-

662 1827 46 22 tain
724 1829 81 26 parties
821 1831 23 19 to
861 1829 37 22 the
917 1833 103 24 contrary
1030 1838 5 17 ;
1057 1831 42 21 but
1114 1831 44 21 this
1175 1832 72 22 would

661 1855 64 21 make
736 1862 14 14 a
760 1855 81 27 trifling
851 1855 119 23 difference
980 1857 23 21 in
1021 1857 37 22 the
1074 1858 61 27 price
1153 1858 26 21 of
1197 1859 50 21 tim-

661 1881 39 22 ber
708 1890 6 18 ;
729 1885 23 18 at
762 1889 42 20 any
813 1886 55 23 rate,
880 1883 103 27 allowing
994 1883 36 22 the
1040 1888 59 18 most
1107 1884 78 22 liberal
1195 1886 52 21 esti-

662 1911 65 24 mate,
739 1909 77 22 timber
826 1916 60 14 sawn
896 1910 30 27 by
937 1909 36 22 the
992 1911 48 22 mill
1059 1911 66 22 could
1143 1915 40 18 not
1200 1916 47 18 cost

661 1942 61 15 more
733 1935 53 22 than
797 1943 69 15 seven
882 1944 121 15 shillings
1020 1945 46 14 and
1083 1945 107 15 sixpence
1209 1936 37 25 the

663 1963 39 21 100
712 1962 50 27 feet,
774 1963 42 21 and
828 1963 37 21 the
875 1963 136 28 advantages
1024 1965 25 20 of
1062 1964 42 22 this
1120 1965 23 21 in
1160 1973 86 15 remov-

661 1989 40 26 ing
710 1989 37 21 the
757 1997 70 14 Mouiti
840 1989 80 23 houses
931 1991 56 21 from
997 1998 41 15 our
1047 1991 77 27 beach,
1142 1992 43 22 and
1195 1993 51 21 sub-

662 2015 102 28 stituting
773 2017 33 20 for
822 2016 60 22 thfim
901 2017 129 22 substantial
1049 2018 91 22 wooden
1157 2019 87 28 houses,

662 2045 59 19 must
730 2043 27 21 be
768 2045 35 19 too
812 2047 109 24 apparent
931 2047 21 18 to
963 2045 57 21 need
1030 2045 85 22 further
1126 2050 119 19 comment.

661 2069 48 21 The
728 2076 104 20 presence
852 2071 26 21 of
898 2078 14 13 a
931 2071 70 21 vessel
1019 2071 22 21 in
1062 2079 40 15 our
1121 2076 50 24 port
1188 2073 57 22 from

663 2095 88 22 Hobart
760 2096 74 26 Town,
844 2097 67 22 laden
922 2097 53 21 with
985 2098 85 27 timber,
1088 2099 19 21 is
1123 2099 47 22 also
1186 2101 60 20 suffi-

663 2122 59 22 cient
730 2123 66 26 proof
806 2123 26 21 of
842 2124 62 22 what
912 2124 47 22 mill
969 2125 83 27 sawing
1058 2125 45 22 will
1109 2126 71 27 effect,
1192 2127 55 26 (and

662 2149 18 21 it
688 2150 19 21 is
717 2157 14 13 a
739 2150 46 22 fact
794 2151 46 21 that
855 2151 38 21 she
908 2150 40 22 has
964 2152 98 22 realized
1078 2155 39 19 not
1133 2153 43 21 less
1192 2154 54 21 than

663 2177 40 21 150
718 2184 41 19 per
774 2180 56 19 cent,
846 2177 31 28 by
893 2177 48 22 that
959 2178 97 27 timber.)
1093 2179 56 22 Now
1164 2180 19 21 if
1195 2181 50 21 Van

663 2203 115 22 Dieman's
788 2203 69 27 Land,
868 2204 54 22 with
931 2205 52 27 only
994 2212 41 15 one
1046 2213 25 14 or
1084 2209 42 19 two
1141 2207 67 22 kinds
1225 2208 25 21 of

663 2230 127 27 exportable
808 2231 87 27 timber,
920 2238 41 15 can
982 2235 61 19 enter
1063 2233 50 21 thus
1133 2234 113 27 spiritedly

661 2257 49 21 into
719 2257 38 21 the
768 2257 67 27 trade,
844 2257 61 22 what
909 2266 52 19 may
966 2263 41 17 not
1014 2259 55 21 New
1078 2259 106 29 Zealand,
1194 2261 52 22 with

663 2290 42 15 one
724 2283 101 23 hundred
843 2285 103 21 varieties
966 2285 24 22 of
1011 2287 128 26 exportable
1159 2287 86 29 timber,

663 2310 71 22 effect.

691 2344 21 21 It
720 2344 41 21 has
771 2345 55 21 been
836 2345 110 27 proposed
956 2345 49 23 that
1018 2353 67 21 every
1100 2347 148 23 Shareholder

663 2370 23 21 in
696 2370 43 23 this
749 2372 114 26 Company
874 2372 56 21 shall
940 2372 57 22 have
1008 2373 36 22 the
1055 2374 76 27 option
1138 2375 26 21 of
1171 2374 77 29 taking

663 2397 57 22 from
731 2398 37 21 the
778 2398 45 21 mill
834 2406 14 14 a
854 2400 102 26 quantity
964 2400 27 21 of
997 2400 79 22 timber
1083 2402 165 26 proportionate

663 2427 22 18 to
696 2424 33 22 his
739 2425 93 22 number
842 2426 27 21 of
879 2426 82 27 shares,
976 2430 23 18 at
1008 2434 12 14 a
1030 2427 60 22 fixed
1098 2429 68 25 price.
1195 2429 53 22 This

663 2450 63 23 alone
737 2452 72 21 would
816 2452 80 22 realize
907 2461 14 14 a
929 2453 121 22 handsome
1058 2454 72 28 profit,
1140 2455 108 28 indepen-

663 2477 54 22 dent
727 2478 26 22 of
768 2478 34 22 the
819 2480 92 26 general
928 2480 76 27 profits
1021 2481 25 21 of
1065 2481 37 21 the
1117 2482 54 21 mill.
1202 2483 46 21 The

662 2504 142 23 shareholder
814 2506 74 22 would
898 2506 56 28 thus,
965 2507 21 22 if
998 2507 28 22 he
1036 2507 74 27 chose,
1128 2508 93 23 become
1236 2517 12 14 a

663 2531 80 22 timber
766 2532 73 22 dealer
861 2541 61 21 upon
941 2534 123 28 singularly
1082 2535 166 28 advantageous

663 2561 73 25 terms,
748 2559 43 22 and
799 2560 29 21 he
838 2560 74 22 would
922 2563 22 19 at
954 2561 29 22 all
999 2561 63 22 times
1079 2562 28 21 be
1125 2563 84 21 certain
1227 2564 26 21 of

663 2585 37 22 the
710 2585 45 22 sale
766 2586 24 22 of
799 2586 36 22 his
846 2587 85 27 timber,
943 2588 35 21 for
988 2588 36 21 the
1032 2595 54 21 very
1092 2589 61 27 plain
1161 2597 85 21 reason,

663 2611 47 22 that
720 2620 30 14 no
761 2620 39 14 one
811 2614 66 21 could
888 2619 101 23 compete
999 2615 54 21 with
1065 2616 56 22 him.

689 2645 47 23 The
752 2647 136 28 advantages
900 2648 26 21 of
932 2648 36 21 the
980 2648 55 21 flour
1053 2649 46 21 mill
1110 2656 38 15 are
1159 2650 90 28 equally

662 2676 69 23 great.
760 2673 80 23 Wheat
850 2682 52 19 may
912 2675 82 27 always
1002 2675 28 22 be
1040 2676 109 27 procured
1160 2680 23 18 at
1195 2677 54 22 Val-

664 2701 91 26 paraiso,
767 2703 21 19 at
796 2708 14 14 a
820 2701 61 27 price
890 2703 121 26 averaging
1017 2703 72 21 under
1098 2703 49 22 jSIO
1155 2711 40 19 per
1202 2708 46 18 ton.

663 2727 46 21 The
721 2727 123 28 advantage
855 2728 25 22 of
891 2729 120 27 supplying
1020 2729 70 28 cheap
1099 2729 70 23 bread
1179 2734 23 18 to
1212 2731 37 22 the

664 2753 85 28 Colony
759 2754 54 22 from
824 2755 43 21 this
877 2762 78 15 source
965 2756 67 21 needs
1042 2759 42 18 not
1092 2760 24 18 to
1123 2756 27 22 be
1157 2757 93 32 pointed

664 2784 49 23 out,,
720 2781 46 21 and
776 2781 35 22 the
821 2781 77 28 profits
909 2782 73 22 would
992 2783 26 21 be
1029 2783 161 23 considerable.

689 2814 47 22 The
747 2815 131 27 proprietors
896 2816 26 21 of
936 2816 38 22 the
991 2816 53 22 mill,
1064 2817 53 21 with
1133 2817 38 23 the
1188 2826 60 15 same

662 2841 75 25 public
746 2842 60 26 spirit
817 2842 72 21 which
899 2843 116 28 prompted
1025 2843 63 22 tbem
1099 2847 23 18 to
1131 2844 83 29 import
1222 2847 24 21 it.

663 2867 56 22 have
729 2868 80 22 offered
819 2868 18 22 it
847 2872 23 18 at
879 2869 38 21 the
927 2870 93 25 original
1033 2873 48 19 cost
1096 2870 25 22 in
1136 2871 111 29 England,

662 2894 90 28 sinking
762 2895 35 22 the
805 2895 84 28 freight
898 2896 44 22 and
952 2899 38 19 the
1001 2897 90 27 charges
1100 2905 5 18 ;
1121 2905 29 15 an
1161 2899 54 22 offer
1225 2907 23 15 so

662 2922 83 26 liberal,
757 2922 47 22 that
813 2922 19 21 it
841 2930 41 14 can
894 2923 98 27 scarcely
1001 2923 39 22 fail
1055 2924 26 22 of
1096 2924 87 29 finding
1199 2934 50 20 per-

662 2956 51 14 sons
722 2949 66 27 ready
799 2952 22 18 to
832 2953 79 24 accept
920 2950 26 22 of
957 2950 25 22 it.

689 2983 37 21 An
738 2982 85 28 eligible
833 2983 112 27 wharfage
952 2984 61 21 front
1020 2984 59 22 atTe
1089 2985 47 22 Aro
1144 2986 40 22 has
1192 2986 56 23 been

662 3009 92 22 secured
764 3012 21 19 at
794 3017 13 14 a
816 3010 43 21 low
865 3013 54 24 rate,
927 3011 67 22 audit
999 3011 40 22 has
1044 3011 58 23 been
1111 3014 138 22 ascertained

662 3035 48 22 that
719 3044 13 13 a
742 3037 78 27 capital
831 3037 25 21 of
867 3037 90 27 3,000,
971 3038 24 21 in
1005 3038 76 22 shares
1091 3039 26 22 of
1128 3040 48 22 jCIO
1186 3041 61 27 each,

661 3063 44 21 will
714 3063 27 22 be
752 3063 109 22 sufficient
871 3067 23 18 to
905 3068 59 18 erect
975 3065 43 22 and
1028 3065 61 22 work
1100 3066 38 21 the
1147 3067 56 22 mill.

671 3123 5 5 #
689 3096 93 23 Further
791 3097 131 27 particulars
932 3098 46 22 will
987 3099 26 21 be
1022 3099 68 27 given
1107 3108 29 14 on
1152 3101 97 28 applica-

661 3123 47 21 tion
718 3127 23 19 to
751 3124 90 22 Messrs.
859 3125 126 27 Ridgways,
1003 3126 99 28 Guyton,
1119 3127 45 22 and
1181 3129 67 28 Earp,

662 3153 23 19 at
693 3150 59 22 their
762 3151 79 27 Stores,
853 3159 29 14 on
893 3152 84 22 section
987 3154 47 20 209.

884 3185 28 22 G.
927 3185 27 22 B.
970 3186 72 27 Earp,
1058 3187 49 22 Sec.
1117 3195 40 20 pro
1168 3191 52 20 tern.

808 3240 97 21 LAND
919 3241 69 21 FOR
1002 3242 96 21 SALE.

662 3273 130 30 rpHREE
821 3273 93 23 TOWN
943 3275 98 22 ACRES
1070 3277 45 21 and
1143 3277 106 23 THREE

668 3293 28 27 JL
736 3299 145 23 COUNTRY
898 3301 153 28 SECTIONS,
1074 3310 64 15 fiiist
1162 3312 86 15 series.

687 3332 48 23 The
745 3333 69 22 whole
824 3334 44 21 will
879 3334 27 22 be
916 3334 102 32 disposed
1029 3336 27 21 of
1067 3343 28 15 on
1106 3344 53 20 very
1168 3335 80 25 liberal

661 3362 73 25 terms,
756 3360 34 22 the
809 3361 124 27 proprietor
950 3362 120 28 intending
1088 3366 23 19 to
1128 3364 64 22 leave
1212 3365 37 22 the

661 3386 93 28 Colony.
781 3387 46 22 For
835 3388 132 26 particulars
977 3389 67 28 apply
1055 3393 22 18 to

940 3415 62 22 John
1013 3416 45 22 and
1069 3416 57 22 Geo.
1138 3418 81 22 Wade.

126 3228 93 21 JOHN
241 3228 124 26 LODGE,
386 3231 162 26 BUILDER,

44 3255 108 49 BEGS
167 3258 23 18 to
200 3255 79 22 inform
290 3256 38 21 the
338 3257 137 23 inhabitants
486 3259 26 21 of
521 3259 110 28 Welling-

107 3284 46 24 ton,
164 3282 49 22 that
223 3282 82 27 having
313 3283 58 21 been
381 3291 69 20 many
460 3292 63 20 years
531 3287 100 27 engaged

44 3316 24 14 as
78 3308 101 22 foreman
190 3309 23 22 in
228 3308 35 23 the
279 3310 99 22 erection
393 3311 27 21 of
433 3311 117 29 buildings,
569 3313 28 23 he
613 3315 18 21 is

44 3342 50 15 now
103 3336 110 26 prepared
223 3339 21 18 to
254 3335 65 22 make
328 3336 65 28 plans
407 3338 46 22 and
469 3340 112 22 estimates
598 3341 33 21 for

43 3369 44 20 any
98 3359 134 30 description
247 3362 25 21 of
284 3362 120 28 buildings,
422 3365 45 21 and
483 3370 93 19 execute
594 3367 37 23 the

44 3395 60 15 same
113 3395 31 15 on
153 3388 131 23 reasonable
294 3392 75 25 terms,
381 3391 51 21 with
442 3392 58 27 good
508 3393 123 23 workman-

44 3416 56 27 ship.

72 3442 56 21 N.B.
159 3442 20 21 A
198 3442 91 23 wooden
305 3442 71 23 house
393 3447 22 18 to
432 3445 28 22 be
480 3445 103 26 disposed
601 3448 27 22 of

44 3469 52 21 20ft.
108 3468 30 28 by
149 3470 53 21 14ft.

71 3496 123 22 Thorndon
205 3497 70 25 Quay,
288 3495 52 22 Jan.
352 3498 31 24 21,
397 3499 61 21 1841.

720 3466 266 30 POPULAR^XETE
1001 3466 75 35 AJH)
1090 3472 100 22 BALL.

662 3502 50 48 IN
728 3509 152 21 consequence
898 3497 251 34 c-fSha^finpropitious
1160 3509 56 20 state
1227 3508 23 21 of

717 3529 38 21 the
764 3529 103 28 weather,
879 3527 181 32 tbejKmnnittee
1074 3531 59 22 have
1147 3534 102 23 resolved

662 3559 22 18 to
693 3559 107 24 postpone
810 3557 38 21 the
858 3562 61 23 sp/Kte
939 3556 176 30 uhtilNMonday
1131 3563 61 24 next,
1212 3561 38 23 the

662 3581 50 23 25th
722 3583 49 21 inst.
825 3580 54 23 >*^
998 3590 55 24 VV

687 3609 87 27 Friday,
786 3610 53 22 Jan.
849 3610 66 22 22nd.
980 3604 92 32 .\\

701 3665 67 20 FOR
781 3663 146 22 HOBART
942 3663 114 24 TOWN'
1067 3667 139 22 DIRECT.

692 3689 176 42 jgSJg.nnHE\
896 3697 45 22 fine
971 3697 83 28 clipper
1081 3698 59 22 built
1168 3701 81 26 packet

675 3722 92 34 iSxSsb
845 3723 84 33 barque
1208 3729 41 20 200

663 3746 167 30 Ss3stons,
841 3749 177 29 Wflham/Marr,
1036 3753 151 27 commander,
1204 3755 45 21 will

662 3774 39 21 sail
718 3774 36 21 for
766 3774 37 23 the
821 3776 71 23 above
903 3779 56 25 jrort
975 3785 28 14 on
1020 3778 99 29 Sunday,
1140 3779 38 23 the
1197 3781 52 23 21th

662 3800 91 23 instant.
885 3804 30 17 \T

687 3833 44 23 For
753 3835 81 27 freight
856 3841 26 17 r
892 3830 10 28 \
908 3844 100 20 passage,
1037 3837 85 29 having
1149 3842 100 26 superior

662 3862 196 27 accommodation,
877 3861 66 30 ajtely
961 3868 22 18 to
998 3864 37 22 the
1053 3868 149 22 commander
1220 3877 29 14 on

662 3887 74 23 board.
814 3886 20 22 /
907 3895 12 22 \

688 3915 50 21 Port
752 3912 128 35 Nicholson,
894 3917 54 29 N\\v
959 3917 105 29 Zealand,

745 3942 47 22 12th
804 3943 107 25 January,
922 3946 62 21 VB'll.

44 3551 113 49 ROPE
180 3550 108 23 WINCH
313 3551 61 22 FOR
397 3552 85 23 SALE.
515 3555 78 28 Apply
609 3559 22 19 to

261 3577 64 23 Luke
339 3578 51 22 Nat
396 3586 72 20 trass,

411 3606 110 23 Lambton
532 3609 72 26 Quay.

268 3659 139 21 NOTICE.

45 3692 91 49 ALL
150 3692 130 23 PARTIES
295 3691 85 28 having
393 3693 78 22 claims
488 3696 88 26 against
595 3696 36 23 the

123 3719 44 22 late
179 3720 43 21 Mr.
233 3719 101 22 Graham
344 3719 70 28 Todd,
426 3721 106 29 Surgeon,
543 3723 87 28 Petoni,

46 3753 35 14 are
92 3745 84 31 hereby
186 3746 103 28 required
298 3748 23 19 to
337 3746 65 26 lodge
413 3747 37 22 the
461 3755 60 15 same
531 3749 53 22 with
595 3750 36 22 the

46 3772 164 27 Undersigned,
221 3772 33 23 for
263 3772 153 23 examination
427 3774 45 23 and
487 3776 143 28 adjustment,

44 3799 77 22 within
133 3801 26 20 10
169 3799 54 27 days
230 3799 26 21 of
266 3799 45 22 this
319 3799 58 27 date,
386 3800 46 22 and
438 3802 81 26 parties
526 3803 105 23 indebted

46 3830 22 17 to
84 3826 47 22 him
151 3833 37 14 are
207 3826 117 27 requested
343 3829 23 19 to
384 3835 44 19 pay
448 3828 57 23 their
526 3835 105 18 accounts

44 3853 77 22 within
131 3853 38 21 the
179 3859 61 16 same
249 3853 78 26 period
338 3856 21 18 to

263 3879 124 23 ROBERT
402 3880 26 22 R.
445 3881 131 28 STRANG,

101 3906 103 23 Solicitor
214 3906 33 23 for
256 3906 37 22 the
304 3906 124 23 Executors
437 3908 25 22 of
469 3908 35 23 the
516 3909 114 25 deceased.

45 3934 101 27 January
160 3935 33 25 23,
205 3934 58 22 1841.

223 146 124 24 PUBLIC
367 143 94 23 SALE.

54 184 84 48 MR
155 183 28 22 A.
196 181 85 23 HORT
292 178 41 24 will
343 177 55 22 offer
406 176 36 21 for
450 175 77 22 Public
537 175 57 26 Sale,
604 180 28 16 on

144 209 100 26 Monday
254 210 59 22 next,
324 203 52 22 25th
385 203 61 26 inst,
461 204 23 19 at
498 202 26 20 12
541 208 13 14 o
563 201 68 26 clock,

51 240 23 18 at
84 236 104 22 Barrett's
199 234 75 26 Hotel,
286 233 36 21 the
331 229 115 26 following
453 229 69 26 goods
529 236 34 13 :

78 265 41 19 100
127 263 72 25 pieces
209 262 76 20 brown
296 257 56 26 drill,
364 256 59 21 30in.
434 255 63 21 wide.

77 291 42 19 100
128 288 53 22 ditto
192 285 108 23 bleached
308 283 101 26 shirting,
421 282 28 21 35
457 281 46 21 and
512 282 58 20 36in.

79 317 10 20 1
101 321 50 16 case
160 313 42 22 silk
211 309 178 25 handkerchiefs.

77 343 28 20 20
115 341 71 26 pieces
196 340 67 26 fancy
272 337 76 28 prints.

77 369 28 19 40
114 366 79 23 bottles
203 364 107 23 mustard.

78 395 13 19 3
103 400 59 14 cases
171 392 92 27 pickles.

79 422 10 19 1
101 418 117 28 puncheon
227 418 46 26 gin.

77 448 14 19 2
100 445 60 22 hhds.
169 452 54 19 very
231 441 98 29 superior
335 441 90 26 Cognac
432 439 94 27 brandy.

78 472 63 21 Sawn
152 471 87 26 timber,
250 469 44 22 and
303 476 14 13 a
326 468 85 25 variety
421 466 26 22 of
458 466 64 22 other
531 465 74 27 goods.

266 502 79 18 TERMS,
353 501 65 14 CASH.

78 524 145 26 Wellington,
233 523 53 21 Jan.
296 522 33 25 20,
341 521 60 21 184
401 521 20 21 L

1446 134 129 22 PUBLIC
1593 133 97 25 SALE,

1274 169 73 49 ON
1363 167 174 25 SATURDAY,
1556 166 54 23 30th
1623 167 108 26 January,
1747 168 24 19 at
1787 164 78 23 twelve

1338 196 93 26 o'clock,
1443 202 29 14 ex
1509 193 68 27 Mary
1703 194 48 26 just
1761 190 88 24 arrived
1858 199 6 14 :

1300 229 57 22 Fine
1368 228 120 23 Mauritius
1498 226 44 22 and
1554 225 96 23 Manilla
1660 233 73 20 sugar.

1300 256 73 21 Patna
1383 255 52 21 rice.
1446 253 95 28 English
1551 252 46 22 and
1607 252 75 22 Dutch
1693 252 89 22 cheese.

1300 282 60 21 Wax
1369 281 47 22 and
1424 280 75 22 tallow
1509 279 99 22 candles.

1300 308 109 27 Weights,
1435 307 76 26 scales,
1539 306 46 22 and
1611 305 138 28 steel-yards,
1777 304 88 22 various

1275 335 64 22 sizes.

1302 361 90 27 Europe
1403 359 45 22 and
1458 359 47 22 coir
1512 366 62 20 rope.

1302 388 22 21 A
1335 387 86 26 variety
1431 387 26 21 of
1467 386 71 27 prints
1545 385 45 22 and
1600 392 65 19 gown
1674 385 80 27 pieces.

1302 414 69 22 Sheet
1380 413 45 21 and
1434 413 60 27 hoop
1503 412 56 24 iron,
1575 411 88 26 writing
1672 412 72 27 desks,
1756 415 55 23 toys,
1822 411 41 22 &c.

1302 440 56 22 And
1367 447 14 15 a
1389 439 87 28 variety
1486 439 28 21 of
1524 438 65 22 other
1598 438 94 22 articles.

1344 467 86 26 Terms,
1441 465 114 28 approved
1563 464 51 22 bills
1625 467 23 19 at
1657 471 42 15 one
1708 464 87 22 month.

1467 493 112 21 Bethune
1593 491 45 21 and
1648 490 107 27 Hunter,

1683 517 154 22 Auctioneers.

1301 547 147 26 Wellington,
1459 545 60 22 22nd
1528 545 61 26 Jan.,
1601 545 60 21 1841.

1276 599 247 25 WELLINGTON,
1542 598 138 26 PETONI,
1700 597 76 21 AND
1794 597 71 21 THE

1455 626 113 21 RIVER
1588 625 103 21 HUTT.

1309 673 15 17 i5
1324 662 58 28 g^.
1406 657 17 21 A
1450 656 219 22 FAST-SAILING
1686 657 26 20 10
1726 658 40 19 ton
1780 655 86 22 decked

1289 678 151 38 J^il
1468 683 53 22 boat
1538 683 45 21 will
1602 683 39 27 ply
1658 682 61 28 daily
1744 682 122 27 (Saturday

1277 710 157 25 s!S3s*and
1444 709 92 26 Sunday
1546 709 117 32 excepted)
1685 709 102 22 between
1804 709 62 22 Wel-

1275 737 95 26 lington,
1383 737 86 26 Petoni,
1481 738 45 20 and
1536 735 38 23 the
1584 736 69 22 River
1663 735 65 23 Hutt.

1303 764 141 27 Passengers,
1455 764 33 21 2s.
1516 763 45 21 For
1577 762 83 27 freight
1674 763 46 21 and
1737 762 63 22 other
1814 770 52 20 par-

1276 790 97 27 ticulars,
1384 789 68 29 apply
1462 793 23 18 to
1493 789 106 27 Wallace,
1608 789 82 26 White,
1701 789 46 22 and
1756 789 109 28 Wallace,

1276 817 151 27 Wellington,'
1449 824 25 14 or
1491 820 21 18 to
1523 816 22 22 J.
1556 816 80 27 Watts,
1647 815 218 28 Wellington-hotel,

1275 843 88 22 Petoni.

1303 870 103 26 January
1416 872 33 24 21,
1462 871 60 20 1841.

72 578 125 21 PUBLIC
221 575 87 22 SALE
332 574 48 20 AT
405 573 70 21 THE
499 573 113 21 RIVER

291 600 104 22 HUTT.

51 630 159 49 MESSRS.
224 626 149 24 BETHUNE
388 626 45 22 and
447 625 131 22 HUNTER
590 625 45 22 will

143 656 44 21 Sell
195 657 30 25 by
236 653 104 27 Auction,
348 660 30 14 on
384 652 149 27 Wednesday,
542 652 51 22 Jan.
599 653 35 26 27,

50 688 23 16 at
82 683 37 21 the
129 682 114 22 residence
254 682 25 21 of
290 679 37 23 the
336 680 45 21 late
395 679 45 21 Mr.
455 679 79 26 Eaton,
554 686 28 14 on
597 679 38 21 the

50 711 68 20 River
127 709 65 26 Hutt,
204 709 38 21 the
252 707 70 23 whole
333 706 100 27 growing
443 713 60 20 crop,
515 705 120 27 consisting

50 736 25 22 of
87 737 77 26 wheat,
174 742 59 21 peas,
244 736 107 27 potatoes,
363 733 116 26 cabbages,
495 729 51 25 beet
557 732 77 26 beans,

50 764 47 25 &c,
115 763 28 21 all
159 762 73 22 raised
252 761 56 21 from
327 758 108 28 carefully
454 758 117 27 preserved
590 765 46 15 ana

49 789 98 27 superior
158 788 94 27 English
261 787 58 23 seed.

75 844 14 20 2
99 842 75 22 native
185 841 88 22 houses.

76 870 21 20 A
108 869 103 26 quantity
221 868 26 21 of
258 865 144 29 agricultural
412 865 149 27 implements.

77 895 132 22 Household
218 895 116 24 furniture,
347 892 120 26 consisting
482 893 25 20 of
520 891 53 22 beds
590 891 45 21 and

49 921 103 28 bedding,
164 921 126 27 mahogany
301 916 76 29 tables,
390 919 40 21 &c.
440 919 40 21 &c.

75 949 71 21 Silver
160 948 67 27 plate,

80 975 65 21 Some
155 974 112 22 excellent
272 979 63 22 guns,

75 1001 97 26 Norway
191 1000 69 27 deals,
283 998 74 23 native
387 998 85 26 timber,
493 998 52 21 with
566 998 69 20 about

51 1029 75 26 12,000
138 1027 46 22 feet
200 1027 70 26 plank
286 1025 43 21 and
346 1024 117 28 scantling,
484 1024 44 21 and
545 1024 89 21 various

49 1055 62 20 other
120 1054 94 21 articles.
244 1053 49 21 Sale
303 1055 21 18 to
334 1058 130 15 commence
472 1055 24 17 at
503 1052 25 20 12
538 1050 93 22 o'clock.

75 1107 39 21 All
124 1114 90 20 persons
223 1107 83 25 having
316 1104 78 22 claims
409 1104 86 27 against
510 1104 37 21 the
564 1106 69 19 estate

50 1134 25 20 of
86 1134 37 21 the
133 1134 43 21 late
186 1134 27 21 R.
225 1133 29 21 A.
266 1133 71 21 Eaton
349 1138 37 14 are
396 1131 118 27 requested
530 1134 23 18 to
568 1130 65 27 lodge

49 1160 37 22 the
96 1168 59 14 same
164 1160 54 21 with
228 1159 84 22 Robert
322 1158 27 21 R.
358 1158 88 26 Strang,
458 1158 59 26 Esq.,
527 1157 105 25 solicitor,

49 1194 23 14 or
82 1187 51 21 with
143 1186 104 22 Betlnine
257 1184 44 23 and
312 1184 97 26 Hunter,
421 1191 28 14 on
464 1191 25 14 or
504 1184 75 21 before
595 1183 38 22 the

49 1213 51 21 24th
110 1213 51 21 inst.

1329 924 239 20 WELLINGTON
1583 925 74 19 AND
1669 924 139 21 PETONI.

1309 959 71 26 *&*-
1390 956 92 21 TTTIHE
1508 956 47 21 fine
1579 955 44 22 fast
1650 956 80 26 sailing
1756 956 111 22 schooner

1290 978 94 37 Vfi*&
1397 978 29 35 4-
1456 982 83 21 SAND
1556 982 65 28 FLY,
1629 983 26 21 of
1666 984 26 20 16
1703 985 51 19 tons
1760 982 106 27 burthen,

1276 1003 158 28 tsgSsStwill
1442 1008 97 28 proceed
1549 1008 60 28 daily
1619 1010 99 21 between
1727 1009 140 27 Wellington

1275 1033 47 22 and
1334 1034 86 23 Petoni.

1303 1060 44 22 For
1356 1060 82 28 freight
1448 1069 24 14 or
1481 1068 99 20 passage,
1592 1062 73 27 apply,
1677 1065 24 18 at
1710 1062 155 26 Welllington,

1275 1090 23 18 to
1312 1088 26 21 A..
1350 1086 137 24 Hornbrook
1496 1095 25 15 or
1531 1088 28 21 A.
1572 1088 59 22 Hort
1638 1097 4 18 ;
1663 1092 23 18 at
1702 1089 85 27 Petoni,
1803 1092 22 18 to
1844 1089 21 22 J.

1274 1114 99 21 Telford.

1303 1141 101 27 January
1415 1143 33 25 18,
1462 1143 59 20 1841.
