4166 5902
169 5117 245 34 CALENDAR
430 5119 92 32 FOR
538 5121 92 31 THE
654 5121 143 31 WEEK.

398 5201 171 21 SEPTEMBER.

854 3117 208 35 SATURDAY,
1076 3119 228 29 SEPTEMBER
1318 3122 42 31 11,
1375 3122 75 28 1886.

872 3200 60 29 The
950 3202 80 29 usual
1051 3203 128 37 monthly
1203 3204 125 37 cleaning
1346 3214 37 28 up
1404 3207 63 29 took

837 3240 75 36 place
925 3243 28 26 at
965 3241 47 28 the
1030 3241 99 37 Alpine
1151 3242 107 38 battery
1280 3254 35 19 on
1338 3245 111 30 Wednes-

837 3279 54 36 day
903 3280 61 32 last,
978 3280 54 27 and
1044 3290 68 26 gave
1125 3290 16 18 a
1153 3281 86 28 result
1250 3283 29 27 of
1296 3284 51 27 766
1368 3293 99 20 ounces

837 3317 118 28 retorted
978 3318 63 35 gold
1065 3318 71 28 from
1165 3320 51 27 943
1246 3323 62 26 tons
1333 3321 30 28 of
1389 3325 78 26 stone

837 3355 106 29 treated
965 3355 42 29 for
1031 3356 46 29 the
1101 3357 108 28 month.
1254 3359 58 28 The
1336 3360 131 29 directors

837 3396 56 26 met
914 3403 36 19 on
971 3394 153 37 Thursday,
1137 3396 55 28 and
1212 3396 126 30 declared
1363 3408 16 19 a
1400 3399 53 28 divi-

837 3432 72 28 dend
922 3432 30 27 of
961 3441 51 20 one
1030 3433 111 36 shilling
1162 3443 47 26 per
1230 3437 93 31 32,000
1323 3437 32 31 th
1378 3438 89 33 share,

837 3469 79 37 equal
940 3472 28 25 to
993 3471 100 33 £I6OO,
1117 3471 117 36 payable
1258 3481 35 20 on
1319 3474 54 28 and
1398 3474 69 29 after

837 3508 104 35 to-day.
988 3509 58 28 The
1070 3509 106 37 battery
1199 3511 103 28 started
1325 3513 80 34 again
1430 3522 37 19 on

837 3545 144 36 Thursday
1002 3547 136 34 morning.
1176 3547 101 29 Messrs
1293 3549 106 29 Hewitt
1412 3551 54 28 and

837 3583 108 34 Jacobs,
958 3587 167 26 contractors
1138 3585 41 29 for
1199 3586 92 37 bridge
1313 3588 55 29 and
1386 3588 64 29 flum-

836 3622 56 33 ing,
905 3622 69 28 have
988 3624 152 36 completed
1161 3624 71 28 their
1244 3626 75 28 work
1331 3628 28 27 in
1373 3637 15 18 a
1401 3637 66 27 very

838 3660 144 30 creditable
1012 3670 125 27 manner,
1162 3663 54 29 and
1246 3667 27 27 to
1304 3665 47 29 the
1381 3667 86 28 entire

837 3699 167 29 satisfaction
1018 3701 29 27 of
1064 3701 46 28 the
1126 3701 107 37 battery
1246 3712 139 28 manager,
1423 3706 44 27 Mr

837 3737 107 30 Waters
957 3739 189 29 recommends
1164 3740 61 29 that
1246 3741 47 29 the
1313 3741 70 29 head
1404 3752 61 20 race

837 3775 160 28 connection
1016 3777 66 27 with
1103 3777 47 28 the
1169 3777 108 38 battery
1298 3780 99 28 should
1418 3786 47 24 not

836 3812 32 29 be
882 3813 82 29 taken
976 3814 30 28 in
1028 3814 74 29 hand
1124 3815 71 29 until
1213 3815 160 34 Christmas,
1387 3819 79 29 when

836 3851 46 28 the
896 3852 80 28 latter
996 3852 56 29 will
1072 3854 107 36 require
1199 3857 27 25 to
1247 3854 32 29 be
1292 3856 173 35 overhauled,

835 3889 56 27 and
903 3890 66 27 then
982 3890 66 28 both
1062 3892 88 28 works
1162 3901 52 19 can
1228 3893 32 28 be
1278 3894 70 28 done
1370 3896 78 27 simul-

835 3927 154 38 taneously.

869 3974 58 28 The
957 3975 205 37 extraordinary
1192 3977 121 37 meeting
1351 3980 29 28 in
1420 3981 45 29 the

835 4012 107 31 Croesus
957 4014 100 36 Quartz
1081 4016 108 36 Mining
1209 4016 151 40 Company,
1374 4019 91 31 which

835 4061 56 17 was
914 4053 147 35 appointed
1085 4054 41 27 for
1144 4055 209 37 lasti'Tuesday,
1372 4059 94 28 stands

835 4088 150 37 adjourned
1008 4090 70 30 until
1102 4090 56 32 this
1181 4094 118 37 evening
1324 4098 28 26 at
1383 4104 83 21 seven

833 4127 111 29 o'clock.

868 4175 57 30 The
956 4177 128 30 tributers
1114 4179 28 28 in
1173 4179 46 29 the
1251 4180 102 30 United
1392 4182 73 37 Italy

834 4214 101 35 Quartz
959 4215 107 36 Mining
1087 4217 153 36 Company,
1261 4220 125 29 Fantella
1410 4222 55 27 and

833 4254 89 35 party,
936 4262 45 20 are
994 4263 62 20 now
1070 4255 109 37 putting
1191 4256 118 37 through
1332 4266 16 21 a
1370 4259 77 28 crush-

833 4291 47 36 ing
901 4294 28 26 at
948 4291 47 30 the
1016 4292 73 38 Italy
1110 4293 116 38 battery,
1240 4296 91 29 which
1355 4297 57 30 will
1432 4298 32 30 be

833 4330 152 34 completed
998 4331 129 34 to-night.

867 4374 58 29 The
955 4379 65 24 next
1051 4377 108 33 sittings
1188 4377 31 29 of
1257 4379 47 29 the
1335 4380 129 30 Resident

835 4412 181 36 Magistrate's
1040 4415 54 27 and
1120 4416 143 29 Warden's
1289 4419 98 28 Courts
1408 4421 55 27 will

833 4450 32 28 be
889 4450 64 29 held
978 4455 28 26 at
1030 4452 79 37 Lyell
1134 4463 35 19 on
1195 4454 174 40 Wednesday
1389 4462 73 31 next,

836 4489 61 28 15th
910 4490 113 28 instant.

867 4536 43 28 On
930 4536 173 38 Wednesday
1123 4538 61 34 last,
1198 4539 121 30 Thomas
1343 4542 119 30 Latham

832 4584 57 20 was
913 4574 117 38 brought
1054 4576 90 30 before
1168 4578 39 28 H.
1232 4580 33 28 G.
1287 4580 175 38 Youngman,

832 4614 76 35 Esq.,
932 4614 27 27 J.
979 4615 40 31 P.,
1039 4615 117 34 charged
1181 4618 65 27 with
1273 4619 187 30 drunkenness

832 4651 53 26 and
910 4651 149 37 disorderly
1084 4654 123 28 conduct.
1253 4656 55 27 For
1333 4657 45 28 the
1403 4658 58 27 first

832 4688 101 30 offence
956 4689 34 29 he
1011 4699 56 20 was
1086 4691 73 29 fined
1176 4692 28 38 5/
1225 4694 55 29 and
1301 4701 86 30 costs;
1407 4697 54 31 and

831 4727 46 29 the
891 4729 100 28 second
1004 4728 44 38 10/
1061 4730 54 28 and
1129 4734 77 26 costs.

864 4774 24 28 A
912 4776 89 28 miner
1025 4778 100 27 named
1148 4778 95 29 James
1267 4780 38 28 H.
1330 4781 129 36 Wallace,

830 4813 80 29 while
923 4814 143 36 travelling
1077 4816 70 29 from
1160 4817 139 37 Longford
1322 4823 28 26 to
1369 4821 89 35 Lyell,

829 4851 84 27 found
926 4861 16 19 a
955 4852 80 28 silver
1047 4854 73 27 lever
1132 4854 119 37 hunting
1263 4858 87 27 watch
1364 4869 36 16 on
1411 4860 46 27 the

829 4889 74 35 road,
925 4889 54 30 and
1005 4900 35 20 on
1060 4892 129 37 reachiug
1210 4894 77 38 Lyell
1308 4895 109 31 handed
1436 4898 22 30 it

828 4939 64 18 over
904 4934 27 24 to
945 4931 144 29 Constable
1102 4933 121 29 Bowden
1235 4935 67 28 with
1322 4946 16 18 a
1350 4943 108 29 request

828 4969 28 24 to
880 4975 79 19 cause
984 4968 47 27 the
1056 4978 144 28 necessary
1223 4973 136 34 enquiries
1379 4983 29 18 as
1430 4978 27 24 to

828 5004 161 38 ownership.
1026 5005 58 30 The
1109 5007 213 33 advertisement
1345 5020 112 30 appears

826 5043 29 27 in
868 5044 116 28 another
993 5045 119 28 column.

861 5089 57 29 The
932 5090 58 28 reef
999 5091 28 27 in
1042 5091 47 29 the
1102 5092 82 30 north
1197 5094 51 29 end
1261 5094 30 30 of
1301 5096 45 29 the
1359 5097 97 37 Alpine

826 5127 23 28 is
879 5128 56 28 still
958 5128 110 37 looking
1097 5131 70 33 well,
1192 5132 132 36 although
1348 5139 50 25 not
1427 5146 29 18 so

827 5165 71 36 large
918 5176 29 18 as
965 5176 75 19 some
1059 5167 68 30 time
1145 5179 60 25 ago,
1218 5171 55 28 and
1291 5172 90 29 shows
1396 5175 60 27 nice

826 5204 63 34 gold
901 5204 29 29 in
952 5206 119 36 patches.
1120 5207 35 30 In
1177 5209 47 29 the
1243 5215 100 30 centre,
1366 5212 89 30 where

826 5243 46 25 the
896 5252 59 17 new
974 5245 81 26 make
1074 5245 29 27 of
1124 5249 76 24 stone
1225 5257 77 18 came
1326 5250 29 26 in
1381 5259 74 19 some

826 5279 66 29 time
911 5289 60 26 ago,
991 5280 45 30 the
1055 5282 119 30 mullock
1193 5284 28 29 in
1240 5285 46 30 the
1305 5286 103 31 middle
1427 5289 30 28 of

826 5318 46 27 the
882 5320 59 26 reef
957 5320 22 26 is
999 5322 104 34 getting
1122 5331 62 26 very
1199 5323 82 35 large,
1295 5326 54 27 and
1368 5326 85 36 likely

826 5358 27 25 to
867 5359 45 25 cut
933 5359 47 26 out
1000 5356 46 30 the
1068 5357 122 39 hanging
1202 5360 63 29 wall
1288 5365 78 27 stone
1387 5364 53 29 alto-

826 5393 101 36 gether.
963 5395 87 30 There
1063 5396 23 29 is
1099 5398 57 28 also
1175 5400 115 28 another
1302 5411 60 19 new
1374 5402 82 29 make

826 5431 30 27 of
865 5435 76 24 stone
955 5434 109 33 coming
1075 5435 29 26 in
1119 5435 104 29 further
1235 5438 90 27 south.
1361 5440 37 28 At
1409 5440 45 28 the

826 5469 79 29 south
919 5470 53 29 end
985 5471 46 29 the
1044 5472 58 29 reef
1116 5473 23 28 is
1153 5475 162 38 apparently
1336 5479 120 34 running

826 5512 47 24 out
899 5509 47 29 but
967 5519 87 20 seems
1075 5515 28 25 to
1127 5512 33 28 be
1183 5514 114 35 making
1321 5517 135 28 overhead

826 5546 89 35 again,
946 5548 55 27 and
1025 5558 15 18 a
1065 5550 73 35 large
1168 5551 72 34 body
1265 5553 30 27 of
1321 5559 85 23 water
1432 5555 24 28 is

826 5584 108 38 coming
959 5590 47 24 out
1025 5586 29 29 of
1070 5587 45 29 the
1140 5588 121 38 hanging
1279 5592 71 28 wall.
1398 5593 57 29 The

826 5632 131 26 manager
968 5625 109 29 intends
1090 5628 109 36 putting
1211 5630 28 26 in
1253 5639 15 18 a
1281 5632 78 26 small
1371 5641 69 19 cross-

826 5665 45 24 cut
883 5661 72 34 here,
969 5672 30 19 as
1014 5663 73 30 there
1103 5673 63 29 may
1189 5666 30 28 be
1233 5676 16 18 a
1261 5676 61 20 new
1336 5669 79 28 make
1430 5672 25 26 of

826 5705 76 22 stone
914 5700 105 29 further
1031 5703 89 28 south.
1157 5705 57 28 The
1226 5706 68 27 total
1313 5706 94 34 length
1430 5708 29 28 of

826 5743 131 24 cross-cut
969 5744 57 23 east
1037 5740 70 28 from
1122 5742 51 27 No.
1184 5744 15 25 0
1221 5743 70 28 level
1303 5745 23 26 is
1340 5746 33 27 70
1393 5746 62 33 feet,

826 5775 65 28 with
905 5785 34 19 no
952 5777 59 37 sign
1025 5778 29 28 of
1067 5779 59 28 reef
1146 5789 28 18 as
1188 5787 54 29 yet,
1257 5781 131 36 although
1409 5784 46 27 the

1479 187 116 30 country
1625 181 76 28 looks
1726 182 165 30 favourable.
1945 186 58 29 The
2030 189 80 28 small

1480 226 133 22 cross-cut
1625 219 70 29 from
1708 229 52 19 one
1773 221 29 28 of
1821 221 46 28 the
1881 227 88 32 stopes
1983 227 79 28 north
2085 228 22 27 is

1479 268 62 19 now
1555 259 94 28 driven
1672 269 16 18 a
1701 259 122 29 distance
1843 261 29 27 of
1891 262 34 28 40
1938 268 61 29 leet,
2013 266 53 28 and
2088 267 23 27 is

1480 307 66 18 near
1559 307 15 18 a
1589 297 72 35 large
1675 297 72 36 body
1761 299 29 27 of
1800 304 93 29 water,
1908 301 89 29 which
2016 313 50 19 can
2082 305 32 27 be

1480 335 104 38 plainly
1597 335 92 34 heard,
1699 335 54 28 and
1766 346 29 19 as
1809 337 46 28 the
1867 348 74 19 same
1950 340 161 31 indications

1480 384 69 18 were
1563 374 130 28 observed
1713 375 30 27 in
1764 375 46 28 the
1834 381 132 26 cross-cut
1987 380 93 35 above,
2093 382 22 26 it

1480 414 23 27 is
1520 422 75 19 more
1619 413 68 28 than
1706 413 128 37 probable
1856 414 61 29 that
1938 416 45 29 the
1997 418 73 29 drive
2091 419 23 28 is

1480 461 62 18 now
1560 451 29 27 in
1616 451 47 29 the
1687 452 113 36 vicinity
1821 454 27 26 ot
1872 453 47 28 the
1945 456 63 28 reef.
2056 457 58 28 The

1480 490 121 27 tail-race
1614 492 28 24 at
1656 489 50 27 No.
1721 490 15 26 3
1750 490 79 33 level,
1842 490 41 28 for
1903 491 46 29 the
1962 501 113 29 purpose
2089 494 30 28 of

1481 527 105 36 cutting
1599 526 39 30 off
1647 527 105 29 surface
1766 532 92 30 water,
1873 528 50 30 has
1936 529 67 31 been
2021 532 93 30 driven

1482 576 15 17 a
1507 567 121 26 distance
1641 567 30 26 of
1689 568 33 25 45
1736 567 63 31 feet,
1816 567 110 33 leaving
1949 571 32 25 25
1995 570 52 30 feet
2068 575 47 32 yet

1482 606 27 25 to
1522 603 133 36 complete
1677 603 45 28 the
1736 603 84 28 work.
1856 605 101 34 Filling
1976 607 28 27 in
2018 614 27 23 at
2068 609 47 27 the

1482 642 80 27 north
1577 642 53 27 end
1644 641 29 27 of
1682 642 47 27 the
1742 642 74 27 mine
1830 652 56 18 was
1900 643 80 28 taken
2000 646 28 28 in
2041 646 73 29 hand

1482 680 75 37 early
1570 680 28 27 in
1611 680 47 28 the
1682 680 83 28 week.
1811 680 57 29 The
1889 687 165 26 contractors
2074 685 41 28 for

1484 720 50 27 No.
1558 720 15 27 7
1598 719 69 28 level
1692 729 44 18 are
1762 719 113 35 making
1898 720 52 29 fair
1973 722 141 38 headway,

1484 756 101 35 having
1603 756 96 28 driven
1846 758 41 26 for
1909 759 46 27 the
1981 761 52 28 last
2056 763 60 25 four

1484 793 97 31 weeks.

1517 842 24 27 A
1553 841 180 37 subscription
1739 842 53 29 slist
1804 842 24 28 is
1840 852 63 18 now
1915 843 28 28 in
1954 845 158 33 circulation

1484 880 28 28 in
1532 880 47 29 the
1592 880 105 29 district
1710 881 40 28 for
1769 881 46 28 the
1829 890 118 28 purpose
1967 877 31 34 of
2015 883 102 37 raising

1486 919 81 27 funds
1597 920 40 26 for
1666 920 47 26 the
1740 920 97 35 family
1856 920 30 26 of
1912 921 47 27 the
1985 922 52 28 late
2058 923 56 26 Mrs

1484 956 102 34 White,
1609 956 94 37 Upper
1724 956 102 29 Buller.
1867 957 57 28 The
1948 957 87 39 object
2057 959 24 29 is
2100 969 16 18 a

1485 1000 72 24 most
1569 996 143 35 deserving
1724 1005 61 25 one,
1799 995 54 29 and
1865 1006 40 19 we
1920 1001 69 25 trust
2010 999 58 29 that
2095 998 22 28 it

1486 1034 55 27 will
1553 1035 32 26 be
1598 1034 126 34 liberally
1741 1035 151 35 responded
1906 1038 37 25 to.
1988 1037 57 28 The
2067 1037 36 27 fol-

1486 1071 99 33 lowing
1597 1071 155 35 gentlemen
1765 1071 70 27 have
1849 1072 66 27 been
1929 1073 145 35 appointed
2087 1078 27 23 to

1486 1109 102 28 receive
1602 1108 349 37 subscriptions:—Messrs
1971 1110 26 29 J.
2012 1111 103 33 Cullen,

1486 1146 28 30 J.
1529 1146 85 37 Edge,
1629 1147 53 28 and
1698 1148 33 26 E.
1745 1147 113 31 Carroll,
1878 1148 95 36 Lyell;
1993 1150 30 28 F.
2047 1150 51 27 Har-

1486 1186 83 31 rison,
1583 1185 78 36 Lyell
1673 1186 101 32 Creek;
1793 1186 27 28 J.
1834 1186 83 35 Keys,
1929 1188 96 35 Alpine
2039 1188 75 33 Hill;

1487 1223 53 28 and
1553 1223 26 28 J.
1593 1223 89 36 Kelly,
1696 1223 86 34 Eight
1796 1224 73 27 mile.

1521 1271 58 28 The
1590 1271 129 28 National
1729 1270 80 29 Bank
1818 1273 219 35 representative,
2044 1273 73 37 jfrom

1487 1310 124 30 Eeefton,
1636 1309 55 28 will
1715 1311 63 26 visit
1800 1311 77 33 Lyell
2074 1311 43 28 his

1487 1346 78 28 usual
1578 1346 127 36 monthly
1718 1346 132 28 business.

1520 1394 44 29 An
1574 1393 92 30 officer
1678 1393 71 30 from
1762 1394 45 29 the
1821 1394 138 37 Westport
1976 1395 103 31 branch
2092 1395 28 29 of

1486 1433 47 28 the
1546 1433 80 28 Bank
1640 1433 30 28 of
1687 1433 66 28 New
1775 1434 87 27 South
1886 1435 105 34 Wales,
2004 1437 54 27 will
2079 1445 26 18 ar-

1487 1471 56 29 rive
1556 1471 28 28 in
1598 1471 79 36 Lyell
1689 1471 95 34 to-day
1795 1472 38 28 for
1846 1472 47 29 the
1907 1475 170 28 transaction
2093 1476 24 25 ol

1489 1510 77 28 usual
1578 1510 121 36 banking
1712 1510 132 28 business.

1522 1557 50 29 We
1607 1556 122 30 received
1772 1565 16 20 a
1816 1557 131 36 telegram
1977 1560 142 36 yesterday

1488 1597 118 36 evening
1618 1597 102 35 stating
1731 1595 61 30 that
1803 1596 44 28 Mr
1857 1597 114 36 Eugene
1986 1599 130 33 O'Conor,

1489 1635 107 37 County
1610 1635 159 33 Chairman,
1783 1644 56 19 was
1860 1635 109 38 leaving
1987 1637 41 29 for
2041 1637 76 38 Lyell

1489 1675 54 28 and
1564 1674 90 29 would
1677 1675 85 28 arrive
1783 1675 64 28 here
1869 1675 56 29 this
1950 1678 115 36 evening
2089 1686 30 19 or

1489 1717 165 25 to-morrow.

1522 1761 25 28 A
1570 1761 183 29 considerable
1777 1761 127 38 quantity
1928 1762 31 28 of
1979 1764 59 28 rain
2068 1763 50 29 has

1488 1800 83 29 fallen
1594 1799 99 38 during
1715 1801 46 28 the
1782 1801 84 33 week,
1880 1801 55 29 and
1957 1802 46 30 the
2029 1802 93 30 Buller

1489 1839 72 27 river
1572 1839 50 27 has
1635 1839 68 27 been
1717 1839 106 28 flooded
1836 1844 27 23 to
1884 1841 66 26 such
1974 1851 35 17 an
2030 1844 91 25 extent

1489 1887 30 20 as
1540 1879 29 27 to
1590 1886 80 20 cause
1694 1877 47 30 the
1761 1877 140 30 detention
1926 1877 30 30 of
1973 1879 46 30 the
2041 1878 80 30 mails

1489 1926 36 18 on
1538 1917 143 34 Thursday
1695 1917 54 26 and
1761 1916 111 35 Friday.

1525 1960 121 29 Services
1681 1960 55 28 will
1772 1961 33 28 be
1841 1961 150 29 conducted
2027 1965 28 27 at
2091 1962 30 28 St

1491 1999 156 29 Matthew's
1660 1999 120 35 Church,
1794 1999 87 36 Lyell,
1895 2000 35 38 by
1943 2001 46 29 the
2004 2001 55 31 Rev
2076 2001 44 29 Mr

1490 2038 205 33 Inness-Jones,
1709 2042 64 25 next
1794 2039 102 35 Friday
1918 2041 116 36 evening
2056 2044 28 25 at
2105 2042 16 26 8

1490 2075 103 30 o'clock
1606 2075 54 29 and
1674 2076 46 29 the
1734 2076 140 37 following
1879 2109 7 4 _
1897 2077 112 38 Sunday
2030 2088 72 19 morn-

1489 2115 48 34 ing
1550 2117 28 24 at
1593 2115 85 27 10.30.

1524 2161 44 28 An
1581 2160 213 29 entertainment
1807 2159 30 30 of
1856 2169 16 20 a
1884 2170 59 20 rare
1957 2162 53 28 and
2031 2162 90 30 varied

1491 2199 140 30 character
1644 2199 56 29 will
1713 2199 31 28 be
1757 2199 82 37 given
1851 2204 29 25 at
1892 2201 139 29 Fennell's
2055 2201 66 29 Hall

1492 2238 54 29 this
1559 2237 124 35 evening.
1721 2238 57 28 One
1794 2238 30 28 of
1834 2248 50 19 our
1896 2239 138 37 Westport
2058 2249 47 20 con-

1491 2276 176 35 temporaries
1679 2275 90 27 writes
1783 2284 30 19 as
1834 2276 104 28 follows
1958 2277 164 35 concerning

1491 2312 47 30 the
1558 2312 96 30 merits
1674 2312 29 30 of
1735 2312 46 30 the
2079 2315 45 29 Mr

1491 2352 75 28 John
1598 2352 35 27 D.
1667 2350 85 37 Foley
1783 2361 68 26 gave
1885 2353 42 28 his
1963 2356 6 13 '
1981 2355 142 27 Facetious

1492 2388 169 30 Festivities'
1692 2393 29 25 at
1745 2389 47 29 the
1816 2390 117 30 Theatre
1963 2391 97 38 Royal,
2085 2401 35 19 on

1493 2428 123 36 Monday
1637 2428 56 27 and
1716 2428 127 36 Tuesday
1869 2430 124 35 evening,
2018 2431 54 27 and
2095 2434 28 25 to

1493 2475 48 26 say
1554 2465 61 29 that
1634 2465 33 29 he
1686 2474 56 20 was
1752 2465 94 37 highly
1854 2468 145 28 successful
2008 2477 116 28 conveys

1491 2504 50 29 but
1553 2513 16 19 a
1582 2513 65 27 very
1659 2504 70 28 faint
1746 2504 62 29 idea
1820 2504 31 28 of
1860 2505 45 29 the
1926 2506 148 29 excellence
2096 2507 30 28 of

1492 2543 43 28 his
1547 2543 221 28 entertainment.
1815 2543 44 28 Mr
1879 2544 84 37 Foley
1985 2545 24 28 is
2029 2555 15 19 a
2065 2554 43 28 per-

1492 2581 100 28 former
1604 2581 85 35 gifted
1702 2581 28 28 in
1744 2590 16 19 a
1772 2582 171 28 remarkable
1954 2583 104 35 degree,
2068 2583 55 28 and

1493 2618 42 30 his
1559 2619 121 36 changes
1703 2619 31 29 of
1755 2620 256 35 character—dress,
2036 2622 86 33 voice,

1493 2657 64 28 amd
1568 2657 172 36 visage—are
1754 2667 29 19 so
1796 2659 133 36 complete
1943 2660 53 27 and
2016 2660 107 37 rapidly

1493 2695 128 29 executed
1644 2705 29 19 as
1698 2699 28 25 to
1751 2696 39 28 fill
1816 2697 47 27 the
1899 2697 128 29 beholder
2058 2698 66 28 with

1493 2738 181 25 amazement.
1711 2735 53 27 His
1777 2735 163 29 delineation
1950 2736 29 28 of
1987 2736 138 28 character

1493 2773 22 29 is
1528 2782 66 28 very
1606 2773 89 29 clever
1707 2773 54 28 and
1775 2774 101 35 varied,
1898 2774 54 29 and
1974 2774 22 29 it
2015 2775 22 28 is
2056 2775 68 28 hard

1494 2816 27 25 to
1543 2822 48 26 say
1615 2813 28 28 in
1665 2813 90 28 which
1780 2813 35 28 he
1837 2823 23 19 is
1890 2818 71 25 most
1983 2818 28 25 at
2034 2814 90 29 home.

1494 2851 124 31 Trading
1628 2851 118 27 features
1759 2852 30 26 of
1798 2851 47 28 the
1858 2853 185 33 performance
2056 2862 69 18 were

1621 2889 1 29 ■
1653 2901 24 5 ■■■
1805 2889 133 28 xhibition
1981 2890 54 28 and
2083 2889 43 28 his

2016 2937 12 19 s
2051 2933 74 30 upon

1570 2981 18 27 £
1588 2986 13 21 g
1613 2978 59 29 qx\x\
1684 2971 49 27 atft
1743 2966 37 21 °°
1829 2963 107 29 bottles.
1973 2966 36 27 As
2022 2974 16 19 a
2060 2974 63 20 ven-

1646 3004 45 24 Mr
1704 3001 85 37 Foley
1801 3003 133 35 appeared
1952 3003 174 36 particularly

1496 3032 101 42 liappy,
1607 3038 171 35 introducing
1789 3048 76 19 some
1877 3040 70 29 local
1961 3041 54 28 hits
2036 3041 89 29 which

1495 3076 65 28 took
1571 3076 164 37 immensely
1759 3078 67 27 with
1849 3078 46 27 the
1916 3079 139 29 audience.
2092 3079 34 28 In

1496 3114 42 28 his
1551 3114 196 37 performance,
1773 3116 44 28 Mr
1836 3117 87 36 Foley
1944 3117 50 29 has
2015 3128 16 18 a
2052 3127 54 19 com-

1495 3152 144 28 mendable
1653 3157 102 31 system
1769 3154 30 27 of
1809 3159 48 23 not
1870 3155 122 37 hanging
2004 3159 44 25 too
2062 3156 64 36 long

1495 3198 73 27 upon
1582 3199 54 26 any
1648 3190 153 28 individual
1824 3194 223 34 representation,
2072 3194 54 28 and

1495 3237 29 20 as
1537 3236 196 29 consequence,
1746 3229 103 38 always
1866 3240 98 20 carries
1985 3231 46 29 the
2054 3241 53 29 sym-

1495 3267 107 36 pathies
1615 3267 55 28 and
1682 3269 187 35 appreciation
1882 3270 30 28 of
1929 3271 47 28 the
1996 3271 130 28 audience

1494 3305 65 28 with
1570 3305 68 28 him.
1675 3306 57 27 The
1742 3308 212 28 entertainment
1968 3309 22 28 is
2001 3318 50 19 one
2063 3309 60 28 that

1495 3342 98 29 shonld
1606 3343 74 29 draw
1693 3344 61 28 well
1768 3345 153 36 anywhere,
1935 3346 55 28 and
2002 3356 40 19 we
2055 3347 69 37 hope

1495 3381 44 28 Mr
1551 3381 84 37 Foley
1644 3382 138 29 wherever
1791 3383 34 28 he
1835 3394 64 26 goes
1909 3384 55 29 will
1974 3390 70 23 meet
2054 3386 67 28 with

1493 3419 47 29 the
1553 3429 106 20 success
1680 3420 90 30 which
1792 3421 43 30 his
1858 3423 152 30 inimitable
2030 3424 96 36 genius

1529 3504 89 30 When
1645 3505 157 36 Rowlands,
1825 3507 47 30 the
1895 3508 133 30 Gisborne
2052 3518 54 20 mur-

1493 3542 86 33 derer,
1604 3552 56 19 was
1684 3545 135 27 informed
1845 3546 36 33 by
1907 3547 45 27 the
1978 3548 102 27 Sheriff
2100 3549 26 26 of

1493 3580 104 37 Napier
1609 3580 60 30 that
1691 3581 43 29 his
1748 3586 126 26 sentence
1887 3584 55 29 had
1963 3584 68 30 been
2053 3594 54 21 com-

1493 3620 104 32 muted,
1608 3620 55 28 and
1676 3620 61 29 that
1748 3620 42 28 his
1804 3622 44 28 life
1861 3623 90 27 would
1972 3623 33 28 be
2018 3624 104 36 spared,

1493 3657 35 28 he
1540 3657 122 29 received
1683 3659 46 29 the
1748 3659 177 30 information
1937 3671 66 28 very
2025 3662 98 38 coolly,

1493 3696 104 37 merely
1609 3698 105 35 saying,
1760 3699 52 32 Oh,
1826 3709 65 27 very

1528 3744 45 28 Mr
1593 3744 99 37 Henry
1717 3745 146 35 Redwood,
1891 3747 72 37 (says
1987 3747 47 30 the
2058 3749 68 28 Neiv

1492 3782 127 28 Zealand
1634 3783 100 36 Times)
1750 3784 61 28 who
1829 3785 107 28 arrived
1952 3787 30 28 in
1995 3787 112 36 Welling-

1492 3823 48 25 ton
1561 3829 17 19 a
1597 3820 54 36 day
1673 3829 31 20 or
1728 3824 52 26 two
1805 3831 60 28 ago,
1881 3823 50 28 has
1956 3824 101 29 backed
2081 3826 44 27 his

1491 3857 80 30 horse
1584 3858 98 37 Alpine
1702 3859 71 29 Rose
1785 3860 42 28 for
1847 3860 46 30 the
1916 3862 67 30 New
2005 3864 118 28 Zealand

1493 3896 58 36 Cup
1564 3900 26 24 to
1602 3898 55 26 win
1668 3907 15 18 a
1693 3897 74 36 large
1776 3903 113 24 amount
1900 3900 30 27 of
1940 3909 111 28 money.
2088 3902 35 28 Iu

1492 3942 186 28 consequence
1692 3935 26 27 of
1736 3934 54 29 this
1804 3935 216 32 demonstration
2033 3939 28 28 in
2081 3939 44 28 his

1492 3971 105 34 favour,
1610 3972 99 37 Alpine
1728 3974 81 33 Rose,
1822 3974 61 29 who
1894 3975 23 28 is
1931 3977 58 27 said
2008 3982 28 23 to
2050 3977 33 29 be
2095 3979 28 26 in

1492 4009 124 39 splendid
1646 4011 147 36 condition,
1823 4012 25 29 is
1877 4022 63 21 now
1968 4015 99 37 quoted
2097 4020 29 25 at

1492 4049 106 28 shorter
1622 4050 67 28 odds
1712 4051 42 27 for
1776 4052 48 27 the
1848 4053 67 35 Cup.
1964 4055 88 35 Itepo,
2079 4056 44 27 Mi-

1492 4085 162 29 Redwood's
1667 4088 92 37 Derby
1771 4088 152 36 candidate,
1936 4091 24 29 is
1973 4092 56 29 also
2046 4092 78 37 being

1491 4124 103 29 backed
1606 4128 90 34 pretty
1708 4127 119 35 heavily.

1525 4171 57 31 The
1594 4172 64 30 libel
1671 4183 71 26 case,
1756 4174 43 29 Sir
1811 4174 26 30 J.
1851 4175 85 37 Vogel
1950 4178 105 37 against
2076 4179 46 29 the

1490 4212 130 35 Evening
1631 4212 91 34 Press,
1735 4213 50 29 has
1805 4216 117 27 resulted
1942 4217 29 27 in
1984 4226 17 19 a
2021 4218 101 28 verdict

1491 4249 40 28 for
1543 4249 47 29 the
1603 4250 169 30 defendants.
1809 4252 58 28 The
1880 4253 88 36 Judge
1982 4254 139 38 evidently

1490 4296 55 21 was
1570 4287 30 30 of
1621 4289 112 36 opinion
1757 4289 60 29 that
1841 4291 47 29 the
1912 4293 94 29 article
2029 4295 90 29 which

1489 4327 103 28 formed
1610 4328 46 27 the
1670 4328 103 36 subject
1786 4329 30 28 of
1834 4330 47 28 the
1894 4332 90 28 action
2006 4333 47 27 did
2073 4339 48 22 not

1490 4364 97 27 exceed
1608 4364 45 28 the
1675 4364 107 29 bounds
1796 4366 31 27 of
1844 4367 52 27 fair
1915 4369 138 33 criticism,
2067 4371 54 26 and

1489 4400 47 28 the
1545 4401 65 36 jury
1623 4401 69 29 have
1705 4402 83 30 taken
1802 4403 47 29 the
1862 4414 75 20 same
1948 4405 77 30 view.
2062 4407 56 29 The

1489 4442 72 25 costs
1574 4449 45 18 are
1631 4444 48 24 not
1700 4441 97 32 stated,
1811 4442 49 28 but
1881 4447 99 25 cannot
2002 4444 32 29 be
2054 4455 66 27 very

1489 4477 98 36 heavy,
1610 4487 29 19 as
1660 4479 77 28 there
1759 4489 70 19 were
1853 4490 35 19 no
1912 4482 141 30 witnesses
2079 4484 40 28 for

1490 4515 45 28 the
1548 4515 119 35 defence,
1687 4518 55 27 and
1754 4518 45 28 the
1813 4528 60 18 case
1886 4519 47 28 did
1945 4524 49 25 not
2015 4531 103 27 occupy

1488 4562 76 19 more
1576 4553 68 29 than
1657 4564 17 19 a
1686 4554 62 36 day.

1522 4601 36 29 In
1578 4611 35 19 an
1626 4602 94 29 article
1733 4612 35 20 on
1789 4604 46 29 the
1849 4605 126 30 Midland
1995 4606 122 39 Railway

1488 4639 46 27 the
1564 4640 167 35 Wellington
1764 4642 82 28 Press
1882 4646 160 32 saysOn
2072 4647 45 26 the

1487 4676 88 29 whole
1599 4686 40 19 we
1665 4679 96 33 gather
1783 4679 72 29 from
1880 4680 44 29 Mr
1952 4682 164 30 Robinson's

1487 4719 162 26 statements
1662 4717 60 28 that
1735 4717 75 29 there
1827 4718 24 28 is
1863 4729 82 27 every
1966 4721 150 36 probabiliv

1486 4753 30 28 of
1526 4754 46 28 the
1584 4754 112 37 railway
1709 4755 80 37 being
1801 4759 176 27 commenced
1985 4769 66 18 soon
2061 4762 53 26 and

1486 4792 102 28 carried
1608 4797 27 24 to
1649 4793 180 37 completion;
1848 4795 60 30 that
1928 4797 21 28 it
1961 4797 55 28 will
2036 4798 32 28 be
2091 4800 29 28 of

1485 4835 77 30 great
1575 4832 79 28 value
1667 4835 28 25 to
1707 4833 47 27 the
1776 4833 120 37 Colony;
1916 4836 55 27 and
1991 4837 60 28 that
2069 4838 46 28 the

1484 4873 139 31 prospects
1632 4870 30 27 of
1676 4869 36 27 its
1731 4872 114 35 proving
1863 4873 143 33 profitable
2021 4878 27 24 to
2069 4876 47 27 the

1484 4906 143 40 Company
1641 4917 45 21 are
1700 4907 80 40 fairly
1789 4910 186 39 satisfactory;
1994 4912 49 29 but
2055 4913 60 30 that

1483 4955 35 19 no
1531 4947 104 27 sudden
1648 4957 30 17 or
1690 4950 165 26 sensational
1867 4952 99 26 results
1985 4953 137 28 are~to~bV

1482 4983 98 27 looked
1597 4984 41 27 for
1656 4987 28 25 at
1702 4984 46 27 the
1768 4987 74 34 early
1860 4991 75 32 stage
1954 4988 29 28 of
1999 4989 35 27 its
2052 4998 47 19 con-

1483 5022 142 29 struction.

1517 5068 58 28 The
1587 5069 129 36 Evenitig
1728 5070 67 28 Post
1808 5079 63 28 says
1881 5072 61 29 that
1953 5073 22 29 it
1983 5073 23 28 is
2018 5075 80 28 under-

1482 5107 77 28 stood
1573 5107 90 36 Judge
1677 5108 95 29 Gillies
1785 5109 50 29 has
1848 5111 109 36 applied
1970 5112 41 29 for
2023 5123 35 18 an
2071 5124 28 19 ex-

1482 5145 100 28 tended
1595 5145 75 29 leave
1684 5147 31 26 of
1724 5147 114 28 absence
1852 5159 35 17 on
1900 5155 116 25 account
2038 5153 30 27 of
2087 5154 28 27 ill

1482 5182 103 36 health,
1599 5183 63 35 and,
1675 5185 24 27 if
1708 5187 123 34 granted,
1846 5187 21 27 it
1879 5187 23 27 is
1915 5188 127 37 probable
2055 5190 60 30 that

1482 5222 113 29 District
1616 5223 89 34 Judge
1720 5224 82 29 Ward
1815 5226 54 27 will
1894 5226 32 29 be
1938 5229 87 27 raised
2048 5235 50 23 tem-

1481 5260 120 34 porarily
1621 5264 28 23 to
1661 5261 47 26 the
1721 5263 121 35 superior
1855 5264 94 27 Bench
1962 5268 28 25 to
2009 5267 40 27 fill
2070 5267 45 28 the

1481 5307 129 28 vacancy.

1516 5349 58 27 The
1587 5350 125 35 question
1725 5351 30 27 of
1773 5352 46 27 the
1832 5353 167 34 Wellington
2013 5356 83 35 Magis-

1482 5389 77 35 tracy
1581 5387 25 29 is
1628 5393 49 23 not
1707 5393 47 31 yet
1778 5390 106 36 settled,
1910 5392 89 35 Judge
2024 5395 90 30 Broad

1481 5425 81 34 being
1573 5427 144 34 unwilling
1733 5432 27 22 to
1773 5428 76 33 leaya
1867 5430 46 28 the
1929 5432 74 28 West
2024 5434 90 33 Coast,

1482 5463 54 28 and
1554 5463 21 28 it
1588 5463 24 28 is
1629 5468 48 24 not
1695 5464 84 37 likely
1792 5475 63 20 now
1873 5468 61 29 that
1952 5468 34 30 he
2004 5472 56 28 will
2071 5481 28 20 ac-

1482 5505 59 33 cept
1555 5501 45 29 the
1613 5503 127 36 position.

1517 5558 42 27 No
1572 5559 76 36 reply
1663 5559 51 28 has
1726 5560 68 28 been
1807 5563 122 29 received
1942 5565 69 29 from
2034 5568 58 27 Hud-

1482 5604 59 26 son,
1555 5597 61 28 who
1638 5597 79 29 holds
1738 5599 46 28 the
1809 5601 145 38 champion
1976 5606 138 36 wrestling

1482 5634 63 33 belt,
1560 5639 27 24 to
1600 5646 16 17 a
1637 5637 141 34 challenge
1794 5640 70 28 from
1885 5642 94 34 l)unn,
1993 5646 54 27 and
2067 5646 45 28 the

1482 5672 164 29 Caledonian
1675 5674 108 38 Society
1805 5677 69 30 have
1897 5680 81 34 given
1997 5682 59 29 him
2077 5693 36 18 an

1482 5714 75 24 extra
1582 5712 99 28 week's
1705 5722 86 27 grace.
1841 5717 93 34 Dunn,
1948 5719 21 28 it
1993 5729 64 28 may
2081 5722 31 28 be

1482 5749 97 33 stated,
1593 5750 22 27 is
1637 5755 48 23 not
1707 5752 45 28 the
1773 5762 74 20 same
1869 5755 62 28 who
1944 5760 123 27 wrestled
2085 5766 27 21 at

1481 5786 165 37 Wanganui,
1662 5789 46 27 but
1727 5790 22 27 is
1762 5801 14 17 a
1801 5792 174 31 well-known
1995 5797 119 27 wrestler

2140 193 26 23 ot
2187 189 59 28 that
2266 199 90 19 name.
2404 191 99 28 Unless
2527 191 115 27 Hudson
2672 195 106 31 accepts

2140 226 46 29 the
2199 227 141 36 challenge
2353 229 27 28 in
2394 229 67 28 timo
2474 228 34 29 he
2526 229 103 27 forfeits
2643 228 46 28 the
2712 228 64 34 belt,

2140 266 101 34 which,
2250 267 24 27 if
2284 266 33 29 he
2331 277 49 18 can
2392 268 65 27 hold
2470 268 21 27 it
2507 268 40 28 till
2562 267 159 34 December,
2735 266 28 29 be-

2141 313 91 19 comes
2244 306 42 26 his
2300 309 137 33 property.

2174 351 77 29 After
2263 353 47 28 the
2323 353 125 36 eruption
2462 356 28 25 at
2509 353 143 28 Tarawera
2665 362 15 18 a
2703 352 75 36 large

2140 390 116 28 number
2269 391 31 28 of
2309 391 95 28 claims
2418 400 70 19 were
2502 394 60 25 sent
2575 391 28 27 in
2615 395 27 23 to
2656 391 101 28 Govern-

2142 433 76 23 ment
2244 428 40 29 for
2302 429 149 28 assistance
2470 428 132 29 rendered
2620 429 29 27 in
2669 429 109 28 various

2141 475 82 27 ways,
2239 467 88 27 which
2345 467 23 28 it
2388 476 54 19 was
2462 468 118 34 thought
2599 470 27 24 at
2646 467 46 27 the
2708 468 67 27 time

2141 513 56 18 was
2227 503 69 29 done
2329 504 72 28 from
2431 513 66 28 pure
2533 504 150 36 sympathy
2720 505 55 27 and

2141 541 155 38 humanity.
2347 542 79 29 Some
2448 543 30 29 of
2496 542 47 30 the
2564 552 65 19 men
2642 542 84 29 asked
2748 552 30 20 as

2142 581 82 26 much
2238 590 29 17 as
2281 580 44 37 15/
2338 591 15 16 a
2368 582 54 34 daj'
2437 582 42 27 for
2491 582 111 34 digging
2615 586 47 23 out
2683 582 95 27 buried

2141 617 96 37 people
2259 621 29 25 at
2313 618 117 27 Wairoa.
2475 619 136 34 Amongst
2636 618 93 29 others
2751 619 27 28 J.

2143 656 141 27 Warbrick
2305 656 83 27 asked
2406 657 42 27 for
2461 657 46 28 the
2528 657 80 27 value
2630 657 30 26 of
2680 666 15 18 a
2716 657 64 28 boat

2143 694 87 29 which
2242 694 34 29 he
2291 694 54 28 had
2364 697 27 26 to
2404 694 127 29 abandon
2545 694 69 29 after
2638 694 44 29 his
2703 696 79 27 relief

2142 733 154 35 expedition
2310 743 90 18 across
2413 734 47 28 the
2474 734 69 28 lake.
2589 735 189 27 Government

2143 770 68 27 have
2240 770 106 27 refused
2376 774 28 24 to
2431 772 139 32 recognise
2595 780 56 25 any
2676 772 29 26 of
2731 772 46 27 ihe

2143 807 104 35 claims,
2275 807 143 39 including
2447 808 175 35 Warbrick'a,
2655 818 36 19 on
2729 809 47 29 the

2143 847 104 33 ground
2272 847 61 28 that
2353 848 67 34 they
2430 857 45 18 are
2488 852 48 23 not
2549 848 167 35 responsible
2739 849 41 27 for

2143 884 46 29 the
2361 890 58 25 acts
2432 886 30 29 of
2481 887 103 36 private
2599 885 176 30 individuals.

2143 923 85 27 Other
2240 923 96 28 claims
2359 924 69 27 have
2448 925 67 27 been
2529 925 79 26 mado
2632 925 42 26 for
2695 925 84 28 losses

2143 960 35 36 by
2200 960 45 28 the
2267 960 125 38 eruption
2414 962 89 28 which
2527 961 63 29 took
2615 961 76 37 place
2704 970 6 25 ;
2732 962 48 28 but

2144 999 187 30 Government
2345 1004 68 26 state
2427 1000 62 31 that
2505 1001 64 37 they
2583 1010 50 19 can
2648 1010 35 19 no
2706 1010 75 20 more

2143 1039 136 33 recognise
2293 1039 76 27 them
2383 1040 69 26 than
2466 1041 64 33 they
2544 1040 81 26 could
2638 1040 46 26 the
2698 1040 83 28 losses

2143 1075 31 27 of
2183 1075 83 35 sheep
2281 1075 29 28 in
2323 1075 46 28 the
2382 1080 92 24 recent
2488 1082 109 22 storms.

2178 1120 34 29 In
2236 1120 45 30 the
2306 1122 93 28 match
2424 1122 120 29 between
2560 1122 151 37 Pettengell
2726 1123 56 29 and

2144 1160 69 28 Lees
2226 1163 28 25 at
2266 1160 166 36 Wanganui,
2447 1165 27 25 to
2486 1162 52 28 box
2551 1167 28 23 to
2593 1171 15 19 a
2631 1161 84 29 finish
2741 1162 41 28 for

2145 1198 56 28 £SO
2221 1207 16 19 a
2262 1198 67 33 side,
2352 1199 151 36 Pettengell
2528 1209 55 18 was
2606 1200 176 28 unfortunate

2145 1235 106 35 enough
2275 1240 28 24 to
2317 1237 78 27 catch
2411 1248 15 18 a
2440 1247 92 19 severe
2546 1237 60 29 cold
2619 1247 15 18 a
2648 1237 50 28 few
2714 1238 68 37 days

2145 1275 89 28 before
2248 1275 46 28 the
2307 1276 94 28 match
2413 1286 76 19 came
2505 1276 45 34 off,
2564 1276 53 28 and
2632 1276 100 28 turned
2747 1286 35 28 up

2145 1322 16 18 a
2180 1313 71 27 trifle
2272 1314 69 31 thin,
2363 1315 54 26 and
2439 1315 76 28 weak
2536 1317 28 25 in
2590 1315 46 28 the
2661 1315 119 28 bellows.

2147 1350 67 27 Lees
2237 1359 56 19 was
2315 1351 87 33 taller,
2423 1352 119 32 heavier,
2565 1353 93 33 longer
2682 1352 28 26 in
2736 1353 46 26 ths

2145 1388 90 33 reach,
2247 1388 54 29 and
2313 1398 16 20 a
2340 1389 86 37 really
2436 1390 131 30 scientific
2576 1390 82 29 boxer
2665 1388 115 36 besides,

2146 1427 54 28 and
2213 1427 23 28 if
2246 1429 35 27 he
2307 1428 54 28 had
2387 1428 67 30 been
2480 1440 30 18 as
2533 1430 108 28 familar
2653 1429 67 28 with
2736 1429 48 29 the

2148 1465 122 36 Marquis
2294 1466 33 28 of
2345 1467 199 36 Queensbery's
2566 1468 71 28 rules
2662 1476 30 19 as
2714 1468 67 28 with

2147 1503 45 29 the
2207 1513 75 26 ways
2300 1504 30 28 of
2347 1505 46 28 the
2409 1505 45 28 old
2468 1507 30 27 P.
2513 1507 43 34 R.,
2575 1506 55 28 and
2649 1506 66 35 kept
2737 1506 45 32 off,

2146 1541 34 28 he
2193 1541 91 29 would
2298 1542 130 36 probably
2442 1544 71 31 have
2526 1555 60 18 won
2608 1545 47 28 the
2676 1545 107 32 match,

2147 1590 29 19 as
2189 1579 34 30 he
2236 1580 55 29 had
2303 1581 93 29 rather
2409 1581 46 30 the
2479 1582 59 30 best
2563 1583 30 29 of
2611 1584 47 28 the
2681 1582 104 28 rounds

2147 1619 65 37 they
2223 1619 105 37 fought.
2366 1621 56 28 But
2435 1623 77 28 twice
2533 1623 33 28 he
2592 1628 45 31 got
2659 1621 43 31 his
2724 1631 58 18 arm

2147 1658 87 29 round
2250 1659 177 37 Pattengell's
2440 1661 76 29 neck.
2554 1662 57 29 The
2637 1662 60 29 first
2718 1666 64 23 tliiie

2148 1706 33 19 no
2196 1698 151 36 complaint
2355 1708 54 19 was
2421 1700 89 34 made,
2517 1700 49 29 but
2577 1710 36 19 on
2623 1702 69 30 Lees
2701 1699 82 35 doing

2150 1736 21 28 it
2185 1736 80 35 again
2278 1736 30 28 in
2321 1736 47 29 the
2380 1737 62 29 fifth
2458 1739 88 28 round
2559 1739 45 29 the
2616 1741 94 28 match
2729 1747 56 19 was

2150 1774 81 36 given
2245 1775 108 36 against
2378 1775 69 29 him.
2496 1777 78 37 They
2598 1778 97 35 fought
2717 1776 66 28 with

2152 1813 177 37 well-padded
2343 1814 103 37 gloves,
2460 1816 54 29 and
2523 1816 46 29 the
2582 1821 105 26 contest
2698 1814 86 34 lasted

2151 1852 32 27 16
2195 1853 130 27 minutes.

2182 1905 59 29 The
2254 1915 60 19 new
2328 1905 74 31 hotel
2416 1909 28 27 to
2468 1907 33 30 be
2525 1910 107 28 erected
2651 1910 28 29 in
2701 1910 65 30 Well-

2147 1942 96 35 ington
2256 1943 36 35 by
2304 1944 48 27 the
2373 1945 123 27 Colonial
2518 1947 108 27 Mutual
2655 1948 60 28 Life
2735 1950 32 26 As-

2148 1988 113 21 surance
2286 1979 109 40 Society
2415 1981 54 30 will
2482 1981 33 30 be
2537 1983 46 29 the
2606 1984 101 37 largest
2728 1985 54 29 and

2148 2023 75 25 most
2252 2020 134 36 complete
2410 2022 29 27 in
2470 2022 66 29 New
2564 2023 129 35 Zealand,
2722 2034 46 19 con-

2149 2057 135 37 siderably
2298 2059 149 37 exceeding
2468 2060 47 28 the
2537 2061 95 28 Grand
2653 2063 85 28 Hotel
2756 2063 28 28 in

2150 2096 138 28 Dunedin.
2326 2097 27 27 It
2367 2098 23 27 is
2416 2098 59 28 said
2500 2098 60 29 that
2583 2100 47 28 the
2655 2110 130 24 manager

2148 2133 50 27 has
2212 2134 110 35 already
2335 2134 68 28 been
2420 2135 99 28 offered
2534 2138 91 27 £IBOO
2643 2147 15 17 a
2670 2147 66 26 year
2744 2139 41 27 for

2148 2171 47 28 the
2209 2171 70 29 lease
2293 2171 30 29 of
2338 2172 47 29 the
2409 2173 75 29 hotel
2510 2174 87 30 alone.
2646 2176 58 28 The
2727 2186 43 27 pre-

2149 2209 88 30 mium
2260 2210 41 29 for
2319 2210 59 30 best
2398 2212 55 28 and
2475 2213 100 29 second
2595 2213 59 30 best
2678 2214 107 36 designs

2149 2258 70 18 were
2232 2249 111 28 secured
2359 2252 179 35 respectively
2561 2253 36 34 by
2617 2253 168 33 Wellington

2150 2286 143 28 architects
2301 2287 56 35 (Mr
2369 2287 197 30 Chatfieldand
2578 2289 44 28 Mr
2632 2291 153 34 Tumbull),

2149 2323 107 36 against
2264 2326 174 36 competitors
2451 2326 71 30 from
2533 2327 37 30 all
2583 2328 68 30 New
2660 2328 120 30 Zealand

2150 2362 54 28 and
2217 2364 146 28 Australia.

2270 2453 240 30 MATAKITAKI
2529 2456 130 28 NOTES.

2221 2538 84 36 (from
2319 2546 56 21 our
2387 2547 62 21 own
2463 2543 254 36 correspondent).

2307 2638 181 38 Murchison,
2500 2641 106 36 August
2620 2644 131 33 81,1866.

2185 2685 58 29 The
2255 2686 106 37 Jockey
2380 2688 69 28 Club
2463 2697 46 19 are
2523 2690 113 36 making
2651 2700 35 19 an
2710 2692 77 36 early

2151 2726 69 26 start
2237 2724 55 28 this
2304 2734 75 27 year,
2393 2726 55 28 and
2468 2728 197 37 consequently
2686 2729 98 28 should

2150 2761 33 29 be
2205 2763 59 27 able
2285 2766 27 25 to
2326 2763 79 36 bring
2423 2768 47 26 out
2493 2775 16 19 a
2526 2770 77 31 great
2623 2776 107 20 success
2752 2778 35 19 on

2152 2800 108 38 Boxing
2279 2801 71 38 Day,
2364 2813 30 19 as
2408 2805 21 28 it
2449 2803 23 31 is
2493 2804 47 30 the
2560 2805 55 38 day
2629 2810 48 26 out
2690 2803 26 33 of
2739 2807 48 29 the

2150 2849 67 25 year
2228 2840 42 28 for
2283 2842 36 27 all
2331 2842 100 34 hands,
2440 2844 55 27 and
2507 2854 24 18 is
2544 2845 60 27 well
2617 2846 168 35 patronised.

2186 2886 58 28 The
2267 2886 59 29 first
2466 2890 46 29 the
2538 2890 164 29 Matakitaki
2721 2893 65 28 road

2150 2931 58 21 was
2222 2925 98 27 turned
2341 2935 36 19 on
2524 2927 63 29 last.
2623 2930 89 28 There
2731 2940 56 18 was

2152 2970 36 19 no
2201 2963 110 33 general
2332 2963 140 38 rejoicing,
2489 2966 105 36 though
2615 2966 23 29 it
2650 2976 56 20 was
2726 2968 60 28 well

2153 3001 6 14 4
2169 2999 98 29 wetted
2313 3000 36 37 by
2362 3002 47 29 the
2422 3003 144 29 elements.

2187 3047 57 28 The
2257 3048 102 28 session
2372 3050 23 28 is
2409 3059 63 19 over
2483 3054 29 25 at
2523 3051 62 34 last,
2596 3051 54 29 and
2663 3062 35 19 no
2712 3062 75 19 more

2152 3085 56 28 will
2218 3085 46 29 the
2275 3086 98 37 dreary
2383 3088 78 37 night
2471 3090 120 28 watches
2601 3090 32 28 be
2641 3090 145 29 enlivened

2152 3123 37 36 by
2206 3124 47 28 the
2269 3125 137 38 intensely
2425 3126 124 37 thrilling
2567 3129 128 36 speeches
2713 3130 72 27 from

2152 3162 138 28 Hansard
2309 3163 30 28 of
2357 3173 50 19 our
2427 3165 53 29 law
2500 3166 125 33 makers;
2653 3177 37 18 no
2709 3177 76 19 more

2153 3199 55 28 will
2229 3209 40 19 we
2289 3200 32 28 be
2343 3201 60 28 able
2423 3206 28 24 to
2476 3209 81 30 quote
2579 3205 48 27 the
2651 3205 134 36 profound

2152 3238 115 29 wisdom
2280 3238 30 29 of
2329 3239 46 29 the
2393 3241 124 30 member
2529 3241 42 30 for
2591 3241 135 36 Waimea,
2740 3243 46 29 the

2153 3276 70 36 legal
2238 3286 116 20 acumen
2370 3279 54 28 and
2436 3281 162 36 convincing
2611 3281 68 37 logic
2696 3283 30 28 of
2740 3282 46 29 the

2154 3315 122 28 member
2288 3316 42 28 for
2343 3317 132 34 Kumara,
2489 3328 30 18 or
2538 3319 47 28 the
2603 3319 89 36 biting
2704 3321 81 27 satire

2153 3352 55 28 and
2225 3353 125 36 polished
2368 3355 81 37 irony
2474 3356 30 29 of
2528 3356 46 29 the
2599 3358 123 28 member
2745 3358 42 28 for

2152 3391 167 37 Wakatipu;
2338 3392 90 30 before
2441 3394 92 30 whose
2552 3396 70 34 light
2640 3396 47 28 the
2704 3396 83 29 lesser

2152 3429 160 30 luminaries
2324 3432 30 27 of
2371 3432 89 34 Stout,
2473 3433 95 38 Vogel,
2582 3434 55 28 and
2650 3434 135 30 Atkinson

2153 3467 60 35 pale
2237 3471 28 24 to
2288 3469 222 36 insignificance;
2542 3472 70 28 their
2631 3472 50 35 dry
2705 3476 67 24 state-

2153 3508 90 26 ments
2263 3505 31 29 of
2308 3506 69 31 facts
2390 3508 54 29 and
2463 3508 98 37 figures
2580 3511 159 36 comparing
2757 3519 29 20 so

2153 3544 197 36 unfavourably
2371 3547 66 26 with
2457 3547 47 28 the
2516 3548 120 33 graceful
2660 3550 48 27 wit
2732 3549 54 26 and

2153 3580 123 37 polished
2289 3581 101 31 diction
2410 3583 30 29 of
2457 3584 161 30 backwoods
2639 3586 145 29 members.

2152 3620 56 28 But
2232 3620 47 28 the
2299 3622 121 28 troubles
2438 3623 31 28 of
2490 3633 50 19 our
2560 3625 226 35 representatives

2152 3667 46 19 are
2217 3662 49 25 not
2283 3662 48 33 yet
2355 3669 74 26 over,
2449 3670 30 20 as
2503 3661 47 29 the
2574 3663 209 29 constituencies

2152 3696 70 29 have
2236 3701 47 32 yet
2300 3700 28 26 to
2346 3698 33 28 be
2391 3699 86 34 faced,
2490 3704 28 24 to
2537 3702 60 35 give
2617 3711 34 19 an
2671 3706 115 24 account

2153 3734 29 28 of
2217 3735 72 28 their
2323 3737 109 29 various
2468 3739 201 37 stewardships,
2707 3749 75 19 some

2152 3772 136 30 awkward
2318 3775 140 36 questions
2489 3778 138 28 answered
2655 3778 56 28 and
2740 3788 29 18 ex-

2151 3811 154 36 planations
2317 3813 91 35 given,
2421 3817 49 26 not
2482 3824 29 19 as
2533 3819 29 24 to
2575 3816 64 36 why
2650 3816 66 36 they
2738 3816 46 28 did

2152 3859 30 19 or
2194 3849 47 29 did
2258 3855 50 25 not
2328 3855 62 25 vote
2412 3852 42 28 for
2466 3862 31 19 or
2508 3855 107 33 against
2640 3854 45 29 the
2707 3855 77 28 Loan

2152 3888 54 28 Bill
2219 3897 31 19 or
2265 3898 55 27 any
2340 3890 79 28 other
2437 3891 56 28 Bill
2514 3893 30 27 of
2563 3892 171 36 importance
2756 3899 28 22 to

2151 3925 47 28 the
2217 3925 105 38 Colony
2334 3931 29 25 at
2384 3927 83 36 large,
2480 3928 50 28 but
2542 3938 29 19 as
2591 3933 27 25 to
2634 3930 65 35 why
2718 3931 66 34 they

2151 3962 46 29 did
2221 3966 49 27 not
2293 3965 49 28 sell
2371 3965 72 29 their
2468 3967 121 36 political
2612 3967 116 34 honour,
2755 3970 31 35 (if

2150 4001 77 29 there
2246 4003 22 28 is
2287 4002 66 29 such
2378 4012 16 20 a
2418 4004 98 37 thing,)
2542 4006 42 28 for
2606 4006 95 37 bridge
2726 4007 54 28 and

2150 4040 66 29 road
2232 4041 44 29 for
2294 4041 72 30 their
2387 4043 126 30 electoral
2535 4045 124 35 district;
2679 4046 61 29 that
2760 4047 23 28 is

2151 4078 46 28 the
2216 4088 60 26 way
2295 4080 68 27 New
2381 4081 120 28 Zealand
2521 4084 24 26 is
2566 4084 147 34 governed,
2727 4085 54 26 and

2150 4125 36 19 no
2200 4116 189 31 Government
2407 4119 53 28 will
2480 4128 63 21 ever
2562 4120 32 29 be
2617 4121 114 37 popular
2753 4131 31 20 or

2149 4155 130 36 powerful
2288 4156 92 28 unless
2400 4156 76 30 there
2489 4158 23 28 is
2526 4159 94 37 plenty
2633 4160 30 28 of
2681 4169 101 27 money

2150 4198 27 24 to
2201 4193 33 29 be
2259 4197 79 34 spent
2367 4198 28 26 to
2421 4196 55 37 buy
2501 4197 46 30 the
2578 4202 76 25 votes
2678 4200 30 28 of
2735 4199 47 29 the

2149 4234 224 33 representatives
2389 4234 30 28 of
2436 4234 61 29 that
2511 4236 108 36 hungry
2632 4237 82 28 shark
2735 4238 47 28 the

2149 4269 85 30 Great
2246 4270 166 31 Unwashed.
2476 4273 141 30 Sufficient
2624 4274 40 29 for
2672 4275 46 29 the
2728 4275 54 38 day

2148 4309 22 28 is
2192 4309 47 29 the
2260 4309 52 30 evil
2488 4313 54 28 and
2589 4313 37 29 let
2648 4314 132 37 posterity

2149 4347 61 27 take
2218 4356 60 19 care
2291 4349 30 26 of
2446 4360 45 17 are
2501 4351 47 27 the
2558 4355 117 24 mottoes
2688 4353 31 26 of
2729 4362 49 18 our

2147 4386 232 33 representatives.
2417 4386 86 29 There
2516 4392 75 24 must
2609 4388 32 28 be
2688 4398 70 19 some-

2148 4422 77 36 thing
2244 4432 93 27 wrong
2349 4424 28 27 in
2400 4424 46 28 the
2460 4425 75 28 State
2558 4426 30 28 of

2146 4459 23 28 if
2190 4460 75 28 there
2289 4460 23 28 is
2335 4465 47 25 not
2406 4462 95 37 plenty
2526 4464 30 28 of
2577 4464 75 28 work
2676 4469 29 25 at
2730 4465 45 29 the

2145 4499 152 35 regulation
2312 4499 44 38 10/
2368 4509 49 27 per
2430 4501 62 36 day.

2180 4544 74 37 Why
2274 4554 41 20 we
2328 4546 68 29 wish
2419 4550 27 25 to
2467 4556 33 26 go
2513 4551 28 25 to
2563 4549 177 35 Parliament,
2755 4549 23 29 is

2145 4586 48 26 not
2214 4583 70 30 from
2305 4594 15 19 a
2334 4584 52 30 self
2406 4586 155 36 sacrificing
2575 4587 59 31 love
2648 4588 30 28 of
2730 4588 48 38 My

2144 4632 62 18 own
2232 4631 49 26 my
2304 4624 93 28 native
2548 4636 30 18 as
2603 4626 43 29 Sir
2673 4627 104 29 Walter

2145 4660 63 27 Scot
2222 4661 83 34 sings,
2319 4661 48 28 but
2380 4662 113 28 because
2507 4673 40 17 we
2565 4664 69 27 have
2648 4665 66 27 each
2728 4675 49 18 our

2143 4697 152 30 individual
2317 4707 50 20 axe
2380 4702 28 26 to
2420 4700 87 37 grind,
2523 4700 29 29 in
2574 4701 46 29 the
2644 4702 84 37 shape
2751 4702 29 29 of

2143 4736 52 29 few
2208 4736 161 30 debentures
2384 4739 29 28 of
2429 4749 35 18 an
2476 4740 135 29 insolvent
2624 4741 113 36 railway
2749 4746 28 23 to

2143 4775 59 32 sell,
2215 4775 71 28 from
2300 4776 90 28 which
2408 4786 40 19 we
2462 4782 43 32 get
2519 4788 16 18 a
2548 4779 135 37 swinging
2703 4789 54 18 com-

2144 4814 121 34 mission,
2279 4823 16 19 a
2308 4814 74 38 piece
2404 4816 30 28 of
2450 4816 65 28 land
2532 4817 124 37 required
2677 4818 42 29 for
2731 4818 29 29 de-

2142 4852 76 28 fence
2239 4861 138 28 purposes,
2391 4864 31 18 or
2441 4864 14 18 a
2469 4855 112 35 railway
2599 4859 77 25 route
2694 4859 28 25 to
2743 4857 32 28 bo

2143 4889 120 29 diverted
2294 4890 118 37 through
2437 4901 50 19 our
2509 4901 53 19 run
2586 4894 29 27 in
2639 4894 47 28 the
2707 4894 69 28 back

2143 4932 115 33 country
2270 4929 62 29 that
2345 4940 39 20 we
2404 4940 65 29 may
2482 4930 80 31 make
2586 4942 15 20 a
2623 4932 51 30 few
2696 4932 63 31 thou-

2143 4968 82 26 sands
2245 4968 30 26 in
2288 4969 76 27 these
2382 4969 69 27 hard
2471 4970 81 27 times
2565 4980 30 18 as
2618 4981 139 26 compensa-

2143 5003 67 29 tion.

2178 5043 73 28 Most
2275 5043 30 29 of
2322 5054 49 18 our
2384 5044 120 36 political
2524 5045 83 29 views
2625 5056 46 19 are
2693 5047 82 28 taken

2143 5080 117 37 through
2286 5082 47 28 the
2359 5082 143 38 telescopic
2523 5085 123 27 medium
2672 5085 30 28 of
2729 5086 46 28 the

2142 5119 129 29 breeches
2283 5120 106 36 pocket.
2555 5123 74 33 Quid
2649 5123 92 29 Nunc.

3006 197 233 30 LATEST

2833 243 173 43 CABLE
3064 249 350 42 TELEGRAMS.

3036 359 131 39 London,
3185 361 173 41 September
3373 362 27 31 1.

2846 408 62 33 The
2935 409 71 33 Rev.
3032 411 48 31 Mr
3104 413 123 37 Austen,
3254 414 32 32 of
3307 413 133 42 Whitby,

2806 452 66 32 who
2886 453 55 31 has
2956 454 74 32 been
3045 456 107 32 offered
3177 457 50 32 the
3251 457 147 41 bishopric
3413 458 31 31 of

2807 496 183 38 Melbourne,
3006 498 54 31 has
3074 502 163 38 postponed
3251 502 46 30 his
3313 502 129 31 decision

2806 550 32 21 as
2853 542 30 31 to
2898 540 46 33 his
2959 545 185 39 acceptance.

2846 585 61 30 The
2936 586 109 31 cricket
3072 588 101 31 match
3201 592 31 28 at
3267 590 173 30 Gravesend

2808 637 58 21 was
2881 629 159 32 continued
3055 630 111 42 to-day.

2847 671 62 32 The
2934 672 199 41 Englishmen
3156 675 135 32 followed
3325 686 39 21 on
3398 675 45 32 for

2806 714 78 33 their
2899 717 107 32 second
3020 716 129 44 innings,
3166 719 59 32 and
3240 719 158 34 succeeded
3410 719 32 32 in

2806 760 119 38 putting
2939 761 135 38 together
3089 764 58 29 450
3170 773 73 20 runs
3257 764 99 30 before
3372 764 70 39 they

2807 811 75 23 were
2903 802 135 43 disposed
3062 804 38 33 of.
3143 805 35 32 F.
3194 806 112 38 Hearn,
3322 806 119 42 caught,

2809 848 54 28 111
2879 857 6 25 ;
2916 847 28 30 J.
2969 848 42 31 M.
3037 849 91 37 Read,
3151 851 120 38 caught,
3295 853 76 35 109;
3394 851 47 31 W.

2808 889 47 33 W.
2871 889 92 39 Read,
2979 891 119 42 caught,
3114 895 56 36 87;
3192 904 75 22 were
3289 894 51 33 the
3364 896 79 31 most

2808 935 160 30 successful
2982 935 148 33 batsmen.

2848 976 62 33 The
2938 978 102 32 match
3067 990 60 21 was
3161 980 135 33 declared
3330 981 111 38 drawn,

2807 1021 72 32 time
2903 1024 52 30 not
2978 1023 173 42 permitting
3175 1025 51 32 the
3250 1037 86 30 game
3351 1026 88 41 being

2807 1065 105 38 played
2928 1069 61 27 out.

2847 1107 36 31 In
2912 1107 51 32 the
2990 1108 74 32 final
3090 1109 70 33 heat
3187 1110 44 32 for
3266 1111 50 32 the
3351 1111 92 32 Great

2810 1150 135 42 Sculling
2968 1152 201 42 Sweepstakes
3192 1155 100 32 Beach
3315 1156 61 31 had
3403 1166 40 21 an

2808 1205 68 30 easy
2891 1196 111 40 victory
3026 1207 69 21 over
3109 1197 132 37 Teenier,
3257 1199 133 40 winning
3404 1199 39 41 by

2810 1249 66 21 over
2895 1240 55 30 100
2963 1239 97 42 yards.

3186 1295 174 42 September
3374 1297 28 31 2.

2849 1342 62 31 The
2936 1342 104 32 debate
3072 1354 80 30 upon
3179 1345 51 31 the
3259 1346 183 31 Address-in-

2810 1384 94 43 Reply
2930 1395 61 22 was
3018 1387 159 33 continued
3205 1388 101 43 to-day
3332 1389 33 32 in
3392 1389 51 33 the

2810 1429 101 33 House
2927 1431 32 31 of
2970 1431 170 34 Commons.

2850 1473 47 31 Mr
2913 1474 121 38 Sexton,
3051 1475 78 32 M.P.
3146 1476 43 31 for
3204 1476 123 38 Belfast,
3343 1477 101 42 to-day

2810 1518 142 39 proposed
2964 1528 38 21 an
3013 1519 192 32 amendment
3215 1521 153 40 requiring
3378 1521 66 31 that

2810 1561 184 40 exceptional
3007 1572 151 22 measures
3173 1563 107 32 should
3304 1564 35 32 be
3354 1564 89 32 taken

2810 1603 38 42 by
2861 1604 51 33 the
2927 1604 203 34 Government
3151 1606 45 34 for
3219 1608 51 33 the
3294 1608 129 33 mainten-

2810 1658 71 23 ance
2897 1649 32 32 of
2940 1650 84 32 order
3038 1650 31 32 in
3084 1650 66 33 that
3165 1651 69 43 city.

2851 1693 47 33 Sir
2922 1694 43 32 M.
2991 1695 217 39 Hicks-Beach,
3231 1697 155 42 Secretary
3400 1698 44 32 for

2810 1737 129 38 Ireland,
2956 1739 141 41 speaking
3121 1742 30 30 to
3175 1740 51 32 the
3250 1742 115 31 motion
3379 1742 63 31 said

2810 1780 36 33 he
2862 1782 86 31 could
2961 1782 87 33 make
3071 1794 40 21 no
3126 1786 161 31 statement
3300 1795 33 22 as
3347 1787 30 30 to
3392 1785 51 32 the

2810 1836 101 21 course
2926 1826 66 32 that
3006 1827 97 32 would
3117 1827 35 33 be
3172 1830 129 39 pursued
3314 1829 73 32 with
3400 1841 29 21 re-

2810 1869 71 42 gard
2895 1871 31 31 to
2940 1870 119 32 Ireland
3073 1872 78 31 until
3175 1872 51 32 the
3241 1873 203 32 Government

2810 1914 131 32 received
2955 1914 51 33 the
3020 1918 98 38 report
3132 1916 33 33 of
3182 1917 51 32 tlie
3248 1917 196 33 Commission

2811 1957 93 30 under
2929 1958 48 30 Sir
2999 1958 130 31 Redvers
3151 1960 104 30 Buller
3279 1971 32 19 as
3339 1963 31 28 to
3394 1961 50 30 the

2810 1999 99 33 actual
2922 2002 76 32 state
3013 2000 32 35 of
3056 2001 98 34 affairs
3168 2001 33 35 in
3214 2002 67 34 that
3295 2005 135 41 country.

3057 2055 114 37 Malta,
3189 2055 173 41 September
3378 2059 27 29 1.

2852 2097 24 31 A
2892 2097 111 32 serious
3016 2098 133 32 volcanic
3160 2099 137 40 eruption
3307 2100 137 32 occurred

2812 2142 30 28 at
2857 2140 50 30 the
2922 2140 98 32 island
3033 2142 33 30 of
3077 2142 110 37 Galita,
3204 2143 42 30 off
3257 2143 50 31 the
3323 2146 82 28 coast
3416 2144 28 30 of

2813 2182 103 33 Tunis.

2904 2236 265 41 Constantinople,
3187 2238 176 43 September
3378 2241 27 31 1.

2854 2288 120 32 Several
2988 2300 98 21 severe
3101 2291 106 32 shocks
3222 2292 32 31 of
3264 2292 181 39 earthquake

2812 2331 75 33 have
2902 2331 75 34 been
2991 2333 191 42 experienced
3196 2334 32 33 in
3243 2334 138 43 Smyrna,
3394 2335 53 33 but

2812 2387 39 20 110
2866 2376 111 33 serious
2991 2377 125 42 damage
3129 2378 55 32 has
3198 2379 141 32 resulted.

3189 2431 174 41 September
3377 2434 29 31 2.

2852 2481 193 42 Intelligence
3069 2483 26 32 is
3120 2484 29 32 to
3173 2483 82 33 hand
3275 2484 76 32 from
3367 2485 80 32 Sofia

2814 2524 66 33 that
2907 2526 178 38 Karaveloff,
3113 2527 52 32 the
3191 2538 66 23 new
3284 2528 163 41 Bulgarian

2814 2569 140 37 Premier,
2982 2570 113 41 having
3121 2571 75 32 been
3224 2573 108 39 proved
3356 2575 30 29 to
3410 2572 36 32 be

2814 2612 95 42 guilty
2933 2613 32 32 of
2985 2614 170 42 complicity
3179 2615 72 31 with
3267 2616 128 31 Zankoff
3415 2617 32 30 in

2814 2657 52 31 the
2894 2660 93 30 arrest
3014 2658 59 31 and
3099 2658 165 41 deposition
3286 2660 32 31 of
3341 2660 106 32 Prince

2814 2700 174 38 Alexander,
3004 2701 55 31 has
3073 2701 76 32 been
3167 2702 190 41 imprisoned.

2854 2744 105 32 Prince
2987 2745 167 32 Alexander
3179 2746 56 32 has
3269 2747 114 31 arrived
3417 2749 30 29 at

2814 2787 175 43 Philippolis
3003 2789 77 33 from
3091 2789 138 39 Tirnova,
3245 2791 58 31 and
3314 2802 39 21 on
3363 2791 67 33 hear-

2814 2833 51 40 ing
2889 2834 32 31 of
2944 2833 52 32 the
3024 2837 93 30 arrest
3144 2835 32 32 of
3199 2836 171 32 Karaveloff
3393 2836 54 32 has

2815 2877 120 30 ordered
2949 2877 47 30 his
3010 2878 120 36 release,
3146 2888 33 21 as
3202 2879 67 31 well
3292 2889 33 20 as
3339 2879 66 32 that
3419 2890 17 21 o

2807 2921 1 49 j
3054 2931 73 27 wm.
3135 2921 169 42 previously
3328 2922 33 32 in
3378 2933 50 21 cus-

2814 2963 80 41 tody.

2991 3006 74 33 New
3078 3007 94 38 York,
3189 3008 174 41 September
3378 3010 28 31 2.

2854 3058 62 32 The
2944 3058 89 33 latest
3060 3064 140 29 accounts
3219 3062 158 41 regarding
3396 3062 51 32 the

2814 3102 181 42 earthquake
3020 3105 31 30 at
3075 3104 177 33 Charleston
3278 3109 77 29 state
3382 3106 65 32 that

2814 3145 74 42 fully
2915 3147 213 33 three-fourths
3156 3149 32 31 of
3212 3149 50 32 the
3290 3152 79 30 town
3393 3150 54 32 has

2814 3189 74 31 been
2909 3190 163 41 destroyed,
3088 3191 51 31 the
3161 3192 174 39 population
3359 3193 88 39 being

2813 3231 101 33 driven
2939 3236 53 29 out
3015 3233 33 33 of
3068 3234 96 33 doors.
3207 3235 92 43 Many
3321 3236 126 32 suffered

2813 3279 82 38 great
2939 3278 172 40 privations.
3181 3279 63 33 The
3278 3280 106 32 shocks
3419 3281 28 32 of

2813 3321 181 40 earthquake
3027 3323 140 32 continue
3194 3325 32 30 to
3252 3323 36 33 be
3322 3325 52 31 felt
3407 3325 40 31 all

2813 3363 89 42 along
2916 3364 51 32 the
2982 3365 152 34 seaboard.

2906 3417 48 33 St.
2970 3419 204 39 Petersburg,
3191 3420 174 42 September
3379 3423 28 30 2.

2852 3469 104 32 Prince
2981 3471 177 37 Alexander,
3174 3473 32 31 of
3226 3474 151 39 Bulgaria,
3392 3474 55 30 has

2812 3511 162 35 forwarded
3000 3523 18 23 a
3052 3515 250 34 communication
3335 3519 32 30 to
3400 3516 47 33 his

2812 3556 128 41 Majesty
2953 3557 51 31 the
3019 3558 84 37 Czar,
3120 3560 135 39 assuring
3268 3561 64 30 him
3347 3561 32 30 of
3399 3561 47 30 his

2811 3599 147 41 gratitude
2986 3601 59 32 and
3069 3601 147 39 devotion,
3232 3603 60 32 and
3315 3614 113 31 express-

2811 3643 51 41 ing
2885 3643 48 31 his
2960 3645 149 31 readiness
3133 3648 31 30 to
3177 3647 99 40 resign
3290 3647 25 31 if
3339 3648 73 31 such
3428 3658 17 20 a

2812 3688 63 40 step
2890 3698 74 23 were
2988 3689 171 34 considered
3182 3701 164 32 necessary.
3389 3692 56 32 His

2812 3731 137 41 Majesty,
2977 3732 31 32 in
3035 3733 92 41 reply,
3158 3734 147 33 informed
3339 3736 106 32 Prince

2812 3774 167 33 Alexander
2992 3776 67 32 that
3071 3777 38 32 he
3124 3777 69 33 does
3207 3780 53 30 not
3275 3789 126 30 approve
3416 3780 31 32 of

2810 3818 47 31 his
2880 3819 98 33 action
2999 3819 32 32 in
3054 3821 156 41 returning
3233 3824 32 30 to
3288 3822 152 41 Bulgaria,

2810 3862 146 42 forseeing
2969 3863 67 33 that
3050 3864 51 33 the
3115 3866 145 40 complete
3274 3869 123 38 rupture
3412 3867 32 33 of

2810 3905 51 32 the
2875 3907 116 31 Balkan
3005 3907 162 32 Peninsula
3181 3909 25 31 is
3230 3909 90 41 likely
3344 3913 30 29 to
3398 3921 30 21 re-

2810 3948 60 32 sult
2885 3949 170 33 therefrom.
3097 3951 64 32 The
3176 3951 78 33 Cxar
3268 3953 94 31 added
3376 3953 67 32 that

2810 3992 109 33 Russia
2965 3994 134 32 declined
3132 3998 31 29 to
3196 3996 139 32 interfere
3355 3997 87 32 while

2811 4036 106 35 Prince
2945 4038 168 35 Alexander
3139 4040 152 33 remained
3317 4041 32 32 in
3370 4041 54 33 Bul-

2810 4081 82 38 garia
2903 4092 6 26 ;
2932 4083 59 30 and
3011 4083 32 30 in
3057 4084 171 31 conclusion
3242 4085 57 29 His
3314 4086 128 39 Majesty

2810 4134 181 29 announces,
3007 4125 32 33 in
3062 4125 119 43 dealing
3204 4127 72 33 with
3291 4127 51 33 the
3357 4139 67 30 ques-

2810 4167 72 38 tion,
2898 4168 38 33 he
2951 4169 60 32 will
3031 4169 91 43 judge
3146 4171 80 33 what
3249 4172 48 31 his
3321 4172 121 32 father's

2808 4222 143 32 memory,
2981 4214 128 32 Russian
3136 4215 133 38 interest,
3298 4217 59 31 and
3391 4217 50 31 the

2808 4265 88 30 peace
2911 4257 31 31 of
2954 4256 129 32 Eastern
3097 4258 119 41 Europe
3236 4259 127 40 require.

3026 4345 202 29 LATEST

2822 4388 374 43 AUSTRALIAN
3247 4393 174 39 NEWS.

2970 4489 195 40 Melbourne,
3183 4492 173 42 September
3371 4495 28 31 8.

2844 4541 96 41 Major
2954 4543 135 38 Wardill,
3105 4544 51 32 the
3170 4555 143 31 manager
3335 4547 32 30 of
3388 4547 50 30 tlie

2805 4584 170 34 Australian
3002 4588 90 38 team,
3121 4588 167 42 telegraphs
3322 4591 31 32 to
3386 4589 51 34 the

2805 4629 173 33 Melbourne
2993 4630 116 34 Cricket
3124 4632 75 32 Club
3214 4634 66 31 that
3294 4634 50 32 the
3359 4636 78 30 team

2803 4672 61 31 will
2877 4675 103 29 return
2994 4674 48 31 via
3055 4675 61 31 San
3126 4676 157 32 Francisco
3295 4678 59 30 and
3365 4678 71 30 New

2805 4715 139 40 Zealand,
2973 4716 96 34 where
3097 4718 71 43 they
3194 4720 61 32 will
3282 4720 95 33 arrive
3404 4721 32 32 in

2802 4760 167 32 November
2983 4762 58 31 and
3052 4763 69 40 play
3132 4774 17 21 a
3160 4764 88 33 series
3259 4765 32 32 of
3301 4765 134 33 matches

2803 4805 30 30 at
2847 4803 51 32 the
2912 4803 81 34 chief
3005 4808 105 30 towns.

3181 4860 173 41 September
3367 4864 29 30 4.

2841 4907 102 45 Berry,
2960 4908 248 43 Agent-General,
3224 4912 167 44 telegraphs
3406 4916 29 31 to

2803 4953 203 33 Government
3033 4957 66 31 that
3127 4958 42 31 M.
3193 4958 165 41 Freycinet,
3384 4960 50 31 the

2803 4996 117 30 French
2934 4998 141 36 Premier,
3090 5000 111 30 refuses
3226 5003 30 28 to
3276 5002 87 30 make
3377 5012 58 30 any

2801 5039 171 34 concession
2998 5040 32 33 in
3057 5042 104 40 regard
3187 5054 33 22 ro
3254 5044 52 33 the
3339 5047 79 30 trans-

2801 5084 150 40 portation
2974 5085 32 32 of
3026 5086 196 32 recidevistes.
3272 5089 47 31 He
3344 5092 90 29 states

2802 5127 66 32 that
2890 5127 51 33 the
2965 5129 71 32 laws
3063 5130 128 42 relating
3214 5131 116 34 thereto
3354 5137 80 28 must

2802 5171 67 31 take
2882 5171 79 33 their
2974 5183 112 22 course.

2841 5215 93 43 Berry
2954 5216 114 34 further
3090 5228 170 23 announces
3275 5219 66 33 that
3355 5220 79 34 Lord

2801 5259 110 40 Lyons,
2927 5261 114 30 British
3065 5262 199 32 Ambassador
3288 5267 30 27 at
3339 5266 93 35 Paris,

2801 5305 113 38 reports
2939 5303 66 33 that
3027 5303 155 43 Freycinet
3205 5305 56 33 has
3279 5308 154 40 expressed

2801 5356 172 29 annoyance
2984 5350 31 28 at
3026 5348 50 31 the
3087 5351 248 37 representations
3346 5353 86 30 made

2801 5390 31 31 to
2855 5388 65 33 him
2941 5389 39 44 by
3003 5390 51 33 the
3078 5391 113 33 British
3219 5392 212 36 Government.

2803 5433 47 30 Sir
2875 5434 133 31 Graham
3031 5436 71 30 adds
3127 5437 66 30 that
3215 5437 50 31 the
3288 5439 80 31 Hon.
3384 5440 49 30 Mr

2803 5475 161 43 Stanhope,
2981 5478 154 42 Secretary
3158 5480 33 32 of
3211 5480 83 33 State
3319 5481 44 32 for
3382 5482 51 33 the

2801 5520 146 39 Colonies,
2963 5522 55 32 has
3033 5524 95 31 stated
3142 5524 67 32 that
3232 5524 38 33 he
3295 5526 61 32 still
3377 5527 55 32 has

2800 5564 92 40 hopes
2916 5565 33 32 of
2967 5576 17 20 a
3007 5567 186 42 satisfactory
3216 5569 171 33 settlement
3405 5582 29 21 01

2800 5607 51 33 the
2865 5607 72 34 New
2951 5609 145 34 Hebrides
3111 5611 146 41 question.

2997 5664 162 37 Adelaide,
3177 5665 174 41 September
3366 5682 27 18 o.

2840 5713 62 32 The
2918 5715 164 42 Telegraph
3106 5717 197 42 Department
3317 5722 118 32 notifies

2800 5757 66 31 that
2888 5758 51 32 the
2963 5760 135 32 Burmah
3122 5761 71 32 land
3215 5763 75 32 lines
3313 5776 49 21 are
3391 5767 28 30 in-

2800 5802 159 40 terrupted,
2975 5803 70 31 thus
3066 5806 174 41 preventing
3255 5807 178 41 telegraphic

3469 195 251 33 communication
3746 195 38 30 bv
3808 194 50 30 the
3884 194 224 32 Codim-China

3469 244 84 29 route
3568 239 152 32 westward
3735 239 32 31 of
3786 238 95 30 India.
3925 239 63 30 One
4003 238 32 31 of
4057 238 49 32 the

3471 286 70 31 Port
3557 284 121 31 Darwin
3694 282 107 37 cables,
3818 282 65 32 that
3899 286 29 28 to
3944 282 162 41 Singapore

3469 329 25 31 is
3518 328 195 41 interrupted,
3728 328 54 30 but
3807 327 250 30 communication
4083 328 24 29 is

3469 373 141 41 expected
3626 376 29 28 to
3670 372 35 32 be
3720 371 131 32 restored
3866 375 179 27 to-morrow.

3671 425 158 35 Brisbane,
3847 423 173 40 September
4039 426 29 29 3.

3510 479 37 31 In
3563 475 49 35 tlie
3627 477 181 40 Legislative
3823 476 156 41 Assembly
3995 477 109 40 to-day,

3471 522 50 32 the
3537 522 60 31 Bill
3612 524 30 28 to
3657 521 150 31 authorise
3831 520 50 30 the
3897 520 166 39 separation
4079 521 31 29 of

3471 567 149 32 Northern
3640 566 75 31 from
3742 564 150 33 Southern
3918 563 192 40 Queensland

3470 622 60 20 was
3544 610 128 40 rejected
3687 620 38 20 on
3740 619 18 20 a
3771 609 126 30 division
3912 609 37 39 by
3965 610 37 28 40
4018 614 29 25 to
4063 611 27 28 9.

3468 705 80 28 THE
3568 703 98 30 LATE
3695 702 145 29 FLOODS
3863 702 41 28 IN
3934 701 171 29 JAMAICA.

3509 812 91 20 GREAT
3619 812 64 20 LOSS
3702 811 33 21 OF
3753 811 64 20 LIFE
3836 811 56 19 AND
3913 810 150 20 PROPERTY.

3472 850 90 36 &.fhe
3585 856 129 24 accounts
3735 856 26 23 to
3782 851 74 28 hand
3869 852 31 27 of
3918 851 48 27 the
3979 851 54 28 late
4054 851 39 28 dis-

3471 894 105 25 astrous
3589 890 85 29 floods
3687 891 28 27 in
3728 889 136 34 Jamaica,
3875 889 123 28 received
4012 889 35 37 by
4062 890 47 28 the

3471 930 26 27 S.
3514 931 26 26 S.
3554 930 109 27 Alvena
3677 929 88 28 which
3779 928 106 28 arrived
3896 933 27 23 at
3937 929 85 27 Colon
4036 928 70 29 fro:n

3471 968 135 33 Kingston
3627 976 35 18 on
3680 967 47 28 the
3750 968 69 30 21st,
3832 966 88 35 verify
3942 966 47 28 the
4003 966 87 36 predic-

3470 1006 57 30 tion
3542 1015 38 19 we
3603 1005 82 29 made
3699 1015 35 19 on
3757 1005 45 29 tho
3816 1004 99 30 arrival
3929 1004 30 28 of
3977 1005 46 29 the
4048 1004 60 30 first

3469 1055 75 17 news
3556 1046 91 26 which
3665 1045 65 34 only
3753 1055 68 22 gave
3835 1044 161 36 particulars
4011 1044 29 28 of
4060 1044 46 28 the

3471 1083 115 33 damage
3599 1083 69 26 done
3681 1083 29 26 in
3725 1082 135 35 Kingston
3874 1091 30 17 as
3923 1084 166 25 communica-

3470 1120 57 27 tion
3542 1129 55 18 was
3608 1120 66 27 then
3688 1120 116 34 entirely
3818 1124 46 23 cut
3876 1119 40 28 off
3925 1119 66 27 with
4006 1120 46 28 the
4066 1120 26 27 in-

3471 1159 89 33 terior,
3605 1158 50 29 We
3679 1168 62 18 now
3755 1158 76 33 hear,
3845 1168 30 17 as
3895 1168 40 18 we
3953 1157 92 30 feared
4067 1168 41 19 we

3471 1197 108 30 should,
3591 1206 75 18 news
3679 1197 30 27 of
3718 1203 106 29 greater
3837 1197 173 28 devastation
4022 1199 30 26 in
4061 1197 45 28 the

3470 1235 177 34 agricultural
3683 1235 120 27 districts
3840 1235 28 27 of
3904 1235 45 27 the
3980 1240 126 30 country,

3471 1274 120 35 scarcely
3603 1283 51 19 one
3667 1273 30 28 of
3706 1274 89 27 which
3810 1274 115 35 escaped
3938 1274 45 28 the
3998 1273 62 37 fury
4080 1274 30 28 of

3471 1312 47 29 the
3539 1317 95 23 storm.
3683 1312 58 28 The
3765 1312 119 28 Gleaner
3908 1313 23 27 is
3955 1313 152 29 somewhat

3471 1350 163 27 sensational
3657 1350 30 26 in
3700 1350 47 27 the
3767 1354 137 23 accounts.
3942 1350 27 27 It
3991 1352 61 25 tells
4074 1360 32 18 us

3471 1387 28 29 of
3554 1396 74 24 men,
3648 1396 106 19 women
3779 1387 55 27 and
3859 1386 122 29 children
4002 1387 103 28 carried

3471 1436 78 27 away
3572 1427 29 27 in
3624 1426 47 29 the
3817 1425 55 28 and
3896 1426 61 29 that
4012 1437 96 27 graves

3471 1465 85 28 threw
3571 1474 36 26 up
3620 1465 71 27 their
3703 1464 71 28 dead
3786 1465 55 26 and
3854 1465 137 28 skeletons
4002 1465 67 28 float
4078 1466 30 27 in

3471 1503 120 35 decayed
3605 1503 96 27 coffins
3713 1512 64 18 over
3790 1503 46 28 the
3849 1503 52 27 fair
3914 1504 88 35 plains
4015 1505 30 26 of
4060 1504 47 28 the

3626 1542 26 26 It
3663 1542 22 26 is
3700 1542 73 34 quite
3786 1541 104 27 certain
3908 1542 60 27 that
3981 1546 76 32 great
4078 1552 29 18 as

3472 1579 46 28 tho
3549 1579 115 32 damage
3695 1588 56 18 was
3781 1578 28 28 in
3834 1579 136 36 Kingston
3996 1580 53 27 and
4073 1580 35 28 its

3471 1618 122 36 vicinity,
3607 1617 27 28 in
3657 1618 46 28 the
3723 1617 121 33 interior,
3858 1618 55 28 and
3935 1618 171 35 throughout

3472 1657 46 28 tho
3537 1657 86 28 entire
3645 1656 99 34 island,
3760 1657 22 27 it
3801 1665 57 20 was
3883 1657 83 28 much
3991 1662 114 31 greater.

3472 1697 27 28 It
3511 1696 24 28 is
3548 1696 114 27 difficult
3680 1700 27 23 to
3720 1695 168 29 understand
3912 1697 69 28 from
3996 1697 45 28 the
4062 1707 28 18 ac-

3472 1738 98 25 counts
3582 1735 30 27 of
3624 1735 43 27 the
3682 1735 130 27 Colonial
3825 1735 146 28 Standard
3984 1736 53 27 and
4060 1737 46 26 tho

3471 1783 84 27 paper
3567 1773 109 33 already
3689 1773 159 27 mentioned
3868 1774 29 26 in
3910 1774 74 27 what
3999 1777 59 32 part
4078 1775 30 26 of

3472 1813 46 27 the
3542 1816 116 32 country
3682 1812 46 28 the
3751 1815 85 25 storm
3862 1812 82 35 raged
3968 1813 66 28 with
4059 1814 48 27 the

3473 1855 116 31 greatest
3603 1852 70 33 fury.
3711 1852 28 26 It
3754 1860 88 18 seems
3855 1855 28 24 to
3898 1852 69 27 have
3981 1853 70 26 done
4073 1853 36 26 its

3472 1888 74 29 work
3559 1888 30 29 of
3598 1888 167 29 destruction
3776 1890 29 27 in
3817 1889 36 27 all
3864 1893 73 32 parts
3948 1890 69 28 alike
4030 1898 7 25 ;
4055 1899 52 19 nor

3473 1938 51 18 can
3537 1938 40 17 we
3598 1928 71 27 form
3692 1938 67 18 even
3777 1938 36 18 an
3834 1930 188 34 approximate
4043 1929 51 29 esti-

3473 1968 73 23 mate
3565 1966 29 25 of
3612 1966 47 25 the
3680 1965 116 26 number
3808 1967 27 25 of
3854 1967 66 25 lives
3941 1966 60 31 lost,
4015 1967 91 26 which

3474 2001 131 38 certainly
3622 2001 51 29 has
3692 2001 69 30 been
3782 2006 107 33 greater
3911 2003 69 29 than
4001 2013 56 19 was
4079 2010 29 22 at

3473 2042 60 28 first
3551 2041 130 28 believed.
3719 2043 61 27 The
3801 2043 118 36 rapidity
3932 2043 66 28 with
4011 2043 90 28 which

3473 2079 114 28 rivulets
3609 2079 74 28 swell
3704 2085 58 22 luto
3781 2081 111 35 surging
3915 2082 85 27 rivers
4012 2083 28 26 in
4061 2081 47 28 tho

3473 2118 113 27 interior
3598 2118 29 28 of
3638 2118 46 28 the
3697 2123 124 30 country,
3832 2119 90 28 where
3934 2120 47 27 the
3993 2130 97 26 peasan-

3474 2159 42 31 try
3530 2165 45 17 are
3587 2155 98 36 chiefly
3702 2160 28 24 to
3750 2156 32 27 be
3794 2157 94 32 found,
3902 2158 23 26 is
3939 2166 65 27 very
4023 2158 85 34 likely

3474 2198 28 23 to
3514 2193 70 29 have
3605 2193 107 29 created
3732 2199 76 29 great
3829 2195 150 36 mortality,
3994 2195 48 29 but
4075 2196 36 27 its

3474 2236 93 24 extent
3589 2232 56 28 will
3675 2233 131 37 probably
3830 2243 84 19 never
3939 2234 32 28 be
3996 2234 111 29 known.

3474 2271 216 35 Extraordinary
3711 2282 110 25 escapes
3841 2273 70 26 from
3932 2274 82 26 death
4038 2283 71 18 were

3474 2316 157 19 numerous.
3680 2309 50 27 We
3749 2310 61 34 give
3829 2318 51 19 one
3905 2309 141 28 furnished
4071 2311 37 33 by

3474 2346 46 29 the
3534 2347 210 37 correspondent
3757 2347 29 28 of
3800 2348 46 28 the
3862 2347 128 29 Colonial
4005 2349 85 28 Stand-

3474 2385 53 27 ard
3547 2386 61 27 who
3627 2387 91 26 writes
3741 2386 40 27 fro
3790 2395 20 17 1?)
3831 2387 47 27 the
3896 2387 59 35 Dry
3977 2387 131 28 Harbour

3474 2422 104 30 district
3591 2423 29 29 of
3630 2424 46 28 the
3689 2423 105 29 island:

3536 2472 43 27 On
3591 2472 127 34 Tuesday
3730 2473 48 26 Bth
3791 2471 115 34 instant,
3919 2473 69 27 after
4005 2483 16 17 a
4034 2474 58 26 rain-

3473 2509 48 28 fall
3542 2519 35 18 on
3590 2509 46 28 the
3648 2510 126 36 previous
3790 2510 78 36 night
3880 2520 65 18 over
3958 2512 32 26 12
4012 2512 95 27 inches

3474 2548 46 27 the
3535 2548 72 28 Cave
3620 2547 91 32 River,
3726 2549 90 27 which
3826 2549 75 27 t>h«ks
3912 2549 28 27 in
3955 2550 152 32 Greenock,

3474 2586 87 35 began
3584 2590 28 24 to
3638 2587 82 30 swell,
3741 2587 53 27 and
3819 2588 28 26 in
3866 2598 15 16 a
3908 2588 51 27 few
3984 2588 84 27 hours
4092 2599 17 17 a

3475 2624 174 28 tremendous
3662 2624 72 35 body
3747 2625 30 27 of
3787 2630 84 22 water
3883 2634 56 19 was
3951 2635 66 19 seen
4036 2627 71 27 from

3474 2662 73 29 Cave
3565 2662 98 35 Valley
3681 2663 110 34 coming
3813 2664 72 28 from
3906 2664 46 28 the
3975 2665 134 28 direction

3474 2701 29 27 of
3520 2701 151 33 Greenock,
3686 2701 81 27 when
3781 2702 44 26 Mr
3839 2702 110 31 Archer,
3963 2703 46 27 the
4035 2713 60 17 over-

3474 2747 58 20 seer
3545 2740 29 27 of
3592 2739 72 28 Cave
3677 2739 106 36 Valley,
3796 2739 111 29 hurried
3920 2741 39 27 off
3977 2741 66 27 with
4064 2742 44 27 his

3475 2777 60 28 wife
3558 2777 54 28 and
3632 2777 123 28 children
3776 2779 29 26 in
3827 2779 43 28 his
3892 2778 92 36 buggy
4009 2784 27 23 to
4062 2780 47 27 the

3475 2816 83 29 Great
3577 2815 95 30 House
3695 2826 36 19 on
3753 2817 47 28 the
3814 2817 58 34 hill,
3886 2817 55 30 and
3963 2817 89 30 before
4073 2819 36 28 ho

3475 2855 79 28 could
3563 2859 95 24 return
3679 2859 28 24 to
3720 2855 62 29 take
3801 2866 37 26 up
3851 2857 115 28 another
3987 2858 122 27 member

3475 2893 29 27 of
3523 2893 47 27 the
3591 2893 97 35 family
3709 2894 55 26 and
3777 2903 35 18 an
3834 2894 46 27 old
3904 2904 74 23 man,
3992 2895 34 27 lie
4050 2905 58 17 wa3

3474 2931 130 28 hemmed
3616 2930 29 29 in
3658 2931 36 37 by
3706 2930 46 30 the
3765 2935 92 27 water,
3871 2932 120 29 between
4005 2934 84 27 Green-

3474 2968 51 28 ock
3548 2969 74 27 Cane
3643 2970 78 26 Piece
3744 2970 54 26 and
3822 2972 47 26 the
3895 2972 84 27 Great
4003 2972 105 28 House.

3474 3007 58 28 The
3544 3007 93 28 horses
3649 3017 70 18 were
3732 3014 46 22 cut
3790 3008 71 28 from
3874 3009 46 28 the
3934 3014 61 32 trap
4007 3010 36 37 by
4062 3010 44 28 his

3474 3049 111 25 servant
3607 3045 62 29 who
3694 3046 94 36 barely
3815 3048 115 35 escaped
3955 3048 152 35 drowning,

3473 3083 82 30 while
3569 3083 43 28 Mr
3624 3084 112 33 Archer,
3747 3085 65 28 with
3834 3094 15 19 a
3862 3086 65 36 lady
3939 3087 55 27 and
4016 3097 34 18 an
4062 3088 46 27 old

3474 3131 75 25 man,
3570 3131 55 20 was
3647 3123 47 28 left
3715 3123 121 37 clinging
3856 3128 29 24 to
3906 3134 17 19 a
3944 3127 63 26 wiro
4031 3125 78 28 fence

3476 3165 69 31 post.
3582 3161 77 28 With
3672 3162 46 27 the
3732 3165 104 25 utmost
3848 3163 135 36 difficulty
3996 3164 35 27 he
4050 3173 44 18 suc-

3474 3198 98 28 ceeded
3586 3199 28 27 in
3627 3199 109 34 ridding
3760 3200 112 28 himself
3886 3201 30 27 of
3935 3211 16 17 a
3963 3203 107 33 portion
4082 3202 29 26 of

3474 3236 44 28 his
3530 3236 131 36 clothing,
3674 3236 53 28 and
3748 3236 43 29 his
3810 3237 69 29 cries
3899 3238 42 28 for
3953 3239 62 36 help
4036 3247 72 19 were

3474 3274 84 28 heard
3570 3275 37 36 by
3615 3275 42 28 his
3670 3275 71 29 book
3763 3276 113 37 keepers
3898 3277 29 28 iu
3941 3278 47 28 tho
4010 3278 97 32 works,

3474 3313 62 28 who
3549 3314 132 36 gallantly
3694 3314 103 28 dashed
3808 3316 58 26 into
3888 3316 46 28 the
3945 3320 84 24 water
4052 3316 56 28 and

3474 3355 73 24 went
3562 3355 27 24 to
3613 3351 40 28 his
3673 3361 102 20 rescue.
3812 3353 43 27 All
3868 3353 56 28 this
3946 3363 56 18 was
4026 3354 83 36 being

3474 3390 143 28 witnessed
3630 3390 36 36 by
3680 3390 57 29 Mrs
3746 3391 104 28 Archer
3859 3393 53 26 and
3926 3392 46 28 the
3983 3393 124 28 children

3474 3428 70 28 from
3562 3428 46 29 the
3622 3433 45 33 top
3686 3429 95 34 house,
3803 3431 55 27 and
3878 3431 14 26 I
3911 3431 75 28 leave
4005 3441 54 25 you
4078 3436 28 24 to

3473 3466 120 35 imagine
3605 3467 72 27 their
3689 3468 126 35 anguish.
3851 3469 108 32 Before,
3969 3470 137 31 however,

3474 3503 46 27 the
3535 3504 192 37 book-keepers
3741 3505 116 28 reached
3880 3506 45 27 Mr
3945 3507 113 32 Archer,
4071 3516 37 19 an

3474 3541 174 29 unfortunate
3661 3552 92 27 young
3763 3553 75 24 man,
3850 3544 83 32 Moss,
3944 3551 72 22 went
4027 3546 79 27 down

3473 3584 28 23 to
3531 3579 46 28 the
3608 3583 107 26 water's
3746 3582 76 33 edge,
3846 3583 205 34 endeavouring
4081 3587 28 23 to

3473 3617 87 29 throw
3590 3628 17 19 a
3625 3629 63 27 rope
3716 3629 98 22 across,
3835 3620 54 28 and
3916 3621 117 36 missing
4063 3621 45 29 his

3472 3656 116 36 footstep
3612 3657 35 28 he
3668 3657 48 28 fell
3735 3659 59 26 into
3815 3659 47 27 the
3884 3663 93 29 water,
3991 3660 55 27 and
4067 3661 25 26 al-

3472 3694 104 36 though
3595 3695 34 28 he
3654 3705 55 20 was
3734 3706 35 19 au
3794 3703 93 31 expert
3912 3699 140 27 swimmer
4075 3709 30 18 so

3472 3733 102 29 violent
3586 3734 68 28 then
3666 3744 54 19 was
3734 3736 46 27 the
3800 3736 115 36 rushing
3935 3741 94 29 water,
4043 3738 62 28 that

3472 3771 34 29 he
3520 3781 55 19 was
3589 3777 85 32 swept
3687 3783 77 26 away
3776 3775 27 26 in
3818 3783 36 19 an
3866 3776 105 26 instant
3984 3776 55 27 and
4055 3777 55 27 lost

3471 3809 43 28 his
3527 3810 45 28 life
3585 3812 29 26 in
3634 3811 44 28 his
3690 3812 104 35 gallant
3807 3813 236 36 attempt.to*savc
4067 3814 44 28 Mr

3506 3895 57 28 The
3578 3895 140 37 following
3735 3897 69 28 from
3819 3897 110 28 Morant
3943 3899 60 35 Bay

3472 3942 16 18 a
3501 3935 212 34 correspondent
3727 3935 30 26 of
3775 3935 46 27 the
3844 3935 119 28 Gleaner
3984 3937 64 27 who
4067 3947 41 17 we

3471 3979 126 29 presume
3615 3971 51 29 has
3687 3981 64 19 seen
3765 3972 120 33 Niagara
3906 3974 75 28 Falls
3993 3982 6 21 :
4049 3975 59 27 Tlio

3471 4009 68 28 reefs
3553 4010 104 28 outside
3679 4019 50 19 our
3752 4011 142 27 roadstead
3919 4021 71 19 were
4011 4013 97 28 lashed

3470 4048 36 37 by
3535 4048 176 30 tremendous
3737 4049 136 33 breakers,
3899 4050 124 37 foaming
4049 4052 56 29 and

3470 4087 141 34 splashing
3623 4089 29 26 in
3674 4088 70 27 their
3757 4088 70 35 fury.
3871 4090 37 26 At
3928 4099 51 18 one
4000 4091 104 27 o'clock

3470 4134 35 18 on
3518 4124 127 37 Tuesday
3657 4125 79 35 night
3749 4125 48 29 the
3806 4126 60 35 gale
3877 4127 107 28 seemed
3995 4131 27 25 to
4033 4128 70 28 have

3469 4162 116 28 reached
3598 4163 35 28 its
3646 4163 104 36 height,
3763 4163 42 28 for
3819 4163 22 29 it
3861 4165 70 28 blew
3952 4166 65 27 with
4040 4176 48 18 con-

3469 4200 133 29 siderable
3608 4202 130 29 violence.
3770 4202 58 29 The
3836 4202 98 30 Mount
3941 4203 50 30 has
3998 4205 105 29 seldom

3469 4240 68 27 been
3555 4249 30 19 as
3610 4242 110 27 swollen
3746 4252 30 17 as
3801 4243 22 27 it
3840 4252 57 18 was
3924 4254 36 18 on
3979 4245 124 36 Monday

3469 4277 55 29 and
3544 4278 126 37 Tuesday
3683 4279 47 29 the
3751 4280 48 29 7th
3822 4281 55 28 and
3901 4282 57 28 Bth.
3996 4283 28 28 It
4045 4288 58 24 tore

3468 4325 78 28 away
3558 4316 134 31 immense
3714 4322 71 26 trees
3797 4320 55 28 and
3873 4320 136 38 damaged
4028 4332 75 20 acres

3468 4355 30 27 of
3517 4356 122 27 valuable
3652 4357 65 27 land
3731 4358 29 26 in
3773 4358 35 27 its
3818 4359 66 27 mad
3896 4361 55 26 and
3965 4361 137 35 headlong

3468 4392 65 27 rush
3547 4395 27 24 to
3588 4393 46 26 the
3656 4402 45 19 sea
3722 4403 56 19 was
3792 4404 16 18 a
3821 4396 73 33 sight
3917 4405 84 19 never
4021 4402 26 23 to
4069 4399 33 27 bo

3468 4429 135 31 forgotten
3628 4433 28 25 to
3681 4440 44 19 see
3750 4432 35 28 its
3812 4434 96 27 tearful
3934 4444 89 19 waves
4049 4437 54 27 and

3468 4467 90 29 eddies
3589 4468 91 29 which
3711 4479 51 18 can
3793 4471 66 36 only
3896 4472 32 28 be
3964 4474 139 35 imagined

3468 4505 35 36 by
3516 4506 78 28 those
3607 4506 63 30 who
3681 4508 69 28 have
3764 4509 55 28 had
3832 4509 46 29 the
3901 4510 155 38 advantago
4076 4513 30 28 of

3466 4545 92 33 seeing
3582 4545 46 27 the
3652 4546 64 27 wild
3739 4547 116 36 rushing
3878 4555 86 22 water
3993 4551 30 26 in
4052 4551 48 28 the

3466 4581 143 38 whirlpool
3632 4583 92 38 rapids
3749 4584 30 30 of
3804 4585 58 36 the]
3881 4592 77 30 great
3985 4588 119 34 Niagara

3499 4669 59 27 The
3571 4669 137 35 Kingston
3720 4680 98 26 papers
3831 4673 60 32 give
3904 4673 97 30 details
4014 4676 30 26 of
4053 4676 46 27 the

3466 4705 165 30 destruction
3644 4708 31 28 of
3684 4712 128 33 property
3825 4710 27 27 in
3867 4711 234 37 thejngricultural

3465 4744 118 30 districts
3597 4756 29 18 as
3637 4746 41 29 far
3687 4757 29 18 as
3729 4748 66 37 they
3805 4749 68 28 have
3884 4750 68 28 been
3961 4751 137 35 obtained,

3464 4783 49 27 but
3525 4784 71 27 their
3609 4786 191 35 reproduction
3814 4788 63 28 here
3890 4790 91 27 would
3994 4796 48 22 not
4066 4791 33 28 be

3464 4821 30 28 of
3504 4823 109 34 general
3626 4823 124 30 interest-
3788 4826 57 29 The
3863 4827 146 29 Standard
4019 4830 29 28 of
4055 4830 46 28 the

3464 4861 65 27 18th
3539 4861 106 29 instant
3657 4872 63 26 says
3731 4871 43 19 :

3498 4898 72 28 Rain
3593 4901 144 27 continues
3762 4902 101 28 almost
3882 4904 29 28 in
3937 4906 75 37 daily
4040 4917 44 19 suc-

3461 4937 115 30 cession.
3623 4937 196 42 Occasionally,
3845 4951 68 23 even
3937 4944 43 32 for
4048 4947 51 31 few

3461 4976 83 28 hours
3556 4986 30 18 as
3595 4987 37 18 on
3644 4979 135 35 Tuesday,
3793 4982 47 26 the
3852 4991 52 18 sun
3917 4984 85 29 shone
4013 4993 46 21 out
4067 4988 30 26 in

3462 5012 35 27 all
3510 5014 23 26 is
3546 5013 151 37 brilliancy,
3710 5016 96 37 giving
3829 5020 117 35 promise
3969 5023 30 26 of
4018 5031 16 19 a
4055 5032 26 18 re-

3462 5055 63 24 turn
3539 5052 28 28 of
3578 5061 76 20 more
3666 5054 92 35 genial
3780 5057 128 30 weather.
3946 5060 75 29 Thus
4045 5062 51 34 far,

3463 5089 133 33 however,
3628 5092 35 26 all
3694 5093 68 28 such
3799 5095 85 37 hopes
3920 5097 70 30 have
4026 5100 47 28 bee
4086 5111 9 17 i

3461 5127 118 30 doomed
3600 5132 28 25 to
3650 5130 242 39 disappointment,
3913 5137 55 28 and
3989 5138 70 29 from
4080 5150 16 17 a

3462 5167 92 27 rather
3567 5167 166 35 lengthened
3747 5174 167 34 experience,
3928 5185 41 18 wo
3990 5186 46 19 are
4054 5178 27 27 in-

3461 5204 89 28 clined
3562 5215 16 17 o
3590 5206 101 35 tthink,
3704 5208 62 30 that
3774 5210 47 28 the
3830 5219 109 29 present
3946 5216 150 36 prolonged

3461 5244 148 29 inclement
3621 5247 52 27 and
3686 5251 119 26 unusual
3824 5252 122 28 weather
3965 5254 56 28 will
4046 5261 49 23 not

3463 5280 83 28 bieak
3558 5291 37 26 up
3608 5285 72 25 until
3692 5294 40 18 we
3755 5287 69 28 have
3845 5289 54 27 had
3920 5291 61 27 that
4005 5292 90 27 which

3460 5317 121 31 hitherto
3594 5320 49 30 has
3656 5331 63 20 ever
3730 5333 30 19 in
3774 5325 45 29 the
3844 5327 100 38 tropics
3966 5329 130 30 heralded

3461 5366 15 17 a
3485 5362 94 23 return
3588 5362 28 24 to
3624 5360 55 28 fine
3689 5364 172 28 weather—a
3871 5367 119 28 thunder
3998 5375 96 21 storm.

3462 5394 48 29 We
3523 5404 46 21 are
3591 5396 57 30 told
3670 5398 60 30 that
3755 5400 47 30 the
3824 5404 119 29 weather
3967 5406 128 38 prophets

3462 5433 70 29 have
3544 5435 21 28 it
3586 5437 61 28 that
3668 5439 67 27 such
3757 5442 55 26 will
3833 5452 81 20 occur
3933 5446 65 27 with
4021 5451 77 29 great

3461 5478 118 30 seventy
3609 5478 28 24 to
3667 5476 145 37 day—and
3842 5480 73 28 their
3944 5484 136 36 prognosti-

3461 5510 105 29 cations
3584 5512 70 30 have
3679 5515 111 38 already
3815 5524 42 23 set
3881 5529 86 29 many
3991 5532 35 19 an
4051 5522 46 30 old

3462 5559 107 19 woman
3606 5553 46 27 the
3664 5555 171 33 designat'on
3845 5563 48 24 not
3906 5560 80 37 being
4011 5562 85 30 solely

3461 5588 126 29 confined
3609 5595 28 23 to
3658 5592 47 27 the
3726 5594 107 29 weaker
3857 5599 110 27 sex—in
3989 5609 16 18 a
4027 5604 69 24 most

3463 5635 116 21 nervous
3598 5630 150 36 condition,
3773 5635 100 29 second
3896 5637 66 36 only
3986 5644 26 23 to
4035 5639 61 29 that

3463 5665 87 29 which
3574 5677 55 18 was
3650 5672 176 33 experienced
3852 5675 36 35 by
3910 5677 86 31 them,
4014 5679 82 26 when

3462 5707 64 30 tney
3541 5705 117 36 brought
3671 5708 165 32 themselves
3857 5718 28 23 to
3904 5715 86 28 credit
4004 5726 15 18 a
4037 5726 43 26 pre-

3464 5742 75 28 vious
3563 5744 101 29 absurd
3685 5748 138 38 prepheey
3846 5752 30 26 of
3894 5753 46 27 the
3961 5754 135 28 would-be

3463 5781 63 28 wise
3539 5792 74 24 ones,
3628 5785 61 27 that
3704 5796 37 18 we
3756 5797 69 19 were
3838 5799 35 18 on
3895 5794 45 24 the
3964 5793 46 26 7th
4024 5793 74 32 inst.,

3462 5825 27 21 to
3505 5819 69 29 have
3593 5821 54 28 Lad
3673 5825 41 27 six
3731 5825 85 29 hours
3835 5829 167 35 earthquake
4024 5832 7 26 !
4051 5832 34 27 fol-

1320 39 115 41 THE
1490 39 184 44 LYELL
1725 42 184 48 TIMES,
1964 47 302 50 SATURDAY,
2321 50 334 40 SEPTEMBER
2711 61 53 34 n,
2791 53 100 38 1886.

184 5269 27 35 rg

252 5248 104 19 PHASES
369 5249 32 19 OF
415 5249 55 19 THE
484 5250 83 19 MOON.

627 5262 16 12 CO

627 5277 16 15 ®
739 5285 16 14 CO

193 5306 17 20 fl

393 5307 26 19 D.
440 5307 29 19 H.
483 5308 29 19 M.

627 5295 16 13 CO
739 5295 3 18 |
748 5301 8 6 i

193 5328 17 16 o

184 5346 26 28 2

243 5335 132 28 N.Moon-
396 5337 33 26 28
464 5339 16 25 8
494 5338 78 25 51am

619 5325 24 22 PH
730 5334 26 17 (A

184 5367 26 12 F-4

243 5374 97 36 Fst.Qr
367 5391 8 5 -
412 5376 16 27 5
464 5375 15 29 7
492 5377 80 35 28pm

627 5361 17 35 2
739 5365 17 21 a

626 5386 18 21 p
739 5391 16 16 p.

193 5407 17 16 o

243 5412 127 28 Fl.Moon
396 5414 32 26 13
447 5414 33 26 10
492 5415 79 34 23pm

619 5410 7 10 r
619 5410 24 18 Jl
731 5411 25 18 GO

193 5457 17 17 C3

184 5477 26 29 Q

244 5450 97 35 Lst.Qr
366 5468 8 4 -
394 5450 32 28 21
463 5452 15 28 5
492 5452 79 36 28pm

600 5459 29 22 H.
638 5460 30 20 M.
712 5459 29 21 H.
750 5459 30 21 M.

278 5536 135 35 Saturday

579 5524 220 45 mmwm

185 5573 33 28 12

276 5574 66 27 12th
354 5574 75 37 after
445 5574 112 38 Trinity

602 5577 15 26 6
637 5577 32 26 12
713 5577 15 26 5
747 5575 32 28 41

185 5613 32 27 13

278 5612 122 36 Monday

580 5611 219 30 WmTmmmVM

183 5650 34 28 14

276 5650 127 37 Tuesday

602 5654 16 26 6
653 5655 16 26 8
713 5654 16 26 5
747 5654 34 26 44

185 5690 32 26 15

277 5689 173 36 Wednesday

602 5693 15 26 G
654 5693 14 27 7
713 5692 15 26 5
747 5692 32 27 45

184 5727 33 27 IG

276 5727 145 36 Thursday

602 5731 15 25 6
654 5732 14 25 5
714 5730 15 26 5
747 5730 34 26 4G

184 5766 33 26 17

278 5766 99 35 Friday

602 5770 15 25 0
654 5770 14 25 3
690 5769 2 26 i
713 5769 15 26 5
747 5769 34 26 47

267 172 237 32 Government
523 174 151 30 Notices.

410 256 25 29 $
455 255 42 24 v*
518 255 26 24 fa

229 284 33 26 V.
657 286 33 27 R.

160 368 148 33 PUBLIC
321 370 153 39 WORKS,
484 371 93 32 NEW
589 371 201 31 ZEALAND.

199 458 123 39 Bridges
337 469 37 20 on
389 458 82 31 Road
493 459 260 32 Nelson-Reefton.

161 545 127 40 Granity
303 546 101 36 Creek,
418 547 99 36 Owen,
529 547 58 31 and
598 547 101 31 Matiri
711 546 83 33 Road

417 589 122 41 Bridges

254 632 195 32 PAINTING
480 633 221 32 CONTRACT.

164 720 218 81 WRITTEN
405 721 191 31 TENDERS
619 722 60 31 will
701 722 35 31 be
751 733 28 20 re-

270 762 98 33 ceived
383 765 30 29 at
428 763 59 32 this
502 764 100 36 Office,
618 764 77 32 until
710 765 85 32 Noon

164 807 32 31 of
208 807 270 37 WEDNESDAY,
494 808 50 31 tlie
571 811 71 29 15th
663 810 114 39 Septem-

165 850 60 38 ber,
263 852 84 36 188G,
377 851 45 32 for
448 851 51 33 the
526 851 91 33 above
645 852 150 33 Contract.

165 895 83 39 They
262 905 49 20 are
326 898 30 28 to
370 895 35 31 be
420 896 121 30 marked
555 907 38 19 on
608 896 50 31 the
683 897 113 30 outside

198 938 115 31 Tender
337 938 45 32 for
409 938 126 41 Granity
563 938 101 38 Creek,
695 940 100 36 Owen,

165 982 59 32 and
252 982 101 32 Matiri
387 982 82 33 Road
503 983 124 41 Bridges
657 983 141 42 Painting

354 1026 58 30 and
427 1027 155 30 addressed
597 1030 30 28 to
641 1028 51 30 the
716 1028 80 30 Hon.

167 1068 136 32 Minister
330 1068 44 32 for
401 1068 103 32 Public
532 1069 115 37 Works,
676 1069 120 32 Nelson.

167 1112 165 41 Drawings,
350 1112 231 42 Specifications,
596 1114 59 31 and
670 1113 128 32 General

167 1156 174 32 Conditions
354 1166 69 30 may
436 1156 36 32 be
487 1167 68 21 seen
570 1159 31 29 at
615 1157 60 31 this
698 1157 99 37 Office,

167 1199 60 31 and
251 1201 31 30 at
308 1199 51 32 the
386 1199 72 33 Post
485 1200 100 37 Office,
615 1200 183 33 Murchison.

168 1243 64 32 The
246 1242 101 33 lowest
362 1254 32 21 or
419 1254 58 32 any
497 1244 103 33 tender
624 1247 52 30 not
699 1255 83 22 neces-

168 1287 91 40 sarily
273 1287 146 40 accepted.

208 1329 46 42 By
267 1330 167 37 command,

353 1373 47 34 W.
422 1374 47 33 W.
492 1374 228 39 DARTNALL,

463 1420 123 31 District
600 1420 160 40 Engineer.

229 1461 104 34 Public
344 1463 105 32 Works
464 1463 100 37 Office,

171 1505 120 37 Nelson,
307 1506 115 39 August
437 1507 82 36 23rd,
537 1508 85 30 1886.

224 1706 159 29 MISSING
408 1706 168 31 FRIENDS
602 1708 148 29 NOTICE.

172 1783 287 63 INFORMATION
479 1785 151 36 respecting
642 1785 47 29 the
701 1785 83 29 where-

245 1821 97 28 abouts
354 1823 54 26 and
421 1824 160 34 occupation
594 1824 30 27 of
639 1824 47 27 the
705 1824 80 27 under-

171 1859 158 30 mentioned
341 1869 111 29 persons
471 1861 23 30 is
516 1861 163 30 WANTED
701 1860 36 39 by
757 1861 46 30 the

173 1899 142 35 Secretary
327 1900 30 26 of
365 1900 47 27 the
426 1901 118 26 General
557 1902 66 27 Post
635 1901 99 27 Office:

172 1935 116 28 Thomas
307 1936 121 33 Connor,
451 1937 169 27 stockowner
641 1946 30 18 or
692 1938 109 32 farmer,

240 1974 68 30 from
323 1974 141 30 Aberdeen
477 1984 31 20 or
528 1974 172 37 Edinburgh.
746 1975 55 29 Not

240 2013 85 28 heard
339 2014 30 28 of
379 2016 28 26 at
420 2014 82 28 home
516 2015 40 27 for
568 2015 64 27 nine
647 2024 87 26 years,
750 2023 54 19 was

241 2051 133 37 supposed
401 2057 27 24 to
450 2052 32 28 be
503 2053 30 27 in
553 2052 195 28 Christchurch
774 2061 30 19 or

241 2089 128 28 Dunedin
383 2089 115 33 district,
508 2089 49 28 but
565 2094 96 24 cannst
677 2091 31 28 be
719 2091 85 27 found

241 2126 85 29 there.
364 2127 57 28 Mrs
431 2127 100 34 Smith,
541 2127 173 35 Midlothian,
728 2127 60 30 Scot-

242 2165 73 33 land,
331 2166 128 36 inquires.

172 2204 44 29 W.
229 2204 27 29 J.
270 2204 128 34 Collins,
407 2205 53 28 last
472 2204 85 29 heard
566 2204 29 29 of
605 2204 29 29 in
649 2205 151 30 Gisbourne

242 2243 114 32 district,
369 2243 28 26 in
412 2244 123 31 October,
550 2245 76 25 1885.
673 2244 131 35 Inquired

241 2279 42 29 for
292 2279 36 30 by
341 2279 47 30 the
402 2279 66 29 Rev.
482 2280 137 35 Langford
643 2280 28 29 S.
692 2280 110 34 Brown,

242 2319 40 28 St.
313 2319 104 28 Peter's
457 2320 131 35 vicarage,
626 2319 178 34 Dartmouth,

244 2356 114 33 Devon.,
372 2366 36 19 on
420 2357 92 28 behalt
524 2357 29 29 of
564 2357 57 28 Mrs
634 2357 112 28 Collins.

174 2395 127 28 Edward
320 2396 188 33 M'Sweeney,
520 2395 63 29 who
595 2396 29 28 in
638 2397 67 28 1869
718 2405 56 20 was
789 2405 16 19 a

242 2434 95 27 waiter
354 2438 29 23 at
406 2434 173 28 Stevenson's
601 2434 93 33 Hotel,
716 2434 71 27 Auck-

242 2470 74 34 land,
329 2471 56 29 and
405 2472 128 36 formerly
547 2472 31 28 of
593 2472 59 29 Her
665 2472 140 36 Majesty's

244 2510 74 33 65th,
334 2510 144 35 Regiment
498 2510 31 28 of
548 2510 78 34 Foot,
645 2510 161 37 regimental

244 2548 52 27 No.
325 2550 78 26 3122.
457 2548 15 28 I
475 2559 15 16 a
494 2548 96 37 quired
619 2550 41 26 for
690 2548 32 36 bj
761 2548 44 28 his

242 2585 119 33 brother,
371 2586 75 28 John
458 2587 180 36 M'Sweeney,
649 2588 16 26 9
675 2587 130 32 Wrixom,

244 2625 87 33 Lane,
354 2625 39 28 off
410 2625 124 29 Pencock
556 2625 84 35 Lane,
658 2625 78 35 Cora,
750 2625 41 28 Ire-

244 2663 74 27 land.

175 2700 44 30 W.
233 2701 101 34 Mills,
348 2701 23 28 is
392 2700 125 38 inquired
538 2701 41 29 for
596 2701 36 37 by
646 2701 43 28 his
708 2701 98 34 father,

244 2739 30 29 T.
298 2738 83 35 Mills,
400 2740 103 28 Broom
525 2740 105 34 Hause,
644 2741 59 32 129,
717 2740 90 36 Mosly

245 2778 86 35 Road,
352 2778 203 37 Birmingham,
576 2778 137 37 England.
762 2779 44 29 He

51 2848 29 9 v.*
96 2840 48 18 trttv
244 2827 57 17 was
377 2818 84 28 heard
473 2818 31 28 of
519 2822 29 24 at
560 2818 142 28 Auckland
714 2818 37 37 by
764 2818 43 29 his

50 2848 51 48 fL
115 2868 111 28 rinliPß.
244 2863 18 28 P
264 2858 90 24 arents
367 2855 82 28 about
463 2855 52 27 five
527 2865 19 24 y
547 2865 60 17 ears
619 2865 51 24 ago
672 2875 7 20 ;
760 2869 11 6 ~

85 2912 8 16 ,
115 2879 24 22 n
138 2912 6 7 .
141 2879 69 23 cnes
212 2888 16 14 *
244 2881 14 21 *
416 2893 38 29 H.
469 2893 34 29 G.
516 2893 75 30 YOU

49 2915 138 34 colonies,
202 2918 59 26 and
277 2942 10 7 ,

44 2955 182 42 tematically
239 2954 161 44 prosjtew'e/
400 2957 7 16 1

49 2999 15 32 I
85 3009 49 23 am
157 3000 141 41 perfectly
318 3001 101 38 confid,

47 3042 71 42 long
141 3042 83 34 there
238 3044 60 32 will
322 3044 36 33 be
369 3054 21 16 »

47 3086 75 33 than
149 3087 82 34 there
245 3088 53 34 is/
350 3082 106 41 WIN

51 3152 17 14 *
432 3159 34 20 AT
485 3160 56 19 THE
693 3152 6 16 1

310 3201 114 39 NEW
448 3202 223 40 ZEALAND

175 3263 307 77 Clothing
513 3265 297 77 Factory

252 3349 274 34 PALMERSTON
559 3351 170 38 STREET,

389 3403 213 35 WESTPORT,

174 3448 59 61 IS
246 3458 61 19 now
320 3450 101 36 replete
431 3451 67 28 with
511 3460 16 18 a
536 3451 86 36 really
631 3451 179 37 Magnificent

385 3488 174 30 Assortment
571 3489 29 29 of

173 3538 121 39 Men's,
306 3537 141 32 Youths'
459 3539 70 31 and
540 3540 100 38 Boys'

312 3573 313 42 Fashionably-Cut
639 3575 170 41 Clothing,

174 3620 45 28 Ail
237 3620 81 29 made
337 3620 71 28 from
430 3620 68 29 New
517 3621 119 28 Zealand
648 3622 88 34 Wool,
750 3622 44 29 tho-

336 3658 116 38 roughly
465 3658 114 36 shrunk,
593 3659 56 29 and

173 3711 25 27 A
219 3711 95 36 Single
326 3710 107 28 Article
447 3711 68 28 Sold
527 3712 30 26 at
569 3711 123 38 Factory
705 3712 104 29 Prices.

175 3786 25 32 A
236 3785 142 42 Splendid
412 3786 187 32 Assortment
642 3787 32 32 of
712 3788 97 32 Men's

254 3829 125 33 Youths'
409 3830 59 32 and
501 3831 87 41 Boys'
624 3831 186 41 Waterproof

331 3874 150 39 Clothing,
497 3874 41 31 all
548 3874 121 32 marked
679 3876 32 30 in
722 3876 87 31 Plain

410 3916 133 42 Figures,
579 3918 59 31 and
677 3918 71 32 Sold
778 3921 31 30 at

486 3961 126 42 Factory
635 3961 109 33 Prices.

278 4043 235 29 FIRST-CLASS
532 4045 171 27 CUTTERS

174 4080 73 38 Only
260 4090 45 20 are
324 4081 120 38 engaged
466 4081 30 29 in
518 4081 46 30 the
585 4082 87 29 Order
692 4082 98 38 Depart-

403 4123 77 26 ment
492 4123 27 25 at
532 4120 46 29 the

172 4172 90 40 New
280 4172 164 40 Zealand
458 4172 165 53 Clothing
639 4174 163 53 Factory.

172 4286 30 32 A
221 4285 115 40 Single
354 4286 76 33 Suit
447 4287 103 32 Made
576 4288 36 31 to
637 4288 111 33 Order
771 4291 35 31 at

340 4335 145 38 Factory
503 4337 133 31 Prices!

458 4392 56 20 AND

171 4433 168 33 Remember
353 4436 5 30 !
361 4435 89 31 —All
477 4436 75 31 from
577 4436 51 32 the
649 4436 89 32 finest
762 4447 28 22 se-

169 4478 96 32 lected
278 4479 72 31 New
365 4479 131 32 Zealand
517 4480 95 37 Wool,
627 4480 179 42 thoroughly

170 4521 123 38 shrunk,
309 4522 58 31 and
381 4532 17 21 a
412 4523 115 31 Perfect
542 4523 48 31 Fit
606 4523 198 33 Guaranteed.

242 4605 94 28 Terms
357 4605 109 29 CASH.
503 4606 43 28 No
562 4606 174 29 Abatement.

170 4679 103 38 Agents
303 4680 41 31 for
373 4680 46 30 the
451 4681 159 30 Unrivalled
639 4682 164 31 Wertheim

344 4720 114 29 Sewing
477 4721 153 30 Macaines.

167 4805 83 61 New
280 4805 150 61 Zealand
461 4806 158 75 Clothing
642 4807 158 75 Factory,

204 4888 327 39 PALMEKSTON-ST.,
552 4891 214 32 WESTPORT.

259 4982 37 33 T.
312 4982 438 46 BLENNERHASSETT,

367 5034 131 36 Manager
509 5036 140 35 Westport
661 5037 120 28 Branch.

931 177 235 30 Government
1189 175 151 30 Notices.

854 388 222 34 LICENSING
1105 389 132 32 COURT
1260 386 160 34 NOTICE.

824 522 168 54 V[OTICE
1009 523 24 32 is
1048 522 170 33 HEREBY
1242 520 128 35 GIVEN
1386 520 66 33 that

826 555 37 47 IN
901 586 17 21 a
929 576 190 31 MEETING
1131 576 31 31 of
1171 576 50 31 the
1231 572 223 33 LICENSING

824 628 134 32 COURT
972 628 44 31 for
1031 628 50 31 the
1105 627 159 40 Licensing
1288 625 123 32 District
1426 624 32 32 of

825 681 120 33 OWEN
961 680 59 33 will
1034 680 36 33 be
1084 680 109 33 holden
1208 682 30 30 at
1253 679 50 32 the
1321 677 133 34 COURT

825 735 149 35 HOUSE,
1002 734 251 35 MURCHISON,
1270 743 38 20 on
1333 731 96 31 TUES-

825 786 92 38 DAY,
943 785 50 33 the
1021 785 73 33 26th
1121 784 57 43 day
1200 784 32 34 of
1256 782 198 38 OCTOBER,

826 841 86 36 1886,
929 841 30 29 at
973 839 119 36 NOON,
1108 839 44 31 for
1166 838 51 32 the
1242 837 214 31 consideration

826 893 31 31 of
888 892 201 39 Applications
1124 891 44 31 for
1202 891 182 31 Certificates
1411 889 44 32 for

825 945 139 32 Licenses
978 943 45 33 for
1037 943 50 32 the
1103 943 62 31 said
1186 942 133 32 District.

866 1066 49 32 All
930 1066 201 40 Applications
1155 1067 80 29 must
1258 1065 35 31 be
1308 1064 105 40 lodged
1427 1063 31 31 in

826 1120 146 42 duplicate
987 1119 72 33 with
1073 1119 51 33 the
1139 1119 87 32 Clerk
1240 1118 32 32 of
1293 1117 50 33 the
1369 1117 91 32 Court

827 1184 39 21 on
880 1184 32 20 or
926 1172 97 32 before
1039 1171 144 41 Tuesday,
1199 1171 51 33 the
1275 1171 53 31 sth
1350 1171 57 40 day
1430 1170 32 32 of

828 1225 134 37 October,
979 1226 86 31 1886.

1074 1287 136 32 FRANK
1232 1286 108 36 BIRD,

1005 1338 160 41 Licensing
1179 1338 239 31 Commissioner.

868 1402 96 33 Dated
992 1401 59 33 this
1080 1401 72 33 10th
1179 1400 56 43 day
1263 1400 33 33 of
1327 1399 114 42 Septem-

830 1456 60 35 ber,
908 1456 85 31 1886.

932 1583 34 29 Y.

917 1675 147 29 MAIL
1127 1674 247 29 NOTICE.

831 1780 108 60 THE
960 1781 93 29 Letter
1064 1780 60 29 Box
1136 1780 56 29 will
1205 1780 32 29 be
1251 1779 106 30 cleared
1366 1779 42 30 for
1415 1779 46 30 the

922 1819 129 36 despatch
1076 1819 30 28 of
1128 1819 239 35 Correspondence
1391 1820 70 27 from

830 1856 46 30 the
890 1857 78 37 Lyell
986 1857 85 29 Office
1093 1860 27 26 to
1140 1857 46 29 the
1205 1857 139 37 following
1360 1857 101 38 places,

830 1896 55 29 and
899 1896 82 29 Mails
993 1898 96 32 arrive,
1102 1906 30 19 as
1150 1896 88 29 under
1249 1905 42 20 :

1063 1955 151 20 outwards
1223 1953 7 21 :

864 2000 56 28 For
949 1999 148 37 Westport,
1127 1999 164 36 Inangahua
1320 1999 142 34 Junction,

831 2038 154 32 Cronadun,
1007 2039 172 33 Boatman's,
1201 2038 127 33 Reefton,
1350 2038 55 28 and
1425 2038 38 28 all

831 2076 130 29 southern
980 2076 243 36 correspondence:
1244 2075 123 37 Sunday,
1381 2076 60 29 Wed-

830 2114 105 34 nesday
948 2114 55 27 and
1016 2114 111 35 Friday,
1141 2118 28 23 at
1181 2116 16 25 9
1210 2123 65 18 a.m.

864 2152 56 28 For
943 2152 116 29 White's
1080 2152 89 33 Point,
1190 2152 72 28 Fern
1284 2151 73 33 Flat,
1379 2152 84 28 Owen

831 2190 92 35 River,
943 2190 114 33 Nelson,
1078 2190 54 29 and
1153 2190 37 29 all
1209 2190 132 30 northern
1362 2200 86 20 corres-

831 2230 139 35 pondence
980 2237 6 20 :
1007 2229 134 36 Tuesday,
1155 2230 144 35 Thursday
1307 2230 55 28 and
1371 2230 76 29 Satur-

831 2267 64 34 day,
908 2269 29 25 at
950 2267 61 27 1.30
1021 2275 68 27 p.m.

866 2304 54 29 For
926 2303 159 30 Melbourne
1091 2303 55 30 and
1151 2303 158 31 Australian
1322 2303 141 31 Colonies:

831 2343 183 35 Wednesday,
1027 2347 29 24 at
1068 2345 16 26 9
1096 2352 65 19 a.m.

1033 2403 85 21 mails
1142 2402 119 22 arrive:

866 2447 83 28 From
972 2447 148 36 Westport,
1140 2447 163 35 Inangahua
1322 2446 132 29 Junction

833 2484 155 35 Cronadun,
997 2485 168 34 Boatman's,
1173 2486 124 32 Reefton,
1305 2486 62 28 &c.:
1381 2486 66 27 Tues-

833 2524 61 36 day,
908 2523 146 38 Thursday
1066 2524 55 28 and
1134 2524 145 36 Saturday,
1293 2530 27 22 at
1334 2526 16 26 2
1363 2533 66 28 p.m.

866 2562 84 27 From
971 2562 117 28 White's
1107 2563 90 33 Point,
1211 2563 71 27 Fern
1295 2562 72 33 Flat,
1381 2563 83 27 Owen

834 2600 89 33 River,
937 2600 112 34 Nelson,
1064 2601 63 27 &c.:
1148 2600 122 37 Sunday,
1281 2600 183 37 Wednesday,

833 2638 54 28 and
901 2639 111 35 Friday,
1026 2642 28 25 at
1068 2641 61 26 9.30
1141 2649 64 18 a.m.

866 2677 85 28 From
963 2677 148 37 Longford,
1126 2677 170 33 Murchison,
1310 2677 54 28 and
1378 2677 69 28 Mata-

832 2714 102 29 kitaki:
954 2715 174 37 Wednesday
1140 2715 56 29 and
1218 2715 123 37 Sunday,
1354 2718 28 26 at
1405 2717 59 27 9.30

833 2762 65 20 a.tn.

1059 2807 38 29 H.
1118 2808 33 29 G.
1171 2807 224 35 YOUNGMAN,

1255 2847 176 27 Postmaster.

1015 2893 115 34 oiiairs,
1158 2889 187 40 Carpenters'

889 2932 127 32 oilmen's
1336 2920 28 39 J
1375 2920 88 39 TV/T'

882 2962 4 38 .
914 2975 47 25 TOT
1442 2962 8 33 I

2181 5215 48 33 Mr
2250 5215 36 34 A.
2311 5216 30 34 S.
2363 5217 122 39 Barker,
2501 5218 32 33 of
2557 5219 217 43 Philadelphia,

2140 5260 55 29 has
2209 5261 90 29 taken
2312 5271 69 30 very
2395 5262 55 30 fair
2460 5263 201 39 photographs
2676 5265 38 39 by
2725 5266 49 29 the

2141 5302 76 42 light
2238 5302 31 33 of
2288 5314 17 21 a
2332 5303 76 32 flash
2433 5305 31 32 of
2482 5304 159 44 lightning.
2692 5307 82 43 They

2142 5357 73 20 were
2230 5348 90 30 taken
2331 5348 74 31 after
2419 5349 73 30 dark
2506 5353 31 26 at
2551 5352 18 29 7
2580 5361 72 28 p.m.

2180 5399 63 33 The
2257 5402 63 31 cost
2334 5400 32 33 of
2384 5400 50 34 the
2448 5401 162 34 Industrial
2634 5403 140 34 National

2140 5443 176 32 Exhibition
2345 5445 97 31 which
2469 5446 23 30 it
2520 5446 24 30 is
2571 5448 143 39 proposed
2744 5452 30 27 to

2140 5486 70 33 hold
2224 5487 31 32 in
2271 5487 150 43 Germany
2434 5488 32 32 in
2482 5490 76 32 1888
2572 5489 24 33 is
2619 5490 155 33 estimated

2140 5534 30 29 to
2191 5531 35 32 be
2240 5534 159 35 8,000,000
2413 5534 109 31 marks.
2574 5535 47 31 An
2645 5535 129 42 analysis

2140 5574 32 33 of
2188 5575 134 32 national
2343 5576 120 40 opinion
2478 5587 38 21 on
2537 5577 50 32 the
2609 5579 113 40 subject
2744 5582 28 28 ot

2140 5619 50 32 the
2205 5619 163 33 exhibition
2391 5620 96 33 shows
2502 5621 65 33 that
2592 5622 51 33 the
2658 5622 65 33 idea
2746 5623 26 32 is

2140 5663 150 41 decidedly
2324 5664 139 32 favoured
2497 5665 38 41 by
2568 5666 51 31 the
2654 5668 120 31 smaller

2140 5707 75 31 class
2243 5707 32 32 of
2306 5708 166 40 producers,
2498 5709 87 32 while
2614 5711 49 31 the
2690 5715 83 36 great

2140 5750 71 31 bulk
2226 5751 31 31 of
2278 5751 50 31 the
2343 5751 101 41 bigger
2464 5753 237 33 manufacturers
2723 5765 49 22 are

2140 5805 32 19 as
2186 5794 150 40 decidedly
2351 5796 116 38 against
2481 5796 32 32 it.
