4120 5920
93 208 86 28 lowed
205 208 35 37 by
266 219 80 19 seven
371 210 74 36 days'
473 209 138 29 darkness.
649 211 59 27 Bah
722 212 5 27 !

91 248 47 27 the
153 247 131 37 credulity
298 249 29 27 of
337 259 74 17 some
426 250 94 35 people
533 250 22 26 is
569 249 103 28 carried
696 254 28 24 to

91 286 117 37 positive
221 286 151 37 adsurdity.
409 287 51 27 Old
481 296 116 25 women,
623 288 31 28 be
677 292 48 24 not

92 324 122 29 alarmed
228 325 177 36 Considering
418 326 46 27 the
487 326 148 35 prolonged
655 327 74 27 rains

92 372 41 18 we
145 363 68 28 have
226 362 65 34 had,
303 372 72 19 none
398 363 78 28 other
489 363 67 28 than
581 364 53 28 late
658 364 65 37 May

94 401 126 33 Seasons,
235 412 28 17 as
275 402 30 28 of
312 411 73 27 yore,
398 411 40 18 we
452 402 75 34 hear,
540 402 66 37 they
614 402 56 29 will
680 407 49 24 not

94 440 95 35 depart
202 440 116 28 without
331 450 15 17 a
357 440 118 28 thunder
494 446 95 23 storm.
626 441 104 29 Nature

93 478 56 26 will
163 483 86 22 assert
260 478 107 26 herself.

129 525 58 28 The
209 525 52 28 loss
281 529 26 24 ot
334 527 104 34 private
465 525 54 28 and
543 525 90 37 public
668 535 45 27 pro-

92 566 78 33 perty
194 562 168 36 throughout
387 563 45 28 the
463 563 95 28 Island
593 566 74 26 must
697 563 32 28 be

93 610 145 20 enormous
252 600 54 29 and
318 600 55 29 will
387 601 32 28 be
440 601 49 29 felt
511 602 129 36 severely,
664 612 42 27 par-

94 639 125 36 ticularly
244 643 29 24 at
297 639 56 28 this
379 649 94 18 season
502 641 30 26 of
553 645 76 32 great
661 641 55 34 agri-

94 678 116 28 cultural
223 676 54 30 and
285 678 176 29 commercial
469 678 164 38 depression.
671 679 55 28 But

95 717 124 29 Jxmaica
245 721 98 25 cannot
374 721 95 33 expect
499 723 28 23 to
558 718 32 28 be
621 722 109 32 exempt

95 755 70 27 from
201 764 91 18 severe
322 756 77 27 trials
435 765 76 19 more
546 756 68 28 than
651 756 78 28 other

94 792 146 28 countries.

96 885 82 34 ONE
200 885 52 35 OF
274 885 273 36 SPOFFORTH'S
575 887 126 33 ADVEN-

339 939 145 33 TURES.

136 1047 47 33 An
197 1047 73 33 item
284 1047 43 33 for
341 1047 155 33 cricketers
506 1046 25 33 is
543 1046 132 42 supplied
689 1046 38 42 by

98 1100 48 30 Mr
157 1101 33 30 C.
200 1101 129 30 Haddon
340 1100 161 30 Chambers
513 1100 31 29 in
593 1100 138 30 Cassell's

99 1151 146 44 Saturday
465 1150 29 33 It
518 1161 101 23 occurs
643 1149 34 34 in
692 1161 38 22 an

99 1207 124 30 account
238 1205 32 31 of
281 1215 17 21 a
312 1215 108 31 voyage
435 1205 75 31 from
525 1205 151 31 Australia
700 1207 30 29 to

99 1248 140 42 England
252 1249 32 31 in
298 1249 50 32 the
364 1249 102 32 Orient
477 1249 90 31 Liner
579 1248 149 33 Garonne.

99 1292 47 33 He
162 1304 65 31 says
240 1293 103 33 :—We
357 1292 59 33 had
440 1292 167 33 Murdock's
623 1292 106 33 second

99 1340 79 29 team
193 1339 32 31 of
236 1338 171 32 Australian
421 1337 155 33 cricketers
590 1337 71 33 with
677 1348 52 27 us;

99 1381 58 29 and
184 1381 135 38 pleasant
343 1381 111 30 fellows
481 1381 70 40 they
578 1381 40 29 all
645 1390 84 26 were,

98 1422 76 33 from
189 1422 50 34 the
254 1422 108 42 typical
383 1422 148 34 cornstalk
555 1422 121 33 Bonnor
700 1425 30 29 to

98 1466 50 32 the
164 1467 71 41 wiry
249 1468 83 30 Alex.
348 1468 202 30 Bannerman.
592 1468 15 30 I
621 1477 59 22 was
692 1478 37 19 on

97 1509 75 42 good
193 1512 91 31 terms
306 1510 71 34 with
402 1511 82 33 them
508 1510 49 39 all,
573 1509 53 34 but
650 1520 80 23 more

98 1555 191 40 particularly
338 1555 72 31 with
465 1555 160 40 Spofforth,
679 1555 51 31 the

131 1597 107 33 demon
412 1598 72 32 with
506 1598 98 32 whom
618 1598 15 32 I
656 1597 74 33 have

99 1642 60 32 had
173 1642 80 33 what
277 1643 50 33 the
346 1643 75 41 good
443 1643 91 32 smith
556 1643 32 32 in
639 1642 91 34 Great

376 1687 71 31 used
480 1689 31 29 to
545 1686 57 32 call
666 1686 63 32 sich

251 1730 37 32 In
307 1729 50 34 the
374 1730 75 34 Suez
465 1729 93 34 Canal
581 1730 52 33 the
658 1729 54 34 Gar-

97 1784 79 21 onne
200 1784 60 21 was
284 1774 137 32 detained
445 1785 39 21 on
508 1776 124 31 account
659 1774 32 32 of
713 1784 16 21 a

99 1817 66 42 ship
180 1817 94 33 ahead
297 1818 111 41 having
431 1829 75 30 gone
520 1818 142 41 aground,
677 1818 54 32 but

98 1870 32 22 as
145 1861 52 33 she
211 1861 96 42 might
322 1862 35 32 be
369 1864 50 39 got
433 1863 42 31 off
487 1864 30 30 at
528 1873 58 30 any
596 1864 133 30 moment

98 1915 54 22 our
166 1906 118 41 captain
298 1906 49 32 did
358 1908 53 31 not
425 1906 71 33 offer
510 1908 30 31 to
554 1906 67 33 take
636 1917 35 22 us
693 1917 38 22 on

99 1949 96 32 shore.
237 1950 48 30 Mr
301 1950 150 40 Spofforth
465 1951 59 30 and
545 1951 25 37 I,
586 1950 144 36 however,

98 1995 54 37 put
176 2004 54 21 our
256 1993 91 32 heads
375 1993 144 41 together.
574 1993 63 33 The
665 1993 66 41 ship

98 2045 60 21 was
178 2037 120 31 moored
327 2042 31 26 to
379 2037 50 31 the
447 2037 77 41 jetty
544 2037 38 41 by
602 2047 17 21 a
640 2037 90 37 thick,

97 2078 80 42 long,
193 2079 105 32 double
312 2080 125 33 hawser.
517 2080 62 33 The
595 2080 106 33 demon

96 2123 122 39 pointed
239 2124 60 30 this
314 2128 51 27 out
389 2127 30 29 to
444 2135 56 27 me,
517 2125 58 30 and
599 2125 134 31 declared

97 2166 48 32 his
158 2166 148 34 intention
321 2167 32 34 of
364 2168 121 42 making
503 2168 48 33 his
565 2179 64 32 way
643 2169 88 42 along

97 2211 24 31 it
135 2213 30 29 to
179 2211 51 31 the
245 2211 96 33 shore.
383 2213 16 31 I
423 2213 135 31 declared
571 2223 51 31 my
635 2213 80 31 inten-

97 2254 63 33 tion
176 2254 31 34 of
218 2254 149 44 following
381 2256 74 33 him.
498 2256 78 33 First
591 2256 32 33 of
634 2256 41 33 all
689 2268 42 22 we

98 2299 100 40 rigged
212 2300 148 32 ourselves
374 2301 31 31 in
421 2301 48 31 old
483 2301 123 31 clothes.
648 2301 85 31 Then

371 2344 121 32 started.
545 2344 47 32 He
619 2342 114 43 slipped

99 2385 118 42 quickly
231 2386 58 32 and
303 2386 92 43 easily
408 2388 86 32 down
508 2387 52 32 the
574 2388 52 31 fall
640 2388 32 31 of
680 2388 51 31 the

99 2428 124 34 hawser.
265 2430 15 32 I
294 2430 144 34 followed.
480 2432 74 32 Now
567 2432 24 32 it
604 2434 81 30 must
696 2431 35 32 be

98 2473 171 32 mentioned
280 2474 66 32 that
360 2475 16 31 I
384 2475 60 31 had
454 2475 129 32 enemies
595 2485 38 23 on
642 2475 91 33 board

96 2517 61 33 and
172 2517 86 34 when
273 2518 15 33 I
302 2529 60 23 was
377 2529 69 23 seen
459 2521 32 32 to
503 2521 73 31 start
591 2530 80 31 upon
682 2519 51 33 the

99 2562 198 32 adventurous
333 2564 137 40 journey,
512 2575 51 29 my
603 2565 130 30 enemies

99 2605 117 42 eagerly
251 2605 96 33 seized
387 2606 51 33 the
479 2606 189 43 opportuuity
705 2607 31 32 of

100 2649 123 41 venting
246 2650 77 32 their
350 2651 115 31 malice.
517 2651 175 40 Presenting
715 2661 18 21 a

98 2691 92 35 bottle
215 2693 32 33 of
267 2694 131 43 whiskey
421 2697 31 30 to
474 2694 83 33 three
572 2705 32 22 or
618 2694 65 33 four
705 2694 31 33 of

99 2736 51 32 the
165 2737 112 37 sailors,
293 2738 70 41 they
376 2739 155 41 expressed
555 2749 17 21 a
586 2739 93 31 desire
702 2741 31 28 to

100 2791 49 22 see
169 2792 47 22 me
238 2781 111 34 shaken
373 2781 64 35 into
463 2782 51 34 the
541 2785 101 31 water.
696 2782 37 32 In

99 2825 105 41 justice
219 2828 30 30 to
263 2826 93 38 them,
371 2827 15 31 I
400 2830 81 29 must
494 2827 108 32 hasten
615 2829 31 30 to
658 2828 75 30 state

99 2868 66 32 that
179 2870 71 40 they
263 2870 85 31 knew
362 2871 16 30 I
392 2881 59 20 was
463 2881 17 20 a
491 2871 158 30 swimmer.
693 2870 40 31 So

99 2922 59 21 was
172 2922 51 32 my
237 2913 186 42 companion.
465 2913 78 33 Ever
555 2913 89 42 ready
657 2912 44 33 for
716 2923 17 21 a

244 2956 50 32 tho
317 2967 12 21 o
332 2957 87 31 ailors
434 2958 96 31 seized
553 2957 51 31 the
618 2957 115 31 hawser

99 2999 97 33 where
211 2999 22 33 it
244 3009 60 23 was
318 3002 75 36 taut,
409 3000 99 42 pulled
522 3000 24 32 it
560 3001 52 31 out
636 3002 31 30 to
681 2999 51 33 the

101 3046 157 31 uttermost
280 3044 59 32 and
360 3044 73 33 then
458 3044 143 42 suddenly
621 3043 42 33 let
685 3053 46 31 go.

101 3087 71 32 This
186 3088 135 41 pleasant
332 3099 169 21 manoeuvre
516 3088 70 42 they
597 3088 136 41 repeated

102 3134 30 32 at
147 3131 192 45 surprisingly
360 3133 83 34 short
466 3132 152 35 intervals.
671 3131 62 35 The

103 3178 91 29 result
207 3188 60 19 -was
281 3178 66 30 that
371 3189 50 28 my
435 3179 94 30 friend
549 3178 59 29 and
621 3178 16 29 I
659 3188 75 19 were

103 3219 83 42 flung
200 3219 89 33 about
310 3220 59 32 like
393 3220 112 33 clothes
519 3220 84 41 hung
627 3221 51 31 out
702 3218 32 33 in

101 3264 52 32 the
176 3264 88 37 wind,
284 3265 145 41 affording
452 3265 109 42 capital
588 3264 146 32 diversion

103 3310 30 29 to
146 3307 51 33 the
211 3308 94 32 whole
320 3308 91 41 ship's
433 3319 155 31 company.
663 3307 72 32 This

104 3351 25 32 is
327 3352 93 41 quoth
496 3352 50 33 the
586 3352 108 32 demon

136 3395 57 31 I'm
217 3395 89 42 going
329 3396 31 31 in
424 3396 67 38 and,
507 3395 125 33 without
654 3406 81 21 more

106 3439 54 34 ado
171 3439 37 33 he
223 3440 127 41 dropped
364 3441 31 32 in
407 3440 50 33 the
468 3442 91 32 water
573 3439 58 33 and
645 3450 90 22 swam

106 3484 44 30 for
176 3483 80 31 land.
298 3484 15 30 I
335 3494 60 20 was
422 3484 64 31 loth
513 3486 32 29 to
572 3484 86 30 allow
685 3493 50 30 my

104 3526 129 33 enemies
247 3528 31 32 to
293 3526 131 39 succeed,
439 3526 31 33 in
485 3526 77 34 their
583 3525 154 34 malicious

106 3571 126 41 designs.
274 3571 196 42 Accordingly
491 3571 133 40 hanging
644 3581 38 21 on
707 3573 30 29 to

104 3615 51 31 the
169 3615 113 31 hawser
306 3615 58 31 like
388 3615 77 40 grim
489 3615 99 32 death.
630 3615 16 31 I
669 3625 51 21 con-

104 3658 103 31 tinued
230 3660 31 30 to
275 3658 80 32 work
378 3668 50 32 my
446 3668 64 31 way
532 3660 31 30 to
578 3657 50 32 the
650 3657 85 42 jetty.

104 3702 29 32 It
144 3712 59 22 was
225 3702 151 42 desperate
397 3702 90 33 work.
529 3702 15 31 I
568 3702 125 32 reached
715 3702 23 31 it

103 3749 33 29 at
150 3747 66 36 last,
233 3747 59 31 and
315 3747 92 31 found
430 3747 181 40 unexpected
635 3746 84 32 assist-

105 3799 83 22 ance.
230 3790 29 30 It
273 3799 142 31 apppears
430 3789 66 31 that
510 3799 38 21 an
566 3789 48 31 old
628 3789 110 31 Italian

104 3833 67 32 who
198 3833 84 32 stood
303 3832 83 33 there
402 3832 135 42 smoking
561 3844 17 20 a
599 3833 139 40 cigarette

103 3876 61 31 had
197 3876 75 32 been
312 3887 51 30 my
393 3887 91 21 warm
524 3877 133 40 partisan
698 3876 40 31 all

104 3920 140 41 through,
255 3919 210 43 emphatically
479 3920 179 41 expressing,
666 3919 73 34 both

103 3964 95 42 orally
220 3964 58 31 and
303 3964 239 42 gesticulatorily,
567 3964 47 32 his
639 3969 101 36 strong

105 4008 186 42 disapproval
306 4008 32 33 of
358 4008 51 33 the
432 4008 190 42 proceedings
637 4008 31 33 of
689 4020 50 31 my

103 4053 142 31 enemies.
298 4053 97 31 When
418 4053 15 31 I
456 4053 60 31 had
539 4053 127 31 finished
690 4063 50 30 my

106 4095 235 33 uncomfortable
365 4095 136 41 journey,
522 4095 38 32 he
592 4095 148 32 stretched

108 4141 51 30 out
173 4138 73 33 both
269 4138 97 32 hands
381 4139 58 31 and
452 4138 107 42 helped
581 4149 47 21 me
644 4149 38 22 on
709 4142 31 28 to

108 4183 51 32 the
171 4183 86 42 jetty,
272 4182 97 33 where
388 4183 38 32 he
440 4183 159 40 proceeded
623 4185 30 30 to
667 4193 74 31 pour

108 4229 52 29 out
187 4227 47 31 his
255 4226 114 41 hearty,
392 4227 144 39 although
563 4229 30 29 to
614 4237 47 21 me
687 4237 35 21 un-

108 4268 181 42 fortunately
310 4269 225 41 unintelligible,
556 4270 167 40 congratula-

108 4313 89 32 tions.
240 4313 85 32 Then
339 4313 37 32 he
402 4313 162 32 conducted
577 4324 48 21 me
639 4315 31 30 to
693 4312 47 32 his

109 4357 225 38 station-house,
363 4357 96 33 where
494 4368 42 22 we
564 4368 75 22 were
670 4368 71 22 soon

106 4402 101 40 joined
221 4401 38 40 by
270 4411 50 31 my
330 4401 120 31 brother
461 4401 184 31 adventurer.
687 4402 53 30 We

109 4456 74 21 were
198 4446 77 31 most
289 4444 160 43 hospitally
463 4444 183 33 entertained
668 4444 71 34 with

108 4490 77 40 light
199 4490 85 36 wine,
297 4490 91 36 dates,
402 4490 58 30 and
475 4491 87 30 sweet
576 4490 94 36 cakes,
684 4490 57 31 and

109 4533 32 31 in
156 4533 140 37 addition,
312 4532 154 42 presented
480 4533 72 31 with
575 4543 17 21 a
607 4533 135 41 quantity

108 4577 33 32 of
179 4577 143 43 exquisite
352 4577 139 40 cigarette
526 4577 128 33 tobacco.
717 4577 24 32 A

110 4620 103 42 couple
248 4620 31 33 of
313 4621 91 32 hours
439 4621 177 38 afterwards,
651 4621 90 33 much

111 4666 96 30 elated
221 4665 71 31 with
308 4676 53 20 our
375 4665 77 36 visit,
468 4666 59 30 and
546 4677 53 19 our
623 4665 119 32 tobacco

112 4708 60 32 safe
187 4708 76 32 from
278 4707 89 42 damp
388 4708 31 31 in
434 4718 53 22 our
500 4707 78 38 hats,
593 4718 43 22 we
651 4718 90 22 swam

111 4752 75 30 back
207 4754 30 28 to
261 4752 51 30 the
339 4752 76 39 ship,
439 4752 57 29 and
523 4752 142 30 mounted
692 4752 50 30 the

113 4794 101 31 saloon
242 4803 151 31 gangway,
423 4793 50 31 the
508 4804 84 30 envy,
621 4794 15 30 I
668 4793 74 31 have

111 4848 105 21 reason
241 4839 31 30 to
299 4836 120 37 believe,
442 4836 32 33 of
498 4836 40 32 all
567 4846 53 23 our
647 4836 95 33 fellow

111 4890 183 31 passengers.

151 4974 63 30 Tlie
229 4972 84 41 rapid
327 4973 131 31 increase
474 4972 32 32 of
526 4972 52 32 the
592 4972 153 32 Mormons

111 5018 32 32 in
158 5016 195 35 Switzerland
367 5017 25 32 is
406 5016 123 42 causing
543 5016 199 34 considerable

111 5063 121 40 anxiety
245 5065 31 28 to
291 5062 50 30 the
354 5061 213 31 Government.

150 5113 128 33 Women
293 5124 48 21 are
356 5112 183 42 continually
557 5112 124 41 striking
695 5115 51 30 out

111 5158 31 32 in
153 5168 65 21 new
232 5157 157 31 industrial
403 5156 97 42 paths.
543 5157 24 31 A
582 5167 98 31 young
691 5157 56 40 girl

111 5202 32 33 in
158 5202 72 33 New
244 5201 80 34 York
337 5200 25 33 is
375 5212 16 21 a
406 5200 100 33 skilful
517 5200 59 33 and
587 5200 159 34 successful

111 5247 169 31 locksmith.
344 5246 60 32 She
438 5245 72 31 used
539 5247 30 29 to
596 5245 70 40 help
692 5245 54 31 her

111 5291 98 33 father
233 5290 31 32 in
288 5289 47 33 his
360 5289 84 42 shop,
460 5289 58 32 and
545 5289 105 42 finally
677 5299 51 23 con-

112 5335 105 31 cluded
231 5336 30 30 to
273 5336 75 29 start
359 5336 51 29 out
422 5343 38 21 on
471 5333 54 31 her
536 5343 65 21 own
611 5335 134 29 account.

114 5379 60 34 She
188 5378 81 43 gives
294 5377 183 34 satisfaction
500 5376 58 33 and
578 5376 24 33 is
626 5376 121 42 making

111 5433 119 31 money.

151 5475 47 34 An
223 5474 183 44 experiment
430 5483 60 23 was
504 5473 86 33 made
615 5472 131 43 recently

112 5524 31 28 at
167 5521 101 36 Pavia,
284 5521 31 30 in
329 5520 89 40 Italy,
429 5519 71 31 with
515 5520 57 29 two
592 5518 153 35 swallows,

111 5567 31 30 to
162 5564 163 33 determine
347 5562 78 33 their
446 5561 97 43 speed.
596 5562 69 31 Two
686 5560 60 33 hen

111 5610 79 30 birds
212 5620 75 20 were
310 5607 88 32 taken
426 5607 76 31 from
531 5606 76 31 their
631 5606 115 35 broods,

110 5653 113 33 carried
237 5655 31 29 to
283 5651 105 37 Milan,
404 5650 59 32 and
478 5649 82 32 there
578 5649 130 31 released
718 5651 29 28 at

111 5708 16 20 a
142 5698 87 39 given
243 5696 88 32 hour-
373 5694 80 32 Both
477 5694 86 30 made
586 5693 78 31 their
683 5703 63 30 way

110 5740 74 32 back
199 5743 30 28 to
244 5740 77 31 their
332 5742 81 28 nests
424 5737 32 32 in
468 5737 129 32 thirteen
607 5736 139 36 minutes,

110 5784 98 32 which
243 5794 72 30 gave
345 5782 78 32 their
453 5784 63 29 rate
548 5781 32 32 of
606 5780 87 41 speed
718 5783 29 28 at

111 5829 203 38 eighty-seven
330 5827 58 31 and
404 5837 15 20 a
434 5826 66 31 half
511 5825 86 31 miles
612 5835 38 20 an
662 5824 83 32 hour.

797 211 63 31 The
875 210 159 42 testimony
1048 211 32 32 of
1092 221 17 22 a
1124 220 116 23 woman
1256 210 98 33 before
1374 221 16 20 a

760 255 65 31 Salt
849 255 81 31 Lake
955 255 91 31 Court
1068 255 51 32 tlie
1142 255 85 31 other
1241 255 57 40 day
1321 255 31 31 in
1374 266 16 20 a

757 298 157 42 polygamy
938 309 66 21 case
1018 309 60 22 was
1101 299 32 31 in
1148 298 156 33 substance
1324 298 67 33 that

790 343 52 30 she
864 343 95 31 didn't
983 343 86 32 know
1091 343 132 32 whether
1243 342 54 32 her
1321 342 51 31 hus-

757 386 78 32 band
847 386 59 32 had
917 386 125 33 another
1048 387 65 32 wife
1123 397 32 22 or
1164 389 67 35 not;
1253 386 23 33 it
1286 389 104 30 wasn't

757 431 33 31 of
800 431 146 31 sufficient
960 431 182 40 importance
1154 433 30 29 to
1195 431 63 31 talk

797 474 38 30 At
863 474 50 30 the
938 474 80 30 Lord
1045 474 129 40 Mayor's
1202 474 130 40 banquet
1359 474 32 30 in

758 516 126 32 London
899 518 30 30 at
951 517 117 37 Easter,
1084 516 97 33 which
1196 516 160 33 continued
1369 527 18 21 a

758 562 114 29 custom
900 560 56 31 five
983 560 136 32 hundred
1145 570 85 31 years
1258 560 58 37 old,
1340 560 50 31 the

758 603 79 33 Lord
852 603 103 42 Mayor
970 604 63 32 said
1056 604 66 32 that
1147 603 83 33 there
1244 614 60 22 was
1329 603 61 33 still

757 648 66 31 four
836 648 144 40 hospitals
995 648 31 31 in
1047 648 126 32 London
1195 647 97 33 which
1316 658 75 22 were

758 692 210 32 administered
988 692 39 42 by
1049 692 113 32 similar
1183 694 208 39 governments

757 739 31 28 to
823 736 84 32 those
934 735 164 41 prevailing
1126 735 33 32 in
1185 735 52 33 the
1263 736 73 32 time
1364 736 30 32 of

759 779 127 31 Edward
920 779 54 31 VI.
1036 779 63 31 The
1132 778 145 41 hospitals
1317 789 75 21 were

759 822 125 31 Christ's
898 822 148 40 Hospital,
1064 822 44 32 St.
1127 822 151 37 Thomas',
1291 822 84 32 Bride-

757 864 77 39 well,
850 865 58 32 and
926 865 188 34 Bethlehem.

776 946 219 35 (Continuation
1008 946 34 36 of
1056 946 90 33 News,
1159 956 42 18 see
1213 946 50 29 4th
1274 946 99 37 Page.)

1260 67 116 41 THE
1429 61 184 46 LYELL
1665 59 186 45 TIMES,
1904 52 306 52 SATURDAY,
2263 57 333 43 SEPTEMBER
2652 74 53 34 n,
2764 62 102 40 18S6.

926 1023 136 40 Mining
1080 1023 152 34 Notices.

758 1103 147 26 UNITED
918 1103 141 27 ALPINE
1077 1104 148 33 QUARTZ
1245 1104 147 28 MINING

877 1148 188 35 COMPANY,
1085 1146 176 33 LIMITED.

774 1251 24 26 A
817 1249 22 28 T
853 1259 15 19 a
892 1249 122 37 Meeting
1037 1249 30 29 of
1085 1249 149 35 Directors,
1247 1247 66 32 held
1333 1250 56 29 this

852 1301 63 38 day,
935 1311 16 20 a
971 1302 195 29 DIVIDEND
1190 1301 57 38 (the
1267 1302 76 37 26th)
1365 1302 29 29 of

757 1354 75 28 ONE
864 1355 185 28 SHILLING
1072 1364 48 26 per
1145 1355 80 28 share
1239 1355 105 35 (32,000
1344 1355 46 35 th)

757 1414 55 19 was
843 1405 79 28 made
953 1405 116 37 payable
1100 1408 29 25 at
1154 1405 46 28 the
1223 1405 169 37 Company's

758 1458 91 34 Office,
873 1458 64 27 Cliff
955 1458 96 33 Street,
1069 1458 88 36 Lyell,
1181 1467 37 19 on
1240 1458 58 28 and
1321 1458 71 29 after

758 1508 209 36 SATURDAY,
981 1508 64 31 11th
1064 1508 115 36 instant,
1200 1510 77 29 1886.

1040 1571 122 28 JAMES
1181 1571 141 33 INGLIS,

1214 1623 143 37 Manager.

792 1675 89 37 Lyell,
894 1676 47 27 9th
958 1675 168 38 September,
1140 1677 76 27 1886.

777 1759 149 32 VICTOR
967 1759 204 31 EMANUEL
1208 1760 163 38 QUARTZ

779 1811 152 33 MINING
959 1811 203 38 COMPANY,
1183 1811 189 33 LIMITED.

774 1926 12 24 A
803 1917 27 33 N
840 1917 351 33 EXTRAORDINARY
1200 1918 193 33 MEETING

758 1971 45 28 il
843 1971 32 31 of
907 1971 211 32 Shareholders
1151 1970 33 32 in
1218 1970 52 33 the
1301 1971 91 33 above

758 2023 153 42 Company
934 2024 61 31 will
1018 2024 36 31 be
1077 2024 71 32 held
1172 2026 30 29 at
1226 2023 52 32 the
1303 2024 65 31 Com-

757 2078 104 40 pany's
885 2075 101 39 Office,
1012 2075 71 33 Cliff
1105 2075 107 39 Street,
1238 2075 96 43 Lyell,
1353 2087 39 21 on

760 2129 226 37 SATURDAY,
1014 2129 52 32 the
1100 2129 60 31 2nd
1194 2129 198 37 OCTOBER,

760 2183 85 37 1886,
862 2184 30 30 at
913 2184 18 32 7
946 2181 120 39 o'clock,
1081 2194 74 30 p.m.

993 2290 148 31 Business
1153 2300 6 21 :

839 2341 43 33 To
910 2341 68 33 take
1004 2342 64 33 into
1095 2341 218 33 consideration
1341 2341 52 33 the

917 2385 65 33 best
995 2396 127 22 manner
1136 2385 32 33 of
1186 2385 120 42 dealing
1322 2385 72 33 with

917 2429 52 33 the
993 2429 135 33 forfeited
1151 2429 103 32 shares
1275 2441 68 21 now
1362 2430 32 31 in

917 2474 50 31 the
981 2474 97 31 hands
1092 2474 33 33 of
1144 2474 51 31 the
1220 2473 173 42 Company;

917 2517 69 39 and,

838 2571 44 31 To
905 2571 100 31 decide
1027 2581 40 21 on
1090 2571 51 31 the
1168 2571 98 31 future
1294 2581 83 30 opera-

917 2613 78 33 tions
1010 2615 30 31 to
1054 2613 37 34 be
1105 2613 112 34 carried
1238 2623 40 24 on
1292 2613 39 43 by
1343 2613 51 34 the

918 2658 163 41 Company.

1007 2710 134 35 JAMES
1162 2711 153 38 INGLIS,

1201 2764 153 42 Manager.

798 2817 95 42 Lyell,
910 2817 174 42 September
1098 2818 62 38 3rd,
1178 2819 86 32 1886.

933 2897 118 31 Public
1069 2897 153 32 Notiies.

890 2975 229 33 FENNELL'S
1140 2976 122 32 HALL.

761 3084 95 32 THIS
872 3084 198 39 EVENING,
1079 3084 157 43 Saturday,
1253 3085 82 42 Sept.
1347 3088 47 30 11.

763 3196 187 81 FOLEY'S
971 3195 230 32 FACETIOUS

1062 3238 332 35 FESTIVITIES!!!

762 3333 63 33 The
853 3334 80 32 Most
960 3333 142 33 Finished
1126 3333 59 33 and
1208 3334 94 32 Novel
1328 3335 51 32 Per-

860 3379 149 31 formance
1037 3389 67 21 ever
1131 3378 166 32 witnessed.

952 3462 100 31 Prices
1066 3472 32 20 as
1112 3461 96 31 usual.

763 3545 78 29 THE
873 3545 192 29 NATIONAL
1095 3545 105 29 BANK
1230 3545 47 29 OF
1308 3545 89 30 NEW

884 3597 188 34 ZEALAND,
1097 3597 178 29 LIMITED.

766 3697 118 51 rjpHIS
900 3696 104 29 BANK
1009 3697 57 28 will
1070 3696 34 29 be
1111 3697 155 28 OPENED
1281 3700 28 26 to
1320 3697 77 29 BUY

854 3751 100 28 GOLD
975 3749 55 29 and
1048 3750 193 29 TRANSACT
1261 3751 136 28 General

765 3801 175 28 BANKING
969 3800 187 29 BUSINESS
1189 3804 29 25 at
1251 3800 81 38 Lyell
1363 3810 36 19 on

766 3855 207 33 SATURDAY,
983 3855 65 28 Ilth
1062 3854 240 34 SEPTEMBER,
1312 3855 89 28 under

766 3907 45 30 tlie
842 3907 99 37 charge
971 3906 32 30 of
1029 3906 48 29 the
1107 3905 118 30 Reefton
1256 3906 141 39 Manager,

766 3959 24 28 I.
810 3960 97 27 Lewis.

1060 3994 43 33 W.
1124 3997 171 36 DYMOCK,

1213 4037 153 36 Inspector.

791 4119 105 28 BANK
914 4119 47 28 OF
980 4118 90 29 NEW
1091 4118 125 29 SOUTH
1235 4118 141 29 WALES.

784 4240 24 27 A
828 4240 25 27 N
867 4240 97 29 Officer
982 4240 71 29 from
1066 4240 47 29 the
1131 4237 139 39 Westport
1288 4238 112 29 Branch

862 4293 29 27 of
902 4292 53 28 this
966 4292 104 28 BANK
1077 4292 57 29 will
1142 4292 64 28 visit
1213 4291 79 37 Lyell
1302 4291 41 28 for
1355 4291 47 29 the

768 4353 114 28 purpose
896 4344 28 30 of
936 4344 170 38 transacting
1120 4344 136 29 General
1269 4343 133 29 Banking

768 4397 147 32 Business,
950 4406 35 18 on
1020 4397 91 27 THIS
1141 4396 86 33 DAY,
1258 4396 47 28 the
1339 4396 65 27 lltli

769 4447 237 34 SEPTEMBER,
1020 4447 54 30 and
1096 4447 110 30 remain
1225 4447 42 30 till
1285 4447 48 29 the
1355 4447 36 30 fol-

769 4500 99 35 lowing
881 4501 135 34 morning,
1032 4500 63 27 12th
1114 4500 115 28 instant.

918 4584 330 33 FOUND.

770 4699 132 80 NEAR
925 4699 231 37 LONGFORD,
1173 4699 101 42 Upper
1288 4699 113 38 Buller,

859 4753 38 21 on
913 4743 114 39 August
1041 4743 62 36 Btli,
1121 4745 85 34 1886,
1220 4754 17 20 a
1253 4744 150 31 SILVER

770 4784 189 32 HUNTING
980 4784 158 32 WATCH.

811 4899 63 32 The
889 4907 98 25 owner
1008 4909 55 23 can
1088 4899 101 33 obtain
1203 4909 81 23 same
1300 4909 38 23 on
1353 4909 32 32 ap-

770 4944 142 38 plication
935 4946 31 28 to
989 4944 86 39 Lyell
1099 4944 99 31 Police
1223 4944 103 39 Camp,
1342 4944 61 30 and

771 4985 108 43 paying
894 4995 150 32 expenses.

844 5075 290 32 MATRIMONIAL
1155 5075 175 32 AGENCY.

778 5162 165 33 tENSEN
971 5163 21 31 &
1017 5162 72 38 CO.,
1117 5163 18 31 9
1165 5161 117 33 Station
1310 5162 93 38 Road,

773 5196 22 50 J
844 5207 149 38 Plaistow,
1008 5205 136 39 London,
1156 5206 151 42 England.
1349 5207 37 32 Es-

773 5251 147 31 tablished
947 5253 31 30 to
1005 5251 105 41 supply
1138 5250 124 32 Settlers
1289 5250 32 31 in
1354 5251 50 31 the

774 5295 136 32 Colonies
937 5294 72 33 with
1037 5294 50 33 the
1115 5294 150 33 addresses
1300 5294 32 33 of
1361 5306 29 21 re-

774 5339 147 40 spectable
935 5348 100 32 young
1053 5348 115 22 women
1182 5338 66 32 who
1270 5348 49 22 are
1343 5339 46 31 wil-

774 5383 62 41 ling
860 5385 31 31 to
914 5382 216 34 communicate
1154 5382 72 33 with
1249 5381 79 35 bona
1347 5383 58 33 fide

774 5427 190 36 Tradesmen,
980 5427 148 36 Farmers,
1152 5426 59 31 and
1234 5426 100 31 others
1358 5428 32 29 de-

774 5470 94 33 sirous
893 5469 32 34 of
945 5469 130 42 meeting
1100 5469 71 34 with
1193 5469 96 34 useful
1308 5470 97 34 wives.

775 5515 83 40 They
871 5515 61 31 will
953 5515 36 31 be
1014 5515 133 40 supplied
1167 5515 75 31 from
1258 5515 51 31 the
1323 5515 67 40 Agri-

774 5557 128 33 cultural
916 5557 138 33 Districts
1069 5558 31 33 of
1112 5558 149 42 England,
1277 5558 128 38 Ireland,

776 5603 150 36 Scotland,
943 5602 58 31 and
1025 5603 110 36 Wales,
1161 5613 31 20 as
1214 5603 67 31 well
1305 5613 32 20 as
1357 5602 50 32 the

775 5645 161 33 Continent
976 5645 32 33 of
1038 5645 129 42 Europe.
1229 5645 174 41 Applicants

775 5690 106 31 should
906 5692 75 29 state
1005 5689 77 32 their
1103 5689 160 41 particular
1277 5689 112 40 require-

774 5735 98 29 ments
913 5733 58 31 and
1018 5733 191 40 preferences,
1255 5732 151 40 enclosing

774 5776 101 33 Fostal
903 5776 92 32 Order
1022 5777 45 32 for
1095 5777 69 31 Two
1192 5776 155 41 Shillings,
1378 5779 29 28 to

774 5823 78 29 meet
866 5821 191 39 preliminary
1070 5831 151 29 expenses.

1587 193 119 32 Public
1728 192 151 32 Notices.

1417 399 247 35 INANGAHUA
1678 395 162 36 COUNTY
1862 391 187 35 COUNCIL.

1594 492 278 35 NOTICE.

1418 590 247 86 WHEREAS,
1682 590 50 33 the
1746 586 177 44 Inangahua
1934 584 116 42 County

1525 636 133 36 Council,
1674 637 31 29 at
1724 645 17 20 a
1765 632 130 40 meeting
1918 630 69 32 held
2012 640 38 21 on

1418 682 51 33 the
1484 681 73 33 26th
1579 680 57 42 day
1650 679 31 32 of
1702 678 125 42 August,
1845 677 85 36 1886,
1946 684 85 32 pursu-

1418 729 53 29 ant
1484 729 31 30 to
1529 726 51 32 the
1594 734 111 31 powers
1719 721 147 42 conveyed
1879 720 39 42 by
1938 718 112 34 section

1418 771 38 30 43
1490 769 33 32 of
1586 769 63 30 The
1683 766 141 32 Counties
1852 764 55 31 Act

1418 812 200 32 Amendment
1633 811 56 31 Act
1704 810 76 32 1882
1795 807 58 33 and
1866 807 32 31 in
1922 805 127 33 exercise

1419 857 32 32 of
1462 856 50 32 the
1537 865 90 27 same,
1644 854 59 31 and
1717 853 32 32 of
1768 852 40 31 all
1830 851 84 32 other
1938 856 111 35 powers

1418 901 32 31 in
1464 901 60 31 this
1537 899 104 33 behalf
1651 899 23 31 it
1683 897 191 40 enabling.—

1453 958 135 29 Resolved
1600 966 6 20 :
1656 957 70 28 That
1740 965 16 19 a
1768 952 110 40 general
1890 955 59 26 rate
1962 961 36 19 on
2014 950 36 29 all

1522 996 131 29 Rateable
1665 998 129 34 property
1807 992 98 29 within
1923 991 47 28 the
1991 989 59 29 said

1521 1033 186 39 County—for
1736 1032 126 37 carrying
1889 1030 59 29 into
1972 1028 78 30 eftect

1521 1075 47 27 the
1590 1073 119 29 General
1729 1080 131 28 purposes
1878 1069 30 29 of
1932 1068 47 29 the
1992 1067 58 29 said

1520 1112 52 27 Act
1572 1110 134 28 —should
1723 1109 34 27 be
1782 1108 80 26 made
1886 1107 55 27 and
1962 1105 88 28 levied

1520 1149 29 29 in
1572 1147 165 31 accordance
1757 1145 67 31 with
1838 1144 47 30 the
1906 1143 59 30 said
1989 1143 60 33 Act,

1521 1188 56 28 and
1594 1190 17 14 %i
1624 1188 57 27 The
1694 1186 100 35 Rating
1806 1185 59 32 Act,

1458 1240 67 32 And
1539 1239 131 33 whereas
1684 1238 32 32 in
1731 1237 58 33 and
1803 1236 38 43 by
1853 1235 51 33 the
1919 1233 63 33 said
1995 1232 37 33 Re-

1418 1284 129 33 solution
1561 1284 50 31 the
1627 1282 123 33 Council
1770 1279 132 34 resolved
1920 1279 66 32 that
2001 1277 50 32 the

1418 1329 63 32 said
1496 1329 75 32 Rate
1586 1327 106 33 should
1712 1326 36 33 be
1770 1325 85 32 made
1878 1324 58 33 and
1959 1322 93 33 levied

1418 1383 32 19 as
1464 1373 144 29 aforesaid
1621 1372 44 30 for
1680 1381 17 19 a
1711 1370 101 39 period
1827 1369 31 30 of
1872 1369 44 29 six
1931 1366 109 31 montlis-

1417 1414 77 33 from
1508 1414 51 32 the
1582 1415 45 31 Ist
1651 1413 57 42 day
1732 1412 31 32 of
1785 1410 135 37 October,
1938 1409 75 31 1886
2015 1427 38 3 —

1420 1460 58 29 and
1493 1458 107 32 should
1613 1458 36 31 be
1663 1457 68 41 paid
1745 1456 32 31 in
1798 1467 55 20 one
1869 1465 66 21 sum
1950 1464 39 21 on
2002 1452 50 32 the

1419 1502 53 32 4th
1487 1502 57 43 day
1557 1501 32 33 of
1601 1500 137 38 October,
1754 1501 87 37 1886,
1853 1498 59 32 and
1923 1498 66 31 tnat
2002 1496 50 31 the

1418 1549 124 30 amount
1552 1547 32 31 of
1592 1546 72 32 such
1674 1546 75 31 Rate
1761 1544 106 32 should
1878 1543 35 31 be
1925 1542 50 32 the
1987 1551 65 22 sum

1420 1590 31 32 of
1464 1590 52 33 Six
1530 1589 161 41 Farthings
1705 1588 32 32 in
1751 1588 51 32 the
1816 1586 105 34 Pound
1942 1595 38 22 on
2003 1584 50 32 the

1419 1634 111 34 Values
1544 1634 32 33 of
1587 1634 51 33 the
1653 1632 141 34 Rateable
1803 1632 143 41 Property
1958 1640 31 22 as
2004 1639 32 32 ap-

1418 1679 123 40 pearing
1556 1689 38 21 on
1608 1679 51 30 the
1681 1677 163 33 Yalnation
1858 1675 69 32 Roll
1941 1685 67 20 now
2021 1674 32 30 in

1419 1723 78 32 force
1511 1722 32 33 in
1554 1721 50 33 the
1615 1721 117 42 County
1743 1719 153 35 aforesaid.
1938 1717 113 38 Notice,

1419 1767 156 36 therefore,
1591 1766 25 31 is
1639 1766 110 40 hereby
1763 1764 87 40 given
1862 1764 146 40 pursuant
2021 1764 31 29 to

1419 1810 52 32 the
1495 1809 163 43 provisions
1683 1809 31 33 of
1734 1808 51 33 the
1804 1808 58 31 last
1882 1805 171 34 mentioned

1420 1854 65 38 Act,
1501 1854 67 32 that
1578 1854 52 32 the
1644 1854 63 30 said
1722 1852 124 32 Council
1860 1862 39 20 on
1913 1851 51 31 the
1979 1849 73 32 28rd

1420 1899 56 42 day
1500 1898 33 35 of
1557 1897 183 43 September,
1770 1897 86 37 1886,
1885 1894 104 33 intend
2022 1896 30 30 to

1419 1943 86 32 make
1520 1943 59 31 and
1594 1943 66 40 levy
1674 1941 73 32 such
1756 1941 85 36 Rate,
1854 1940 59 31 and
1924 1942 30 29 to
1967 1938 83 33 order

1420 1987 59 31 and
1505 1986 92 32 direct
1624 1985 66 33 that
1718 1984 51 32 the
1797 1985 122 31 amount
1940 1981 115 34 thereof

1420 2030 77 31 shall
1511 2030 36 32 be
1561 2030 50 31 the
1626 2039 67 21 sum
1717 2028 32 32 of
1771 2028 53 32 Six
1848 2026 160 40 Farthings
2022 2025 31 31 in

1419 2073 52 32 the
1495 2073 106 33 Pound
1624 2082 39 23 on
1686 2071 52 33 the
1765 2070 101 33 values
1891 2068 161 39 aforesaid;

1419 2117 67 32 that
1509 2117 52 32 the
1584 2117 62 31 said
1670 2116 75 31 Rate
1768 2114 78 32 shall
1869 2114 36 31 be
1932 2114 45 31 for
2003 2112 51 32 the

1419 2161 101 42 period
1534 2161 32 33 of
1578 2160 53 34 Six
1645 2159 123 34 Months
1788 2158 77 33 from
1888 2159 46 31 Ist
1956 2157 56 42 day
2026 2155 29 35 of

1421 2206 135 36 Oetober,
1573 2207 87 30 1886.
1702 2204 68 31 And
1788 2203 104 32 Notice
1906 2202 26 32 is
1945 2201 110 41 hereby

1420 2249 114 33 further
1559 2249 87 42 given
1668 2248 67 33 that
1759 2246 51 34 the
1834 2246 75 33 Rate
1933 2245 84 34 Book
2030 2245 25 32 is

1421 2304 76 31 open
1520 2294 46 32 for
1585 2293 176 40 inspection,
1777 2302 32 21 as
1832 2291 33 31 in
1879 2291 59 31 and
1952 2290 39 41 by
2003 2289 51 33 the

1420 2337 59 32 last
1492 2336 172 33 mentioned
1678 2336 56 32 Act
1747 2335 149 41 provided.

1460 2381 97 32 Dated
1571 2380 51 33 the
1637 2380 73 33 27th
1721 2380 57 40 day
1789 2379 31 32 of
1829 2379 125 40 August,
1968 2378 86 31 1886.

1656 2423 82 34 WM.
1759 2422 176 38 NOONAN,

1786 2467 117 40 County
1918 2462 96 36 Clerk

1517 2558 270 30 PRELIMINARY
1805 2558 150 28 NOTICE.

1421 2636 62 60 A
1512 2635 132 30 GRAND
1671 2634 186 30 AMATEUR
1882 2633 173 29 CONCERT

1523 2676 56 27 will
1599 2674 33 28 be
1645 2674 63 28 held
1722 2683 35 19 on
1782 2672 211 35 SATURDAY,
2006 2672 48 28 9th

1421 2714 183 31 OCTOBER,
1618 2717 28 24 at
1664 2712 161 28 Fennell's
1847 2712 91 32 Hall,
1960 2712 29 27 in
2012 2711 44 28 aid

1421 2752 28 28 of
1477 2752 47 28 the
1554 2751 82 28 funds
1674 2751 29 28 of
1740 2751 52 28 ST.
1830 2750 225 29 MATTHEW'S

1422 2790 169 35 CHURCH,
1622 2789 88 38 Lyell.

1456 2868 186 34 Programme,
1656 2867 158 34 embracing
1836 2867 97 35 Songs,
1947 2866 91 28 Recita-

1421 2905 82 34 tions,
1517 2906 111 35 Christy
1647 2904 147 33 Minstrels,
1807 2904 56 33 &c.,
1877 2905 29 27 in
1928 2913 16 19 a
1957 2904 98 35 Jfuture

1421 2944 82 28 issue.

1558 2980 153 28 ALFRED
1730 2981 33 27 A.
1782 2980 203 33 CORFIELD,

1778 3018 75 28 Hon.
1868 3019 152 35 Secretary.

1569 3104 340 29 NOTICE.

1423 3186 37 57 I
1479 3185 77 27 BEG
1576 3187 28 25 to
1616 3184 102 26 inform
1736 3184 47 26 the
1804 3184 96 26 Public
1921 3182 30 28 of
1968 3183 77 27 West

1496 3224 71 35 port,
1581 3220 79 37 Lyell
1673 3220 55 29 and
1747 3220 47 28 the
1807 3220 183 37 surrounding
2003 3219 39 28 dis-

1423 3260 77 29 tricts
1514 3261 60 28 that
1590 3260 16 28 I
1626 3260 69 28 have
1717 3259 169 30 determined
1900 3269 73 27 npon
1995 3268 45 20 con-

1423 3300 110 34 tinuing
1554 3299 48 28 the
1625 3299 125 28 business
1774 3298 105 28 carried
1898 3307 36 18 on
1952 3297 36 36 by
2011 3306 46 26 my

1423 3337 55 29 late
1503 3336 135 34 husband,
1657 3336 55 29 and
1735 3339 72 27 trust
1831 3336 61 29 that
1917 3344 37 20 an
1978 3335 81 37 equal

1424 3384 126 19 measure
1564 3375 30 28 of
1613 3375 45 29 the
1672 3375 95 28 liberal
1780 3380 148 30 patronage
1941 3374 115 36 enjoyed

1425 3414 36 38 by
1482 3413 59 29 hini
1562 3413 42 29 for
1616 3422 30 20 so
1663 3422 86 27 many
1770 3421 79 29 years
1871 3420 66 28 may
1961 3411 33 30 be
2016 3420 28 20 ex-

1425 3453 99 28 tended
1537 3457 28 24 to
1579 3462 53 18 me.
1669 3452 58 28 The
1740 3452 123 29 business
1877 3451 56 29 will
1947 3451 33 28 be
1994 3460 48 19 con-

1425 3491 98 27 ducted
1541 3490 88 28 under
1647 3490 46 28 the
1712 3498 76 19 same
1807 3490 69 35 style
1896 3498 30 18 or
1945 3489 61 27 title
2030 3497 29 19 as

1425 3528 130 30 hitherto.

1693 3567 107 27 MARY
1818 3567 77 27 ANN
1916 3566 107 28 CORR.

1459 3607 148 34 Westport,
1620 3605 65 29 28th
1698 3606 76 35 July,
1789 3607 76 26 1886.

1427 3687 70 63 The
1508 3687 83 63 New
1608 3686 167 76 Saddlery
1788 3685 273 65 Establishment

1641 3773 210 28 WESTPORT.

1428 3850 233 58 HASMUS
1686 3849 64 35 begs
1775 3853 28 24 to
1827 3849 101 27 inform
1952 3847 48 28 the
2020 3847 26 27 in-

1505 3898 8 10 •
1552 3887 141 29 habitants
1705 3887 30 29 of
1754 3887 80 37 Lyell
1847 3886 55 29 and
1915 3884 128 30 surround-

1428 3926 48 35 ing
1487 3926 120 29 districts
1620 3926 60 29 that
1693 3926 34 29 he
1739 3926 51 29 has
1811 3925 105 37 opened
1938 3924 123 29 business

1428 3974 30 18 as
1471 3974 16 18 a
1500 3965 114 28 Saddler
1627 3964 54 28 and
1700 3965 123 27 Harness
1848 3963 95 28 Maker
1964 3964 30 26 in
2015 3962 45 27 the

1428 4013 61 20 new
1510 4003 56 30 and
1586 4003 132 37 centrally
1741 4002 118 31 situated
1881 4000 132 38 premises
2031 4000 28 28 in

1430 4044 169 27 Palmerston
1609 4046 92 28 street,
1712 4046 64 24 nezt
1789 4042 66 28 door
1866 4044 29 25 to
1909 4040 44 28 Mr
1963 4040 80 27 Hasel-

1429 4080 62 33 den,
1516 4080 135 28 Solicitor.
1688 4081 45 26 He
1753 4080 51 26 has
1825 4089 16 17 a
1865 4078 192 28 well-assorted

1430 4118 85 34 stock,
1529 4119 54 27 and
1596 4118 85 37 hopes
1694 4118 37 35 by
1743 4117 81 36 using
1837 4116 46 29 the

1430 4166 95 29 BEST
1545 4165 205 34 MATERIAL,

1500 4205 100 28 GOOD
1619 4202 299 33 WORKMANSHIP,

1612 4242 62 28 And
1688 4242 208 28 MODERATE
1917 4239 144 33 PRICES,

1500 4280 39 28 To
1551 4281 81 28 merit
1644 4290 16 18 a
1672 4280 51 28 fair
1736 4280 79 28 share
1828 4279 30 27 of
1873 4282 119 33 support.

1467 4358 122 37 Country
1602 4357 92 29 orders
1713 4357 56 28 will
1788 4355 104 30 receive
1912 4353 99 39 speciai
2025 4357 24 26 at-

1432 4398 115 30 tention,
1572 4396 54 27 and
1650 4396 137 34 anything
1809 4395 29 26 in
1863 4395 47 26 the
1934 4395 53 25 line
2012 4393 37 26 for-

1432 4433 108 30 warded
1553 4433 42 29 for
1606 4433 90 38 repair
1708 4433 56 28 will
1783 4432 32 28 be
1837 4431 127 29 returned
1985 4430 60 29 with-

1433 4482 47 20 out
1493 4473 88 37 delay.
1618 4473 98 28 Orders
1729 4473 79 35 given
1820 4475 28 25 to
1858 4472 33 27 D.
1903 4470 160 33 Robertson,

1434 4512 161 33 coachman,
1608 4512 55 27 wili
1677 4510 103 28 receive
1794 4510 144 28 attention.

1513 4559 93 36 Every
1625 4557 106 29 Article
1749 4558 74 36 Kept
1841 4557 31 28 in
1892 4556 91 29 Stock.

1566 4636 49 38 H.
1665 4635 71 38 AS
1751 4633 182 46 MUSS,

1435 4688 192 33 SADDLER
1648 4689 22 30 &
1691 4687 191 32 HARNESS
1911 4686 152 35 MAKER,

1527 4733 171 27 Palmerston
1713 4734 97 29 Street,
1827 4731 73 28 West
1904 4736 67 28 port.

1482 4812 44 39 A.
1583 4810 47 42 G.
1691 4809 190 41 FENW
1898 4809 59 40 iG
1974 4809 43 47 K,

1564 4903 129 33 Princes
1715 4902 60 37 St.,
1791 4901 148 38 Dunedin,

1434 4984 187 68 JyJINING
1639 4983 78 28 AND
1735 4982 322 29 GENEftMrSHARfi.

1669 5061 165 29 BROKER.

1484 5138 157 36 Telegrams
1660 5137 144 37 promptly
1830 5136 131 27 attended
1985 5137 36 26 to.

1572 5253 176 37 Telegraphic
1759 5253 135 27 Address:
1896 5268 34 3 —

1514 5292 147 38 Fenwick,
1684 5292 132 37 Broker,
1839 5290 148 32 Dunedin.

1561 5377 121 35 JOHN
1716 5376 225 40 FENNELL,

1437 5435 60 61 Q.
1507 5433 92 28 ENE
1609 5433 58 26 RA
1675 5432 24 26 L
1755 5430 302 62 gTOREKEEPER

1520 5511 84 28 Wine
1623 5518 56 20 and
1699 5510 95 28 Spirit
1817 5508 170 28 Merchant.

1470 5588 103 35 Money
1592 5586 103 37 always
1715 5586 30 27 in
1767 5584 76 29 hand
1862 5584 42 29 for
1922 5583 113 36 cashing

1689 5625 127 34 cheques.

1470 5702 109 28 Liberal
1592 5701 137 28 advances
1742 5700 80 27 made
1839 5708 35 18 on
1888 5698 106 37 parcels
2008 5698 29 27 of

1649 5739 119 27 retorted
1782 5737 73 36 gold.

1579 5816 80 36 Cliff
1676 5815 121 42 Street,
1823 5814 107 43 Lyell.

2586 188 117 30 Public
2733 188 150 30 Notices.

2220 420 338 66 '36—ADTtIHH
2593 422 31 61 t
2659 422 173 61 MTER
2873 420 368 63 DBi?ERY-'B6.

2349 567 249 63 JOHN
2659 567 452 63 FBNNELL

2085 678 60 31 Has
2158 681 85 29 much
2261 682 125 38 pleasure
2405 683 28 29 in
2456 684 175 36 announcing
2650 686 28 26 to
2699 682 46 30 the
2767 682 171 30 inhabitants
2960 682 29 29 of
3010 681 80 38 Lyell
3116 680 54 30 and
3196 681 183 31 surrounding

2459 722 120 29 districts
2601 723 47 28 the
2671 722 101 29 arrival
2796 722 30 28 of
2841 731 16 19 a
2876 721 125 28 LARGE

2226 836 41 28 fill

2302 793 129 129 ■

2879 874 20 48 I

3274 790 98 132 I

2598 969 271 30 COMPRISING—

2121 1041 95 42 The
2239 1043 157 41 Latest
2420 1043 225 41 Novelties
2664 1043 85 40 and
2774 1040 213 41 Fashions
3008 1039 39 40 in
3071 1038 166 41 Ladies'
3258 1039 85 39 and

2429 1098 153 38 Gents'
2611 1097 208 47 Wearing
2837 1095 200 48 Apparel,

2086 1184 68 32 And
2178 1184 107 33 invites
2307 1197 40 20 an
2370 1185 165 41 inspection
2559 1185 32 32 of
2612 1185 51 31 the
2686 1194 91 26 same,
2803 1184 108 39 feeling
2935 1193 67 22 sure
3026 1183 66 32 tliat
3116 1184 45 31 for
3188 1183 191 38 VARIETY,

2235 1230 191 39 QUALITY,
2442 1230 58 32 and
2514 1229 140 34 VALUE
2669 1229 71 41 they
2754 1229 160 31 CANNOT
2930 1227 35 33 be
2982 1227 249 33 SURPASSED.

2089 1411 129 40 Ladies
2222 1414 7 15 1
2267 1413 72 39 and
2373 1412 199 41 Children's
2621 1410 215 42 WINTER
2880 1408 144 40 HATS
3062 1408 37 39 in
3141 1408 51 39 all
3235 1408 144 52 Shapes.

2125 1603 109 31 Ladies'
2249 1604 156 30 WINTER
2418 1604 164 30 JACKETS
2596 1603 54 31 and
2663 1603 116 29 CAPES
2792 1603 28 30 in
2834 1603 37 29 all
2883 1603 47 29 the
2941 1603 109 30 Newest
3064 1604 104 38 Shapes
3182 1604 55 30 and
3250 1604 98 39 Styles.

2236 1681 87 38 New
2343 1681 190 38 Feathers!
2574 1681 88 37 New
2683 1680 151 38 Flowers
2850 1681 7 36 !
2899 1681 87 37 New
3007 1681 207 49 Trimmings
3229 1684 7 35 !

2089 1763 76 40 ggf
2187 1763 49 30 All
2264 1762 49 32 the
2341 1763 95 31 NEW
2465 1762 58 31 and
2551 1761 289 33 FASHIONABLE
2870 1762 165 32 WINTER
3063 1762 132 32 DRESS
3219 1762 162 36 STUFFS,

2393 1836 67 32 And
2481 1836 235 33 TRIMMINGS
2738 1837 31 32 of
2787 1847 86 31 every
2893 1836 188 40 description.

2723 1951 19 26 0

2090 2016 140 74 MEN'S,
2268 2016 117 63 BOYS'
2420 2019 72 58 and
2527 2016 178 63 YOUTHS'
2743 2016 211 63 CLOTH
2992 2016 36 63 is
3045 2019 160 60 Miss
3231 2019 150 76 Varietj.

2500 2309 120 35 CLIFF
2641 2312 171 38 STREET,
2833 2311 149 36 LYELL.

2262 2430 119 33 Public
2398 2430 153 32 Notices.

2092 2514 208 40 BROWN'S
2321 2514 119 40 BOOT
2467 2511 259 41 EMPORIUM

2340 2573 134 27 LYELL.

2091 2651 44 66 J
2171 2651 140 28 BROWN
2324 2651 30 27 in
2366 2649 137 35 thanking
2514 2648 45 28 his
2577 2656 149 20 numerous

2141 2700 8 10 ■
2189 2695 149 23 customers
2368 2688 41 29 for
2438 2691 62 33 past
2528 2686 120 34 favours,
2672 2685 54 29 and

2092 2728 106 36 hoping
2222 2728 42 28 for
2285 2737 16 19 a
2323 2728 182 28 continuance
2525 2726 31 27 of
2573 2725 47 28 the
2639 2734 86 23 same,

2091 2766 99 29 wishes
2203 2770 45 25 too
2262 2766 51 28 call
2326 2765 72 29 their
2417 2764 135 29 attention
2566 2766 28 25 to
2608 2763 44 27 his
2665 2771 61 19 new

2092 2805 77 29 stock
2190 2806 31 28 of
2243 2806 108 27 Ladies'
2377 2804 97 28 Maids'
2498 2803 55 28 and
2572 2802 154 28 Children's

2091 2845 86 27 Boots
2197 2844 31 28 in
2249 2848 77 32 great
2347 2843 115 36 variety.
2498 2841 77 32 Also,
2589 2841 43 28 his
2650 2841 75 36 large

2092 2883 55 27 and
2161 2882 95 28 varied
2269 2881 78 28 stock
2360 2881 31 28 of

2091 2933 120 37 Men.s,
2224 2931 142 33 Youths'
2379 2931 28 32 &
2419 2930 100 40 Boys'
2538 2930 106 31 Boots
2657 2928 69 33 and

2351 2968 117 29 Shoes.

2092 3041 89 29 Fresh
2194 3040 92 30 Goods
2300 3040 120 36 arriving
2440 3037 135 38 monthly,
2589 3037 90 29 which
2693 3036 34 29 he

2128 3080 22 27 is
2164 3081 116 33 offering
2293 3083 29 24 at
2333 3079 88 36 prices
2434 3081 28 25 to
2473 3078 54 27 suit
2540 3077 47 28 the
2601 3077 91 28 times.

2093 3119 45 29 All
2163 3118 139 40 imported
2335 3117 85 39 goods
2449 3115 117 30 marked
2595 3116 29 28 in
2652 3114 76 39 plain

2354 3158 111 36 figures.

2129 3233 131 31 N.B.—A
2272 3232 99 39 supply
2385 3232 29 30 of
2435 3231 89 31 North
2537 3230 105 30 British
2656 3231 72 28 Gum

2094 3274 86 28 Boots
2206 3273 55 28 and
2286 3274 70 27 Own
2382 3272 82 28 Make
2484 3271 181 35 Watertights
2690 3271 24 27 al-

2094 3321 75 27 ways
2182 3321 36 18 on
2230 3311 85 28 hand.

2130 3351 116 36 Repairs
2258 3349 143 37 promptly
2410 3347 131 30 executed
2554 3346 55 30 and
2622 3346 107 29 elastics

2095 3389 132 28 inserted.

2122 3467 72 27 Note
2207 3467 47 27 the
2264 3465 273 28 Address:—JOHN
2557 3464 148 31 BROWN,

2096 3512 89 32 Boot
2208 3511 28 33 &
2263 3510 210 34 Shoemaker
2494 3510 28 32 &
2551 3509 178 40 Importer,

2160 3558 141 35 (Opposite
2315 3556 81 28 Bank
2408 3556 31 28 of
2449 3556 67 28 New
2530 3555 140 34 Zealand.)

2923 2433 119 31 Public
3066 2434 151 32 Notices.

2756 2509 162 42 FERN
2966 2512 154 41 FL'AT
3165 2512 219 51 HOTEL,

2913 2575 125 28 UPPER
3067 2577 164 28 BULLEE.

2755 2651 108 60 THE
2877 2652 86 29 above
2975 2654 177 29 well-known
3168 2654 75 29 hotel
3262 2654 23 28 is
3306 2655 81 34 again

2843 2690 87 29 under
2940 2691 46 28 the
2996 2697 194 31 management
3199 2693 29 28 of
3238 2692 45 29 Mr
3294 2692 94 29 Alfred

2755 2727 101 35 Smith,
2866 2729 47 29 the
2925 2730 101 28 former
3038 2732 158 35 proprietor.

2788 2806 92 37 Every
2893 2808 238 28 accommodation
3139 2808 55 28 and
3207 2809 181 28 convenience

2754 2843 40 29 for
2807 2845 140 28 travellers
2960 2845 119 29 between
3094 2847 47 29 the
3153 2848 78 28 West
3243 2848 82 27 Coast
3335 2847 53 28 and

2756 2883 110 33 Nelson,
2888 2884 150 36 Hampden
3061 2885 174 32 Matakitaki,
3258 2886 130 34 Glenroy,

2756 2920 115 34 Maruia,
2885 2921 54 28 and
2951 2921 47 29 the
3012 2922 83 29 Owen
3109 2923 89 28 Reefs.

2756 2996 160 28 Newman's
2930 2996 89 36 Royal
3043 2997 68 29 Mail
3131 2998 33 27 Li
3168 3009 11 21 3

2789 3034 80 29 make
2895 3035 55 29 this
2972 3035 138 38 hostelery
3128 3036 42 28 tlu

2824 3078 75 31 stage
2913 3073 69 29 from
2994 3075 76 27 West
3078 3075 83 29 Coast
3170 3083 7 19 1

2790 3151 104 30 Horses
2907 3153 54 28 and
2980 3153 146 36 equipages
3139 3164 16 18 a
3170 3151 4 38 -

2937 3200 190 36 ALFEED
3150 3184 82 52 Sk..
3306 3232 7 13 ,

3190 3244 165 36 Proprietor.

2955 3336 43 44 a
3012 3329 155 42 WOLF
3213 3329 37 42 &
3294 3329 97 48 CO.,

3074 3430 170 21 WHOLESALE
3275 3431 55 20 AND

2862 3616 113 28 Dealers
2989 3616 28 27 in
3031 3616 37 27 all
3081 3616 179 35 descriptions
3274 3615 30 28 of

2776 3663 105 30 FARM
2918 3663 77 29 AND
3032 3663 119 27 DAIRY
3188 3662 189 29 PRODUCE.

2760 3743 99 29 Hotels
2867 3742 56 29 and
2935 3741 131 29 Families
3074 3740 100 30 waited
3187 3751 36 18 on
3235 3740 43 29 for
3285 3740 109 29 Orders.

2795 3817 99 31 Orders
2914 3816 138 31 delivered
3071 3819 28 27 to
3121 3816 37 29 all
3179 3818 75 36 parts
3267 3825 16 20 o
3313 3816 48 29 the

3019 3856 123 28 District.

2933 3934 73 28 Note
3020 3932 48 29 the
3082 3932 123 29 Address

2780 3981 113 32 rs*w
2913 3981 21 28 O
2954 3981 23 28 L
2997 3980 22 28 F
3091 3979 114 28 AND
3286 3979 91 35 CO.,

2814 4022 72 28 Next
2909 4021 47 28 the
2982 4020 190 28 Government
3190 4018 154 37 Buildings,

2908 4060 86 27 Cliff
3015 4059 118 29 Street,
3152 4058 105 27 Lyell.

2215 3638 187 39 JAMES
2443 3637 170 41 RYAN,

2100 3728 88 60 QE
2196 3727 89 30 NER
2291 3728 54 29 AL
2419 3726 43 62 g
2466 3724 265 36 TOREKEEPER,

2249 3804 85 29 Cliff
2357 3803 121 34 Street,
2497 3802 85 28 Lyel.

2100 3934 92 29 Goods
2205 3934 133 36 carefully
2351 3932 105 38 packed
2470 3935 27 26 to
2511 3931 37 29 all
2560 3933 75 35 parts
2648 3931 30 28 of
2687 3931 44 28 tlie

2357 3971 116 29 district.

2116 4098 104 26 BANK
2240 4097 112 27 PRICE
2372 4095 120 29 GIVEN
2513 4096 73 27 FOR
2606 4095 109 28 GOLD.

2117 4179 46 36 V/
2183 4177 130 38 ELC
2337 4176 89 39 0M
2446 4176 32 38 E
2549 4175 165 46 INK,

2361 4235 105 27 Lyell.

2212 4311 154 32 ELLEN
2395 4309 234 33 WILLIAMS

2103 4362 63 29 TiT
2190 4363 144 35 retaining
2352 4361 101 30 thanks
2471 4366 42 23 lor
2534 4370 62 28 paci
2617 4360 118 32 favours,

2103 4390 35 32 -L
2175 4401 64 35 begs
2257 4405 28 23 to
2305 4401 101 27 inform
2423 4400 50 27 her
2490 4400 104 26 friends
2613 4398 54 27 and
2690 4398 46 26 the

2102 4438 90 38 public
2213 4439 60 29 that
2295 4438 48 30 she
2368 4438 50 29 has
2439 4438 58 37 just
2519 4436 153 38 completed
2692 4445 28 18 ex-

2103 4480 102 26 tensive
2225 4478 138 28 additions
2385 4478 56 27 and
2459 4476 161 29 alterations
2641 4480 27 23 to
2687 4475 49 27 her

2102 4516 142 37 premises,
2263 4516 55 28 and
2337 4516 46 27 the
2406 4515 207 28 accomodation
2632 4513 23 29 is
2674 4522 62 19 now

2321 4553 191 37 unsurpassed.

2103 4633 73 34 Ales,
2201 4633 104 33 Wines,
2327 4631 55 30 and
2404 4630 98 38 Spirits
2527 4630 30 29 of
2578 4629 158 30 First-class

2276 4671 111 34 Quality
2401 4671 65 33 only
2478 4670 74 34 kept.

2173 4747 78 28 Good
2269 4746 127 32 Stabling
2413 4744 255 28 Accommodation.

2276 4791 128 28 ELLEN
2428 4789 206 33 WILLIAMS,

2484 4828 219 26 Proprietress.

2763 4151 114 41 THE
2935 4150 204 39 EMPIRE
3196 4149 198 47 HOTEL,

2860 4219 111 29 CLIFF
2990 4217 154 33 STEEET,
3164 4217 134 27 LYELL.

2766 4330 107 60 THE
2889 4329 84 29 above
2986 4328 76 28 hotel
3079 4327 49 28 lias
3141 4327 69 28 been
3231 4325 78 30 fitted
3329 4326 67 28 with

2849 4369 35 28 all
2897 4369 114 27 modern
3019 4367 216 35 improvements
3246 4365 151 35 regardless

2764 4408 30 27 of
2804 4410 65 28 cost,
2884 4406 54 28 and
2961 4405 195 35 consequently
3177 4407 79 24 oilers
3278 4406 119 33 superior

2764 4444 247 31 accommodation.

2914 4543 211 30 FENNELL'S
3145 4542 104 29 HALL

2766 4586 28 28 Is
2819 4595 17 19 a
2856 4583 153 30 well-fitted
3030 4591 87 23 room,
3142 4582 67 28 with
3231 4581 70 37 good
3323 4584 74 33 stage

2800 4623 246 33 accommodation,
3060 4621 55 29 and
3128 4621 132 29 excellent
3272 4623 91 35 piano.

2770 4718 108 38 Sample
2891 4727 99 19 rooms.
3027 4716 128 35 Boohing
3170 4715 80 37 Office
3256 4715 53 36 for
3320 4716 58 28 New-

2869 4758 88 25 mans'
2971 4755 92 35 Royal
3081 4755 73 26 Mail
3168 4755 127 26 Coaches.

2833 4814 107 33 JOHN
2962 4811 206 37 FENNELL,
3180 4810 178 39 Proprietor.

2966 5309 72 32 •J
3052 5310 29 28 4

2786 5437 99 66 m

2787 5506 34 22 (U>J
2932 5506 24 21 O

2673 5719 151 42 THE
2900 5718 200 43 BEST

3589 187 117 29 Public
3729 187 151 30 Notices.

3789 384 146 32 LYELL.

3511 521 204 40 JAMES
3767 521 184 45 EDGE,

3511 594 120 29 HOLE
3641 594 108 29 SALE
3786 594 80 28 AND
3911 594 142 28 RETAIL

3564 670 338 33 BUTCHER.

3416 782 98 28 Hotels
3528 782 54 27 and
3595 782 132 27 Families
3746 782 101 28 waited
3869 792 36 17 011
3919 783 81 28 Daily
4014 782 39 28 for

3680 820 111 28 Orders.

3469 917 75 28 Meat
3557 917 147 28 Delivered
3722 921 27 24 to
3763 917 37 28 all
3819 921 76 33 parts
3908 919 27 26 of
3956 918 46 27 the

3674 956 126 29 District.

3417 1046 120 34 NEW
3581 1046 156 34 CHUM
3775 1046 278 38 BUTCIIEEY,

3485 1105 129 32 Opposite
3624 1105 153 26 Alhambra
3787 1105 94 26 Hotel,
3895 1105 88 32 Lyell.

3420 1192 110 53 ALL
3553 1192 240 54 NATIONS
3823 1192 232 54 BAKERY

3558 1343 169 36 HENRY
3759 1343 164 36 YOUNG

3422 1411 157 58 ■pAKEE
3611 1411 82 31 AND
3728 1411 325 37 CONFECTIONER,

3600 1478 81 31 Cliff
3700 1479 56 38 St.,
3776 1478 102 38 Lyell.

3420 1585 141 33 Pic-Nics,
3582 1585 88 31 Balls,
3690 1585 59 26 and
3920 1584 136 36 supplied.

3421 1693 201 41 Christening,
3650 1693 157 41 Wedding,
3830 1694 58 31 and
3913 1694 145 41 Birthday

3421 1737 93 32 Cakes
3535 1739 86 31 made
3646 1749 39 20 on
3709 1738 50 32 the
3781 1739 128 31 shortest
3929 1738 126 41 possible

3686 1782 108 32 notice.

3495 1848 40 33 H.
3558 1849 152 37 YOUNG,
3727 1849 70 32 Cliff
3821 1849 55 37 St.,
3892 1849 95 41 Lyell.

3530 1937 177 41 JAMES
3757 1938 188 47 SNGUS,

3426 2049 309 63 gHAREBROKER
3768 2053 19 26 &
3818 2051 237 30 COMMISSION

3767 2185 24 28 N
3812 2185 31 33 T,

3499 2293 115 28 Cliff
3653 2293 158 32 Street,
3847 2293 141 27 LYELL.

3443 2382 126 37 POST
3613 2382 193 37 OFFICE
3850 2382 188 41 HOTEL,

3629 2441 220 28 LYELL.

3474 2538 224 40 PETER
3728 2538 281 40 MANGOS

3425 2600 143 70 BEGS
3588 2604 28 25 to
3629 2601 102 28 inform
3751 2601 43 26 his
3812 2601 102 27 iriends
3937 2599 55 29 and
4012 2600 47 28 the

3528 2640 92 37 public
3643 2641 61 28 tlint
3728 2640 44 27 his
3791 2649 61 19 new
3872 2639 188 28 commodious

3596 2679 86 28 Hotel
3694 2679 24 27 is
3731 2688 62 18 now
3807 2687 80 28 open.

3423 2717 152 28 Travellers
3595 2717 55 28 and
3668 2718 110 27 visitors
3796 2721 28 24 to
3843 2717 56 28 this
3917 2717 132 28 establish

3457 2759 78 24 ment
3547 2756 56 27 will
3615 2756 58 27 find
3685 2756 73 27 their
3767 2756 118 27 comfort
3893 2756 55 26 and
3961 2764 47 19 con-

3492 2794 131 29 venience
3633 2794 168 37 thoroughly
3810 2794 130 29 attended
3953 2798 37 25 to.

3424 2833 59 29 The
3495 2833 148 29 bedrooms
3664 2843 46 19 are
3720 2834 79 35 lofty,
3813 2834 56 27 and
3881 2833 64 29 well
3958 2832 105 37 lighted

3627 2872 55 27 and
3702 2872 160 27 ventilated.

3460 2948 207 29 Comfortable
3696 2949 130 27 Parlors
3852 2956 55 19 and
3927 2948 87 27 First-

3645 2994 82 19 class
3744 2987 105 26 Table.

3595 3020 108 33 dock's
3717 3024 79 28 Prize
3809 3024 118 28 Billiard
3940 3023 108 29 Tables.

3636 3065 39 34 *

3633 3102 84 38 /eked
3727 3101 66 29 with
3808 3102 74 33 Ales,
3894 3102 26 27 V.
3929 3103 68 32 ines,
4012 3101 53 27 and

3534 3161 44 10 ...o
3591 3152 27 19 oi
3636 3140 169 40 guaranteed
3822 3141 103 30 brands
3937 3141 75 38 only.

3460 3187 25 20 A
3502 3182 144 25 iirst-class
3667 3182 184 26 sixteen-stall
3864 3182 88 25 staMe
3965 3191 74 16 uncon-

3426 3217 99 29 nected
3537 3217 68 29 with
3620 3217 56 28 this
3690 3218 85 27 hotel.

3679 3257 126 28 PETER
3829 3256 171 30 MANGOS,

3864 3296 154 29 Propriecr.

3461 3384 265 33 FREDERICK
3743 3387 143 30 JONES
3905 3386 27 30 &
3952 3385 79 37 CO.,

3432 3437 198 60 CABINET
3644 3436 154 29 MAKERS
3811 3436 78 28 AND
3900 3434 139 31 UPHOLS-

3671 3476 158 31 TEEEES,

3529 3526 185 29 Palmerston
3733 3526 54 33 St.,
3799 3525 165 33 Westfort,

3431 3577 67 27 New
3511 3575 149 28 Furniture
3673 3575 55 27 and
3747 3574 126 36 Bedding
3885 3573 177 32 Warehouse,

3500 3613 122 37 opposite
3637 3613 122 35 Hughe's
3772 3613 113 35 Empire
3900 3612 91 27 Hotel.

3431 3660 134 37 Worshop
3577 3660 170 37 :—Opposite
3760 3658 86 29 Bailie
3860 3659 21 27 &
3893 3658 72 28 Co.'s
3976 3658 84 28 Store.

3432 3739 116 29 JONES
3569 3738 21 28 &
3612 3738 55 28 CO.
3681 3737 70 29 have
3772 3738 29 27 in
3821 3736 76 29 stock
3910 3746 15 19 a
3937 3735 70 37 good
4022 3746 26 18 as-

3432 3778 91 26 sorted
3542 3777 40 26 lot
3603 3777 29 26 of
3652 3775 105 27 Double
3780 3776 54 26 and
3857 3775 91 33 Single
3965 3775 98 35 Spring

3434 3814 168 34 Mattrasses,
3616 3813 105 28 Double
3736 3813 54 28 and
3810 3812 92 36 Single
3923 3812 64 27 Iron
4009 3812 54 27 nod

3533 3852 160 32 Bedsteads,
3701 3852 47 27 the
3759 3851 138 34 Longford
3907 3851 74 27 Wire
3991 3851 72 27 Beds

3434 3890 145 29 Palliasses
3601 3890 68 28 Flax
3691 3889 168 32 Mattrasses,
3874 3888 110 28 Pillows

3434 3930 132 32 Bolsters,
3592 3928 190 33 Washstands,
3806 3927 131 35 Dressing
3959 3926 104 33 Tables,

3433 3968 90 27 Toilet
3537 3968 60 27 Sets
3610 3966 55 28 and
3686 3966 110 27 Glasses
3812 3966 45 35 (all
3871 3967 88 32 sizes),
3973 3965 90 27 Towel

3434 4006 85 33 Rails,
3533 4006 113 28 Cornice
3660 4005 85 33 Poles,
3757 4005 86 33 Rings
3854 4004 55 28 and
3921 4003 142 33 Brackets,

3432 4046 130 27 Austrian
3577 4045 54 27 and
3646 4044 117 27 Kitchen
3779 4044 95 27 Chairs
3888 4043 54 27 and
3956 4043 107 30 Tables,

3433 4084 132 30 Couches,
3589 4083 86 29 Sofas,
3697 4082 96 26 Chests
3813 4081 30 26 of
3861 4081 126 26 Drawers
4009 4090 35 16 an
4055 4080 8 26 1

3433 4120 185 31 Cheffioniers,
3642 4119 145 28 Whatnots
3814 4119 46 35 (all
3885 4119 89 33 sizes),
4001 4118 62 27 Side

3434 4159 54 28 and
3502 4158 86 37 Gipsy
3601 4158 97 28 Tables
3710 4158 29 26 in
3752 4157 79 27 black
3850 4157 53 27 and
3924 4156 72 35 gold,
4010 4156 53 28 and

3433 4198 72 35 gold,
3519 4197 54 28 and
3587 4196 36 28 all
3635 4196 81 28 kinds
3730 4196 29 28 of
3778 4196 92 35 Fancy
3892 4194 96 29 Tables
4011 4194 52 27 and

3434 4235 139 29 Brackets.
3605 4236 144 26 American
3760 4233 229 33 Perambulators,
3997 4233 50 27 Bas-

3433 4274 128 32 ketware,
3574 4273 44 28 &c.

3554 4311 45 28 All
3615 4310 92 29 orders
3728 4309 140 28 entrusted
3881 4311 27 25 to
3921 4317 32 19 us
3965 4308 55 28 will
4032 4307 31 28 be

3435 4350 161 38 punctually
3608 4349 128 30 attended
3754 4354 35 23 to.

3470 4390 69 26 N.B.
3541 4390 79 25 —All
3632 4389 80 26 kinds
3725 4388 29 26 of
3771 4388 122 33 Turnery
3905 4386 75 27 work
3994 4386 69 27 done

3436 4436 35 19 on
3481 4427 45 28 the
3537 4426 139 38 premises.
3712 4424 114 28 Billiard
3837 4424 76 28 Balls
3923 4423 140 28 re-turned

3436 4466 53 29 and
3502 4466 135 33 coloured,
3652 4464 78 37 equal
3744 4468 27 25 to
3781 4473 69 23 new,
3864 4463 42 36 15/
3919 4473 47 26 per
3979 4469 48 21 set.

3436 4556 42 32 To
3512 4567 56 20 our
3603 4554 173 33 Customers
3807 4564 29 20 in
3867 4563 56 20 the
3954 4552 109 31 Lyell.

3613 4664 270 32 NOTICE.

3563 4772 90 31 tITH
3669 4782 16 19 a
3702 4771 72 30 view
3796 4774 31 27 to
3848 4770 141 38 reducing

3621 4825 52 21 our
3707 4814 80 40 large
3835 4812 81 31 stock
3960 4813 32 30 of

3514 4857 191 33 DRAPERY
3726 4859 21 29 &
3772 4855 214 36 CLOTHING,

3514 4914 42 21 we
3584 4913 48 21 are
3657 4901 122 41 holding
3806 4912 17 20 a
3851 4899 137 42 Clearing

3516 4948 76 34 Sale,
3615 4947 57 29 and
3696 4957 20 18 w
3717 4956 5 8 r
3723 4946 33 29 ill
3779 4946 35 29 be
3836 4945 97 38 liappy
3958 4948 30 26 to

3514 4989 37 32 do
3579 4999 17 21 a
3624 4988 58 32 line
3707 4998 32 21 or
3763 4989 57 30 two
3845 4987 71 31 with
3937 4986 51 31 the

3514 5034 75 41 good
3603 5033 101 41 people
3719 5033 32 32 of
3766 5032 51 32 the
3831 5031 85 42 Lyell
3931 5031 56 32 and

3516 5078 123 30 district.

3554 5167 54 32 We
3617 5167 75 32 have
3701 5167 126 32 reduced
3836 5177 52 21 our
3894 5165 93 42 prices

3514 5212 38 42 by
3566 5224 55 21 one
3634 5213 88 36 third,
3736 5212 58 31 and
3805 5223 32 20 as
3848 5222 85 30 every
3945 5214 28 28 at-

3516 5257 115 32 tention
3646 5257 24 31 is
3685 5257 87 40 given
3786 5259 30 28 to
3831 5256 98 31 orders
3950 5255 38 40 by

3515 5304 65 37 post
3596 5312 31 22 or
3642 5300 163 36 otherwise,
3821 5299 23 32 it
3869 5299 59 31 will
3952 5299 35 31 be

3515 5348 30 28 to
3554 5355 73 31 your
3635 5344 123 31 interest
3768 5347 30 27 to
3810 5343 71 31 send
3893 5353 17 20 a
3921 5343 68 31 trial

3514 5389 94 32 order.

3556 5480 62 32 The
3640 5479 162 40 advantage
3827 5477 32 34 of
3879 5476 111 44 buying

3516 5527 30 28 at
3561 5525 50 30 the
3625 5526 118 37 present
3758 5523 69 30 time
3849 5523 24 29 is
3897 5522 94 40 really

3516 5567 60 33 this
3651 5567 65 32 You
3752 5569 47 38 get
3828 5567 40 31 £3
3896 5565 93 32 worth

3516 5612 43 31 for
3580 5614 62 28 40s.

3491 5703 45 37 E.
3565 5703 33 37 J.
3627 5702 216 38 WARNER
3870 5703 30 36 &
3927 5701 85 44 CO.,

3438 5765 70 59 The
3532 5764 80 62 Hall
3636 5764 38 62 of
3931 5762 127 64 Nelson
