3290 4310
1100 886 125 18 VISITORS'
1238 886 63 18 LIST.

1121 932 74 18 Grand
1204 933 77 17 Hotel.

1007 962 106 19 Mesdames
1130 964 74 22 Ripley,
1221 964 81 17 Hudson
1322 964 37 17 and
1380 966 38 16 two

985 986 88 20 children,
1101 986 96 23 Coleman,
1226 986 105 25 Campbell,
1357 987 60 19 Mear.

984 1009 66 17 Misses
1054 1010 68 20 Smith,
1130 1009 62 18 Watts
1201 1009 38 24 (2),
1249 1010 168 23 Campbell,Mear.

983 1032 69 18 Messrs
1069 1032 91 22 Benniok,
1179 1034 50 22 Hay,
1246 1033 74 21 Oislett,
1347 1033 58 23 Bridg-

984 1057 63 19 water,
1065 1056 71 21 Welch,
1155 1057 87 18 Hudson,
1257 1058 70 21 Bailey,
1344 1055 72 23 Clarke,

984 1079 94 21 Coleman,
1096 1079 104 24 Campbell,
1223 1079 115 23 Honey-will,
1355 1080 50 17 Lake-

984 1108 49 14 man,
1044 1102 61 20 Allen,
1116 1103 80 21 Walter,
1207 1103 72 20 Mabin,
1289 1103 71 19 Home,
1369 1103 36 17 Gra-

984 1125 49 21 ham,
1042 1126 103 22 Chapman,
1157 1127 62 18 Short,
1230 1127 76 22 Hagon,
1314 1126 98 23 (Sydney).

1111 1173 83 17 Geyser
1208 1173 82 17 Hotel.

1006 1203 106 18 Mesdames
1127 1204 80 19 Masfen,
1225 1204 69 21 Nolan,
1308 1204 108 21 Auckland;

983 1226 78 22 Martin,
1072 1227 118 24 Wanganui;
1205 1228 103 22 Ferguson,
1316 1227 89 22 England
1412 1226 4 25 ;

983 1249 83 21 Castucr,
1082 1249 87 23 Sydney;
1188 1251 121 19 Witherford,
1325 1251 81 17 Morrins-

983 1273 54 20 ville;
1051 1274 125 20 Wordstrum,
1186 1273 127 23 Wellington;
1324 1274 92 20 Mitchell,

983 1296 92 18 Wai'.-ito.
1100 1297 67 17 Misses
1181 1298 114 21 Courtayne,
1312 1298 55 16 Brett
1383 1296 33 25 (2),

983 1319 109 22 Auckland;
1114 1321 89 19 Hawker,
1222 1321 73 19 Sinton,
1315 1319 101 22 England;

983 1342 121 20 Witherford,
1114 1344 128 17 Morrinsville
1249 1342 4 22 ;
1272 1344 87 20 Bennett,
1378 1343 26 18 Na-

983 1366 45 21 pier.
1054 1367 80 21 Captain
1152 1367 121 19 Wortstrum,
1289 1366 126 23 Wellington;

983 1389 27 17 Dr
1017 1388 101 23 Roberton,
1125 1390 98 17 Akckland
1231 1388 4 23 ;
1249 1390 69 17 Messrs
1326 1389 79 18 Richard-

983 1417 39 17 son,
1033 1412 96 21 Swansea;
1145 1413 106 20 Patterson,
1258 1413 95 20 Caldwell,
1364 1413 39 18 Mas-

982 1435 37 21 fen,
1037 1435 97 20 Cotterell,
1152 1437 69 19 Nolan,
1242 1436 61 20 Allen,
1329 1435 87 24 Barkley,

983 1459 110 23 Auckland:
1114 1459 79 23 Mosley,
1211 1460 87 19 Hawker,
1312 1460 104 22 Ferguson,

983 1482 72 20 Sinton,
1065 1482 71 23 Bailey,
1148 1482 100 23 England;
1263 1482 85 20 Andrew,
1359 1483 43 17 Wan-

982 1506 57 20 ganui
1047 1505 4 24 ;
1066 1506 85 20 Castner,
1161 1505 117 24 Longlands,
1289 1506 73 22 Davies,
1372 1506 33 17 Jor-

982 1528 43 19 dan,
1036 1529 75 22 Sydney
1118 1528 4 23 ;
1137 1529 68 21 Nolan,
1216 1530 82 17 Hawera
1305 1528 3 23 ;
1328 1529 88 20 Bennett,

982 1552 80 22 Napier;
1077 1552 74 23 Farley,
1162 1553 92 17 Waikato.

1048 1598 88 19 Brent's
1148 1599 112 17 Bathgate
1273 1599 76 17 House.

1005 1630 106 18 Mesdames
1143 1631 109 20 Stevenson,
1287 1631 110 17 Melbourne
1411 1630 4 21 ;

981 1652 72 23 Symes,
1063 1653 78 22 Martin,
1155 1653 103 22 Gisborne;
1274 1654 60 20 Krull,
1341 1654 77 18 Marcus

981 1676 107 22 Wanganui
1097 1676 3 24 ;
1115 1676 122 24 Clapperton,
1251 1677 90 22 England
1348 1676 4 24 ;
1375 1677 28 22 Hy-

981 1705 59 16 mans,
1050 1699 102 23 Dunedin;
1167 1700 60 21 Coles,
1236 1700 122 22 Manawatu;
1373 1700 33 18 Col-

981 1722 66 20 linson,
1059 1723 94 22 Hastings
1162 1722 3 25 ;
1188 1724 113 23 Thompson,
1320 1724 98 22 Campbell

981 1745 36 19 and
1038 1747 53 17 three
1109 1747 90 19 children,
1223 1747 109 21 Auckland;
1356 1747 60 18 Ralfe.

980 1769 98 18 Taranaki.
1106 1769 66 21 Misses
1181 1769 98 22 Cameron,
1299 1770 117 21 Wanganui;

981 1792 99 23 Hepburn,
1095 1792 95 22 Molburn,
1205 1793 122 22 Melbourne;
1346 1794 60 22 Leigh-

980 1817 39 17 ton,
1040 1816 59 19 Read,
1118 1816 89 20 Jackson,
1228 1817 62 18 Bates,
1306 1815 110 21 Auckland;

981 1839 108 20 Buchanan,
1101 1839 98 17 Gisborne.
1225 1840 28 16 Dr
1262 1840 60 22 Barry
1331 1841 20 16 T.
1369 1840 37 18 Rus-

980 1862 40 19 sell,
1032 1862 74 17 Ireland
1115 1862 3 22 ;
1133 1863 29 17 Dr
1178 1863 121 21 McFberson,
1317 1863 88 18 Dunedin
1413 1862 3 22 ;

979 1885 99 20 Halstead,
1110 1885 102 24 England;
1247 1887 93 21 Hymans,
1369 1886 48 21 Jool,

979 1909 88 17 Dunedin
1075 1909 3 23 ;
1094 1909 68 23 Kemp,
1173 1910 76 21 Sydney
1256 1909 3 23 ;
1275 1909 59 19 Coles.
1349 1909 56 19 Mana-

979 1935 56 17 watu;
1051 1933 57 18 Blair,
1120 1932 68 24 Otago;
1204 1933 102 19 Collinson,
1317 1933 100 22 Hastings;

979 1955 67 18 Smith,
1063 1956 80 22 Phihps,
1161 1956 100 17 Auckland
1270 1955 3 25 ;
1296 1955 53 25 Alpe,
1369 1956 37 17 Ash-

978 1978 69 17 burton
1056 1978 3 23 ;
1074 1978 82 20 Marcus,
1167 1978 119 23 Wanganui;
1301 1978 21 19 F.
1340 1978 76 22 Woods,

978 2001 123 22 Kawakawa;
1123 2002 143 23 McNaughton,
1298 2002 112 23 Tauranga;

979 2025 82 23 Aubrey,
1072 2025 125 23 Whangarei;
1218 2025 78 21 Martin,
1315 2025 101 23 Gisborne'

978 2048 98 21 Newman,
1090 2049 91 18 Victoria.

1112 2096 78 17 Arawa
1208 2096 78 17 House.

1002 2127 106 17 Mesdames
1117 2127 68 20 Laker,
1196 2128 65 18 Perth,
1271 2128 28 16 W.
1311 2128 104 20 Australia;

979 2150 81 22 Knight,
1078 2150 127 21 Birkenhead,
1230 2150 105 18 Auckland:
1369 2150 36 18 Wil-

979 2173 59 20 liams,
1046 2173 148 22 Ngaruawahia.
1214 2174 66 16 Misses
1291 2173 55 21 Steel,
1352 2173 52 17 Auck-

979 2196 51 20 land;
1053 2196 63 24 SeTby,
1134 2196 100 24 Hautapu.
1259 2197 70 18 Messrs
1347 2197 69 19 Laker,

979 2219 65 20 Perth,
1062 2220 29 16 W.
1110 2220 101 20 Australia;
1234 2220 56 21 Steel,
1307 2220 108 21 Auckland;

981 2242 96 22 Williams,
1096 2243 148 24 Ngaruawabia.

1077 2290 59 17 Lake
1152 2290 73 17 House
1237 2290 77 17 Hotel.

1002 2319 107 20 Mesdames
1116 2321 90 21 Robison,
1217 2319 142 23 Christchurch;
1370 2321 35 17 Car-

979 2350 33 11 son
1031 2345 37 16 and
1087 2345 101 22 daughter,
1211 2345 106 17 Auckland.
1346 2345 70 17 Messrs

979 2367 61 22 Davy,
1051 2367 80 20 Sceates,
1142 2367 94 20 Howden,
1245 2368 103 22 Campbell,
1356 2367 58 20 Fairs,

979 2390 98 20 Goodhue,
1088 2390 100 20 Auckland
1196 2390 3 21 ;
1215 2391 88 20 Graham,
1310 2390 104 21 Wairakei;

979 2413 66 20 Lamb,
1069 2414 88 21 Carruth,
1179 2413 126 24 Papatootoe;
1327 2415 87 19 Boekett,

980 2437 88 23 Opotiki;
1082 2438 76 22 Taylor,
1168 2438 25 17 To
1205 2437 101 18 Awamutu
1313 2437 4 23 ;
1331 2437 72 19 Tomlin-

979 2465 40 16 son,
1026 2460 82 21 Parnell;
1118 2461 81 20 Burrell,
1207 2461 76 22 Napier;
1294 2461 120 22 O'Meagher,

980 2483 67 21 Coath,
1057 2483 70 19 Gentil.
1139 2484 82 21 Paeroa;
1244 2484 75 21 Brown,
1329 2484 71 18 Boston
1410 2483 4 22 ;

980 2507 71 21 Home,
1061 2507 87 17 Thames.

1112 2554 43 17 The
1169 2554 114 17 Langham.

1003 2580 106 19 Mesdames
1118 2582 79 20 Gilbert,
1213 2580 116 24 Gippsland;
1349 2582 55 17 Peter-

980 2610 39 13 son,
1030 2604 82 23 Napier;
1132 2604 64 21 Jones,
1214 2604 110 23 Auckland;
1346 2605 68 20 Baker,

981 2627 85 23 Sydney;
1080 2628 82 17 Jenkins
1174 2628 38 17 and
1229 2629 10 15 2
1256 2628 89 20 children,
1364 2628 38 17 Wel-

980 2650 75 22 lington
1079 2651 47 17 Miss
1132 2651 85 20 Jenkins,
1226 2651 115 23 Wellington
1350 2658 5 14 ;
1365 2651 37 22 Leg-

981 2676 37 18 get,
1029 2674 98 17 Auckland
1136 2674 3 23 ;
1153 2674 82 23 Wright,
1242 2674 69 20 Evans,
1319 2674 95 23 England.

981 2697 68 19 Messrs
1058 2697 78 21 Wilson,
1146 2697 81 23 Napier;
1242 2698 52 20 Reid,
1308 2697 105 23 Westport;

980 2719 78 21 Wilson,
1076 2721 89 22 England
1172 2719 4 25 ;
1197 2721 95 23 Stranger,
1302 2721 100 23 Tauranga
1410 2719 3 25 ;

980 2743 74 22 Taylor,
1065 2744 78 22 Cooper,
1153 2744 136 22 Hareschamp,
1299 2745 101 21 Ponsonby
1410 2743 3 23 ;

980 2766 64 21 Jones,
1062 2767 78 20 Wilson,
1159 2767 109 20 Auckland;
1290 2767 63 21 Jones,
1372 2768 32 17 Gis-

981 2790 57 17 borne
1045 2790 4 23 ;
1063 2790 66 20 Baker,
1140 2791 89 21 Sydney;
1251 2791 88 22 Chainey,
1359 2791 42 17 Cam-

980 2813 67 23 bridge
1054 2813 4 23 ;
1072 2814 64 20 Hood,
1143 2814 99 17 Hamilton
1249 2813 4 23 ;
1264 2814 67 20 Smith,
1338 2813 78 23 Napier.

1114 2860 85 17 Mokoia
1211 2860 64 18 View.

1004 2888 40 17 Mrs
1065 2888 116 19 Backhouse,
1206 2888 111 22 Auckland;
1346 2890 70 17 Messrs

981 2912 124 20 Moonhouse,
1125 2912 90 19 Costelio,
1230 2912 87 21 N.S.W.;
1339 2912 75 21 Brown,

981 2934 102 22 Goodacre,
1109 2935 47 17 New
1183 2936 104 22 Plymouth
1301 2934 3 24 ;
1333 2936 82 19 Carrick,

981 2958 108 21 Wanganui
1098 2958 3 24 ;
1117 2959 52 19 Parr,
1179 2959 119 22 Canterbury
1305 2958 3 24 ;
1326 2958 78 24 McCryS-

981 2982 33 19 tol,
1025 2982 87 21 Hughes,
1122 2982 89 22 Bradley,
1225 2982 115 20 Backhouse,
1352 2982 52 17 Auck-

981 3005 45 17 land
1038 3001 4 26 ;
1074 3005 78 21 Barker,
1181 3001 87 21 Waikato
1278 3001 4 26 ;
1308 3005 107 22 Kamback,

981 3027 92 18 Hokitika
1080 3027 4 22 ;
1099 3029 77 19 Gibson,
1186 3029 26 17 To
1218 3029 101 17 Awamutu
1326 3027 3 22 ;
1344 3029 60 16 Robin-

981 3057 40 14 son,
1031 3051 77 17 Ireland
1115 3051 3 23 ;
1134 3052 80 22 Staples,
1221 3052 87 17 Waikato
1315 3051 3 23 ;
1332 3052 85 17 Leathen

982 3073 117 24 Canterbury
1106 3080 6 15 ;
1124 3075 129 20 Watorhouse-,
1263 3073 79 24 Napier;
1353 3075 65 20 Clark,

982 3098 85 16 Thames.

1152 3160 96 17 DEATH.

1007 3206 150 18 MURRAY.At
1172 3206 30 18 his
1218 3206 83 22 parents'
1317 3207 99 20 residence,

984 3229 62 16 Police
1065 3229 82 19 Station,
1165 3230 90 19 Rotorua,
1271 3230 37 16 this
1323 3231 93 20 morning,

984 3252 81 17 William
1074 3252 58 20 John,
1142 3253 60 16 eldest
1211 3259 32 10 son
1253 3254 20 15 of
1284 3252 80 19 William
1380 3253 39 18 and

985 3276 63 21 Agnes
1057 3276 84 22 Murray,
1152 3276 48 22 aged
1211 3276 92 23 18-years.

1007 3306 39 17 The
1055 3307 74 17 funeral
1138 3307 20 17 of
1172 3307 32 17 the
1217 3307 38 17 late
1272 3308 80 17 William
1366 3307 53 18 John

984 3329 79 23 Murray
1068 3330 38 17 will
1115 3330 52 17 laave
1181 3330 28 17 his
1222 3330 84 23 parents'
1319 3331 99 20 residence,

985 3353 20 16 at
1014 3354 9 15 3
1038 3359 46 16 p.m.
1101 3355 111 16 to-morrow
1230 3354 112 23 (Thursday)
1360 3355 50 16 after-

985 3380 49 12 noon
1043 3377 29 16 tor
1081 3376 31 17 the
1120 3377 32 16 old
1160 3377 100 16 cemetery.

986 3433 56 41 THE
1061 3433 56 41 HOT
1136 3433 94 41 LAKES
1249 3433 168 41 CHRONICLE

986 3474 431 41 AND

986 3515 216 41 Tourists'
1226 3515 191 41 Journal.

986 3556 166 41 WEDNESDAY,
1169 3556 82 41 APRIL
1268 3556 49 41 15,
1334 3556 83 41 1896.

1013 3634 43 19 T'lG
1072 3634 93 19 remarks
1180 3634 64 19 which
1260 3640 28 12 we
1303 3634 117 19 considered

987 3660 16 18 it
1013 3660 117 19 incumbsut
1140 3667 26 12 on
1173 3666 24 12 us
1204 3663 21 15 to
1234 3660 58 18 make
1301 3659 39 19 last
1360 3660 56 19 wee-k

987 3686 121 24 concerning
1119 3686 35 18 the
1161 3685 102 19 condition
1273 3685 21 19 of
1306 3685 35 18 the
1355 3684 65 21 Baths

987 3712 40 17 and
1036 3711 135 18 hath-house3
1182 3711 58 21 have,
1253 3717 29 12 we
1289 3711 130 23 understand,

987 3736 52 19 been
1049 3736 92 19 received
1157 3736 49 19 with
1222 3736 138 19 considerable
1375 3743 30 12 um-

987 3762 64 25 brage
1069 3763 21 18 in
1112 3762 76 19 certain
1205 3764 98 23 quartors.
1341 3762 49 19 This
1403 3763 17 18 is

988 3788 79 25 exactly
1075 3788 54 20 what
1136 3795 30 13 we
1173 3787 128 26 anticipated,
1313 3788 37 18 but
1359 3794 21 12 as
1391 3795 29 13 we

987 3821 35 12 are
1033 3814 41 20 al-o
1084 3815 101 19 informed
1194 3815 25 23 by
1228 3813 83 21 bathers
1315 3814 105 25 genorally

988 3841 44 18 that
1044 3847 12 12 a
1066 3840 84 19 decided
1157 3841 144 24 improvement
1310 3841 36 17 has
1357 3840 63 19 taken

987 3866 56 25 place
1054 3866 21 18 in
1085 3867 73 24 regard
1167 3871 20 13 to
1197 3867 76 17 certain
1283 3868 82 16 matters
1376 3866 33 18 ani-

987 3892 117 19 madverted
1114 3898 60 19 upon,
1187 3898 30 12 we
1225 3898 33 12 are
1269 3891 66 26 amply
1342 3892 70 24 repaid

988 3918 39 19 We
1037 3920 53 16 trust
1100 3918 46 18 that
1155 3924 37 12 our
1202 3917 102 19 strictures
1321 3918 39 18 will
1374 3918 45 18 lead

988 3947 20 15 to
1016 3950 12 12 a
1036 3943 38 19 full
1084 3944 111 18 discussion
1203 3944 22 18 of
1231 3944 34 17 the
1275 3943 61 19 whole
1345 3947 75 15 matter

988 3971 21 18 at
1019 3970 34 18 tho
1061 3973 48 15 next
1118 3970 90 24 meeting
1216 3969 21 19 of
1244 3969 33 19 the
1285 3970 9 18 'J
1301 3976 44 12 own
1353 3969 67 19 Hoard

988 3996 39 18 and
1037 3996 45 19 that
1092 3997 49 18 such
1149 3999 55 21 steps
1223 4001 45 18 may
1284 3995 26 19 bo
1326 3995 61 19 taken
1398 4002 22 12 as

988 4022 40 18 will
1039 4022 96 24 preclude
1154 4022 34 19 the
1208 4021 115 25 possibility
1339 4022 22 17 of
1379 4028 41 17 any

988 4048 68 18 future
1067 4048 86 24 charges
1162 4048 21 17 of
1192 4046 148 21 uncleanliness
1358 4046 62 26 being

987 4072 85 19 levelled
1081 4074 81 24 against
1171 4073 41 18 tin's
1220 4073 126 24 department
1357 4074 20 17 of
1385 4072 35 19 the

988 4099 136 18 Sanatorium.
1138 4100 18 17 A
1166 4099 52 18 little
1228 4098 51 25 fillip
1284 4098 134 24 occasionally

987 4124 48 19 does
1044 4125 103 24 apathetic
1157 4124 71 25 people
1240 4131 11 12 a
1260 4124 61 19 world
1329 4124 21 18 of
1360 4124 59 25 good.

1471 122 106 25 Recently,
1598 130 29 12 we
1644 125 55 18 drew
1719 127 101 17 attention
1834 127 21 18 to
1865 133 12 12 a

1445 154 45 12 new
1505 149 49 18 code
1571 150 22 17 of
1610 150 55 19 rules
1683 151 66 19 which
1768 152 40 18 had
1824 152 53 19 been

1445 173 70 20 drawn
1524 181 28 18 up
1563 175 31 18 fer
1613 176 35 19 the
1665 176 101 24 guidance
1785 178 22 18 of
1825 178 51 19 bath

1445 200 117 20 attendants
1571 201 40 19 and
1625 201 88 20 bathers.
1742 203 64 19 These
1822 204 55 19 rules

1446 232 51 14 were
1502 227 71 19 drawn
1582 233 29 20 up
1618 227 54 20 after
1687 235 11 12 a
1717 229 112 19 discussion
1848 230 29 23 by

1444 252 35 18 the
1486 253 101 19 members
1597 254 21 17 of
1624 254 34 18 tiie
1665 254 66 19 Board
1738 255 21 19 in
1766 255 35 19 the
1806 262 70 12 course

1444 279 21 17 of
1476 279 64 18 which
1559 279 16 18 it
1595 286 40 12 was
1651 280 78 25 plainly
1747 281 66 19 stated
1831 281 46 19 that

1443 310 55 12 some
1508 308 44 21 step
1561 311 40 12 was
1615 311 105 20 necessary
1738 307 21 19 in
1778 307 60 19 order
1854 310 21 16 to

1443 330 116 24 effectually
1570 337 67 12 secure
1651 331 35 20 the
1705 339 93 13 revenue.
1836 333 40 19 Wo

1443 355 26 19 do
1480 359 35 15 not
1525 363 86 18 suppose
1626 357 45 18 that
1688 358 54 20 since
1761 359 35 18 the
1812 359 54 19 intro-

1443 381 81 20 duction
1535 383 22 18 of
1569 382 57 19 these
1632 389 44 12 new
1682 384 55 19 rules
1745 384 33 19 the
1786 391 89 13 revenue

1443 407 36 19 has
1490 408 103 19 increased
1603 408 21 19 in
1641 415 40 18 any
1697 411 128 23 appreciable
1841 411 24 19 de-

1443 441 47 15 gree
1500 435 32 18 for
1542 441 21 11 as
1580 441 12 12 a
1610 435 62 19 check
1686 438 73 21 system
1771 437 16 18 it
1803 440 73 16 cannot

1442 460 25 19 be
1477 460 99 19 effective.
1604 461 134 20 Toestahlish
1754 469 25 12 an
1790 463 86 18 efficient

1443 490 74 20 system
1526 486 23 19 of
1556 486 42 19 this
1603 489 42 17 sort
1660 488 65 19 would
1746 489 63 18 entail
1828 495 36 12 con-

1442 512 101 19 siderable
1552 519 94 17 expense,
1658 513 37 19 but
1705 521 49 17 very
1771 514 53 24 pood
1843 521 22 12 re-

1443 538 50 19 sults
1503 538 73 23 would,
1589 545 29 12 we
1630 539 65 23 think,
1716 547 70 12 accrue
1805 540 17 19 if
1840 541 36 18 the

1441 565 120 24 suggestion
1572 564 58 19 made
1649 571 55 13 some
1723 566 48 18 time
1790 573 39 17 ago
1848 566 27 21 bv

1441 590 35 18 the
1486 597 98 18 manager
1594 591 21 18 of
1624 597 37 12 one
1671 592 21 17 of
1701 592 34 18 the
1746 591 66 20 hotels
1822 599 53 12 were

1441 616 87 25 adopted
1540 616 19 19 in
1568 623 12 12 a
1589 616 94 19 modified
1699 618 58 18 form.
1794 618 21 19 It.
1834 625 41 12 was

1441 642 50 18 then
1500 642 64 19 asked
1575 642 44 18 that
1636 645 34 16 the
1686 643 53 19 hotel
1759 644 73 19 should
1850 644 24 19 be

1442 667 83 20 allowed
1536 675 11 11 a
1557 668 104 19 reduction
1672 669 19 19 in
1701 670 54 24 price
1764 676 25 12 on
1799 670 75 23 taking

1442 700 11 12 a
1461 695 95 24 quantity
1569 695 21 17 of
1599 695 73 18 tickets
1681 695 30 18 for
1719 696 34 18 the
1765 702 34 12 use
1809 697 21 18 of
1839 696 35 19 the

1442 723 69 21 guests
1521 720 22 18 of
1553 721 34 18 the
1595 720 63 19 house
1666 721 45 19 who
1719 721 66 19 would
1794 722 26 18 bo
1828 729 35 18 pro-

1441 745 59 19 vided
1509 746 48 19 with
1566 746 75 19 towels.
1658 746 25 19 In
1693 748 58 24 reply
1762 748 34 18 the
1806 748 68 19 Board

1442 772 67 19 stated
1518 773 45 17 that
1582 778 40 18 any
1640 778 37 13 one
1697 774 125 24 purchasing
1843 774 30 20 5

1443 798 64 18 worth
1514 798 22 18 of
1544 798 100 24 sixpenny
1661 799 74 19 tickets
1754 799 67 19 would
1841 806 21 12 re-

1441 824 55 18 ceive
1507 830 12 13 a
1528 823 93 19 discount
1630 825 21 17 of
1659 825 25 18 21
1694 832 36 17 per
1740 828 51 17 cent.
1820 826 21 18 It
1857 826 17 19 is

1441 856 136 19 unnecessary
1587 853 20 16 to
1617 856 35 18 say
1672 851 44 19 that
1735 851 40 19 this
1792 855 37 22 put
1848 859 26 12 an

1442 876 38 19 end
1491 879 20 16 to
1526 875 36 20 the
1572 877 142 20 negotiations.
1744 878 17 18 A
1771 878 92 19 modifica-

1441 901 42 19 tion
1491 903 21 18 of
1518 902 41 19 this
1566 902 65 23 might
1640 903 24 18 he
1673 903 58 19 made
1739 910 22 11 as
1768 903 105 21 follows

1441 928 58 19 Issue
1509 928 68 19 sheets
1587 928 21 18 of
1618 928 72 19 tickets
1700 931 21 16 to
1734 929 34 19 the
1784 930 59 19 value
1853 931 22 18 of

1442 954 27 19 1
1483 954 39 19 and
1531 953 99 27 upwards,
1648 957 21 16 at
1679 957 24 16 30
1712 961 37 19 per
1767 959 46 15 cent
1831 956 33 19 dis-

1441 983 66 19 count,
1522 982 20 17 to
1557 980 27 19 all
1608 980 64 19 hotels
1696 982 39 18 and
1762 981 99 23 boarding-

1441 1006 74 19 houses
1524 1006 46 19 that
1578 1010 53 15 wat;t
1641 1006 61 22 them,
1721 1008 36 17 the
1771 1008 102 19 condition

1441 1032 62 24 being
1522 1032 46 19 that
1596 1032 33 19 tho
1655 1039 83 18 persons
1756 1034 119 24 presenting

1441 1058 54 19 them
1505 1058 63 24 bring
1582 1058 53 19 their
1653 1065 45 12 own
1718 1060 76 18 towels.
1831 1060 43 19 Tho

1441 1084 96 25 ordinary
1547 1084 110 25 purchaser
1672 1084 21 19 of
1711 1091 12 12 a
1742 1086 47 18 card
1808 1087 21 17 of
1849 1088 24 16 25

1441 1110 72 19 tickets
1528 1117 49 18 pays
1599 1112 33 17 10s
1649 1110 32 19 for
1699 1117 62 17 same,
1771 1111 64 20 which
1856 1113 18 18 is

1441 1136 59 25 equal
1509 1139 20 16 to
1539 1143 11 13 a
1566 1136 92 19 discount
1674 1137 21 18 of
1711 1137 63 19 about
1794 1140 24 17 25
1838 1145 36 18 per

1440 1167 51 18 cent,
1504 1163 40 18 and
1554 1163 16 18 it
1580 1163 17 18 is
1607 1163 100 18 therefore
1723 1164 47 23 only
1782 1164 39 18 fair
1829 1165 44 18 that

1440 1188 35 19 tho
1492 1189 54 19 hotel
1566 1196 23 11 or
1607 1189 175 24 boarding-house
1799 1190 75 25 keeper

1441 1213 111 27 supplying
1561 1214 69 20 towels
1648 1215 72 19 should
1737 1215 53 19 have
1809 1217 65 19 easier

1441 1243 66 16 terms.
1536 1241 42 19 The
1592 1241 125 24 advantages
1737 1243 96 24 accruing
1851 1246 21 15 to

1440 1267 34 19 the
1484 1267 65 19 Baths
1560 1267 27 24 by
1597 1267 40 18 this
1654 1273 70 12 course
1740 1267 40 20 will
1798 1268 24 19 be
1838 1269 24 19 ob-

1440 1294 57 18 vious
1505 1296 21 16 to
1542 1300 41 17 any
1601 1292 90 19 member
1710 1294 21 18 of
1750 1294 35 18 the
1806 1295 66 19 Board

1441 1320 44 18 who
1495 1319 41 19 will
1547 1319 47 19 take
1604 1319 34 18 the
1658 1318 80 20 trouble
1747 1323 20 15 to
1789 1321 54 18 refer
1852 1326 20 14 to

1440 1345 34 19 the
1484 1349 95 15 accounts
1589 1345 21 19 of
1620 1345 33 18 the
1664 1348 45 23 past
1718 1345 39 20 few
1766 1353 59 17 years
1832 1347 40 18 and

1439 1372 75 18 reckon
1524 1378 27 18 up
1562 1371 34 19 the
1606 1374 42 15 cost
1664 1372 20 17 of
1708 1372 70 18 towels
1797 1372 20 20 in
1828 1373 44 19 that

1439 1397 49 20 time
1490 1401 46 15 to
1546 1404 36 18 say
1601 1397 87 24 nothing
1700 1396 21 20 of
1731 1398 35 19 the
1785 1405 87 18 expense

1439 1424 21 19 of
1477 1423 93 26 washing
1590 1423 34 19 the
1646 1423 162 27 samothough
1832 1432 30 12 cer-

1439 1450 71 22 tainly,
1522 1450 22 18 of
1553 1450 46 22 late,
1611 1450 34 18 the
1663 1450 60 18 latter
1740 1450 49 19 item
1799 1451 73 19 should

1440 1479 34 16 not
1493 1476 52 19 have
1564 1476 51 18 been
1634 1482 12 11 a
1665 1476 65 24 heavy
1748 1483 44 12 one.
1829 1477 43 19 The

1439 1502 94 24 quantity
1544 1502 21 19 of
1583 1502 70 18 towels
1671 1502 100 19 absorbed
1792 1502 26 26 by
1838 1504 34 18 the

1441 1527 66 24 baths,
1517 1528 23 24 is,
1559 1534 29 12 we
1606 1534 35 13 are
1660 1528 165 26 authoritatively
1840 1529 21 20 in-

1441 1553 83 24 formed,
1537 1561 11 12 a
1564 1560 49 18 very
1631 1554 77 19 serious
1730 1554 48 20 item
1799 1556 21 18 in
1837 1556 35 19 the

1441 1580 92 23 working
1542 1586 98 18 expenses
1650 1586 22 12 as
1682 1580 49 24 they
1747 1584 42 16 cost
1808 1587 52 13 some-

1440 1606 60 21 thing
1510 1606 41 19 like
1559 1608 23 16 4s
1590 1606 25 18 Gd
1624 1606 55 19 each.
1699 1605 58 27 They
1762 1613 34 14 are
1805 1607 67 20 issued

1441 1639 26 12 un
1474 1632 90 19 branded
1574 1635 20 16 to
1601 1632 34 19 the
1642 1632 80 19 various
1729 1632 142 25 bath-houses,

1440 1658 39 19 and
1491 1658 58 19 when
1558 1665 12 11 a
1579 1658 119 25 requisition
1716 1658 17 19 is
1752 1660 58 18 made
1820 1660 31 19 for
1862 1667 11 12 a

1440 1684 55 20 fresh
1506 1684 74 26 supply
1590 1684 16 19 it
1622 1684 17 18 is
1656 1684 61 19 taken
1737 1685 31 19 for
1787 1686 85 24 granted

1441 1711 43 19 that
1495 1711 35 19 the
1549 1711 33 18 old
1604 1717 47 12 ones
1674 1711 51 19 have
1736 1711 66 20 either
1821 1712 51 19 been

1441 1737 80 19 washed
1532 1740 34 16 out
1577 1737 20 18 of
1614 1737 106 22 existence,
1741 1744 22 12 or
1780 1738 41 20 like
1838 1740 35 18 the

1462 1763 62 19 bones
1535 1763 21 18 of
1566 1762 68 20 Orosar
1643 1763 52 18 dead
1711 1763 39 19 and
1768 1764 75 20 turned
1853 1769 20 15 to

1516 1789 48 19 used
1575 1792 21 16 to
1633 1792 44 21 stop
1695 1796 12 12 a
1724 1790 46 18 hole
1785 1794 20 15 to
1822 1791 51 25 keep

1441 1816 34 18 the
1486 1814 51 21 wind
1656 1815 81 26 Taking
1754 1817 26 18 all
1791 1817 33 19 tho
1835 1817 29 19 cir-

1440 1846 126 15 cumstances
1589 1841 42 19 into
1651 1841 155 22 consideration,
1827 1844 44 21 viz.,

1441 1868 34 18 tho
1485 1867 65 19 desiro
1561 1867 21 19 of
1597 1867 34 19 tho
1648 1867 66 19 Board
1733 1871 21 16 to
1770 1869 104 19 introduce

1441 1900 12 12 a
1462 1893 62 19 check
1535 1895 80 24 system,
1625 1894 34 18 the
1670 1895 39 18 loss
1721 1895 21 19 in
1750 1895 74 22 towels,
1833 1895 40 19 and

1441 1921 33 18 the
1490 1923 82 22 present
1588 1922 156 23 unsatisfactory
1761 1921 113 19 conditions

1441 1945 20 20 in
1471 1946 73 25 regard
1556 1949 20 15 to
1596 1946 92 25 washing
1707 1947 61 23 them,
1789 1948 57 18 there
1857 1949 17 17 is

1441 1978 60 18 every
1510 1978 72 13 reason
1593 1975 20 16 to
1621 1979 87 18 suppose
1715 1973 45 19 that
1768 1974 35 18 tho
1810 1975 52 23 adop-

1441 1999 42 18 tion
1493 1999 21 18 of
1523 2004 54 13 some
1587 1998 49 19 such
1646 1999 47 25 plan
1705 2006 22 12 as
1740 2000 64 18 above
1818 2000 43 18 indi-

1440 2024 57 19 cated
1511 2024 66 19 would
1590 2025 46 24 give
1651 2025 52 24 good
1716 2026 80 19 results.
1831 2027 43 18 The

1440 2051 72 18 tickets
1535 2050 80 21 should,
1639 2052 21 18 of
1679 2058 76 16 couise,
1770 2052 50 25 only
1848 2052 27 19 be

1440 2076 68 19 issued
1521 2079 20 16 to
1554 2076 55 19 hotel
1627 2077 39 19 and
1690 2078 99 26 boarding
1810 2079 64 18 house

1439 2102 86 25 keepers
1543 2103 32 18 for
1589 2103 35 18 the
1641 2110 35 13 use
1691 2104 20 19 of
1727 2104 53 19 their
1796 2108 76 22 guests,

1439 2129 66 18 either
1514 2132 21 15 to
1544 2128 38 19 sell
1592 2136 22 11 or
1624 2130 45 24 give
1679 2136 57 18 away
1746 2137 22 12 as
1779 2137 46 19 may
1832 2131 42 18 suit

1439 2155 37 18 the
1484 2158 65 15 status
1559 2155 23 18 of
1590 2155 34 18 the
1635 2156 68 18 house.
1733 2156 20 19 It
1767 2160 53 15 must
1831 2157 42 18 also

1439 2180 26 19 be
1483 2180 139 20 remembered
1646 2182 45 20 that
1707 2183 76 18 certain
1802 2183 21 18 of
1838 2183 35 18 the

1439 2209 73 16 houses
1524 2207 47 18 here
1582 2206 51 19 have
1647 2207 60 20 baths
1716 2209 21 18 of
1752 2209 53 18 their
1820 2215 51 16 own,

1439 2233 40 19 and
1490 2232 45 20 that
1544 2233 17 18 if
1574 2233 34 19 the
1625 2234 138 19 Government
1778 2235 60 24 delay
1848 2236 20 17 in

1438 2265 90 18 opening
1538 2265 26 18 up
1576 2259 34 19 tho
1621 2260 84 23 Kuirau,
1715 2261 80 25 private
1805 2264 57 15 enter-

1438 2285 54 24 prise
1503 2285 41 18 will
1556 2285 110 26 inevitably
1681 2286 25 20 do
1720 2293 22 13 so
1757 2290 22 16 to
1794 2287 35 19 the
1839 2287 23 19 de-

1438 2311 84 19 triment
1532 2311 21 18 of
1560 2311 34 19 the
1611 2312 89 23 existing
1716 2313 67 19 baths.
1816 2313 57 19 Even

1438 2339 21 16 at
1467 2337 36 19 the
1510 2340 80 21 present
1600 2339 56 22 time,
1664 2339 48 19 with
1730 2340 53 18 what
1798 2340 17 18 is
1829 2343 33 15 tan-

1438 2365 93 17 tamount
1545 2366 20 16 to
1580 2370 12 12 a
1609 2365 72 23 failing
1691 2366 73 24 supply
1775 2366 21 18 of
1811 2368 63 16 water

1438 2391 22 17 at
1477 2389 35 19 the
1526 2389 84 19 Priest's
1620 2391 62 21 Bath,
1693 2394 35 16 the
1739 2392 72 25 highly
1825 2398 35 12 cur-

1438 2416 54 18 ative
1499 2416 81 24 springs
1595 2416 72 19 known
1691 2424 22 12 as
1736 2417 34 21 the
1787 2418 87 18 Lobster

1438 2441 40 19 and
1489 2442 34 18 the
1532 2441 75 23 Yenus,
1618 2443 40 18 and
1668 2443 42 19 also
1719 2444 58 18 those
1787 2447 21 16 at
1817 2444 57 18 hake

1439 2467 70 19 House
1521 2474 34 12 are
1570 2469 103 25 recoiving
1687 2476 57 12 more
1758 2471 41 19 and
1818 2476 56 13 more

1437 2493 109 18 attention-

1438 2567 103 24 LOCAL
1555 2568 96 23 NEWS
1674 2569 71 24 AND
1759 2570 105 23 NOTES.

1462 2636 85 17 Tourists
1568 2637 101 22 travelling
1685 2638 85 17 between
1790 2639 86 17 Rotorua

1437 2659 39 17 and
1486 2659 99 17 Auckland
1595 2666 34 11 can
1643 2661 40 22 rely
1697 2667 51 17 upon
1762 2662 76 23 getting
1850 2668 25 12 an

1437 2683 94 16 excellent
1540 2683 35 17 hot
1587 2683 94 18 luncheon
1694 2686 20 16 at
1730 2683 40 19 the'
1777 2685 98 17 Frankton

1437 2705 65 20 Ilotel,
1525 2706 97 18 Frankton
1636 2706 98 23 Junction,
1756 2709 64 17 where
1841 2708 34 18 the

1437 2729 51 17 train
1495 2730 52 21 stops
1557 2730 22 16 20
1589 2730 97 18 minutes.*

1463 2768 55 18 Some
1526 2775 98 17 necessary
1633 2771 70 21 repairs
1712 2777 33 11 are
1752 2771 58 23 being
1821 2772 55 17 made

1437 2797 25 11 on
1471 2792 32 16 the
1513 2792 31 17 old
1560 2793 45 17 mail
1613 2793 46 17 road
1673 2794 86 18 between
1775 2795 46 17 here
1836 2795 39 17 and

1437 2815 107 23 Tauranga.

1461 2851 32 18 Mr
1500 2852 59 21 Percy
1568 2852 96 17 Robinson
1673 2853 15 17 is
1698 2854 87 21 gazetted
1794 2860 24 11 an
1834 2854 33 17 offi-

1437 2880 32 12 cer
1476 2874 21 18 in
1514 2874 38 17 this
1568 2875 74 17 district
1658 2876 60 18 under
1734 2877 35 17 the
1784 2876 92 19 Fisheries

1438 2897 136 18 Conservation
1582 2899 42 20 Act,
1636 2899 52 17 18S4.

1463 2934 75 18 Stead's
1547 2935 124 23 Masterpiece
1679 2935 87 24 Library,
1782 2937 94 18 Numbers

1442 2958 16 19 1,
1468 2960 10 15 2
1488 2957 37 18 and
1535 2959 10 15 3
1554 2959 20 16 to
1587 2958 57 21 hand,
1662 2960 118 22 Threepence
1796 2960 45 18 cacfi
1857 2963 20 15 at

1439 2981 118 17 Ciikoxiclk
1566 2981 76 18 Office.*

1462 3014 32 17 Mr
1500 3014 57 17 Stone
1561 3015 20 16 of
1585 3015 119 18 Birkenhead
1709 3016 57 22 again
1772 3016 105 18 conducted

1439 3036 35 18 the
1481 3037 132 22 Presbyterian
1626 3038 72 18 servicer
1711 3040 20 17 in
1748 3040 35 17 the
1798 3040 67 17 School-

1439 3061 58 17 house
1506 3066 25 11 on
1540 3061 77 22 Sunday
1634 3062 91 23 morning
1739 3063 38 17 and
1794 3064 82 22 evening

1439 3084 37 17 last
1484 3085 21 16 to
1514 3083 49 23 good
1572 3085 130 17 attendances.

1462 3120 40 17 The
1510 3120 106 22 employees
1625 3122 20 17 of
1653 3122 70 18 Messrs
1734 3123 75 18 Kusabs
1815 3123 61 21 Bros.,

1441 3144 115 21 proprietors
1565 3144 20 17 of
1601 3145 35 16 the
1651 3145 91 18 Mamaku
1757 3147 42 16 Saw
1824 3147 52 17 Mills

1439 3167 49 16 have
1496 3167 120 17 contributed
1624 3168 34 17 the
1665 3174 46 16 very
1719 3170 103 17 creditable
1836 3176 41 11 sum

1441 3190 19 17 of
1469 3189 26 18 3
1509 3191 21 16 5s
1537 3189 81 18 towards
1627 3191 32 17 the
1679 3192 122 18 Brunnerton
1817 3193 61 17 Relief

1441 3212 57 17 Fund

1464 3245 41 16 The-
1527 3245 75 16 rainfall
1620 3245 70 21 during
1702 3247 33 16 the
1759 3248 43 20 past
1823 3248 52 17 week

1441 3268 103 16 amounted
1552 3269 19 15 to
1583 3268 70 18 I.6*in.
1667 3269 38 18 The
1717 3271 127 21 temperature
1858 3271 20 17 of

1441 3290 35 18 the
1481 3290 72 18 Priests
1561 3290 50 18 Bath
1620 3291 34 18 has
1673 3293 72 20 ranged
1752 3294 29 16 fro
1785 3299 17 11 tn
1816 3294 36 17 100
1857 3295 21 16 to

1443 3313 34 17 110
1484 3319 25 11 on
1517 3314 33 16 the
1559 3314 58 17 men's
1631 3315 38 17 side
1679 3316 38 17 and
1726 3316 47 17 from
1784 3318 21 16 95
1815 3318 19 16 to
1846 3318 32 16 102

1441 3342 25 11 on
1474 3337 35 16 the
1524 3337 96 18 women's.

1465 3372 24 17 In
1498 3378 129 16 consequence
1634 3374 20 16 of
1667 3374 33 17 the
1716 3374 79 19 absence
1809 3375 21 18 of
1845 3375 33 18 the

1441 3396 94 16 treasurer
1551 3396 42 16 who
1601 3396 38 16 had
1652 3396 46 18 been
1709 3398 59 17 called
1777 3400 20 15 to
1813 3399 52 17 Auck-

1441 3417 45 18 land
1507 3424 24 11 on
1552 3418 85 18 business
1653 3420 35 16 the-
1702 3421 84 22 meeting
1806 3422 21 16 of
1845 3422 33 17 tho

1441 3441 81 21 Library
1543 3441 114 18 Committee'
1677 3443 61 18 called
1758 3445 31 16 for
1808 3445 70 23 Friday

1441 3464 56 21 night
1506 3469 39 12 was
1554 3464 104 23 adjnin-ned
1667 3466 30 17 till
1703 3468 112 17 to-morrow
1820 3474 46 11 even-

1441 3487 34 22 ing
1483 3489 20 15 at
1512 3488 10 15 8
1531 3487 79 17 o'clock.

1465 3523 67 19 Music,
1543 3522 67 20 Music,
1617 3523 98 19 Music:
1716 3525 17 17 A
1742 3526 65 18 choice-
1819 3527 48 17 selec-

1441 3546 41 17 tion
1491 3546 21 17 of
1526 3546 32 17 the
1573 3546 57 17 latest
1644 3553 62 16 songs,
1721 3548 26 22 by
1764 3550 45 17 such
1826 3556 39 12 com-

1441 3574 64 16 posers
1528 3575 20 11 as
1568 3569 80 20 Pinsuti,
1667 3570 92 19 Berthold
1773 3573 65 20 Tours,
1855 3574 14 17 C

1443 3592 88 21 Godfrey,
1543 3591 90 21 Sherwin,
1644 3593 150 23 Banks-Winter,
1810 3596 68 23 Henry

1442 3614 63 19 Klein,
1515 3614 89 18 Juncker.
1613 3615 104 20 Caraccioh*
1734 3617 90 23 Braham,
1831 3620 46 16 Ivan

1442 3638 70 19 Carvll,
1521 3638 75 22 Angela
1609 3639 114 21 Rawlin.son,
1733 3641 65 23 Gatty,
1813 3642 63 21 Birch,

1442 3660 84 21 Barnett,
1545 3661 115 19 Dcsommes,
1679 3663 111 21 Offenbach,
1808 3665 26 18 &o
1844 3666 31 17 &o.

1442 3684 45 17 Also
1496 3683 87 21 Waltzes,
1594 3684 92 21 Marches,
1697 3687 96 21 Gavottes,
1810 3688 55 18 Seren-

1442 3706 50 21 ades,
1511 3706 106 22 Rondeaus,
1628 3709 37 16 and
1684 3709 101 19 Overtures
1799 3711 30 17 for
1844 3711 33 18 the

1441 3729 110 17 Pianoforte
1559 3729 26 22 by
1594 3730 76 24 Gmig'l,
1681 3732 98 22 D'Albcrt,
1795 3734 80 21 Rossini,

1443 3751 82 24 Stephen
1554 3753 75 19 Glover,
1653 3755 78 21 Ketten,
1744 3751 2 26 '
1761 3757 114 20 Beethoven,

1443 3775 88 21 Lurdelli,
1550 3776 121 18 Ileuncrbein
1697 3778 93 18 Harrison
1808 3779 67 20 White,

1442 3798 111 20 Pochotsch,
1564 3800 77 20 Bonser,
1651 3801 26 18 &c
1687 3802 32 17 &c.
1744 3802 77 18 Francis
1838 3803 37 17 and

1442 3821 52 22 Days
1513 3822 43 16 11th
1576 3822 64 18 Comic
1653 3824 82 21 Annual,
1752 3826 63 17 words
1839 3826 37 17 and

1441 3844 62 18 music-
1514 3846 21 15 at
1544 3845 116 18 Cireo.N-icLE
1671 3847 74 18 Office.*

1465 3876 38 16 The
1512 3875 86 18 Wuikato
1607 3877 95 19 Advocate
1711 3879 116 18 understand
1833 3881 43 16 that

1441 3899 33 16 the
1483 3899 62 16 Maori
1554 3899 57 23 King,
1622 3900 86 23 Mahuta,
1724 3903 37 17 and
1770 3903 54 20 suite,
1831 3909 33 16 pro-

1441 3922 44 16 ceed
1494 3923 20 15 to
1523 3922 155 22 Maungatautari
1691 3930 25 12 on
1730 3925 83 18 business
1831 3932 33 11 con-

1441 3944 67 17 nected
1516 3944 47 18 with
1572 3946 45 20 gold
1631 3948 122 21 prospecting
1761 3955 43 10 now
1818 3949 58 21 being

1441 3967 81 22 actively
1535 3969 71 17 carried
1620 3975 31 11 on.
1684 3970 39 18 The
1738 3971 48 22 king
1798 3972 34 17 has
1846 3973 20 16 of-

1441 3990 52 17 fered
1502 3997 11 10 a
1521 3991 53 21 large
1583 3993 71 16 reward
1663 3993 30 17 for
1700 3994 33 17 the
1743 3995 96 22 discovery
1857 3995 19 17 of

1441 4013 52 21 gold,
1503 4013 37 17 and
1549 4014 16 16 it
1573 4014 15 17 is
1596 4016 89 21 expected
1693 4017 44 17 that
1745 4023 51 12 some
1804 4017 59 23 impor-

1441 4037 43 16 tant
1493 4036 139 22 developments
1649 4044 32 12 arc
1690 4045 24 11 on
1722 4040 32 17 the
1763 4046 33 11 eve
1804 4042 21 15 of
1841 4047 22 10 an-

1441 4063 131 15 nouncement,
1590 4061 73 22 though
1679 4063 92 22 probably
1793 4064 83 21 nothing

1441 4082 39 17 will
1503 4082 23 17 be
1547 4083 54 16 made
1618 4084 64 22 public
1700 4086 49 17 until
1773 4087 49 16 after
1843 4087 32 16 the

1441 4105 86 22 meeting
1545 4106 19 16 of
1580 4106 31 17 the
1633 4106 69 19 Native
1723 4109 116 17 Parliament
1856 4110 18 16 in

1441 4127 52 23 May.

1923 124 21 17 It
1951 125 15 16 is
1975 125 78 17 notified
2066 126 20 16 in
2100 126 81 17 another
2197 126 75 17 column
2288 127 43 18 that

1900 148 32 16 the
1941 148 124 22 subscription
2071 148 41 18 lists
2118 149 19 16 in
2144 149 31 17 id
2184 150 20 16 of
2210 149 32 17 the
2248 150 86 17 Brainier

1900 171 61 16 Relief
1969 171 56 17 Fund
2032 171 48 17 close
2097 177 26 12 on
2131 172 33 16 the
2173 172 45 16 30th
2232 173 44 17 inst.
2302 174 31 16 Mr

1899 193 90 23 Malfroy,
2003 194 95 17 chairman
2108 197 21 14 of
2144 197 35 14 the
2194 197 58 15 Town
2269 196 64 17 Board

1900 216 37 17 will
1946 217 70 17 receive
2025 217 25 18 all
2059 218 77 19 monies,
2147 218 37 16 and
2193 218 82 17 forward
2281 220 51 17 them

1899 240 20 16 io
1928 239 31 18 Una
1975 246 69 16 proper
2057 242 83 21 quart-en

1921 275 39 17 The
1968 276 99 17 Auckland
2074 278 69 20 agents
2154 276 30 17 for
2196 277 33 16 the
2236 277 95 21 Huddart,

1899 298 71 17 Parker
1982 299 38 16 line
2031 299 20 17 of
2064 301 90 15 steamers
2166 300 63 22 notify
2242 300 43 17 that
2300 301 33 17 the

1898 321 83 22 Angli:m
1991 322 38 16 will
2038 322 33 17 sail
2081 323 30 16 for
2119 322 76 23 Sydney
2208 329 24 11 on
2248 324 85 17 Mondav

1898 345 46 16 next
1952 345 33 16 the
1994 345 45 17 20th
2047 345 39 17 inst
2099 347 21 15 at
2136 347 10 15 4
2164 352 46 15 p.m.
2225 346 74 17 instead
2313 348 20 16 of

1899 367 9 16 7
1918 373 45 15 p.m.
1973 374 20 11 as
2004 368 95 22 formerly.
2132 369 19 16 It
2167 369 15 16 is
2199 369 40 16 also
2255 369 78 18 notified

1898 390 42 17 that
1949 390 19 17 in
1977 391 64 16 future
2049 392 33 15 the
2090 392 84 21 Anglian
2182 392 38 16 and
2234 392 99 18 Tasmania

1898 413 39 17 Will
1945 414 34 16 s.-iil
1988 416 20 14 at
2017 415 10 15 .'J
2036 420 45 16 p.m.
2091 414 38 17 and
2137 416 11 15 4
2158 420 45 17 p.m.
2211 415 122 23 respectively

1898 435 73 18 instead
1980 437 20 16 of
2008 439 19 14 at
2037 437 32 17 the
2077 439 76 21 present
2161 438 55 17 hour.

1921 471 99 22 Inspector
2029 472 92 18 Emerson
2137 473 36 17 left
2189 474 30 17 for
2232 474 100 22 Taurangn

1898 500 23 10 on
1931 494 69 22 Friday
2005 496 114 17 moruinsron
2125 496 29 17 his
2160 498 64 16 return
2234 498 19 16 to
2263 497 70 24 Napier

1898 517 30 17 via
1937 517 104 19 Auckland.
2067 519 61 17 While
2137 519 43 17 here
2189 521 32 15 the
2235 521 98 21 Inspector

1897 540 99 18 instituted
2018 542 93 22 enquiries
2135 543 103 21 regarding
2262 544 70 17 certain

1897 563 113 23 complaints
2017 564 55 18 made
2078 565 29 23 by
2114 565 33 18 the
2169 565 72 19 natives
2258 567 75 21 against

1897 587 33 16 the
1938 587 62 17 Maori
2008 588 111 21 policeman,
2133 588 61 18 Adam
2212 589 62 20 Clark,
2290 590 42 17 who

1897 615 38 12 was
1944 610 81 22 charged
2036 611 45 17 with
2090 611 72 21 having
2171 613 122 21 overstepped
2304 613 28 17 his

1897 632 47 23 duty
1961 639 24 11 on
2002 634 70 17 several
2093 635 101 17 occasions.
2219 635 40 18 The
2281 642 39 11 com-

1897 656 76 21 plaints,
1982 657 16 16 it
2006 657 16 17 is
2028 657 122 21 understood,
2160 664 49 11 were
2224 658 108 19 considered

1897 679 96 17 frivolous.

1920 710 71 18 Father
2003 711 124 22 Kreijmborg
2141 713 43 16 who
2200 713 34 17 has
2251 714 46 17 been
2312 714 19 17 in

1897 734 69 22 charge
1975 735 20 15 of
2004 735 32 16 the
2049 735 86 18 Catholic
2153 736 75 17 Church
2245 737 43 17 hen;
2303 738 29 16 for

1897 763 50 11 some
1954 757 45 17 time
2012 760 43 20 past
2071 758 16 17 is
2104 759 60 17 about
2180 761 19 15 to
2217 760 78 22 proceed
2312 762 21 16 to

1897 780 67 20 Waihi,
1974 786 46 11 near
2034 781 95 20 Tokaanu,
2145 782 63 17 where
2224 783 52 16 there
2289 783 16 18 is
2321 790 11 11 a

1897 803 52 22 large
1958 804 63 17 native
2029 804 114 18 settlement.
2169 804 70 18 Father
2248 806 72 22 Kreijm-

1896 826 49 22 borg
1953 827 34 17 has
1992 827 47 17 been
2048 829 50 15 most
2106 828 102 18 successful
2217 828 43 18 here
2269 830 19 16 in
2303 830 29 17 his

1897 849 52 18 work
1958 851 87 21 amongst
2055 851 32 16 the
2095 852 73 17 natives
2177 851 38 18 and
2224 852 49 17 their
2281 853 51 21 good

1897 872 66 17 wishes
1972 873 64 17 follow
2045 874 39 17 him
2100 874 20 17 in
2133 875 30 16 his
2177 881 42 10 new
2232 875 67 23 sphere
2312 877 21 16 of

1896 895 59 18 labor.
1985 896 39 17 The
2040 896 101 23 European
2158 898 93 17 members
2267 899 20 16 of
2302 900 30 17 his

1897 920 135 22 congregation
2053 920 39 17 also
2118 921 47 17 view
2185 921 30 17 his
2231 921 101 22 departure

1897 942 45 17 with
1963 944 68 20 regret.
2065 943 70 18 Father
2152 944 21 17 P.
2196 944 68 23 Kemp,
2283 946 49 17 from

1897 965 102 23 Hokianga
2008 966 87 17 succeeds
2103 968 20 15 to
2133 967 33 16 the
2174 968 69 22 charge
2257 968 50 18 here.

1920 1002 22 16 In
1954 1001 113 22 conformity
2073 1002 46 17 with
2128 1009 12 11 a
2146 1003 103 19 resolution
2265 1005 67 22 passed

1896 1026 20 15 at
1925 1024 32 18 the
1966 1025 36 16 last
2011 1025 77 21 regular
2095 1026 85 22 meeting
2194 1027 21 17 of
2228 1027 32 17 the
2273 1028 58 17 Town

1897 1048 61 17 Board
1967 1048 62 17 notice
2037 1048 16 17 is
2060 1049 56 21 given
2124 1049 20 17 in
2161 1050 79 17 another
2257 1051 75 18 column

1897 1070 41 18 that
1948 1071 72 17 Fenton
2031 1072 61 16 .Street
2100 1072 49 17 from
2159 1072 174 20 Whakarewarewa

1896 1096 20 15 to
1928 1094 32 17 the
1973 1094 108 22 Esplanade
2097 1095 15 17 is
2129 1095 62 17 closed
2208 1097 75 20 against
2299 1098 34 17 the

1897 1123 79 17 passage
1995 1118 20 17 of
2033 1117 57 18 cattle
2099 1124 21 11 or
2132 1119 62 22 sheep,
2212 1126 43 10 sure
2272 1120 61 19 under

1896 1147 11 10 a
1920 1141 74 22 permit.
2035 1141 81 18 Permits
2133 1148 43 16 may
2185 1142 25 17 lx
2215 1142 87 19 obtained
2311 1146 21 15 at

1897 1163 33 19 the
1938 1164 47 17 Post
1994 1163 63 19 Offiac.
2082 1164 44 18 This
2135 1165 55 17 order
2203 1166 15 16 is
2231 1166 19 17 in
2267 1173 54 12 conse-

1895 1193 71 16 quence
1975 1187 20 17 of
2003 1187 33 17 the
2044 1189 64 16 recent
2114 1188 115 18 destruction
2236 1190 20 16 of
2262 1191 70 17 several

1898 1210 84 17 hundred
1992 1216 66 17 young
2065 1216 47 18 gum
2121 1213 49 16 trees
2185 1211 27 23 by
2228 1218 12 11 a
2255 1214 78 22 passing

1897 1234 43 16 mob
1949 1234 20 17 of
1978 1234 62 22 sheep.

1919 1265 32 18 Mr
1959 1265 21 17 T.
1989 1265 19 16 J.
2018 1264 96 19 Robinson
2131 1266 16 17 is
2163 1267 19 16 in
2199 1268 70 22 receipt
2285 1269 21 16 of
2321 1275 11 11 a

1895 1288 57 17 letter
1960 1289 48 16 from
2018 1289 32 16 the
2057 1290 71 21 Bishop
2133 1290 21 16 of
2160 1290 78 22 Waiapu
2245 1291 19 17 in
2271 1291 60 19 which

1897 1312 32 16 the
1938 1311 57 17 latter
2003 1313 59 15 states
2070 1312 43 18 that
2122 1312 23 18 he
2154 1312 38 18 will
2202 1314 51 17 leave
2262 1315 70 21 Napier

1896 1336 29 16 for
1933 1335 65 21 Taupo
2007 1340 24 12 on
2040 1335 33 18 the
2087 1336 45 16 27th
2149 1336 37 17 inst
2202 1337 37 17 and
2256 1340 76 19 expects

1895 1359 20 16 to
1936 1357 24 18 be
1973 1358 19 17 in
2010 1358 83 17 Rotorua
2111 1359 25 22 by
2154 1359 82 23 Sunday,
2252 1361 45 22 May
2314 1362 17 17 9.

1895 1382 39 16 The
1944 1382 70 21 Bishop
2023 1381 39 18 also
2069 1383 58 16 states
2137 1382 42 17 that
2188 1382 23 19 he
2220 1383 33 17 has
2262 1385 21 16 at
2295 1385 37 16 last

1895 1404 101 18 succeeded
2013 1404 18 18 in
2046 1405 87 22 securing
2149 1411 12 11 a
2177 1406 109 22 clergyman
2302 1408 30 16 for

1897 1429 83 15 Rotorua
1996 1428 19 16 in
2030 1428 32 17 the
2079 1434 68 16 person
2164 1430 20 16 of
2200 1429 32 18 the
2249 1430 46 17 Rev.
2312 1430 18 19 8.

1896 1450 55 25 Ingle
1961 1451 41 16 who
2011 1451 15 17 is
2039 1453 21 15 at
2073 1452 76 22 present
2165 1452 19 17 in
2201 1452 129 24 Invevcargill.

1897 1474 30 17 Mr
1936 1474 55 21 Ingle
2001 1474 37 17 will
2047 1474 93 24 probably
2149 1475 23 16 he
2179 1476 19 16 in
2207 1476 83 17 Rotorua
2299 1477 21 16 be-

1895 1498 40 16 fore
1944 1497 31 17 the
1982 1497 36 17 end
2027 1498 21 16 of
2056 1498 32 16 the
2097 1498 73 17 month.

1920 1533 39 17 The
1968 1533 79 17 Concert
2057 1534 113 17 Committee
2176 1536 38 16 mot
2224 1541 23 11 on
2262 1535 69 24 Friday

1895 1557 57 22 night
1961 1557 19 16 in
1991 1556 33 17 the
2032 1557 88 21 Reading
2130 1557 61 18 Room
2209 1558 53 19 when
2279 1560 53 17 there

1896 1585 38 12 was
1944 1586 10 11 a
1965 1580 48 21 good
2023 1580 119 17 attendance.
2168 1581 19 17 It
2203 1587 38 12 was
2255 1582 77 18 decided

1896 1604 20 17 to
1926 1603 51 17 hand
1987 1609 44 11 over
2039 1603 33 17 the
2080 1604 89 21 proceeds
2178 1604 23 18 of
2213 1605 33 17 the
2264 1606 67 18 Sacred

1896 1627 80 16 Concert
1989 1625 19 19 in
2017 1625 30 19 aid
2057 1627 19 17 of
2092 1627 30 17 tho
2137 1628 119 17 Brunncrton
2271 1629 61 18 Relief

1896 1650 55 17 Fund
1958 1651 19 15 to
1987 1650 30 16 Mr
2024 1649 83 24 Malfroy
2116 1651 20 17 to
2145 1650 23 17 be
2184 1651 106 19 forwarded
2306 1652 26 24 by

1895 1672 40 18 him
1944 1674 20 17 to
1973 1672 32 18 the
2013 1678 68 17 proper
2098 1674 82 23 quarter.
2207 1675 19 16 It
2245 1679 37 14 was
2299 1676 22 17 de-

1896 1696 53 17 cided
1959 1696 40 17 that
2008 1702 9 10 a
2025 1698 75 16 concert
2109 1697 68 17 should
2184 1699 20 15 ta
2217 1704 9 10 e
2241 1698 53 23 place
2307 1705 25 11 on

1897 1719 69 22 Friday
1989 1719 56 21 night
2058 1720 30 17 for
2112 1721 33 16 the
2165 1721 70 17 benefit
2252 1723 20 16 of
2300 1723 32 17 the

1897 1743 78 21 Library
1985 1742 87 24 building
2078 1744 131 17 fund.Certain
2224 1744 68 18 details
2312 1745 20 18 in

1897 1766 67 21 regard
1971 1768 37 15 ton
2017 1766 49 16 fresh
2077 1767 69 22 supply
2150 1767 20 17 of
2178 1767 84 18 lanterns
2265 1768 20 18 in
2295 1769 37 16 lieu

1897 1789 19 17 of
1925 1789 53 17 those
1985 1789 57 22 spoilt
2051 1789 25 22 by
2090 1790 33 17 the
2137 1791 47 20 rain,
2195 1790 31 18 the
2243 1792 77 21 appoint-

1896 1814 51 15 ment
1956 1813 21 16 of
1982 1818 65 16 young
2055 1813 44 21 lady
2109 1813 97 18 collectors
2219 1814 37 17 and
2272 1820 21 12 so
2308 1822 24 10 on

1896 1841 48 12 were
1959 1835 93 23 arranged
2083 1837 17 16 A
2116 1840 44 13 vote
2175 1838 21 16 of
2208 1838 69 17 thanks
2294 1844 38 12 was

1897 1861 111 20 luminously
2024 1860 90 16 accorded
2128 1864 20 13 to
2169 1860 96 18 Professor
2286 1862 34 17 Car-

1896 1882 37 16 olio
1940 1882 37 16 and
1987 1882 54 18 other
2050 1883 91 17 members
2150 1883 20 17 of
2187 1884 32 16 the
2233 1885 99 17 Auckland

1897 1905 68 18 Choral
1986 1905 74 23 Society
2083 1906 43 17 who
2144 1907 36 17 had
2198 1907 69 18 offered
2283 1908 49 17 their

1897 1929 78 16 services
1984 1935 24 10 on
2017 1928 33 18 the
2058 1929 38 17 last
2105 1930 92 17 occasion.

1921 1968 22 17 In
1952 1968 68 21 regard
2029 1970 20 15 to
2058 1970 32 16 the
2100 1971 59 16 arrest
2165 1970 20 17 of
2201 1970 70 18 Messrs
2283 1971 36 18 Aus-

1897 1992 28 17 tin
1949 1991 38 17 and
2006 1992 93 23 Mounsey
2121 1999 24 10 on
2170 1993 33 17 the
2221 1994 111 22 groundless

1897 2015 69 22 charge
1980 2015 20 17 of
2012 2015 59 23 being
2083 2016 104 17 concerned
2203 2017 19 16 in
2239 2017 33 17 the
2288 2018 33 17 rob-

1896 2038 46 22 bery
1959 2039 21 16 at
1996 2039 32 16 the
2041 2038 49 18 local
2113 2041 44 20 post
2178 2039 54 18 office
2257 2041 75 23 Sydney

1897 2062 58 16 Truth
1966 2062 87 17 declaims
2062 2068 21 11 as
2100 2062 74 17 follows
2241 2064 39 17 The
2292 2065 30 17 vic-

1897 2085 43 17 tims
1956 2085 19 16 of
1986 2085 33 17 the
2037 2085 84 17 criminal
2138 2085 81 18 blunder
2234 2087 54 17 made
2307 2088 25 23 by

1897 2108 31 17 the
1937 2107 47 19 New
1993 2107 83 19 Zealand
2085 2109 60 22 police
2155 2115 30 11 are
2195 2110 51 22 right
2255 2110 19 17 in
2291 2111 23 17 do
2323 2120 9 5 -

1897 2130 90 24 manding
2009 2131 47 18 solid
2074 2133 141 21 compensation
2235 2133 47 18 from
2300 2135 32 17 the

1897 2154 95 18 Boer-like
1996 2153 111 20 authorities
2116 2156 21 16 of
2145 2156 44 16 that
2199 2155 75 23 piebald
2287 2160 33 19 pro-

1895 2177 59 18 vince.
1966 2177 20 17 If
1999 2177 32 17 the
2046 2177 47 17 New
2107 2178 83 17 Zealand
2205 2179 127 19 Government

1896 2201 41 16 fails
1947 2201 19 17 to
1983 2201 53 16 ma'-o
2045 2201 113 17 substantial
2166 2203 79 16 amends
2250 2203 29 17 for
2300 2204 32 17 the

1895 2225 81 20 outrage
1983 2224 15 17 it
2007 2224 38 17 will
2053 2224 25 17 be
2086 2224 84 17 Premier
2178 2225 63 18 Roid's
2247 2225 47 23 duty
2312 2229 20 16 to

1895 2246 43 18 lend
1959 2247 34 17 the
2015 2246 30 18 aid
2054 2248 20 16 of
2088 2247 30 18 his
2126 2250 139 16 remonstrance
2274 2256 20 11 so
2312 2257 21 10 as

1895 2271 21 16 to
1925 2276 62 11 secure
2001 2270 69 22 justice
2078 2272 19 16 to
2107 2271 56 17 much
2182 2272 90 23 wiunged
2286 2274 35 16 sub-

1895 2293 47 23 jects
1959 2293 20 17 of
1995 2294 39 17 this
2047 2294 54 17 State
2114 2295 44 16 who
2179 2295 47 17 have
2248 2297 84 17 received

1895 2316 113 17 substantial
2022 2317 88 22 injustice
2124 2318 25 16 frr
2156 2324 16 11 m
2198 2318 31 17 the
2243 2319 89 23 ignorant

1896 2340 80 16 minions
1998 2340 22 17 of
2034 2347 11 10 a
2067 2340 141 23 neighbouring
2232 2342 39 17 and
2287 2344 45 22 only

1895 2363 90 26 partially
1992 2362 84 19 civilized
2098 2364 112 22 province/'
2235 2366 44 17 This
2293 2366 30 17 vir-

1895 2386 61 23 tuous]
1965 2386 118 22 indignation
2098 2393 24 11 on
2137 2387 32 17 the
2187 2389 44 21 part
2255 2389 20 17 of
2300 2390 33 17 the

1895 2409 76 23 Botany
1979 2410 41 21 Bay
2034 2410 68 23 people
2110 2412 15 15 is
2132 2417 45 16 very
2186 2412 97 23 touching.

1921 2450 16 16 A
1946 2450 63 16 choice
2018 2450 89 17 selection
2120 2450 20 17 of
2154 2451 25 16 oil
2194 2452 97 22 paintings
2307 2452 26 24 by

1896 2473 31 17 Mr
1936 2473 20 17 C.
1968 2473 97 17 Blomh'eld
2076 2479 43 16 may
2128 2479 43 12 now
2180 2474 23 17 be
2212 2481 43 11 seen
2264 2477 19 16 at
2301 2476 32 17 the

1897 2495 120 18 Cnnoxicr.E
2024 2496 62 18 Office.
2113 2497 52 20 They
2174 2498 91 22 comprise
2276 2499 57 17 views

1896 2519 20 17 in
1926 2520 38 16 this
1973 2520 149 20 neighborhood,
2133 2520 99 21 Wairakei,
2250 2522 69 18 Whaka-

1897 2548 106 14 rewarewa,
2013 2548 39 15 ivc,
2066 2543 38 17 ,-oid
2121 2544 49 16 from
2183 2544 49 17 their
2245 2545 78 18 faithful-

1897 2571 41 11 ness
1959 2565 38 17 and
2015 2566 94 17 attention
2126 2568 20 16 to
2167 2567 58 17 detail
2246 2574 31 12 are
2290 2569 43 17 well

1897 2589 61 17 worth
1970 2589 33 16 the
2011 2589 94 17 attention
2115 2590 20 16 of
2144 2590 61 17 lovers
2219 2591 20 17 of
2248 2593 35 16 art.
2309 2592 24 18 In

1897 2612 84 17 addition
1990 2613 20 16 to
2020 2612 52 17 these
2081 2613 53 17 there
2148 2619 31 12 are
2196 2620 11 11 a
2220 2615 80 17 number
2314 2616 19 17 of

1897 2637 58 15 water
1962 2635 50 17 color
2020 2636 86 17 sketches
2115 2636 81 18 suitable
2205 2638 29 17 for
2243 2638 90 23 birthday

1897 2664 21 12 or
1926 2659 68 17 Easter
1999 2658 75 18 Cards.*

1920 2699 39 16 The
1968 2699 120 17 Rotorua-Te
2156 2700 45 17 road
2208 2701 16 16 is
2232 2707 42 11 now
2282 2707 38 12 com-

1897 2721 63 23 pleted
1977 2722 29 17 for
2015 2722 68 22 buggy
2090 2723 61 17 traffic
2159 2725 20 15 to
2189 2724 66 17 within
2268 2725 41 17 half
2322 2732 11 10 a

1897 2744 43 17 mile
1950 2745 20 16 of
1978 2740 148 27 Tapuaeharuru
2135 2747 19 16 at
2161 2747 160 19 theheadofoto-

1897 2768 28 16 iti.
1959 2768 40 16 The
2007 2768 45 17 road
2063 2769 70 22 parties
2142 2775 31 12 are
2189 2775 42 12 now
2247 2771 87 23 working

1898 2791 58 21 along
1965 2791 33 17 the
2006 2791 82 17 Rotoma
2097 2793 55 16 shore
2161 2793 38 17 and
2208 2794 19 16 in
2233 2794 59 17 about
2298 2795 36 17 five

1898 2814 77 17 months
1984 2814 15 17 it
2011 2815 15 16 is
2033 2815 93 22 expected
2135 2816 42 17 that
2190 2816 32 17 tho
2239 2817 60 17 whole
2314 2819 19 17 of

1898 2838 73 16 surface
1987 2838 51 16 work
2055 2839 30 16 for
2102 2839 33 16 tho
2147 2839 36 17 full
2194 2839 84 18 distance
2295 2840 40 19 will

1898 2860 23 17 be
1929 2860 86 18 finished.
2041 2861 38 17 The
2092 2863 54 16 route
2155 2862 58 23 along
2227 2863 32 17 the
2274 2864 48 17 Roto-

1898 2884 21 17 iti
1929 2883 54 18 shore
1991 2884 15 17 is
2016 2884 68 23 simply
2092 2891 10 10 a
2111 2886 104 17 succession
2229 2887 20 16 of
2259 2887 64 17 beauti-

1898 2907 28 16 ful
1935 2907 58 16 vistas
2010 2907 37 17 and
2056 2913 43 12 now
2109 2908 42 17 that
2160 2909 72 17 limited
2248 2916 73 12 accomo-

1898 2930 65 17 dation
1973 2936 35 11 can
2017 2930 22 17 be
2048 2931 91 17 obtained
2148 2933 19 16 at
2182 2932 32 17 Mr
2223 2932 76 19 Grant's
2314 2936 21 15 at

1898 2953 153 22 Tapuaeharuru,
2062 2954 53 17 there
2124 2954 16 17 is
2156 2955 84 23 nothing
2247 2957 20 17 to
2282 2957 53 17 deter

1898 2976 75 17 visitors
1981 2977 20 16 to
2018 2977 38 16 this
2071 2977 74 17 district
2158 2978 128 24 undertaking
2302 2981 32 17 the

1899 3000 44 21 trip.
1977 3000 56 17 From
2043 3000 148 22 Tapuaeharuru
2206 3003 21 16 to
2239 3002 94 22 Rotoehu,

1898 3022 84 23 through
1991 3023 122 22 magnificent
2122 3024 49 17 bush
2180 3031 82 16 scenery,
2268 3026 16 18 is
2290 3027 45 22 only

1900 3047 7 15 1
1916 3046 43 16 mile
1968 3045 37 17 and
2014 3052 11 10 a
2034 3047 81 21 quarter,
2126 3047 37 17 and
2184 3048 48 18 from
2245 3049 54 17 there
2314 3052 20 16 to

1898 3069 33 16 the
1947 3069 82 17 Rotoma
2045 3069 54 18 shore
2115 3070 17 17 is
2148 3071 58 17 about
2222 3072 43 16 four
2281 3073 53 18 miles

1898 3098 58 11 more.
1989 3092 125 22 Throughout
2123 3093 32 17 the
2172 3094 60 18 whole
2248 3096 21 17 of
2282 3096 52 18 these

1898 3115 52 17 lakes
1959 3115 64 19 ducks,
2033 3115 78 22 bittern,
2122 3116 38 18 teal
2170 3118 38 17 and
2217 3118 25 17 all
2252 3120 48 17 sorts
2315 3120 20 17 of

1899 3144 55 17 game
1964 3144 31 11 are
2003 3138 97 22 plentiful.

1922 3177 39 18 The
1970 3184 41 11 new
2020 3179 80 22 settling
2112 3180 47 16 tank
2174 3181 20 16 at
2208 3180 32 18 the
2250 3181 49 18 head
2316 3183 19 17 of

1900 3201 32 17 tho
1940 3201 44 22 pipe
1998 3201 37 17 line
2051 3202 16 17 is
2084 3203 37 16 fast
2138 3204 129 22 approaching
2283 3211 39 11 com-

1900 3224 71 22 pletion
1980 3224 33 17 the
2021 3224 61 18 whole
2092 3226 20 16 of
2121 3226 32 17 the
2161 3230 87 13 concrete
2255 3228 52 17 work
2315 3235 20 11 so

1900 3248 30 16 far
1938 3253 20 11 as
1967 3247 32 17 the
2008 3248 44 17 tank
2062 3247 52 19 itself
2127 3248 18 18 is
2161 3250 103 18 concerned
2278 3251 57 23 being

1900 3270 85 17 finished.
2011 3271 38 17 The
2058 3272 47 16 tank
2115 3272 62 17 wdiich
2191 3273 17 17 is
2222 3275 24 15 60
2261 3274 39 17 feet
2315 3275 20 17 in

1900 3294 66 20 length
1975 3294 16 16 is
1999 3293 75 18 divided
2083 3294 41 18 into
2137 3297 38 15 two
2189 3298 145 20 compartments

1900 3316 61 17 which
1971 3316 38 17 will
2018 3318 69 21 permit
2096 3318 20 17 of
2130 3319 43 16 each
2189 3318 57 22 being
2259 3320 76 18 cleaned

1900 3339 113 22 alternately
2022 3341 80 17 without
2112 3341 88 23 shutting
2209 3341 65 19 off'the
2283 3345 50 16 town

1900 3363 68 21 supply
1977 3369 21 11 as
2006 3363 34 17 has
2048 3363 84 18 hitherto
2140 3364 48 17 been
2196 3365 32 17 the
2241 3372 46 14 erase,
2297 3367 37 17 and

1900 3386 25 16 its
1933 3386 86 23 capacity
2028 3386 38 17 will
2075 3387 57 17 allow
2140 3388 32 16 the
2182 3388 90 18 sediment
2279 3391 20 16 to
2312 3390 22 17 he

1900 3409 89 22 properly
2009 3410 124 21 precipitated
2148 3410 64 18 before
2228 3412 32 16 the
2277 3415 58 15 water

1900 3433 62 16 enters
1971 3432 32 17 the
2012 3433 68 22 supply
2089 3433 59 22 pipes.
2173 3434 39 16 The
2220 3435 61 17 whole
2292 3442 43 11 area

1900 3455 20 16 of
1929 3454 152 24 Arikikapakapa
2092 3456 61 17 where
2162 3457 33 16 the
2203 3457 46 18 tank
2258 3458 15 17 is
2287 3457 37 19 situ-

1900 3477 44 17 ated
1952 3478 16 16 is
1977 3478 34 17 full
2017 3478 21 17 of
2045 3478 79 18 intercsc
2132 3485 20 10 as
2159 3480 16 16 it
2184 3480 85 18 abounds
2275 3482 20 16 in
2301 3482 34 17 hot

1900 3501 80 22 springs,
1987 3501 45 17 mud
2041 3507 75 16 geysers
2126 3502 37 17 and
2172 3508 55 12 cones
2235 3504 37 17 and
2281 3511 20 11 so
2311 3511 23 11 on

1900 3523 37 17 and
1946 3530 20 11 as
1975 3524 31 17 the
2015 3525 54 16 roads
2078 3524 59 22 lately
2151 3526 72 21 opened
2239 3533 26 16 up
2282 3530 51 15 make

1899 3547 17 16 it
1923 3553 45 16 easy
1976 3548 20 16 of
2002 3553 60 11 access
2071 3548 16 16 it
2095 3548 15 17 is
2124 3554 11 11 a
2151 3549 77 17 wonder
2243 3550 43 17 that
2302 3551 31 17 tho

1899 3568 78 24 locality
1984 3570 17 17 is
2008 3572 34 15 not
2050 3576 54 12 more
2110 3571 108 24 frequently
2226 3573 67 17 visited
2309 3574 24 22 by

1899 3593 83 17 tourists.

1923 3632 38 17 The
1970 3632 129 21 Agricultural
2107 3635 75 16 returns
2188 3635 29 17 for
2223 3635 32 17 the
2262 3636 71 23 Colony

1899 3661 31 10 are
1949 3655 99 21 published
2062 3656 19 16 in
2098 3663 11 10 a
2126 3657 119 21 supplement
2260 3660 21 16 to
2297 3659 36 18 last

1899 3678 67 17 week's
1977 3678 127 18 Government
2113 3678 83 19 Gazette.
2214 3680 39 18 The
2259 3682 63 17 follow-

1898 3701 35 22 ing
1941 3701 112 22 particulars
2061 3702 103 23 rcffarding
2179 3703 31 17 the
2225 3704 75 23 County
2314 3706 19 17 of

1900 3724 84 17 Rotorua
1996 3730 31 11 are
2041 3725 98 17 extracted
2152 3726 102 18 therefrom
2262 3729 56 16 :Un-

1900 3746 33 17 der
1941 3748 40 15 oats
1994 3747 30 17 for
2037 3748 55 19 chaff,
2107 3748 21 17 78
2142 3755 51 11 acres
2202 3746 4 23 ;
2229 3751 59 17 maize
2304 3752 29 17 for

1898 3770 106 21 threshing,
2018 3771 23 16 SO
2055 3770 62 25 acres;
2140 3772 30 16 for
2186 3772 76 23 feeding
2278 3774 54 17 down

1899 3793 45 16 with
1959 3793 58 19 stock,
2036 3794 10 16 2
2063 3799 57 12 acres.
2154 3795 81 20 Clovers,
2253 3802 78 16 grasses,

1898 3816 40 18 &c.,
1940 3816 88 17 Mixed
2046 3822 79 15 grasses,
2143 3817 30 18 for
2189 3818 76 24 feeding
2278 3820 54 17 down

1898 3838 47 17 with
1954 3838 58 20 stock,
2024 3840 33 16 7.3.3
2066 3838 61 25 acres;
2142 3840 30 17 for
2180 3841 43 22 hay,
2234 3843 21 16 20
2270 3838 60 25 acres:

1898 3861 32 17 red
1941 3861 61 17 clover
2010 3867 21 11 or
2040 3868 39 11 cow
2088 3868 59 17 grass,
2158 3864 29 16 for
2196 3864 47 21 feed,
2253 3867 10 15 5
2269 3872 50 11 acres
2327 3861 3 26 ;

1898 3884 73 17 surface
1980 3890 52 11 sown
2044 3891 79 15 grasses,
2141 3887 30 16 for
2187 3887 76 24 feeding
2277 3889 54 18 down

1897 3907 47 16 with
1962 3908 58 19 stock,
2034 3909 34 16 470
2089 3907 62 27 acres;
2173 3911 63 17 native
2252 3918 78 16 grasses,

1898 3930 33 16 380
1940 3936 57 12 acres.
2027 3931 61 17 Green
2102 3933 179 21 crops,Potatoes.
2299 3937 32 16 132

1897 3958 61 16 acres;
1977 3954 80 22 turnips,
2072 3955 22 17 22
2111 3961 62 15 acres;
2198 3958 105 22 mangolds,
2323 3961 5 15 1

1897 3981 53 16 acre;
1970 3977 76 20 carrots,
2061 3979 11 15 4
2098 3984 56 11 acres.
2189 3979 142 20 Plantations-

1897 3998 69 18 Native
1986 4000 54 21 bush,
2058 4001 53 19 3,294
2131 4007 60 16 acres;
2211 4004 92 20 artificial,
2321 4007 9 16 3

1897 4022 61 28 acres;
1971 4022 73 22 private
2053 4023 86 22 gardens,
2151 4026 7 15 1
2168 4031 42 12 acre
2217 4022 4 28 ;
2234 4027 96 23 ploughed

1897 4044 45 17 land
1951 4046 108 22 uncropped
2068 4047 37 16 this
2115 4053 70 15 season,
2196 4050 11 15 3
2217 4056 61 15 acres;
2300 4057 20 12 or-

1897 4067 73 20 chards,
1981 4069 20 16 14
2010 4074 57 12 acres.
2093 4070 38 17 The
2140 4071 80 18 number
2228 4073 20 17 of
2260 4074 68 22 horses,

1897 4090 97 23 including
2006 4092 75 19 entires,
2096 4093 93 22 geldings,
2208 4101 66 16 mares,
2284 4098 46 17 colts

1897 4113 37 16 and
1949 4113 54 17 fillies
2017 4115 15 16 is
2049 4117 27 15 set
2093 4117 55 16 down
2163 4119 20 15 at
2200 4113 43 27 3G7;
2266 4120 57 17 swine

1897 4136 33 17 274
1937 4142 5 15 ;
1956 4136 61 22 sheep,
2029 4136 43 22 985;
2087 4139 62 19 cattle,
2161 4141 40 17 318.

2378 129 39 17 The
2432 129 77 22 Sydney
2521 130 84 17 Bulletin
2613 137 35 11 can
2662 131 23 17 be
2700 132 90 17 obtained

2356 152 70 22 weekly
2434 154 21 15 at
2463 153 33 16 the
2504 153 117 17 Ciiroxicle
2630 154 74 18 Office.*

2379 182 39 18 The
2427 184 70 17 annual
2507 184 110 23 meeting-of
2625 186 135 17 householders
2772 186 19 17 of

2355 205 37 18 this
2401 207 74 17 district
2490 207 29 17 for
2535 208 32 16 the
2580 214 82 17 purpose
2677 210 20 16 of
2708 209 83 23 electing

2355 235 9 10 a
2387 229 63 18 school
2465 231 106 16 committee
2585 231 52 18 takes
2654 232 53 22 place
2721 232 20 18 in
2758 233 33 16 the

2356 252 67 17 School
2435 259 53 10 room
2496 260 25 9 on
2538 254 83 22 Monday
2637 255 32 17 the
2682 256 21 17 27
2707 256 21 17 th
2745 256 44 17 lost.

2355 275 114 18 Candidates
2493 282 43 16 may
2552 276 23 18 be
2591 278 110 18 nominated
2714 280 21 16 at
2757 279 34 17 the

2355 299 89 21 meeting.

2378 332 16 16 A
2402 336 42 12 new
2454 330 38 17 and
2500 337 45 16 very
2562 332 42 16 well
2620 332 85 18 behaved
2723 339 68 16 geyser

2355 355 59 17 which
2423 358 44 15 goes
2476 354 27 16 off
2510 360 20 10 as
2539 355 95 22 regularly
2647 361 20 11 as
2684 356 106 17 clockwork

2355 383 54 18 every
2420 376 21 17 13
2451 377 81 18 minutes
2545 377 34 18 has
2596 377 53 18 made
2668 378 24 18 its
2709 384 69 18 appear-

2355 406 45 12 ance
2408 400 62 21 in.the
2479 400 156 23 neighbourhood
2649 401 21 17 of
2688 402 33 17 the
2737 403 39 16 Utu-

2355 423 44 18 hina
2404 423 54 19 creek
2467 424 19 16 in
2493 424 33 16 the
2534 430 43 10 area
2584 424 20 16 of
2613 424 73 22 ground
2695 426 90 21 occupied

2354 446 26 23 by
2388 447 40 17 Mrs
2437 449 80 15 Ratema
2525 447 37 16 utid
2575 447 48 17 close
2640 449 20 15 to
2677 448 31 17 Mr
2724 448 65 17 Yates'

2354 471 99 17 r-sidenc.
2487 471 26 16 At
2523 470 34 17 ihe
2572 470 44 17 time
2633 470 20 17 of
2668 471 34 16 the
2717 471 73 18 writers

2355 493 43 18 visit
2406 494 14 17 it
2428 494 38 17 had
2480 493 39 22 just
2528 493 80 17 finished
2616 499 35 11 one
2660 494 21 17 of
2695 494 25 17 its
2735 495 44 16 ebul-

2355 516 62 17 litions
2434 517 35 17 but
2477 516 96 22 presently
2589 516 32 17 the
2646 518 59 16 water
2732 518 57 20 again

2355 539 89 18 mounted
2457 540 20 17 in
2492 539 32 17 the
2540 541 66 18 crater,
2630 539 73 23 boiling
2717 540 72 22 briskly

2355 562 36 17 and
2401 563 18 16 in
2428 562 91 23 precisely
2533 562 65 17 fifteen
2613 562 87 21 minutes,
2717 564 45 17 with
2778 570 11 11 a

2355 584 39 18 dull
2404 591 47 14 roar,
2461 586 15 16 it
2485 584 78 18 belched
2573 585 50 17 forth
2634 586 38 17 and
2688 586 44 18 shot
2748 587 41 17 into

2355 608 31 17 the
2395 609 28 16 air
2428 610 20 16 to
2457 614 11 12 a
2476 609 66 21 height
2552 609 21 16 of
2580 609 84 17 between
2672 610 23 16 .'SO
2710 609 39 17 and
2766 612 23 14 40

2355 631 43 18 feet.
2408 631 20 17 It
2435 630 69 24 played
2517 632 31 16 for
2562 631 53 17 three
2624 631 81 19 minutes
2719 634 21 16 to
2755 633 34 17 the

2354 654 72 17 intense
2441 655 73 21 delight
2523 655 20 16 of
2557 661 11 10 a
2584 654 119 24 picturesque
2727 662 62 16 group

2354 678 20 16 of
2382 678 63 16 native
2459 678 84 17 children
2559 678 43 16 who
2616 678 74 18 seemed
2706 680 20 16 to
2743 685 35 11 con-

2354 700 49 17 sider
2411 700 43 18 that
2462 701 16 17 it
2491 699 38 19 had
2543 701 47 16 been
2604 701 73 17 created
2694 702 30 16 for
2740 702 50 17 their

2354 724 68 21 special
2439 724 99 17 diversion.
2553 724 39 17 The
2607 730 67 16 geyser
2681 725 16 16 is
2707 725 79 17 reached

2354 746 24 24 by
2387 747 80 22 turning
2475 749 20 15 to
2512 747 33 17 the
2556 747 52 20 right
2626 747 48 18 from
2691 748 33 17 the
2739 748 50 17 main

2354 770 45 17 road
2408 771 19 15 at
2437 771 32 16 the
2478 771 86 16 Pukeroa
2569 770 46 17 Hall
2620 770 38 18 and
2667 776 23 12 on
2700 771 90 24 reaching

2354 793 31 17 the
2394 793 54 18 creek
2457 800 11 10 a
2477 799 58 12 canoe
2548 793 14 17 is
2568 793 19 17 in
2599 793 94 18 readiness
2706 795 20 16 to
2744 800 34 11 con-

2354 822 34 15 vey
2398 816 75 17 visitors
2481 822 68 11 across.
2575 816 39 17 The
2631 816 50 23 ferry
2698 818 71 21 charge
2774 818 15 16 is

2354 839 87 22 sixpence
2451 839 37 17 and
2497 840 32 17 the
2542 845 57 12 canoe
2608 840 36 22 trip
2654 840 54 18 alone
2717 841 16 17 is
2746 840 43 18 well

2354 862 60 18 worth
2428 863 33 16 the
2474 868 74 14 money.

2376 894 26 17 At
2411 894 32 17 the
2453 894 99 17 Auckland
2557 894 63 17 Police
2631 894 58 17 Court
2698 901 25 10 on
2732 895 43 16 Wed-

2353 917 71 22 nesday
2433 917 36 17 last
2475 918 63 16 before
2547 917 69 17 Messrs
2624 917 18 19 J,
2658 916 80 20 Callnan
2751 918 38 17 and

2354 940 25 17 H.
2389 936 86 26 Wilding
2482 939 52 21 J.Ps,
2549 940 60 17 Gavin
2623 941 99 23 Mclntyre
2740 941 49 17 Park

2354 969 37 11 was
2400 964 82 21 charged
2492 964 44 16 with
2546 964 70 22 having
2623 964 66 21 stolen,
2700 971 24 10 on
2740 964 37 19 Feb-

2354 991 55 18 ruary
2421 986 122 23 l.atTaupo,
2557 986 33 18 the
2604 993 40 11 sum
2662 987 20 17 of
2699 987 44 20 'lC>,
2756 987 33 18 the

2354 1011 90 22 property
2453 1011 20 15 of
2479 1010 33 16 the
2518 1010 70 18 Queen,
2598 1010 37 16 and
2641 1016 38 11 was
2687 1010 102 18 remanded

2354 1033 48 16 until
2411 1033 33 17 the
2455 1032 43 19 15th
2504 1033 72 16 instant
2590 1031 92 24 (to-day.)
2707 1033 31 18 Mr
2747 1035 42 16 Mc-

2354 1056 73 21 Gregor
2435 1054 94 24 appeared
2538 1056 29 17 for
2579 1057 77 16 accused
2665 1057 37 17 and
2712 1056 75 25 applied

2354 1078 29 19 for
2391 1078 44 22 bail,
2446 1079 61 17 which
2522 1085 37 11 was
2564 1080 106 21 permitted;
2680 1080 50 17 Park
2740 1081 37 17 him-

2353 1101 38 19 aelf
2399 1101 19 19 in
2427 1108 36 11 one
2472 1104 63 16 surety
2544 1103 20 16 of
2573 1101 48 18 IOO
2630 1103 37 17 and
2675 1105 40 15 two
2726 1104 64 17 others

2354 1125 20 18 of
2378 1124 40 19 SO
2425 1125 53 18 each.
2504 1125 31 18 Mr
2544 1125 101 18 MeAlister
2651 1125 94 24 appeared
2759 1127 30 17 for

2354 1149 31 16 the
2395 1148 74 19 Crown.
2494 1148 33 17 Mr
2535 1148 104 23 McGregor
2648 1150 39 17 said
2700 1150 45 17 that
2761 1150 28 17 his

2354 1172 57 16 client
2425 1172 38 17 had
2479 1171 47 19 been
2543 1172 48 16 tried
2610 1174 20 15 at
2647 1172 33 18 the
2699 1173 90 22 Supreme

2354 1194 59 18 Court
2421 1195 84 22 recently
2514 1200 24 12 on
2547 1200 11 11 a
2567 1195 69 22 charge
2644 1196 21 17 of
2672 1194 117 25 embezzling

2354 1223 50 12 some
2421 1218 56 19 450,
2492 1218 37 17 and
2544 1218 37 17 had
2597 1218 47 17 been
2660 1219 93 17 admitted
2769 1221 20 16 to

2354 1242 100 21 probation
2463 1242 26 21 by
2503 1241 33 17 the
2548 1240 69 22 Judge.
2651 1242 38 17 The
2701 1242 88 17 evidence

2354 1263 84 20 adduced
2448 1263 74 19 shewed
2532 1265 42 16 that
2582 1265 33 17 the
2623 1265 124 17 defalcations
2757 1272 21 10 oc-

2354 1287 56 18 eured
2418 1287 81 18 betueeu
2514 1287 107 23 September
2637 1288 37 17 and
2692 1289 97 22 February

2354 1312 16 17 8,
2381 1311 61 17 which
2460 1312 39 16 fact
2507 1311 36 17 His
2552 1311 67 17 Honor
2634 1312 38 17 laid
2687 1313 57 16 stress
2757 1318 31 14 on,

2354 1333 34 19 but
2397 1333 77 18 counsel
2483 1334 35 17 felt
2526 1339 42 12 sure
2581 1334 42 17 that
2636 1334 17 18 if
2668 1335 33 17 the
2716 1334 38 18 26
2769 1335 20 17 in

2354 1358 86 21 question
2450 1357 38 17 had
2496 1358 47 16 been
2552 1357 87 17 included
2648 1357 19 18 in
2675 1358 35 17 the
2718 1359 70 22 charge

2354 1381 14 16 it
2378 1381 62 16 would
2449 1382 34 15 not
2492 1381 48 16 have
2557 1379 77 18 effected
2651 1381 31 17 the
2700 1381 88 20 decision,

2353 1404 37 17 and
2400 1404 60 21 urged
2469 1404 43 16 that
2526 1404 32 16 the
2575 1406 75 20 present
2665 1404 70 22 charge
2750 1411 39 10 was

2353 1428 34 16 not
2396 1428 20 16 of
2425 1427 45 17 such
2480 1433 11 10 a
2498 1428 72 18 nature,
2578 1426 99 21 therefore,
2688 1428 43 17 that
2737 1434 42 11 sure-

2355 1451 35 16 ties
2399 1450 69 18 should
2476 1450 25 17 be
2508 1447 84 21 allowed.

2505 1480 129 19 SNEEZING

2354 1533 20 17 Ts
2382 1533 53 18 often
2452 1533 34 18 the
2500 1533 127 22 premonitory
2642 1538 86 19 warning
2728 1533 3 24 1
2746 1533 44 18 that

2354 1562 38 16 you
2400 1557 48 17 have
2459 1556 56 18 taken
2526 1561 10 12 a
2546 1555 49 20 chill,
2606 1556 36 17 iin<l
2652 1555 55 19 when
2721 1557 16 17 it
2757 1563 22 11 oc-

2354 1586 42 11 curs
2401 1580 16 17 it
2425 1580 16 17 is
2449 1580 45 17 wise
2498 1581 21 16 to
2523 1577 128 25 immediately
2660 1579 45 18 take
2713 1578 77 20 Wolfe'a

2354 1602 106 25 Schnapps.

2412 1656 76 18 TOWN
2501 1656 86 17 BOARD
2604 1655 127 19 MEETING.

2378 1704 16 16 A
2402 1703 86 23 meeting
2496 1703 21 17 of
2524 1703 31 17 the
2566 1702 91 18 memhera
2666 1703 20 18 of
2693 1703 31 17 the
2731 1703 59 17 Town

2354 1726 63 18 Board
2426 1725 46 18 took
2481 1727 52 21 place
2547 1725 19 17 in
2580 1725 31 18 Mr
2624 1726 100 22 Malfroy's
2738 1726 52 17 office

2354 1756 24 11 on
2392 1748 71 21 Friday
2478 1750 105 17 afternoon.
2616 1750 175 17 PresentMessrs

2354 1773 90 22 Malfroy,
2455 1773 64 19 Brent,
2529 1772 37 17 and
2583 1773 81 22 Dansoy.
2698 1773 16 17 A
2731 1773 59 17 letter

2354 1802 38 12 was
2401 1797 43 16 read
2455 1797 48 16 from
2513 1796 68 17 Messrs
2599 1795 90 19 Hancock
2703 1796 38 17 and
2756 1797 33 16 Co.

2354 1820 20 19 in
2381 1820 96 18 reference
2482 1820 21 17 to
2511 1818 34 19 the
2553 1818 32 18 old
2593 1818 67 19 Palace
2674 1820 59 16 Hotel
2747 1820 41 19 site,

2354 1844 38 17 and
2402 1844 99 21 enclosing
2514 1839 70 26 cheque
2596 1842 29 17 for
2638 1842 44 21 3O,
2697 1842 60 21 being
2768 1849 11 10 a-

2354 1868 67 16 mount
2430 1867 36 17 due
2475 1868 20 15 to
2510 1865 41 17 ISlst
2564 1865 45 22 July
2623 1865 50 19 1895,
2689 1872 23 10 on
2728 1865 61 18 which

2354 1891 43 17 date
2406 1890 15 17 it
2430 1896 38 11 was
2469 1887 1 25 -
2478 1889 61 18 stated
2548 1889 32 16 the
2589 1889 62 17 Board
2666 1888 37 19 had
2720 1887 70 25 agreed

2354 1914 42 17 that
2405 1914 32 17 the
2446 1914 43 16 rent,
2498 1912 67 17 should
2574 1918 56 11 cease.
2662 1912 25 17 As
2700 1912 34 17 the
2747 1912 43 17 firm

2354 1938 38 17 had
2399 1937 47 17 been
2456 1938 20 16 at
2486 1935 125 19 considerable
2627 1941 80 15 expense
2720 1936 20 16 in
2754 1936 24 16 im-

2354 1961 81 22 proving
2444 1959 49 19 their
2502 1958 103 24 properties
2614 1959 18 16 in
2642 1958 33 18 the
2682 1959 75 17 district
2770 1960 20 15 to

2354 1984 33 17 the
2396 1983 70 18 benefit
2475 1983 19 18 of
2503 1983 53 17 those
2566 1981 99 23 adjoining
2673 1982 45 22 they
2733 1981 57 18 asked

2354 2009 30 16 for
2392 2013 11 12 a
2416 2007 37 17 full
2467 2006 75 22 receipt.
2573 2007 29 16 An
2617 2005 122 22 explanation
2753 2011 37 11 was

2354 2034 39 17 also
2402 2032 55 19 made
2465 2038 21 11 as
2494 2033 21 16 to
2523 2030 32 17 the
2564 2036 54 12 cause
2627 2030 20 16 of
2655 2028 57 22 delay
2727 2028 19 17 in
2761 2035 20 10 re-

2354 2056 67 24 plying
2430 2058 20 16 to
2460 2056 31 17 the
2500 2055 78 17 Board's
2587 2053 85 22 previous
2685 2052 91 16 communi-

2354 2081 69 17 cation.
2458 2080 31 18 Mr
2506 2079 76 21 Dansey
2599 2077 61 18 stated
2677 2077 43 16 that
2737 2075 53 18 there

2354 2104 38 18 had
2412 2104 48 17 been
2481 2108 24 12 no
2526 2104 108 20 agreement
2651 2101 77 18 entered
2748 2098 41 18 into

2354 2129 20 15 to
2384 2128 55 17 allow
2448 2128 33 16 the
2496 2127 42 16 rent
2551 2127 20 16 to
2588 2131 52 12 cease
2656 2131 25 12 on
2698 2125 32 16 the
2747 2126 43 16 date

2354 2150 114 18 mentioned.
2507 2149 69 17 Messrs
2590 2148 91 18 Hancock
2702 2148 37 18 and
2757 2148 32 18 Co.

2354 2173 38 18 had
2400 2174 48 16 been
2456 2173 79 17 notified
2547 2172 43 18 that
2604 2178 23 12 on
2642 2171 25 19 nil
2681 2179 73 11 arrears
2770 2173 20 16 of

2354 2198 42 16 rent
2404 2197 59 21 being
2472 2196 45 21 paid
2525 2195 45 23 they
2579 2195 63 18 would
2652 2194 21 20 be
2682 2195 79 18 allowed
2770 2197 20 16 to

2355 2220 101 17 surrender
2463 2220 32 17 the
2503 2220 55 17 lease.
2584 2219 18 17 It
2612 2225 37 11 was
2659 2218 77 19 decided
2748 2220 42 17 that

2354 2244 33 17 the
2395 2242 72 23 cheque
2476 2241 67 19 should
2552 2242 23 18 bo
2587 2241 83 19 received
2684 2249 21 11 as
2717 2249 12 11 a
2742 2249 37 16 pav-

2354 2268 52 16 raent
2423 2273 25 10 on
2465 2267 80 16 account
2561 2266 38 16 and
2612 2265 42 19 that
2668 2267 32 17 the
2714 2267 41 17 firm
2767 2266 23 17 be

2354 2289 94 18 informed
2461 2289 43 18 that
2521 2289 32 17 the
2567 2289 61 17 Board
2642 2291 68 16 cannot
2726 2289 42 21 give
2780 2296 10 10 a

2355 2312 35 18 full
2399 2314 100 20 discharge
2513 2313 48 16 until
2576 2312 32 17 the
2621 2311 79 19 balance
2714 2313 15 17 is
2745 2312 45 23 paid

2355 2336 37 18 and
2401 2337 33 17 the
2442 2335 49 18 lease
2500 2335 127 19 surrendered.

2378 2359 39 18 The
2433 2359 68 18 Mavor
2517 2359 19 17 of
2553 2359 115 17 Grevmouth
2683 2361 59 15 wrote
2757 2365 22 11 en-

2355 2383 73 19 closing
2437 2383 125 21 subscription
2572 2382 40 17 lists
2626 2382 30 17 for
2669 2383 120 17 Brunnerton

2355 2406 61 17 Relief
2432 2405 62 18 Fund.
2524 2406 32 16 Mr
2570 2406 84 22 Malfroy
2670 2405 61 18 stated
2749 2406 43 17 that,

2354 2430 53 16 these
2423 2429 38 17 had
2475 2428 45 18 been
2535 2428 76 23 already
2624 2429 114 22 anticipated
2754 2428 38 18 and

2354 2452 41 18 lists
2404 2453 68 17 issued.
2506 2453 30 16 He
2551 2458 37 11 was
2602 2450 44 23 glad
2661 2453 20 16 to
2698 2458 33 16 say
2748 2453 44 16 that

2355 2476 136 22 subscriptions
2500 2481 47 11 were
2555 2476 75 19 coming
2639 2476 18 16 in
2665 2481 45 15 very
2724 2476 65 21 freely.

2354 2499 39 17 The
2402 2500 76 16 concert
2487 2498 111 18 Committee
2611 2498 37 17 had
2663 2498 100 22 organised
2780 2505 11 11 a

2355 2524 75 16 concert,
2445 2523 19 16 in
2480 2522 33 17 the
2527 2520 118 20 Sanatorium
2661 2522 88 17 Grounds
2766 2528 24 10 on

2355 2545 53 17 Good
2418 2545 71 22 Friday
2501 2545 81 21 evening
2596 2545 60 17 which
2671 2546 19 16 in
2706 2545 48 22 spite
2771 2545 22 17 of

2354 2568 37 17 bad
2401 2569 83 17 weather
2500 2568 38 17 had
2553 2568 82 17 resulted
2649 2566 141 23 satisfactorily.

2355 2592 30 17 He
2394 2592 37 17 had
2441 2591 40 18 also
2490 2591 82 17 received
2582 2590 26 18 2
2618 2592 30 16 15s
2661 2590 91 19 collected
2764 2590 27 23 by

2355 2615 32 17 Mr
2395 2615 105 21 Stubhings
2511 2615 41 16 who
2562 2620 37 11 was
2608 2615 19 16 in
2641 2615 69 17 charo-e
2726 2615 19 16 of
2758 2613 33 19 the

2355 2639 45 16 road
2411 2639 61 16 works
2483 2644 43 11 now
2540 2638 59 20 going
2612 2644 23 11 on
2649 2639 19 16 at
2682 2636 107 24 Waiotapu.

2355 2662 30 17 He
2400 2662 37 17 had
2453 2667 25 11 no
2493 2661 59 17 doubt
2568 2661 43 17 that
2627 2662 84 16 Itotorua
2728 2659 64 19 wuld

2355 2685 107 17 contribute
2471 2683 123 19 handsomely
2602 2686 20 15 to
2631 2684 32 18 the
2672 2684 54 18 fund.

2379 2709 31 16 Mr
2429 2709 84 20 Malfroy
2530 2707 62 17 stated
2608 2707 42 17 that
2665 2707 23 17 he
2707 2706 40 18 had
2761 2713 20 11 re-

2355 2731 63 18 ceived
2428 2732 47 17 from
2482 2731 32 17 the
2520 2731 126 17 Government
2653 2736 10 11 a
2673 2730 89 23 quantity
2771 2729 22 20 of

2355 2755 108 21 Chewing's
2472 2755 62 16 fescue
2543 2754 42 16 seed
2594 2754 30 16 for
2632 2754 31 17 the
2675 2759 81 17 purpose
2771 2752 22 19 of

2355 2778 73 20 testing
2436 2778 32 17 the
2477 2777 105 21 suitability
2593 2777 20 17 of
2619 2776 37 18 this
2665 2783 54 13 crass
2728 2783 24 11 on
2759 2776 32 18 the

2355 2801 74 19 pumice
2437 2801 45 17 land
2491 2801 20 16 in
2519 2801 33 16 the
2560 2799 162 24 neighbourhood.
2752 2799 39 18 The

2356 2823 184 23 Surveyor-General
2553 2822 36 19 had
2603 2823 101 21 suggested
2721 2823 41 17 that
2776 2823 15 18 it

2355 2848 63 21 might
2430 2848 23 16 be
2466 2847 49 17 tried
2529 2848 21 15 at
2562 2846 122 23 Earthquake
2698 2846 50 19 Flat,
2766 2852 24 11 on

2355 2871 33 17 the
2521 2870 59 18 Road,
2602 2870 50 16 after
2671 2869 72 23 having
2759 2868 33 18 the

2356 2894 74 23 ground
2439 2893 68 19 fenced
2514 2893 36 17 and
2559 2892 97 23 prepared.

2380 2917 38 17 The
2434 2917 85 17 business
2536 2916 20 17 of
2572 2915 85 22 drafting
2673 2916 117 21 regulations

2356 2940 60 17 under
2424 2940 32 17 the
2466 2938 62 23 newly
2537 2939 113 17 constituted
2665 2939 48 17 local
2728 2939 62 17 Board

2356 2964 20 16 of
2384 2963 72 17 Health
2465 2968 38 11 was
2517 2961 44 18 then
2576 2962 102 22 proceeded
2691 2963 47 16 with
2753 2962 37 18 and

2355 2987 120 21 satisfactory
2482 2991 86 17 progress
2580 2985 60 17 made.
2671 2985 39 17 The
2726 2985 62 17 Board

2356 3010 38 17 will
2414 3011 51 16 meet
2481 3008 56 23 again
2554 3009 29 16 for
2599 3008 38 18 this
2653 3013 82 18 purpose
2752 3008 38 18 this

2356 3034 105 16 afternoon.

2413 3083 311 33 CORRESPONDENCE.

2402 3147 54 18 THE
2474 3146 138 19 WAIOTAPU
2623 3145 118 20 LICENSE.

2481 3194 27 17 To
2526 3198 41 12 the
2580 3194 84 17 Editor.

2380 3226 40 19 Sir.
2422 3226 51 17 Re
2490 3225 82 17 removal
2581 3226 20 16 of
2612 3225 32 17 the
2651 3224 67 19 Omaio
2723 3226 68 17 license

2356 3250 20 17 to
2385 3249 101 22 Waiotapu
2494 3248 31 17 Mr
2538 3247 116 20 Humphries
2670 3254 16 11 is
2702 3249 88 22 reported

2357 3274 19 16 to
2396 3273 49 17 have
2461 3271 62 18 stated
2544 3273 20 15 at
2584 3271 33 17 the
2641 3271 85 19 meeting
2748 3272 43 17 that

2356 3296 28 17 his
2393 3295 58 18 client
2464 3295 38 16 had
2515 3294 86 18 incurred
2616 3293 128 19 considerable
2756 3301 23 11 ex-

2357 3325 56 15 pense
2421 3318 20 17 in
2450 3321 77 14 TRYING
2535 3319 19 15 to
2563 3319 33 20 get
2605 3318 32 16 the
2650 3318 106 19 signatures
2771 3318 20 17 of

2356 3340 31 19 the
2408 3340 64 18 native
2497 3346 72 12 owners
2590 3341 111 22 consenting
2721 3342 21 16 to
2758 3341 33 17 the

2356 3365 82 17 removal
2448 3365 20 16 of
2484 3364 32 16 the
2530 3364 73 16 license.
2636 3363 20 17 If
2671 3365 44 16 that
2730 3365 17 16 is
2763 3370 26 14 so,

2356 3388 45 17 then
2410 3387 44 21 why
2462 3392 75 12 remove
2545 3387 33 16 the
2591 3387 67 16 license
2666 3387 8 17 ?
2692 3386 38 18 The
2745 3393 33 12 con-

2356 3413 42 15 sent
2406 3411 20 16 of
2434 3412 38 15 two
2481 3410 72 17 natives
2561 3410 45 22 only
2615 3410 22 17 ha
2640 3409 46 23 ving
2694 3410 48 17 heen
2756 3410 22 17 ob-

2356 3433 62 18 tained
2427 3434 35 16 the
2469 3434 77 16 consent
2555 3433 20 17 of
2587 3439 11 11 a
2613 3433 51 17 third
2678 3434 61 16 which
2752 3440 38 10 was

2356 3458 33 16 not
2398 3455 116 23 procurable.
2528 3456 20 17 Is
2556 3456 16 17 it
2580 3455 86 23 possible,
2676 3455 32 18 Mr
2716 3455 73 21 Editor,

2356 3480 42 17 that
2412 3486 11 10 a
2436 3479 68 18 license
2521 3485 33 10 can
2571 3479 23 16 be
2610 3480 88 16 removed
2712 3480 49 17 from
2779 3486 11 10 a

2355 3502 52 18 hotel
2415 3503 20 17 in
2444 3508 35 12 one
2487 3502 53 22 place
2549 3503 19 15 to
2577 3502 79 17 another
2667 3502 54 22 place
2737 3502 53 18 miles

2356 3527 53 19 apart
2418 3526 27 21 by
2453 3526 32 16 the
2494 3527 77 15 consent
2580 3526 19 16 of
2609 3525 59 17 three.
2694 3526 38 16 The
2750 3525 26 17 Na-

2356 3549 37 17 tive
2402 3549 91 19 Assessor,
2504 3548 104 22 appearing
2615 3554 24 11 on
2646 3547 65 18 behalf
2725 3549 20 16 of
2758 3549 32 16 the

2355 3572 102 22 applicant,
2467 3572 16 16 is
2490 3572 59 16 oneof
2554 3572 31 16 the
2592 3572 112 19 consenting
2712 3572 75 21 parties,

2356 3595 36 17 and
2400 3595 51 20 sires
2460 3601 21 11 as
2491 3594 30 17 his
2532 3600 65 11 reason
2614 3594 30 18 for
2660 3593 82 24 wishing
2758 3594 32 18 the

2355 3618 52 17 hotel
2415 3616 99 23 removed;
2528 3616 44 18 that
2578 3617 58 22 being
2646 3623 8 11 a
2671 3618 64 16 native
2751 3619 29 16 set-

2355 3641 79 17 tlement
2455 3641 31 17 the
2507 3640 66 22 people
2598 3640 62 17 would
2676 3641 48 16 have
2739 3647 51 10 more

2356 3670 68 16 money
2444 3665 20 16 to
2486 3663 62 18 clothe
2570 3663 49 17 their
2635 3663 85 18 children
2736 3662 52 19 with.

2354 3687 58 17 What
2432 3685 59 19 about
2511 3687 32 16 the
2563 3687 64 16 native
2646 3685 107 19 settlement
2770 3687 20 17 of

2354 3710 101 22 Waiotapu
2463 3709 3 23 :
2481 3709 39 18 will
2528 3709 32 18 the
2565 3709 72 17 natives
2645 3709 53 18 there
2703 3710 23 17 be
2731 3710 47 17 bene-

2354 3733 54 17 fitted
2417 3733 26 22 by
2451 3733 44 17 that
2502 3732 68 17 license
2578 3732 7 17 P
2650 3733 46 20 they
2701 3733 35 17 not
2741 3733 48 17 have

2354 3756 36 17 les
2399 3761 68 17 money
2475 3757 21 16 to
2504 3755 50 17 cloth
2564 3760 64 12 THEIR
2636 3754 83 19 children
2728 3756 45 17 with
2782 3756 7 17 ?

2354 3779 20 17 If
2381 3779 33 17 the
2424 3779 68 17 license
2500 3778 16 17 is
2529 3780 34 15 not
2577 3779 86 21 required
2676 3780 20 16 at
2711 3779 76 19 Omaio;

2354 3802 45 22 why
2406 3804 35 15 not
2449 3803 27 16 let
2484 3802 15 16 it
2507 3801 52 21 lapse
2565 3801 8 17 ?
2585 3801 101 23 Waiotapu
2695 3802 34 17 has
2744 3808 45 13 very

2354 3825 36 17 fair
2403 3824 167 20 accommodation,
2580 3825 19 16 in
2615 3825 40 17 fact
2672 3825 23 17 all
2714 3826 42 16 that
2773 3826 16 16 is

2353 3854 98 16 necessary
2460 3848 30 17 for
2498 3853 50 12 some
2556 3853 54 15 years
2621 3849 20 16 to
2654 3854 58 14 come,
2726 3848 39 17 and
2779 3849 9 16 T

2354 3871 36 17 feel
2399 3871 70 17 certain
2478 3871 32 17 the
2518 3871 73 17 natives
2599 3871 52 17 there
2663 3877 57 11 never
2731 3871 57 17 asked

2354 3894 29 17 for
2391 3901 12 10 a
2411 3894 81 17 licensed
2502 3894 57 17 house
2573 3894 20 16 in
2607 3894 48 18 their
2667 3894 58 18 midst
2742 3895 45 16 with

2353 3918 38 16 this
2400 3918 72 21 danger
2481 3918 64 21 facing
2553 3917 52 17 them
2618 3918 21 16 of
2652 3918 73 19 having
2739 3918 49 16 their

2353 3940 85 18 children
2446 3940 89 23 deprived
2549 3940 21 16 of
2578 3940 32 17 the
2623 3941 128 17 wherewithal
2767 3942 20 16 to

2353 3964 62 17 clothe
2423 3963 113 18 themselves
2550 3963 37 17 and
2603 3964 55 17 otlur
2673 3964 46 17 evils
2736 3969 38 12 com-

2352 3987 63 17 bined.
2449 3987 67 22 Surely
2524 3986 37 17 this
2570 3986 66 17 should
2645 3987 23 16 be
2677 3988 52 21 quite
2735 3986 43 17 suffi-

2353 4010 50 17 cient
2411 4016 67 12 reason
2491 4010 29 17 for
2533 4015 38 16 any
2584 4010 79 18 sensible
2680 4010 107 17 committee

2353 4033 20 17 of
2380 4033 93 17 members
2482 4039 24 10 on
2516 4038 10 11 a
2534 4033 93 22 licensing
2634 4033 60 17 bench
2699 4035 21 15 to
2725 4033 62 17 refuse

2352 4057 20 16 to
2381 4057 85 16 sanction
2475 4056 32 17 the
2517 4055 68 18 advent
2596 4056 20 17 of
2631 4056 44 18 such
2688 4062 10 11 a
2716 4056 71 21 danger

2352 4079 61 17 which
2422 4080 97 16 threatens
2528 4085 10 10 a
2546 4084 43 11 now
2598 4079 51 19 quiet
2657 4078 38 18 and
2704 4080 72 21 respect-

2352 4102 42 17 able
2403 4103 64 16 native
2481 4101 106 18 settlement
2601 4102 38 16 like
2654 4102 132 22 Waiotapu.

2352 4125 68 21 Yours,
2429 4126 39 20 &c.,

2649 4147 16 17 F
2665 4151 99 13 AIRPLAY,

2963 134 124 19 TOKAANU.

2837 227 41 17 The-
2884 228 70 16 Native
2962 228 116 19 Parliament
3086 236 38 12 was
3137 233 67 21 opened
3218 241 18 13 on

2813 250 33 17 the
2855 250 43 16 2>';fh
2912 251 68 18 ultimo
2994 252 37 17 ;ind
3046 252 104 24 adjourned
3166 260 16 12 :it
3200 263 36 12 on<x>

2814 273 48 17 until
2871 273 32 17 the
2912 274 31 17 7th
2953 273 72 19 instant
3034 276 64 22 owing
3104 278 20 17 to
3131 278 31 16 the
3170 278 13 18 al

2814 296 20 18 of
2842 303 56 15 many
2907 297 77 19 natives,
2995 302 51 14 gome
3054 300 21 16 of
3084 300 60 18 whom
3154 306 45 14 were
3211 304 16 18 de-

2813 320 64 16 tained
2885 322 20 14 at
2917 320 92 18 Parihaka
3024 323 70 16 annual
3108 323 63 18 March
3189 330 36 15 meet-

2813 343 39 22 ing.
2877 343 39 17 The
2926 344 88 18 numbers
3022 345 48 17 have
3079 346 45 17 been
3133 352 59 18 angmi
3201 351 19 16 at
3232 343 2 27 |

2813 366 24 22 by
2847 366 77 17 arrivals
2934 367 48 17 from
2991 368 25 16 all
3023 369 60 21 parts,
3092 372 141 20 representative,

2813 390 84 20 arriving
2905 390 49 17 from
2964 391 32 16 the
3011 390 91 24 Ngapuhi
3117 393 47 16 tribe
3179 394 17 17 in
3211 396 19 18 Qu

2813 412 29 17 far
2856 410 68 20 North.
2954 414 40 16 The
3009 414 84 19 Botorua
3109 412 125 30 (Ohinemutu)

2813 436 68 16 Native
2890 435 54 17 Band
2959 442 47 12 were
3018 438 98 21 expected,
3131 445 20 11 as
3166 439 37 19 also
3210 442 25 19 the

2813 459 62 16 famed
2884 458 56 17 Otaki
2950 459 55 19 Brass
3018 460 61 18 Band,
3095 461 34 17 but
3142 468 26 17 up
3184 467 5 13 t
3199 458 3 27 .
3211 465 19 18 tin

2811 482 77 22 present
2896 482 47 16 have
2949 485 33 14 not
2989 485 30 16 vet
3023 486 35 20 put
3067 485 17 16 in
3092 490 24 12 an
3123 490 110 18 appearance

2835 505 39 17 The
3023 507 61 17 which
3102 508 32 16 the-

2878 528 67 22 passed
2957 529 119 24 prohibiting
3088 531 80 17 reckless
3183 532 53 25 riding

2811 551 58 21 along
2877 551 32 16 the
2918 552 80 18 Queen's
3007 553 89 23 highway
3105 560 45 11 near
3163 555 31 17 the
3208 562 8 12 a

2811 573 80 18 tlement
2900 579 43 16 was,
2954 576 15 15 it
2981 581 85 17 appears,
3081 577 83 20 enacted,
3182 579 54 18 owino

2811 598 20 16 to
2837 597 32 17 the
2875 597 53 22 large
2936 598 80 18 number
3023 600 21 16 of
3046 600 84 17 children
3135 600 99 22 whoselives

2811 626 48 11 were
2867 620 45 17 thus
2924 621 125 21 endangered.
3076 624 55 16 After
3144 621 86 23 Constat)!

2811 642 114 19 Berriman's
2929 643 77 23 protest'
3008 645 34 18 the
3164 649 34 16 me(
3207 650 28 18 and

2811 672 24 11 on
2844 666 32 17 the
2885 667 67 17 arrival
2964 667 21 18 of
2994 668 98 23 Inspector
3100 670 90 17 Emerson
3199 671 37 20 thev

2811 689 92 22 appeared
2908 690 63 17 before
2976 691 39 18 him
3021 692 36 17 and
3062 693 21 16 af
3084 693 116 22 tcrexplaii.-i!
3204 695 8 15 i,
3216 701 20 12 m

2811 718 48 11 were
2868 713 54 16 made
2929 713 93 19 promised
3030 717 21 14 to
3060 715 61 23 repeal
3133 717 37 16 and
3183 717 53 20 offend

2811 741 24 11 no
2845 741 56 11 more.
2919 736 39 17 The
2967 737 70 18 offence
3049 744 38 11 was
3104 739 32 17 the
3152 739 84 23 inflicting

2811 759 20 16 of
2839 765 11 10 a
2858 760 19 15 5s
2884 756 37 20 fine
2929 760 37 16 and
2976 760 18 17 in
3004 760 73 18 default
3086 762 21 17 of
3115 765 88 19 payment
3211 764 25 18 the

2812 781 77 18 forcible
2898 783 68 16 seizure
2976 783 20 18 of
3004 784 33 17 the
3044 784 61 21 horse,
3115 786 44 17 thus
3168 787 68 19 causing

2811 805 56 16 much
2886 805 100 18 irritation.

2835 828 69 21 Owing
2912 830 20 15 to
2942 829 73 18 further
3023 830 56 23 delay
3085 830 20 18 in
3111 831 32 18 the
3149 833 66 18 arrival
3222 835 14 17 of

2811 851 71 17 several
2891 851 77 23 leading
2976 853 64 19 chiefs,
3050 854 33 18 the

2811 874 34 17 has
2853 874 47 17 been
2909 875 73 17 further
2990 876 106 22 adjourned
3103 877 48 18 until
3160 878 32 18 the
3203 880 33 18 16tfa

2811 897 51 20 inst.,
2880 897 54 18 when
2954 899 17 16 it
2989 899 15 18 is
3021 900 49 22 fully
3086 901 90 22 expected
3193 902 35 18 busi-

2811 926 42 11 ness
2869 920 39 18 will
2921 921 23 17 be
2957 924 120 17 commenced
3089 924 20 17 in
3117 926 79 16 earnest.
3218 927 18 17 At

2811 945 75 20 present
2895 944 45 22 they
2949 951 30 11 are
2988 946 19 16 in
3016 948 73 16 earnest
3107 951 45 13 over
3167 948 32 18 the
3215 950 21 17 baj

2811 966 90 20 business,
2912 968 70 17 several
2991 969 53 17 mobs
3052 969 21 18 of
3086 971 56 21 sheep
3157 971 46 17 have
3216 974 14 16 al-

2811 990 58 22 ready
2877 991 113 18 succumbed
2998 994 20 15 to
3027 993 50 16 their
3084 993 57 18 needs
3148 995 36 16 and
3194 995 43 19 there

2811 1012 15 18 is
2835 1019 24 11 an
2869 1013 61 22 ample
2940 1014 68 24 supply
3016 1016 21 16 of
3044 1016 49 17 flour
3102 1017 37 16 and
3153 1018 84 22 potatoes.

2811 1036 38 16 The
2865 1037 82 22 sanitary
2961 1042 142 19 arrangements
3117 1046 32 11 are
3165 1040 27 18 nil
3208 1042 29 19 and

2811 1059 32 17 the
2852 1061 75 20 present
2936 1061 49 17 state
2998 1062 20 16 of
3032 1062 33 17 the
3079 1061 58 24 place,
3146 1064 63 21 owing
3223 1066 14 17 to

2811 1082 33 17 the
2853 1082 79 17 number
2940 1085 75 20 present
3030 1085 37 18 and
3081 1088 52 15 want
3144 1087 20 16 of
3178 1091 58 19 projxt

2811 1105 35 17 fall
2855 1106 29 16 for
2892 1106 96 23 drainage,
2998 1108 17 17 is
3022 1112 46 19 very
3079 1108 43 19 bad,
3131 1112 37 15 and
3181 1110 15 17 if
3208 1117 29 12 any

2811 1134 45 16 very
2865 1129 33 17 hot
2907 1130 83 18 weather
2997 1137 66 11 ensues
3072 1132 15 17 it
3095 1132 37 18 will
3142 1132 22 18 be
3176 1140 11 10 a
3196 1133 41 19 fever

2811 1151 33 18 hot
2858 1152 42 17 bed.
2926 1153 39 17 The
2975 1154 44 17 mud
3028 1155 37 17 and
3075 1155 52 17 slush
3135 1162 31 10 are
3183 1156 54 20 inches

2811 1174 47 23 deep
2867 1175 82 22 already.
2981 1177 39 17 The
3036 1177 68 23 dining
3120 1179 39 17 hall
3175 1179 16 18 is
3206 1180 32 22 just

2811 1197 106 23 completed
2926 1200 38 16 and
2972 1200 15 17 is
2996 1206 55 12 seven
3061 1202 64 17 chains
3137 1202 53 23 long.

2834 1221 39 17 The
2882 1225 75 19 present
2966 1229 68 12 caucus
3043 1225 93 22 meetings
3145 1232 31 10 are
3187 1226 17 16 in
3213 1227 19 17 (In-

2811 1244 91 17 direction
2922 1245 20 18 of
2957 1247 104 23 procuring
3077 1248 106 22 signatures
3199 1251 19 15 to
3231 1258 7 10 a

2811 1269 83 15 monster
2902 1268 80 23 petition
3000 1272 20 15 to
3036 1271 32 16 the
3085 1272 64 18 Queen
3166 1272 73 23 prayino

2811 1292 20 15 to
2840 1291 25 16 be
2872 1290 79 19 allowed
2959 1293 21 17 to
2989 1298 71 16 govern
3076 1288 128 27 themselves,'

2810 1314 17 17 is
2835 1315 20 16 to
2863 1314 24 17 be
2900 1315 42 17 sent
2954 1315 55 19 home
3025 1317 25 22 by
3065 1317 136 21 ambassadors,
3218 1319 23 18 fir

2812 1337 60 17 which
2882 1343 81 17 purpose
2973 1339 57 18 funds
3039 1346 31 11 are
3079 1342 21 16 to
3108 1341 23 17 be
3140 1341 66 18 raised.

2835 1360 59 18 There
2911 1361 15 17 is
2943 1362 61 22 ample
3013 1364 162 17 accommodation
3181 1365 29 16 for
3215 1365 24 18 the

2811 1383 117 23 purchasing
2936 1386 86 22 capacity
3031 1387 20 16 of
3060 1387 31 17 the
3101 1388 80 17 visitors.
3208 1388 31 19 The

2811 1407 48 17 local
2869 1408 64 19 stores,
2942 1408 137 20 well-stocked,
3086 1416 31 12 are
3132 1412 107 21 augmented

2811 1430 26 21 by
2857 1430 71 17 several
3078 1434 107 17 merchants
3209 1435 30 18 and

2811 1453 91 20 hawkers,
2913 1454 32 16 the
2962 1455 71 17 former
3046 1456 74 23 having
3135 1459 19 15 to
3169 1463 37 16 pay
3221 1463 18 13 an

2812 1477 88 17 entrance
2910 1477 28 17 fee
2943 1479 21 15 to
2971 1479 32 17 the
3009 1479 109 18 settlement
3124 1480 20 17 of
3149 1480 58 18 about
3220 1481 20 17 0

2812 1499 30 17 for
2850 1505 11 11 a
2870 1499 114 23 lengthened
2993 1503 54 19 term,
3059 1503 56 18 while
3121 1503 85 17 hawkers
3215 1510 24 12 an

2812 1522 45 23 only
2867 1524 101 21 permitted
2976 1527 20 14 to
3005 1526 72 17 exhibit
3086 1527 50 16 their
3150 1533 58 11 wares
3221 1533 18 12 on

2812 1545 32 18 the
2853 1548 90 19 payment
2952 1548 20 16 of
2981 1554 10 11 a
3001 1547 29 19 fee
3038 1550 21 16 of
3067 1549 21 17 5s
3095 1555 33 16 per
3137 1550 56 17 dieni.
3220 1551 20 16 To

2812 1569 87 19 Heuheu,
2910 1569 47 18 local
2964 1569 55 28 chief,
3029 1572 15 16 is
3053 1573 113 22 thepresent
3171 1572 69 25 leading

2812 1592 50 22 light
2870 1593 38 16 and
2918 1593 97 23 Secretary
3023 1597 21 15 to
3053 1596 31 17 the
3095 1595 118 19 Parliament.

2836 1614 19 19 If
2864 1617 36 15 wet
2910 1617 81 16 weather
3000 1619 96 17 continues
3106 1620 15 16 it
3130 1620 37 16 will
3176 1620 52 17 doubt-

2812 1639 36 17 less
2863 1644 54 12 cause
2930 1646 57 17 many
3000 1642 20 16 to
3037 1640 42 19 seek
3096 1642 51 18 their
3161 1640 74 26 feiangas

2811 1662 39 17 The
2860 1664 54 18 great
2922 1661 89 25 majority
3020 1665 20 16 of
3055 1666 72 16 natives
3143 1666 98 21 belonging

2812 1686 20 16 to
2842 1684 65 24 Taupo
2915 1691 31 12 are
2956 1689 80 19 present,
3052 1688 46 18 with
3108 1689 32 17 the
3148 1690 92 22 exception

2812 1708 20 17 of
2841 1707 71 19 Reweti
2921 1709 37 17 and
2971 1710 92 23 Papanui.

2983 1775 94 20 TAUPO.

2836 1837 66 24 (FltOM
2921 1844 40 12 OUII
2980 1844 45 14 OW.Y
3038 1841 183 24 COIIREST'OX'DEXT.]

2835 1870 34 16 We
2877 1876 32 11 are
2922 1871 39 17 still
2977 1872 72 23 having
3062 1874 103 17 occasional
3183 1874 47 17 earth-

2812 1893 77 22 quakes,
2899 1893 60 19 which
2968 1900 33 12 arc
3008 1898 34 14 not
3055 1902 22 11 so
3090 1897 57 17 much
3163 1896 76 24 thought

2812 1917 20 16 of
2851 1922 20 11 as
2888 1917 112 23 previously,
3018 1924 36 12 one
3070 1926 38 11 was
3124 1921 117 21 experienced

2811 1938 38 19 last
2856 1938 71 24 Friday
2935 1941 100 18 afternoon
3044 1943 59 17 about
3115 1944 39 16 1.J50
3161 1949 45 17 p.m.

2836 1962 50 18 Host
2895 1963 104 22 Gallagher
3013 1965 34 17 has
3065 1966 46 17 been
3126 1966 72 22 having
3211 1973 19 11 ex-

2813 1986 71 17 tensive
2893 1986 111 19 alterations-
3016 1987 38 19 and
3070 1988 94 19 additions
3182 1991 19 17 to
3217 1990 24 18 his

2812 2009 89 23 premises
2909 2009 3 23 ;
2923 2015 11 12 a
2942 2014 43 13 new
3001 2013 50 16 store
3067 2010 85 20 between
3168 2013 32 17 the
3214 2013 27 18 old

2812 2032 37 17 and
2866 2038 41 11 now
2924 2033 52 18 hotel
2992 2032 103 26 buildings,
3114 2042 42 11 now
3171 2034 70 26 uniting

2812 2055 58 17 them.
2911 2056 72 18 Behind
3008 2063 11 12 a
3048 2059 85 22 spacious
3161 2059 71 17 billiard-

2813 2085 51 10 room
2873 2079 15 16 is
2896 2080 67 21 nearly
2977 2081 111 22 completed,
3106 2082 32 17 the
3155 2082 76 18 architec-

2812 2103 44 16 ture
2863 2102 37 17 and
2909 2103 76 17 interior
2994 2104 55 17 finish
3059 2105 20 17 of
3088 2105 61 17 which
3162 2106 16 16 is
3191 2106 50 18 much

2811 2124 91 18 admired.
2935 2126 61 18 When
3011 2128 101 17 varnished
3129 2129 37 17 and
3179 2135 54 16 paper-

2812 2148 22 16 ed
2843 2147 15 18 it
2867 2147 38 18 will
2921 2148 24 18 be
2954 2155 34 11 one
2997 2150 21 17 of
3034 2151 32 17 the
3081 2154 48 14 most
3144 2150 97 19 handsome

2811 2171 20 17 in
2840 2170 34 18 the
2881 2171 86 19 Thermal
2976 2173 80 22 Springs
3068 2172 81 20 district'.
3173 2174 17 18 A
3205 2181 28 11 new-

2811 2194 77 17 kitchen
2896 2195 38 16 and
2943 2195 90 18 domestic
3042 2196 131 24 dinmg-rooirj
3181 2198 15 17 is
3207 2198 34 17 alse,

2811 2217 21 17 in
2840 2222 65 12 course
2914 2218 19 17 of
2940 2220 89 16 erection.

2835 2241 39 16 The
2884 2241 80 18 Domain
2978 2242 80 18 Reserve
3073 2244 33 17 lias
3123 2244 47 18 been
3182 2244 61 18 fenced

2811 2263 26 20 in,
2860 2264 56 17 much
2933 2266 21 16 to
2968 2265 33 17 the
3017 2265 143 20 discoiaforture
3176 2268 21 16 of
3215 2268 21 16 tin-

2813 2287 91 22 coaching
2914 2287 99 25 fraternity
3023 2290 37 17 and
3070 2291 101 22 travelling
3183 2291 58 23 public

2813 2310 19 17 in
2841 2310 109 22 particular.
2967 2310 39 19 The
3014 2314 95 21 promised
3117 2314 72 17 artistic
3195 2315 48 21 gates

2812 2339 32 11 are
2853 2332 38 18 still
2900 2334 19 16 in
2930 2334 83 23 embryo.

2836 2357 39 16 The
2888 2356 48 18 local
2953 2359 80 17 steamer
3049 2358 86 20 Tauhara;
3152 2360 33 18 has
3201 2361 42 17 been

2812 2380 75 22 heavily
2903 2380 56 18 laden
2980 2381 58 23 lately
3059 2383 46 17 with
3120 2384 55 17 extra
3189 2384 53 22 goods

2813 2403 29 17 for
2851 2403 32 17 the
2891 2402 90 19 Tokaanu
2990 2406 64 17 native
3064 2405 90 25 meeting,

2836 2427 17 15 A
2862 2427 67 17 tourist
2939 2428 77 23 staying
3024 2432 20 14 at
3053 2430 47 16 Ross
3115 2430 37 17 and
3166 2429 63 18 McKin-

2812 2449 47 22 ley's
2867 2449 87 18 Terraces
2962 2449 60 20 Hotel
3025 2452 77 23 essayed
3105 2453 114 23 journeying
3227 2455 16 15 to

2813 2472 33 17 the
2855 2474 33 21 top
2896 2474 21 15 of
2926 2474 31 17 the
2972 2476 98 16 mountain
3086 2472 93 21 Tauhara*
3187 2476 55 23 (U.fiOII

2813 2495 38 19 feet
2860 2496 55 22 high)
2929 2496 20 18 in
2966 2503 93 18 company
3074 2499 45 18 with
3136 2505 23 12 an
3178 2499 65 23 elderly

2813 2519 61 17 friend
2882 2519 42 17 also
2931 2526 10 10 a
2950 2521 95 23 stranger.
3052 2520 40 20 The
3098 2522 56 18 latter
3160 2522 82 18 returned

2812 2541 84 18 latethe
2914 2549 50 12 same
2980 2544 56 23 night
3053 2545 82 17 without
3150 2546 30 17 his
3196 2552 36 11 com-

2812 2564 78 23 panion,
2907 2566 42 17 who
2964 2567 14 17 it
2994 2573 81 17 appears
3080 2568 39 19 lost
3126 2568 32 19 his
3161 2573 43 19 way
3210 2567 33 20 and

2813 2588 59 17 found
2881 2589 76 17 himself
2965 2592 20 15 at
2994 2590 46 18 dart
3049 2591 20 18 in
3077 2598 12 11 a
3098 2592 54 22 gully
3160 2593 20 16 of
3192 2592 39 18 mud-

2813 2611 51 18 holes
2874 2612 36 17 and
2919 2612 35 18 hot
2962 2614 74 22 springs
3046 2615 64 17 where
3116 2615 26 17 he
3150 2616 63 21 passed
3223 2622 20 11 an

2813 2636 150 17 uncomfortable
2985 2637 62 23 night.
3086 2637 113 19 Meanwhile
3215 2639 21 16 tin-

2813 2658 63 21 genial
2884 2658 52 18 hosts
2945 2660 21 16 of
2974 2660 32 17 the
3023 2661 87 18 Terraces
3125 2662 60 17 Hot-2
3197 2668 35 11 com-

2813 2681 76 17 menced
2899 2687 11 12 a
2919 2683 70 20 search,
2997 2684 32 16 Mr
3046 2684 47 18 Ross
3104 2685 60 22 going
3180 2687 20 15 to
3216 2686 28 16 the

2813 2705 33 21 top
2855 2705 20 16 of
2890 2705 32 16 the
2936 2707 99 17 mountain
3051 2708 38 16 and
3102 2710 34 15 not
3150 2708 94 22 returning

2813 2728 49 16 until
2869 2728 10 16 4
2888 2733 45 17 p.m.
2959 2729 31 17 Mr
2997 2729 103 24 McKinley
3114 2731 88 23 reported
3216 2731 27 18 the

2813 2752 69 16 matter
2890 2752 21 16 to
2922 2752 34 17 the
2972 2753 65 22 police,
3056 2754 51 21 who,
3123 2755 19 16 in
3156 2760 87 17 company

2813 2773 46 18 with
2880 2775 38 16 two
2946 2775 48 18 local
3019 2777 114 22 gentlemen,
3152 2778 91 23 promptly

2813 2797 72 17 started
2905 2798 30 17 off
2951 2804 24 12 on
2996 2799 103 19 horseback
3117 2807 21 11 as
3155 2807 12 12 a
3185 2801 58 17 search

2813 2822 62 20 party,
2905 2821 35 18 but
2964 2827 49 14 were
3037 2823 80 18 recalled
3143 2823 58 18 about
3227 2825 18 16 lir

2813 2843 73 17 o'clock
2907 2844 26 22 by
2954 2845 33 17 the
3003 2847 66 16 return
3094 2847 20 17 of
3138 2848 33 17 the
3196 2853 36 11 wan-

2813 2866 54 17 derer
2882 2867 65 17 whose
2970 2868 71 19 clothes
3062 2869 80 18 sufferer?
3166 2870 77 22 severely

2812 2888 26 23 by
2847 2890 28 16 his
2889 2891 147 22 perigrinations
3049 2893 36 17 but
3098 2894 73 16 seemed
3185 2894 49 16 other-

2813 2912 43 18 wise
2865 2915 136 17 unconcerned.
3027 2916 39 17 The
3078 2917 55 21 place
3147 2916 62 19 where
3224 2917 20 17 he

2813 2937 51 15 must
2888 2937 47 17 have
2957 2938 67 21 passed
3049 2940 32 16 the
3102 2940 56 21 night
3173 2940 17 17 is
3206 2940 28 17 des-

2813 2958 63 18 cribed
2883 2965 21 12 as
2912 2966 36 11 one
2954 2961 19 17 of
2982 2961 33 18 the
3027 2964 49 15 most
3087 2963 107 21 dangerous
3210 2963 32 17 and

2813 2982 119 18 treacherous
2946 2987 51 19 spots
3015 2985 57 23 along
3089 2985 92 21 Tauhara,
3197 2992 20 11 so
3230 2987 12 16 it

2812 3005 81 18 behoves
2903 3007 95 22 strangers
3007 3009 20 16 to
3044 3009 23 16 be
3084 3008 71 19 careful
3171 3010 37 16 and
3225 3010 19 16 to

2812 3028 44 17 take
2865 3034 56 17 every
2929 3036 47 14 care,
2993 3031 37 17 and
3046 3032 61 18 where
3123 3034 34 16 not
3173 3038 58 12 accom-

2812 3051 69 23 panied
2889 3052 26 22 by
2924 3059 11 10 a
2943 3054 57 22 guide
3008 3056 21 15 to
3034 3057 33 20 get
3076 3055 35 18 full
3118 3056 124 16 information.

2813 3074 38 18 The
2860 3075 109 18 ludicruous
2977 3079 44 18 part
3029 3078 15 17 is
3060 3079 32 16 the
3108 3079 134 17 consternation

2813 3098 20 16 of
2841 3098 33 16 the
2882 3100 88 16 traveller
2978 3100 38 17 and
3028 3101 30 17 bis
3067 3102 71 22 feeling
3146 3102 97 22 aggrieved

2813 3121 42 16 that
2867 3126 27 12 no
2902 3128 34 11 one
2953 3128 37 12 saw
3007 3124 31 17 his
3053 3124 68 22 signal,
3138 3124 80 23 namely,
3235 3131 8 11 a

2813 3144 55 17 small
2885 3145 69 21 pocket
2973 3143 123 21 haiikerchief
3120 3153 23 13 on
3161 3153 11 12 sc
3189 3147 54 18 stick:

2813 3167 59 17 When
2882 3167 32 18 the
2931 3168 66 23 height
3014 3170 15 17 is
3038 3171 114 20 considered,
3163 3171 36 17 and
3208 3171 35 17 also

2813 3191 33 16 the
2855 3190 83 18 distance
2943 3192 16 17 it
2964 3193 63 17 makes
3033 3194 12 16 it
3055 3194 32 17 the
3093 3200 50 11 more
3149 3194 85 23 amusing
3241 3190 2 27 I

2837 3213 38 17 The
2884 3215 69 17 tourist
2961 3222 65 11 season
3035 3217 34 17 has
3078 3218 34 16 not
3126 3217 47 18 been
3187 3218 46 21 parti-

2813 3236 72 22 cularly
2903 3238 58 19 brisk,
2978 3239 94 23 although
3089 3246 11 11 a
3117 3241 35 16 fair
3168 3241 75 17 number

2813 3259 47 17 have
2966 3262 84 23 through
3056 3264 80 16 without
3143 3264 63 22 seeing
3213 3269 30 12 one

2813 3284 77 21 quarter
2898 3284 20 16 of
2926 3285 32 16 the
2968 3285 60 22 sights
3037 3286 21 17 of
3075 3286 32 17 the
3115 3286 79 18 district.

2836 3307 55 16 After
2900 3307 32 17 the
2940 3311 63 15 recent
3013 3309 49 17 rains
3071 3310 32 16 the
3112 3310 56 17 roads
3181 3316 31 10 are
3226 3309 17 17 in

2813 3329 50 22 good
2879 3330 62 21 order,
2956 3331 33 18 the
3006 3333 150 17 uncomfortable
3172 3333 43 18 dust
3230 3333 15 16 is

2813 3352 42 17 well
2864 3352 39 18 laid
2911 3359 51 11 now.

2902 3426 238 34 TELEGRAPHIC.

3010 3507 92 25 Loxdox,
3113 3509 60 25 April
3188 3510 27 18 IS.

2838 3541 19 19 A
2864 3542 197 25 ghastly-discovery
3071 3544 37 18 has
3118 3544 50 18 been
3187 3547 54 16 made

2814 3568 26 23 by
2851 3568 33 18 the
2894 3568 70 25 police,
2973 3575 26 12 no
3009 3569 39 19 less
3059 3569 49 20 than
3125 3570 30 18 six
3175 3570 66 19 bodies

2812 3594 21 18 of
2842 3600 70 17 young
2921 3594 91 19 children
3022 3595 77 26 having
3112 3595 51 19 been
3181 3596 58 19 found

2812 3620 21 18 in
2841 3619 35 19 the
2887 3620 53 19 river
2949 3620 92 20 Thames.
3078 3622 21 18 It
3109 3622 17 18 is
3139 3621 102 26 suspected

2811 3645 45 19 that
2867 3645 55 25 baby
2932 3646 91 26 farming
3032 3648 50 18 with
3092 3647 28 19 all
3130 3648 26 18 its
3165 3648 65 18 attend-

2812 3674 35 16 ant
2855 3671 80 19 horrors
2946 3673 36 19 has
2993 3673 51 19 been
3054 3673 112 19 conducted
3174 3680 25 12 ou
3217 3680 23 12 an

2812 3697 109 24 unusually
2939 3698 57 26 large
3025 3699 60 19 scale.
3123 3700 18 18 A
3167 3706 74 12 wcman

2812 3723 45 19 who
2868 3730 40 12 was
2916 3725 89 18 arrested
3015 3725 32 19 for
3053 3725 114 26 complicity
3177 3726 21 18 in
3208 3725 31 19 the

2812 3749 59 18 affair
2882 3749 37 19 has
2926 3751 111 24 attempted
3047 3753 21 17 to
3073 3751 83 20 commit
3161 3751 78 20 suicide.

2838 3775 58 19 More
2906 3777 68 24 troops
2983 3776 52 19 have
3051 3777 50 19 been
3120 3777 118 24 despatched

2811 3801 51 18 from
2873 3801 34 19 the
2918 3802 53 24 Capo
2982 3803 22 17 of
3014 3803 57 19 Good
3082 3803 60 24 llopo
3152 3804 21 18 in
3184 3803 55 19 order

2811 3829 20 16 to
2841 3827 55 24 quell
2907 3827 35 19 the
2954 3828 103 19 Matahelo
3067 3829 71 25 rising.

2836 3851 19 20 A
2873 3854 155 19 reinforcement
3046 3855 21 18 of
3086 3855 39 18 five
3141 3854 100 20 thousand

2810 3885 46 12 men
2866 3880 17 17 is
2894 3879 41 18 also
2946 3880 122 26 proceeding
3078 3883 20 17 to
3108 3881 34 18 the
3152 3881 85 18 Soudan.

2836 3905 44 18 The
2891 3905 54 19 Irish
2957 3906 55 19 Land
3029 3906 42 19 Bill
3086 3907 37 18 has
3139 3907 52 19 been
3210 3907 19 18 in-

2810 3931 96 18 troduced
2916 3932 19 18 in
2950 3932 34 19 the
3001 3932 72 19 House
3092 3933 21 18 of
3130 3933 108 18 Common.-.

2810 3957 43 18 The
2861 3957 56 24 right
2927 3958 21 18 of
2958 3958 99 24 purchase
3065 3959 27 23 by
3110 3959 34 18 the
3158 3965 69 18 occup.)

2809 3984 36 23 ing
2855 3985 72 16 tenant
2936 3984 41 18 will
2988 3984 26 19 be
3027 3985 35 18 the
3078 3985 54 18 chief
3144 3984 93 26 principle

2809 4010 21 18 of
2836 4009 34 18 the
2880 4015 97 13 measure.

2834 4034 43 19 The
2894 4038 67 16 recent
2975 4035 47 19 duel
3036 4036 66 18 which
3118 4036 47 19 took
3184 4036 52 26 place

2808 4061 93 18 between
2907 4060 28 20 SI.
2946 4061 64 19 Eatze
3018 4062 39 18 and
3066 4062 67 18 Baron
3142 4061 98 21 Schrader

2808 4087 38 18 has
2855 4087 89 19 resulted
2954 4088 21 18 in
2982 4088 34 18 the
3026 4088 60 18 death
3097 4088 21 18 of
3125 4088 34 18 the
3173 4088 65 19 latter.

2808 4112 42 19 The
2859 4113 82 24 quarrel
2948 4120 57 12 arose
3011 4116 35 16 out
3058 4114 22 18 of
3095 4115 35 18 the
3142 4113 95 25 Baraudy

2808 4144 56 18 press
2869 4138 98 20 scandals.

1239 54 56 20 THE
1322 55 56 20 HOT
1406 56 93 20 I.AKES
1528 56 172 27 CHRONICLE,
1728 60 191 23 WEDNESDAY,
1947 62 88 20 APBIL
2065 65 29 18 15,
2112 65 50 17 189G

349 280 348 35 ROTORUM.

344 448 126 23 (Formerly
486 447 42 19 the
548 447 147 23 Pa.rsona.ge.)

341 691 61 24 Mrs
420 691 33 23 D.
476 688 215 26 GRIFFITHS.

530 879 293 46 Ehrenmed
838 879 122 45 Bros

673 935 143 22 BREWERS,

608 966 108 22 ALBERT
731 967 150 22 BrtEWERY,

551 999 218 23 QUEEN.STKEET,
783 997 158 21 AUCKLAXD

549 1051 68 18 WINE
630 1051 50 16 AND
692 1046 79 22 SPIRIT
783 1049 156 21 MERCHANTS,

570 1079 123 17 BOTTLERS
704 1079 51 15 AND
772 1077 144 19 IMPORTERS,

614 1101 26 19 13,
656 1105 132 12 aUKEN-fcTKKKT
804 1103 69 12 WHARF.

620 1152 51 12 TIIIZH
682 1152 60 12 MEDAL
752 1152 36 11 AND
798 1151 72 11 AWAIIDS

527 1177 24 13 At
560 1175 29 15 the
603 1174 91 20 following
710 1173 112 17 Exhibitions
838 1173 26 15 for
873 1178 31 9 our
913 1171 38 16 well-

622 1196 61 15 known
698 1194 45 16 Bulk
752 1194 32 15 and
795 1194 68 15 Bottled

640 1216 47 16 ALE
699 1216 50 16 AND
761 1215 87 17 STOUT:

526 1244 70 21 Sydney
605 1242 124 18 Intflrnatiocal
738 1242 108 19 Exhibition,
858 1243 46 16 1879.

527 1265 100 17 Melbourne
637 1259 125 22 international
769 1262 110 20 Exhibition,
889 1263 69 16 1880-81

526 1287 43 16 New
577 1286 73 16 Zealand
660 1286 98 18 Industrial
758 1286 108 18 Exhibition,
871 1285 78 20 Welling-

570 1312 35 14 ton,
617 1308 47 16 1885.

525 1329 45 16 New
589 1328 75 17 Zealand
678 1329 33 15 and
725 1329 54 16 South
793 1329 41 15 Seas
850 1327 108 16 Exhibition.

570 1350 86 17 Dnnedin.
668 1350 78 16 188!>.yo.

526 1373 20 15 In
556 1373 77 15 addition
642 1374 17 13 to
669 1372 53 15 above
731 1371 43 16 have
792 1371 43 16 been
850 1370 79 16 awarded
943 1372 17 13 at

569 1393 104 17 Tasmania!!
706 1392 108 21 Exhibition,
842 1391 117 20 Liunceston,

571 1416 78 15 ISjI-92.

612 1445 57 17 FIVE
681 1445 70 16 FIRST
769 1445 104 16 AWARDS

726 1472 33 11 Foli

528 1489 68 17 BULK
609 1489 109 16 BOTTLED
735 1489 56 15 ALES
810 1488 51 16 AND
884 1487 76 16 STOUT

613 1531 251 33 CHAMPIONSHIP

553 1570 65 24 Gold
631 1570 87 23 Medal
728 1571 28 22 of
766 1569 167 23 Australasia

525 1645 90 23 BULK
628 1644 70 23 AND
718 1643 147 24 BOTTLED
880 1643 66 24 ALE

618 1697 73 18 Havirjr
699 1703 10 9 a
784 1696 52 16 Stock
845 1696 18 16 of

638 1722 47 16 ALE
697 1722 51 16 AND
760 1722 83 19 STOUT,

526 1750 67 16 Bottled
603 1750 16 15 in
628 1753 51 16 quart
689 1749 33 16 and
738 1750 38 19 pint
790 1748 68 18 bottle',
875 1747 83 21 specially

525 1771 66 16 brewed
600 1771 27 16 for
635 1769 3 18 I
643 1771 21 15 he
672 1775 74 12 Rummer
755 1770 54 17 trade,
820 1769 55 16 which
884 1774 28 10 hto
919 1774 38 9 now

523 1792 106 17 thoroughly
638 1792 83 17 matured,
735 1797 31 10 can
781 1797 10 8 v
798 1792 24 14 ith
837 1796 52 13 every
903 1790 52 15 confi-

613 1890 247 45 NOTICE.

524 1966 194 31 FRANKTON
744 1964 211 32 JUNCTION

688 1998 113 32 HOTEL.

524 2054 201 49 PASSENGERS
740 2057 27 22 by
784 2057 53 19 train
854 2058 20 18 to
889 2055 66 21 Auck'

713 2083 54 20 land.

522 2133 156 28 TRAINS
688 2134 69 32 stop
765 2132 192 27 20minutes

534 2178 21 16 at
562 2175 34 19 the
605 2174 104 20 Frankton
717 2174 98 19 Junction
824 2174 32 18 for
864 2173 79 19 dinner.

547 2201 43 20 The
614 2200 136 25 undersigned
779 2200 37 18 lias
847 2199 110 19 first-class

523 2227 65 20 Meals
600 2227 62 24 ready
672 2227 40 18 and
723 2226 70 19 served
803 2232 26 12 un
845 2225 73 20 arrival
936 2225 22 19 of

523 2255 26 18 ull
561 2254 70 19 trains.

523 2288 218 47 William
774 2286 180 54 Geaeh,

576 2354 321 24 PROPRIETOR.

523 2407 147 23 Hancock's
680 2406 97 23 XXXX
784 2406 64 23 Ales
857 2405 100 28 always

655 2440 33 15 on
699 2432 125 29 Draught.

642 2494 195 20 PANUITANGA.

525 2548 57 42 KI
596 2553 39 17 nga
650 2547 37 17 lioa
704 2545 77 19 Pakeha
802 2546 31 17 kai
853 2552 40 16 nga
908 2545 50 17 walii

595 2571 58 17 katoa
662 2576 11 11 o
681 2570 38 17 Nui
731 2569 62 18 Tireni
807 2575 29 12 me
850 2575 39 16 nga
905 2570 53 16 motu

524 2595 57 16 katoa
589 2594 6 17 i
604 2595 19 16 te
631 2599 23 12 ao
663 2599 31 11 mo
703 2595 19 15 tc
730 2594 47 16 rinta
785 2598 35 12 rau
828 2592 35 18 oka
869 2592 30 17 kai
908 2591 38 18 Wai-

525 2618 57 23 otapu
591 2617 30 17 nei
631 2618 20 16 te
658 2616 91 18 Rakimoa
758 2616 57 18 kaore
824 2621 36 13 ano
867 2616 5 16 i
882 2615 61 17 hakoa
950 2620 8 12 e

524 2643 64 16 niatau
599 2646 30 12 mo
638 2646 38 15 iipa
683 2640 50 17 moivi
743 2639 60 18 ewliia
812 2644 33 13 ran
855 2638 41 19 ehia
903 2639 55 16 te'-au

524 2669 63 17 pauna
596 2663 87 18 kaorohe
692 2662 75 19 mokefe
775 2664 55 15 kaore
838 2662 23 17 he
871 2667 63 12 nama.

665 2686 77 17 IHAIA
754 2684 116 21 TEWARU,

665 2709 100 17 MENIIII
778 2708 126 18 TUAHINE,

666 2732 137 17 KARATTRIA
821 2730 137 19 WHAREWI.

549 2756 91 22 Rotorna,
650 2756 74 22 Apirira
733 2757 16 19 0,
762 2756 50 17 1896.

537 2818 136 20 LIBRARY
685 2817 152 19 BUILDING
853 2817 93 19 FUND.

560 2881 198 27 Promenade
781 2881 144 26 Concert.

614 2923 108 24 (Weather
732 2923 139 24 permitting.)

525 2975 235 21 SANATORIUM
781 2973 177 21 GROUNDS.

584 3027 89 23 Friday,
689 3031 65 15 At-iul
767 3028 59 23 17th,
845 3028 56 17 189fi.

551 3068 26 18 In
588 3067 32 19 aid
631 3067 21 19 of
661 3067 35 19 the
703 3067 99 24 Building
812 3067 59 18 Fund
887 3066 21 19 of
924 3066 36 19 the

525 3093 92 20 Rotorua
623 3093 73 19 Public
705 3093 87 25 Library
808 3093 40 18 and
863 3092 95 25 Reading

526 3120 72 18 Room.

553 3147 17 18 A
580 3152 128 18 programme
718 3145 21 19 of
746 3145 68 18 choice
821 3145 64 18 music
895 3144 65 24 (vocal

527 3172 39 19 and
577 3171 151 23 instrumental)
741 3171 42 18 'will
793 3171 25 18 be
828 3170 97 19 rendered
936 3177 24 11 on

527 3198 35 19 the
583 3198 65 18 above
665 3198 97 19 occasion.
802 3197 42 18 The
870 3196 92 20 Rotorna

527 3224 98 19 Amateur
635 3223 61 19 Brass
706 3223 57 18 Baud
774 3224 40 17 will
823 3223 77 19 attend.

593 3274 125 21 Collection
728 3281 26 12 at
769 3280 40 14 the
822 3275 74 18 Gates.

591 3314 31 25 By
636 3314 65 19 Order
711 3313 84 20 Concert
807 3313 129 20 Committee.

661 3466 145 22 NOTICE-

530 3513 34 19 TO
579 3512 91 20 SHEEP
685 3514 16 19 &
710 3513 106 19 CATTLE
826 3512 137 20 DROVERS.

668 3565 17 18 is
694 3565 76 24 hereby
781 3566 59 24 given
851 3565 46 19 that
911 3564 53 18 Fen-

533 3588 35 18 Ll
602 3593 34 16 ton
649 3593 63 17 IStreet
723 3591 51 19 from
794 3592 34 18 the
846 3591 62 19 Town
923 3590 27 18 Ex-

533 3616 78 19 tension
622 3620 22 15 at
653 3617 187 19 Whalcarewarewa
852 3620 20 15 to
883 3617 33 17 the
927 3616 25 19 Es-

532 3642 86 25 planade
634 3642 41 19 will
690 3643 19 18 in
726 3643 70 18 future
814 3644 25 17 be
857 3642 66 18 closed
943 3648 11 12 a-

532 3668 68 25 gainst
616 3669 55 18 stock
688 3669 81 24 driving
787 3669 68 18 unless
873 3667 64 19 under
951 3674 12 11 ai

533 3695 72 23 permit
630 3698 20 15 to
675 3695 26 18 bo
726 3695 97 19 obtained
846 3694 53 19 from
929 3693 35 19 the

532 3721 125 18 authorities.

694 3746 31 25 By
736 3746 69 23 Order,

696 3774 89 17 hotcrua
795 3773 59 18 Town
864 3770 73 20 Board.

558 3807 61 19 Town
629 3807 68 19 Board
706 3807 67 23 Office,
785 3807 71 19 March
866 3807 30 20 27,
907 3807 56 18 1890.

555 3873 177 18 BRUNNERTON
749 3874 96 17 RELIEF
862 3873 79 18 FUND.

536 3922 220 19 OUBSCRIPTION
775 3923 55 18 Lists
851 3922 68 19 issued
937 3922 28 25 by

536 3944 27 21 O
594 3949 34 18 the
638 3949 62 18 Town
710 3949 74 23 Board,
795 3949 21 19 in
826 3949 33 19 aid
871 3949 21 18 of
902 3948 62 19 above

533 3974 65 22 Fund,
609 3974 40 19 will
658 3974 52 19 close
720 3981 26 12 on
756 3975 35 18 the
804 3975 48 18 oOth
867 3975 46 18 inst.
925 3974 38 19 and

533 4000 27 18 all
570 4006 82 18 persons
662 4000 21 19 in
690 4001 115 24 possession
823 4001 21 18 of
856 4007 55 12 same
931 4007 34 12 are

532 4026 108 24 requested
657 4027 21 17 to
696 4026 97 19 returned
810 4026 54 19 their
882 4026 45 19 lists
943 4033 22 12 as

533 4057 48 12 soon
593 4052 52 17 after
654 4052 45 18 that
713 4052 46 18 date
777 4059 21 12 os
817 4052 89 25 possible
925 4053 39 18 and

533 4083 39 18 paj'
584 4077 20 18 in
615 4077 34 18 the
659 4080 83 16 amount
749 4081 21 15 to
779 4078 34 19 the
820 4078 142 25 undersigned.

723 4103 20 18 0.
761 4104 131 19 MALFROY,

696 4126 100 18 Chairman
805 4128 56 16 Town
871 4127 69 17 Board.

265 934 20 15 .I
296 934 1 15 .
306 934 2 15 '
332 935 27 12 .*>

188 979 139 18 STEAM-HIP
341 976 115 19 COMPANY
475 976 30 17 OP

80 995 25 26 %J
157 1003 57 16 NEW
226 999 114 20 ZEALAND
350 999 80 17 Limited.

137 1038 121 17 fKOPOsEIi
270 1035 92 18 DEPaBI
371 1035 66 17 UHKH.

205 1069 49 16 FOR
265 1067 93 17 SYDNEI

70 1102 108 20 Waihora,
186 1099 93 23 Tuesday,
291 1098 53 22 April
353 1098 26 18 H,
387 1103 11 10 a
410 1102 45 16 p.m.

70 1180 97 16 TAKArUNA
175 1184 51 15 every
236 1177 76 20 Monday

70 1200 129 20 MAinNAPTJA
208 1206 55 15 every
270 1197 104 23 Thursday.

70 1225 115 18 Dingadee,
197 1223 92 22 Tuesday,
298 1221 54 22 April
363 1221 25 20 14,
398 1225 53 17 op.m

69 1268 91 16 Auckland
167 1266 68 17 Branch

356 1268 37 11 ston
406 1262 97 19 Buildings.

70 1402 162 45 HUDDART,
258 1399 110 19 PARKER,
390 1397 53 18 AND
465 1395 38 19 CO.

233 1422 108 26 (limited),

92 1472 96 24 Splendid,
198 1468 162 26 Well-appointed
366 1468 93 18 Steamers
465 1466 37 17 will

68 1498 23 16 he
100 1496 114 23 despatched
223 1496 49 16 from
280 1494 119 18 AUCKLAND,
409 1497 20 10 as
444 1490 61 17 under

66 1520 92 23 (weather
173 1519 39 17 and
231 1518 54 17 other
301 1516 142 17 circumstances
459 1518 33 18 per-

68 1542 85 21 mitting)
160 1548 29 12 :

68 1567 42 16 Foit
115 1564 137 21 GISBORNE,
258 1562 104 19 NAPIER,
371 1559 115 19 WELLING-

89 1589 57 22 TON,
157 1585 158 22 LYTTELTON,
326 1586 15 16 &
350 1583 127 21 DUNEDIN,

67 1614 116 16 Tasmania.
192 1612 127 17 ...Tuesday,
327 1608 52 22 April
387 1607 57 21 21,12
452 1612 50 12 noon

68 1637 100 20 Anglian,
178 1636 102 17 Tuesday,
298 1632 46 22 May
360 1632 16 19 J,
388 1632 19 15 12
421 1635 56 12 noon.

195 1681 51 17 FOR
261 1678 112 20 SYDNEY,

113 1705 115 24 (Returning
240 1705 20 16 to
269 1701 98 19 Auckland
376 1700 79 23 Direct.)

67 1729 93 23 Carrying
180 1729 114 20 Passengers
315 1724 29 19 for
366 1724 134 20 Melbourne,

78 1752 55 19 other
137 1752 133 17 Australian
277 1749 71 17 Pouts,
355 1747 133 20 andHoDART,

67 1780 103 18 Anglian.
178 1779 106 18 .Monday,
294 1775 88 24 April2o,
392 1776 10 15 4
411 1780 45 17 p.m.

68 1804 107 16 Tasmania
223 1802 98 18 Monday,
336 1799 46 21 May
394 1800 17 18 4,
426 1800 11 15 4
453 1803 47 17 p.m.

90 1830 31 18 All
130 1830 74 17 Tickets
212 1835 31 11 are
252 1827 91 18 available
352 1826 39 17 also
405 1825 30 18 for
444 1825 45 23 Stop-

67 1859 44 13 over
119 1859 21 11 or
148 1853 73 17 Return
235 1852 25 20 by
273 1850 54 18 ANY
344 1849 83 18 UNION
442 1848 59 18 CO.'S

68 1876 139 18 STEAMERS,
218 1870 37 22 and
263 1874 74 17 holders
346 1872 20 18 of
374 1871 66 19 TJ.S.S.
458 1871 43 18 Co's

68 1900 73 18 Tickets
162 1904 43 17 may
223 1897 59 18 travel
298 1896 26 23 by
345 1895 117 17 ANGLIAN
479 1900 21 11 or

67 1922 140 18 TASMANIA.

165 1951 22 17 L.
201 1952 24 16 D.
235 1948 107 19 NATHAN
356 1948 15 17 &
384 1947 44 21 CO.,

396 1971 79 23 Agents.

110 2018 124 18 ORTHERN
261 2015 146 20 STEAMSHIP
435 2015 48 17 COM-

67 2041 34 22 -11
174 2041 78 22 PANT,
270 2039 118 18 LIMITED.

200 2086 166 19 TIME-TABLE.

67 2121 82 15 Weather
157 2120 34 15 and
197 2120 50 15 other
254 2119 130 16 circumstances
390 2117 108 20 permitting.

352 2183 145 17 TAURANGA.

68 2187 69 17 Leave
145 2186 143 17 AUCKLAND
301 2187 38 14 fob
352 2186 108 14 TAUKAN'

67 2218 93 19 Waiotahi
195 2216 2 24 I
208 2218 62 22 Every
279 2216 85 21 Tuesday
373 2216 20 17 at
402 2216 54 21 3p.ni

67 2242 118 18 Chelmsford
279 2239 69 22 Friday
357 2240 19 16 at
385 2239 10 16 3
406 2244 45 17 p.m.

279 2263 113 19 Passengers
400 2262 51 20 only.

205 2408 95 29 rpHOS.
322 2406 68 18 COOK
411 2406 15 17 &
451 2406 49 17 SON

163 2454 2 18 '
196 2454 2 18 '
244 2458 52 14 HOOK
309 2456 96 15 PASSAGES
418 2456 41 13 AND

270 2481 76 14 SECURE
358 2480 77 13 BERTHS

231 2502 31 17 AT
275 2500 103 17 LOWEST
391 2498 80 18 RATES

67 2533 27 12 BY
106 2533 18 12 T.
135 2528 15 17 &
159 2531 17 13 O.
187 2532 36 14 CO.,
233 2528 75 14 ORIENT
317 2528 35 15 CO.,
362 2526 72 14 DIRECT
442 2526 60 13 LINES

160 2553 91 16 OCEANIC,
265 2550 142 16 MESSAGERIES,

169 2578 26 17 Or
202 2582 36 17 any
247 2576 37 17 line
292 2580 21 12 as
322 2573 78 18 desired.

91 2625 85 23 Enquiry
185 2622 79 19 invited.
278 2620 126 19 Information
413 2619 64 23 gratis.

70 2671 95 19 Intending
172 2674 101 17 passengers
286 2666 60 17 should
361 2665 52 21 apply
428 2665 27 16 for
471 2670 32 11 our

90 2693 35 16 free
134 2692 28 15 list,
171 2692 18 15 of
197 2692 73 15 steamer
284 2688 71 21 sailings
367 2688 32 14 and
409 2688 45 15 fares
463 2690 18 12 at

117 2717 90 20 COOK'S
219 2714 126 20 SHIPPING
357 2713 98 20 OFFICE,

145 2748 22 16 7(i
176 2750 42 13 and
228 2745 22 18 78
263 2744 163 20 Queen-street.

99 2775 87 17 Rotoraa
202 2774 78 22 Agency
287 2770 3 26 :
303 2770 94 19 Hinemoa
407 2770 66 17 Street.

89 2806 18 9 Xt
118 2806 11 9 d
160 2805 16 16 T)
178 2811 17 11 ra
198 2806 7 15 f
207 2807 6 14 j
214 2811 7 9 s
230 2805 33 15 and
272 2803 77 17 Circular
357 2802 54 16 Notes
418 2801 56 16 issued
483 2802 18 14 at

72 2938 153 27 IMPORTER
239 2937 59 26 AND
313 2935 187 26 COMMISSION

229 2962 108 29 AGENT.

85 3015 13 17 A
126 3014 87 18 LARGE
223 3013 36 18 and
268 3011 138 19 well-assorted
414 3011 53 18 stock
483 3011 21 17 of

72 3069 122 22 Crockery,
221 3067 137 21 Glassware,

129 3097 172 21 Ironmongery,
313 3094 103 22 Drapery
425 3092 22 19 &

227 3125 135 20 Household
372 3125 131 18 Furniture.

107 3164 77 22 Always
193 3169 23 11 on
225 3162 52 18 hand
285 3163 20 16 at
313 3161 75 17 Lowest
399 3161 70 17 Prices.

70 3195 59 18 Also
150 3194 85 19 Totara
260 3193 70 18 Posts
354 3192 46 18 and
425 3191 80 19 House

84 3218 85 18 Blocks
178 3218 26 18 at
212 3216 99 19 reduced
320 3216 62 17 rates
390 3216 25 17 to
425 3215 69 17 clear.

230 3554 55 20 ASK
301 3553 53 19 FOR

78 3605 429 48 HANCOCKS'

202 3677 182 22 CELEBRATED

256 3729 87 32 xxxx

190 3787 209 51 ALES,

209 3858 58 13 MADE
275 3858 54 13 FROM
339 3858 40 13 THE

81 3897 118 33 FINEST
225 3894 87 33 MALT
332 3895 63 31 AND
413 3894 95 38 HOPS,

117 3986 54 14 FRFE
183 3984 56 14 FROM
251 3983 39 13 ALL
303 3981 126 15 ANTISEPTICS
442 3983 25 13 OH

81 4081 139 32 CAPTAIN
243 4078 83 33 COOK
343 4077 166 37 BREWERY,

992 115 231 49 Blocker's
1272 119 148 48 Dutch

1124 191 160 47 Coeoa.

988 272 138 33 Highest
1134 275 128 25 awards
1275 276 33 25 at
1320 281 100 27 every

1110 315 195 26 Exhibition.

1021 363 64 25 The
1098 364 98 26 latest
1208 365 28 25 is
1249 365 54 25 the
1324 366 96 26 Cross

988 395 34 25 of
1027 396 111 26 Honor
1151 399 34 24 at
1200 397 61 26 the'
1277 399 123 25 Amster-

988 428 72 26 dam
1068 429 190 27 Exhibition
1266 431 91 30 1895,
1365 431 55 25 the

986 461 129 32 highest
1122 463 139 32 possible
1270 464 117 25 award.

986 572 44 42 A
1042 571 130 21 MEETING
1181 573 22 19 of
1216 573 35 19 the
1266 573 154 20 Householders

1056 598 23 20 of
1087 599 36 18 the
1132 599 93 19 Rotorua
1240 599 74 19 School
1334 599 85 20 District

987 623 39 19 will
1036 624 25 18 be
1071 624 48 19 held
1130 632 26 12 on
1170 625 98 23 Monday,
1286 626 48 18 27th
1352 625 65 26 April,

990 651 52 20 1896,
1054 654 21 15 at
1086 651 45 19 7.30
1141 657 49 20 p.m.
1200 655 22 15 at
1237 652 35 18 the
1289 651 78 23 School,
1387 652 32 18 for

987 676 32 19 the
1030 676 84 20 election
1123 679 22 17 of
1154 684 12 12 a
1174 677 72 19 School
1256 677 127 19 Committee.

1085 703 128 19 VINCENT
1228 703 24 19 E.
1268 703 71 23 KICE,

1070 728 111 26 Secretar}',
1193 729 114 19 Education
1317 729 73 19 Board.

1103 781 63 20 paper
1185 776 41 18 and
1242 774 2 27 '.

1065 801 81 25 printed
1160 802 84 24 heading

986 829 19 16 at
1016 826 107 20 Chronicle
1138 829 62 17 oifice.

971 4218 102 38 Ask
1099 4218 75 38 for
1200 4218 262 37 Hancock's
1501 4218 280 41 Celebrated
1812 4221 187 42 XXXX
2032 4225 119 42 Ales
2180 4233 94 36 and
2301 4233 140 40 Stout
