3290 4310
74 108 68 43 THE
148 108 186 41 WATERING
343 108 109 41 PLACE
459 108 44 41 OF

166 163 69 39 THE
260 162 147 40 FUTURE.

73 238 17 16 A
108 234 107 19 RA3IBLE
232 232 34 20 Dv"'
303 241 15 11 w

196 281 30 16 Hy
238 281 20 16 D.
272 280 19 17 J.
306 280 73 19 Quixx.

75 311 90 21 ©tOME
174 311 49 19 time
231 318 39 19 ago
278 311 12 19 I
299 311 64 19 found
372 309 74 26 myself
453 309 49 20 with

76 339 27 15 «s*
130 344 12 13 a
152 338 56 18 three
217 337 73 19 weeks'
306 337 82 23 holiday
405 342 26 13 on
447 335 55 20 hand

73 366 38 18 and
120 371 40 11 was
170 363 110 19 somewhat
289 362 109 26 perplexed
411 364 21 16 to
442 362 59 18 know

73 391 52 19 what
134 393 21 16 to
165 389 26 19 do
199 389 48 19 with
257 389 22 18 it.
315 388 17 19 A
350 388 65 19 friend
428 388 74 24 helped

71 423 30 13 me
114 417 34 18 out
156 416 21 18 of
188 414 34 19 the
233 414 103 24 difficulty.
391 414 56 24 Why
467 416 34 16 not

71 443 46 19 take
128 449 11 11 a
149 441 40 24 trip
199 443 20 15 to
228 440 48 19 New
416 439 26 18 he
449 439 50 23 said,

73 471 10 9 •'
92 467 105 20 Auckland
207 466 17 18 is
231 466 47 24 only
285 466 38 19 five
332 466 49 23 days
388 465 52 18 from
449 465 39 24 Syd-

69 501 44 17 ney,
128 493 39 19 and
177 499 40 17 you
229 492 40 18 will
285 492 52 17 have
346 497 12 12 a
375 490 53 19 clear
444 490 56 19 week

71 522 18 18 in
101 519 64 19 which
175 522 20 14 to
205 525 37 11 run
254 524 26 18 up
290 520 21 16 to
321 517 91 19 Ivotorua
420 516 40 19 and
468 523 32 12 see

71 545 112 24 something
193 544 21 18 of
224 544 33 18 the
267 543 66 25 sights
340 543 20 18 of
367 543 34 19 the
433 543 66 19 Won*

94 598 12 18 I
116 596 40 20 had
166 596 48 18 read
223 602 12 12 a
243 595 53 25 good
303 595 43 18 deal
353 595 64 18 nbout
424 594 35 18 the
466 600 22 12 re-

69 622 104 21 markable
183 622 126 24 phenomena
319 621 20 18 to
349 620 24 18 1)9
381 626 46 12 seen
435 620 20 18 in
464 620 34 18 the

69 649 39 20 Hoi
124 648 66 18 Lakes
202 647 83 23 district,
302 647 40 17 and
357 652 48 18 very
420 645 78 25 readily

68 675 33 20 fell
113 675 18 18 in
140 674 49 19 with
200 680 11 12 a
221 673 118 24 suggestion
354 671 65 19 which
430 668 66 22 would

69 700 70 20 enable
150 706 37 14 me,
199 699 19 18 in
230 699 33 18 the
280 698 64 19 words
361 698 21 18 of
397 697 98 23 Johnson,

68 730 20 16 to
98 726 91 25 regulate
197 726 34 17 the
240 724 132 25 imagination
381 723 27 25 by
417 723 78 25 reality,

68 753 39 19 and
117 751 78 19 instead
209 751 21 18 of
248 750 97 25 thinking
362 750 45 18 how
427 749 70 25 things

70 778 63 25 might
151 777 25 19 be
193 780 21 15 to
231 783 32 12 see
281 776 55 19 them
359 782 22 12 as
390 776 48 23 they
455 782 40 11 are.

69 805 40 19 The
119 803 100 24 necessity
224 803 32 18 for
262 802 49 19 such
317 808 13 12 a
360 801 115 25 regulation

69 831 79 18 became
167 831 98 23 apparent
284 835 26 12 on
329 834 32 18 my
383 827 74 18 arrival
475 830 21 15 at

69 857 94 18 llotorua.
191 855 12 18 I
219 854 64 19 found
302 854 44 18 that
364 853 35 18 the
417 853 78 25 picture

69 888 32 18 my
117 881 133 25 imagination
267 880 39 18 had
325 878 77 19 created
421 879 21 18 of
460 879 35 18 the

88 906 138 20 Wonderland
265 912 41 12 was
325 904 56 25 quite
400 904 95 19 different

66 937 19 16 to
96 934 43 18 that
149 932 106 25 presented
264 934 21 16 to
296 937 32 18 my
338 930 57 20 view.
429 930 65 20 There

68 966 48 12 were
127 959 34 18 the
171 957 79 26 rugged
261 957 52 19 hills,
325 957 34 18 the
376 956 118 19 forest-clad

67 985 85 25 heights,
164 986 34 17 the
209 983 98 19 scattered
318 982 51 19 little
384 982 108 25 township,

68 1012 37 19 and
115 1011 34 19 the
166 1009 130 26 magnificent
310 1009 47 18 blue
378 1007 46 19 lake
443 1008 50 19 with

65 1039 32 18 the
107 1037 65 18 island
182 1036 21 18 in
213 1036 34 18 the
257 1035 75 19 middle
342 1034 20 19 of
372 1034 21 23 it,
409 1033 38 19 but
456 1040 25 12 no-

68 1064 62 18 where
139 1062 59 19 could
208 1062 11 18 1
229 1068 32 12 see
271 1061 36 18 the
325 1061 101 23 steaming
440 1066 42 18 .gey-

66 1096 43 16 sers,
122 1089 34 18 the
166 1087 78 24 boiling
261 1087 86 24 springs,
358 1086 35 18 the
403 1085 89 19 volcanic

65 1122 57 13 cones
129 1115 21 17 of
160 1113 64 20 which
235 1113 11 19 I
256 1113 40 18 had
305 1112 53 23 read,
375 1111 42 20 and
426 1111 66 20 which

65 1143 10 18 I
85 1141 38 19 had
134 1140 51 18 been
202 1139 83 24 looking
301 1137 88 20 forward
405 1141 21 15 to
443 1137 48 20 with

63 1175 21 12 so
91 1166 58 19 much
157 1165 119 26 impatience
294 1164 38 19 and
350 1164 101 24 curiosity.

83 1199 32 17 Oft
122 1197 118 22 expectation
249 1196 48 18 fails,
304 1195 37 17 and
346 1196 50 16 most
404 1195 29 17 oft
438 1195 53 17 there

63 1223 62 16 ■\Yhere
134 1221 49 17 most
191 1220 15 17 it

63 1252 80 21 Instead
153 1252 21 19 of
183 1252 35 18 the
227 1251 76 19 fearful
313 1250 38 19 and
362 1250 117 25 awe-inspir-

64 1281 33 23 ing
106 1278 70 25 region
191 1284 34 18 my
242 1276 133 25 imagination
391 1276 41 18 had
448 1277 32 24 pic-

64 1305 61 22 tured,
136 1305 11 17 I
158 1303 78 19 seemed
247 1305 19 16 to
276 1302 60 19 stand
344 1302 21 18 in
383 1308 55 12 some
455 1309 24 12 en-

63 1330 83 21 chanted
157 1329 66 25 valley
234 1329 49 19 with
293 1328 86 25 nothing
388 1334 54 12 more
452 1335 26 12 un-

64 1364 61 17 canny
134 1357 49 17 than
194 1355 34 19 the
238 1355 77 18 solemn
334 1354 73 18 silence
417 1355 22 18 of
454 1355 36 19 the

64 1384 57 22 place,
133 1382 39 18 and
179 1388 26 12 an
212 1381 127 24 atmosphere
348 1380 142 25 impregnated

63 1409 44 20 with
117 1415 22 13 su
149 1407 108 26 phuretted
271 1406 112 25 hydrogou.

87 1435 52 19 Such
156 1440 40 12 was
216 1440 33 18 my
268 1433 44 18 first
330 1433 119 24 impression
468 1433 22 18 of

64 1462 31 18 the
296 1465 22 12 as
334 1465 46 12 seen
392 1458 52 19 from
454 1459 34 18 the

64 1485 165 26 railway-station
240 1484 78 25 shortly
328 1485 52 18 after
389 1484 34 19 the
437 1484 52 19 hour

64 1515 18 17 of
91 1515 73 16 sunset.
192 1512 41 18 Hut
243 1510 43 25 just
294 1517 22 12 as
326 1510 89 19 distance
430 1510 58 19 lends

61 1539 138 20 enchantment
208 1540 20 15 to
238 1538 33 17 the
282 1537 57 23 view,
350 1543 22 12 so
388 1543 12 12 a
417 1543 71 12 nearer

64 1565 95 20 approach
169 1567 20 15 to
206 1564 34 17 the
256 1562 48 19 hills
319 1562 40 19 and
377 1562 35 19 tlie
430 1562 46 19 lake-

63 1592 54 19 shore
139 1590 70 19 served
224 1592 20 16 to
266 1589 66 25 dispel
349 1588 34 19 the
398 1589 87 18 illusion.

63 1618 59 18 There
131 1623 39 12 was
181 1623 25 11 no
216 1615 50 19 need
276 1615 49 18 then
336 1617 19 16 to
371 1614 38 19 ask
421 1614 66 19 where

64 1650 47 12 were
120 1643 33 18 the
163 1642 79 24 boiling
249 1641 86 25 springs,
343 1640 34 19 the
385 1641 101 24 steaming

64 1675 81 19 geysers,
158 1668 39 18 and
207 1667 35 19 the
251 1667 59 19 other
319 1667 126 25 phenomena
455 1668 32 18 for

62 1695 61 19 which
146 1694 35 19 the
203 1694 79 18 district
303 1693 17 18 is
351 1692 134 20 remarkable.

63 1722 50 23 They
143 1719 107 20 abounded
286 1725 59 18 every
348 1719 63 18 where
452 1719 33 19 hot

64 1747 80 26 springs,
171 1746 100 21 steaming
297 1744 123 27 sulphurous
438 1745 46 24 jets,

62 1773 72 25 boiling
154 1772 48 19 mud
228 1771 123 19 holes—and
370 1771 79 19 formed
464 1771 21 19 in

62 1799 60 26 places
131 1799 48 18 such
189 1804 12 12 a
216 1797 101 19 net-work
333 1797 44 19 that
393 1800 21 16 to
429 1797 56 19 leave

62 1826 29 19 the
101 1825 71 19 beaten
183 1823 55 19 track
249 1823 65 19 would
333 1823 24 19 bo
374 1825 20 17 to
411 1830 74 18 expose

63 1851 70 19 oneself
157 1853 20 16 to
202 1850 34 18 the
259 1849 78 25 danger
358 1849 21 19 of
402 1849 84 24 sinking

62 1877 83 25 through
163 1876 35 18 the
213 1875 128 19 treacherous
367 1875 59 19 earth
445 1875 40 19 and

62 1910 55 12 never
126 1909 54 12 more
191 1902 62 25 being
261 1901 62 19 heard
330 1901 27 19 of.
385 1901 49 19 This
445 1908 41 12 was

63 1929 100 25 especially
174 1929 33 18 the
218 1934 44 12 case
272 1930 21 15 at
311 1927 89 25 Sulphur
417 1927 67 24 Point,

63 1960 18 14 at
89 1955 128 22 Ohinemutu,
227 1954 40 19 and
276 1956 24 16 at
308 1953 33 19 the
349 1960 54 12 more
410 1953 77 20 distant

61 1981 61 26 places
126 1981 20 19 of
149 1980 192 19 Whakarewarewa
345 1980 39 18 and
389 1980 96 19 Tikitere.

128 2018 39 13 THE
180 2018 131 12 CELEBRATED
327 2017 87 13 SPIUNGB.

86 2039 25 19 At
123 2038 91 25 Sulphur
231 2038 61 18 Point
310 2037 17 19 is
345 2037 88 19 situated
452 2037 34 19 the

63 2065 128 19 Government
205 2064 136 19 Sanatorium.
379 2063 22 19 It
417 2064 18 18 is
450 2070 24 12 en-

63 2091 58 19 closed
132 2091 19 18 in
162 2097 12 11 a
191 2089 101 20 beautiful
309 2089 112 25 plantation
437 2090 48 18 with

64 2117 57 24 nicely
139 2116 108 19 cultivated
270 2115 96 25 grounds,
384 2115 21 19 in
421 2115 64 19 which

64 2143 96 18 fountains
169 2142 40 18 and
220 2141 114 25 artificially
343 2141 77 19 formed
437 2148 37 18 gey-

66 2175 35 12 sers
118 2174 33 13 are
168 2167 113 25 constantly
298 2167 90 25 playing.
424 2167 61 23 Here,

66 2198 32 20 too,
108 2201 32 12 are
146 2195 35 18 the
189 2194 114 19 celebraled
310 2194 88 18 curative
406 2194 81 25 springs

65 2221 57 18 which
141 2220 51 19 have
212 2220 72 19 earned
304 2220 32 18 for
357 2220 91 19 Potorua
461 2220 26 19 its

64 2247 45 18 wide
127 2246 113 25 reputation
258 2253 22 12 as
297 2253 13 12 a
330 2246 69 19 health
416 2251 70 14 resort.

65 2272 37 19 The
111 2277 50 14 most
170 2272 94 19 valuable
281 2272 18 19 is
315 2272 35 19 the
364 2272 84 19 Priest's
457 2272 30 24 (so

64 2299 56 18 called
129 2306 22 11 on
163 2300 83 17 account
256 2298 20 18 of
285 2298 35 19 the
330 2304 46 13 cure
394 2298 66 18 which
471 2299 17 17 it

67 2325 76 18 effected
153 2331 24 12 on
188 2331 26 12 an
230 2324 34 19 old
281 2324 113 19 rheumatic
410 2324 77 26 father)

67 2351 60 18 whose
139 2351 59 23 clear,
216 2350 45 26 pale
278 2357 68 18 green,
365 2350 124 24 sulphurous

66 2380 55 15 water
130 2377 64 18 varies
204 2377 21 18 in
242 2380 135 21 temperature
395 2378 51 17 from
462 2379 25 16 9S

65 2405 18 16 to
94 2405 33 16 10G
136 2403 90 25 degrees.
253 2402 20 19 It
283 2403 19 18 is
311 2404 32 17 far
356 2403 52 18 from
426 2402 63 25 being

66 2435 9 12 a
84 2429 86 25 pleasant
181 2429 50 19 bath
240 2431 21 17 to
279 2428 61 20 stnnd
358 2435 54 16 near,
428 2429 59 19 much

66 2455 34 19 less
115 2458 19 16 to
149 2455 62 19 bathe
228 2455 26 18 in.
290 2454 44 20 The
347 2454 141 25 sulphuretted

67 2481 96 26 hydrogen
175 2481 64 19 which
250 2481 15 19 it
274 2481 58 25 gives
347 2481 28 19 off
384 2481 17 18 is
419 2481 70 24 trying

66 2508 17 18 in
101 2508 32 19 the
151 2511 94 19 extreme,
264 2507 41 19 and
335 2507 34 19 the
391 2507 96 23 neurotic,

66 2534 109 21 rheumatic,
186 2533 40 19 and
236 2533 99 25 paralytic
344 2533 88 24 patients
443 2533 46 18 who

66 2559 54 19 brave
129 2561 25 17 its
164 2559 42 19 foul
216 2559 72 19 odours
303 2565 33 13 are
347 2559 54 19 desei
407 2559 49 24 ving
464 2559 23 19 of

67 2586 24 18 all
99 2586 31 18 the
139 2585 56 19 relief
210 2585 26 19 its
251 2588 73 16 waters
339 2585 66 19 afford
423 2585 52 19 them-

68 2612 9 18 '
77 2612 27 18 Hie
120 2612 83 18 noxious
222 2618 37 18 gas
278 2618 51 12 even
348 2615 112 21 permeates
477 2618 13 12 a

66 2638 57 18 man's
131 2637 80 26 pockets
220 2637 40 19 and
276 2637 96 19 discolors
388 2637 102 25 anything

66 2665 18 17 in
94 2663 32 20 the
137 2670 42 18 way
188 2664 21 18 of
224 2664 60 18 silver
300 2663 26 19 he
343 2669 45 19 may
407 2667 52 15 have
468 2670 11 12 a-

68 2689 45 20 bout
120 2690 46 19 him.
193 2690 30 18 To
232 2696 46 19 pass
288 2690 52 18 from
350 2689 35 19 the
403 2689 75 25 unplea-

68 2719 41 16 sant
121 2716 70 19 odours
200 2717 22 18 of
231 2716 34 19 the
280 2715 67 20 Priest'
357 2715 9 20 3
376 2715 19 20 to
412 2715 33 20 the
459 2715 20 20 al-

68 2742 62 19 kaline
140 2742 90 19 siliceous
241 2744 72 17 waters
321 2742 22 19 of
352 2742 34 19 the
394 2742 95 19 Madame

68 2767 75 23 Bachel,
153 2775 41 12 was
203 2771 21 16 to
232 2768 56 19 leave
299 2769 94 18 Avernus
402 2768 33 19 for
441 2768 36 19 Cas-

68 2794 49 23 tnlia,
127 2794 33 19 the
167 2794 68 19 sacred
240 2794 94 19 fountain
344 2794 21 19 of
371 2794 34 19 the
412 2794 76 19 Muses.

68 2820 49 19 Here
126 2820 32 19 the
169 2827 85 19 average
264 2820 84 25 healthy
362 2827 72 19 person
442 2827 47 17 may

67 2846 57 25 safely
134 2847 45 18 take
196 2853 13 12 a
218 2847 40 25 dip,
280 2846 41 19 and
336 2846 25 19 be
379 2846 59 19 made
457 2846 33 19 for

68 2878 41 13 ever
125 2872 104 19 beautiful.
266 2872 18 19 A
303 2879 55 12 more
376 2872 112 26 delightful

68 2897 45 20 hath
122 2898 56 19 could
191 2902 35 15 not
243 2898 46 19 well
306 2898 25 19 be
346 2898 144 25 imagined—a

68 2929 48 14 more
125 2931 94 12 sensuous
229 2931 41 13 was
279 2931 62 12 never
350 2924 78 19 dreamt
435 2925 21 18 of
462 2924 27 25 by

68 2949 54 20 Nero.
149 2950 25 19 So
184 2950 120 25 exquisitely
315 2951 40 18 soft
362 2954 19 15 to
390 2950 33 19 the
429 2951 60 18 touch

71 2982 28 12 are
108 2976 24 20 its
142 2979 75 21 waters,
228 2976 38 20 and
276 2983 21 13 so
315 2976 96 20 delicious
428 2977 17 19 is
455 2976 34 20 the

69 3008 51 13 sense
139 3003 20 18 of
177 3002 73 26 luxury
266 3002 50 25 they
334 3002 97 25 puoduce,
451 3009 38 13 one

69 3034 46 12 were
124 3029 54 24 feign
188 3029 47 24 they
251 3029 73 19 should
340 3029 33 25 lap
389 3029 32 18 his
436 3029 54 24 body

68 3053 27 19 for
101 3061 48 12 ever.
168 3055 61 24 Many
236 3055 58 19 othsr
300 3055 81 25 springs
388 3055 22 18 of
418 3055 61 19 differ-

69 3083 29 15 ent
107 3081 164 19 mineralisations
281 3088 34 12 are
331 3081 99 19 scattered
440 3087 49 12 over

69 3105 30 19 tie
108 3107 169 24 neighbourhood,
289 3106 38 20 but
335 3107 17 19 it
363 3107 18 19 is
391 3113 54 18 upon
457 3107 33 19 the

69 3131 76 20 Priest's
154 3133 38 18 and
205 3133 78 19 Madam
294 3133 76 19 Pachel
389 3133 46 19 that
452 3133 36 19 the

69 3157 47 19 fame
125 3159 21 18 of
165 3159 87 19 hotorua
269 3159 74 24 chiefly
360 3161 59 16 rests.
447 3159 43 18 The

70 3185 91 25 township
171 3185 17 19 is
197 3189 34 21 yet
240 3185 20 19 in
277 3185 27 19 its
320 3185 87 24 infancy,
427 3185 39 19 but
475 3185 16 18 it

70 3209 15 19 is
94 3211 80 25 steadily
193 3212 97 24 growing,
311 3211 39 19 and
370 3211 35 18 the
424 3211 40 24 day
473 3211 19 18 is

71 3239 30 15 not
109 3237 30 18 far
147 3237 74 19 distant
229 3237 56 19 when
292 3237 17 18 it
317 3237 41 18 will
364 3237 52 18 rival
423 3237 52 18 Wies-

71 3260 59 21 baden
140 3269 21 12 as
193 3270 11 12 a
213 3263 40 25 city
264 3264 19 18 of

71 3286 54 23 Here,
136 3295 22 12 as
169 3290 77 18 Froude
256 3292 47 22 puts
316 3290 23 22 it,
356 3289 41 19 will
412 3289 27 19 be
456 3289 36 18 the

71 3313 47 19 chief
126 3316 86 23 sanitary
219 3316 73 18 station
304 3316 21 18 of
335 3316 34 17 the
379 3315 69 18 future
459 3316 33 17 for

71 3339 29 18 the
108 3341 57 18 south
174 3348 32 11 sea
212 3341 92 25 English.
334 3341 46 19 And
388 3341 54 22 here,
450 3343 40 20 too,

73 3364 28 19 the
118 3366 94 20 historian
231 3370 94 16 ventures
341 3370 21 15 to
380 3367 84 25 predict,
476 3367 17 18 it

49 3389 1 26 I
73 3391 35 19 will
117 3392 24 19 he
149 3393 43 18 that
202 3394 19 17 in
237 3399 53 13 some
309 3393 110 18 sanitarian
436 3393 56 18 salon

73 3415 115 28 Macaulay's
202 3419 49 19 New
273 3419 118 23 Zealander,
412 3421 70 16 return-

73 3442 31 25 ing
113 3444 47 19 from
170 3445 31 19 his
216 3445 79 23 travels,
314 3445 41 19 will
365 3444 80 20 exhibit
461 3444 33 20 his

73 3467 62 21 •sketch
146 3471 19 18 of
174 3471 33 19 the
222 3472 56 19 ruins
296 3472 22 18 of
337 3471 28 19 St.
384 3470 70 20 Paul's
473 3473 21 17 to

75 3500 67 20 groups
153 3497 20 18 of
180 3497 102 25 admiring
289 3504 71 18 young
369 3497 71 18 ladies.

143 3537 13 12 A
165 3537 85 13 GLIMPSE
261 3537 23 12 OE
294 3537 65 13 MAORI
369 3536 45 14 LIFE

96 3563 48 20 Half
152 3571 10 12 a
172 3565 46 19 mile
228 3566 51 18 from
290 3565 91 25 [Sulphur
391 3564 57 27 point
457 3564 38 19 lies

75 3588 29 19 the
111 3590 32 19 old
151 3591 74 25 village
236 3592 20 18 of
263 3591 133 24 Ohinemutu,
405 3590 47 19 with
460 3591 35 18 the

75 3620 27 18 pa,
118 3622 20 12 or
156 3618 67 18 native
235 3617 120 22 settlement,
367 3617 90 24 nestling
467 3623 26 12 on

75 3640 29 19 the
114 3641 53 27 slope
177 3646 19 15 of
207 3650 12 12 a
233 3650 77 12 narrow
327 3646 76 21 tongue
412 3643 22 18 of
446 3642 48 19 land

74 3667 79 26 running
163 3672 33 15 cut
203 3669 41 19 into
255 3669 33 18 the
298 3669 53 19 lake.
379 3669 43 18 One
429 3668 67 25 might

76 3691 38 20 well
124 3693 24 19 be
158 3694 100 25 pardoned
269 3695 21 23 if,
303 3695 42 18 like
362 3694 95 23 Oilando,
470 3695 26 17 lie

76 3717 93 26 imagined
188 3717 3 28 '
202 3721 43 18 that
257 3720 28 20 all
300 3721 70 24 things
384 3720 42 18 had
444 3720 50 18 been

76 3749 66 20 savage
264 3747 86 18 Narrow
372 3746 56 19 lanes
449 3745 45 19 lead

76 3767 39 23 here
125 3771 37 19 and
174 3773 54 18 there
237 3779 72 19 pmong
318 3772 50 19 rude
378 3772 84 21 whares,
473 3778 23 13 or

75 3794 46 25 huts,
132 3798 56 19 while
198 3799 26 18 all
233 3801 77 16 around
320 3806 12 11 a
341 3798 102 19 thousand
454 3798 31 19 his-

76 3824 45 21 *wzj
130 3824 112 26 sputtering
249 3824 47 27 jets,
315 3824 77 25 boiling
406 3824 87 25 springs,

76 3848 33 17 and
120 3850 67 19 Beethii
335 3850 49 19 send
393 3857 28 17 up
433 3850 63 18 dense

76 3872 81 22 volumes
167 3876 19 19 of
195 3881 61 14 Meani
270 3883 78 19 vapour
358 3876 65 19 which
440 3876 56 24 hang

76 3904 17 12 in
102 3900 64 19 clouds
184 3909 47 12 over
249 3902 34 19 the
301 3902 123 19 settlement.
452 3901 43 19 The

76 3928 39 20 spot
124 3926 15 18 is
149 3934 35 11 one
194 3930 21 16 of
224 3928 127 24 exceptional
360 3928 90 23 interest,
462 3927 33 18 for

77 3947 41 23 here
126 3958 28 14 we
167 3954 73 19 seethe
251 3954 64 20 Maori
329 3961 22 12 as
366 3957 71 15 nature
454 3952 41 20 and

76 3976 110 28 utilisation
209 3980 52 19 have
276 3979 107 20 combined
398 3982 21 15 to
434 3978 60 20 make

76 3999 41 22 him.
145 4004 24 18 In
179 4005 33 19 the
230 4008 66 17 eontre
306 4006 22 19 of
344 4006 34 18 the
388 4011 27 19 pa
424 4007 71 16 stands

76 4026 29 19 'lie
119 4031 85 25 meeting
222 4032 68 23 house,
311 4030 182 25 Tama-te-kapua,

77 4052 62 27 which,
151 4063 20 11 as
180 4064 11 11 a
200 4058 99 25 specimen
309 4058 21 18 of
340 4057 67 19 mitive
421 4059 37 19 art,
477 4055 18 19 is

76 4079 37 18 «aid
123 4086 19 14 to
154 4082 22 19 be
186 4090 36 12 one
231 4079 4 23 .
243 4084 8 18 f
261 4085 33 17 the
307 4084 60 18 finest
381 4082 22 18 in
418 4081 65 19 Maori-

76 4103 46 21 d'Jia.
148 4107 19 19 It
188 4109 17 19 is
226 4109 123 25 elaborately
363 4107 74 20 carved
454 4107 41 19 and

516 108 2 26 I
527 108 106 19 decor/'ted
653 108 49 19 both
722 109 66 19 inside
811 111 40 18 and
867 113 41 21 out,
924 113 34 19 the

527 135 66 17 centre
611 133 45 25 pole
674 133 64 27 being
753 136 134 19 embellished
910 139 48 19 with

515 159 2 23 I
526 159 58 18 those
600 159 79 19 curious
694 160 117 21 distortions
829 163 21 17 of
866 163 35 19 the
918 164 39 18 hu-

515 179 2 31 I
526 191 46 12 m:in
582 184 65 25 figure
657 191 21 12 so
688 187 84 23 general
781 188 21 18 in
819 188 66 19 Maori
901 195 45 14 carv-

514 210 2 32 j
525 210 52 25 iugs.
606 210 67 25 Every
682 210 60 21 beam
752 214 90 24 displays
851 217 53 16 most
910 215 46 20 deli,

525 239 44 16 cute
579 236 38 18 and
628 236 91 19 intricate
729 240 85 24 tracery,
826 239 60 20 while
896 247 59 19 every

526 262 58 24 p-inol
594 262 58 19 bears
663 270 9 11 a
682 266 122 17 counterfeit
821 268 136 22 presentment

525 288 21 18 of
572 294 56 12 some
654 289 139 26 goggle-eyed

525 313 100 24 Standing
633 316 35 16 out
676 315 53 19 from
736 316 35 18 the
778 316 46 19 lake
835 323 34 12 are
880 323 13 13 a
899 324 42 13 num-

524 339 37 19 ber
572 340 21 18 of
602 342 55 22 posts
664 340 71 23 which,
746 348 31 12 we
784 349 53 12 wore
845 343 47 23 told,
905 350 50 13 were

524 371 48 12 once
581 365 35 19 the
626 365 139 21 fortifications
777 369 21 17 of
809 374 26 13 an
852 370 102 19 extensive

524 396 31 19 pa.
590 390 104 20 Tradition
713 393 38 18 has
760 393 16 19 it
790 394 47 18 that
852 395 35 18 the
905 402 38 18 pen-

524 417 66 18 insula
602 423 40 13 was
651 417 97 25 formerly
757 419 61 19 much
828 420 68 25 larger
905 422 48 18 than

524 446 20 15 at
565 445 87 23 piesont,
672 443 39 19 and
727 444 46 19 that
788 445 17 19 it
823 446 96 19 subsided
933 447 20 19 in

523 468 34 18 the
567 475 68 12 course
646 469 21 18 of
678 475 13 12 a
701 469 66 25 single
778 471 66 23 night,
858 474 94 24 carrying

522 494 50 19 with
581 494 17 19 it
605 494 35 19 the
649 494 78 20 whares
745 497 96 24 sfcmding
858 504 55 18 upon
931 500 20 18 it.

522 520 43 18 The
574 523 55 21 story
645 527 46 18 may
700 521 46 18 well
762 522 26 19 bo
805 522 97 25 believed,
922 526 31 18 for

522 546 54 18 what
585 553 45 11 now
639 547 88 18 remains
739 548 66 19 of/{he
814 549 107 25 peninsuh
936 551 17 18 is

521 577 26 12 no
557 578 54 12 more
625 572 50 19 than
686 579 12 12 a
718 572 46 23 thjffi
783 577 54 16 crust
855 576 22 18 of
896 577 57 18 earth

520 598 96 25 covering
624 605 13 11 a
646 604 53 13 mass
708 600 22 17 of
746 600 22 18 of
786 600 80 26 boiling
884 605 66 16 water.

520 623 59 19 Some
590 624 95 25 morning
694 624 35 19 the
740 624 82 20 inhabit
828 631 39 14 .nts
877 628 22 18 of
918 628 34 19 the

520 649 40 24 pah
573 649 40 19 will
625 650 57 19 wiike
692 656 27 19 up
730 653 21 17 to
761 651 43 19 find
814 652 45 19 that
869 653 41 19 this
925 654 19 19 al
947 649 3 26 1

519 680 22 13 so
548 682 21 12 as
577 675 138 25 disappeared.

545 701 21 19 It
576 701 66 19 would
652 708 59 17 seem,
723 703 100 23 however,
838 704 45 20 that
898 706 39 18 fam-

519 727 76 23 iliarity
611 727 48 19 with
678 728 80 25 danger
779 730 75 25 merely
879 730 71 20 breeds

518 755 101 22 contempt
629 753 79 19 thereof
718 755 21 17 in
750 755 34 19 the
794 755 79 20 breasts
885 758 21 18 of
917 758 33 18 the

518 779 82 18 Maoris.
630 779 47 19 This
687 779 84 25 boiling,
784 783 101 24 steaming
894 784 56 23 piece

517 805 23 19 of
558 805 56 19 earth
633 805 37 19 lias
687 812 26 12 no
732 808 75 18 terrors
828 809 31 17 for
887 809 61 19 them.

517 831 55 24 They
584 837 33 12 are
637 837 22 12 as
678 831 61 19 much
760 836 20 15 at
797 833 59 19 home
874 840 22 13 as
915 837 33 16 the

516 857 66 19 Arabs
591 857 22 18 in
623 857 35 18 the
668 857 73 20 desert.
769 859 43 19 The
825 859 48 19 land
887 860 61 19 about,

519 880 84 28 belongs
611 885 19 16 to
640 883 61 23 them,
713 883 42 19 and
763 885 48 24 they
824 885 39 19 live
880 892 25 13 on
914 887 33 17 the

517 911 55 16 rents
588 908 64 19 which
668 909 49 25 they
732 911 78 18 receive
828 911 52 19 from
895 911 53 20 their

517 935 60 18 white
600 934 132 25 neighbours.
770 936 130 25 Community
927 938 21 19 of

515 962 95 24 property
617 960 49 19 does
673 967 54 18 away
740 962 50 19 with
798 963 35 18 the
849 964 97 24 necessity

516 988 20 17 of
570 986 113 19 individual
709 988 66 18 effort.
819 988 127 27 Everything

515 1012 49 25 they
575 1012 56 23 have,
642 1012 49 25 they
700 1013 49 19 hold
759 1014 21 18 in
797 1021 90 13 common
906 1022 37 12 ant
944 1012 1 25 l

515 1045 21 12 so
546 1038 49 25 long
612 1044 23 12 as
652 1038 35 19 the
703 1039 41 24 day
763 1040 17 18 is
796 1041 98 24 provided
906 1042 37 21 for,

515 1064 49 25 they
574 1070 43 12 Care
630 1066 36 17 not
684 1064 32 20 for
732 1065 35 19 the
783 1073 91 12 morrow.
903 1068 42 17 The

515 1091 62 18 hours
586 1096 35 12 are
633 1091 86 19 counted
729 1091 29 25 by
771 1099 26 12 no
813 1092 72 24 clocks,
906 1094 37 17 and

514 1116 21 19 in
546 1116 33 18 the
591 1116 86 19 absence
687 1117 21 19 of
727 1124 42 18 any
788 1125 118 12 recurrance
925 1119 21 18 of

514 1143 36 18 toil
560 1142 40 18 and
619 1142 51 25 duty
687 1143 49 24 they
750 1143 56 25 yield
824 1144 121 19 themselves

514 1174 27 19 up
551 1170 21 16 to
583 1167 106 26 voluntary
699 1170 119 24 occupation
829 1176 22 12 or
859 1171 86 18 fanciful

513 1194 93 23 idleness,
618 1195 106 24 according
734 1202 23 12 as
765 1196 33 18 the
811 1196 71 19 humor
889 1197 56 19 takes

513 1220 61 19 them.
604 1220 58 18 Some
680 1227 34 12 are
733 1221 108 19 immersed
864 1226 20 15 to
910 1223 34 18 the

514 1246 50 18 neck
574 1246 21 18 in
605 1252 11 12 a
627 1252 62 12 warm
698 1246 53 25 pool,
762 1247 81 26 talking
857 1247 20 20 in
888 1249 56 24 quiet

513 1271 92 25 guttural
623 1274 62 21 tones,
705 1273 42 18 and
766 1273 91 25 blowing
875 1275 69 18 clouds

541 1298 80 19 tobacco
630 1298 68 19 smoke
705 1299 43 18 into
755 1299 35 19 the
797 1302 63 16 steam
866 1306 78 19 vapour

512 1324 105 19 overhead.
655 1324 72 19 Others
741 1325 75 25 lounge
830 1326 63 19 about
908 1327 34 18 the

695 1357 22 12 or
726 1353 53 17 toast
788 1352 121 19 themsolves
918 1359 25 12 on

512 1376 34 18 the
557 1376 34 18 hot
602 1376 62 23 earth,
682 1377 103 25 watching
802 1378 130 24 copper-skin-

511 1402 39 18 ned
567 1402 82 18 urchins
664 1402 96 26 romping
776 1410 25 12 on
818 1404 34 18 the
871 1404 70 22 beach,

511 1435 22 11 or
543 1428 71 24 diving
623 1428 21 18 in
660 1428 34 19 the
709 1430 82 24 springs
808 1430 31 18 for
856 1430 33 19 the
907 1437 23 17 pa-

511 1454 71 18 keha's
602 1454 9 24 (
619 1454 60 19 white
687 1454 65 19 man's
762 1456 7 22 )
791 1456 65 22 silver,
878 1456 63 18 which

510 1480 127 19 contributes
644 1482 19 17 to
673 1480 35 19 the
717 1481 81 24 gratifie
805 1482 49 17 .tion
861 1482 21 18 of
891 1482 52 19 their

510 1506 80 25 passion
601 1506 31 18 for
642 1506 113 25 cigarettes.
786 1507 56 19 He:e
852 1513 13 14 a
871 1508 70 25 couple

510 1533 21 17 of
541 1538 76 13 women
628 1538 33 12 are
671 1532 93 26 washing
774 1533 56 19 linen
839 1533 22 19 in
874 1540 13 12 a
896 1534 46 25 pool

510 1558 118 25 conversing
638 1558 116 25 vigorourly
765 1560 34 18 the
814 1560 59 18 while
892 1560 49 19 with

510 1584 67 18 others
602 1585 106 24 squatting
737 1585 72 19 round.
842 1586 65 19 There
929 1592 13 13 a

511 1610 98 18 wrinkled
626 1610 33 18 old
678 1610 67 19 Maori
764 1611 36 19 sits
821 1611 60 19 silent
901 1612 38 18 and

509 1642 61 18 grave
581 1637 19 17 in
611 1636 55 19 front
675 1637 21 17 of
713 1637 33 18 his
756 1637 74 23 whare,
847 1638 32 18 his
898 1638 43 18 face

508 1662 84 25 looking
602 1662 40 18 like
655 1668 11 12 a
676 1662 31 19 bit
714 1663 21 18 of
747 1663 34 19 the
793 1663 73 19 carved
884 1664 57 19 wood

509 1694 25 12 on
547 1688 177 25 Tame-te-kapua.
736 1689 41 18 and
790 1689 32 19 his
837 1696 38 12 one
894 1696 35 12 con-

508 1714 85 19 solation
604 1715 20 17 in
634 1714 36 19 life
679 1715 92 24 seeming
781 1719 20 15 to
813 1716 24 18 be
848 1715 89 19 tobacco.

626 1760 13 12 A
651 1760 103 14 DECAYING
766 1761 57 13 RACE.

535 1794 127 20 Civilization
679 1794 67 19 would
772 1797 35 16 not
826 1802 75 18 appear
920 1798 21 17 to

508 1823 52 18 have
570 1821 51 18 done
631 1820 59 19 much
701 1821 31 18 for
739 1821 35 18 the
784 1821 82 19 Maoris.
887 1821 54 19 Once

508 1855 12 12 a
529 1849 68 19 brave,
609 1846 70 24 hardy,
692 1847 102 23 enduring
805 1847 79 25 people,
892 1848 49 24 they

508 1881 34 12 are
553 1873 77 18 brokeu
640 1873 19 18 in
671 1872 58 25 spirit
740 1873 40 18 and
791 1873 32 18 for
841 1873 34 19 the
890 1877 51 16 most

508 1902 45 24 part
561 1898 107 25 corrupted
677 1899 40 18 and
732 1899 108 19 enfeebled
863 1899 26 25 by
906 1900 35 19 the

508 1927 53 19 vices
569 1926 21 17 of
600 1925 80 24 society.
709 1925 20 18 It
744 1925 37 18 has
798 1925 51 19 been
863 1926 33 19 the
912 1926 29 19 lot

508 1954 21 19 of
546 1951 131 20 unfortunate
694 1950 117 26 aborigines
826 1951 35 19 the
878 1952 61 19 world

508 1985 48 14 over
577 1980 20 15 to
623 1976 26 19 be
674 1976 72 25 hardly
765 1977 78 19 treated
861 1978 26 24 by
906 1978 35 19 the

508 2005 61 20 white
577 2009 53 12 man.
659 2002 85 24 Uightly
755 2010 23 11 or
791 2004 96 24 wrongly,
906 2006 35 17 the

509 2031 76 20 Maoris
595 2035 51 13 were
657 2028 61 26 being
729 2029 90 25 unfairly
827 2030 54 19 dealt
892 2031 49 19 with

509 2058 27 25 by
554 2056 34 19 the
611 2055 49 18 New
685 2054 90 20 Zealand
797 2056 142 24 Government,

509 2084 39 19 and
558 2086 22 15 at
589 2088 13 12 a
608 2083 67 17 recent
683 2081 126 19 Parliament
828 2082 21 18 in
866 2083 62 20 Ohine-

509 2113 58 16 mntti
577 2108 48 23 they
636 2107 82 19 decided
729 2107 21 19 in
761 2107 34 19 the
806 2112 60 15 event
875 2110 23 17 of
906 2110 35 19 the

510 2136 84 19 Natives
605 2133 80 24 Eights'
705 2133 42 19 Bill
764 2133 63 25 being
845 2134 94 26 rejected,

508 2166 21 15 to
548 2159 72 28 appeal
640 2162 20 15 to
678 2159 34 19 the
730 2159 98 25 Imperial
850 2160 78 21 Govern-

509 2193 56 14 ment
578 2187 32 19 for
619 2185 58 19 relief
686 2185 52 19 from
818 2192 59 19 many
897 2188 36 19 ille-

510 2215 33 23 gal
553 2216 42 18 acts
604 2213 20 18 of
631 2211 33 19 the
675 2211 92 19 Colonial

509 2241 65 19 These
583 2240 42 18 acts
635 2237 62 19 relate
704 2237 8 18 1
722 2240 21 15 to
847 2240 39 18 and
904 2247 26 13 un-

510 2265 113 26 justifiable
647 2263 129 19 confiscation
798 2265 21 17 of
838 2267 103 20 extensive

510 2296 61 16 tracts
579 2292 21 18 of
610 2289 56 20 lands
687 2289 26 25 by
727 2290 55 18 force
793 2291 21 17 of
823 2296 60 19 arms,
903 2294 39 19 and

510 2320 27 24 by
558 2316 116 27 legislation
701 2322 25 11 on
757 2316 68 18 native
860 2322 82 16 matters

510 2346 66 19 which
600 2343 41 19 had
662 2341 51 20 been
734 2341 113 20 disastrous
869 2348 20 16 to
908 2346 34 19 the

510 2372 85 18 natives.
599 2367 3 25 -
605 2369 5 9 '
645 2368 63 24 (That
734 2367 34 20 the
796 2369 76 19 M;oris
891 2372 52 19 have

511 2404 54 12 some
579 2395 52 21 faith
648 2395 21 18 in
685 2394 35 19 the
734 2394 99 25 Imperial
852 2396 78 20 Govern-

511 2430 40 13 was
567 2423 70 19 shown
656 2421 21 18 in
695 2420 54 19 their
767 2425 69 15 recent
854 2424 51 18 offer
922 2426 20 16 to

511 2451 51 18 form
574 2456 12 12 a
597 2446 86 28 guerilla
701 2447 101 24 regiment
819 2448 31 19 for
868 2451 75 19 service

511 2476 21 18 in
558 2476 35 18 the
617 2472 126 24 Transvaal.)
774 2472 101 22 However
902 2476 41 19 this

511 2509 46 18 may
567 2502 31 21 be,
610 2500 34 20 the
654 2500 40 17 fact
704 2499 88 18 remains
802 2500 45 19 that
853 2502 34 18 the
895 2508 48 13 once

511 2528 72 24 sturdy
598 2533 45 13 race
658 2526 36 17 has
710 2524 135 26 degenerated
868 2528 40 19 and
926 2529 17 18 is

511 2554 107 24 gradually
640 2552 64 24 dying
727 2555 42 14 out.
797 2552 146 26 Consumption

511 2581 74 18 carries
594 2579 29 19 off
631 2580 58 23 great
698 2577 97 18 numbers
805 2579 21 18 of
836 2580 62 19 them.
917 2580 26 19 In

511 2613 13 12 a
533 2608 39 17 few
582 2599 59 31 year's
651 2604 33 19 the
695 2603 63 18 tribes
772 2604 45 19 that
827 2606 41 19 still
878 2606 66 24 linger

512 2634 62 17 about
584 2632 34 18 the
628 2630 67 19 North
714 2629 72 19 Island
805 2632 40 18 will
865 2639 25 17 go
909 2632 34 19 the

512 2666 43 17 way
569 2658 45 19 that
633 2656 53 19 their
704 2655 97 19 brethren
821 2658 51 18 have
892 2665 51 17 gone

511 2684 72 19 before
590 2684 62 19 them.
687 2682 63 18 Their
760 2682 42 19 fate
813 2684 41 18 will
865 2684 24 19 be
900 2684 44 19 that

511 2712 21 17 of
542 2711 34 18 the
585 2709 106 20 American
701 2707 91 19 IndiaLs.
823 2711 10 17 'f
842 2707 3 28 I
853 2710 39 25 hey
904 2710 39 19 will

511 2737 72 18 vanish
593 2736 42 18 like
648 2742 12 12 a
678 2740 78 17 vapour
774 2735 54 19 from
847 2736 34 19 the
902 2740 42 15 Inee

511 2764 21 18 of
541 2763 35 19 the
586 2762 63 23 earth;
660 2761 52 19 their
722 2766 49 19 very
782 2761 77 25 history
871 2762 39 18 wilt
919 2762 25 18 be

511 2789 40 19 lost
560 2789 21 19 in
595 2787 152 25 forgetfulness,
769 2788 40 18 and
826 2788 35 18 the
877 2792 66 21 places

511 2815 46 19 that
566 2821 45 13 now
621 2815 59 18 know
691 2812 55 19 them
757 2813 41 19 will
812 2814 59 19 know
888 2815 55 17 them

512 2848 25 12 no
550 2848 56 12 more
615 2841 32 18 for

577 2881 46 13 SIDE
631 2880 72 13 LIGIITB
712 2880 27 13 ON
749 2880 128 13 COMMUNISM.
952 2879 1 15 I

539 2909 63 19 Much
612 2909 66 24 might
688 2908 25 18 be
725 2908 80 19 written
824 2908 121 24 concerning

512 2936 34 19 the
558 2937 88 18 customs
656 2935 21 18 of
687 2935 40 18 this
736 2934 123 24 interesting
873 2934 72 24 people

512 2962 37 19 but
558 2962 35 19 the
604 2961 62 19 limits
675 2961 21 18 of
706 2960 41 19 this
758 2961 69 18 article
837 2960 68 18 forbid
921 2963 23 19 it.

512 2989 20 18 It
546 2987 66 19 would
630 2993 58 16 seem,
710 2986 100 22 however,
831 2986 46 19 that
895 2992 23 13 ev
920 2996 11 12 0
932 2996 13 12 n

513 3013 66 20 Maori
593 3013 131 19 communism
743 3012 18 18 is
778 3015 34 15 not
831 3012 115 22 altoeether

512 3040 58 25 proof
578 3039 81 25 against
667 3039 34 17 the
711 3038 100 18 influence
827 3039 22 18 of
858 3039 34 19 the
909 3047 24 18 pa-

513 3066 59 19 keha.
600 3065 19 19 A
638 3064 65 19 Maori
722 3070 42 13 was
781 3065 103 24 surprised
908 3073 37 12 one

513 3092 87 24 evening
609 3090 106 25 drowning
728 3097 11 12 a
752 3090 36 24 pig
807 3090 21 19 in
846 3090 34 19 the
899 3091 46 20 lake

513 3118 45 22 and,
570 3117 63 25 being
643 3116 62 19 asked
715 3116 47 24 why
776 3116 25 19 he
819 3116 86 24 adopted
923 3125 21 11 so

513 3144 88 19 unusual
609 3150 12 11 a
631 3149 75 13 course,
716 3142 25 19 he
749 3142 81 24 naively
838 3143 88 25 explain*
933 3144 12 19 d

513 3170 44 19 that
567 3169 17 19 if
600 3169 26 19 he
764 3168 35 19 the
818 3168 36 25 pig
871 3169 21 19 in
911 3170 35 19 the

513 3196 116 23 ordininary
637 3201 44 17 way
694 3196 21 17 at
725 3194 35 19 the
776 3194 88 25 cooking
871 3196 71 24 spring

513 3222 26 19 its
550 3221 107 25 squealing
664 3220 65 19 would
738 3220 61 24 bring
814 3220 59 19 down
892 3228 54 18 upon

514 3248 43 19 him
573 3253 13 13 a
600 3253 54 12 score
671 3252 22 13 or
710 3252 55 13 more
782 3246 22 19 of
818 3246 33 19 his
869 3247 66 19 fellow-

514 3273 131 20 communists
657 3272 33 19 for
705 3272 54 18 their
775 3272 56 24 piece
848 3272 21 19 of
887 3273 58 25 pork,

515 3300 40 18 and
565 3300 26 18 he
601 3298 80 19 wanted
690 3298 35 18 the
734 3298 37 25 pig
781 3298 82 19 himself
873 3299 5 18 !

542 3324 121 25 Admirably
682 3330 22 12 as
722 3324 16 18 it
756 3324 105 25 generally
873 3325 72 23 works,

514 3352 39 19 th.\
562 3350 123 24 community
695 3350 22 18 of
726 3352 97 23 property
832 3350 17 19 is
868 3353 37 17 not
920 3357 27 13 an

515 3377 97 19 unmixed
638 3376 96 25 blessing.
772 3376 43 18 One
832 3376 41 25 day
890 3377 57 19 there

515 3410 41 13 was
575 3410 25 12 an
617 3402 87 19 unusual
721 3402 121 19 commotion
865 3403 21 18 in
911 3403 35 18 the

548 3429 69 26 public
738 3427 22 19 of
778 3427 34 19 the
831 3428 47 25 pah.
906 3429 42 18 The

516 3455 64 19 whole
590 3455 53 18 tribe
654 3454 38 18 had
703 3453 73 19 turned
791 3456 37 16 out
837 3454 21 19 in
877 3461 12 12 a
908 3455 30 18 fer-

517 3483 55 17 ment
584 3481 21 18 of
621 3479 104 26 agitation.
764 3479 85 19 Excited
868 3486 75 13 women

517 3507 89 25 brought
627 3505 83 26 gaudily
733 3505 95 19 coloured
854 3505 94 19 blankets

517 3533 41 19 and
569 3533 57 18 dress
635 3542 9 5 -
652 3532 65 23 stuffs,
729 3531 41 19 and
779 3531 65 19 threw
854 3532 54 18 them
927 3531 20 19 in

517 3566 12 12 a
539 3559 52 25 heap
602 3565 26 12 on
640 3558 35 19 the
685 3557 86 25 ground,
783 3557 60 20 while
853 3557 34 20 the
902 3564 46 13 men

517 3585 57 19 stood
585 3585 32 23 by,
628 3584 145 25 gesticulating
783 3583 70 26 wildly
861 3584 40 18 and
917 3584 21 18 in-

517 3611 87 25 dulging
619 3610 20 19 in
648 3610 103 25 languace
768 3609 178 25 correspondingly

517 3637 101 25 vigorous.
646 3636 43 19 The
698 3636 119 24 production
828 3636 21 18 of
859 3642 12 12 a
889 3635 59 19 horse

517 3663 46 23 and,
574 3662 76 23 finally,
659 3668 12 13 a
680 3662 38 19 roll
728 3662 22 19 of
769 3661 55 18 bank
834 3664 64 20 notes,
911 3664 27 15 set-

518 3688 40 19 tled
569 3688 35 19 the
611 3688 103 24 difficulty,
727 3688 66 18 which
802 3688 16 17 it
826 3686 120 26 transpired,

518 3721 40 12 was
567 3721 54 12 none
630 3714 57 18 other
706 3714 49 18 than
776 3713 35 18 the
830 3712 83 25 levying
929 3713 21 18 of

761 3739 25 25 by
802 3739 35 19 the
856 3738 93 20 husband

517 3766 22 19 of
548 3772 12 12 a
567 3766 59 19 fickle
636 3771 72 19 spouse
726 3765 53 19 from
798 3771 25 13 an
843 3764 107 26 adjoining

518 3792 46 25 pah,
576 3798 24 12 on
611 3791 34 19 the
656 3791 54 24 hapu
724 3791 20 19 of
751 3791 35 19 the
796 3791 103 19 Lothario.
908 3791 42 18 The

518 3817 98 26 principle
638 3817 22 18 of
682 3817 119 24 recovering

518 3845 51 17 from
581 3844 34 18 the
625 3843 52 19 tribe
686 3843 22 17 in
718 3842 42 19 lieu
770 3843 21 18 of
811 3843 34 19 the
858 3842 77 19 individ-

518 3869 33 19 ual
563 3869 37 19 has
610 3871 39 17 two
666 3868 85 19 obvious
769 3868 133 25 advantages.
930 3867 20 19 It

517 3895 71 19 makes
598 3895 55 19 them
663 3900 54 13 more
727 3894 77 18 certain
815 3894 21 18 of
854 3900 95 18 recoveiy

517 3921 40 19 and
567 3927 82 13 ei.sures
659 3927 12 12 a
680 3919 85 25 sharper
774 3926 37 18 eye
821 3919 63 25 being
901 3919 49 24 kept

517 3950 20 16 to
547 3947 35 19 the
591 3946 74 20 morals
675 3946 21 19 of
708 3946 35 18 the
760 3952 94 18 younger
868 3951 69 19 genera-

518 3973 47 19 tion.

636 4003 34 21 [To
682 4008 21 10 BE
715 4001 115 22 CONTINDTD,]

1219 53 59 18 THE
1304 53 58 21 HOT
1389 55 92 19 LAKES
1509 55 169 26 CHEONIOLE,
1708 59 189 24 WEDNESDAY,
1926 60 87 19 APEIL
2042 63 30 21 15,
2090 64 48 16 1896

1092 115 36 17 DO
1137 115 55 17 YOU
1204 115 99 17 .SUFFER

1172 138 47 17 from

1073 160 81 17 LIVER
1163 160 154 21 COMPLAINT,

1101 182 194 21 CONSTIPATION,

1105 205 176 20 INDIGESTION,

1094 251 2 20 '
1113 251 176 20 FLATULENCE,

1031 280 16 17 ly
1054 275 104 22 symptoms
1164 275 20 16 of
1192 280 11 12 a
1209 273 107 19 disordered
1320 275 89 22 digestive

991 297 88 22 pparatus
1087 297 7 17 ?
1107 297 19 17 If
1141 303 19 12 so
1173 297 52 17 there
1239 297 15 16 is
1267 302 25 12 no
1305 297 76 23 remedy
1392 298 19 17 in

1049 320 29 17 rid
1087 320 68 18 so-safe
1163 320 37 17 and
1209 325 41 12 sure
1264 322 20 15 to
1299 320 42 22 give
1358 321 54 16 relief

1049 344 8 11 f
1059 343 58 17 clicr's
1125 343 47 17 Pills
1185 342 37 17 and
1238 342 94 18 Clements
1346 343 63 18 Tonic

978 364 57 18 Don't
1044 366 23 16 be
1083 365 65 17 misled
1161 367 41 15 into
1216 366 80 22 wasting
1312 366 45 16 time
1374 367 35 16 and

977 393 68 17 money
1054 394 24 11 on
1086 394 38 17 any
1132 389 20 17 of
1160 389 33 16 the
1223 388 110 22 All-failing
1365 395 33 11 nos-

977 410 59 18 trums
1056 417 19 12 so
1096 412 104 21 speciously
1214 411 105 17 advertised
1335 412 25 21 by
1377 412 22 16 de-

976 433 77 23 signing
1075 435 70 21 quacks
1167 435 38 16 and
1223 434 95 17 dishonest
1334 440 75 16 rogues.

976 456 116 21 Remember,
1114 457 53 17 these
1193 459 37 16 two
1251 457 90 17 remedies
1362 454 47 21 have

976 480 54 16 stood
1038 480 32 16 the
1079 480 37 17 test
1124 480 21 17 of
1152 480 51 21 time,
1219 480 42 17 that
1278 480 49 17 their
1343 480 65 17 merits

975 508 31 10 are
1012 503 77 21 proved,
1099 502 37 18 and
1145 503 42 17 that
1195 509 12 11 a
1223 504 35 16 few
1275 503 87 22 shillings
1378 503 20 17 in-

975 525 63 17 vested
1048 531 23 11 on
1081 525 51 18 them
1142 532 44 16 may
1200 532 42 11 save
1251 531 38 17 3'ou
1296 525 60 18 weeks
1371 526 38 17 and

975 548 76 17 months
1059 549 20 16 of
1087 549 95 22 suffering,
1190 549 42 18 and,
1240 549 86 21 perhaps,
1334 548 73 22 pounds

975 571 20 16 of
1003 576 86 17 expense,
1099 572 30 16 for
1138 572 43 21 they
1188 572 47 16 have
1244 572 48 16 done
1301 576 19 12 so
1329 572 19 16 in
1357 571 37 17 hun-

974 593 55 17 dreds
1038 595 21 15 of
1073 600 56 14 eases,
1139 595 37 16 and
1185 600 27 12 we
1221 595 38 16 will
1268 594 46 18 send
1320 600 39 16 you
1367 594 30 18 evi-

974 616 57 18 dence
1038 617 21 17 to
1066 622 59 18 prove
1133 622 35 13 our
1180 617 100 18 assertions
1296 623 24 11 on
1337 617 70 22 receipt

974 640 20 16 of
1002 645 47 16 your
1058 645 54 11 name
1127 640 37 17 and
1181 640 81 17 address.
1296 640 111 17 Remember

973 661 55 23 delay
1037 663 14 17 is
1061 663 111 22 dangerous,
1182 663 38 17 and
1228 663 43 17 that
1287 669 56 16 eT<:ry
1356 663 49 17 hour

972 690 39 16 you
1019 685 75 22 neglect
1106 692 48 16 your
1168 691 41 12 ease
1225 686 32 17 the
1273 686 131 22 complication

972 708 92 17 increases
1073 709 38 16 and
1120 715 11 10 a
1139 715 43 11 cure
1192 709 83 17 becomes
1289 715 52 11 more
1355 708 41 17 diffi-

973 731 45 17 cult.
1044 732 52 16 Shun
1106 732 31 16 the
1146 731 58 23 cheap
1214 732 60 22 quack
1283 732 74 17 doctors
1366 732 38 16 and

972 753 101 24 designing
1081 755 86 17 nostrum
1175 755 141 21 compounders,
1326 755 48 17 stick
1383 756 21 16 to

972 777 32 17 the
1012 783 13 10 r.
1035 777 67 17 medics
1112 777 94 18 Clements
1223 778 57 17 Tonic
1296 777 38 18 and
1350 777 43 18 Flet-

972 799 53 18 chers
1033 801 7 16 J
1050 800 35 17 ills.
1107 801 51 22 They
1167 806 31 11 are
1207 800 106 23 absolutely
1322 801 81 22 genuine

971 823 37 17 aad
1017 823 48 18 have
1068 823 71 22 proved
1144 823 51 17 their
1200 823 75 23 efficacy
1279 823 19 18 in
1308 824 95 16 hundreds

971 846 20 16 of
1000 852 49 11 cases
1058 846 37 17 and
1112 846 38 17 will
1167 846 24 17 do
1198 852 21 12 so
1226 852 58 17 every
1290 847 51 16 time.
1351 847 52 21 They

971 874 30 11 are
1015 870 41 16 sold
1069 870 117 21 everywhere
1200 870 36 16 and
1244 870 59 22 [made
1315 870 44 21 only
1377 869 25 23 by

972 890 19 18 P.
1002 892 26 17 M.
1040 892 100 17 Clements.
1150 893 103 16 Newtown,
1271 892 82 17 Sydney.

1071 966 243 18 IXHIBITION.

970 1011 38 17 Oil
1020 1012 112 17 Paistixgs
1142 1016 24 13 of
1174 1012 49 17 New
1232 1012 97 17 Zealakd
1338 1011 49 19 Scen-

1070 1039 47 17 ery,
1127 1036 46 16 Hot
1180 1035 75 21 Lakes,
1265 1035 33 18 &c.

968 1081 145 42 YIKITOES
1122 1081 37 17 and
1168 1081 62 17 others
1239 1087 31 11 arc
1279 1081 120 22 respectfully

1037 1104 72 17 invited
1122 1105 20 16 to
1156 1105 71 21 inspect
1239 1104 32 17 Mr
1284 1103 115 19 Blomfield's

968 1126 75 24 Unique
1052 1127 103 18 Collection
1163 1128 20 16 of
1198 1126 86 24 Original
1300 1127 99 22 Paintings

967 1156 44 11 now
1019 1156 24 11 on
1051 1150 49 18 view
1109 1152 19 15 at
1136 1150 28 18 his
1173 1150 73 21 Studio,
1258 1150 141 23 Karangahape

967 1173 59 21 Road,
1037 1173 105 17 Auckland.

990 1196 173 22 !N.B.—Paintings
1173 1197 19 16 of
1201 1196 31 18 the
1241 1196 100 23 destroyed
1354 1197 33 16 Ter-

966 1225 50 11 races
1026 1220 70 16 similar
1107 1221 19 15 to
1140 1220 54 17 those
1208 1225 24 11 on
1247 1219 47 17 view
1310 1220 21 16 at
1347 1220 52 16 Lake

966 1242 9 8 T
976 1242 55 17 Touse
1044 1243 38 17 and
1095 1243 68 17 Palace
1180 1243 64 20 Hotel,
1262 1248 35 12 can
1314 1243 45 21 only
1376 1243 23 16 be

968 1265 87 18 obtained
1068 1265 58 18 direct
1143 1266 49 17 from
1208 1265 31 18 the
1257 1266 61 17 Artist
1331 1267 20 16 at
1366 1265 33 18 the

966 1288 58 17 above
1035 1289 82 17 address.

541 4062 73 20 Stead's
623 4062 123 23 Masterpiece
755 4062 87 22 Library,
859 4061 93 18 Numbers

520 4087 35 19 1,2
563 4087 39 17 and
610 4088 10 16 3
629 4088 20 16 to
662 4085 56 22 hand,
736 4085 119 23 Threepence
871 4084 47 18 each
932 4085 20 16 at

518 4109 117 20 CmtOMCLK

998 1353 47 46 Ft.
1067 1352 311 52 GRIFFITHS,.

1077 1418 211 31 ROT'ORUA,

965 1473 432 26 GENERALCARTER&CARRIER.

990 1548 68 19 Goods
1068 1548 102 19 delivered
1180 1550 21 17 to
1209 1548 27 19 all
1252 1552 56 21 parts
1325 1549 22 18 of
1363 1549 34 18 the

964 1575 77 18 district
1049 1578 21 15 at
1077 1574 39 19 low
1126 1578 59 15 rates.

1045 1613 62 19 ALL
1120 1613 112 19 TRAINS
1245 1614 69 18 MET.

990 1694 406 25 N.l3.—Goodpaddockingforalimited

964 1721 85 19 number
1058 1722 21 18 of
1089 1721 76 19 horses.
1182 1720 105 25 Spencer's
1297 1720 98 26 paddock,

964 1747 145 19 well-wnteied
1135 1746 41 19 and
1206 1753 58 19 every
1297 1747 99 19 attention

964 1773 53 26 paid.

966 1837 241 47 KUSABS
1240 1837 154 46 BROS

1072 1903 218 33 MAHAKU

963 1941 74 41 SAW
1052 1941 25 41 &
1104 1941 151 41 PLANING
1278 1941 116 41 MILLS.

966 2013 268 22 MOUNTHIN
1258 2013 138 24 FZI7UZ\J,

965 2089 133 20 GENUINE
1112 2089 60 19 DRY
1188 2089 78 19 LAND
1284 2089 112 19 TIMBER

1069 2124 29 17 IN
1110 2124 53 17 THE
1176 2124 114 16 MARKET.

965 2170 127 43 MESSES
1111 2169 100 18 KUSABS
1227 2169 71 18 BROS,
1312 2170 38 22 beg
1366 2175 20 12 re-

1039 2193 3 17 i
1147 2194 19 16 to
1175 2193 69 17 inform
1253 2193 31 16 the
1298 2193 66 17 Public
1377 2193 20 17 of

965 2217 76 15 Kotorua
1051 2216 33 16 mid
1094 2216 73 20 vicinity
1176 2216 39 15 that
1223 2216 41 19 they
1278 2216 44 15 liuve
1338 2217 48 15 estab-

965 2237 54 17 lished
1027 2243 10 10 a
1046 2237 44 20 y»nl
1098 2237 17 16 in
1130 2237 125 20 Hiuemoa-st,
1264 2237 33 16 and
1314 2242 30 11 o«d
1359 2242 37 10 now

964 2261 63 19 supply
1035 2258 29 17 the
1072 2258 52 16 finest
1131 2258 44 16 claw*
1189 2259 19 15 of
1222 2258 26 16 Bu
1256 2258 48 17 ldioir
1317 2257 79 17 Material

964 2281 17 15 in
990 2281 29 15 the
1029 2280 73 16 M...il;et.
1119 2280 16 15 It
1145 2280 14 15 is
1167 2284 55 16 i.titqn
1230 2279 37 16 dltd
1277 2281 16 14 in
1303 2279 94 21 durability

965 2301 32 16 and
1006 2301 106 18 impci'VintiH
1120 2303 18 14 tu
1147 2303 105 13 nil-aiiuuka
1267 2301 19 14 of
1300 2301 49 15 borer
1364 2300 32 16 atid

964 2322 32 21 dry
1008 2326 31 12 rot.
1064 2322 53 16 Their
1124 2321 84 17 sawmill*
1217 2327 27 11 «re
1251 2321 51 17 filled
1311 2321 41 16 with
1369 2322 28 14 the

965 2348 42 11 most
1018 2343 36 16 mud
1069 2349 17 10 in
1097 2343 98 21 appliances
1206 2343 32 16 nod
1247 2344 29 14 the
1284 2344 37 15 firm
1335 2348 14 10 >■<
1360 2343 37 15 nble

965 2369 17 11 to
998 2366 62 19 supply
1077 2369 34 16 uny
1128 2364 80 21 quantity
1225 2364 18 16 of
1258 2364 37 21 Dry
1314 2364 83 19 Bui.ding

965 2385 79 17 Materix!
1055 2391 20 10 on
1086 2387 28 14 the
1123 2389 37 13 shot
1164 2388 34 13 tent
1205 2386 61 16 notice.

966 2429 140 29 Skirtings,
1116 2428 177 28 Architraves,
1299 2428 82 23 Mould-

1001 2460 68 28 ings,
1081 2460 52 22 and
1143 2458 111 23 Dressed
1264 2458 102 23 Timber

1032 2490 28 22 of
1068 2496 81 23 every
1164 2489 165 29 description,

1058 2521 110 28 Always
1179 2527 33 15 on
1222 2520 83 22 Hand.

992 2554 120 23 HENAIT
1123 2554 107 23 HOUSE
1243 2554 128 23 BLOCKS.

967 2633 224 34 KUSABS
1228 2632 170 37 BROS,,

1041 2674 118 19 MAMAKU
1171 2679 26 13 oit
1210 2674 113 18 OHAUPO.

1094 2703 27 18 Or
1129 2705 20 15 nt
1158 2703 31 18 the
1202 2703 67 20 Yards,

989 2731 124 18 HIKEMOA
1127 2730 101 21 STEEET,
1248 2730 127 17 EOTOBUA.

1187 2839 33 42 I.
1257 2839 118 47 SIMON,

1163 2891 89 26 (Lateof
1261 2892 137 24 Melhuii'-tje.)

1173 2942 113 17 Practical
1306 2941 82 17 Tailor.

1162 3013 105 24 Clothes
1280 3015 75 22 made
1374 3015 27 21 to

1189 3039 74 23 order
1280 3046 34 16 on
1329 3039 45 23 the

1216 3065 133 23 shortest

1233 3091 94 23 notice.

1173 3187 55 24 Style
1239 3194 18 12 a-
1266 3189 10 16 d
1289 3187 35 19 Fit
1334 3189 37 17 rot
1381 3189 20 17 to

1163 3215 24 17 bo
1196 3213 95 25 equalled
1308 3219 19 12 in
1346 3216 55 16 town

1115 3244 28 31 fjf
1162 3250 110 18 Address:
1290 3250 111 19 ArawaSt.

1115 3275 11 3 ~
1233 3275 101 19 Koiorua.

1122 3374 135 45 M°A

1268 3376 110 22 ULEY,

970 3445 122 23 Plumher
1109 3444 22 23 &
1141 3444 111 24 General
1265 3445 137 24 Mechanic

1063 3494 130 19 Tutanekai
1213 3493 90 24 Street,

976 3609 155 27 GOVERNMENT
1153 3610 59 27 LIFE
1234 3610 135 28 INSURANCE.

1091 3645 119 15 Established
1220 3648 36 14 1870.

976 3677 80 15 Growth
1065 3678 22 14 of
1094 3678 65 14 Funds
1164 3682 22 11 :

1008 3699 43 14 1875
1085 3708 15 5 ...
1174 3701 161 18 <eno,ooo

1007 3719 44 13 1885
1084 3728 16 5 ...
1138 3720 197 19 «1,105,000

1007 3739 44 14 1886
1084 3748 16 6 ...
1118 3740 216 19 <ea,»oo,ooo

1114 3771 17 15 J.
1138 3772 20 15 H.
1166 3772 136 17 BICHABDSON,

975 3787 15 17 <]
1237 3790 129 15 Commissioner.

995 3845 89 22 (Under
1091 3845 130 24 Vice-regal
1235 3845 146 23 Patronage.)

974 3877 35 15 rr\
1024 3876 16 18 o
1064 3876 246 21 tourists,
1334 3877 16 16 e
1364 3881 11 14 t
1388 3881 16 13 c.

995 3916 6 4 .
1028 3904 114 12 BEAUTIFUL
1150 3904 101 13 rRESETTS
1262 3904 39 13 FOR
1310 3904 63 13 HOME.

995 3923 51 21 Very
1061 3922 110 17 Handsome
1186 3923 62 17 Inlaid
1268 3923 72 20 Tables;
1355 3923 38 17 Cab-

972 3946 54 20 inets,
1040 3945 60 17 Jowel
1113 3945 61 20 Casos,
1190 3947 42 19 etc.,
1247 3946 26 16 all
1286 3945 54 18 made
1357 3946 49 17 from

973 3969 31 17 the
1013 3969 55 16 finest
1073 3968 20 18 of
1099 3968 46 17 Now
1152 3968 99 17 Zealand's
1258 3968 66 18 Forest
1330 3968 75 18 Woods.

973 3991 110 18 Patronised
1091 3991 26 22 by
1127 3991 35 17 His
1172 3991 112 22 Excellency
1294 3991 32 17 the
1334 3991 46 17 Earl
1387 3992 19 16 of

973 4015 94 22 Glasgow,
1077 4014 55 20 K.C.,
1147 4014 82 18 8.M.G..
1247 4014 37 17 and
1298 4015 66 21 nearly
1380 4015 26 16 all

973 4038 32 17 the
1013 4037 87 22 nobility,
1110 4037 71 18 British
1190 4037 38 17 and
1233 4037 82 23 Foreign
1323 4038 82 20 Officers,

973 4060 37 18 and
1019 4062 68 21 gentry
1097 4060 43 17 who
1154 4060 47 18 have
1216 4060 66 18 visited
1297 4060 47 18 New
1359 4061 36 17 Zoa-

973 4083 50 18 luiid.
1373 4081 10 11 *

1004 4107 29 17 W.
1046 4106 106 21 NOEBIE,
1161 4106 40 22 Top
1210 4106 20 17 of
1239 4105 137 20 Shortland-st.

1638 1260 65 46 IN
1736 1260 117 46 THE
1883 1260 203 46 PRESS.

1422 1538 353 55 ANCIENT
1816 1537 487 56 MAORSLAND.

1679 1647 52 32 By
1749 1645 163 27 ELSDON
1935 1645 112 27 BEST.

1460 1821 66 25 'HE
1545 1820 122 31 Papers
1680 1825 75 20 now
1767 1818 176 33 appearing
1955 1818 34 26 in
2004 1818 55 26 the
2073 1818 84 26 HOT
2169 1818 139 26 LAKES

1435 1859 17 25 I
1469 1853 243 27 CHRONICLE
1724 1853 103 24 under
1839 1852 54 25 the
1906 1852 102 25 above
2021 1851 72 26 title
2106 1851 68 26 will
2182 1851 126 33 shortly

1418 1896 38 25 be
1469 1895 169 33 published
1650 1893 34 26 in
1696 1893 165 33 pamphlet
1873 1893 90 26 form.

1623 1960 131 46 Price
1778 1959 95 47 One
1906 1959 200 56 Shilling.

1452 2175 190 31 Advertising
1654 2175 107 24 Terms
1775 2181 37 19 on
1828 2174 188 32 application
2037 2176 33 24 at
2091 2174 216 26 CHRONICLE

1420 2216 104 26 Office.

1515 2538 230 47 ROBERT
1774 2539 256 48 FURJJESS
2062 2539 47 47 &
2141 2539 84 51 Co.,

1455 2641 381 26 MANUFACTURERS
1873 2641 115 26 AND
2025 2642 253 28 IMPORTERS,

1614 2733 183 36 FORT
1832 2735 292 35 STReeT,

1726 2977 293 65 TAUPO,

1447 3053 40 18 One
1496 3054 37 17 and
1542 3059 11 12 a
1560 3053 42 18 half
1610 3053 53 18 miles
1672 3054 47 17 from
1728 3054 34 18 the
1771 3055 46 17 Posi
1826 3055 63 17 Office.
1915 3055 32 18 All
1950 3056 85 22 .Coaches
2042 3057 50 17 from
2099 3057 96 22 Tokaanu,
2202 3058 72 23 Napier
2279 3058 38 18 and

1423 3076 85 19 Rotoruu,
1516 3083 32 12 are
1555 3078 41 16 met
1602 3076 28 24 by
1637 3077 33 18 the
1697 3077 39 23 Spa
1762 3078 94 21 Coaches,-
1861 3079 38 17 and
1906 3079 77 18 visitors
1992 3080 95 23 conveyed
2100 3082 20 16 to
2135 3081 32 17 the
2279 3081 38 19 free

1814 3102 20 16 of
1843 3102 74 23 charge.

1449 3128 43 19 The
1531 3128 62 24 SPA
1631 3129 17 18 is
1661 3129 34 18 the
1705 3129 68 19 Home
1783 3130 22 18 of
1815 3131 34 18 the
1860 3130 88 20 Famous
1964 3132 94 23 Crow's
2073 3133 67 23 Nest
2155 3133 109 28 Geyser,
2282 3134 35 19 the

1423 3154 83 19 Witches
1514 3154 102 22 Cauldron,
1630 3155 123 22 Champagne
1767 3156 77 22 Geyser,
1861 3157 62 22 Milky
1937 3158 76 22 Geyser,
2032 3158 108 23 Flesh-pot,
2156 3159 92 24 Porridge
2265 3160 51 20 Pots,

1647 3178 76 21 Geyser,
1734 3178 33 18 the
1775 3179 67 17 Lesser
1856 3180 70 18 Crow's
1939 3181 53 20 Nest,
2007 3181 65 18 Venus
2088 3182 57 19 Bath,
2160 3182 75 18 Satan's
2252 3183 64 23 Glory,

1534 3217 16 5 _,,
1559 3200 148 22 Paddle-wheel,
1717 3201 38 18 and
1764 3203 71 16 several
1844 3203 54 17 other
1906 3203 61 22 sights
1974 3205 20 16 of
2002 3204 85 18 interest.
2113 3205 77 18 Guide's
2199 3206 29 18 fee
2237 3207 19 16 2s
2273 3207 45 17 each

1423 3229 75 17 person.

1447 3247 38 17 The
1495 3247 76 17 HUKA
1584 3247 85 18 FALLS.
1694 3248 81 17 Visitors
1783 3249 21 16 to
1813 3249 33 16 the
1875 3249 37 22 Spa
1937 3250 96 22 conveyed
2041 3251 39 17 free
2089 3252 20 17 of
2118 3252 75 22 charge.

1448 3294 39 17 The
1494 3294 161 17 accommodation
1664 3295 20 16 at
1692 3295 32 16 the
1753 3295 39 22 Spa
1842 3296 25 17 all
1876 3296 42 17 that
1933 3302 35 12 can
1985 3297 23 17 bo
2025 3297 79 18 desired.
2137 3299 63 22 Every
2216 3299 104 18 Bed-room

1425 3317 109 18 over-looks
1543 3318 31 16 the
1583 3316 91 19 Gardens.
1699 3318 77 17 Private
1785 3318 63 18 Suites
1856 3319 21 17 of
1884 3320 129 22 Apartments.
2044 3321 63 23 Large
2121 3321 156 24 Drawing-room
2291 3323 29 17 for

1425 3340 73 17 Ladies.
1525 3341 127 17 Comfortable
1663 3340 162 23 Smoking-room.

1449 3363 52 17 THE
1515 3363 84 18 MAORI
1613 3363 103 18 CARVED
1729 3364 98 18 DINING
1839 3365 71 17 HALL
1919 3367 48 16 seats
1980 3372 34 12 one
2028 3367 89 17 hundred
2130 3374 78 16 persons
2223 3369 37 17 and
2275 3375 33 11 con-

1425 3386 49 17 tains
1484 3386 25 17 all
1519 3387 84 22 separate
1613 3386 60 17 tables
1682 3388 30 16 for
1720 3388 74 21 private
1803 3388 70 22 parties
1882 3394 21 11 or
1914 3389 77 18 friends.

1449 3410 52 17 THE
1511 3410 86 16 LARGE
1606 3410 59 20 HOT,
1675 3410 68 17 COLD
1752 3411 15 17 &
1776 3411 79 17 TEPID
1862 3411 140 18 SWIMMING
2007 3413 71 17 BATH
2086 3414 75 22 adjoins
2170 3414 32 19 the
2211 3415 108 18 Bedrooms.

1448 3433 39 16 The
1497 3433 124 17 SULPHUR
1629 3433 69 17 BATH
1706 3433 16 17 is
1730 3434 77 21 equally
1816 3434 104 18 efficacious
1929 3441 21 11 as
1957 3436 31 16 the
1995 3436 74 18 famous
2076 3437 62 17 Priest
2143 3438 50 17 Bath
2200 3439 21 16 of
2228 3438 91 18 Rotorua.

1448 3455 39 18 The
1496 3456 79 17 TEPID
1588 3456 70 18 BLUE
1671 3456 69 17 BATH
1748 3457 17 18 is
1773 3462 47 17 very
1828 3457 111 24 refreshing.

1637 3479 50 18 ALL
1695 3480 84 17 BATHS
1788 3480 40 17 free
1836 3482 20 15 to
1865 3481 80 17 Visitors
1953 3482 20 16 to
1983 3481 31 18 the

1479 3501 42 19 The
1533 3502 93 18 Grounds
1637 3509 34 11 are
1682 3502 42 19 l«id
1734 3506 37 15 out
1785 3503 21 18 in
1824 3503 67 20 choice
1912 3504 120 24 Rose-beds,
2054 3506 142 23 Shrubberies,
2213 3508 104 19 Beautiful

1426 3527 94 24 Flowers,
1534 3527 50 19 l'ine
1594 3528 133 24 Plantations,
1740 3528 52 20 Turf
1802 3529 75 19 Tennis
1893 3530 71 23 Lawn,
1980 3530 127 21 Promenade
2128 3533 41 18 and
2188 3533 131 20 Ornamental

1426 3553 80 19 Lawns.

1478 3579 58 19 Good
1546 3579 62 19 Grass
1618 3579 111 24 Paddocks,
1742 3580 102 25 Stabling,
1858 3581 66 19 Horse
1934 3582 61 24 Peed,
2006 3584 33 19 &c.

1428 3628 116 24 Visitors
1558 3628 135 29 conveyed
1701 3629 56 23 free
1768 3629 28 23 of
1804 3629 96 30 charge
1910 3632 26 22 to
1945 3633 70 21 meet
2025 3632 36 23 all
2077 3633 110 23 coaches
2199 3635 105 27 proceed-

1710 3655 47 29 ing
1771 3657 28 21 to
1814 3655 121 24 different
1950 3659 80 27 parts.

1559 3702 126 23 TARIFF
1696 3702 4 25 :
1720 3705 34 17 10s
1768 3704 56 19 PER
1839 3704 65 19 DAY.
1933 3706 29 18 £2
1979 3708 34 17 10s
2023 3706 57 19 PER
2092 3707 93 20 WEEK.

1452 3751 80 25 Special
1540 3751 125 19 concessions
1672 3753 20 17 to
1699 3751 97 22 Families
1803 3753 39 19 ond
1852 3753 55 24 large
1915 3755 75 24 parties
1998 3755 86 26 making
2090 3762 12 12 a
2110 3756 124 25 lengthened
2241 3761 51 23 stay.

1426 3800 87 19 Visitors
1525 3807 46 18 may
1582 3799 121 26 confidently
1716 3803 62 17 count
1788 3808 51 19 upon
1852 3809 58 18 every
1920 3809 46 13 care
1976 3803 40 19 and
2026 3805 100 18 attention
2136 3807 21 17 to
2167 3805 54 21 their
2227 3809 90 22 comfort,

1729 3827 42 18 and
1781 3828 77 24 civility
1866 3829 51 18 from
1927 3829 34 18 the
1971 3829 55 19 staff.

1534 3851 116 19 First-class
1659 3851 70 19 Table.
1865 3854 125 19 Abundance
2000 3856 21 17 of
2030 3856 59 19 Fruit
2100 3857 20 18 in
2131 3857 82 20 Season.

1427 3877 43 19 Tea
1479 3878 41 18 and
1531 3877 68 20 Coffee
1611 3877 69 19 served
1692 3878 20 18 in
1729 3878 36 19 the
1782 3879 79 25 Dining
1877 3880 49 18 Hall
1944 3881 105 25 momings
2068 3883 41 18 and
2126 3883 123 21 afternoons.
2286 3886 33 19 No

1801 3910 57 13 extra
1868 3905 81 22 charge.

1562 3955 104 32 THE
1858 3957 240 34 COACHXKG
2122 3960 63 33 CO,

1609 3995 42 17 Run
1661 3996 82 18 Coaches
1752 3998 20 16 to
1782 3997 32 19 the
1823 3998 97 23 following
1928 3998 62 23 places
1999 4000 21 16 of
2027 3995 113 26 interest:—

1428 4027 136 26 Tokaami,
1574 4026 117 25 Thursdays
1701 4028 40 18 and
1757 4028 100 25 Sundays.
1886 4029 50 19 Faro
1947 4030 27 20 ss,

1433 4052 137 23 Wairakei
1583 4052 120 30 Geysers,
1715 4053 61 25 daily,
1788 4054 94 26 Sundays
1892 4055 100 20 included.
2020 4056 52 20 Faro
2083 4059 21 17 2b
2114 4058 33 20 6d.

1430 4083 153 18 ARATEATEA
1592 4083 99 20 RAPIDS,
1701 4084 58 23 daily.
1785 4085 47 18 Fare
1844 4087 19 16 3s
1872 4087 29 17 Od.

1430 4106 146 18 ROTOKAWA
1588 4106 122 18 SULPHUR
1722 4108 77 17 LAKE.
1825 4109 48 17 Euro
1882 4110 18 17 7s
1909 4110 29 18 Od.
1948 4115 38 15 any
1994 4111 51 16 time.

952 4195 101 41 Ask
1082 4195 74 40 for
1183 4195 267 42 Hancock's
1477 4195 277 43 Celebrated
1782 4196 191 41 XXXX
1997 4198 124 44 Ales
2147 4206 94 40 and
2268 4207 140 43 Stout

1752 152 12 21 1
1778 152 12 21 i
1812 144 36 30 U

2328 135 11 15 a
2364 135 29 15 tc
2475 136 32 14 io)
2527 131 11 19 I
2561 132 33 18 *■»
2614 132 10 12 i
2625 132 24 18 W
2650 131 3 19 i

2216 207 18 17 A
2244 211 51 15 iNew
2305 207 91 20 Zealand
2407 207 40 20 will
2457 208 40 19 find
2507 210 33 19 the

2299 385 10 15 3

1434 397 79 23 THE
1527 399 51 17 most
1588 397 87 24 elogant,
1688 398 133 18 comfortable
1829 398 39 18 and
1881 398 41 18 lies!
1935 399 109 24 appointed
2055 400 154 19 establishment
2219 401 20 19 in
2260 401 50 19 New
2327 402 98 24 Zealand,
2444 403 16 18 it
2479 402 62 27 being
2557 404 75 24 replete
2650 406 124 24 throughout

1438 421 25 19 J-
1903 423 50 19 with
1962 423 36 19 the
2008 427 52 17 most
2075 425 82 19 modern
2171 427 149 19 conveniences.

1458 449 57 18 THE
1528 448 93 19 HOTEL
1639 448 17 19 is
1674 449 22 18 in
1715 449 36 18 the
1769 449 117 19 immediate
1901 449 169 25 neighbourhood
2089 451 21 19 of
2128 451 35 19 the
2182 451 72 24 Priest,
2274 453 83 23 Rachel,
2378 454 125 19 Postmaster
2526 455 40 18 and
2580 455 59 19 other
2655 456 67 23 baths,
2740 457 34 19 the

1431 474 90 19 curative
1530 474 112 25 properties
1653 474 21 19 of
1683 475 67 18 which
1766 481 35 12 are
1818 475 146 18 world-famed.
1994 475 54 19 Bath
2060 476 65 19 chairs
2137 477 39 19 and
2187 479 118 17 attendants
2314 485 35 12 are
2359 480 98 23 provided
2469 484 19 14 to
2500 487 76 18 convey
2590 481 89 20 invalids
2695 484 21 16 to
2734 483 40 19 and

1430 500 52 19 from
1493 500 34 19 the
1537 500 81 19 various
1630 500 143 19 bath-houses.
1802 500 42 19 The
1855 500 106 19 bedrooms
1971 501 41 19 and
2030 502 88 25 retiring
2138 509 69 13 rooms
2226 510 34 12 aro
2279 504 59 19 fitted
2356 505 49 18 with
2434 506 74 24 special
2521 507 73 24 regard
2609 510 20 15 to
2643 507 35 19 the
2695 509 79 24 require

1430 529 66 16 meats
1507 526 20 18 of
1536 528 70 22 guests
1616 526 20 17 in
1647 526 68 18 search
1726 526 22 18 of
1757 526 92 18 renewed
1859 526 99 24 strength.

1456 552 42 18 The
1512 552 62 19 Baths
1585 554 21 15 at
1617 551 34 18 the
1660 551 130 19 Sanatorium
1802 552 51 19 have
1865 552 98 19 attracted
1973 559 61 17 many
2044 553 82 20 visitors
2145 555 22 18 of
2185 554 41 19 late
2246 560 70 20 years;
2343 559 96 22 amongst
2455 556 58 20 those
2526 557 44 19 who
2577 557 53 20 have
2641 558 66 20 found
2715 559 59 21 relief

1430 577 32 19 bei
1472 578 35 17 the
1515 577 146 22 convalescent,
1672 583 94 17 nervous,
1777 577 118 23 rheumatic;
1907 578 40 18 and
1958 578 100 25 sleepless.

1455 602 92 19 Rotorua
1557 603 17 18 is
1583 602 35 19 the
1637 606 66 15 centre
1723 603 53 18 from
1795 603 64 18 which
1879 603 28 19 all
1928 604 67 24 points
2004 605 23 18 of
2036 604 85 19 interest
2130 606 21 18 in
2168 606 34 18 the
2211 606 96 19 Thermal
2317 607 87 25 Springs
2421 608 84 19 District
2522 616 46 18 may
2583 609 25 19 be
2623 611 92 23 reached,
2733 612 40 18 and

1429 628 74 26 special
1513 628 95 19 facilities
1618 635 33 12 are
1661 629 98 24 provided
1769 629 33 18 for
1809 629 56 18 those
1874 629 19 18 in
1905 630 69 18 search
1983 630 23 18 oil
2013 630 34 18 the
2058 630 101 19 beautiful
2171 632 40 18 and
2225 632 127 19 marvelious.

1522 660 181 17 MAGNIFICENT
1715 660 178 17 APARTMENTS.
2022 661 87 18 LOPTT
2121 663 146 18 BEDROOMS.
2386 665 115 17 PERFECT
2517 666 161 18 SANITATION.

1573 684 24 17 In
1609 683 56 18 short
1674 689 13 12 a
1696 688 127 14 fikst-CLass
1837 682 172 21 Establishment
2018 685 88 25 offering
2115 686 59 24 equal
2185 686 94 19 comforts
2288 688 21 17 to
2319 687 35 19 the
2363 687 47 20 best
2424 689 64 18 hotels
2498 689 21 18 in
2529 689 86 25 Europe.

2096 718 11 11 o

1667 734 88 23 Suites
1773 735 28 22 of
1812 734 170 30 Apartments
1991 736 67 23 with
2069 737 97 29 special
2180 738 156 23 attendance
2350 739 40 22 for
2406 740 129 22 Families-

1426 762 99 34 Spacious
1534 768 128 20 Promenade
1671 769 114 23 Balconies,
1795 768 59 26 Snug
1864 769 92 24 Alcoves,
1966 769 42 20 and
2024 770 128 25 luxuriously
2168 772 111 24 appointed
2288 772 105 27 Drawing,
2414 773 70 22 Music,
2502 774 150 25 Conversation,
2671 776 99 25 Heading,

1879 795 99 26 Smoking
1989 797 38 17 and
2039 796 87 19 Billiard
2136 797 81 19 Booms.
2246 797 70 19 Baths.

1663 831 36 21 (£T
1716 828 118 20 SPECIAL
1848 829 160 20 ATTENTION
2022 830 69 19 PAID
2103 832 34 18 TO
2152 832 118 19 CUISINE
2284 832 60 19 AND
2359 832 125 21 SERVICE.
2500 836 35 21 jrs

1451 862 35 19 All
1496 861 179 20 communications
1688 860 26 26 by
1724 860 61 19 letter
1794 867 22 12 or
1828 860 97 24 telegram
1936 861 39 19 will
1987 862 77 19 receive
2074 866 80 22 prompt
2164 864 106 18 attention.

1484 912 77 43 W.
1587 912 59 43 A.
1671 898 347 58 BOULTOJST
2057 894 126 14 ~°~
2283 900 41 4 ~
2458 915 248 41 Manama*.

1896 971 59 24 (Late
1966 973 21 17 of
1996 971 114 20 Grosvonor
2121 971 68 24 Hotel,
2202 971 96 25 Sydney.)

2337 1041 160 40 ROTORUA
2523 1041 89 41 HOOT
2634 1042 25 40 &
2678 1042 89 42 SHOE

2486 1098 126 43 DEPOT.

2333 1427 17 19 A
2370 1428 69 26 Large
2457 1430 60 20 Stock
2538 1433 21 18 of
2576 1432 93 24 German,
2687 1431 78 20 French

2401 1456 42 19 and
2451 1456 92 20 Colonial
2553 1458 61 19 Boots
2624 1459 77 24 always

2495 1484 22 19 in
2535 1484 66 19 Stock.

2333 1517 67 21 BEST
2408 1519 77 20 MATE
2490 1521 26 19 HI
2519 1521 41 19 AL.
2596 1521 16 19 B
2618 1521 46 21 EST
2673 1522 92 19 WORK.

2412 1556 157 20 AUCKLAND
2579 1558 105 20 PRICES.

2333 1604 164 25 Hand-sewn
2506 1606 79 24 Boots
2593 1614 16 16 a
2623 1607 140 30 Specialty.

2358 1667 116 24 Visitors
2484 1670 27 21 to
2524 1669 45 22 the
2584 1669 53 23 Hot
2645 1669 92 24 Lakes.

2361 1746 176 46 Palace
2572 1748 160 55 Hotel,

2451 1804 18 19 in
2495 1805 34 18 tde
2552 1804 49 19 New
2625 1806 138 18 Government

2331 1829 108 24 Township
2455 1836 19 13 m
2491 1837 53 13 Ciose
2563 1831 108 26 proximity
2690 1835 21 16 to
2730 1832 35 18 the

2331 1855 72 24 Bath*,
2420 1855 134 25 S&natuiiatn,
2575 1858 48 18 Bust
2645 1858 62 19 Office
2725 1858 40 19 and

2331 1881 92 26 Kai.way
2432 1884 86 18 Station.

2357 1935 42 18 The
2411 1935 60 19 Hotel
2483 1935 17 19 is
2515 1935 126 27 luxuriously
2658 1936 105 20 furnished

2331 1961 38 19 and
2382 1961 78 21 rei'leie
2470 1963 46 18 with
2524 1969 58 18 every
2591 1963 135 19 convenience
2733 1963 32 19 for

2331 1987 86 20 tourists
2428 1988 38 18 and
2581 1989 20 18 It
2622 1996 10 12 c
2648 1989 90 19 mmands
2754 1996 11 11 a

2331 2013 93 24 splendid
2435 2015 47 18 view
2493 2015 22 18 of
2526 2015 33 19 the
2568 2014 54 19 Lake
2633 2016 38 18 and
2681 2015 16 19 is
2708 2015 45 19 wish-

2331 2040 19 18 in
2361 2046 46 18 easy
2420 2047 66 12 access
2498 2041 22 19 of
2537 2041 33 19 (lie
2587 2043 78 21 Geyser
2681 2042 84 24 Springs

2331 2065 21 19 of
2364 2063 186 23 Whnk.irewarewa
2561 2067 38 19 aiid
2610 2067 26 19 all
2650 2067 33 20 the
2702 2067 63 24 sights

2331 2092 21 18 of
2363 2092 34 19 the
2408 2093 85 19 district.

2344 2119 33 18 All
2389 2119 105 25 telegrams
2507 2119 101 26 promptly
2619 2120 96 19 attended
2724 2124 28 15 to.

2397 2157 301 52 john~joh¥ston,

2467 2210 169 18 PROPIUETOIt.

2363 2266 184 45 Robert
2580 2265 157 46 Wake

2336 2328 98 46 BEGS
2442 2331 19 16 to
2471 2328 92 19 intimate
2571 2328 44 18 that
2625 2327 26 19 he
2668 2328 38 18 h?s
2722 2334 45 12 now

2408 2354 108 19 concluded
2528 2354 34 19 the
2575 2354 118 18 alterations
2706 2356 20 16 to
2736 2354 32 18 his

2333 2380 98 26 premises
2446 2380 21 19 in
2485 2380 77 19 Feuton
2580 2380 71 22 Street,
2667 2380 101 25 (opposite

2334 2407 34 18 the
2378 2407 70 18 Grand
2459 2406 78 25 Hotel,)
2548 2406 39 19 and
2597 2406 37 18 has
2644 2412 13 13 a
2662 2405 57 26 large
2728 2406 39 18 and

2335 2433 43 18 well
2389 2432 91 19 assorted
2490 2432 55 19 stock
2556 2432 21 19 of
2591 2432 33 18 the
2645 2432 110 18 undermen-

2335 2459 68 19 tioned
2413 2458 70 25 goods,

2337 2494 66 41 FOR
2424 2493 88 40 CASH
2527 2493 24 40 &
2564 2493 87 40 CASH
2665 2493 102 40 ONLY,

2361 2549 49 19 This
2420 2549 54 19 Rule
2485 2547 40 21 will
2542 2549 24 18 be
2582 2547 78 25 strictly
2679 2547 89 19 adhered

2335 2578 20 16 to
2366 2582 22 11 so
2399 2582 26 12 no
2436 2581 37 12 one
2483 2575 50 18 need
2546 2577 22 16 lie
2578 2573 95 19 offeuded
2680 2574 16 18 if
2706 2574 64 18 credit

2336 2601 16 19 is
2363 2601 90 19 refused.

2337 2636 83 23 Men's
2432 2635 125 29 Mercery,
2567 2634 75 28 Hats,
2655 2634 42 23 &c.

2338 2666 85 22 Men's
2438 2665 52 23 and
2504 2665 76 30 Boys'
2597 2665 122 28 Clothing

2443 2714 14 11 ~
2568 2697 78 22 Boots
2658 2697 21 22 &
2690 2697 80 23 Shoes

2337 2728 137 28 Blankets,
2489 2728 80 28 Rugs,
2580 2727 98 28 Prints,
2693 2727 63 24 Flan-

2391 2760 121 27 nelettes,
2524 2761 48 21 etc.

2339 2792 116 28 Saddles,
2465 2791 110 28 Bridles,
2591 2792 47 21 etc.

2453 2862 102 24 Complete
2566 2862 59 19 Stock
2636 2862 22 19 of

2340 2893 92 30 Fancy
2446 2892 91 27 Goods,
2554 2892 151 31 Stationery
2722 2893 51 23 and

2392 2925 87 22 Books

2340 2956 194 24 Tohacconist's
2550 2956 91 28 Goods,
2654 2957 48 22 etc-

2343 2988 114 23 Musical
2470 2987 177 23 Instruments

2341 3019 112 27 Fishing
2467 3017 95 23 Tackle

2340 3050 123 23 Window
2469 3049 71 29 glass
2547 3050 23 22 &
2577 3049 78 30 Lamp
2665 3050 108 28 glasses.

2340 3102 94 19 LARGE
2450 3101 59 20 AND
2540 3101 234 20 WELL-ASSORTED

2488 3133 87 20 STOCK
2589 3133 34 19 OF

2355 3165 185 27 BIRTHDAY,
2570 3165 94 22 XMAS
2691 3165 70 23 AND

2394 3197 80 22 NEW
2495 3196 93 23 YEAR
2608 3196 113 23 CARDS.

2382 3250 67 19 Maori
2463 3249 71 19 Curios
2545 3250 20 18 in
2576 3250 62 18 Great
2650 3250 88 25 Variety.

2408 3301 119 20 First-class
2543 3301 86 19 Billiard
2639 3301 70 19 Table.

2344 3349 149 25 Prescriptions
2502 3348 107 26 dispensed
2620 3350 25 23 by
2654 3355 12 12 a
2676 3349 100 20 Qualified

2501 3374 90 19 Chemist
2601 3377 20 16 at

2421 3407 127 31 ROBERT
2565 3407 135 31 WAKE'S.

2481 3463 159 23 ROTORUA.

2365 3639 49 22 (One
2422 3639 88 18 minute's
2517 3639 50 17 walk
2576 3639 47 17 from
2631 3638 32 18 the
2669 3638 73 19 Govern-

2495 3663 52 16 ment
2556 3661 73 23 Baths.)

2463 3715 187 22 TeR7UYS:

2369 3751 45 21 35s
2423 3758 45 21 per
2487 3750 87 27 week;
2594 3750 28 22 6s
2637 3756 46 23 per
2691 3749 58 29 day.

2370 3781 62 23 Two
2442 3781 89 23 weeks
2541 3787 27 16 or
2578 3780 99 27 longer,
2695 3779 54 23 30s.

2378 3830 29 31 c.

2470 3871 184 20 rUOPEIETOR.

2559 3932 191 29 &PTTRCHAS,

2404 3969 129 19 Bakuistkus
2541 3974 42 13 and
2594 3968 122 22 Solicitors,

2343 4007 79 19 B.N.Z.
2430 4007 119 23 Chambers,
2559 4007 101 23 QueenSt,
2669 4006 107 19 Auckland

2357 4094 13 19 T
2378 4101 7 10 »
2434 4101 54 18 gage
2497 4095 21 18 of
2533 4094 99 19 Freehold
2647 4094 41 19 and
2702 4094 61 19 Lease-

2343 4119 48 20 hold
2401 4125 96 20 propertj'
2507 4122 21 19 at
2538 4123 80 18 current
2626 4122 60 19 rates.

2862 149 33 25 w.
2923 138 29 38 A.
2989 138 173 41 WILLIAMS

2802 204 215 27 PiONEER
3060 210 167 25 STORE,

2876 250 99 26 Opposite
2991 255 71 20 Palace
3079 256 68 19 Hotel.

2799 299 135 26 GROCERY,

2839 330 134 23 OILMEN'S
2988 336 109 25 STORES,

2878 352 219 39 IRONMONGERY,'

2928 394 152 22 CROCKERY
3083 398 92 23 WARE,

2978 430 140 26 DRAPERY,
3135 434 42 22 &c,
3187 434 28 19 &c
3217 430 4 27 :
3221 430 2 27 .

2824 458 16 15 A
2857 456 144 23 well-assorted
3018 462 56 18 stock
3092 463 20 19 in
3128 463 27 19 all
3171 463 51 21 lines

2796 485 21 13 or
2827 481 33 19 the
2869 482 61 21 above
2940 489 20 14 at
2970 485 69 21 lowest
3050 489 69 21 prices.

2797 515 48 19 New
2856 516 84 21 Zealand
2951 520 61 26 Dairy
3020 522 145 20 Association's
3172 524 38 19 Fac-

2831 543 44 22 tory
2886 543 73 21 Butter
2969 546 53 20 fresh
3034 548 56 19 tnico
3100 550 82 24 weekly.

2869 584 49 21 New
2928 587 50 20 Laid
2988 589 59 25 Eggs,
3058 591 17 19 &
3076 597 10 14 c
3088 605 12 10 .,
3111 593 34 18 &c.

2796 664 116 34 UNITED
2933 668 181 36 INSURANCE
3134 674 82 37 COY.,

2941 715 124 21 LIMITED.

2854 764 147 31 CAPITAL,
3017 768 141 31 £500,000.

2852 814 32 20 RE
2892 817 52 19 risks
2952 819 21 18 of
2978 819 28 19 all
3014 821 72 19 classes
3093 823 126 20 undertaken

2801 840 16 18 I-
2862 844 20 15 at
2892 842 68 21 lowest
2970 850 78 15 current
3058 851 60 16 rates.

2793 873 74 21 Claims
2876 877 71 19 settled
2956 881 101 24 promptly
3065 883 41 18 and
3118 883 101 26 liberally.

2804 923 47 17 New
2858 924 82 19 Zealand
2950 926 55 19 Head
3014 929 61 21 Office,
3085 931 121 23 Wellington.

2827 950 89 19 Resident
2924 952 46 22 Sec.,
2979 955 40 17 Jam
3023 960 22 13 us
3053 957 18 17 s.
3085 958 98 19 Jameson.

2916 981 97 19 Auckland
3022 985 72 22 Agent:

2853 1007 21 16 A.
2888 1007 107 23 Heather,
3005 1011 75 19 Custom
3087 1014 67 18 Street.

2923 1040 82 19 Ilotorua
3014 1040 72 25 Agent:

2838 1071 20 17 F.
2873 1071 20 18 F.
2904 1072 66 21 Watt,
2984 1075 115 19 Chuoxicle
3109 1079 62 17 Office.

2792 1134 179 25 AUCKLAND
2991 1139 51 23 and
3059 1139 158 27 WAIKATO

2933 1171 140 24 AGENCY.

2805 1207 56 19 Near
2871 1208 91 21 Catholic
2972 1211 85 24 Church,
3070 1213 135 21 ROTORUA.

2856 1279 178 29 SPECIAL
3048 1282 106 28 SALE

2990 1327 32 17 OF

2791 1359 141 27 CHEAP
2954 1362 265 31 CLOTHING

2904 1411 59 17 .NOW
2976 1412 82 18 GOING
3067 1413 36 18 ON

2791 1479 65 55 S.
2917 1482 296 68 DANDO,

2838 1544 210 28 Commission
3062 1548 108 32 Agent.

2790 1601 214 44 Rotorua
3046 1602 167 47 Tours.

2788 1680 185 42 I)ASSENGEES
2983 1684 19 16 to
3011 1683 84 19 Rotorua
3104 1690 31 13 are
3141 1686 76 19 advised

2851 1704 42 17 that
2901 1710 11 11 a
2926 1706 75 22 regular
3011 1707 52 22 daily
3075 1708 58 18 couch
3150 1710 67 17 service

2787 1726 83 17 between
2880 1726 89 21 Okoroire
2978 1729 38 18 and
3025 1730 85 18 Eotorua
3124 1732 38 17 and
3178 1733 39 17 vice;

2787 1755 52 11 versa
2847 1750 15 18 is
2872 1756 41 11 now
2922 1752 88 24 running.

2809 1773 39 17 The
2857 1773 131 24 advantageso
2996 1776 45 18 lthis
3046 1778 54 16 route
3105 1783 31 11 are
3141 1784 63 12 numer-

2787 1801 38 15 ous,
2837 1802 10 11 a
2856 1797 101 18 somewhat
2971 1799 73 17 tedious
3053 1801 76 22 railway
3137 1801 80 24 journey

2787 1819 14 16 is
2809 1819 77 20 .broken,
2896 1820 37 17 and
2942 1821 32 17 the
2990 1825 54 15 route
3060 1824 90 17 traverses
3167 1831 50 11 some

2787 1842 20 17 of
2824 1842 33 18 the
2873 1842 83 19 loveliest
2973 1845 52 18 Bush
3041 1846 80 23 Scenery
3137 1848 20 16 in
3169 1849 49 16 New

2787 1865 87 17 Zealand.

2826 1896 103 24 FARES,
2946 1899 40 18 10s
2996 1900 83 19 EACH
3091 1901 82 20 WAY.

2787 1924 90 23 Special
2894 1927 164 23 Conveyances
3075 1934 44 13 can
3139 1929 28 19 be
3183 1936 24 13 ar-

2931 1951 88 22 ranged
3027 1951 41 19 for.

2787 1994 83 19 Leave-
2886 1995 111 20 Okoroire
3006 1997 36 18 for
3055 1998 104 20 Rotorua
3173 2001 45 17 and

2856 2018 219 21 Whakarewarewa
3105 2022 61 24 daily
3194 2025 25 17 at

2859 2041 28 18 10
2896 2047 51 14 a.m.

2788 2063 89 19 Leave-
2888 2065 100 19 Rotorua
3001 2067 45 18 and
3055 2067 149 21 Whakarewa-

2857 2093 62 13 rewa
2935 2089 35 18 for
2984 2089 116 25 Okoroire,
3117 2092 62 24 daily
3195 2094 25 17 at

2860 2111 28 18 10
2896 2116 51 14 a.m.

2811 2138 31 17 All
2862 2143 109 20 passengers
2992 2146 31 11 are
3039 2142 76 17 advised
3136 2143 19 17 to
3170 2144 50 17 avail

2788 2161 110 19 themselves
2907 2163 20 16 of
2935 2162 37 18 this
2989 2164 62 18 Eoute
3065 2170 8 12 r
3082 2161 3 23 i
3100 2166 90 17 Okoroire
3204 2168 15 16 is

2788 2190 35 11 one
2838 2185 20 16 of
2868 2185 32 17 the
2909 2185 51 18 show
2969 2186 62 22 places
3048 2188 20 16 of
3084 2189 32 17 the
3133 2189 87 18 Thermal

2788 2208 84 19 District,
2893 2208 38 17 and
2946 2215 24 11 no
2987 2210 43 17 visit
3044 2211 20 17 to
3081 2211 33 18 the
3128 2212 60 18 Lakes
3204 2213 15 17 is

2789 2231 90 21 complete
2888 2232 80 17 without
2974 2232 24 17 its
3004 2233 97 19 inclusion.

2812 2253 72 23 Special
2893 2255 92 17 attention
2997 2256 16 18 is
3027 2257 58 17 called
3098 2259 21 16 to
3132 2259 32 17 the
3180 2260 40 17 fact

2789 2276 32 18 tha
2840 2283 11 11 a
2859 2278 55 17 coach
2922 2277 62 19 leaves
2998 2279 84 18 Eotorua
3091 2281 37 17 and
3137 2282 68 17 Whaka-

2789 2306 98 11 rewarewa
2896 2306 24 13 on
2929 2301 77 23 Sunday
3014 2303 21 17 at
3045 2304 20 16 10
3074 2310 44 11 a.m.

2923 2349 161 18 HGENTS:

2790 2368 71 17 THOS.
2875 2368 68 18 COOK
2961 2370 14 17 &
2994 2370 54 21 SON,
3066 2372 99 17 Auckland
3183 2373 37 17 and

2959 2393 90 19 Eotorua.

2817 2456 166 21 FIREWOOD!
3031 2456 163 25 FIREWOOD!

2887 2509 75 20 RATA
2974 2517 42 13 and
3031 2512 90 20 TAWA.

2793 2544 105 19 Delivered
2919 2545 26 25 by
2964 2546 84 20 Kusahs
3067 2547 58 20 Bros,
3142 2550 22 18 to
3181 2556 41 19 any

2793 2573 45 22 part
2850 2571 20 18 of
2882 2571 33 19 the
2927 2573 98 25 township
3035 2576 21 16 at

2864 2597 84 20 Lowest
2960 2597 98 22 Current
3071 2599 76 20 Kates.

2795 2630 80 24 BEST
2908 2632 193 25 HOUSEHOLD
3134 2634 88 24 COAL.

2820 2674 73 19 Orders
2903 2675 90 19 received
3005 2679 20 16 at
3035 2677 34 18 the
3079 2677 67 24 yards,
3156 2677 66 20 Hine-

2795 2775 33 18 TO
2844 2775 56 18 THE
2915 2775 104 20 PUBLIC
3034 2777 33 19 OF
3084 2777 139 21 ROTORUA.

2797 2849 23 20 J-
2849 2860 38 11 run
2906 2854 31 18 for
2952 2853 52 21 their
3010 2855 82 19 favours
3104 2855 74 26 during
3190 2857 33 18 tlio

2795 2881 46 19 past
2851 2879 68 19 fifteen
2929 2886 63 18 years,
3005 2880 39 19 and
3059 2884 20 15 to
3095 2882 66 24 notify
3180 2882 44 19 that

2795 2905 32 20 for
2837 2905 34 18 the
2882 2906 131 19 convenience
3023 2907 21 18 of
3054 2907 98 19 residents
3161 2908 21 18 in
3190 2908 33 19 the

2797 2931 49 19 New
2858 2931 113 25 Township,
2984 2932 39 19 and
3034 2939 31 18 my
3079 2933 57 19 trade
3154 2940 58 19 gener-

2796 2957 47 25 ally,
2854 2957 11 18 I
2875 2958 51 18 have
2936 2958 53 19 built

2823 2996 52 19 New
2883 2996 102 20 Pbemises
2993 3003 21 14 in
3022 2997 84 20 Fenton
3113 2998 84 24 Street,

2797 3041 64 18 which
2872 3048 33 11 aie
2915 3048 44 11 now
2970 3048 50 18 open
3030 3042 31 19 for
3071 3042 98 25 business,
3185 3043 38 19 and

2797 3067 53 19 lam
2868 3067 98 25 prepared
2988 3071 20 15 to
3021 3068 74 26 supply

2936 3110 69 19 Prime
3025 3111 62 19 Meat

2797 3150 21 18 in
2829 3150 49 18 both
2889 3149 50 20 New
2951 3151 39 18 and
3001 3151 38 19 Old
3049 3151 125 26 Townships.

2830 3233 43 23 An
2886 3234 151 29 Inspection
3051 3236 23 21 is
3088 3236 107 22 invited.

3006 3275 101 18 HENRY
3122 3276 80 18 KIRK.

2821 3346 67 51 A.
2932 3346 274 62 BRADY,

2800 3407 112 20 BARBER
2934 3408 59 19 AND
3022 3408 200 24 HAIRDRESSER
3222 3407 3 27 1
3226 3407 2 27 ,

2800 3472 38 18 J-J
2867 3474 80 19 meiiced
2959 3474 92 20 business
3062 3475 19 19 in
3094 3476 34 19 the
3144 3478 50 24 shop
3211 3478 18 19 in

2800 3502 33 18 the
2850 3500 31 18 old
2898 3502 58 20 town,
2977 3501 95 25 formerly
3092 3504 94 24 occupied
3203 3503 27 25 by

2800 3527 32 19 Mr
2841 3526 123 23 McFndyen,
2973 3527 86 23 saddler,
3077 3528 41 19 and
3133 3529 63 25 hopes
3210 3531 19 18 to

2800 3553 58 19 merit
2869 3559 12 12 a
2890 3554 59 17 share
2960 3553 21 18 of
2991 3553 34 19 the
3036 3554 68 24 public
3114 3559 89 21 support.

2881 3586 157 19 RAZORS
3067 3588 76 19 SET.

2822 3636 21 18 A
2853 3635 82 19 Choice
2947 3635 150 20 Assortment
3111 3638 26 17 of
3147 3638 70 18 Tobac-

2799 3664 46 17 cos,
2856 3659 84 26 Cigars,
2951 3659 130 23 Cigarettes
3088 3660 20 18 &
3115 3660 114 19 Smoker's

2799 3681 138 24 Requisites.

2832 3806 33 27 L.
2873 3807 117 27 BULL,
3001 3807 18 24 h
3025 3806 100 32 aving*
3132 3807 95 25 taken

2800 3846 78 19 over
2907 3839 54 25 the
2989 3839 235 31 Hair-dressing
3224 3839 4 31 1

2801 3872 115 27 Saloon
2930 3871 35 26 of
2973 3873 49 25 Mr
3034 3873 38 24 H.
3084 3871 140 29 Stewart,

2800 3904 123 26 solicits
2936 3905 54 25 the
3003 3911 86 19 same
3102 3904 108 32 patron-

2800 3944 58 26 age
2872 3937 152 26 accorded
3036 3938 33 25 to
3090 3936 50 25 his
3159 3942 50 26 pre-

2799 3971 153 25 decessor.

2831 4003 50 25 Mr
2893 4003 36 25 H.
2941 4002 137 27 Stewart
3085 4000 66 26 will
3157 4000 67 26 still

2799 4036 134 25 conduct
2952 4035 53 26 the
3025 4033 143 28 business
3184 4040 41 19 on

2798 4075 56 26 my
2863 4067 112 27 behalf.

2874 4110 52 34 L*.
2947 4108 200 36 BULL,
