3624 4654
2364 2503 84 127 The
2476 2503 167 127 Oxford
2671 2503 251 127 Observer.

2460 2630 193 20 PUBLISHED
2670 2631 161 24 WEEKLY.

2379 2704 164 22 SATURDAY
2587 2705 144 22 JANUARY
2766 2707 46 21 9th
2855 2706 56 23 1897

2431 2823 103 27 WHAT
2546 2824 35 26 IS
2592 2824 72 26 THE
2687 2825 178 27 NATIONAL

2382 2869 253 28 ASSOCIATION'S
2646 2872 87 26 IDEA
2754 2872 45 27 OF
2809 2874 105 26 FREE-

2371 2928 7 27 DOM?

2376 2989 12 24 J
2416 2987 26 26 It
2453 2994 55 25 may
2530 2995 75 18 mean
2615 2987 91 34 liberty
2722 2989 39 25 for
2771 2997 72 27 every
2853 2998 62 18 man

2382 3031 26 25 to
2420 3029 68 26 work
2497 3029 40 26 his
2546 3028 148 33 employee's
2707 3031 30 23 12
2755 3029 76 28 hours
2841 3039 15 16 a
2867 3031 48 33 day

2381 3068 29 27 m
2424 3076 34 17 an
2468 3067 137 33 insanitary
2620 3067 141 33 workshop,
2779 3076 29 18 or
2826 3060 90 42 liberty

2381 3111 28 24 to
2430 3110 63 24 start
2514 3107 135 33 swindling
2671 3109 153 32 companies,
2841 3118 29 17 or
2888 3112 28 24 to

2381 3156 48 26 pay
2439 3149 117 25 sweaters
2572 3156 86 24 wages,
2676 3156 30 17 or
2716 3150 26 25 to
2753 3148 31 27 be
2799 3150 117 32 poisoned

2381 3188 33 32 by
2425 3186 167 34 unspeakable
2603 3194 68 25 grog,
2690 3195 29 17 or
2729 3189 27 24 to
2763 3188 91 34 charge
2866 3189 50 26 250

2379 3241 47 25 per
2436 3234 64 27 cent,
2520 3240 28 17 or
2567 3233 27 25 to
2604 3232 65 26 have
2688 3241 65 24 open
2775 3233 85 26 drains
2883 3243 33 17 on

2382 3271 38 24 his
2431 3270 128 32 premises,
2570 3278 30 17 or
2610 3271 28 24 to
2648 3271 47 25 sell
2717 3271 105 31 typhoid
2833 3280 83 24 germs

2382 3310 28 26 m
2415 3310 41 25 his
2467 3309 71 31 milk,
2549 3318 29 17 or
2589 3318 49 25 any
2647 3310 81 32 other,
2737 3311 59 26 kind
2808 3312 28 25 of
2843 3311 74 26 liber-

2382 3351 37 31 ty.
2469 3348 82 26 There
2579 3357 41 17 are
2647 3349 71 32 quite
2740 3357 28 18 as
2779 3358 76 25 many
2867 3350 49 26 bad

2383 3387 114 26 varieties
2508 3387 28 25 of
2544 3387 108 26 freedom
2671 3396 28 17 as
2710 3387 65 33 good
2786 3396 59 19 ones
2853 3397 7 22 ;
2873 3389 44 26 the

2383 3426 69 27 word
2462 3426 93 26 sounds
2573 3425 69 34 large
2653 3426 52 26 and
2720 3427 132 32 beautiful,
2871 3427 46 27 but

2382 3470 84 26 itisnt
2478 3478 15 17 a
2505 3469 72 32 thing
2596 3471 27 24 to
2643 3470 31 25 be
2696 3470 76 27 taken
2786 3478 34 19 on
2841 3473 75 24 trust.

2384 3510 139 26 Whenever
2533 3509 113 27 freedom
2655 3510 24 26 is
2689 3510 126 27 conferred
2826 3520 33 18 on
2869 3520 48 17 one

2382 3551 136 25 individual
2544 3551 22 24 it
2604 3558 84 17 means
2715 3551 141 26 restriction
2883 3560 32 17 on

2383 3589 112 25 another.
2528 3589 72 27 Even
2621 3588 45 26 the
2688 3589 182 32 emancipation
2892 3591 28 24 of

2384 3628 43 25 the
2436 3627 116 26 enslaved
2562 3627 88 32 nigger
2660 3628 88 24 vras'nt
2758 3629 37 23 all
2801 3628 115 26 freedom.

2384 3667 54 25 The
2448 3668 48 25 law
2507 3666 128 27 conferred
2659 3675 33 17 on
2705 3668 41 24 the
2765 3667 87 33 nigger
2873 3669 44 25 the

2383 3706 117 33 privilege
2508 3706 28 25 of
2541 3706 100 31 owning
2650 3706 108 30 himself,
2766 3706 51 25 and
2824 3707 22 25 it
2853 3707 64 25 from

2383 3746 44 26 the
2439 3746 74 25 white
2524 3753 59 18 man
2595 3746 42 25 the
2647 3746 118 32 privilege
2784 3747 28 25 of
2820 3747 98 33 owning

2383 3787 42 25 the
2435 3787 95 31 nigger,
2547 3786 51 24 and
2615 3793 68 17 some
2701 3786 27 24 of
2736 3786 52 25 him
2810 3787 53 25 still
2873 3787 42 25 de-

2383 3824 61 26 fines
2455 3824 89 32 liberty
2562 3831 29 17 as
2602 3823 42 26 the
2666 3823 68 32 right
2744 3824 28 24 of
2789 3824 44 26 the
2852 3824 63 26 Cau-

2384 3865 84 25 casian
2486 3866 27 24 to
2524 3871 56 20 own
2591 3864 50 24 and
2664 3864 86 32 wallop
2761 3864 44 25 the
2816 3864 101 26 African

2384 3912 28 18 as
2423 3905 33 25 he
2466 3905 63 25 feels
2539 3904 117 26 inclined.
2691 3904 140 31 Therefore,
2843 3905 73 25 when

2384 3943 44 25 the
2434 3941 140 27 Maoriland
2584 3942 66 31 Tory
2660 3942 77 32 P«rty
2745 3951 56 24 says
2813 3944 104 32 vaguely

2384 3982 57 25 that
2451 3983 21 24 it
2490 3981 23 24 is
2528 3981 26 24 m
2565 3979 87 26 favour
2661 3983 26 22 oi
2697 3980 108 26 freedom
2827 3981 21 26 it
2867 3981 23 26 is
2901 3990 16 17 a

2385 4020 48 25 fair
2444 4020 72 30 thing
2526 4021 26 22 to
2563 4018 45 25 ask
2618 4018 21 25 it
2650 4018 111 27 whether
2771 4018 22 25 it
2803 4026 115 25 proposes

2387 4061 26 24 to
2423 4059 51 26 free
2485 4059 42 24 the
2539 4060 109 27 sweater,
2661 4058 50 25 and
2721 4058 44 25 the
2775 4058 142 33 land-grab-

2385 4099 51 30 ber,
2454 4099 50 26 and
2523 4099 42 24 the
2589 4106 90 25 money
2690 4098 94 30 lender,
2800 4099 52 25 and
2874 4099 44 26 the

2383 4139 180 33 jerry-builder,
2572 4139 50 25 and
2633 4139 43 25 the
2687 4139 76 31 bogus
2773 4138 67 26 bank
2849 4147 67 23 man,

2386 4181 50 25 and
2453 4181 42 25 the
2518 4187 93 21 usurer,
2629 4179 49 24 and
2700 4179 44 25 the
2766 4179 151 32 syndicates,

2386 4218 51 25 and
2463 4219 42 24 the
2529 4218 119 32 importer
2674 4217 26 25 of
2728 4216 94 33 foreign
2841 4219 78 31 goods

2386 4256 72 27 made
2467 4255 34 34 by
2511 4263 91 26 pauper
2611 4254 93 30 labour,
2721 4254 51 26 and
2780 4254 44 27 the
2833 4255 84 34 Chow,

2386 4296 51 27 and
2446 4296 50 33 Jap
2511 4296 47 26 and
2578 4294 76 27 coolie
2654 4308 32 5 —
2687 4301 28 19 or
2725 4294 21 26 if
2753 4294 22 27 it
2794 4302 88 21 means
2892 4301 28 24 to

2387 4339 37 24 set
2435 4337 51 25 free
2496 4334 44 28 the
2561 4334 70 26 other
2641 4334 92 27 fellow.'
2779 4335 72 27 Until
2869 4337 50 28 this

2385 4375 70 34 point
2481 4374 24 26 is
2525 4372 98 27 cleared
2645 4381 33 24 vp
2679 4388 32 4 —
2712 4372 51 27 and
2782 4373 44 27 the
2853 4376 67 36 Tory

2385 4416 72 32 party
2467 4413 119 33 carefully
2610 4412 103 27 refrains
2733 4413 66 28 from
2810 4417 111 35 clearing

2385 4456 22 25 it
2418 4462 65 24 op—
2483 4452 139 27 Maoriland
2645 4453 88 27 should
2744 4449 62 39 keep
2824 4457 96 36 strictly

2387 4494 65 26 dear
2462 4492 27 27 of
2511 4492 43 27 the
2565 4491 100 27 Russell
2683 4493 76 27 crowd
2780 4495 51 27 and
2841 4496 35 28 all
2886 4498 35 29 its

2391 4532 34 22 its
2437 4530 87 24 works.

2971 207 249 32 CONTINENTAL
3246 212 254 32 AGRICULTURE.

2957 264 17 16 ■;■■
3013 275 5 5 ,
3203 266 47 12 ■!■
3327 270 2 1 -

2957 286 27 40 ';'
3055 291 111 29 PARIS.
3183 292 140 28 Noveitßiai
3340 297 73 25 Hth.
3428 298 73 24 1896.

2998 340 109 34 Though
3128 342 110 29 meadow
3253 346 111 34 faming
3385 348 59 26 does
3455 352 45 24 not

2964 383 97 27 involve
3072 393 15 18 a
3098 386 170 28 considerable
3278 391 86 31 outlay
3375 392 28 24 of
3408 393 90 30 capital

2964 425 48 25 and
3024 425 95 33 labour,
3137 430 73 26 these
3225 425 115 39 adjuncts
3363 435 26 23 to
3401 442 97 17 sueces*

2963 472 91 24 cannot
3065 470 30 28 be
3106 472 131 33 dispensed
3258 476 72 26 with.
3365 477 54 27 The
3441 483 54 21 nat-

2962 513 54 25 ural
3035 516 111 25 meadow
3157 518 22 24 is
3199 518 141 34 important,
3360 522 82 26 whe<e
3453 524 44 24 the

2961 556 97 27 culture
3068 559 29 24 of
3115 559 84 33 forage
3221 562 84 31 plants
3330 564 21 25 is
3368 572 56 18 rare
3446 566 49 25 «ad

2960 599 65 26 their
3045 601 67 32 price
3131 602 69 34 high,
3233 605 74 27 while
3330 616 17 17 a.
3368 609 125 34 well-kept

2959 644 117 31 meadow,
3093 654 35 18 no
3140 650 92 25 matter
3243 650 89 29 where,
3344 644 23 33 is
3378 655 44 23 not
3430 654 62 32 only

2957 687 142 31 productive
3123 690 44 27 but
3189 701 15 16 a
3224 692 56 34 sign
3291 695 28 24 of
3338 695 152 28 abundance.

2959 729 96 33 During
3067 731 44 26 the
3128 733 157 31 Revolution,
3304 745 76 26 many
3391 742 100 30 strange

2957 772 105 33 projects
3071 782 64 20 were
3145 779 101 25 mooted
3256 780 51 25 and
3317 782 121 33 adopted..
3447 785 42 26 On

2957 825 46 17 one
3014 819 112 26 occasion
3140 823 41 23 the
3192 823 86 31 people
3289 826 136 26 concluded
3432 828 57 26 tkat

2957 860 36 25 all
3003 857 61 29 land
3074 853 105 36 untilied
3202 874 49 17 was
3262 874 16 18 a
3297 872 76 22 waste
3384 870 27 25 of
3433 879 55 24 pro-
3498 873 11 16 <

2958 903 99 26 ductive
3064 912 88 24 power.
3177 907 31 27 In
3219 909 71 28 Pans
3301 910 51 27 this
3362 912 40 26 led
3410 916 26 23 to
3448 917 40 24 tee

2959 947 122 26 Tuilevies
3090 954 105 27 gardens
3208 948 73 38 being
3291 953 91 28 broken
3393 965 34 25 up
3438 959 51 25 and

2957 990 102 33 planted
3087 993 60 27 with
3175 998 120 29 potatoes.
3347 999 54 27 The
3421 1003 69 25 rural

2957 1035 188 33 municipalities
3166 1039 117 33 indulged
3302 1042 26 24 m
3351 1043 43 28 the
3410 1044 77 31 freak,

2955 1077 70 26 there
3044 1080 108 26 meadow
3163 1082 61 26 land
3246 1084 91 26 should
3358 1086 130 33 disappear

2954 1121 78 26 under
3043 1122 43 26 the
3097 1124 102 38 plough.
3233 1126 32 26 In
3281 1129 43 24 ths
3341 1137 57 18 case
3408 1131 29 25 of
3443 1131 42 26 the

2951 1165 97 28 famous
3056 1170 100 25 naturtl
3166 1171 124 26 meaddws
3297 1173 28 24 of
3331 1173 153 32 Meslerault,

2950 1207 27 26 m
2989 1208 43 27 the
3057 1210 158 34 department
3237 1214 26 25 of
3284 1215 44 26 the
3336 1235 3 4 .
3349 1217 74 31 Orne,
3443 1220 43 26 the

2949 1256 140 24 committee
3100 1257 28 24 of
3139 1256 85 28 Public
3238 1258 93 35 Safety,
3344 1261 139 32 interfered,

2949 1298 49 24 and
3015 1301 45 29 put
3079 1308 18 18 a
3107 1303 56 30 stop
3185 1303 27 24 to
3222 1303 62 25 such
3307 1305 176 28 devastations.

2949 1339 116 28 Without
3086 1351 16 16 a
3127 1344 64 31 good
3208 1348 134 24 command
3365 1349 27 24 of
3401 1354 80 27 water,

2949 1384 67 26 there
3043 1394 48 18 can
3114 1387 31 25 be
3170 1396 34 18 no
3232 1390 127 28 luxuriant
3384 1394 99 26 natural

2947 1428 132 31 meadows,
3097 1430 114 28 whether
3220 1432 39 26 for
3276 1434 50 33 hay
3346 1435 99 34 making
3455 1445 28 18 or

2947 1478 29 18 or
2996 1474 144 33 -pasturing.
3192 1477 41 24 An
3251 1484 85 19 excess
3357 1479 30 26 of:
3405 1485 76 22 water

2947 1514 113 34 destroys
3082 1525 75 26 many
3179 1519 122 29 valuable,
3318 1529 94 24 grasses
3434 1523 49 26 and

2947 1557 160 33 legriminous
3133 1562 92 32 plants,
3254 1564 75 26 while
3350 1565 131 36 favouring

2945 1601 44 27 the
2999 1604 98 31 growth
3119 1606 26 25 of
3166 1608 60 25 such
3238 1616 29 18 as
3289 1616 43 19 are
3351 1610 46 25 bad
3425 1611 51 25 and

2947 1646 27 24 of
2982 1654 34 16 no
3026 1649 118 24 nutritive
3154 1649 81 26 value.
3253 1651 26 24 It
3288 1652 24 25 is
3323 1653 56 24 well
3391 1652 97 27 known,

2947 1689 55 26 that
3013 1698 15 17 a
3039 1691 82 26 humid
3133 1693 113 26 meadow
3356 1704 34 18 no
3401 1698 79 25 excel-

2946 1729 53 30 lent
3024 1734 59 34 hay,
3117 1737 50 25 and
3194 1729 61 35 does
3285 1740 48 26 not
3353 1741 76 32 profit
3450 1742 31 32 by
3498 1732 4 16 !

2946 1776 138 34 irrigatioia.
3119 1780 38 35 (2)
3177 1782 27 24 It
3214 1783 75 32 keejas
3307 1784 41 32 ihq
3359 1786 47 25 soil
3417 1785 63 31 cold,

2946 1822 114 27 prevents
3070 1820 44 25 the
3125 1823 70 23 sun's
3206 1823 93 29 action,
3322 1825 50 24 and
3390 1827 89 24 checks

2946 1863 150 30 vegetation.
3119 1888 2 3 .

2978 1901 26 28 If
3013 1913 16 17 a
3040 1907 108 26 meadow
3159 1907 30 26 be
3201 1905 43 30 nbfc
3255 1900 135 43 ordinarily
3398 1910 81 27 drain-

2945 1952 38 27 ed,
2999 1957 128 19 reccourge
3135 1952 89 26 should
3248 1952 28 27 be
3287 1953 50 27 had
3347 1957 24 23 to
3382 1956 97 26 surface

2944 1993 133 34 drainage;
3090 1994 73 28 when
3175 1997 43 25 the
3225 1997 52 26 rills
3287 2006 43 17 are
3335 2006 141 24 numerous,

2944 2038 43 25 the
2996 2038 76 26 latter
3083 2040 50 25 will
3144 2042 94 32 change
3250 2042 43 26 the
3300 2046 89 23 nature
3399 2044 29 25 of
3437 2046 42 24 the

2943 2077 111 38 herbage,
3070 2083 52 26 and
3132 2091 85 19 secure
3243 2090 75 22 sweet
3328 2087 50 25 and
3399 2089 78 24 nutri-

2945 2125 48 26 tive
3011 2134 104 24 grasses;
3167 2129 102 27 Surface
3291 2129 84 27 drains
3396 2131 83 33 might

2945 2169 91 34 always
3057 2169 30 28 be
3112 2171 96 26 cleared
3236 2175 45 24 out
3300 2175 50 25 and
3366 2176 112 32 repaired

2947 2213 79 24 before
3037 2213 42 26 the
3101 2218 210 25 comtnencement'
3326 2219 26 24 of
3371 2218 43 26 the
3425 2222 53 26 aut-

2945 2264 62 18 umn
3018 2257 68 26 rains
3094 2265 7 23 ;
3119 2258 43 26 the
3181 2260 125 26 extracted
3328 2259 50 28 dirt
3399 2262 82 33 ought

2945 2302 43 24 not
3004 2302 28 24 to
3043 2300 29 26 be
3083 2302 45 24 left
3137 2311 33 17 on
3180 2303 45 25 the
3234 2303 60 33 edge
3397 2306 79 29 dtaio,

2945 2342 45 26 but
3001 2345 121 25 scattered
3144 2354 57 17 over
3222 2346 42 26 the
3284 2347 115 32 adjacent
3421 2349 55 29 soil,

2945 2389 26 24 to
2982 2390 69 23 some'
3062 2389 55 25 four
3137 2390 75 32 yards
3233 2390 102 27 distant.
3386 2392 32 26 In
3435 2393 43 25 the

2944 2430 106 33 keeping
3065 2432 26 25 of
3112 2433 111 26 meadow
3240 2434 79 29 lands,
3342 2436 76 25 much
3439 2439 38 23 at-

2944 2475 97 26 tention
3059 2479 68 23 must
3147 2478 30 24 be
3187 2477 71 32 given
3271 2481 25 23 to
3317 2477 41 28 the
3368 2480 108 32 extirpa-

2945 2519 52 26 tion
3009 2520 27 25 of
3044 2521 80 26 Weeds
3135 2521 50 26 and
3197 2521 167 35 bad-grasses
3373 2531 9 23 ;
3398 2524 80 27 under

2944 2571 34 18 no
3004 2564 193 26 circumstances
3217 2567 79 31 ought
3316 2568 58 32 they
3396 2570 26 24 to
3445 2569 30 25 be

2944 2615 48 17 run
3004 2609 25 24 td
3051 2607 58 26 seed
3119 2615 7 22 ;
3143 2608 95 27 annual
3257 2607 80 29 weeds
3348 2619 43 18 are
3406 2620 71 18 more

2944 2650 76 33 easily
3030 2651 127 33 destroyed
3169 2652 63 27 than
3243 2653 92 28 others.
3368 2654 70 28 Moss
3453 2664 24 19 mi

2944 2703 34 18 an
2999 2695 122 26 invetrate
3143 2704 89 26 enemy
3258 2698 28 25 m
3308 2698 44 26 the
3373 2707 58 18 oase
3451 2700 28 26 of

2944 2738 88 27 humid
3053 2739 132 31 meadows,
3213 2747 40 20 so;
3263 2741 28 26 m
3312 2742 115 28 Autumn
3448 2751 29 19 or

2945 2782 68 32 e«rly
3036 2783 92 31 Spring
3147 2784 74 25 when
3243 2784 43 26 the
3311 2785 47 26 soil
3376 2786 23 25 is
3421 2789 55 26 wet,

2945 2825 97 33 employ
3063 2825 42 26 the
3128 2826 76 26 chain
3225 2826 106 31 harrow,
3348 2829 51 24 and
3420 2831 58 24 next

2944 2869 59 27 rake
3015 2870 43 26 the
3068 2870 86 27 rooted
3174 2878 35 26 up
3219 2878 69 20 moss
3304 2871 55 27 into
3378 2872 99 30 aheap,

2945 2916 27 24 to
2982 2914 31 25 be
3033 2914 131 28 converted
3175 2915 55 27 into
3240 2918 112 31 compast
3355 2935 6 7 .
3406 2917 72 27 Then

2946 2965 72 26 spray
3043 2959 41 24 the
3106 2957 62 27 land
3189 2956 61 28 with
3269 2958 81 34 liquid
3364 2968 128 23 manure,,

2945 3010 29 18 or
2993 3005 59 22 turn
3063 3010 32 17 on
3106 3010 66 17 some
3191 3004 67 25 town
3278 3012 95 25 sewage
3383 3013 7 22 ;
3408 3006 71 29 later*

2946 3047 91 25 scatter
3048 3053 15 18 a
3073 3046 64 32 light
3153 3048 69 31 layer
3232 3048 28 24 of
3274 3048 73 26 earth
3365 3056 29 18 or
3412 3056 69 18 com-

2935 3090 3 8 '
2945 3091 64 32 past.
3035 3089 67 27 That
3112 3091 136 26 treatment
3258 3092 53 26 will
3318 3092 88 26 induce
3417 3093 62 32 good

2945 3142 98 24 grasses
3054 3137 25 22 to
3092 3137 86 29 spring
3187 3135 56 26 into
3253 3135 52 30 life,
3318 3136 50 25 and
3378 3138 28 24 to
3415 3138 65 32 stay.

2948 3177 98 26 Shaded
3057 3178 47 26 soil
3115 3184 138 29 encourage;
3258 3179 45 26 the
3309 3179 174 33 development

2946 3222 29 26 of
2982 3229 76 23 moss,
3086 3223 44 24 bnt
3140 3222 49 26 less
3208 3230 30 18 so
3247 3222 23 26 if
3290 3222 44 28 the
3352 3223 62 27 land
3424 3231 57 20 con-

2947 3264 66 26 tains
3032 3264 87 27 robust
3144 3266 85 31 plants
3240 3266 56 26 that
3312 3266 53 26 will
3375 3266 67 27 stifle
3451 3262 30 31 it.

2947 3307 49 26 Let
3011 3308 22 25 it
3057 3309 29 25 be
3097 3308 178 28 remembered,
3291 3309 57 26 that
3358 3310 71 26 while
3441 3311 43 25 the

2948 3352 43 25 the
3002 3359 69 18 moss
3083 3360 59 25 may
3153 3360 92 25 appear
3255 3358 28 21 to
3300 3353 62 26 hare
3371 3353 60 26 died
3438 3356 46 23 out

2947 3396 91 33 during
3048 3404 16 18 a
3086 3396 63 33 spell
3159 3396 30 26 of
3202 3397 47 32 dry
3265 3396 114 31 weather,
3397 3397 21 26 it
3433 3397 51 34 wife

2948 3448 62 19 soon
3021 3448 129 26 re-appear
3157 3440 62 27 with
3227 3441 70 32 rainy
3307 3448 110 19 seasons.
3450 3441 33 26 Is

2947 3485 43 24 the
3016 3492 56 17 case
3096 3484 28 25 of
3144 3484 81 26 lichen
3246 3484 72 25 there
3345 3484 23 26 is
3379 3485 46 25 but
3434 3492 50 19 one

2949 3528 100 33 remedy
3059 3535 7 23 ;
3077 3528 21 25 it
3109 3528 123 25 indicates
3243 3535 15 18 a
3268 3535 62 26 poor
3340 3528 53 31 soil,
3405 3528 79 26 hence

2947 3571 75 26 break
3032 3579 34 24 up
3077 3571 51 25 and
3149 3571 86 26 enrich
3257 3572 42 25 the
3316 3570 69 31 land.
3429 3572 55 26 The

2947 3617 80 24 leaves
3037 3614 28 26 of
3071 3614 43 26 the
3124 3613 119 27 chestnut
3253 3615 82 31 hazal,
3347 3615 56 31 oak,
3423 3624 60 25 pop-

2947 3660 56 25 ular
3022 3655 52 34 &c,
3096 3657 75 28 when
3197 3658 71 27 these
3291 3660 66 26 trees
3382 3667 41 19 are
3448 3669 33 17 01

2947 3702 113 26 meadow
3083 3701 67 32 land,
3170 3710 74 18 cause
3264 3702 106 34 damage
3387 3704 34 33 by
3439 3704 44 26 afl-

2947 3745 89 33 hering
3058 3746 27 24 to
3104 3745 45 26 the
3171 3753 79 24 grass,
3278 3746 51 26 and
3347 3747 134 33 producing

2947 3789 68 25 acids
3042 3789 33 31 by
3102 3788 66 26 their
3194 3789 197 33 decomposition
3399 3799 8 21 ;
3436 3792 43 25 the

2947 3833 80 25 leaves
3050 3831 92 26 should
3159 3831 32 26 be
3212 3834 76 32 swept
3305 3841 43 25 up,
3365 3834 23 25 if
3403 3834 78 32 dried,

2949 3885 129 33 employed
3090 3894 27 17 as
3128 3886 76 31 litter,
3222 3894 29 19 or
3261 3887 74 26 made
3345 3887 55 27 into
3418 3896 65 20 com-

2947 3930 65 31 post.
3137 3941 8 8 •

2980 3972 80 26 Moles
3082 3981 42 17 are
3146 3981 69 18 more
3232 3974 65 26 than
3321 3982 16 18 a
3356 3975 128 30 nuisance,

2950 4016 60 32 they
3027 4016 80 32 injure
3130 4017 43 24 the
3192 4017 62 25 land
3278 4019 51 24 and
3349 4020 84 24 lessen
3455 4021 31 24 it«

2949 4059 81 26 value.
3069 4059 77 26 Their
3166 4059 108 28 hillocks
3295 4061 120 27 interfere
3425 4064 62 24 witih

2949 4103 42 25 the
3001 4102 131 27 meadow's
3154 4103 63 27 level
3229 4106 102 30 surface,
3354 4106 50 26 and
3420 4106 66 27 their

2949 4147 115 33 galleries
3086 4155 30 18 or
3138 4148 110 29 tunnels,
3265 4149 61 26 with
3347 4150 139 33 irrigation.

2950 4190 134 34 Generally
3095 4191 28 26 m
3131 4191 101 26 French
3242 4192 90 30 leases,
3344 4193 43 26 the
3398 4194 90 27 farmer

2950 4235 23 26 is
2984 4235 84 26 bound
3079 4236 28 25 to
3116 4235 99 34 destroy
3233 4236 45 26 the
3288 4232 85 30 moles.
3408 4238 80 26 These

2951 4287 43 18 are
3005 4287 57 18 men
3073 4278 57 27 who
3147 4279 137 27 undertake
3292 4282 27 24 to
3335 4280 101 35 destroy
3446 4273 54 35 thY

2952 4323 96 33 yermin
3057 4325 27 24 at
3095 4324 45 27 the
3150 4328 53 22 rate
3210 4323 29 26 of
3246 4324 48 26 five
3300 4332 58 19 sous
3366 4325 40 26 for
3416 4334 75 30 every

2952 4367 66 27 mole
3029 4367 102 35 caught.
3177 4368 27 26 If
3213 4368 45 27 the
3279 4370 107 26 mounds
3397 4369 32 28 be
3440 4379 50 19 r«e-

2952 4412 70 33 ently
3039 4414 54 24 cast
3110 4419 43 26 up,
3170 4421 15 16 a
3206 4412 80 34 heavy
3307 4413 75 25 roller

2952 4463 59 19 over
3022 4455 44 27 the
3077 4455 96 34 ground
3189 4456 69 26 often
3279 4464 89 25 proves
3389 4459 101 26 efficaci-

2954 4508 63 22 ous;
3034 4499 22 27 if
3072 4499 45 28 tl.e
3132 4499 106 28 hillocks
3246 4499 33 28 be
3301 4501 110 33 ancient,
3430 4504 60 34 they

2945 4544 92 30 should
3046 4544 33 26 be
3088 4544 116 32 levelled,
3222 4544 45 27 the
3278 4548 71 23 earth
3366 4549 124 28 scattered

1256 70 172 34 OXFORD
1485 71 231 33 OBSERVER
1759 70 243 37 SATURDAY,
2045 69 201 33 JANUARY
2289 70 30 37 9,
2362 69 80 33 1887

2420 206 498 48 DRESSM^im

2500 275 334 58 MIsi^KENNEDY

2436 359 80 31 Late
2536 361 82 29 from
2633 360 55 30 the
2698 360 103 31 D.LC.
2850 360 72 31 Wei-

2393 398 132 41 lington.

2436 440 81 43 Begs
2549 447 35 27 to
2596 444 131 32 .inform
2759 441 56 33 her
2845 441 77 43 Lady

2392 483 118 31 friends
2524 484 70 32 that
2607 486 56 30 sho
2689 486 28 30 is
2732 483 149 42 prepared
2899 488 23 26 tc

2392 522 90 32 make
2522 526 119 31 dresses
2669 528 34 29 m
2738 524 184 32 fashionable

2391 564 61 31 and
2468 565 92 32 latest
2573 567 108 41 styles,
2692 571 4 6 '
2704 571 33 28 at
2751 566 171 32 reasonable

2391 606 139 41 charges.

2432 653 61 33 She
2521 655 56 32 has
2598 657 153 41 arranged
2775 657 51 31 for
2852 667 70 31 pre-

2388 699 71 25 sent
2492 698 171 30 workroom
2692 701 76 27 next
2797 705 34 23 to
2860 698 62 30 Mrs

2388 734 147 42 Lough's,
2567 738 130 31 Oxford.

2513 904 34 31 T.
2571 905 210 33 PICKARD.

2466 959 76 23 BOOT
2555 960 64 22 AND
2638 961 78 24 SHOT?
2733 959 116 28 MAKER,

2535 1004 77 21 EAST
2652 1005 120 24 OXFORD

2384 1046 106 58 BEGS
2503 1050 26 22 to
2549 1051 88 24 return
2658 1052 38 25 bis
2704 1053 105 25 'sin'eefe
2812 1061 3 4 1
2831 1054 91 25 thanks

2437 1081 27 23 to
2486 1080 44 25 the
2559 1082 158 28 inhabitants
2737 1086 28 25 of
2780 1086 142 26 OXFORD

2383 1112 50 25 and
2443 1112 163 28 DISTRICT
2613 1143 3 3 .
2624 1116 67 27 since
2704 1118 35 31 he,
2745 1113 120 37 started,^,
2873 1120 49 25 and

2385 1146 70 32 begv
2463 1147 27 25 to
2509 1147 92 28 inform
2613 1148 70 28 iheia.
2704 1152 32 25 he
2747 1152 47 27 has
2806 1154 115 25 removed

2385 1182 25 22 to
2422 1187 68 18 more
2498 1183 168 26 commodious
2677 1186 120 31 premises
2810 1187 110 32 opposite

2384 1212 43 26 the
2440 1213 69 26 W.M
2511 1215 47 29 C,
2582 1217 60 24 and-
2641 1236 4 10 r
2649 1218 130 34 hopes:^by
2791 1220 71 29 strict
2881 1223 41 23 at-

2384 1246 96 26 tention
2499 1253 26 20 to
2552 1248 112 28 bnsiness
2687 1255 26 21 to
2734 1256 67 23 meat
2824 1254 62 26 with
2904 1264 14 15 a

2384 1280 164 27 continuance
2560 1284 26 24 of
2598 1283 66 27 their
2673 1289 111 29 support.
2831 1295 3 5 •

2417 1325 78 26 Boots
2519 1326 77 26 Hand
2608 1328 108 27 stitched
2736 1339 28 17 or
2780 1332 94 31 pegged
2891 1333 27 25 to

2384 1358 78 25 order.
2497 1359 104 34 Repairs
2620 1363 86 32 neatly
2723 1364 50 25 and
2789 1365 127 33 promptly

2382 1392 113 28 xecuted,

2377 1479 5 16 ;
2386 1435 4 46 ;
2493 1439 35 35 T,
2549 1441 197 35 PICKARD.

2464 1503 17 8 -
2520 1495 6 5 '
2681 1497 13 29 '
2894 1493 28 24 -'"'

2391 1530 9 10 ■}
2413 1528 1 2 '
2497 1532 3 2 •
2522 1531 3 11 ;
2551 1529 68 16 ■''.-.
2677 1530 2 2 '
2693 1542 2 2 .
2757 1535 3 3 ■
2765 1530 3 2 '
2848 1535 2 3 •
2918 1530 3 2 '

2433 1581 3 10 i
2440 1578 2 2 '
2453 1585 2 10 I
2455 1585 21 4 —
2507 1582 97 17 .,.V
2834 1587 3 3 •
2843 1591 1 5 1
2899 1580 12 18 '■_

2391 1619 3 7 :
2591 1626 2 2 .

2391 1657 5 13 f
2507 1651 54 33 TO
2582 1652 210 35 FARMERS.

2382 1732 45 59 IF
2443 1732 134 33 youfewant
2594 1737 26 24 to
2648 1736 47 26 sefll
2721 1746 63 23 your
2801 1740 114 30 produce,

2421 1766 122 27 advertise
2553 1768 28 25 m
2593 1768 44 26 the
2655 1763 228 40 i'OiBSERVfeR'',
2901 1782 15 18 a

2381 1807 57 18 sure
2462 1800 51 25 sale
2528 1801 49 25 will
2593 1802 31 25 be
2640 1803 45 25 the
2700 1805 84 26 result.
2801 1805 6 3 '
2834 1822 5 3 -
2911 1803 4 16 :

2389 1874 4 15 1
2413 1859 162 33 TERMSI—
2575 1868 38 25 2s.
2635 1876 44 20 per
2705 1855 59 40 mch
2764 1862 69 35 /for
2859 1872 63 26 first-

2380 1897 131 28 insertiob.

2413 1977 42 27 All
2471 1979 76 26 small
2561 1979 206 29 advertiaementa
2782 1984 27 26 to
2821 1984 27 25 be
2855 1984 59 33 paid

2383 2025 18 18 n
2419 2017 121 29 advance.

2380 2157 126 43 EVENTS
2521 2161 41 39 OF
2582 2161 70 40 THE
2667 2152 130 53 COlitltJG
2808 2162 106 42 WEEK.

2380 2241 122 34 Tuesday,
2519 2243 105 33 Library
2641 2252 65 24 open
2717 2245 65 26 from
2794 2247 15 23 6
2827 2245 51 26 15.'
2887 2247 29 25 to

2421 2304 1 2 .
2446 2282 16 24 B
2471 2289 62 24 p.m;
2624 2290 14 16 v
2642 2284 3 10 l
2646 2283 44 26 .'-"
2730 2298 7 7 .-
2740 2290 3 9 :
2745 2283 3 7 "'
2753 2283 3 16 :
2757 2289 2 3 -
2820 2288 37 13 ■-
2881 2297 3 2 ■
2898 2283 24 18 '■>■

2379 2317 140 34 Thursday,
2537 2316 156 37 Bank]open.
2823 2335 3 6 .

2380 2362 133 33 Saturday,
2530 2362 108 33 Library
2657 2372 65 24 open
2739 2364 66 26 from
2814 2367 24 24 6.
2859 2373 51 25 ptn.

2446 2404 27 24 to
2494 2404 24 24 8.
2529 2411 63 24 p.m.

1833 203 235 48 PRINTS!
2105 203 254 48 PBINTSII

1833 267 19 40 1
1862 265 25 42 A
1897 266 33 41 A
1933 266 33 41 A
1988 277 22 27 7
2011 276 35 20 ar
2047 266 36 30 d9
2097 266 33 31 of
2152 266 54 30 the
2227 265 132 32 Season's

1832 294 134 53 14UU
1996 308 64 31 fast
2089 307 107 33 colour
2217 305 142 34 PRINTS

1830 347 52 32 3d.
1897 358 57 29 per
1961 349 90 40 yard,
2062 349 101 33 worth
2180 348 49 32 6d.
2246 347 113 33 Double

1829 389 99 30 width
2200 383 159 36 i^rancaise

1827 429 95 31 Dress
1947 428 160 32 Materials
2136 429 134 31 reduced
2284 430 75 31 from

1829 472 44 30 Is.
1884 471 50 31 6d.
1946 476 32 26 to
1989 472 43 30 Is.
2044 482 57 30 per
2112 471 89 41 yard,
2225 470 134 32 Suitable

1827 522 37 20 or
1874 511 64 31 this
1953 522 111 22 season
2098 512 35 30 of
2146 512 55 30 the
2215 521 84 31 year.

1962 606 128 23 DOUBLE
2111 606 113 23 WIDTH

1838 647 197 48 DRESS
2090 650 257 49 TWEEDS

2001 721 80 40 (half
2095 721 97 40 price)

1820 791 4 13 ,
1836 768 118 31 Melton
1973 769 113 32 Tweed
2101 768 52 33 6d.
2170 769 102 31 worth
2287 768 60 42 10J

1822 816 117 32 Melton
1954 817 115 32 Tweed
2084 819 45 30 Is.
2144 818 102 31 worth
2260 819 46 30 Is.
2318 819 40 29 6d

1834 868 103 31 better
1959 868 91 32 value
2075 868 76 31 than
2176 869 170 40 travelling

1819 945 3 11 ,
1896 923 128 40 drapers
2038 923 65 31 will
2117 924 72 40 give
2202 934 70 30 you.

1834 989 219 45 tilßltS'
2084 989 256 47 JACKttS

1925 1045 80 31 New
2027 1045 78 31 This
2127 1045 125 31 Season

1820 1093 36 31 5s
1878 1093 42 30 6d
1961 1093 146 32 Reduced
2122 1093 81 32 from
2260 1094 56 30 12s
2337 1096 19 29 6

1820 1156 47 29 15-
1883 1156 42 31 6
1967 1156 61 31 d
2048 1179 20 13 „
2126 1163 44 32 ■*■■„
2182 1161 30 16 •"'
2260 1158 55 29 20s
2337 1158 19 28 0

1836 1257 239 28 MANCHESTER
2091 1259 248 26 DEPARTMENT.

1821 1302 115 38 Prints,
1956 1304 115 30 checks
2085 1305 63 30 and
2169 1304 114 42 stripes

1821 1356 96 31 Table
1940 1356 160 38 Damasks,
2123 1351 231 40 unbieachedtr-

1902 1408 116 41 special
2038 1409 94 43 valuf;
2147 1405 83 36 from
2307 1435 4 3 -
2340 1428 16 20 j

1819 1469 117 31 Brown
1970 1469 139 32 Holland
2125 1481 6 13 ■■
2144 1481 78 31 very
2257 1473 99 41 cheap

1819 1520 193 33 Flannelette
2026 1521 62 32 and
2102 1521 153 43 Shirting,
2273 1518 86 47 good'

1900 1573 91 32 value
2011 1574 81 32 from
2113 1575 51 31 4d.

1818 1622 95 32 Floor
1933 1624 92 31 Cloth
2045 1627 83 40 good
2149 1630 33 27 at
2204 1627 51 32 9d.
2270 1630 4 5 '

1808 1668 99 46 |Wide
1928 1677 113 32 Forfar
2060 1681 34 28 at
2116 1678 50 33 6d.

1858 1765 119 34 boy's
2005 1760 307 42 dei^lrtmbnt:
2353 1788 6 14 ,

1873 1855 81 49 >^w
1998 1864 23 26 T
2035 1871 58 19 now
2100 1865 118 26 continue
2229 1870 26 20 to
2265 1867 88 26 devote

1815 1898 2 15 ;
1858 1890 108 49 JiXgL,.
1991 1898 30 34 ,A
2020 1901 3 10 :
2056 1897 100 33 Special
2173 1899 132 28 Attention
2323 1921 4 9 ,
2326 1903 29 23 to

1816 1925 166 52 iv^JE??^
1991 1927 57 41 '$$*
2062 1930 172 34 Department,
2246 1933 51 26 and
2312 1941 40 19 am

1817 2049 55 54 •I
1888 2076 77 32 If
2050 2059 135 43 "".'.^AB^.
2198 2069 75 23 LINE

1818 2128 4 11 '
1854 2125 96 45 -U,W
2051 2143 141 24 KNICKER
2212 2145 87 23 SUITS

1859 2195 28 18 M
1897 2166 91 47 J^S
1998 2180 27 22 at
2037 2179 41 22 tte
2096 2179 119 28 following
2227 2177 126 24 SPECIAL

1819 2224 3 6 •
1839 2201 147 48 J*^T
1998 2216 153 22 PRICES:—

1873 2258 34 22 To
1915 2258 29 23 fit
1952 2259 61 28 Boys
2021 2261 13 19 3
2044 2259 72 22 Yeats
2126 2259 37 28 5/6
2190 2259 14 21 5
2213 2259 73 23 Years
2299 2259 38 28 5/6

1819 2284 3 15 !
2032 2294 15 21 7
2057 2293 73 22 Years
2139 2294 36 26 5/6
2194 2294 14 19 Q
2217 2294 74 21 Years

1815 2349 83 33 Lace
1920 2349 146 33 Curtains
2087 2353 45 29 2s.
2175 2350 61 32 Per
2256 2351 79 40 pair.
2358 2365 2 21 1

1823 2518 1 1 •
1857 2477 3 19 ;
1917 2477 2 12 ;
1950 2482 292 52 notice.'
2247 2482 43 8 '■■"
2327 2481 32 72 ■■■;

1814 2584 25 64 I
1854 2584 55 32 Beg
1925 2584 27 25 to
1970 2583 94 26 inform
2085 2584 43 25 the
2128 2595 2 13 1
2156 2582 155 28 inhabitants
2326 2584 28 26 of

1850 2616 95 27 Oxford
1953 2616 51 26 and
2015 2616 43 26 the
2068 2616 215 33 puDlicgeherally
2295 2617 57 26 that
2358 2609 2 42 j

1814 2650 15 26 I
1839 2650 61 26 have
1911 2649 75 27 taken
1990 2664 2 4 ■
2005 2658 60 18 over
2075 2649 44 27 the
2140 2650 119 26 Business
2275 2650 77 33 lately

1815 2683 94 27 carried
1926 2691 35 18 on
1982 2683 34 33 by
2040 2684 60 30 MR,
2119 2683 30 26 C.
2168 2685 33 24 A.
2225 2683 126 30 TYLER,

1815 2716 108 27 General
1943 2716 105 31 Carrier,
2065 2716 52 27 and
2137 2718 66 25 trust
2222 2718 35 32 T>y
2279 2717 73 26 strict

1815 2750 125 26 attention
1951 2752 27 24 t6
1989 2750 116 26 business
2121 2753 28 23 to
2159 2750 83 26 merit;
2252 2758 15 17 a
2278 2750 74 27 share

1815 2783 28 26 of
1850 2781 84 34 publio
1943 2785 110 30 support.

1815 2856 109 27 Covered
1934 2855 70 28 Vans
2014 2855 50 28 will
2075 2862 48 20 ran
2134 2854 66 28 from
2211 2854 141 28 OXFORD

1922 2905 29 25 to
1968 2903 275 27 CHRISTCHURCH

1815 2986 95 31 every
1937 2975 191 40 MONDAY,
2154 2975 199 32 WEDNES-

1878 3030 89 31 DAY
1990 3029 88 32 AND
2112 3029 178 33 FRIDAY.

2014 3090 144 34 Returning

1818 3135 211 37 TUESDAY,
2056 3134 236 33 THURSDAY
2328 3136 27 30 &

1966 3190 244 33 SATURDAY.

1818 3264 133 25 Furniture
1962 3263 51 26 and
2031 3264 78 32 goods
2120 3263 28 26 of
2165 3271 73 24 every
2250 3263 105 33 descrip-

1818 3297 54 26 tion
1882 3296 96 33 packed
1999 3298 50 24 and
2068 3296 117 26 removed
2201 3301 28 20 at
2248 3296 108 27 shortest

2041 3329 92 26 notice.

1917 3372 136 35 Receiving
2064 3372 78 27 Order
2165 3373 55 25 Box
2231 3374 27 25 at

1820 3407 40 25 Mr
1874 3407 142 26 Earnshaw
2166 3406 72 27 West
2254 3407 101 26 Oxford.

1819 3440 25 27 J.
1857 3440 26 26 J.
1895 3440 103 27 Weeber
2172 3440 66 26 East
2254 3440 102 27 Oxford.

1818 3473 35 26 H.
1871 3473 128 26 Davidson
2083 3473 123 26 Bennetts
2225 3473 130 26 Junction.

1819 3507 29 25 C.
1866 3507 32 25 A.
1915 3506 75 32 Tyler
2220 3506 136 33 Rangiora.

1820 3540 31 26 R.
1870 3539 35 26 H.
1921 3539 122 33 Hodgson
2286 3540 70 26 Cusfc.

1836 3590 54 25 The
1900 3590 77 25 above
1987 3597 103 25 waggon
2105 3597 49 18 run
2173 3590 28 24 m
2221 3590 120 32 conjunc-

1884 3623 54 26 tion
1950 3617 61 32 with
2029 3623 146 26 TYLEB'B
2186 3630 104 24 waggon

1863 3656 84 26 which
1957 3656 83 26 leaves
2062 3655 180 26 RANGIORA
2261 3655 51 25 and

1820 3688 273 27 CHRISTCHURCH
2104 3696 72 24 every
2192 3687 57 33 day,
2272 3688 85 27 orders

1819 3723 46 25 left
1876 3724 28 24 at
1920 3722 43 26 the
1973 3721 126 32 following
2109 3722 83 31 places
2211 3722 28 24 m
2259 3721 97 26 Christ-

1820 3755 95 26 church
1927 3755 53 26 will
1998 3754 95 26 receive
2108 3758 98 29 prompt
2225 3755 131 26 attention.

1820 3798 33 25 E.
1865 3798 80 25 Recce
1957 3799 19 24 &
1989 3797 61 27 Son.
2184 3797 121 26 Colombo
2317 3798 39 27 St.

1820 3830 153 27 Rotherfield
1990 3830 79 26 Hotel
2151 3830 91 27 Cashel
2262 3831 93 26 Street.

1820 3864 26 26 J.
1864 3864 31 25 B.
1912 3864 106 26 Watson
2102 3863 134 27 Cathedral
2252 3865 104 31 Square.

1822 3899 47 25 130
1886 3897 110 26 Kilmore
2015 3897 89 27 Street.
2133 3896 143 33 Telephone
2298 3898 58 27 727.

1960 3987 253 46 NOTICE

1824 4084 55 31 TO
1901 4082 195 34 FARMERS
2132 4082 27 32 &
2181 4082 176 33 OTHERS!

1824 4157 64 31 The
1902 4155 210 43 undersigned
2122 4156 27 31 is
2159 4157 153 40 prepared
2329 4167 30 21 co

1843 4202 69 28 cart
1936 4198 91 37 wool,
2048 4198 88 30 hides
2164 4198 63 30 and
2245 4197 93 42 sheep

1886 4239 85 31 skins
1986 4242 34 28 at
2042 4239 109 30 lowest
2172 4245 127 24 current

1940 4309 3 5 ,
2038 4284 95 30 .rates

1949 4362 35 33 J.
2008 4360 35 34 T.
2065 4360 166 34 CARTER

2054 4444 142 33 Fernhill
2245 4460 3 14 ;

2029 4549 2 10 .
2086 4528 91 33 West
2206 4529 133 32 Oxford.

1297 203 219 55 Bhnktts,
1556 203 219 57 Bltftk*ts,

1336 277 64 32 For
1423 281 45 29 7s.
1492 279 52 31 9d.
1566 289 58 31 per
1646 279 79 42 pair.

1267 348 45 34 Af
1323 347 84 39 pairs
1429 348 36 29 of
1481 348 87 39 large
1588 346 154 33 Blankets
1752 349 46 31 for

1268 394 28 31 fl
1343 397 20 20 a
1382 387 115 31 double
1518 388 69 30 bed.
1601 389 51 29 for
1667 388 67 40 20/-

1263 440 205 37 CHE&PBR
1488 444 78 32 than
1580 455 59 22 can
1664 446 39 32 be
1725 457 73 31 pur-

1261 496 114 30 chased
1416 498 82 30 from
1544 497 90 31 ANY
1677 498 121 33 Christ-

1261 537 117 30 church
1399 537 118 32 House.

1306 601 92 31 1896.
1459 600 158 33 SPRING
1658 602 94 36 1396.
1783 626 15 8 ...

1338 671 54 26 OW
1404 674 113 33 showing
1528 683 16 16 a
1553 677 84 25 choice
1646 679 151 23 assortment

1266 699 109 37 rV-tff
1386 707 134 26 SPRING
1533 710 122 28 GOODS,
1676 710 115 31 ccmpris.

1256 743 34 25 ng
1300 737 59 25 New
1371 738 77 26 Dres3
1461 740 145 29 Materials,
1620 742 94 28 Prints,
1734 742 59 25 Del-

1256 770 78 29 aines,
1364 771 120 33 Zephyrs,
1516 773 118 33 Crepons,
1667 775 126 29 Galateas,

1256 802 112 27 Norman
1390 805 103 32 Stripes,
1514 806 85 32 Fancy
1621 808 102 31 Striped
1742 808 52 25 and

1255 835 79 25 Chick
1354 838 115 29 Mualina,
1497 839 95 26 Cotton
1614 841 108 31 Pongee,
1744 841 50 25 and

1255 868 119 32 Muslins,
1384 872 42 24 &o.

1253 952 246 49 KAIAPOI
1541 954 250 50 TWEEDS.

1252 1031 84 21 SUITS
1345 1032 88 21 MADE
1442 1033 39 20 TO
1490 1033 145 22 MEASURE
1648 1034 80 23 PROM
1747 1038 45 20 50s.

1251 1088 121 82 FULI4
1387 1088 144 34 RANGE
1542 1092 36 31 of
1585 1092 63 31 this
1662 1093 120 31 Season
1782 1092 8 13 1

1330 1131 146 33 Patterns
1495 1137 34 27 to
1558 1134 94 31 hand.

1507 1187 27 24 at

1354 1227 37 35 R,
1416 1228 44 31 .H
1481 1229 198 33 PARISH'S

1396 1290 92 26 EAST
1505 1292 148 29 OXFORD.

1344 1342 210 23 WHOINTENDS
1568 1344 39 21 TO
1621 1344 75 22 SELL

1249 1393 180 30 seasonable
1437 1393 98 40 goods
1544 1400 33 24 at
1582 1394 102 40 prices
1692 1394 100 31 belbw

1250 1441 78 33 that,
1339 1444 34 30 of
1387 1455 63 30 any
1472 1444 225 34 Christchurch
1721 1446 70 32 firm
1797 1451 2 24 I

1250 1507 6 31 I
1369 1525 2 1 ■
1391 1518 52 5 ——
1443 1520 5 3 ■
1448 1519 57 6 —
1507 1512 30 20 ♦
1590 1520 35 5 —
1625 1520 28 5 —

1252 1607 198 50 Colonial
1488 1609 179 48 Flaimd
1714 1608 76 49 9i.

1252 1682 132 42 cheaper
1397 1683 79 31 than
1489 1693 58 23 can
1566 1684 40 30 be
1616 1684 173 42 purchased

1252 1739 33 28 at
1313 1735 126 33 auction
1465 1746 37 21 or
1519 1736 84 32 from
1639 1737 151 32 itinerant

1434 1784 139 41 drapers:

1393 1842 11 6 .
1481 1827 2 2 '
1509 1836 31 19 ♦

1248 1909 14 41 --',
1350 1903 214 44 PATHS
1577 1898 116 48 ft'S

1492 2193 52 43 Y
1529 2219 11 38 :
1544 2169 252 72 6wmsf^

1280 2259 150 94 Till
1526 2288 66 36 AU
1622 2289 63 36 Wo
1681 2301 27 41 ?
1709 2290 17 34 1
1757 2323 36 17 «■

1267 2381 2 10 '
1281 2346 24 73 /
1326 2346 112 73 mßr'
1456 2367 69 30 GO^
1524 2363 50 34 O^
1572 2372 63 25 IAL
1658 2359 83 39 T^
1738 2372 50 25 ED

1246 2412 145 90 ;4^«
1501 2438 229 42 SUITS'
1762 2440 30 17 r:

1266 2556 3 9 ,
1289 2535 129 33 From
1435 2534 96 48 .121$
1552 2541 73 33 Pier
1647 2532 95 41 sstiit,
1764 2529 16 36 /

1317 2597 80 34 (three
1406 2599 138 31 garments^
1561 2595 82 28 worth
1654 2597 66 34 255.)
1771 2593 5 14 :

1253 2644 92 26 Cannot
1356 2644 27 25 be
1389 2643 138 33 pwcliased
1537 2647 26 22 at
1578 2643 172 27 Christchurch
1760 2651 29 18 or

1364 2687 125 26 elsewhere
1499 2692 26 20 at
1531 2688 38 25 the
1575 2689 78 30 price.

1257 2747 22 30 J
1290 2746 134 32 AMens
1437 2748 101 30 Black
1548 2746 70 33 S.B.
1628 2748 58 31 Sac
1695 2746 92 33 Coats

1250 2778 74 50 fill
1349 2788 50 30 for
1422 2788 128 40 Sunday
1563 2788 64 31 and
1648 2788 140 40 Holiday

1252 2839 82 22 wear
1342 2828 145 33 Reduced
1495 2829 83 31 from
1589 2828 69 42 25/-
1669 2832 35 29 to
1712 2828 75 43 15/6

1295 2942 55 38 R.
1375 2941 58 38 H.
1466 2937 281 49 PARISH'S

1251 2994 216 33 BARGAINS
1505 2995 50 36 for
1592 2994 65 31 this
1678 2996 110 31 month

1235 3082 115 219 4
1411 3115 177 26 COLONIAL
1617 3117 129 24 TWEED

1446 3177 184 32 TkOUSERS
1667 3183 37 26 6*.

1462 3249 69 24 ALL
1579 3249 109 25 WOOL.

1253 3301 66 30 Fur
1332 3299 82 32 lined
1423 3298 105 33 cloaks
1538 3300 136 32 reduced
1682 3299 58 33 17s
1749 3299 42 32 6d

1271 3346 25 33 C
1314 3347 198 32 hristcharch
1526 3348 85 42 price
1622 3350 66 30 275.
1704 3348 52 31 6d.

1256 3503 120 33 Double
1390 3504 100 32 width
1506 3503 106 33 Check
1627 3503 165 33 Costumes

1415 3552 112 33 Tweed
1556 3553 70 39 6£d.

1255 3600 120 33 Melton
1394 3600 137 38 Tweeds,
1554 3601 50 31 6d.
1625 3611 58 31 per
1702 3602 89 42 yard.

1255 3689 104 32 White
1389 3689 154 32 Blankets
1576 3688 44 33 7s.
1648 3689 50 31 6d.
1735 3694 63 37 per!

1256 3738 78 41 pair.
1390 3738 103 41 Large
1530 3738 69 32 Size
1629 3738 162 38 Blankets,

1360 3785 65 31 10s.
1448 3784 51 31 6d.
1531 3793 57 32 per
1608 3785 79 40 pair.

1256 3833 68 41 Boy
1359 3832 83 32 Pilot
1455 3831 130 32 Jackets
1600 3833 36 30 6s
1651 3832 50 31 6d.
1716 3832 76 31 each

1297 3949 52 32 All
1368 3949 87 32 these
1477 3948 97 41 goods
1596 3959 52 20 arc
1663 3948 131 41 cheaper

1256 3999 77 33 than
1356 4009 58 21 can
1434 3999 40 29 be
1495 3997 174 41 purchased
1684 4001 33 26 at
1731 4007 63 32 any

1258 4046 226 32 Christchurch
1514 4042 118 44 SelHng
1663 4045 44 30 off
1734 4045 60 32 Es-

1258 4094 203 32 tablishment
1482 4103 35 21 or
1537 4093 81 31 from
1645 4092 151 32 itinerant

1257 4136 140 36 drapers.

1394 4265 118 33 Copies
1533 4275 40 22 of
1593 4275 64 23 the
1797 4270 2 33 ;

1308 4327 176 35 OXFORD
1515 4328 225 38 OBSERVER

1364 4394 48 19 can
1435 4385 32 27 be
1489 4384 120 28 obtained
1629 4387 29 26 at

1256 4431 180 27 CARGILL'S
1446 4439 88 18 corner
1555 4430 29 27 of
1596 4430 139 27 CASHEL
1745 4430 51 26 and

1356 4489 165 26 COLOMBO
1540 4488 156 29 STREETS

1432 4541 188 27 Chrisiehurchr

840 207 251 47 FOUND.

696 320 134 58 FOUND
847 329 16 17 a
879 321 72 27 black
976 322 50 25 and
1051 325 46 22 tan
1118 322 110 25 SHEEP

748 353 72 26 DOG
838 354 147 33 (BITCH).

792 423 83 35 Apply
885 426 28 24 to
924 425 43 25 the
1028 436 7 9 ••
1052 444 4 9 ;
1063 446 5 6 ,
1104 440 15 10 ■•..

825 499 126 26 OFFICE
964 499 141 34 OF|THIS
1118 499 110 26 PAPER

772 811 54 24 The
841 809 196 33 Thoroughbred
1061 810 83 25 Horse

833 880 242 33 FAIRCHILD
1179 893 4 17 :

689 945 59 26 T>Y
765 945 79 26 Black
864 945 65 25 Rose
931 959 31 4 —
963 945 44 24 out
1030 944 28 25 of
1075 943 132 26 Hinemoa.

708 1034 3 3 .
721 1011 92 26 WILL
832 1011 79 26 travel
929 1011 51 25 this
1004 1018 88 17 season
1111 1010 112 27 between

682 1046 128 31 llangiora
823 1044 50 25 and
885 1043 159 32 Springfield.

718 1105 52 27 For
780 1104 97 26 further
891 1104 147 33 particulars
1047 1102 75 34 apply

852 1167 26 25 to
890 1166 44 26 the
945 1173 83 18 owner

924 1223 94 39 w/h.
1037 1235 151 27 SIMPSON

848 1329 21 16 ■■■:■
1051 1325 70 27 View
1139 1325 65 25 Hill.

705 1467 251 42 OXFORD
998 1465 204 39 BACON

805 1566 413 52 FACTORY.;

937 1633 25 18 »
993 1632 1 3 •

684 1672 127 60 BACON
839 1671 50 25 and
921 1671 82 30 hams,
1038 1670 52 25 this
1110 1670 110 25 season's

729 1719 3 3 ■
743 1712 67 23 cure;
840 1703 66 31 lira*,
929 1703 55 26 axis
1002 1711 85 25 grease
1099 1711 16 18 a
1131 1703 92 33 special

683 1738 148 35 compound.

743 1804 43 66 j.
849 1816 313 47 PAKLANE

863 1936 104 34 East
1008 1931 177 39 Oxford.

773 2101 135 46 FOR
950 2093 182 54 SALE.

686 2206 130 83 THAT
838 2206 70 31 well
935 2206 114 31 known
1078 2206 63 30 and
1169 2206 52 30 old

743 2247 188 33 established
943 2246 141 33 business
1094 2247 38 30 of
1132 2246 87 31 Buil-

686 2291 64 35 der,
765 2289 208 35 Undertaker,
987 2287 231 39 Wheelwright,

686 2334 58 29 etc.
759 2330 121 31 carried
903 2340 41 20 on
973 2328 41 42 by
1037 2327 54 31 Mr
1102 2327 119 41 Joseph

685 2371 122 41 Lough,
828 2379 36 23 so
878 2370 206 41 successfully
1104 2370 51 30 for
1168 2370 53 29 the

685 2417 72 37 past
770 2415 121 38 twenty
904 2422 100 30 years,
1024 2410 67 32 will
1103 2411 40 30 be
1157 2410 62 31 dis-

685 2454 95 43 posed
791 2453 36 31 of
831 2457 35 27 at
882 2463 20 20 a
915 2458 90 38 great
1016 2451 149 39 sacrifice,
1178 2462 40 21 on

686 2500 131 29 account
846 2495 34 32 of
893 2491 112 45 failing
1016 2493 118 33 health.

804 2577 176 38 JOSEPH
994 2575 150 34 LOUGH
1167 2566 61 41 .7-.:

675 2621 2 32 I
777 2614 180 36 './...
1045 2624 36 24 v,
1174 2639 29 12 ....
1223 2624 5 11 •■

976 2656 130 36 Oxford.

1211 2738 10 12 t

685 2812 52 43 TO
746 2810 183 44 TRAVEL
941 2808 104 45 THIS
1054 2808 167 49 SEASQI

689 2883 101 33 Oxford,
804 2879 133 33 Gourtena'y
948 2881 50 24 and
1010 2879 131 26 Greendale
1155 2879 66 25 Dist-

924 2922 60 23 ricts

716 2956 72 26 TEE
806 2954 249 28 WELL-KNOWN
1063 2952 131 26 HOBSE.

821 3020 266 41 MAJOR.

720 3092 117 26 MAJOR
851 3092 22 24 is
884 3099 16 16 a
920 3090 117 32 beautiful
1063 3090 64 24 dark
1143 3089 64 26 hest-

687 3140 60 26 nut,
787 3135 112 33 standing
957 3135 33 23 16
1042 3133 77 25 hands
1158 3133 64 32 high,

687 3180 56 26 with
750 3187 55 24 very
814 3181 106 30 superior
931 3179 86 27 action,
1029 3185 16 18 a
1059 3179 61 31 good
1138 3180 87 29 temper

689 3226 50 24 and
747 3226 22 22 is
778 3232 17 16 a
800 3224 114 31 splendid
920 3224 103 24 worker.

888 3283 95 24 Terms.

722 3328 59 27 Full
797 3328 179 33 guarantee.—
976 3327 47 24 £3.
1046 3325 105 33 payable
1164 3325 60 33 Sep-

689 3373 96 26 tember
814 3372 73 26 1897.
906 3387 5 6 -
947 3369 242 33 Ealf-guarantee—
1189 3370 35 24 £l

688 3417 104 35 payable
802 3415 62 27 Dec.
878 3416 74 25 1896.

723 3459 37 24 £1
791 3458 54 24 10s.
865 3455 106 33 payable
995 3454 73 26 when
1092 3453 45 27 the
1156 3460 70 19 mare

689 3513 87 26 proves
785 3506 29 24 m
824 3504 60 25 foal.
918 3503 95 26 Season
1013 3516 34 5 —
1047 3501 47 25 £2.
1118 3499 108 34 Payable

689 3549 137 27 December
835 3549 75 24 1896.

758 3633 72 30 W.J.
843 3631 158 27 JENKINS
1005 3631 66 25 Junr

890 3692 170 31 Waddington.

900 3854 28 31 (a
944 3852 71 33 card)

689 3920 144 33 MESSR
866 3918 231 33 JOHNSTON
1138 3917 88 30 AND

889 3992 137 31 MILLS.

852 4066 211 28 SOLICITORS.

692 4132 281 31 OHRISTCHURCH,
1002 4131 178 27 RANGIORA
1208 4132 20 24 &

884 4194 148 27 OXFORD.

725 4261 40 25 Mr
776 4260 127 27 Johnston
922 4261 51 25 will
989 4259 88 26 attend
1087 4258 96 27 Oxford
1193 4265 35 18 on

693 4290 77 30 Court
795 4293 61 32 days
878 4294 51 25 and
946 4293 59 26 Sale
1024 4293 61 33 days
1096 4291 51 26 and
1167 4299 60 24 may

691 4327 32 25 be
734 4326 129 27 consulted
886 4331 26 20 at
923 4327 41 24 Mr
980 4327 76 25 Lee's
1071 4332 57 19 new
1146 4324 80 30 Store,

692 4361 71 26 Main
773 4360 83 26 Street
868 4360 101 26 Oxford.
1164 4362 4 5 *

727 4413 167 29 Ghristcimrch
904 4414 105 32 Office—
1012 4413 120 33 Opposite
1142 4412 86 26 Union

692 4447 82 29 Bank,
785 4445 123 28 Hereford
920 4446 91 27 Street.

725 4504 125 30 Bangiora
868 4502 75 39 Office
944 4515 32 6 —
977 4501 64 26 Next
1058 4502 27 25 to
1096 4500 42 27 Mr
1157 4499 29 27 A.
1196 4500 30 25 P.

692 4538 115 26 Sutton's
821 4536 108 25 Auction
948 4534 89 27 Room.

129 215 78 25 LIST
230 214 45 24 OF
300 212 185 26 LICENSED.
504 211 163 27 AUCTION-

350 252 102 26 EERS.

195 320 160 26 DISTRICT
382 319 44 26 OF
450 318 151 28 OXFORD.

127 386 22 59 I
179 385 148 26 HEREBY
355 386 55 32 give
435 385 128 26 NOTICE
611 386 56 25 that

167 419 91 25 JOHN
276 418 150 31 INGRAM,
443 418 84 26 whose
541 418 125 26 residence

125 454 24 24 is
160 452 87 25 within
264 452 52 26 this
336 452 106 29 district,
459 451 47 26 has
523 452 63 26 been
606 452 58 32 duly

124 485 111 26 licensed
247 488 27 23 to
284 485 46 25 sell
350 485 32 32 by
400 485 99 25 auction
520 485 38 25 for
577 485 89 26 twelve

124 519 113 27 months,
254 521 28 23 to
292 518 31 26 be
333 518 133 32 computed
477 518 64 25 from
552 518 44 26 the
607 518 57 26 first

124 552 51 33 day
186 552 28 26 of
222 552 119 33 January,
355 552 74 25 1897.

191 618 113 26 JAMES
320 618 36 25 H.
375 616 146 30 SHARPE,

259 677 83 29 Clerk,
360 677 78 25 Local
450 677 143 32 Authority.

606 716 24 24 1.

329 809 5 10 \
668 806 2 24 j

222 851 72 26 DOG
326 851 267 26 REGISTRATION.

121 915 143 35 TtTOTIOE
281 918 21 24 is
319 917 92 33 hereby
429 919 74 31 given
520 920 54 23 that
594 918 65 32 Reg-

122 943 32 33 ll
178 951 114 31 ideation
320 951 64 27 Fees
400 951 38 25 for
466 952 70 31 Dogs
563 952 26 24 m
619 952 41 25 the

117 983 147 27 OXFORD
275 984 161 26 DISTRICT
446 984 63 26 have
520 985 61 25 been
590 985 66 26 fixed

122 1025 28 17 as
167 1018 95 25 follows
264 1032 33 5 —

157 1050 81 32 Sheep
250 1051 51 24 and
318 1050 84 25 Cattle
413 1050 69 34 Dogs
501 1059 27 16 as
539 1051 119 31 provided

121 1082 34 33 by
167 1084 94 24 section
272 1085 15 23 2
306 1083 28 24 of
351 1082 43 26 the
414 1083 57 31 Dog
491 1084 166 31 Registration

120 1117 48 25 Act
186 1119 64 23 1890
269 1118 37 24 2s.
318 1116 51 30 6d.,
388 1115 35 26 all
439 1117 70 26 other
525 1117 61 33 dogs
598 1121 60 29 upto

119 1151 67 24 31st.
198 1150 89 26 March
305 1152 64 23 1897
386 1152 37 23 Bs.
443 1150 62 26 after
525 1151 58 25 date
601 1152 54 24 10s.

186 1223 115 28 JAMES
313 1224 35 25 H.
367 1224 148 30 SHARPE,

284 1295 58 32 Dog
358 1295 130 32 Registrar

351 1355 94 25 Oxford
458 1355 71 25 Road
544 1355 111 26 District.

138 1397 24 24 1.
346 1411 3 12 ;
473 1420 13 3 ...
541 1420 2 2 .
565 1422 2 1 .
597 1397 2 2 '
642 1404 3 15 :
661 1396 2 3 '

219 1527 134 51 FOR
383 1531 173 47 SALE.

116 1621 83 42 TjiOß
211 1621 88 26 SALE
311 1621 87 32 cheap,
414 1629 17 17 a
443 1621 148 25 chaficutter

285 1727 82 32 Apply
378 1730 26 22 to
416 1726 43 26 the

317 1787 77 25 Office
405 1787 28 25 of
442 1787 49 25 this
503 1795 85 25 paper.

122 1929 140 27 OXFORD
279 1931 178 26 DRAMATIC
481 1930 165 27 COMPANY

119 1997 92 59 ANY
223 2006 90 24 person
325 1997 106 33 wishing
448 1999 27 24 to
485 1998 75 26 assist
574 1997 29 26 m
614 1997 43 27 the

177 2036 65 20 next
250 2031 129 25 Dramatic
400 2031 204 26 Entertainment
614 2039 44 18 are

118 2063 129 33 requested
260 2067 27 22 to
308 2064 62 25 send
389 2064 27 25 m
439 2064 66 26 their
522 2072 90 18 names
630 2067 27 23 to

116 2097 45 26 the
179 2097 170 26 MANAGER
366 2102 27 21 at
411 2105 71 18 once.

250 2173 41 25 W.
309 2173 32 26 V.
360 2173 143 30 WILSON,

402 2243 64 26 East
484 2237 125 32 Oxford.'

257 2364 263 46 NOTICE.

114 2462 34 26 W
149 2462 48 26 HE
227 2462 140 27 SUNDAY
393 2462 135 26 SCHOOL
558 2462 96 26 ANNI-

120 2488 23 34 -1
165 2497 163 26 VERSARY
339 2496 28 25 m
378 2497 147 25 connection
544 2497 61 26 with

358 2538 49 16 IHE
421 2552 3 2 .

114 2571 241 33 WESLEYAN
396 2571 258 34 METHODIST

287 2629 189 40 CHURCH,

219 2699 64 31 will
305 2698 74 32 take
392 2698 89 42 place
508 2709 41 21 on

184 2768 141 24 FRIDAY
337 2768 170 24 JANUABY
519 2767 71 25 24th.

148 2831 83 26 When
243 2831 45 26 the
294 2830 114 27 children
424 2831 51 26 will
488 2831 56 31 give
555 2838 15 18 a
585 2838 72 17 num-

114 2864 44 26 ber
175 2865 28 25 of
215 2862 143 29 recitations
376 2866 51 24 &c.
463 2864 150 33 Everybody
619 2864 39 26 in*

114 2898 81 27 vitedt

252 2970 273 33 WEDNESDAY

118 3041 131 32 following
262 3041 68 24 there
339 3039 50 26 will
401 3039 31 26 be
443 3040 44 25 the
498 3039 71 26 usual
580 3039 78 26 child-

353 3075 67 24 ren's

259 3161 70 25 After
356 3159 81 26 which
472 3168 16 17 a

198 3219 35 32 A
261 3217 191 34 PUBLIC
483 3217 103 33 TEA

351 3277 49 17 AND

122 3314 532 42 ENTERTAINMENT

186 3377 27 22 at
231 3373 44 26 the
298 3373 137 26 CHAPEL

319 3417 98 27 WEST
435 3417 150 28 OXEORD.

139 3862 237 63 THOMAS
431 3861 211 61 BROWN

283 3960 214 28 BOOTMAKER

225 4022 118 25 west
387 4015 176 53 VymmP-

124 4135 106 60 BEGS
247 4137 26 24 to
289 4134 93 26 inform
402 4133 43 25 the
460 4130 154 27 inhabitants
635 4130 29 26 of

181 4169 43 25 the
235 4169 97 25 district
342 4168 56 25 that
409 4167 33 25 he
454 4165 49 26 has
513 4165 77 25 taken
607 4172 58 17 over

125 4204 45 25 the
180 4202 110 26 business
299 4200 160 31 successfully
475 4198 95 26 carried
582 4205 33 17 on
631 4194 32 35 by

125 4236 41 25 bis
174 4244 46 17 son
230 4236 38 25 for
280 4236 31 24 10
322 4242 80 25 years,
412 4233 51 25 and
474 4232 88 31 hopes,
579 4230 34 32 by
622 4231 41 24 the

125 4269 106 32 sending
241 4269 44 25 out
295 4268 28 26 of
330 4266 64 34 good
412 4265 77 31 work,
509 4268 27 22 to
554 4265 76 25 merit
649 4271 15 17 a

125 4303 75 25 share
210 4302 28 25 of
246 4301 83 33 public
338 4302 111 32 support.

168 4343 113 40 Owing
294 4346 34 28 to
341 4352 41 21 an
395 4349 108 23 excess
518 4341 32 30 of
563 4337 100 37 stock,

127 4395 91 32 many
231 4384 77 31 lines
322 4384 65 31 will
400 4384 38 30 be
452 4382 69 32 sold
534 4379 129 42 regard-

128 4435 60 20 less
202 4426 33 29 of
252 4426 104 39 profit;

160 4471 108 27 BOOTS
295 4472 69 26 AND
393 4471 113 28 SHOES
534 4469 72 27 made
635 4469 25 25 to

126 4504 72 27 oider
209 4507 25 24 at
246 4505 141 25 reasonable
403 4505 89 32 prices.

159 4547 102 30 liipairs
264 4548 117 29 promptly
396 4547 51 25 and
454 4546 80 31 neatly
542 4542 119 29 executed.
