3462 4579
31 165 60 19 cans
103 157 48 25 and
162 156 43 24 tbe
221 156 78 31 police,
310 162 42 18 are
374 163 58 23 very
444 157 75 23 much
536 159 24 23 to

31 202 90 24 blame.
166 200 53 24 The
232 202 90 22 former
334 200 37 24 for
383 200 120 31 breaking
519 201 41 25 the

31 245 53 29 law,
103 243 49 25 and
163 243 43 25 the
217 243 74 25 latter
310 242 34 25 for
362 244 45 24 not
427 243 133 34 punishing

31 288 68 25 them
111 288 72 24 when
195 287 20 24 it
227 294 48 17 was
293 287 98 24 broken.

31 424 77 27 HOW
127 424 42 25 TO
188 417 71 32 GET
275 423 87 25 RICH
386 423 38 25 IN
442 424 116 25 THREE

231 463 124 22 RULES.

160 531 47 33 (By
224 531 99 24 Bolton
335 530 93 32 H\ll.)

59 578 66 28 Keep
148 577 97 23 Eonest.
288 574 66 24 That
365 574 22 24 is
407 574 57 24 how
478 574 82 25 Gould

27 619 49 24 and
89 619 151 25 RosKofeller
258 619 68 23 made
346 618 65 24 their
430 623 69 26 great
512 618 46 24 for-

28 661 80 26 tunes,
129 659 57 25 with
207 658 79 25 which
299 658 58 30 they
369 658 116 25 endowed
500 658 60 24 such

25 700 113 31 splendid
150 699 155 24 universities
318 699 50 23 and
380 702 127 21 actresses.

59 741 64 31 Keep
135 741 114 30 icorking.
284 739 26 23 If
320 741 67 22 there
406 739 21 24 is
437 747 33 16 no
482 739 75 28 work,

24 787 72 16 never
107 787 49 23 you
166 779 68 23 mmd
238 793 28 3 —
269 778 58 27 keep
350 778 64 32 right
432 787 32 16 on
475 779 85 31 voting

24 818 37 24 for
73 817 78 24 sound
163 824 89 24 money
264 817 49 23 and
323 816 149 26 Protection.
491 817 66 25 That

24 856 20 22 is
56 856 56 22 how
125 856 132 29 Carneghie
275 856 66 23 does.

57 894 63 30 Beep
133 898 39 19 out
184 895 30 29 of
230 894 62 23 debt.
328 893 61 24 This
408 893 21 24 is
447 895 44 22 not
503 900 55 16 new

23 931 90 25 advice.
155 931 45 25 It's
224 931 63 31 good
313 931 105 31 though.
463 931 25 24 If
500 948 3 4 •
511 939 46 23 you

23 973 100 23 liave'nfc
135 980 48 23 any
203 980 86 23 money
304 974 25 21 to
349 979 47 24 par
409 979 62 23 your
483 971 75 25 board

24 1011 42 23 bill
90 1010 48 24 this
156 1011 75 28 week,
257 1010 67 23 don't
347 1013 40 20 eat
410 1010 66 23 until
499 1013 59 21 next

23 1051 73 24 week.
132 1051 60 24 This
212 1051 21 24 is
250 1051 54 24 how
316 1049 65 33 Billy
402 1051 75 23 Astor
488 1049 69 26 does.

23 1089 55 24 And
92 1089 40 24 the
145 1098 53 15 sum
210 1089 27 23 of
254 1089 68 23 them
335 1089 34 24 all
385 1089 21 23 is
409 1103 31 3 —
441 1090 67 31 Keep
522 1089 35 24 the

15 1131 60 30 fear
87 1130 30 30 of
125 1129 37 24 ths
174 1130 66 23 Lord
251 1128 27 24 m
290 1136 63 23 your
364 1128 81 24 heart.

36 1175 4 4 ■
56 1167 24 24 If
88 1174 48 24 you
148 1170 40 28 get
200 1167 51 24 rich
264 1174 26 17 as
302 1167 68 24 th.se
381 1174 54 17 int-n
447 1167 50 28 did,
510 1175 47 22 you

22 1206 47 24 will
80 1206 62 23 have
153 1205 63 32 good
229 1213 72 16 cause
322 1207 24 23 t^
358 1204 52 25 fear
425 1206 41 24 the
479 1206 76 24 Lord.

36 1341 109 23 BUILD
167 1341 45 23 UP
232 1340 46 24 TO
297 1340 154 24 HEAVEN
464 1340 75 23 AND

102 1380 63 25 DIG
183 1379 109 25 DOWN
303 1380 43 24 TO
364 1380 106 23 HELL.

193 1437 4 7 .
224 1421 124 23 Forward.
448 1421 40 23 '''.

52 1487 35 23 As
99 1486 146 25 civilisation
263 1494 146 23 progresses,
428 1485 19 25 it
471 1493 79 17 seems

19 1533 28 16 as
60 1526 18 22 if
89 1524 116 24 mankind
223 1524 65 24 were'
305 1526 76 29 going
398 1527 25 21 to
435 1527 79 22 revert
526 1530 26 18 to

19 1566 43 23 the
75 1566 68 24 habit
155 1566 26 23 of
191 1565 115 31 dwelling
318 1565 182 31 underground.
519 1564 31 24 In

19 1606 42 24 the
78 1606 162 32 Engineering
265 1607 127 29 Magazine
414 1605 38 25 for
482 1604 70 32 Sept-

19 1647 90 27 ember,
140 1646 39 23 Mr
200 1646 95 24 Parson
321 1647 81 23 writes
426 1654 32 16 on

19 1685 181 31 Underground
221 1686 162 31 Topography
395 1685 27 25 of
440 1694 14 16 a

19 1726 46 24 His
80 1734 75 23 paper
165 1726 21 24 is
203 1726 102 25 devoted
317 1728 26 22 to
355 1726 42 25 the
414 1726 137 32 possibility

19 1765 48 24 and
78 1765 63 24 need
153 1766 24 23 of
195 1765 113 32 utilising
320 1766 43 24 the
375 1765 175 25 sub-surfaces.

19 1804 54 24 The
192 1804 27 24 of
241 1805 114 31 building
380 1804 172 31 sky-scraping

19 1844 94 26 edifices
125 1844 294 26 hasbeeutodirnctmorc
429 1844 121 25 attention

19 1888 24 20 to
72 1884 40 23 the
136 1882 139 32 possibility
298 1884 27 24 of
351 1882 114 32 utilising
489 1882 63 25 their

19 1922 138 24 basements
168 1933 6 17 ;
193 1922 77 24 hence
280 1923 41 23 the
337 1922 115 28 elevator,
470 1922 80 23 which

19 1968 48 16 was
80 1961 115 24 invented
207 1963 24 21 to
243 1968 92 23 convey
351 1968 59 16 man
428 1968 90 15 nearer
526 1961 25 22 to

19 2000 40 23 the
71 1999 51 30 sky,
134 2000 61 25 .has,
209 2000 59 25 been
292 1999 44 24 the
356 2001 65 22 most
445 1998 106 24 efficient

19 2036 148 25 instrument
175 2036 25 24 m
219 2036 115 32 enabling
344 2036 53 25 him
410 2038 27 23 to
456 2036 93 24 burrow

19 2077 178 31 nnderground.
244 2077 56 24 Two
321 2077 86 25 stories
428 2085 42 17 are
482 2077 69 30 quite

19 2125 111 16 common
143 2117 24 24 m
178 2117 42 24 the
233 2117 127 25 basement
371 2117 27 24 m
410 2117 60 25 New
483 2117 65 24 York

19 2159 45 23 and
79 2157 116 32 Chicago,
208 2158 48 24 and
268 2158 57 31 they
337 2166 41 17 are
391 2166 53 16 no\v
454 2158 98 30 talking

19 2198 25 22 of
63 2197 78 23 three.
177 2197 60 23 This
258 2197 22 24 is
292 2197 42 24 tho
346 2197 77 24 result
444 2205 14 17 o
460 2198 9 17 f
480 2196 70 25 land-

19 2238 160 29 speculation.
215 2238 22 23 A
256 2237 51 25 stiff
318 2242 52 20 rate
383 2245 33 17 on
428 2237 122 31 unimpro-

19 2277 44 24 ved
74 2277 59 23 land
144 2278 85 23 values
251 2277 83 24 would
363 2286 58 15 soon
447 2277 68 24 work
538 2286 12 14 a

19 2324 99 19 cure,—
119 2316 97 31 People.
264 2315 58 25 Just
344 2324 37 16 so.
417 2315 53 27 The
492 2315 60 25 land

148 2354 76 24 claim
233 2356 35 22 ..to
278 2362 75 20 o\vd,
372 2356 42 22 not
438 2356 58 29 only
509 2354 42 24 the

19 2394 93 24 surface
124 2394 25 24 of
161 2394 44 24 the
216 2393 66 29 land,
300 2394 46 24 but
357 2394 64 24 from
432 2394 43 24 the
496 2401 54 17 cen-

19 2432 26 24 of
54 2432 42 23 the
109 2432 70 24 earth
193 2435 25 20 to
231 2432 42 24 the
281 2432 93 28 zenith,
393 2440 35 20 or,
447 2440 26 15 as
499 2432 21 23 it
526 2432 25 24 is

19 2479 66 17 more
96 2471 113 31 vulgarly
217 2471 106 31 phrased
424 2472 64 24 from
500 2470 51 26 hell

19 2519 31 23 up
71 2514 25 21 to
270 2510 50 25 and
342 2512 41 23 the
407 2514 67 21 rents
493 2510 58 32 they

19 2550 87 32 charge
118 2552 26 23 m
154 2551 41 31 big
207 2551 70 24 cities
289 2551 48 24 like
349 2551 60 24 New
424 2550 69 25 l'ork
502 2551 50 24 and

19 2589 105 31 Chicago
148 2597 41 16 are
226 2598 26 15 so
287 2590 124 23 excessive
434 2589 57 24 that
510 2590 41 23 the

19 2631 99 22 tenants
138 2629 62 22 have
211 2631 26 20 to
415 2630 26 22 to
457 2629 94 22 heaven

19 2666 49 24 and
80 2666 42 31 dig
133 2667 72 24 down
222 2670 25 23 to
258 2666 67 24 hell
341 2666 33 24 'm
386 2666 70 25 order
468 2669 26 21 to
506 2674 46 24 pay

19 2706 74 24 them.
106 2712 2 2 '
195 2715 6 16 i
211 2713 15 18 .;■•
242 2714 42 16 .'..■,-,'
372 2709 2 3 '
390 2712 1 3 '
504 2730 2 1 .

102 2837 68 24 OLD
196 2837 70 25 AGE
292 2836 179 26 PENSIONS.

50 2954 89 24 Forms
162 2953 28 24 of
210 2952 148 32 application
388 2952 38 25 for
452 2952 103 32 pension

19 2998 145 25 certificates
181 2997 80 24 under
280 2996 44 24 the
344 2996 169 31 Eegistration
532 2996 27 24 of

19 3042 101 30 Peoples
132 3041 94 24 Claims
238 3041 58 28 Act,
311 3041 74 27 1896,
399 3039 52 25 will
463 3039 93 32 shortly

19 3087 28 22 be
64 3084 91 28 issued,
174 3083 49 24 and
245 3091 37 16 we
301 3083 85 24 advise
409 3082 32 24 all
461 3083 26 23 m
506 3082 51 25 this

19 3123 96 24 district
132 3122 99 32 eligible
256 3123 25 24 to
304 3123 26 23 to
351 3121 85 25 obtain
461 3129 15 16 a
496 3121 60 24 form

20 3169 49 25 and
88 3168 98 25 furnish
209 3168 43 24 the
277 3167 164 25 information
464 3167 91 31 requir-

21 3210 38 23 ed.

1108 16 173 33 OXFORD
1326 17 226 33 OBbF.RVER
1567 17 240 37 SATURDAY,
1823 16 202 34 JANUARY
2067 19 31 34 9,
2137 16 90 32 1597.

2900 4300 119 29 Printed,
3036 4304 49 28 and
3112 4303 133 34 published
3286 4303 34 34 by
3365 4306 70 26 Axel

2933 4346 119 31 Ekltjkd,
3076 4348 40 26 for
3136 4349 91 26 Lmjba
3245 4350 73 27 Anne
3335 4351 94 28 Pabibh

2933 4393 28 24 at
2976 4391 46 27 her
3044 4393 144 33 Registered
3209 4395 119 37 Printing
3349 4390 90 39 Office*

2937 4435 73 32 High
3023 4436 89 29 Street,
3130 4436 66 27 East
3216 4440 103 33 Oxford,
3332 4440 94 31 Oanter

2936 4476 72 35 bury.

2944 4521 131 31 Satfedat
3109 4523 121 30 Jamvabt
3259 4529 25 27 9.
3332 4532 65 26 1997

2928 170 260 46 WALTEE
3249 172 178 44 RYDE.

3015 262 118 21 TIMBER
3159 262 170 23 MERCHANT

2988 305 119 32 WEST
3179 306 184 33 OXFORD.

2963 499 423 51 EUCALYPTUS

3087 577 78 4 —
3165 573 33 13 ♦—
3198 579 6 2 -
3204 579 52 4 —

2959 596 60 21 THE
3036 598 71 20 BEST
3123 599 87 23 HOME
3225 601 140 22 EEMEDIE

3018 636 35 14 are
3068 630 36 20 the
3113 633 135 24 preparation
3258 634 25 21 of
3291 633 35 20 the
3359 651 3 3 .

2904 663 168 25 TASMANIAN
3090 668 185 23 EUCALYPTUS
3290 671 47 21 OIL
3351 672 82 22 COME.

2931 703 134 27 Universally
3075 706 104 21 admitted
3187 707 37 21 the
3232 708 79 25 BEST,
3323 710 114 20 PUREST

2902 740 44 20 and
2956 744 56 16 most
3022 743 92 19 effective
3125 743 134 26 Eucalyptus
3281 746 104 21 Globulus
3401 747 37 20 Oil

2902 771 33 20 for
2957 771 168 27 INFLUENZA,
3133 775 104 25 ..Coughs,
3257 777 63 20 Colds
3345 779 42 19 and
3405 779 31 20 ait

2902 802 65 21 Chest
2984 803 43 20 aud
3036 805 61 25 Lung
3114 805 111 21 affections
3239 808 77 25 speedy
3325 809 59 21 relief
3394 811 43 20 and

2902 834 56 22 Cure
2976 835 33 20 for
3025 835 155 28 Rheumatism,
3201 839 121 27 Neuralgia,
3337 831 105 34 Sprains^
3441 837 2 17 1

2901 861 72 22 Burns
2993 863 34 20 &c.
3173 866 10 15 .'

2929 895 132 25 Eucalyptus
3080 897 109 21 Globu'.ua-
3202 899 91 22 Extract
3302 904 88 23 sprayed
3405 904 31 19 in-

2903 925 63 22 haled
2981 927 43 20 and
3038 929 65 20 taken
3112 929 117 28 internally
3245 932 34 20 for
3293 933 36 21 the
3347 935 86 27 'Jhroa.t,

2902 964 97 26 Catarrh,
3017 965 57 26 Hay,
3099 967 97 25 Typhoid
3213 970 42 20 and
3269 971 81 21 Scarlet
3361 974 75 21 Fevers

2902 997 129 21 MEASLES
3042 999 37 20 the
3085 1002 54 17 irost
3149 1001 136 26 satisfactory
3293 1007 143 21 preventative

2901 1028 44 20 and
2959 1028 60 21 Cure.
3047 1031 57 20 Send
3117 1031 50 20 Post
3183 1033 55 19 Card
3249 1038 21 16 to
3281 1035 35 19 the
3326 1035 63 21 Office
3403 1038 33 19 for

2901 1058 229 30 Circular/describing
3149 1066 120 20 treatment.
3297 1067 139 27 Eucalyptus^

2900 1093 112 22 Ointment
3022 1096 35 21 the
3068 1097 69 25 Magic
3146 1099 78 19 Healer
3238 1100 22 19 of
3274 1101 70 23 Sores,
3358 1103 77 24 Burns,

2901 1125 102 25 Wounds,
3018 1127 61 20 Boils
3097 1129 45 21 &c.
3165 1130 85 25 Eoci'ily
3251 1133 48 24 plus
3319 1132 56 27 Soap
3390 1134 43 20 I'm

2899 1158 64 24 grant
2972 1158 44 20 and
3024 1160 125 26 refreshing,
3173 1157 134 31 Eucalyptus
3314 1164 89 26 Jujubes
3413 1172 24 14 or

2899 1188 102 22 Pastilles
3011 1191 34 20 for
3055 1191 35 21 the
3097 1197 9 16 v
3116 1193 80 21 Throat
3205 1194 116 25 aii&Yoice
3338 1203 27 13 an
3380 1198 54 20 anti-

2900 1222 67 25 septic
2977 1222 42 20 and
3030 1223 120 22 stimulant.

2900 1254 134 27 Veterinary^
3042 1258 36 19 Oil
3088 1258 205 24 and-OintmejitSor
3304 1261 35 21 the
3346 1263 89 21 >taWes.

2928 1289 30 20 Be
2967 1296 50 14 sure
3025 1296 44 19 you
3078 1292 109 21 Purchase
3202 1293 37 20 the
3250 1294 103 26 Platypus
3371 1296 68 22 brand-

2900 1321 51 26 only
2960 1322 23 20 of
2990 1322 29 21 all
3024 1324 118 26 -Chemists,
3147 1325 88 21 Grocers
3242 1327 43 20 and
3292 1327 144 28 Storekeepers

2900 1354 44 20 and
2956 1356 23 18 at
2993 1355 37 20 the
3041 1357 64 19 Office
3114 1358 12 20 9
3136 1357 114 22 Cathedral
3260 1365 75 19 square
3345 1360 91 22 between

2898 1386 101 20 Morten's
3013 1388 113 26 Buildings
3135 1390 41 19 and
3187 1390 41 22 the,
3232 1391 52 20 Post
3294 1392 69 20 Office.

3013 1440 3 2 .
3063 1423 88 21 Oxford
3162 1424 79 27 Agent
3300 1440 3 6 :
3316 1442 3 2 .
3375 1428 5 3 '

2952 1457 26 22 R,
2989 1458 29 21 H.
3033 1456 120 31 PARISH,
3177 1461 76 24 EAST
3267 1463 123 25 OXFORD.
3432 1479 2 1 ■

2978 1496 142 29 Encalyptus
3130 1488 39 32 Oii
3182 1499 31 28 1/-
3225 1507 42 20 per
3273 1501 79 22 'bottle.

3139 1614 1 2 •
3154 1595 10 14 '■
3189 1609 1 2 •
3353 1600 7 11 '■
3378 1599 3 4 '
3391 1614 2 3 ■
3416 1595 23 19 ''•

2991 1703 118 40 FRED
3152 1706 190 40 PIJLLEE.

3027 1759 3 3 '
3086 1762 166 25 SOLICITOR.

2940 1801 13 20 9
2963 1800 123 22 Cathedral
3097 1802 92 26 Square,
3205 1804 189 21 Chkistchuech.

2900 1833 117 27 (Between
3024 1835 111 21 -Morten's
3145 1835 116 29 buildings
3271 1838 18 20 &
3299 1839 55 21 Post
3361 1839 67 21 Office

2939 1912 189 57 Money
3156 1915 54 43 to
3247 1912 146 48 liend

2898 1985 30 14 on
2938 1980 33 19 all
2979 1979 58 20 kind
3046 1980 25 20 of
3081 1980 113 27 Security,
3203 1981 26 20 at
3248 1981 56 21 Low
3318 1983 78 20 Rates
3414 1983 24 21 of

2925 2023 107 21 Interest:
3062 2024 89 26 Special
3163 2026 79 20 Terms
3253 2026 34 20 for
3296 2027 110 20 Farmers.
3412 2044 11 5 ...

2900 2178 28 40 $
2958 2175 476 54 MAHKINBirtBMPASY

3098 2266 138 22 LIMITED.

2930 2322 268 29 GHRISTGHURCH
3218 2325 195 27 BEEWEIIY.,

3032 2402 3 2 .
3051 2392 8 14 .'
3060 2401 4 9 :
3128 2385 62 21 THE
3227 2407 4 2 .

3031 2468 130 21 BREWED
3172 2469 40 20 BY
3225 2469 72 21 THIS

2902 2494 456 60 ''■'.COMBA^Y

3089 2562 84 21 FROM
3179 2562 87 25 THE..

2900 2605 60 42 Ctf
2962 2604 159 39 OIO£BT
3133 2604 137 42 W^-tf
3272 2601 32 47 'I

2975 2674 2 2 .
3013 2656 45 22 Are
3068 2657 174 27 acknowledged
3251 2658 25 21 to
3284 2658 28 21 be

2898 2696 147 21 SUPERIOR
3054 2697 36 21 IN
3100 2696 137 24 QUALITY
3247 2697 38 21 TO
3292 2694 142 25 ANY*PRO-

2891 2745 4 7 '
2944 2728 7 5 '
2965 2738 101 21 DUCED
3079 2738 36 20 IN
3128 2738 75 21 NEW
3217 2738 149 21 ZEALAND.
3398 2744 15 22 _.;•

2926 2775 108 27 Supplied
3039 2777 25 20 to
3067 2776 82 20 Hotels
3154 2776 46 20 and
3207 2776 93 21 Private
3306 2776 129 21 Customers,

2898 2804 30 25 m,
2931 2803 143 27 Hogsheads,
3084 2804 92 20 Barrels
3178 2819 5 10 ,
3194 2803 140 24 Kilderkins,
3344 2803 45 20 and
3399 2804 35 19 10-

2899 2832 88 26 --gallons
2997 2831 61 27 Kegs
3069 2831 60 27 only.
3147 2848 3 3 .
3179 2844 15 9 .

2890 2878 38 48 f
2928 2883 90 43 ALE
3041 2884 89 41 ALE
3145 2869 103 56 XnD
3278 2884 156 42 EXTRA

2984 2989 92 21 Bottled
3093 2989 30 20 .m
3132 2989 90 26 Quarts,
3227 2989 47 20 and
3281 2989 71 20 Pints.

2900 3552 250 47 JOSEPH
3192 3552 241 49 LOUGH.

3043 3630 245 26 UNDERTAKER.

3011 3675 109 30 EAST
3145 3674 184 32 OXFORD.
3364 3659 8 8 '

2932 3727 103 31 Having
3038 3726 55 32 just
3102 3726 124 32 imported
3234 3727 66 32 from
3300 3727 133 32 England.

2891 3778 63 27 _new
2975 3770 118 32 Designs,
3127 3778 55 17 new
3210 3770 151 33 Trimmings
3384 3771 50 25 and

2898 3813 89 30 Robes,
2999 3813 23 24 is
3031 3813 118 31 prepared
3159 3815 27 23 to
3195 3813 107 25 conduct
3310 3813 124 26 Funerals

2900 3853 97 30 Adults,
3016 3855 26 22 at
3055 3853 46 24 £5.
3114 3852 51 25 and
3175 3853 124 31 upwards,
3322 3853 113 32 polished

2898 3897 81 28 coffin,
3003 3896 49 25 and
3083 3896 193 26 silvennounted
3299 3897 135 26 Furniture

2899 3940 77 25 From
2988 3940 47 25 £8.
3053 3939 131 33 according
3194 3942 28 23 to
3244 3940 116 32 Designs.
3394 3941 40 26 No

2899 3986 70 22 extra
2980 3984 88 32 charge
3079 3984 40 24 for
3130 3984 96 24 Hearse
3249 3992 29 18 or
3296 3992 64 25 open
3376 3985 58 25 Car-

2898 4027 76 33 riage.
3169 4048 4 5 .

2932 4072 33 25 N.
2993 4071 32 25 B.
3054 4071 93 26 Coffins
3170 4071 58 33 kept
3249 4072 28 25 m
3306 4072 69 27 stock
3396 4072 39 27 for

2901 4133 88 31 urgent
3008 4139 77 18 cases.
3209 4155 4 3 .

2394 181 45 54 S.
2472 182 51 44 B.
2545 181 305 53 SEYMOUR,

2543 248 138 27 DENTIST,

2383 293 42 21 2ID
2441 290 105 21 Colombo
2561 290 82 23 Street,
2665 290 167 22 Christchurch.

2511 363 178 22 CHARGES:—

2410 405 93 26 Filling,
2518 405 23 19 5&
2550 412 7 16 ;
2592 404 132 22 Extraction
2734 407 25 19 2s
2773 405 36 21 6d.

2366 469 96 21 Nitrous
2473 469 60 20 Oxid
2542 468 47 21 Gas
2599 469 169 22 Administered
2773 470 37 20 for
2817 471 57 21 Pain

2340 510 46 20 less
2396 510 134 20 Extraction
2540 509 23 21 of
2572 509 80 21 Teeth.
2686 511 45 21 Fee
2740 511 37 21 for
2785 511 92 21 Admin-

2338 548 111 21 istration
2460 548 31 20 ss.

2439 901 213 29 Established
2679 902 78 29 1862

2385 967 124 29 FLOUR,
2521 968 56 24 best
2587 967 81 26 brand
2679 968 59 33 only
2749 969 68 31 kept.

2335 1009 145 29 SHARPS,
2517 1011 205 29 OATMEAL,
2758 1011 110 25 BRAN

2426 1053 291 31 CHICKENWHEAT,
2736 1056 42 25 &c.
2806 1080 2 2 .

2374 1098 42 19 AT
2444 1098 124 20 LOWEST
2597 1098 143 22 CURRENT
2774 1099 98 20 BATES

2357 1294 117 31 iihhr
2490 1294 82 31 kusL
2593 1294 81 31 Isth
2703 1294 144 32 Wlifm,.

2335 1392 178 26 VTERVOUS
2534 1392 71 25 AND
2623 1392 246 30 DEBILITATED,

2336 1419 31 31 li
2379 1441 4 4 •
2393 1427 64 27 who,
2469 1426 111 32 through
2590 1426 61 32 folly
2670 1426 49 23 and
2730 1427 139 30 ignorance,

2335 1459 64 25 have
2410 1459 80 25 trifled
2502 1466 68 25 away
2583 1459 62 25 their
2655 1459 97 32 vigour;
2762 1459 30 25 of.
2796 1459 73 32 body,

2335 1492 78 30 mind,
2426 1492 50 25 and
2488 1492 134 29 manhood,
2636 1492 101 32 causing
2754 1492 115 25 exhaust-

2335 1526 44 31 ing
2396 1525 82 25 drains
2490 1534 67 23 upon
2568 1526 43 24 the
2634 1525 127 25 fountains
2782 1526 26 24 of
2818 1525 49 30 life,

2336 1559 63 24 Loss
2406 1559 26 24 of
2441 1559 101 32 Energy
2552 1559 49 24 and
2611 1559 127 31 Strength,
2751 1559 119 32 Timidity

2335 1592 170 27 Bashfulness.
2533 1592 28 24 m
2596 1592 106 31 Society,
2726 1592 151 29 Headache,,

2335 1625 135 30 Backache,
2490 1625 178 29 Nervousness,
2691 1625 136 25 Weakness
2844 1625 28 25 of

2336 1659 121 30 Memory,
2469 1658 115 24 Restless'
2590 1658 81 31 Sleep,
2681 1658 115 28 Dreams,
2806 1658 64 25 Loss

2336 1691 74 25 Flesh
2423 1691 51 24 and
2485 1691 79 24 Vital-
2573 1690 80 25 Powe>
2653 1699 5 6 #
2660 1710 5 9 ,
2689 1690 136 32 Eruptions
2838 1699 32 16 on

2335 1725 43 24 the
2388 1725 62 24 Face
2462 1724 50 25 and
2523 1724 80 31 Body,
2615 1724 80 25 Want;
2714 1724 28 25 of
2751 1724 118 32 Deyelop-

2335 1762 78 25 ment,
2434 1758 116 25 Varicose
2565 1757 84 29 Veins,
2672 1758 142 32 Incapacity
2832 1758 39 25 for

2328 1792 119 29 jbusiness
2458 1799 28 17 or
2497 1792 126 30 pleasure,.
2631 1791 237 32 Urihary'-Diseases,

2335 1825 50 24 and
2404 1825 34 24 all
2460 1825 44 23 the
2528 1824 83 24 effects
2634 1824 115 32 leading''
2754 1828 26 21 to
2802 1825 67 31 eariy

2335 1858 83 31 decay,
2442 1857 114 32 perhaps.
2570 1857 182 31 Consumption
2769 1865 35 17 -or
2826 1857 42 24 In-

2335 1891 91 30 sanity,
2439 1899 46 16 can
2510 1891 29 24 be
2551 1890 115 25 obtained
2677 1890 32 31 by
2716 1889 155 33 ..consulting

2332 1924 140 25 ■uersonallv
2491 1932 28 16 or
2528 1924 29 31 by
2570 1926 63 29 post,
2669 1923 92 25 FREE
2771 1923 83 27 PROP
2863 1932 5 6 •

2335 1957 177 29 NOTMANN,
2542 1957 80 28 M.E.,
2630 1952 113 34 E.M:®:,
2758 1954 29 15 '••'■■■
2797 1955 72 26 Cam-

2335 1990 85 32 bridge
2432 1991 110 28 Terrace,
2566 1990 111 31 opposite
2690 1993 5 19 i
2700 1989 117 25 Colombo
2831 1990 38 24 St.
2868 2000 3 6 ;

2335 2024 99 30 Bridge,
2463 2023 188 24 Christchurch.
2655 2040 19 6 .,.
2713 2023 79 25 The.
2810 2024 60 28 only.

2333 2056 228 25 Electrobotanical
2590 2055 96 32 Expert
2700 2076 3 6 ,
2719 2056 151 32 advertising

2335 2091 54 23 who
2401 2090 51 25 will
2464 2088 135 32 guarantee
2617 2098 15 16 a
2649 2089 125 31 thorough
2802 2097 67 17 cure.

2336 2124 58 25 Sole
2410 2124 135 30 proprieior
2556 2146 4 3 .
2573 2122 51 25 and
2640 2125 113 29 patentee
2782 2120 93 28 of.tlie-

2335 2157 58 31 only
2416 2156 150 32 guaranteed
2589 2155 109 25 Electric
2720 2155 70 26 Belts
2821 2156 50 24 and
2876 2157 2 23 I

2335 2190 71 24 other
2418 2189 90 32 special
2531 2189 126 25 electrical
2679 2189 141 31 appliances
2843 2190 28 23 m

2335 2223 42 25 the
2385 2223 115 24 colonies.
2535 2221 99 25 Ladies'
2646 2223 97 23 French
2752 2218 117 29 li6rbace-

2335 2264 43 17 ous
2389 2256 58 30 pills
2467 2256 39 24 for
2533 2255 177 31 irregularities
2732 2256 65 23 from
2820 2263 49 24 any

2335 2291 80 28 cause)
2441 2290 42 22 10s
2505 2288 96 30 posted.
2635 2287 145 32 Pamphlets
2807 2288 61 25 free.

2335 2322 169 25 Testimonial:
2505 2336 33 4 —
2539 2321 99 32 Napier,
2648 2322 97 30 August
2752 2321 45 27 7th
2803 2324 64 23 185)5

2333 2355 66 24 Prof.
2410 2355 132 24 Notrnann.
2544 2369 33 4 —
2577 2355 67 24 Dear
2655 2354 47 29 Sir,
2705 2369 30 4 —
2737 2355 14 23 I
2760 2356 107 24 received

2334 2397 60 23 your
2400 2388 74 25 letter
2483 2388 48 25 iast
2544 2387 74 29 week,
2637 2387 49 25 and
2698 2387 14 24 I
2728 2395 41 17 am
2778 2388 89 27 thank-

2333 2421 38 25 ful
2393 2425 27 21 to
2441 2421 54 24 find
2517 2429 49 24 you
2578 2428 42 17 are
2631 2421 104 25 anxious
2752 2423 26 23 to
2798 2421 71 26 know

2336 2454 42 25 the
2390 2454 106 25 benefits
2514 2454 12 24 1
2538 2454 64 24 have
2613 2454 99 25 derived
2731 2454 60 24 frouj
2792 2479 4 5 ;
2809 2458 60 28 yon'r

2335 2489 62 23 treat
2402 2490 75 22 meut.
2514 2483 48 29 biri
2590 2487 21 23 it
2638 2487 67 31 gives
2733 2495 40 16 me
2801 2491 68 28 great

2335 2520 113 31 pleasure
2461 2522 25 21 to
2497 2520 92 23 inform
2601 2527 48 23 you
2658 2519 56 24 that
2723 2527 15 16 a
2750 2520 119 31 complete

2335 2553 50 24 and
2396 2553 92 30 perfect
2500 2560 58 16 cure
2569 2552 47 24 has
2635 2552 62 24 been
2719 2552 103 25 effected,
2844 2554 25 23 of

2335 2587 43 24 the
2389 2586 118 25 maladies
2518 2586 14 24 I
2550 2585 157 32 complained
2727 2586 25 25 of
2763 2588 27 22 to
2811 2594 57 24 you.

2335 2620 14 24 I
2360 2627 41 17 am
2413 2619 115 32 enjoying
2539 2619 64 30 good
2620 2617 92 29 health,
2725 2620 49 24 and
2784 2627 41 17 am
2834 2628 35 17 re-

2335 2653 83 24 stored
2437 2655 26 22 to
2483 2653 86 31 manly
2591 2651 95 32 vigour.
2722 2652 57 25 P.S.
2781 2667 32 3 —
2816 2653 54 31 Any

2335 2686 102 25 sufferer
2445 2686 111 24 desirous
2564 2685 26 24 of
2596 2685 209 33 communicating
2809 2686 61 25 with

2335 2728 40 16 me
2383 2728 49 22 you
2445 2726 41 17 are
2498 2721 27 22 at
2541 2718 89 32 liberty
2653 2721 26 22 to
2699 2719 55 31 give
2774 2728 42 22 my
2828 2721 41 23 ad-

2335 2754 75 28 dress,
2423 2752 37 25 for
2471 2752 14 24 I
2502 2752 48 24 like
2561 2760 60 23 your
2637 2752 119 31 practical
2768 2753 103 25 method

2335 2787 25 24 of
2371 2787 143 24 treatment.
2517 2800 30 3 —
2550 2785 29 24 T.
2594 2785 28 24 C.
2637 2786 116 24 Simpson.

2425 2992 53 46 F.
2510 2989 261 55 B.LANE.

2441 3138 91 42 (Late
2547 3138 39 30 E.
2606 3136 160 41 Butcher.)

2337 3199 262 35 Watchmaker,.
2618 3198 184 34 Jeweller,
2818 3197 53 30 &c.

2335 3250 124 32 Importer
2493 3250 27 24 of
2559 3248 108 26 Musical
2688 3258 6 17 \
2702 3247 175 26 lnstruments.

2434 3288 112 25 Victoria
2567 3287 39 25 St.
2636 3286 135 31 Rangiora.
2825 3297 6 14 :■

2337 3368 100 32 Special
2448 3368 71 24 value
2541 3366 28 24 m
2592 3366 80 24 Extra
2695 3366 88 30 strong
2794 3361 77 31 Ca.sed

2335 3411 89 32 highly
2432 3411 110 24 finished
2555 3410 110 31 English
2682 3409 81 25 Lever
2770 3407 104 26 Watch-

2335 3463 35 18 es.
2417 3453 191 26 Manufactured
2625 3455 26 23 to
2674 3460 43 24 my
2745 3451 72 26 order
2838 3451 34 31 by

2336 3496 56 25 best
2403 3495 105 26 London
2527 3493 107 26 makers.
2669 3491 158 34 Unequalled
2834 3491 38 25 for

2337 3536 123 28 excellent;
2473 3537 178 32 Timekeeping
2667 3536 50 25 and
2728 3535 143 32 durability.

2370 3584 29 24 F.
2418 3584 32 24 B.
2462 3582 95 25 LANE
2570 3580 141 33 personally
2732 3580 71 25 visits
2824 3580 47 25 Ox-

2337 3627 55 26 ford
2411 3626 126 32 monthly,
2561 3625 121 32 carrying,
2695 3632 15 16 a
2731 3624 69 31 large
2823 3624 49 24 and

2337 3671 86 24 choice
2457 3671 70 24 stock
2555 3669 27 25 of
2613 3667 127 30 Watches,
2768 3667 103 29 Chains,

2336 3714 136 28 Brooches,
2481 3714 89 31 Rings,
2581 3712 85 28 Studs,
2684 3711 128 26 Pendants
2824 3713 47 27 etc,

2339 3758 142 32 Spectacles
2502 3756 123 33 (Pebbles,
2643 3756 167 26 Pantoscopsc
2822 3754 50 26 and

2338 3802 108 31 Crystal)
2459 3800 97 27 Clocks,
2575 3799 108 32 (Marble
2702 3799 51 23 and
2771 3798 100 32 Wood,)

2437 3843 157 25 Accordeons
2605 3841 50 26 and
2666 3841 106 25 Violins.

2370 3909 81 24 Exact
2462 3907 57 25 date
2531 3907 28 25 of
2569 3906 62 25 each
2642 3905 60 25 visit
2724 3905 22 25 is
2757 3904 105 25 notified

2484 3951 28 24 m
2770 3950 3 9 '

2336 3996 115 24 Repaiss.
2453 4009 32 4 —
2486 3994 42 25 All
2538 3993 95 32 repairs
2650 4001 43 18 are
2709 3992 118 26 executed
2838 3992 31 32 by

2336 4039 92 33 myself
2448 4046 29 18 or
2492 4038 81 25 under
2588 4045 44 24 my
2651 4036 220 33 superintendence

2337 4092 27 17 so
2386 4083 57 26 that
2460 4083 104 31 patrons
2575 4089 49 17 can
2644 4081 53 31 rely
2719 4088 33 18 on
2775 4081 97 32 getting

2336 4126 155 26 satisfaction
2500 4127 27 24 at
2538 4125 44 26 the
2592 4133 59 23 very
2662 4124 87 25 lowest
2757 4124 114 33 charges.

2369 4170 105 34 Repairs
2485 4179 29 17 or
2521 4169 85 27 orders
2614 4177 58 25 may
2683 4168 31 27 be
2722 4170 45 26 left
2778 4172 61 26 at—

2549 4219 64 24 East
2636 4218 104 27 Oxford:
2843 4233 2 3 ■

2335 4263 101 27 atf.'
2448 4250 40 38 k;
2509 4262 54 28 C.r
2570 4262 73 26 EjisV
2659 4262 102 27 Oxford.

2335 4307 25 26 J.
2377 4306 100 31 Brown,
2490 4305 160 32 Bootmaker,
2674 4295 71 38 West
2768 4308 103 29 Oxford.

2335 4351 79 26 W.J.
2426 4349 218 28 Crothers&Co..
2666 4351 71 27 Cast.

2368 4394 50 26 and
2434 4394 53 26 will
2492 4393 31 26 be
2533 4394 128 33 promptly
2671 4396 120 28 attended
2801 4400 37 26 to.

2335 4438 55 31 AH
2400 4437 100 32 Work
2510 4437 79 31 done
2600 4448 41 21 on
2653 4440 56 31 the
2719 4441 153 35 Premises

2458 4490 63 31 and
2535 4492 200 38 guaranteed.

1248 162 117 89 R,
1447 162 133 87 H.
1627 161 527 89 PARISH

1435 311 195 58 EAST
1679 313 326 59 OXFORD

1465 426 40 31 IS
1542 426 100 31 NOW
1663 427 47 30 IN
1733 428 187 31 RECEIPT
1943 429 53 30 OF

1362 504 42 24 Ex
1421 504 115 25 AOTEA
1555 504 70 25 AND
1639 505 118 25 OTHER
1769 506 130 25 DIRECT
1913 507 183 25 STEAMERS

1385 575 271 45 SUMMER
1678 576 239 47 SEASON
1949 578 125 45 1896.

1565 671 99 32 THIS
1688 673 203 33 SEASON'S

1514 960 50 29 4d.
1588 971 54 29 per
1663 963 80 37 yard
1767 965 100 29 worth
1889 966 48 31 Bd.

1228 1031 583 117 Ginghams,
1884 1045 338 101 Drills,

1186 1300 151 86 for
1379 1308 112 84 5s
1535 1309 127 86 9d
1738 1341 71 56 w
1823 1322 162 78 orf
2018 1317 236 91 h2os

1150 1455 612 119 Trimmings
1830 1472 84 85 &
1958 1474 347 92 Braids

1414 1596 215 91 half
1663 1606 263 107 price

1327 1802 338 56 ENORMOUS
1721 1816 396 51 DEDUCTIONS

1154 1887 459 105 MAIDS..
1713 1910 592 100 ULBTEBS

1270 2035 454 96 Reduced
1770 2053 102 82 to
1921 2052 102 86 Is
2068 2057 163 89 6d.

1413 2202 2 5 ,
1510 2176 38 30 36
1570 2180 33 28 to
1625 2179 40 30 45
1677 2180 104 33 inches
1803 2185 86 40 deep.
2262 2195 2 18 ;
2294 2214 1 1 .

1190 2254 426 95 Buttons
1640 2268 120 84 Id
1813 2298 175 69 per
2029 2282 234 84 card

1380 2422 349 17 ►♦♦♦♦♦♦♦»mu**«i«4A^^
1731 2431 54 15 MM
1790 2434 23 14 „
1819 2435 8 13 ,
1919 2438 37 13 llt

1146 2490 81 24 ITIHE
1246 2491 116 30 question
1373 2493 21 23 is
1565 2496 67 32 Why
1642 2500 61 24 send
1718 2503 27 23 to
1757 2502 176 29 Christchurch
1954 2509 38 24 for
2009 2518 63 22 your
2089 2512 110 28 Drapery
2207 2517 12 16 9
2254 2517 52 23 The

1153 2523 21 24 1
1211 2523 103 33 drapery
1326 2524 54 25 sold
1388 2533 26 16 m
1423 2526 56 25 that
1491 2529 50 27 city
1553 2536 72 20 every
1636 2539 47 17 one
1694 2534 86 22 knows
1802 2536 22 20 U
1835 2540 44 16 nnf
1891 2547 38 9 mn
1933 2540 14 16 a
1950 2549 12 7 n
1974 2542 18 14 n
2070 2543 7 13 i
2089 2545 26 11 >*.
2129 2547 6 4 .
2139 2523 60 22 pery
2209 2535 5 4 •
2229 2547 3 2 .
2255 2523 51 19 Lhe

1146 2556 94 32 import
1251 2556 64 27 from
1327 2557 44 26 tho
1383 2557 53 26 best
1447 2536 107 56 Engjh
1566 2538 59 50 an/
1633 2535 193 59 Z^CZ
1879 2540 386 61 l^^S^t^^,
2292 2551 17 24 *

1148 2590 51 25 aM
1206 2589 47 26 sell
1265 2589 26 27 rf
1300 2598 15 17 a
1326 2593 53 27 me
1392 2592 26 24 ol
1427 2592 74 31 profit
1513 2594 54 33 (my
1578 2604 120 25 expenses
1709 2599 72 35 beiog
1793 2576 82 61 £n>
1887 2575 358 66 flS^gti'SSStoS
2262 2592 44 51 J

1148 2623 58 25 sura
1218 2622 33 33 by
1266 2632 56 23 any.
1334 2623 179 28 Clmstchureh
1536 2630 200 28 establishment.
1789 2636 45 27 My
1854 2637 77 26 Stock
1949 2640 22 23 is
1990 2640 43 23 «ie
2049 2621 166 42 fiSi
2254 2625 24 18 '*
2296 2653 9 10 »

1146 2656 86 26 wried
1251 2656 57 26 that
1317 2656 45 26 has
1374 2665 57 18 eyer
1441 2660 64 26 been
1515 2660 87 28 shown
1613 2663 27 25 m
1652 2664 43 27 the
1707 2641 104 57 dfetrj,
1823 2670 51 26 and
1884 2672 104 28 forqual
2001 2662 26 38 fv
2046 2643 92 57 tfZ
2146 2679 6 21 1
2237 2658 44 42 ?°
2282 2659 11 17 S
2296 2653 10 24 '

1146 2690 32 25 he
1190 2691 78 25 shade
1285 2691 77 33 goods
1373 2692 92 25 offered
1477 2693 33 33 by
1521 2695 104 34 visitiag
1635 2698 116 28 hawkers
1804 2711 23 17 m
1839 2674 429 71 &JSttX^Zn^
2278 2693 28 18 '"

1179 2743 94 26 Dress
1286 2744 164 34 Materials,
1463 2747 87 26 Plain
1562 2751 60 25 and
1632 2751 104 33 Fancy
1747 2755 81 26 from

1146 2820 5 16 ?
1180 2799 27 26 A
1224 2799 110 32 Strong
1350 2801 88 28 Stout
1453 2803 134 29 Durable
1604 2807 127 35 Kaiapoi
1747 2811 114 28 Tweed
1877 2816 51 33 2/6
1940 2824 55 25 per
2006 2822 76 29 yard

1778 2856 108 28 Makes
1898 2862 155 28 first-class
2070 2865 91 33 Boys'
2180 2869 90 28 Suits.

1180 2893 58 25 Art
1254 2893 139 33 Muslins,
1414 2895 155 37 Cretones,
1588 2902 79 26 Lace
1686 2904 139 27 Curtains
1843 2907 54 27 &c.

1180 2995 26 30 A
1224 2994 109 26 Choice
1351 2994 166 28 Collection
1536 2997 33 25 of
1583 2997 121 35 Gloves,
1731 3001 78 33 Ties,
1839 3003 129 34 Aprons,
1998 3008 166 30 Insertions
2182 3014 54 27 &c.

1181 3054 103 25 Prints
1295 3055 79 24 from
1386 3056 53 24 4d.
1451 3063 56 23 per
1517 3058 84 29 yard.
1615 3058 139 34 Muslins,
1767 3061 139 35 Selesias,
1920 3065 126 35 Calicos,
2060 3070 54 27 &c.

1766 3105 87 26 With
1870 3109 89 24 other
1975 3110 193 30 Manchester
2185 3119 86 31 lines.

1181 3148 89 33 Hats,
1287 3149 104 33 Fancy
1407 3151 61 24 and
1484 3151 106 34 Sailor,
1609 3154 31 24 m
1658 3153 104 27 White
1778 3158 61 24 and
1856 3158 115 29 Colors.

1724 3200 126 27 Newest
1867 3203 123 34 Shapes.
2025 3208 97 32 Large
2139 3212 131 36 Variety,

1181 3244 148 32 Flowers,
1347 3245 154 33 Feathers,
1520 3246 148 35 Ribbons,
1687 3250 106 33 Laces,
1811 3251 76 34 Jets,
1907 3254 54 26 &c.

1653 3289 87 27 With
1756 3293 42 24 all
1814 3297 184 24 necessaries
2015 3297 48 26 for
2080 3299 190 36 Trimmings.

1181 3331 103 33 Fancy
1299 3332 140 33 Frillings
1458 3334 78 32 3yds
1547 3336 47 25 for
1604 3337 36 33 1/-
1658 3340 102 24 worth
1771 3340 50 32 9d,
1839 3345 55 27 per
1905 3344 83 29 yard,

1717 3382 181 36 Umbrellas,
1917 3387 151 35 Parasols,
2088 3392 182 37 Sunshades,

1467 3439 243 46 DOUBLE
1771 3444 214 48 WIDTH

1153 3520 293 88 Dress
1523 3523 396 92 Tweeds
2001 3535 102 87 Is
2172 3542 129 85 4d

1451 3682 330 86 worth
1853 3687 134 87 2s.

1232 3807 459 88 Costume
1754 3812 287 90 Cloth
2122 3825 124 84 Is.

1385 3933 346 94 worth-
1757 3940 101 83 Is
1881 3943 190 88 -4d.

1433 4102 13 14 *

1386 4139 674 61 Blankets

1153 4209 134 41 English
1301 4210 128 41 Witney
1437 4209 149 34 Blankets
1600 4215 34 28 to
1649 4212 38 32 be
1701 4213 68 32 sold
1783 4219 33 26 at
1825 4215 61 32 less
1893 4218 78 30 than
1985 4218 180 36 Melbourne
2178 4224 130 34 Whole-

1155 4262 63 32 sale
1239 4262 128 41 price—
1367 4262 121 32 Double
1503 4264 77 34 Bed,
1589 4263 69 32 Size
1681 4266 66 29 12s.
1771 4266 50 31 6d.
1873 4269 101 32 worth
1992 4271 65 32 16s.
2096 4274 50 32 6d.
2167 4285 58 30 per
2237 4279 71 36 pair

1320 4304 131 42 cheaper
1461 4305 80 31 than
1555 4304 226 35 Christchurch
1795 4308 113 34 houses
1921 4312 66 31 will
2001 4314 57 31 sell
2072 4314 95 35 them.

1198 4414 73 33 »•
1299 4407 98 41 «'•
1429 4415 299 44 PARIgH
1838 4420 157 37 East
2043 4424 262 47 Oxford.

613 162 127 43 TIME
774 167 48 40 IS
852 168 262 46 PRECIOUS,

855 227 15 20 ♦

614 978 61 21 Time
684 979 19 20 is
713 980 99 25 precious
822 981 63 20 when
894 988 44 19 you
948 984 60 18 want
1021 985 24 17 to
1059 983 61 21 catcfc

586 1010 14 14 a
609 1005 66 24 train,
685 1005 42 20 but
736 1006 47 20 it-is
791 1007 103 25 priceless
904 1008 63 20 when
976 1009 39 19 the
1020 1010 100 25 question

587 1030 23 20 of
627 1031 75 20 health
720 1032 19 19 is
755 1033 132 21 considered.
922 1033 33 21 Do
972 1036 40 18 not
1030 1035 64 26 delay
1109 1042 11 14 a

586 1059 97 20 moment
691 1058 18 21 if
724 1065 45 19 you
781 1059 66 21 suffer
856 1067 44 19 any
913 1060 23 20 of
952 1061 39 21 the
1000 1064 121 23 symptoms

586 1084 23 19 of
634 1084 95 27 Bright's
755 1086 94 24 Disease,
871 1087 103 23 Bladder,
1000 1087 72 26 Liver,
1096 1095 24 14 or

586 1109 89 27 Kidney
685 1112 95 23 Disease,
791 1112 158 25 Rheumatism,
960 1113 158 26 Nervousness,

585 1135 129 27 Dyspepsia,
751 1138 94 26 Dropsy,
883 1139 110 24 Diabetes,
1030 1139 88 26 Gravel,

585 1161 87 22 Female
682 1163 150 26 Weaknesses,
842 1171 25 14 or
875 1165 144 21 Prostration.
1059 1166 61 22 Take

585 1195 41 14 one
635 1195 24 14 or
668 1191 63 19 other
740 1191 24 19 of
774 1191 110 20 Warner's
892 1192 51 21 Safe
960 1192 67 21 Cures
1038 1199 24 14 as
1071 1200 46 19 pre-

585 1216 85 20 scribed
698 1216 23 21 m
751 1217 93 23 Warner
872 1218 44 20 and
942 1218 37 22 Co.
1005 1218 113 22 Limited's

585 1242 130 26 pamphlets.

612 1265 110 24 Warner's
732 1268 50 21 Safe
796 1268 57 21 Cure
866 1275 45 14 wa3
926 1276 13 13 a
954 1272 64 24 great
1026 1272 92 20 medical

584 1293 119 28 discovery,
715 1298 41 17 not
765 1302 14 13 a
787 1295 105 27 sneaking
905 1296 108 21 imitation
1022 1297 24 20 of
1059 1305 58 14 some

584 1321 63 20 other
656 1321 91 22 medical
756 1323 147 26 preparation.
925 1338 2 4 .

611 1347 109 22 Warner's
739 1349 51 20 Safe
811 1349 115 21 Remedies
948 1357 38 14 are
1004 1351 63 20 made
1087 1358 28 14 on

584 1374 75 25 honor,
680 1381 56 13 none
753 1376 42 19 but
810 1376 39 19 the
863 1378 76 24 purest
955 1377 44 20 and
1014 1377 49 20 best
1084 1378 31 20 in-

583 1400 109 25 gredients
711 1402 99 25 entering
827 1402 48 20 into
891 1402 58 21 their
963 1403 150 26 composition.

583 1426 61 27 They
654 1433 37 14 are
699 1430 40 18 not
747 1428 68 26 cheap
819 1427 24 21 m
850 1435 42 20 any
901 1435 61 15 sense
969 1429 23 21 of
1001 1431 39 19 the
1046 1430 68 26 word,

583 1453 43 20 and
644 1455 79 20 cannot
741 1453 28 22 be
786 1454 48 21 sold
851 1455 24 21 m
900 1456 141 26 competition
1061 1457 54 21 with

583 1480 68 27 cheap
660 1480 44 21 and
713 1484 65 24 nasty
787 1481 129 22 decoctions.
947 1483 41 21 We
1002 1484 61 20 trust
1075 1491 41 14 our

582 1507 89 26 friends,
689 1508 34 20 for
737 1508 58 20 their
811 1515 48 14 own
875 1509 63 26 good,
950 1509 46 21 will
1007 1510 66 21 insist
1086 1517 29 14 on

582 1533 81 27 having
671 1534 61 21 what
740 1535 53 25 they
802 1534 41 21 ask
851 1536 58 20 their
918 1536 92 21 chemist
1018 1536 42 25 for,
1071 1538 44 20 and

581 1562 40 18 not
635 1560 29 20 be
673 1562 42 25 put
724 1560 31 21 off
769 1562 54 19 with
837 1567 44 21 any
894 1562 45 21 vile
955 1563 122 21 substitute
1091 1571 24 14 or

582 1586 112 22 imitatiOD.
701 1587 35 20 for
773 1588 110 21 Warner's
891 1588 52 22 Safe
1036 1596 25 15 or
1070 1597 45 19 any

582 1613 62 21 other
654 1614 23 21 of.
710 1614 109 21 Warner's
828 1615 51 21 Safe

612 1769 69 24 More
702 1767 111 32 Sleepers
832 1768 50 25 will
901 1769 30 23 be
953 1768 115 32 supplied
1085 1767 30 32 by

581 1811 92 24 Oxford
689 1812 38 23 i.e.
741 1812 22 23 if
779 1813 68 23 More
860 1812 88 24 timber
960 1820 45 16 can
1025 1813 27 23 be
1064 1814 51 29 got.

578 1855 69 24 More
658 1854 151 25 enthusiasm
830 1855 88 25 should
935 1854 31 26 be
986 1855 85 25 shown
1084 1863 33 17 on

579 1898 47 24 Art.
630 1907 28 15 or
670 1898 54 31 day.
743 1900 2 4 '

607 2035 79 44 W.
716 2034 65 45 H.
811 2035 275 46 ALFORD

583 2133 244 38 WATCHMAKER.
865 2134 175 38 JEWELLER
1067 2136 48 30 &c

658 2205 85 25 MAIN
760 2205 142 30 STREET;
912 2206 138 25 OXFORD
1074 2194 9 12 "'

583 2336 172 30 OXFORD
798 2336 190 31 LIBRARY
1028 2337 88 31 AND

672 2377 197 31 READING-
890 2377 131 32 ROOM.

579 2459 54 24 The
651 2484 2 5 ,
661 2458 100 26 Oxford*
781 2459 114 32 Library,
913 2460 23 23 is
960 2468 66 23 .open
1049 2469 70 23 every

579 2502 114 31 Tuesday
705 2502 49 24 and
776 2502 122 31 Saturday
927 2502 96 32 nights,
1052 2503 66 25 from

581 2547 57 23 630
651 2553 69 23 p.m.,
741 2547 26 23 to
788 2546 15 23 8
814 2553 71 23 p.m.,
910 2545 50 25 and
991 2554 33 17 on
1047 2554 72 25 every

579 2589 120 24 alternate
711 2588 132 32 Thursday
857 2589 148 29 'afternoon,
1037 2590 80 32 (Sale-

581 2632 70 33 days)
673 2632 65 24 from
750 2634 61 22 230
822 2640 65 23 p.m..
904 2634 26 25 to
942 2635 15 22 5
969 2641 58 24 p.m.
1066 2635 53 24 The

771 2670 24 21 L.
813 2670 126 33 REEVES,

870 2699 61 24 Hon
951 2699 134 27 Librarian

633 2743 182 24 SCJBSCMPTION
828 2743 37 32 2/-
879 2751 50 15 PER
948 2743 120 30 QuAKTER

672 2935 128 46 FOR
849 2935 181 46 SALE.

585 3027 33 80 4
635 3026 136 31 ACRES
796 3028 62 29 and
878 3029 38 28 12
945 3026 175 45 perclies'pf

642 3068 74 30 land
743 3068 77 30 with
848 3069 21 29 4
882 3069 132 29 roomed'
1027 3069 92 30 dwel-

584 3110 67 39 ling
664 3110 95 29 house
774 3109 61 29 and
846 3109 82 40 good
938 3105 69 34 well
1018 3109 101 31 there-

584 3162 49 20 on.
700 3150 90 30 Land
821 3151 134 31 transfer
983 3151 68 31 title
1070 3155 50 27 act

584 3198 93 25 terms
692 3192 25 29 if
732 3192 152 40 required.

667 3275 63 30 For
746 3276 185 40 particulars

749 3358 95 40 apply
867 3361 32 27 to

792 3424 139 31 JAMES
961 3425 159 30 FISHER,

882 3505 88 32 West
992 3507 125 30 Oxford.

698 3732 309 46 WANTED.

584 3923 53 59 TO
654 3923 122 32 purchase
793 3932 14 15 a
832 3922 64 26 farm
921 3923 28 25 m
967 3923 43 26 the
1028 3923 94 26 Oxford

632 3956 113 26 District.
779 3956 115 25 Forward
910 3956 68 32 price
998 3956 51 25 and
1066 3965 56 24 par-

586 3995 101 26 ticulars
703 3996 26 24 to
757 3994 45 26 the

608 4052 153 31 OFFICE
778 4051 52 32 OF
844 4050 101 33 THIS
960 4052 143 31 PAPER

704 4218 314 53 WANTED.

707 4278 39 43 #
787 4295 133 10 —
933 4269 5 50 :

591 4323 182 61 WANTED,
811 4325 26 25 to
859 4325 58 33 buy,
946 4334 68 19 some
1043 4334 84 26 young

663 4358 112 24 roosters

710 4438 81 33 Apply
808 4440 27 24 to
860 4440 52 25 this
936 4441 76 26 office.

62 3397 470 57 HOLBROOK

249 3485 68 22 AND

38 3534 465 55 VALLANCES

120 3624 121 22 TIMBER
266 3624 193 23 MERCHANTS

87 3662 201 32 COOPER'S
340 3664 152 31 CREEK.

128 3723 142 34 VIEW
313 3724 138 39 HILL,

24 3806 84 60 BEG
132 3810 26 21 to
177 3807 113 24 intimate
310 3808 26 24 to
362 3807 45 24 the
428 3808 82 31 public
532 3810 27 24 of

75 3840 92 25 Oxford
183 3840 48 24 and
250 3840 165 31 surrounding
431 3841 124 32 Districts,

24 3875 54 25 that
91 3882 35 17 we
146 3874 64 24 have
234 3873 156 26 commenced
401 3874 117 25 Business
531 3884 26 16 as

24 3907 166 28 saw-millers,
214 3907 51 25 and
285 3906 64 33 hope
370 3906 33 32 by
428 3907 71 25 strict
517 3911 38 22 at-

24 3942 96 26 tention
129 3944 26 22 to
167 3940 116 25 Business
298 3943 26 22 to
335 3940 30 25 be
376 3940 114 25 favoured
498 3942 60 25 with

24 3974 63 26 thefr
114 3975 110 31 support.
270 3973 84 25 White
377 3973 66 32 pine,
473 3974 84 31 Bimu,

24 4009 72 25 Birch
108 4008 50 25 and
170 4007 60 26 Coal
251 4007 38 32 pit
300 4015 73 24 props
384 4007 28 24 m
421 4014 49 25 any
482 4015 76 24 quan-

24 4044 54 31 tity.

52 4233 242 47 CANCER
325 4230 206 48 CURED

203 4322 151 24 WITHOUT

25 4377 27 30 A
76 4376 211 34 SURGICAL
316 4374 245 35 OPERATION

57 4436 52 23 For
118 4436 101 31 further
232 4438 153 31 particulars
400 4436 74 32 apply
490 4440 24 19 to
525 4434 37 25 the

79 4484 126 27 OFFICE
226 4487 45 24 OF
296 4487 86 24 THIS
399 4485 125 26 PAPER.
