2510 4010
86 853 92 20 Latest
192 853 83 19 Dates
291 851 31 20 of
337 851 101 22 Papers
454 849 131 22 received.

46 886 95 22 London
456 883 99 21 October
620 884 9 19 1

46 913 83 21 Nelson
457 909 114 27 February
604 910 28 20 25

46 938 119 22 Auckland
458 936 111 27 February
619 938 13 19 9

46 966 46 26 Bay
103 966 22 21 of
137 964 86 23 Islands
456 962 97 22 October
619 965 13 19 6

46 993 87 25 Sydney
454 989 113 27 February
604 990 27 20 15

46 1019 50 21 Van
106 1018 115 21 Dieman's
231 1017 65 22 Land
452 1016 126 21 December
605 1017 27 20 20

46 1046 51 21 Port
107 1045 80 27 Phillip
452 1043 101 25 January
605 1042 25 21 15

46 1072 107 22 Adelaide
451 1070 127 21 December
605 1071 27 20 2S

107 1132 167 23 SHIPPING
295 1130 274 24 INTELLIGENCE.

267 1184 142 21 ARRIVED.

74 1220 74 19 March
158 1220 18 24 6,
190 1219 76 24 barque
285 1218 53 19 New
355 1216 55 20 York
426 1217 86 24 Packet,
525 1216 40 21 269
577 1219 53 24 tons,

48 1246 98 24 Gregory,
157 1246 54 20 from
223 1245 90 25 Sydney.

288 1293 116 21 SAILED.

304 1326 70 20 None.

272 1377 32 19 IN
321 1377 84 19 PORT.

71 1414 84 25 Barque
163 1412 130 24 Indemnity,
302 1410 42 20 450
362 1414 61 19 tons,
430 1409 87 24 Adams,
529 1409 103 26 refitting.

46 1441 90 26 Agents,
147 1440 69 19 Waitt
225 1439 44 19 and
280 1438 78 26 Tyser.

72 1469 109 20 Schooner
202 1468 58 23 Ann,
287 1467 26 19 22
334 1469 59 19 tons,
419 1465 87 25 Brown,'
529 1465 44 19 laid
597 1470 35 20 up.

46 1496 78 27 Agent,
134 1495 69 20 Waitt
212 1495 42 19 and
265 1494 78 25 Tyser.

73 1524 111 20 Schooner
193 1523 82 23 Maori,
289 1523 26 19 15
327 1526 59 16 tons.

75 1552 106 20 Schooner
201 1550 74 24 Ocean,
287 1550 26 19 30
329 1552 57 20 tons,
402 1549 116 25 Ferguson.
546 1548 87 25 Agents,

46 1580 93 19 Wallace
148 1578 42 20 and
200 1578 47 23 Co.,
259 1578 89 24 Agents.

74 1608 83 24 Barque
176 1606 106 23 Glenarm,
300 1606 41 19 297
358 1606 56 23 tons,
431 1603 56 26 Guy.
520 1603 77 24 Agent,
609 1602 23 21 C.

47 1634 33 21 M.
91 1634 80 24 Penny.

75 1662 49 25 Brig
141 1662 118 22 Margaret,
278 1660 40 19 186
337 1662 56 21 tons,
407 1658 111 21 Tomkins.
547 1658 86 25 Agents,

46 1689 67 20 Waitt
124 1689 41 20 and
174 1688 73 26 Tyser.

76 1716 106 21 Schooner
201 1715 117 25 Catherine,
332 1715 47 23 179,
397 1714 131 24 Bannatyne.
557 1713 76 25 Agent,

48 1744 22 20 J.
82 1744 72 19 Wade.

77 1771 74 20 Cutter
173 1771 114 23 Pickwick,
308 1770 26 19 38
362 1771 55 21 tons,
437 1768 61 25 Jury.
538 1767 95 27 Captain,

46 1800 78 24 Agent.

77 1826 51 25 Ship
137 1825 70 26 Indus,
214 1826 41 19 425
267 1827 55 21 tons,
331 1824 131 19 Mackenzie.
492 1822 91 20 Wallace
594 1823 41 19 and

49 1854 46 23 Co.,
106 1854 88 25 Agents.

79 1881 106 19 Schooner
198 1880 73 24 Ganet,
286 1880 27 19 40
324 1881 55 23 tons,
397 1877 132 27 Popplewell.
558 1878 76 24 Agent,

49 1908 136 21 Hombrook.

78 1936 82 25 Barque
169 1936 126 25 Brougham,
307 1935 49 22 227,
372 1933 126 20 Robertson.
528 1933 107 23 Boulcott,
649 1940 2 24 |

49 1964 77 25 Agent.

79 1991 81 26 Barque
175 1991 53 19 New
240 1990 56 20 York
312 1990 88 23 Packet,
412 1989 40 20 269
466 1991 56 20 tons,
534 1987 101 26 Gregory.

49 2018 78 26 Agent,
140 2017 31 19 W.
185 2017 138 20 Fitzherbert.

222 2082 121 19 CUSTOM
360 2081 110 20 HOUSE.

287 2142 110 15 IMPORTS.

81 2171 28 20 In
127 2177 45 14 the
411 2174 62 14 from
494 2168 96 20 SYdney
604 2169 33 19 via

53 2200 138 20 Auckland.
193 2208 26 4 —
220 2198 22 19 J.
257 2198 70 24 Wade,
337 2196 74 25 Agent.
413 2206 25 4 —
441 2197 12 18 2
463 2196 102 25 packages
572 2195 63 26 slops,
651 2198 3 24 j

54 2228 10 18 1
77 2229 55 17 crate
141 2225 147 23 earthenware,
301 2225 10 19 1
322 2224 55 19 flour
386 2223 52 24 mill,
449 2224 26 19 23
485 2224 79 19 barrels
574 2223 61 25 pork,

53 2255 12 19 7
76 2254 74 19 tierces
155 2252 54 24 beef,
221 2253 12 18 3
242 2252 61 19 casks
311 2252 86 25 liquers,
405 2252 10 18 1
428 2257 46 13 case
480 2250 66 26 paint,
556 2250 80 21 7hhds.

53 2284 79 23 porter,
143 2281 25 19 38
187 2286 57 13 cases
254 2281 80 24 porter,
353 2279 25 19 17
387 2278 78 19 barrels
484 2278 55 22 beer,
550 2278 26 20 29
593 2277 26 20 do
632 2292 4 6 ,

54 2309 26 19 16
89 2307 78 21 barrels
177 2307 63 23 flour,
251 2306 25 23 7i
287 2308 49 18 tons
348 2305 62 23 flour,
423 2305 24 20 17
458 2305 78 20 barrels
551 2305 61 25 pork,
625 2306 12 17 (>

53 2336 59 20 casks
124 2335 78 25 sherry,
213 2335 13 19 2
235 2340 57 14 cases
303 2333 70 23 fruits,
381 2333 10 19 4
404 2332 55 20 bales
467 2338 70 20 paper,
550 2333 24 19 12
583 2332 54 20 bolts

54 2369 91 18 canvass,
158 2363 25 18 50
195 2367 57 14 cases
262 2361 70 19 lemon
343 2366 69 19 syrup,
420 2361 26 18 35
458 2366 57 13 cases
520 2360 117 25 raspberry,

55 2391 42 22 do.,
108 2391 12 19 5
132 2390 75 25 cherry
213 2389 88 24 brandy,
311 2389 13 19 3
335 2387 34 21 do,
381 2388 72 24 cigars,
461 2387 12 19 5
484 2387 59 20 hhds.
551 2387 86 25 brandy,

54 2419 24 19 15
90 2423 56 13 cases
157 2417 85 25 liquers,
252 2417 12 18 2
275 2415 78 20 barrels
362 2415 87 25 brandy,
466 2415 13 18 4
490 2414 61 20 hhds.
569 2414 45 24 do.,
626 2415 12 18 4

53 2447 48 18 tons
111 2445 49 24 hay,
170 2445 13 18 5
200 2443 102 26 packages
313 2443 65 24 slops,
395 2442 26 19 21
431 2441 103 26 packages
550 2441 89 20 Chinese

56 2472 95 24 matting,
174 2471 25 19 18
219 2470 51 25 bags
289 2472 57 23 nuts,
367 2470 12 18 2
399 2469 122 25 puncheons
540 2468 98 25 whiskey.

54 2500 123 23 Passengers
181 2508 25 4 —
207 2497 43 19 Mr.
262 2497 79 23 Moses,
353 2496 54 20 Miss
420 2496 108 25 Seymorn,
545 2495 41 21 and
596 2495 41 20 Mr.

56 2526 92 20 Gilmon.

85 2558 28 21 In
124 2564 45 13 the
312 2562 64 14 from
386 2556 99 19 Lonoon
494 2556 34 19 via
537 2555 102 21 Nelson.

57 2597 26 4 —
87 2586 91 19 Wallace
188 2585 42 19 and
240 2585 44 23 Co.,
299 2585 86 24 Agents.
387 2594 26 4 —
415 2584 12 19 7
438 2589 56 14 cases
510 2583 59 21 wine.
583 2584 10 19 1
605 2584 35 20 do.

56 2613 87 25 brandy,
155 2613 9 19 1
177 2613 34 19 do.
222 2618 71 20 syrup,
303 2612 24 20 31
339 2611 117 23 caseswine,
469 2611 11 18 1
495 2617 32 19 qr.
539 2610 48 21 cask
598 2610 34 21 do.

58 2643 13 19 2
87 2644 83 16 octaves
188 2639 43 23 do.,
254 2639 72 21 Order.
327 2649 28 4 —
358 2639 9 19 1
385 2644 46 14 case
450 2637 96 25 bedding,
565 2638 22 20 J.
607 2639 32 20 31.

59 2668 82 25 Taylor.
144 2678 25 3 —
172 2667 11 19 1
201 2673 47 13 case
264 2666 151 25 merchandize,
433 2666 13 19 8
462 2664 88 21 bundles
565 2666 44 23 do.,
629 2667 11 19 7
653 2672 2 20 j

57 2695 74 21 trunks
141 2694 152 24 merchandize,
304 2694 12 19 5
327 2699 58 14 cases
395 2693 42 23 do.,
456 2693 10 18 1
478 2692 50 21 hhd.
546 2693 11 19 1
569 2692 70 21 tierce.

57 2723 109 24 Ridgways
183 2721 42 19 and
237 2722 33 20 Co.
272 2732 27 3 —
301 2721 26 19 10
344 2720 60 20 casks
418 2720 55 23 beer,
491 2720 13 19 3
514 2725 57 14 cases
586 2726 54 14 mer-

58 2750 106 23 chandize,
178 2748 130 24 Greenwood,
319 2748 100 19 brothers.
421 2758 26 3 —
449 2748 10 18 1
472 2753 46 13 case
533 2747 109 20 merchan-

58 2778 52 22 dize,
120 2777 22 19 J.
153 2777 62 19 Rout.
217 2786 28 4 —
247 2777 10 18 1
272 2776 86 25 hamper
369 2773 89 27 apparel,
475 2775 13 19 4
499 2774 74 20 trunks
588 2780 54 14 mer-
653 2774 2 22 I

58 2805 106 22 chandize,
184 2803 83 20 Levien.
269 2813 27 4 —
298 2803 12 19 2
332 2801 87 21 bundles
438 2801 152 24 merchandize,
616 2802 24 20 64

57 2832 64 20 boxes
132 2831 42 23 do.,
184 2831 13 19 4
212 2831 74 19 tierces
297 2831 65 23 hams,
374 2829 26 19 30
412 2834 56 14 cases
479 2829 43 23 do.,
532 2829 26 19 25
568 2829 71 20 firkins
653 2827 2 30 {

57 2860 78 21 butter,
153 2859 11 19 4
176 2864 57 13 cases
250 2857 81 25 cheese,
346 2857 12 19 3
376 2856 74 20 trunks
459 2856 153 24 merchandize,
630 2859 12 16 S
653 2858 2 16 I

59 2892 57 14 cases
125 2886 41 25 do.,
176 2886 12 19 8
200 2885 74 19 trunks
282 2884 41 22 do.,
337 2885 10 18 1
358 2885 40 19 box
407 2883 42 23 do.,
461 2884 12 18 2
481 2888 57 15 cases
547 2885 13 17 4
569 2883 73 21 tierce

59 2915 10 18 1
86 2913 77 20 bundle
181 2914 9 18 1
209 2918 48 14 case
273 2912 26 20 20
316 2912 64 20 boxes
395 2911 43 24 do.,
457 2911 13 19 3
482 2911 74 19 tierces
574 2911 68 21 hams.

59 2942 92 19 Johnson
158 2940 43 20 and
209 2940 80 20 Moore.
292 2949 25 4 —
318 2940 13 19 4
341 2939 60 20 casks
411 2939 77 19 refined
499 2944 67 19 sugar,
578 2939 10 18 1
597 2944 45 14 case
653 2946 2 10 i

60 2968 151 23 merchandize,
222 2967 26 20 A.
260 2967 65 20 Hort.
327 2976 26 4 —
355 2967 10 19 1
384 2965 49 20 cask
449 2965 152 24 merchandize,
612 2967 29 19 H.

61 2996 32 21 St.
104 2996 54 19 HVI.
160 3005 28 4 —
191 2995 9 19 1
212 2994 50 20 cask
280 2994 106 25 crockery,
398 2993 105 20 Hulke.—
505 2993 54 19 sooo
572 2993 70 24 slates,

61 3024 25 19 17
107 3022 58 21 casks
185 3021 114 22 hardware,
316 3021 22 20 J.
361 3021 69 20 Tame.
432 3031 26 3 —
460 3021 12 19 2
492 3026 57 14 cases
573 3020 69 25 shoes,

61 3050 93 19 Wallace
162 3049 43 20 and
215 3049 62 19 Co.—
277 3049 14 18 l
301 3048 47 19 bale
357 3048 102 23 blankets,
475 3047 33 20 W.
518 3048 66 24 Lyon.

206 3110 116 20 Inwards
324 3120 26 3 —
351 3109 147 20 Coastwise.
586 3121 9 11 -,

88 3144 29 19 In
129 3149 45 14 the
341 3147 61 14 krom
420 3141 116 19 Hawse's
553 3141 61 20 Bay.
616 3151 29 4 —

61 3171 130 23 Hombrook,
203 3170 75 24 Agent.
279 3179 27 4 —
308 3169 26 19 50
345 3170 53 24 pigs,
410 3168 25 19 15
446 3170 48 17 tons
499 3170 109 23 .potatoes.

88 3205 29 20 In
131 3210 46 14 the
377 3208 64 14 prom
456 3202 109 20 Poverty
583 3202 61 20 Bay.

38 3231 3 5 '
61 3243 26 4 —
88 3233 89 22 Master,
197 3231 76 25 Agent.
275 3241 27 4 —
304 3231 27 19 16
350 3233 47 17 tons
416 3232 103 24 potatoes,
541 3231 24 19 10
585 3229 60 21 casks

61 3260 60 27 pork,
130 3261 9 18 1
151 3259 78 20 bundle
240 3259 60 23 bone,
310 3258 25 20 14
346 3257 83 20 bushels
440 3263 58 16 corn,
510 3258 10 19 1
532 3257 49 21 cask
590 3257 54 24 lard,

63 3288 12 20 7
90 3287 41 19 live
148 3287 52 26 pigs,
211 3286 26 20 30
254 3285 46 26 pair
315 3283 67 21 fowls.
384 3295 27 4 —
413 3284 128 27 Passengers,
558 3284 86 21 Messrs.

63 3314 83 27 Happy,
157 3314 98 23 Duncan,
266 3313 42 19 and
318 3312 76 20 Smith.

89 3377 90 22 Notice
203 3384 28 13 to
256 3376 160 21 Subscribers.
418 3386 28 4 —
446 3375 48 21 The
520 3375 85 22 settlers
624 3380 23 18 at

66 3403 120 28 Wangaimi
197 3402 111 27 complain
318 3401 50 21 that
383 3401 54 28 they
454 3401 28 22 do
500 3405 38 18 not
555 3405 38 23 get
607 3410 40 15 our

61 3438 78 19 papers
148 3429 112 28 regularly
261 3440 28 4 —
291 3428 43 22 and
343 3428 64 27 plead
419 3429 54 25 that,
485 3436 23 14 as
524 3435 28 15 an
567 3436 80 16 excuse

61 3459 34 20 ior
104 3460 39 19 not
152 3457 84 26 paying
252 3455 58 22 their
325 3459 114 17 accounts.
478 3455 41 21 We
536 3463 41 15 can
595 3457 52 27 only

61 3487 40 26 jmt
120 3483 57 22 their
194 3489 80 21 papers
289 3482 22 21 in
330 3482 36 20 the
381 3485 56 23 post,
456 3482 43 22 and
518 3486 84 18 cannot
619 3483 28 22 be

61 3509 138 30 responsible
208 3509 34 21 for
258 3508 57 22 their
332 3508 46 21 safe
395 3508 87 22 arrival.
523 3509 64 21 From
604 3509 44 23 this

63 3539 49 20 date
122 3544 31 14 we
163 3541 49 22 stop
223 3535 37 22 the
269 3542 80 21 papers
359 3535 26 21 of
400 3534 30 22 all
444 3542 92 20 persons
550 3535 99 28 residing

63 3567 22 19 i.t
106 3562 125 28 Wanganui
252 3562 53 21 with
325 3568 43 14 one
386 3561 126 28 exception.
554 3562 25 22 If
595 3563 54 27 they

61 3591 59 22 need
127 3596 79 22 papers
218 3589 50 27 they
280 3595 41 15 can
331 3588 57 22 have
397 3588 61 22 them
469 3595 58 20 upon
538 3589 75 27 giving
622 3596 27 15 us

63 3622 7 16 t
74 3618 4 11 l
79 3625 21 13 ie
109 3620 109 24 gurantee
228 3616 26 22 of
264 3622 62 15 some
336 3615 135 27 respectable
485 3622 80 20 person
579 3616 70 22 resid-

61 3645 39 26 ing
108 3645 61 24 here,
178 3643 49 21 that
236 3644 108 26 payment
353 3641 57 21 shall
415 3642 28 21 be
449 3642 66 21 made
525 3642 63 22 when
598 3643 49 21 due.

63 3671 40 21 We
115 3673 88 24 suspect
211 3676 33 15 we
255 3669 56 21 shall
321 3675 53 20 very
384 3675 53 14 soon
446 3668 48 22 find
503 3669 18 21 it
532 3675 117 21 necessary

63 3700 22 18 to
96 3697 67 27 adopt
172 3697 38 21 the
221 3703 61 14 same
293 3702 78 15 course
379 3694 23 21 in
412 3694 95 22 relation
517 3698 22 18 to
553 3695 28 22 all
598 3696 51 22 sub-

64 3724 91 21 scribers
164 3727 40 18 not
213 3722 99 27 residing
322 3722 23 21 in
357 3721 142 27 Wellington.
506 3736 3 5 -

91 3755 141 23 Wellington,
243 3754 102 24 January
357 3754 18 24 1,
388 3754 59 20 1812.

1266 134 134 30 emigration
1420 134 91 23 become
1530 133 156 30 conspicuous.
1722 131 65 23 Your
1799 138 49 16 mo-

1267 167 44 23 tive
1322 167 23 22 in
1357 166 139 31 purchasing
1506 166 53 22 land
1579 173 45 15 was
1644 170 24 17 to
1680 163 67 25 make
1760 171 88 23 money,

1266 200 29 30 by
1314 199 38 23 the
1371 200 86 22 certain
1474 199 99 23 advance
1592 206 29 15 on
1641 198 31 22 its
1690 197 73 27 value,
1776 197 73 23 which

1267 237 60 19 must
1340 232 53 23 take
1404 232 63 30 place
1488 239 25 15 as
1533 231 38 23 the
1590 230 89 30 Colony
1697 229 79 24 makes
1796 237 53 23 pro-

1266 273 74 22 gress.
1376 264 58 23 Now
1453 264 59 23 what
1524 265 19 21 is
1555 263 37 23 the
1611 263 66 24 effect
1688 263 25 23 of
1727 269 56 24 your
1794 270 55 23 pur-

1267 298 87 27 chases,
1367 305 24 15 as
1413 296 131 24 considered
1556 297 23 22 in
1599 296 94 23 relation
1715 300 21 17 to
1758 294 37 23 the
1807 294 42 23 due

1267 331 130 30 proportion
1409 331 101 22 between
1521 329 60 28 land,
1595 329 89 30 capital,
1697 327 45 24 and
1752 327 80 23 labour
1839 327 9 23 ?

1268 364 23 23 It
1303 364 19 22 is
1334 368 23 17 to
1369 364 106 22 interfere
1486 362 55 23 with
1559 362 49 23 that
1619 361 138 31 proportion.
1799 360 5 23 111
1810 365 9 18 1
1830 360 19 23 is

1268 400 22 19 to
1303 397 82 30 supply
1395 404 13 14 a
1414 395 56 24 fund
1481 395 34 23 for
1524 395 37 23 the
1571 395 157 22 transmission
1737 393 25 23 of
1771 393 79 23 labour

1266 428 95 24 without
1373 428 37 23 the
1422 427 85 24 means'
1517 428 26 23 of
1557 427 129 31 employing
1696 428 26 21 it.
1760 425 41 24 All
1813 426 37 23 the

1268 461 82 32 capital
1362 461 73 23 which
1451 469 45 22 you
1515 461 58 23 have
1592 465 35 19 set
1642 465 64 25 apart
1717 460 36 22 for
1764 460 86 22 invest-

1267 499 64 20 ment
1354 494 71 28 there,
1450 502 45 23 you
1517 494 57 23 have
1599 493 115 31 expended
1736 493 24 22 in
1787 492 62 23 land.

1270 527 61 31 Very
1336 527 50 30 fey
1399 527 24 23 of
1437 535 45 22 you
1494 527 56 23 have
1562 531 51 18 sent
1631 526 81 30 capital
1729 526 63 22 there
1802 526 25 22 in
1839 533 13 15 a

1267 560 71 32 shape
1349 564 23 19 to
1383 560 51 31 give
1446 560 160 30 employment.
1642 558 24 23 It
1682 559 19 22 is
1714 559 83 31 capital
1807 558 43 23 and

1268 594 79 22 labour
1371 593 76 23 united
1470 592 73 24 which
1566 595 73 20 create
1663 599 14 15 a
1698 592 97 22 demand
1818 592 33 22 for

1267 627 61 22 land.
1365 626 54 23 You
1431 634 37 15 are
1481 634 24 15 as
1517 625 49 24 well
1586 632 71 16 aware
1676 632 25 15 as
1721 625 59 22 lam
1794 625 56 28 that,

1268 659 39 23 the
1317 659 37 23 aid
1366 660 73 22 which
1452 659 36 23 the
1510 658 106 24 colonists
1631 658 97 30 require,
1740 658 19 22 is
1772 665 13 15 a
1796 657 55 24 fund

1268 698 23 17 to
1309 693 89 22 furnish
1427 693 63 22 loans
1519 700 27 15 on
1570 691 38 23 the
1631 691 99 29 security
1754 691 25 22 of
1804 690 47 24 real

1267 729 115 28 property,
1405 726 34 22 for
1457 724 89 31 periods
1566 724 26 23 of
1606 728 88 27 greater
1706 723 79 31 length
1798 724 53 22 than

1268 759 20 22 is
1322 759 124 22 consistent
1480 757 53 23 with
1569 757 72 23 sound
1676 757 121 30 principles
1830 757 25 22 of

1268 792 110 29 banking,
1390 792 45 22 and
1447 790 86 24 several
1545 790 101 23 methods
1663 790 64 28 have,
1741 794 23 19 at
1775 789 76 24 differ-

1268 830 39 18 ent
1332 825 74 28 times,
1415 846 5 5 .
1438 824 56 23 been
1524 823 72 23 under
1624 822 165 24 consideration
1817 823 35 23 for

1268 858 106 30 effecting
1397 857 38 24 the
1459 857 88 31 object;
1576 863 49 21 one,
1649 856 62 23 That
1734 856 37 23 the
1795 856 56 23 New

1269 891 102 23 Zealand
1383 891 117 30 Company
1513 889 82 24 should
1606 888 58 25 avail
1682 889 135 23 themselves
1830 890 25 22 of

1268 932 14 14 a
1291 924 131 31 provision-,
1424 924 23 23 in
1467 924 58 23 their
1545 923 103 27 Charter,
1669 922 73 23 which
1761 922 90 23 enables

1269 957 62 23 them
1343 961 23 19 to
1378 957 85 23 borrow
1475 964 82 22 money
1568 956 53 22 here
1641 955 44 23 and
1702 960 22 18 to
1736 955 51 23 lend
1800 956 17 22 it
1829 956 23 22 in

1269 990 38 23 the
1320 990 95 30 Colony,
1428 990 43 23 and
1486 989 81 24 should
1580 988 135 24 themselves
1726 988 126 24 undertake

1270 1023 38 23 the
1330 1023 105 23 business
1445 1031 6 15 :
1481 1031 12 15 a
1517 1022 91 29 second,
1632 1022 61 22 That
1714 1030 12 14 a
1750 1027 102 24 separate

1270 1064 110 23 company
1400 1057 28 22 be
1457 1055 86 24 formed
1556 1064 6 15 :
1593 1063 12 14 a
1634 1055 67 27 third,
1731 1055 61 23 That
1814 1055 38 23 the

1268 1089 135 23 Australian
1416 1089 71 23 Trust
1507 1088 118 31 Company
1636 1087 81 23 should
1729 1088 28 22 be
1768 1088 85 23 invited

1270 1127 22 18 to
1305 1123 82 23 extend
1406 1123 31 22 its
1454 1122 126 30 operations
1593 1125 22 19 to
1633 1121 59 22 New
1707 1121 108 29 Zealand,
1828 1129 25 15 as

1270 1155 38 23 the
1320 1155 79 23 Union
1419 1155 67 23 Bank
1499 1154 24 23 of
1538 1154 118 24 Australia
1674 1154 41 22 has
1727 1154 67 24 done.
1830 1154 23 23 It

1270 1189 73 23 woulil
1354 1189 28 23 be
1394 1189 62 30 quite
1467 1193 39 18 out
1512 1187 24 23 of
1546 1188 62 30 place
1618 1187 53 23 here
1683 1191 23 18 to
1718 1187 88 23 discuss
1815 1188 37 23 the

1270 1220 92 26 relative
1380 1222 78 22 merits
1476 1222 26 22 of
1522 1221 63 23 these
1602 1220 73 31 plan's.
1713 1220 138 31 Supposing,

1269 1255 53 22 with
1345 1263 57 22 your
1420 1255 43 28 aid,
1486 1262 13 15 a
1520 1253 56 24 fund
1594 1254 20 23 is
1637 1253 107 31 provided
1762 1253 35 24 for
1815 1253 38 24 the

1270 1288 96 30 Colony,
1385 1288 19 23 it
1414 1289 20 22 is
1446 1287 130 31 impossible
1590 1291 38 19 not
1648 1291 23 19 to
1690 1287 102 30 perceive
1804 1287 48 23 that

1268 1329 46 22 you
1336 1321 47 23 will
1405 1321 27 24 be
1460 1321 122 31 especially
1609 1319 113 24 benefited
1750 1320 101 30 thereby,

1269 1354 117 31 although,
1406 1362 25 15 as
1444 1354 12 23 I
1473 1354 57 23 have
1548 1354 72 22 stated
1639 1353 83 28 before,
1739 1361 44 22 you
1799 1361 53 23 may

1270 1387 148 30 individually
1429 1387 126 23 contribute
1566 1392 24 17 to
1602 1386 44 23 this
1659 1386 88 31 object;
1767 1387 18 22 it
1792 1392 61 17 must

1269 1420 28 23 be
1310 1421 93 23 obvious
1416 1421 47 22 that
1474 1428 45 22 you
1533 1419 43 23 will
1594 1419 27 24 be
1639 1420 69 22 much
1728 1427 62 16 more
1803 1420 49 23 able

1271 1458 22 18 to
1305 1453 71 23 afford
1388 1453 103 23 effectual
1503 1456 95 27 support
1609 1453 86 23 thereto
1708 1460 25 15 as
1746 1460 13 15 a
1775 1453 78 23 united

1269 1486 67 31 body.
1373 1486 24 23 It
1414 1486 126 31 frequently
1553 1486 101 31 happens
1672 1485 49 23 that
1738 1485 61 24 there
1816 1493 37 16 ar«

1270 1527 115 16 measures
1407 1520 25 22 of
1454 1519 84 23 benefit
1558 1523 22 19 to
1603 1518 144 24 recommend
1769 1523 23 19 to
1816 1519 37 23 the

1271 1552 126 31 Company,
1427 1552 73 23 which
1528 1560 41 15 can
1592 1552 28 23 be
1641 1552 73 31 urged
1738 1551 52 24 with
1812 1552 42 23 but

1271 1586 114 24 moderate
1404 1586 59 23 force
1482 1586 32 30 by
1525 1594 28 14 an
1571 1585 132 28 individual,
1722 1585 42 23 but
1782 1585 70 23 which

1270 1627 14 14 a
1296 1619 131 29 resolution,
1439 1620 129 30 emanating
1579 1618 58 23 from
1649 1626 52 22 you,
1710 1617 37 31 (as
1759 1626 13 15 a
1783 1618 71 32 body)

1271 1652 73 24 would
1357 1660 78 16 secure
1447 1652 128 23 immediate
1592 1652 81 23 notice.
1710 1651 58 23 This
1780 1652 73 23 action

1270 1693 61 23 upon
1355 1686 37 22 the
1416 1686 55 23 New
1495 1684 100 24 Zealand
1620 1684 125 32 Company,
1768 1685 20 23 is
1813 1693 42 15 one

1271 1719 72 23 which
1356 1723 81 19 cannot
1454 1719 28 23 be
1495 1718 77 24 called-
1585 1718 46 23 into
1648 1718 52 31 play
1712 1718 94 23 without
1818 1718 37 23 the

1272 1752 155 30 organization
1447 1751 11 24 I
1479 1759 95 23 propose
1584 1759 6 20 ;
1610 1751 53 23 take
1681 1752 94 23 another
1787 1751 67 31 body,

1271 1785 97 31 namely,
1390 1785 38 23 the
1446 1785 142 31 parliament.
1631 1784 52 24 You
1700 1785 57 23 have
1773 1792 83 24 among

1271 1826 45 22 you
1334 1818 112 23 members
1465 1818 24 23 of
1507 1818 55 23 both
1580 1817 90 29 houses,
1692 1818 57 28 who,
1767 1818 21 23 if
1802 1818 53 30 they

1274 1859 48 15 now
1334 1852 93 22 address
1446 1851 71 23 either
1529 1851 78 28 house,
1620 1851 73 23 would
1712 1851 28 23 be
1754 1851 66 23 liable
1832 1856 23 18 to

1273 1884 37 24 the
1323 1885 114 31 suspicion
1447 1884 25 23 of
1480 1884 121 30 obtruding
1612 1884 58 23 their
1682 1884 85 30 private
1780 1884 75 23 affairs

1273 1917 124 31 thereupon
1407 1928 7 18 ;
1434 1917 97 31 charged
1541 1918 54 22 with
1608 1925 12 15 a
1631 1918 95 29 petition
1737 1917 57 23 from
1802 1925 52 22 you,

1273 1951 53 30 they
1355 1951 72 22 would
1455 1958 90 15 assume
1572 1957 29 16 an
1630 1950 95 30 entirely
1752 1951 104 22 different

1273 1984 125 23 character.
1434 1984 84 30 Again,
1538 1984 63 22 there
1618 1991 38 14 are
1674 1991 69 23 many
1757 1983 98 31 subjects

1272 2017 73 22 which
1359 2017 64 22 could
1435 2017 27 22 be
1481 2017 99 29 brought
1596 2016 77 23 before
1692 2016 37 23 the
1747 2017 75 22 notice
1834 2017 25 22 of

1274 2050 36 22 the
1330 2050 88 28 House,
1432 2050 73 22 which
1523 2057 57 22 your
1598 2049 174 31 parliamentary
1784 2057 72 15 mem-

1273 2083 51 23 bers
1337 2083 73 22 would
1422 2087 38 18 not
1477 2083 96 22 hesitate
1585 2086 22 19 to
1620 2082 35 28 do,
1667 2083 21 21 if
1696 2082 88 23 backed
1802 2083 29 29 by
1843 2091 13 14 a

1273 2116 123 23 resolution
1406 2116 24 23 of
1437 2124 76 22 yours,
1527 2123 56 15 e-.-en
1593 2115 93 24 without
1693 2115 38 23 the
1743 2116 113 30 formality

1274 2150 25 22 of
1307 2158 13 14 a
1336 2150 103 30 petition.
1475 2149 105 23 Another
1590 2153 65 27 great
1665 2157 40 14 use
1717 2154 23 18 to
1753 2149 27 22 be
1792 2151 64 20 made

1274 2183 24 23 of
1308 2191 28 14 an
1348 2184 134 22 association
1496 2182 25 23 of
1530 2183 37 23 the
1580 2181 63 29 kind,
1656 2183 19 22 is
1688 2182 38 23 the
1738 2182 120 31 collecting

1274 2216 45 23 and
1346 2216 117 30 recording
1488 2216 24 23 of
1536 2216 144 23 information
1702 2215 104 23 valuable
1834 2220 22 18 to

1273 2249 131 30 yourselves
1415 2250 23 22 in
1457 2257 56 22 your
1526 2249 113 23 character
1656 2249 25 22 of
1689 2249 53 23 land
1755 2256 86 15 owners
1851 2258 5 14 :

1275 2282 37 23 the
1331 2283 124 30 advantage
1468 2282 24 23 of
1511 2283 56 22 such
1587 2290 28 15 an
1631 2283 156 29 organization
1806 2290 24 15 as
1844 2283 13 22 I

1275 2323 48 16 now
1335 2323 104 23 propose,
1452 2316 73 23 would
1541 2316 27 22 be
1581 2315 152 30 immediately
1749 2323 53 15 seen
1815 2316 43 22 and

1274 2349 69 23 taken
1356 2349 123 31 advantage
1493 2349 23 23 of
1525 2349 30 30 by
1568 2348 37 24 the
1618 2349 116 23 colonists.
1770 2348 13 24 I
1801 2353 58 19 trust

1276 2382 11 23 I
1307 2382 57 23 have
1381 2390 51 15 now
1451 2382 50 23 said
1519 2382 90 30 enough
1627 2387 22 18 to
1667 2382 81 23 induce
1770 2389 45 23 you
1836 2387 24 18 at

1275 2424 54 14 once
1338 2420 23 18 to
1367 2416 64 23 unite
1439 2415 102 31 together
1548 2417 23 21 in
1581 2416 37 22 the
1627 2422 93 17 manner
1729 2415 12 23 I
1749 2420 95 26 suggest
1851 2425 6 19 ;

1276 2449 37 23 the
1325 2448 88 24 trouble
1425 2454 21 18 to
1466 2448 54 24 each
1540 2448 24 24 of
1580 2456 50 22 you,
1646 2448 155 30 individually,
1815 2449 45 23 will
1865 2453 2 22 ;

1274 2482 27 24 be
1324 2483 123 29 extremely
1468 2481 64 24 small
1543 2491 6 20 ;
1578 2482 38 23 the
1639 2489 99 24 expense
1759 2486 56 18 next
1836 2486 23 19 to

1275 2515 110 31 nothing;
1406 2516 37 23 the
1458 2516 137 29 advantages
1615 2519 22 19 to
1656 2516 28 22 be
1696 2514 91 23 derived
1800 2514 58 24 from

1275 2549 56 23 such
1343 2556 28 16 an
1383 2549 135 23 association
1534 2556 37 16 are
1583 2553 37 19 too
1632 2548 150 30 conspicuous
1795 2552 23 18 to
1832 2548 27 23 be

1275 2581 98 24 doubted
1384 2589 25 15 or
1420 2581 104 31 disputed
1533 2591 5 19 ;
1559 2582 37 23 the
1616 2581 92 23 balance
1720 2589 29 15 on
1761 2580 38 24 the
1811 2581 48 23 side

1275 2615 26 23 of
1316 2614 58 31 good
1385 2615 21 22 is
1424 2615 80 23 indeed
1753 2613 61 24 How
1825 2614 35 24 far

1275 2648 45 23 this
1339 2648 107 31 powerful
1467 2648 79 30 appeal
1557 2652 24 18 to
1600 2648 37 23 the
1657 2647 98 23 hitherto
1768 2647 90 31 apathy,

1276 2681 51 28 and,
1340 2689 25 15 as
1380 2681 20 23 it
1414 2680 74 24 would
1507 2688 90 24 appear,
1610 2681 78 23 selfish
1708 2680 43 23 and
1763 2681 95 23 isolated

1276 2715 65 31 spirit
1354 2714 24 23 of
1387 2714 163 31 individuality,
1563 2721 52 24 may
1630 2714 58 23 have
1702 2713 38 24 the
1757 2714 66 23 effect
1836 2714 28 23 of

1276 2748 94 30 rousing
1388 2747 62 23 these
1470 2752 84 26 gents.,
1571 2747 53 23 time
1643 2747 46 23 will
1706 2747 69 23 shew.
1811 2747 49 23 The

1277 2782 61 22 main
1357 2781 56 29 hope
1433 2781 24 22 of
1475 2782 30 22 its
1524 2781 69 30 doing
1611 2789 25 14 so
1656 2781 27 28 is,
1698 2780 49 24 that
1764 2781 24 22 in
1802 2780 60 24 their

1265 2806 2 41 j
1277 2819 117 26 corporate
1406 2815 101 30 capacity
1520 2813 53 31 they
1587 2814 43 23 will
1642 2814 28 23 be
1686 2813 51 24 able
1748 2819 23 17 to
1783 2821 79 24 piose-

1278 2854 25 16 cu
1307 2852 21 17 te
1334 2847 59 23 their
1398 2847 123 23 individual
1526 2848 106 23 interests
1638 2855 62 15 more
1705 2847 143 31 beneficially
1853 2856 5 20 ;

1277 2881 43 22 and
1344 2888 29 15 no
1396 2885 82 19 matter
1500 2881 30 30 by
1548 2880 61 24 what
1630 2881 96 23 motives
1748 2880 54 31 they
1825 2888 37 16 are

1277 2913 126 31 prompted,
1415 2921 29 16 no
1454 2914 133 23 reasonable
1599 2921 52 16 man
1662 2914 42 23 has
1714 2921 44 23 any
1766 2913 61 31 right
1839 2919 23 18 to

1277 2947 113 30 complain
1409 2947 26 23 of
1451 2946 58 24 their
1521 2947 85 28 effects,
1620 2954 26 16 so
1660 2947 55 30 long
1728 2955 33 20 as,
1774 2947 20 23 if
1809 2947 54 31 they

1279 2980 27 23 do
1318 2986 40 17 not
1370 2980 84 23 benefit
1466 2980 60 23 third
1545 2980 92 31 parties,
1650 2980 53 30 they
1715 2980 28 23 do
1755 2984 40 19 not
1806 2980 57 23 have

1278 3020 13 16 a
1302 3018 105 25 contrary
1418 3013 118 30 tendency.
1573 3013 55 23 And
1645 3020 31 16 we
1689 3020 39 16 are
1740 3017 40 19 not
1791 3014 71 22 afraid

1279 3046 24 23 of
1323 3047 38 22 the
1383 3046 145 28 individuals,
1555 3046 54 23 here
1631 3054 63 15 more
1717 3047 146 30 particularly

1279 3079 127 29 addressed,
1418 3080 23 22 of
1452 3080 68 30 being
1532 3088 24 14 so
1564 3079 64 24 short
1634 3080 90 31 sighted
1729 3088 25 14 as
1760 3084 22 18 to
1789 3084 38 18 cut
1834 3080 32 23 off

1279 3113 57 22 their
1348 3120 66 15 noses
1427 3118 20 17 to
1460 3113 28 23 be
1500 3113 101 31 avenged
1620 3121 28 16 on
1668 3113 59 23 their
1742 3113 57 28 face,
1819 3114 44 22 and

1279 3146 113 22 thereford
1404 3146 101 31 strongly
1515 3146 144 23 recommend
1668 3146 61 23 them
1742 3151 22 18 to
1801 3146 61 29 read,

1279 3178 73 29 mark,
1365 3179 70 28 learn,
1448 3179 44 23 and
1511 3179 107 31 inwardly
1630 3179 75 30 digest
1746 3179 37 24 the
1803 3179 60 24 third

1279 3212 95 23 number
1386 3212 23 22 of
1420 3212 37 23 the
1469 3212 57 22 New
1538 3212 104 24 Zealand
1653 3212 125 29 Portfolio.

1314 3271 50 23 Our
1383 3271 110 24 attention
1508 3271 40 24 has
1566 3272 137 30 necessarily
1721 3273 58 22 been
1797 3274 66 29 again

1280 3306 75 22 drawn
1368 3309 23 18 to
1403 3304 37 23 the
1453 3309 57 19 state
1529 3305 25 23 of
1571 3305 37 23 the
1620 3304 67 24 Land
1700 3304 121 30 Question,
1834 3306 30 31 by

1280 3339 37 22 the
1342 3338 97 30 perusal,
1463 3342 39 19 not
1525 3338 53 31 only
1600 3338 24 23 of
1651 3338 49 23 Mr.
1725 3339 138 31 Chapman's

1280 3372 87 27 Letter,
1380 3370 41 23 but
1439 3371 29 30 by
1481 3371 37 23 the
1529 3376 65 26 great
1606 3370 44 24 and
1668 3372 114 30 pertinent
1794 3377 69 19 stress

1280 3404 46 24 laid
1344 3411 59 24 upon
1414 3405 20 22 it
1447 3404 31 31 by
1490 3412 41 15 our
1547 3405 189 30 contemporaries
1757 3405 21 23 in
1797 3413 67 23 every

1280 3437 129 24 settlement
1428 3437 24 23 of
1468 3437 38 23 the
1519 3438 95 30 Colony.
1652 3438 67 23 Until
1731 3438 48 23 that
1795 3446 69 23 ques-

1281 3471 55 27 tion,
1361 3470 24 22 in
1402 3471 30 21 its
1449 3471 108 23 essential
1579 3471 82 31 points,
1681 3471 20 22 is
1719 3471 89 28 settled,
1831 3480 33 15 we

1282 3504 88 23 confess
1395 3510 32 16 we
1448 3502 29 24 do
1499 3508 41 19 not
1556 3511 38 16 see
1612 3503 49 23 how
1679 3512 14 15 a
1713 3504 65 23 Loan
1797 3504 67 24 Fund

1283 3537 116 30 Company
1412 3535 67 25 could
1495 3544 62 16 come
1578 3537 127 30 effectually
1718 3537 47 23 into
1783 3545 81 23 opera-

1282 3570 47 23 tion
1340 3577 6 20 ;
1364 3569 36 22 for
1410 3570 111 28 instance,
1533 3570 24 23 in
1577 3570 38 23 the
1633 3568 88 24 Nelson
1738 3569 126 24 Examiner

1283 3603 25 23 of
1316 3602 38 23 the
1367 3602 58 23 25th
1437 3602 25 23 of
1471 3602 125 31 February,
1609 3602 39 24 the
1660 3603 73 23 editor
1742 3610 55 25 very
1804 3604 60 31 truly

1282 3635 103 24 remarks
1386 3647 34 5 —
1442 3635 79 31 Every
1537 3640 50 27 step
1599 3643 33 16 we
1643 3635 67 24 make
1721 3636 24 23 in
1757 3637 106 29 advance,

1283 3675 67 23 every
1361 3676 80 16 nearer
1460 3669 113 31 approach
1590 3669 97 23 towards
1707 3669 38 23 the
1760 3669 104 32 ordinary

1283 3701 107 24 standard
1402 3702 25 23 of
1435 3702 117 23 executive
1564 3702 188 30 establishment,..
1754 3702 74 24 shows
1838 3711 26 16 us

1283 3742 62 16 more
1355 3734 86 31 plainly
1453 3734 40 24 the
1503 3739 51 19 vast
1564 3735 85 24 barrier
1660 3739 23 19 to
1698 3742 108 25 progress
1816 3736 48 24 that

1283 3769 20 22 is
1321 3769 120 29 presented
1461 3768 31 31 by
1511 3768 38 23 the
1568 3768 114 24 unsettled
1703 3774 58 18 state
1782 3769 26 23 of
1827 3770 37 23 the

1284 3801 104 30 question
1407 3809 25 15 as
1451 3805 23 19 to
1486 3801 61 23 titles
1559 3805 23 19 to
1598 3809 41 16 our
1655 3801 73 24 lands.
1764 3802 35 23 As
1811 3802 53 29 this,

1284 3834 56 28 that,
1353 3833 44 24 and
1408 3834 38 23 the
1458 3834 64 23 other
1534 3842 67 15 cause
1612 3835 34 24 .of
1663 3835 123 31 complaint
1797 3835 20 22 is
1829 3843 35 16 re-

1284 3866 87 29 moved,
1381 3875 34 15 we
1427 3866 53 32 only
1488 3868 100 30 perceive
1601 3868 38 23 the
1648 3875 62 16 more
1723 3868 82 29 clearly
1816 3868 48 25 how

1284 3899 87 24 useless
1383 3899 30 23 all
1425 3908 40 15 our
1477 3899 78 24 labour
1566 3899 42 24 has
1619 3901 66 28 been,
1700 3900 50 23 how
1767 3901 55 23 vain'
1837 3903 27 23 all

1286 3940 41 16 our
1336 3932 57 30 long
1403 3937 81 26 urgent
1495 3940 40 23 cry
1546 3933 35 23 for
1596 3933 43 28 aid,
1655 3932 66 24 while
1733 3932 37 24 the
1782 3934 82 24 barrier

866 135 166 19 FREIGHTS.

657 166 96 21 London
1143 163 13 18 6
1183 163 14 18 0
1223 164 14 19 0

657 192 56 22 New
728 192 78 21 South
821 190 86 22 Wai.es
922 197 44 14 and
976 189 29 21 V.
1017 187 28 22 D.
1058 188 21 21 L.
1107 188 49 20 ..2
1183 188 14 19 0
1224 188 14 19 0

657 218 95 22 Nelson
1143 214 14 20 2
1184 216 13 18 0
1224 214 15 19 0

657 245 124 21 Taranaki
792 251 45 15 and
845 244 73 21 Coast
1143 241 14 20 2
1184 242 13 19 0
1224 240 14 20 0

658 272 130 21 Auckland
1171 267 40 19 »»'•

758 329 112 21 AGENTS
885 328 56 20 FOR
960 326 69 22 THIS
1046 326 94 20 PAPER.

679 363 36 17 Mr.
727 363 128 16 BURCHAM
946 363 75 14 Petoni.

679 384 36 17 Mr.
727 383 22 17 C.
762 381 111 21 ELLIOTT,
884 381 103 18 Examiner
995 379 63 21 Office,
1066 379 68 17 Nelson
1141 378 75 18 Haven.

679 404 36 17 Mr.
727 404 19 17 J.
753 403 25 18 B.
786 402 91 19 BAINES
950 401 48 17 New
1005 400 103 21 Plymouth,
1115 400 102 17 Taranald.

679 425 36 17 Mr.
728 425 25 17 H.
764 423 123 18 CHURTON
950 421 115 23 Wanganui.

680 446 35 17 Mr.
727 445 30 17 W.
769 444 99 18 WILSON
949 443 42 21 Bay
999 442 21 18 of
1028 441 79 18 Islands.

659 492 94 63 New
784 492 219 63 Zealand
1034 492 218 63 Gazette

698 559 68 22 AND
781 558 213 23 WELLINGTON
1014 555 182 23 SPECTATOR.

767 612 155 23 Wednesday,
938 611 88 22 March
1041 611 20 25 8,
1074 610 60 21 1843.

649 665 2 28 !
694 665 50 23 Our
764 668 169 26 contemporary
950 663 26 23 of
991 663 36 23 the
1047 661 96 23 Colonist
1160 662 24 24 in
1203 661 36 23 his

659 698 91 31 leading
763 697 78 24 article
853 697 24 23 of
889 696 126 31 yesterday,
1027 694 66 24 refers
1106 700 22 18 to
1141 703 41 15 our
1193 695 46 23 late

660 731 156 24 observations
827 737 29 16 on
868 730 37 23 the
918 730 55 29 Jury
986 728 131 29 Ordinance,
1129 728 40 22 but
1181 728 28 23 he
1219 729 19 21 is

660 764 48 24 still
719 772 26 15 as
755 764 34 23 far
801 772 25 15 as
846 771 51 16 ever
907 762 58 24 from
977 761 79 30 taking
1067 769 9 15 a
1087 765 87 19 correct
1183 762 55 22 view

661 798 24 23 of
698 797 36 23 the
747 797 96 31 subject.

695 831 50 23 The
757 830 110 31 principal
880 829 110 31 objection
1001 827 69 23 which
1084 827 29 23 he
1124 827 75 24 raised
1211 835 28 15 on

661 872 13 14 a
685 865 84 21 former
781 863 102 23 occasion
897 867 22 17 to
937 862 37 22 the
986 860 98 30 working
1096 860 24 22 of
1137 860 37 24 the
1192 861 47 23 Or-

661 897 102 27 dinance,
777 896 42 23 and
828 896 23 21 in
861 895 71 22 which
941 895 30 22 he
981 893 44 24 still
1038 894 98 29 persists,
1149 894 28 28 is,
1191 894 49 23 that

660 930 19 22 it
691 929 99 31 requires
806 929 37 22 the
861 928 108 29 Jurymen
981 933 23 17 to
1016 926 27 23 be

661 962 57 23 Now
731 969 52 23 says
794 961 29 24 he
835 960 63 23 there
915 969 36 14 are
964 968 28 15 no
1002 959 133 23 freeholders
1147 960 23 22 in
1183 960 56 23 New

661 995 108 28 Zealand,
781 1002 42 16 nor
835 1001 41 16 can
884 994 61 23 there
958 994 27 22 be
997 1001 43 21 any
1051 992 89 23 without
1151 1001 12 14 a
1173 997 67 26 grant

659 1028 58 24 from
738 1028 38 23 the
788 1028 82 23 Crown
879 1036 6 19 ;
906 1027 43 23 and
967 1027 29 22 he
1009 1026 51 22 then
1073 1025 96 31 proffers
1181 1026 59 23 what

659 1062 29 24 he
701 1060 116 25 considers
828 1068 14 15 a
851 1061 89 30 remedy
953 1060 34 22 for
998 1058 37 23 the
1047 1058 113 31 difficulty.

696 1095 50 23 The
765 1092 111 32 difficulty
896 1093 39 23 has
954 1093 101 22 however
1069 1100 28 14 no
1117 1092 121 29 existence,

661 1133 80 26 except
772 1128 24 22 in
817 1135 40 15 our
879 1125 187 31 contemporary's
1080 1125 158 30 imagination.

661 1161 61 24 That
733 1161 64 23 there
809 1168 37 15 are
857 1163 63 27 great
931 1159 123 31 objections
1069 1162 21 18 to
1103 1158 38 23 the
1153 1157 86 24 Ordin-

661 1202 54 15 ance
727 1194 20 23 is
760 1199 58 23 true,
829 1193 42 23 but
879 1192 36 24 the
927 1197 58 18 want
995 1190 24 24 of
1028 1190 132 24 freeholders
1170 1193 20 21 is
1200 1196 40 19 not

662 1236 43 15 one
718 1228 25 22 of
753 1227 69 22 them.

696 1260 108 30 Lawyers
820 1260 57 22 view
895 1263 81 19 estates
988 1255 59 33 (that
1059 1257 22 29 is,
1103 1258 95 23 interest
1215 1258 25 23 in

661 1292 74 32 land,)
753 1295 23 21 in
788 1296 44 20 two
845 1296 94 27 aspects.
977 1291 69 27 First,
1063 1298 22 15 as
1096 1291 93 30 regards
1202 1290 37 24 the

662 1327 86 31 quality
757 1335 6 19 ;
783 1325 45 24 and
840 1324 112 31 secondly,
971 1332 25 15 as
1018 1322 88 32 regards
1122 1324 37 23 the
1172 1324 67 23 dura-

662 1362 55 21 tion.
755 1359 29 23 In
805 1359 86 30 quality
903 1358 50 30 they
967 1364 37 16 are
1021 1357 72 22 rather
1104 1356 68 31 legal,
1192 1357 48 23 that

663 1394 26 27 is,
703 1392 56 24 such
771 1399 24 16 as
809 1400 36 15 ;uo
859 1390 131 31 recognized
1007 1390 23 22 iv
1044 1390 78 23 Courts
1134 1390 25 23 of
1171 1390 69 23 Corn-

662 1434 52 15 man
727 1425 55 24 Law
789 1434 6 19 ;
818 1432 25 15 or
854 1424 119 31 equitable,
992 1422 48 23 that
1058 1424 15 21 is
1091 1422 57 24 such
1166 1431 24 15 as
1203 1431 37 15 are

663 1458 134 32 recognized
816 1457 50 31 only
883 1458 24 22 in
930 1458 82 22 Courts
1033 1455 25 23 of
1073 1455 94 32 Equity.
1211 1456 29 23 In

663 1493 104 23 duration
783 1491 53 30 th?y
849 1499 50 22 may
911 1490 26 24 be
959 1489 75 24 rather
1046 1493 78 19 estates
1137 1494 22 18 at
1178 1490 62 28 Will,

663 1526 35 23 for
714 1533 73 23 years,
811 1524 33 23 for
861 1524 46 28 life,
926 1531 25 15 or
963 1523 23 23 of
1005 1522 142 23 inheritance.
1183 1522 58 23 Now

663 1560 38 22 the
713 1564 58 18 term
808 1557 100 23 freehold
938 1557 20 22 is
971 1563 67 16 never
1047 1555 51 23 used
1110 1556 28 30 by
1147 1556 93 29 lawyers

664 1597 21 18 to
696 1592 80 23 denote
789 1591 37 23 the
839 1590 84 30 quality
934 1590 26 23 of
975 1596 27 16 an
1015 1593 73 24 estate,
1106 1589 41 22 but
1158 1589 83 30 always

664 1630 23 19 to
707 1625 81 23 denote
801 1625 38 22 the
859 1623 110 23 duration.
1006 1621 88 23 Estates
1107 1627 23 18 at
1142 1622 53 28 will,
1218 1630 24 15 or

663 1660 35 22 for
708 1665 73 24 years,
795 1665 38 15 are
850 1656 44 23 less
912 1657 52 22 than
976 1654 96 25 freehold
1080 1663 6 20 ;
1105 1660 83 18 estates
1207 1655 34 23 for

663 1692 38 23 life
723 1699 25 15 or
772 1690 25 24 of
820 1690 137 22 inheritance
980 1695 38 17 are
1040 1688 103 23 freehold.
1192 1688 50 23 The

663 1724 87 31 quality
762 1723 24 23 of
797 1723 61 24 these
871 1722 112 23 freeholds
1002 1728 50 22 may
1061 1721 25 23 be
1098 1721 72 24 either
1181 1721 59 31 legal

665 1766 24 14 or
701 1756 120 31 equitable,
840 1756 118 29 according
971 1759 20 19 to
1004 1754 176 29 circumstances,
1201 1755 42 23 but

665 1792 22 21 in
708 1790 72 23 either
804 1797 50 15 ca^c
877 1789 51 31 they
952 1796 37 15 are
1012 1787 84 30 equally
1120 1787 120 24 freeholds.

665 1824 128 23 Whenever
811 1830 14 15 a
837 1826 62 27 party
913 1822 17 22 is
949 1820 93 24 entitled
1054 1825 17 18 to
1089 1829 28 15 an
1130 1820 112 31 equitable

665 1857 107 27 freehold,
793 1856 38 23 the
848 1855 58 30 legal
926 1859 72 19 estate
1016 1853 19 23 is
1055 1857 18 20 to
1091 1854 28 23 be
1131 1854 69 23 found
1220 1855 22 22 in

665 1897 62 16 some
746 1890 64 22 other
829 1896 88 23 person,
939 1888 48 23 who
1006 1888 19 21 is
1038 1887 121 31 commonly
1173 1887 71 23 called

665 1923 34 23 his
712 1927 94 19 trustee.
843 1922 27 22 i;\
884 1921 54 23 New
949 1920 100 24 Zealand
1057 1920 34 22 the
1100 1920 58 31 legal
1172 1925 70 19 estate

666 1961 21 18 to
699 1956 30 23 all
742 1956 38 23 the
791 1955 65 23 lands
867 1956 19 22 is
898 1955 21 23 in
930 1955 37 22 the
977 1954 87 28 Crown;
1080 1953 38 24 the
1130 1954 113 30 equitable

666 1994 70 18 estate
748 1991 20 20 is
779 1989 23 22 in
812 1988 36 23 the
857 1989 81 29 parties
946 1987 49 23 who
1008 1987 51 23 have
1066 1987 105 22 obtained
1180 1987 60 23 titles

666 2022 98 30 through
772 2022 38 22 the
820 2022 55 22 New
886 2020 97 24 Zealand
993 2020 118 30 Company,
1121 2018 36 32 (or
1167 2019 76 24 other-

666 2057 53 21 wise
727 2056 18 22 it
751 2063 51 21 may
807 2053 40 31 be)
855 2059 23 18 to
890 2053 62 24 those
962 2053 70 23 lands.
1056 2053 27 22 So
1092 2053 56 28 that,
1157 2053 87 30 though

666 2097 32 14 we
710 2088 57 23 have
783 2094 27 17 no
823 2087 58 30 legal
893 2086 142 28 freeholders,
1049 2093 26 15 we
1087 2084 57 24 have
1155 2086 88 23 abund-

666 2129 54 16 ance
733 2122 24 22 of
772 2121 113 30 equitable
897 2128 60 15 ones.
995 2119 56 23 Now
1063 2118 38 23 the
1114 2118 130 25 Ordinance

668 2154 82 31 merely
762 2162 51 15 uses
828 2153 27 22 t\.
854 2162 9 7 n
874 2158 54 18 term
1092 2152 23 23 in
1127 2160 14 15 a
1151 2153 93 30 general

666 2196 73 21 sense,
752 2187 94 23 withoi.t
868 2186 110 24 reference
996 2189 22 19 to
1043 2186 24 22 its
1087 2185 94 32 quality,
1200 2186 46 23 and

651 2224 3 33 |
666 2221 63 23 there
741 2229 73 15 seems
832 2225 38 18 not
881 2219 36 23 the
929 2219 104 31 slightest
1050 2218 83 31 ground
1146 2218 34 23 for
1192 2227 52 22 say-

667 2255 39 30 ing
718 2254 49 23 that
777 2255 19 21 it
807 2255 19 21 is
836 2258 20 16 to
869 2253 28 22 be
905 2252 116 24 restricted
1030 2256 21 18 to
1058 2252 58 29 legal
1124 2252 120 29 freeholds,

667 2287 72 23 which
756 2287 38 23 the
807 2286 94 23 Council
919 2290 22 19 at
953 2285 37 24 the
1009 2285 49 23 time
1070 2285 25 22 of
1113 2285 98 30 framing
1228 2286 18 22 it

668 2320 65 24 knew
746 2328 57 15 were
824 2325 39 17 not
879 2323 22 19 to
920 2319 28 23 be
960 2318 69 24 found
1047 2319 18 21 in
1084 2318 38 23 the
1140 2318 71 23 hands
1223 2319 25 23 of

668 2354 85 30 private
764 2361 101 23 persons,
886 2358 21 17 to
919 2352 37 23 the
967 2351 110 24 exclusion
1091 2351 26 23 of
1132 2352 113 30 equitable

668 2394 61 21 ones,
754 2385 72 24 which
848 2386 19 22 is
892 2385 35 23 the
952 2384 55 31 only
1025 2385 81 30 species
1134 2392 32 16 we
1188 2384 58 24 have

668 2424 104 26 amongst
784 2427 35 16 us.

702 2453 51 23 The
771 2452 70 23 above
861 2452 100 22 remarks
981 2458 31 15 we
1033 2450 60 23 think
1115 2450 44 24 will
1179 2450 67 24 make

669 2486 59 23 clear
740 2486 38 23 the
789 2486 97 23 mi.-iake
899 2493 39 14 our
950 2488 164 26 contemporary
1126 2483 40 24 has
1176 2484 70 23 fallen

668 2520 55 27 into,
745 2519 64 23 when
832 2518 26 23 lie
877 2526 57 23 says,
956 2518 48 22 that
1023 2516 32 24 the
1073 2516 119 24 Governor
1204 2525 41 15 can

692 2552 68 23 make
946 2551 37 23 the
994 2555 57 18 most
1059 2550 28 23 he
1097 2558 43 15 can
1151 2550 28 23 do
1192 2551 19 22 is
1223 2556 23 18 to

668 2585 181 30 metamorphose
861 2584 111 31 equitable
983 2584 47 22 into
1041 2583 53 30 legal
1107 2591 63 16 ones.

702 2642 44 23 We
759 2649 88 16 resume
866 2650 40 14 our
924 2641 74 31 digest
1009 2641 26 22 of
1049 2641 42 23 Mr.
1107 2641 139 31 Chapman's

654 2681 3 25 ;
672 2675 59 24 third
743 2676 95 23 number
851 2675 25 23 of
889 2674 35 23 his
938 2674 115 24 Portfolio.

704 2708 39 24 He
757 2709 117 22 continues
980 2711 60 19 must
1056 2707 26 23 be
1102 2707 50 23 well
1174 2715 72 16 aware

671 2742 48 23 that
729 2749 12 15 a
757 2741 127 31 gentleman
897 2741 23 23 of
936 2740 37 23 the
991 2747 61 16 n.ime
1063 2741 24 21 of
1104 2740 89 23 Rennie
1206 2740 41 24 has

655 2774 3 22 I
670 2774 111 32 proposed
793 2780 21 18 to
835 2773 38 25 the
894 2774 55 23 New
968 2773 94 24 Zealand
1080 2773 117 31 Company
1211 2773 36 25 the

656 2827 3 17 (
672 2808 128 23 immediate
819 2806 170 25 establishment
1000 2806 25 23 of
1039 2815 11 14 a
1060 2806 86 23 Fourth
1162 2806 85 25 Settle-

656 2847 2 25 j
672 2845 69 24 ment,
755 2848 28 16 on
804 2848 14 15 a
835 2840 53 31 plan
906 2840 104 30 differing
1029 2839 149 31 considerably
1188 2840 59 24 from

656 2873 3 24 I
672 2874 64 23 those
760 2874 25 23 of
811 2873 37 23 the
872 2874 138 23 settlements
1035 2872 93 24 hitherto
1151 2873 95 24 formed.

671 2907 111 23 Whether
802 2906 46 24 Mr.
863 2907 110 23 Rennie's
990 2905 52 31 plan
1056 2906 20 22 is
1096 2907 24 21 in
1133 2914 66 23 every
1211 2914 36 16 re-

656 2946 3 31 j
672 2946 62 25 spect
746 2939 56 24 such
823 2947 24 16 at>
868 2940 37 23 the
923 2940 117 30 Company
1049 2939 81 23 should
1141 2939 75 31 adopt,
1228 2940 21 23 is

672 2982 13 14 a
696 2974 104 31 question
812 2974 35 22 for
859 2973 125 23 discussion
1000 2973 23 21 in
1035 2972 66 23 wl'irh
1113 2980 51 23 you,
1179 2973 25 23 of
1218 2974 30 22 all

672 3007 64 23 other
749 3007 84 22 classes
845 3007 79 22 should
942 3006 52 23 take
1006 3013 14 15 a
1032 3010 51 26 part.
1120 3005 48 24 Mr.
1183 3006 65 23 Ren-

672 3040 48 23 nies
732 3040 61 31 plan,
806 3039 153 30 undoubtedly
967 3038 99 28 exhibits,
1080 3047 62 15 some
1155 3038 94 24 obvious

672 3074 175 29 improvements
858 3080 59 24 upon
934 3073 83 23 former
1027 3071 60 31 plans
1099 3081 6 19 ;
1126 3072 40 23 but
1178 3073 18 22 it
1208 3072 40 23 has

672 3106 56 22 been
740 3106 70 22 found
823 3105 55 23 fault
894 3106 52 22 with
959 3112 27 16 on
1006 3109 40 18 two
1055 3105 100 30 grounds
1157 3118 31 3 —
1190 3106 58 29 first,

673 3139 49 22 that
734 3139 37 22 the
786 3140 60 30 price
866 3139 110 30 proposed
993 3137 68 23 would
1080 3137 28 24 be
1127 3139 79 30 unjust
1226 3144 23 18 to

673 3172 65 23 other
760 3172 140 22 settlements
901 3184 32 4 —
934 3171 51 29 and,
1009 3170 109 31 secondly,
1140 3172 49 22 that
1212 3172 37 23 the

673 3205 173 23 establishment
857 3205 25 22 of
896 3205 92 23 another
1006 3203 125 24 settlement
1141 3209 24 19 at
1176 3205 38 28 all,
1227 3210 24 18 at

674 3238 45 23 this
738 3242 107 24 moment,
864 3238 20 23 is
904 3241 134 27 premature.
1070 3236 51 23 The
1139 3238 51 23 first
1209 3238 41 23 ob-

671 3271 86 31 jection
776 3278 94 24 appears
890 3275 20 19 to
930 3279 36 15 me
986 3274 23 19 to
1029 3269 22 24 be
1074 3270 175 25 unanswerable.

675 3304 50 23 The
738 3305 103 30 question
854 3304 25 23 of
894 3304 52 23 time
958 3304 53 23 does
1028 3306 33 20 not
1073 3308 92 26 present
1176 3311 26 16 so
1213 3304 38 23 in-

675 3337 118 31 superable
806 3344 27 16 an
846 3337 118 31 objection.
1000 3336 45 24 Mr.
1056 3335 111 25 Rennie's
1179 3337 72 24 whole

675 3370 60 31 plan,
749 3370 58 31 good
827 3377 26 16 as
872 3371 19 22 it
906 3369 147 31 undoubtedly
1065 3369 21 22 is
1103 3370 25 22 in
1148 3377 69 23 many
1230 3371 24 22 of

675 3405 29 21 its
735 3404 105 27 features,
870 3403 113 23 embraces
1012 3402 82 22 several
1123 3403 128 31 disputable

675 3437 82 30 points,
769 3436 30 23 all
812 3436 25 23 of
846 3436 59 23 them
917 3443 63 16 more
992 3443 24 14 or
1027 3435 41 23 less
1080 3435 107 31 affecting
1195 3444 57 22 your

676 3471 113 26 interests,
802 3477 24 15 as
839 3469 88 23 holders
933 3469 31 23 -of
978 3468 53 23 land
1043 3468 22 23 in
1077 3468 39 24 the
1129 3468 64 24 other
1205 3473 46 20 set-

677 3502 113 24 tlements.
826 3502 53 28 But,
893 3502 64 31 again
976 3501 43 23 and
1038 3501 62 31 again
1116 3506 62 19 must
1189 3502 15 23 I
1216 3510 35 16 re-

676 3536 62 23 mind
750 3543 44 24 you
806 3535 55 28 that,
875 3543 42 22 you
929 3543 38 15 are
978 3539 41 19 not
1029 3534 22 24 in-
1068 3542 14 15 a
1099 3534 115 24 condition
1230 3540 23 18 to

676 3576 93 23 express
782 3576 28 15 an
821 3569 89 29 opinion
917 3567 59 24 until
986 3575 45 23 you
1038 3567 77 24 reduce
1122 3568 131 30 yourselves

677 3606 22 19 to
712 3609 13 15 a
736 3606 58 19 state
813 3602 25 22 of
853 3600 160 31 organization.
1045 3600 49 24 The
1107 3600 111 31 tendency
1232 3602 24 22 of

677 3635 38 22 the
725 3633 111 33 principle
848 3635 25 23 of
887 3634 148 24 colonization
1047 3642 63 22 upon
1128 3634 75 23 which
1214 3634 40 23 the

677 3668 57 22 New
753 3667 100 24 Zealand
874 3667 117 31 Company
1006 3666 52 23 have
1078 3667 132 30 proceeded,
1234 3668 20 22 is

677 3700 153 30 undoubtedly
844 3705 22 18 to
882 3704 100 26 promote
994 3707 13 15 a
1019 3699 38 24 due
1070 3701 132 29 proportion
1213 3700 41 23 be-

678 3737 72 19 tween
779 3733 61 29 land,
875 3733 88 30 capital,
992 3732 43 23 and
1063 3732 88 23 labour.
1205 3732 50 24 The

677 3767 99 22 motions
789 3766 25 23 of
828 3765 38 24 the
885 3772 95 17 streams
991 3765 25 23 of
1030 3765 78 31 capital
1119 3765 45 23 and
1175 3765 80 24 labour

679 3800 155 29 respectively,
854 3806 37 16 are
908 3805 40 17 not
966 3798 120 24 coincident
1091 3799 38 22 -in
1145 3799 66 30 point
1234 3798 25 24 of

653 3843 2 9 :
679 3833 63 23 time.
778 3831 50 25 The
841 3832 112 30 capitalist
964 3832 20 23 is
1001 3835 37 19 not
1045 3831 108 30 impelled
1164 3836 22 18 to
1199 3833 56 22 cmi-

653 3882 2 7 ,
679 3869 64 26 grate
753 3865 31 30 by
796 3865 49 23 that
856 3869 58 18 stern
929 3864 109 30 necessity
1046 3863 74 24 which
1131 3864 75 24 drives
1218 3864 38 24 the

653 3909 2 7 :
679 3897 104 26 labourer
800 3898 58 24 from
878 3896 38 24 his'
933 3897 102 24 kindred'
1044 3896 45 24 and
1108 3896 37 24 his
1154 3897 101 24 .friends.

680 3929 40 24 He
733 3930 111 24 therefore
865 3930 62 23 waits
946 3929 57 25 until
1022 3929 32 23 the
1075 3930 138 30 advantages
1235 3930 26 23 of

549 52 96 45 mw
670 52 120 41 ttftft
816 49 207 42 Zcalantr
1046 47 189 46 43te?rttt
1260 46 91 39 anfc
1377 44 300 45 WBtUinqton
1703 39 252 50 gsptttatow

1877 132 76 21 stands
1973 132 47 21 still
2036 132 78 28 facing
2131 137 35 22 us,
2185 132 170 28 impenetrated,
2373 139 78 20 unsur-

1877 162 106 23 mounted
2016 161 78 31 Every
2106 162 81 29 where,
2208 166 52 20 turn
2276 164 72 23 where
2361 173 30 16 we
2403 169 40 24 will

1877 202 32 16 we
1921 202 37 16 are
1970 195 94 30 stopped
2077 195 28 30 by
2196 196 52 29 See,
2260 196 35 24 for
2305 198 106 32 instance,
2425 203 27 30 by

1877 228 36 23 his
1929 227 81 24 Honor
2020 227 39 24 the
2072 228 69 24 Chief
2150 229 106 24 Justice's
2269 228 98 26 decision
2382 233 22 23 in
2415 236 36 24 the

1878 268 50 16 case
1940 260 24 23 of
1975 261 36 23 the
2029 261 81 25 Queen
2123 269 20 15 v.
2158 262 159 31 Rangaahiata
2328 264 24 23 in
2363 268 88 25 another

1877 298 51 26 part
1946 293 23 23 of
1988 301 41 15 our
2049 294 110 23 columns.
2196 294 50 24 The
2268 295 48 24 free
2336 303 75 20 coruse
2430 303 24 22 of

1877 327 88 30 justice,
1978 326 45 24 and
2041 329 98 28 security
2150 327 24 23 of
2189 327 40 24 life
2249 328 44 24 and
2312 337 103 26 property
2434 336 18 23 is

1879 359 137 31 interrupted
2017 371 34 5 —
2051 359 38 24 the
2100 360 99 30 lawyers'
2206 361 65 23 alone
2283 370 41 16 can
2345 365 26 22 be
2387 366 65 26 bene-

1878 392 54 23 fited
1943 393 30 30 by
1981 392 37 24 the
2029 392 50 23 title
2091 395 105 29 question
2206 393 69 32 being
2286 395 46 23 still
2341 397 40 23 left
2391 407 62 24 open.

1880 425 74 23 There
1963 426 18 23 it
1992 425 86 29 stands,
2090 425 117 32 hemming
2218 435 26 15 us
2256 428 25 23 in
2291 434 23 18 at
2326 430 30 24 all
2366 433 72 28 points
2446 445 5 6 •

1880 458 63 22 other
1954 463 102 24 matters,
2065 467 33 14 vre
2109 459 66 30 hope,
2189 467 32 15 we
2232 468 52 23 may
2292 461 53 25 look
2360 472 59 24 upon
2431 475 22 16 as

1879 491 88 28 settled,
1987 491 52 30 only
2058 493 100 29 wanting
2176 500 62 16 some
2256 501 154 25 arrangement
2432 501 24 23 of

1880 524 87 23 details.
2003 524 48 24 But
2063 524 45 24 this
2116 525 47 23 still
2174 526 73 31 hangs
2256 534 51 16 over
2316 536 34 23 us,
2359 531 96 31 shaking

1879 557 127 23 confidence
2018 557 30 31 by
2057 559 29 22 its
2098 559 145 31 threatening
2253 565 83 26 aspect.
2370 564 74 30 Again

1879 589 54 24 look
1944 594 22 19 at
1978 590 37 23 the
2029 591 55 23 total
2096 593 136 29 suspension
2248 593 25 23 of
2289 602 40 15 our
2342 595 79 26 Courts
2434 600 22 23 of

1879 621 85 25 Justice
1985 623 34 23 for
2033 628 59 19 want
2108 625 24 22 of
2146 625 84 24 Juries.
2267 625 29 24 Iv
2314 627 69 31 short,
2402 632 17 22 it
2436 632 18 23 is

1881 656 84 23 useless
1978 661 21 18 to
2018 656 106 31 multiply
2135 658 81 28 words,
2229 667 26 15 or
2272 665 94 27 attempt
2383 667 22 19 to
2416 666 39 22 stir

1880 688 59 23 hand
1957 696 24 16 or
1997 688 56 29 foot,
2065 690 58 23 until
2143 691 46 23 this
2206 692 95 24 incubus
2316 694 20 22 is
2356 698 98 23 removed

1880 721 57 23 from
1960 729 40 16 our
2024 721 83 25 hearts.
2144 723 24 23 It
2190 729 47 18 acts
2260 725 46 24 like
2330 734 13 16 a
2358 729 96 30 stiptick,

1881 754 110 31 checking
2008 754 38 24 the
2065 756 132 24 circulation
2216 757 25 23 of
2260 758 59 23 life's
2338 749 116 38 existence'

1881 787 43 23 and
1936 788 72 30 might
2020 788 28 23 be
2069 789 50 22 well
2133 790 146 30 rep.esented
2298 792 29 30 by
2338 802 12 14 a

1880 820 136 24 illustration
2036 821 24 23 of
2077 821 37 24 the
2136 822 59 23 New
2213 823 98 25 Zealand
2336 827 119 33 Company,

1881 853 70 23 under
1963 854 38 23 the
2018 854 112 23 influence
2148 856 25 23 of
2190 856 37 23 the
2244 858 65 28 night
2327 867 67 22 mare,
2406 863 50 24 with

1881 886 37 23 the
1929 886 66 24 noble
2007 886 63 24 Lord
2082 888 44 22 and
2145 888 35 24 his
2194 889 65 24 Land
2273 891 182 28 Commissioners

1880 920 79 30 sitting
1977 928 29 15 on
2024 920 36 23 his
2079 921 70 29 chest,
2168 922 66 23 while
2251 923 38 24 the
2306 924 113 27 chairman
2436 929 20 23 of

1880 961 56 22 your
1955 954 89 22 various
2056 954 87 31 Gospel
2162 955 44 23 and
2226 956 66 24 Bible
2303 959 44 23 and
2368 959 88 26 Church

1881 985 140 31 Missionary
2033 987 109 23 Societies
2162 996 57 15 were
2239 990 139 33 hammering
2389 999 21 18 at
2422 995 34 23 his

1881 1019 76 23 brains
1985 1020 54 23 with
2069 1021 147 29 tomahawks,
2246 1024 66 23 cased
2341 1026 53 23 with
2423 1028 33 23 the

1881 1053 104 29 spurious
2001 1053 69 23 metal
2087 1053 21 24 of
2127 1055 69 23 mock
2213 1055 181 35 phiknthrophy,
2407 1062 49 22 with

1882 1085 35 23 old
1928 1085 164 31 Rangahaiata,
2110 1092 22 18 et
2148 1088 43 23 hoc
2209 1097 72 20 genus
2298 1098 72 19 omne,
2382 1095 74 22 crvin?

1882 1119 75 25 Kapai
1966 1119 5 23 !
1982 1119 4 23 !
1998 1119 5 23 !

1915 1169 42 23 We
1968 1169 98 24 referred
2077 1171 22 23 in
2113 1180 40 14 our
2169 1173 46 23 last
2226 1176 93 23 number
2335 1182 21 19 to
2368 1178 36 24 the
2415 1180 45 23 fact

1881 1202 48 23 that
1947 1202 35 23 his
2004 1202 82 24 Honor
2107 1204 36 24 the
2163 1206 69 24 Chief
2247 1208 93 31 Justice,
2358 1211 44 25 had
2413 1213 45 23 for-

1881 1235 87 23 warded
1980 1236 36 23 his
2033 1236 116 25 decesions
2161 1239 24 23 in
2204 1240 37 23 the
2254 1249 62 16 cases
2328 1246 83 29 argued
2422 1246 38 23 be-

1881 1268 47 24 fore
1939 1269 47 23 him
1999 1269 54 24 here
2070 1270 24 23 in
2107 1270 99 26 October
2223 1274 52 24 last.
2310 1276 66 31 They
2387 1286 38 16 are
2436 1287 25 15 aa

1879 1301 75 24 follow
1963 1310 6 15 :
1972 1315 32 4 —

1907 1342 88 26 Mercer,
2015 1349 21 15 v.
2058 1344 80 20 Revans
2146 1356 29 4 —
2175 1345 52 22 This
2247 1347 18 21 is
2289 1355 28 14 an
2339 1350 71 22 action
2432 1352 29 26 by-

1879 1375 70 20 payee
1959 1369 85 26 against
2055 1371 76 21 maker
2140 1372 25 20 of
2171 1380 14 13 a
2194 1375 130 26 promissary
2334 1380 49 17 note
2394 1377 66 26 given

1881 1396 32 19 for
1922 1396 82 20 certain
2015 1396 69 26 goods
2093 1397 49 21 sold
2152 1399 30 26 by
2188 1399 97 27 plaintiff
2290 1403 20 19 to
2318 1401 126 25 defendant.

1907 1422 46 21 The
1965 1422 120 22 defendant
2095 1424 78 22 admits
2184 1430 48 21 part
2242 1427 26 20 of
2277 1427 38 21 the
2324 1435 48 15 sum
2382 1431 78 25 sought

1881 1449 23 19 to
1913 1448 27 21 be
1950 1449 124 27 recovered,
2087 1453 22 18 to
2119 1451 27 21 be
2157 1451 50 25 due,
2218 1453 39 21 but
2267 1460 23 15 as
2299 1457 23 18 to
2328 1455 36 22 the
2375 1457 85 22 residne

1882 1474 73 26 pleads
1962 1475 48 21 that
2019 1481 18 15 it
2046 1476 17 20 is
2071 1483 27 15 an
2106 1478 139 27 overcharge,
2251 1480 136 29 fraudlently
2396 1485 62 21 made

1881 1502 30 25 by
1921 1502 36 21 the
1967 1502 125 27 plainliffin
2105 1503 103 23 violation
2216 1507 26 19 of
2249 1506 36 22 the
2291 1514 124 20 agreement
2425 1511 37 22 be-

1883 1531 68 18 tween
1963 1528 36 21 the
2010 1528 98 26 plaintiff
2113 1530 44 22 and
2168 1531 120 24 defendant
2296 1542 25 14 as
2333 1539 21 17 to
2361 1536 35 21 the
2403 1538 57 25 price

1882 1554 26 21 of
1914 1554 36 22 the
1959 1555 77 27 goods.
2065 1556 26 21 In
2107 1564 90 21 supporc
2207 1559 24 21 of
2244 1560 36 21 the
2295 1561 91 23 defence
2402 1564 60 22 three

1884 1587 111 16 witnesses
2006 1589 57 15 were
2074 1583 76 27 called,
2166 1586 84 22 certain
2261 1594 77 20 papers
2350 1589 70 22 called
2429 1592 33 20 in-

1883 1608 71 21 voices
1964 1616 56 14 were
2030 1610 88 22 handed
2133 1614 23 18 to
2166 1611 37 22 the
2214 1612 60 22 three
2286 1615 115 27 witnesses,
2414 1618 46 21 who

1882 1634 133 23 themselves
2025 1640 59 17 went
2097 1637 46 21 into
2154 1645 54 20 very
2216 1640 82 22 minute
2314 1642 44 21 and
2368 1643 92 23 detailed

1883 1664 135 24 statements,
2030 1670 23 14 as
2064 1667 22 17 to
2094 1664 86 22 various
2190 1667 63 21 items
2260 1669 118 26 appearing
2388 1677 29 14 on
2426 1671 36 21 the

1883 1688 47 22 face
1940 1689 25 21 of
1976 1689 60 21 those
2047 1698 84 18 papers.
2161 1692 65 27 Upon
2242 1700 28 14 an
2280 1695 109 26 objection
2399 1697 63 22 bein<»

1884 1715 63 22 taken
1957 1716 30 26 by
1995 1716 114 27 plaintiff's
2119 1718 102 28 Counsel,
2232 1720 18 20 it
2256 1722 108 25 appeared
2372 1723 46 22 that
2427 1724 35 21 de-

1883 1742 93 22 fendant
1985 1743 66 21 could
2062 1744 53 21 offer
2128 1752 29 14 no
2167 1747 66 25 proof
2240 1747 25 21 of
2277 1747 61 23 those
2350 1756 77 21 papers
2440 1758 23 14 so

1883 1775 24 15 as
1917 1772 22 18 to
1950 1773 93 18 connect
2053 1770 59 22 them
2123 1772 52 21 with
2187 1772 36 22 the
2234 1773 101 27 plaintiff,
2347 1776 50 27 they
2408 1785 54 14 were

1884 1796 139 27 accordingly
2033 1797 103 27 rejected.
2166 1799 46 21 The
2220 1800 51 27 jury
2281 1801 69 22 found
2361 1810 12 14 a
2382 1804 81 22 verdict

1885 1822 32 21 for
1928 1822 126 22 defendant.

1910 1849 46 22 The
1968 1850 97 26 plaintiff
2072 1858 74 14 moves
2156 1853 34 20 for
2200 1859 13 14 a
2223 1860 47 15 new
2284 1855 50 21 trial
2345 1864 26 13 on
2382 1859 81 22 several

1884 1876 101 26 grounds,
1997 1876 38 22 the
2046 1877 59 21 main
2113 1879 86 26 ground
2208 1879 65 27 being
2279 1881 37 22 the
2322 1883 84 26 alleged
2418 1892 45 19 pro-

1884 1902 91 27 bability
1983 1903 49 21 that
2042 1904 36 20 the
2090 1905 71 21 minds
2171 1905 27 21 of
2206 1906 35 22 the
2253 1907 103 28 jurymen
2367 1917 56 15 were
2432 1912 33 21 in-

1884 1928 101 23 fluenced
1997 1930 28 26 by
2034 1930 36 21 the
2081 1931 106 23 evidence
2196 1932 49 22 thus
2254 1937 131 26 improperly
2393 1938 63 25 given

1886 1956 26 20 In
1926 1957 90 25 general
2033 1957 10 21 I
2055 1964 34 14 am
2106 1958 38 21 but
2158 1959 55 21 little
2229 1961 99 26 disposed
2345 1966 22 18 to
2382 1964 82 23 disturb

1885 1982 36 21 the
1931 1982 87 28 finding
2028 1984 25 20 of
2067 1992 12 12 a
2091 1985 58 26 jury.
2179 1986 47 22 The
2235 1994 74 20 power
2319 1992 21 18 to
2351 1990 26 21 do
2389 1999 23 13 so
2423 1992 16 21 is
2450 2000 12 14 a

1886 2009 136 27 wholesome,
2039 2010 42 22 and
2091 2011 80 22 indeed
2185 2020 14 13 a
2209 2020 115 22 necessary
2332 2024 79 20 power,
2427 2018 38 23 but

1885 2043 40 14 one
1936 2036 71 21 which
2017 2037 68 26 ought
2094 2041 22 18 to
2123 2038 27 22 be
2161 2041 112 21 exercised
2284 2042 51 21 with
2344 2050 62 20 great
2413 2052 50 15 cau-

1886 2063 44 21 tion
1941 2063 44 21 and
1998 2064 118 26 prudence.
2146 2066 27 21 In
2188 2066 41 21 this
2240 2074 55 20 case,
2308 2069 70 22 whilst
2388 2078 27 14 on
2429 2072 35 23 the

1885 2096 41 15 one
1936 2090 60 21 hand
2009 2090 9 21 I
2029 2096 82 16 cannot
2121 2098 45 21 say,
2182 2092 48 22 that
2239 2094 35 21 the
2286 2095 52 28 jury
2348 2097 70 26 might
2427 2104 38 17 not

1886 2115 54 23 have
1950 2116 56 22 been
2013 2117 98 28 justified
2117 2118 23 22 in
2152 2119 85 28 rinding
2243 2121 36 22 the
2288 2127 88 22 present
2382 2125 81 22 verdict

1886 2149 56 21 upon
1954 2143 36 22 the
2001 2144 104 22 evidence
2116 2145 25 21 of
2153 2145 37 23 the
2206 2151 40 17 Iwo
2261 2147 80 23 former
2356 2151 107 22 witnesses

1885 2170 103 27 standing
2003 2170 75 28 alone;
2094 2175 44 23 yet,
2157 2180 29 14 on
2202 2173 35 22 the
2253 2175 63 21 other
2330 2175 65 29 hand,
2412 2185 51 15 con-

1874 2200 2 26 |
1886 2196 95 28 sidering
2001 2198 36 21 the
2051 2201 78 19 nature
2145 2200 25 20 of
2187 2199 35 22 the
2241 2205 79 17 matter
2335 2203 128 29 improperly

1886 2224 99 21 adduced
1995 2231 24 14 as
2030 2224 112 27 evidence,
2157 2226 45 22 and
2211 2227 36 21 the
2262 2229 63 21 mode
2335 2229 22 21 in
2368 2231 69 22 which
2447 2233 18 21 it

1888 2257 41 14 was
1938 2251 96 27 brought
2043 2252 100 27 forward,
2156 2253 10 21 I
2175 2260 34 14 am
2220 2253 32 22 far
2260 2254 56 22 from
2324 2255 82 29 feeling
2417 2266 46 14 cer-

1888 2278 42 20 tain
1943 2277 47 22 that
1998 2278 18 20 it
2027 2278 38 21 did
2075 2283 39 17 not
2124 2280 70 26 weigh
2204 2280 50 22 with
2265 2282 35 21 the
2307 2282 50 28 jury
2366 2283 22 21 in
2395 2285 67 21 form-

1887 2304 38 27 ing
1936 2304 56 22 their
1999 2305 96 25 opinion.
2121 2305 10 21 I
2142 2307 62 21 think
2215 2307 17 21 it
2239 2308 46 26 ju3t
2290 2308 43 22 and
2338 2312 126 23 reasonable

1888 2335 21 17 to
1928 2331 62 21 allow
2007 2332 36 21 the
2060 2332 98 27 question
2178 2337 23 18 to
2216 2333 28 22 be
2258 2335 114 23 submitted
2387 2340 22 19 to
2426 2338 38 23 the

1888 2358 156 21 consideration
2068 2359 26 21 of
2123 2360 91 22 another
2239 2363 60 26 jury.
2306 2373 29 5 —
2340 2363 51 22 New
2415 2366 48 22 trial

1886 2384 99 27 granted,

2139 2413 112 24 William
2267 2416 103 28 Martin,
2381 2418 22 21 C.
2416 2419 20 21 J.

1914 2440 101 26 January
2025 2442 33 24 28,
2071 2441 59 21 1843.

1914 2477 130 20 Fitzherbert
2058 2485 21 13 v.
2095 2478 57 20 Hort
2168 2479 41 20 and
2222 2481 74 19 others.
2298 2492 28 3 —
2326 2480 52 22 This
2396 2482 19 21 is
2433 2489 28 15 an

1889 2504 71 21 action
1980 2511 28 14 on
2026 2511 13 14 a
2055 2504 92 22 Charter
2160 2506 67 27 Party
2236 2506 23 22 in
2270 2507 36 21 the
2317 2507 55 22 form
2382 2508 82 22 follow-

1888 2530 80 26 ing:—

1938 2558 170 22 Memorandum
2118 2558 25 21 of
2154 2559 86 22 charter
2250 2560 25 21 of
2285 2560 107 23 schooner
2402 2564 61 26 Kate,

1889 2586 25 20 of
1925 2584 95 28 Sydney,
2034 2586 27 20 G.
2074 2585 24 21 E.
2111 2585 69 27 Read,
2192 2590 85 18 master.

1976 2618 18 20 is
2018 2617 44 21 this
2082 2617 42 27 day
2141 2618 110 27 mutually
2269 2620 81 25 agreed
2366 2620 98 23 between

1889 2643 96 23 William
2005 2643 143 25 Fitzherbert,
2165 2645 76 26 Agent
2260 2646 25 21 of
2302 2646 35 21 the
2361 2647 105 23 schooner

1888 2672 60 24 Kate,
1960 2671 23 21 of
1996 2671 95 26 Sydney,
2103 2671 26 21 52
2139 2673 49 19 tons
2198 2672 90 26 register
2304 2676 104 24 tonnage,
2423 2676 42 20 and

1891 2698 26 21 G.
1928 2699 25 21 E.
1964 2697 70 24 Read,
2046 2701 87 21 master,
2145 2704 49 15 now
2209 2698 60 27 lying
2282 2700 24 21 in
2324 2700 37 21 the
2377 2700 52 22 Port
2444 2702 25 21 of

1890 2725 52 21 Port
1950 2725 130 24 Nicholson,
2092 2724 44 21 and
2153 2724 65 27 Hort,
2234 2725 104 28 Mocatta,
2357 2727 45 21 and
2420 2728 52 26 Co.,'

1889 2751 129 26 merchants,
2032 2751 23 22 of
2067 2751 144 26 Wellington,
2222 2751 47 22 that
2284 2753 37 22 the
2336 2754 47 21 said
2398 2756 69 21 vessel

1890 2779 55 21 shall
1955 2779 27 21 be
1993 2779 66 21 made
2069 2777 24 22 fit
2103 2777 42 22 and
2156 2778 68 27 ready
2234 2779 33 21 for
2276 2787 38 14 sea
2324 2780 51 22 with
2385 2782 30 21 all
2425 2782 42 21 dis-

1889 2805 73 26 patch,
1974 2805 44 21 and
2029 2805 64 26 shall,
2103 2805 93 21 without
2205 2805 71 29 delay,
2293 2806 53 22 load
2360 2808 43 21 and
2420 2808 48 23 take

1889 2833 22 20 in
1922 2832 40 21 full
1972 2832 45 22 and
2027 2831 107 27 complete
2145 2839 95 19 cargoes,
2255 2840 24 15 or
2288 2841 24 14 so
2323 2834 64 21 much
2398 2842 24 14 as
2431 2835 36 22 the

1891 2859 120 21 charterers
2021 2866 51 19 may
2083 2859 26 21 be
2118 2858 98 22 inclined
2225 2862 23 18 to
2258 2860 54 27 ship,
2324 2860 44 22 and
2375 2862 92 26 proceed

1891 2885 111 24 forthwith
2017 2888 22 19 to
2053 2885 53 22 such
2122 2885 63 22 Ports
2201 2893 24 14 or
2234 2887 73 26 places
2316 2888 22 21 in
2349 2887 55 22 New
2414 2888 54 22 Zea-

1889 2912 54 22 land
1954 2921 23 13 as
1993 2912 38 22 the
2048 2912 121 21 charterers
2183 2919 51 21 may
2251 2913 82 27 design,
2349 2914 43 21 and
2408 2915 59 22 there

1891 2939 114 27 discharge
2016 2946 24 15 or
2049 2938 51 22 take
2110 2939 23 21 in
2142 2939 86 22 further
2237 2946 65 21 cargo
2312 2947 24 16 as
2345 2948 38 20 per
2392 2942 49 21 Bill'
2446 2942 25 21 of

1891 2966 94 27 Lading.

2004 2993 121 21 charterers
2141 3000 86 15 reserve
2243 2996 20 18 to
2281 2993 132 23 themselves
2430 2994 38 23 the

1890 3020 58 27 right
1955 3020 25 21 of
1992 3019 121 26 extending
2122 3019 37 21 the
2169 3019 87 22 charter
2265 3020 27 21 of
2298 3020 36 22 the
2341 3021 46 21 said
2398 3022 69 22 vessel

1891 3048 56 21 from
1958 3046 76 22 month
2044 3050 23 17 to

1917 3074 47 21 The
1983 3073 108 22 schooner
2105 3073 55 20 Kate
2176 3073 82 26 having
2273 3074 77 27 taking
2362 3082 64 20 cargo
2440 3084 25 14 on

1891 3101 68 21 board
1969 3100 118 27 according
2095 3103 21 18 to
2127 3099 37 22 the
2174 3099 91 27 charter,
2277 3105 58 17 went
2345 3105 21 17 to
2378 3109 37 15 sea
2423 3104 43 21 and

1892 3135 43 14 was
1943 3127 43 22 lost
1996 3127 74 21 before
2080 3127 37 21 the
2124 3126 123 27 expiration
2254 3127 25 21 of
2284 3127 38 22 the
2332 3129 83 26 month,
2424 3130 43 21 and

1892 3154 73 22 before
1975 3154 40 21 her
2025 3153 78 22 arrival
2113 3153 23 21 in
2147 3160 44 19 any
2199 3158 51 23 port
2258 3154 22 21 in
2293 3154 56 22 New
2364 3155 101 22 Zealand.

1919 3181 77 22 Under
2007 3180 61 21 these
2081 3180 170 22 circumstances
2260 3181 36 21 the
2306 3181 97 27 plaintiff
2407 3183 60 22 seeks

1893 3211 21 18 to
1923 3214 89 15 recover
2022 3207 47 22 £90
2078 3214 24 14 as
2112 3206 47 22 hire
2177 3207 26 21 of
2213 3207 37 22 the
2264 3207 72 22 vessel
2351 3215 24 14 or
2388 3209 79 27 freight

1893 3236 33 21 for
1935 3241 41 14 one
1987 3233 77 22 month
2074 3233 90 22 certain.

1920 3262 19 21 A
1950 3261 83 21 verdict
2041 3260 40 21 has
2091 3261 56 20 been
2165 3259 90 23 entered
2269 3261 34 22 for
2317 3261 36 22 the
2368 3262 95 27 plaintiff,

1893 3288 83 27 subject
1985 3291 23 18 to
2017 3288 38 21 the
2060 3287 134 27 judgement
2203 3288 26 21 of
2238 3287 37 22 the
2285 3291 63 19 court
2356 3296 29 14 on
2396 3297 12 14 a
2417 3295 46 15 case

1893 3319 22 18 to
1925 3316 27 21 be
1962 3315 87 26 agreed.

1919 3349 36 21 On
1971 3349 37 21 the
2023 3350 117 25 argument
2155 3348 19 21 it
2190 3355 43 15 was
2251 3349 120 22 contended
2383 3349 33 22 for
2430 3349 35 23 the

1892 3376 97 28 plaintiff
1996 3375 46 22 that
2052 3375 37 22 the
2100 3375 69 21 above
2184 3374 133 23 instrument
2331 3379 99 19 amounts
2444 3379 22 19 to

1893 3410 13 15 a
1920 3403 83 21 demise
2020 3403 25 21 of
2060 3401 37 23 the
2114 3401 50 28 ship
2179 3401 45 23 and
2239 3401 37 23 the
2291 3403 91 21 services
2396 3403 24 21 of
2430 3405 35 19 the

1893 3433 80 19 master
1983 3429 45 21 and
2037 3436 64 19 crew,
2121 3429 45 21 and
2179 3429 87 21 various
2281 3433 123 22 arguments
2413 3436 53 15 were

1891 3456 71 22 rested
1973 3464 28 14 on
2013 3456 47 22 that
2069 3455 93 27 ground.
2191 3455 32 22 As
2236 3456 9 20 1
2256 3459 80 18 cannot
2345 3455 66 28 adopt
2420 3456 44 22 that

1892 3483 56 22 view
1958 3483 25 22 of
1995 3483 37 21 the
2043 3482 103 27 meaning
2157 3482 26 22 of
2196 3482 37 22 the
2250 3482 134 25 instrument,
2404 3482 18 22 it
2430 3483 37 22 be-

1892 3517 72 15 comes
1972 3516 116 20 necessary
2098 3513 21 17 to
2129 3513 65 17 enter
2209 3515 58 20 upon
2281 3515 13 14 a
2309 3508 156 23 consideration

1893 3537 25 21 of
1929 3536 61 22 these
2006 3539 132 24 arguments.
2182 3535 22 22 It
2217 3536 19 21 is
2241 3562 5 4 _
2253 3538 47 17 true
2316 3534 48 22 that
2382 3542 83 21 express

1893 3563 70 22 words
1978 3570 38 14 are
2032 3565 41 19 not
2087 3562 86 22 needed
2190 3566 22 17 to
2224 3561 49 26 give
2288 3567 14 14 a
2310 3560 87 24 charter
2406 3565 60 24 party

1893 3591 36 21 the
1938 3590 65 22 effect
2013 3590 25 21 of
2049 3596 14 15 a
2072 3593 101 18 contract
2180 3588 25 21 of
2215 3586 90 23 demise.
2342 3588 21 22 It
2378 3588 19 23 is
2409 3593 55 18 suffi-

1893 3616 59 23 cient
1966 3617 22 21 if
1999 3615 62 23 there
2075 3615 28 23 be
2119 3614 139 28 stipulations
2269 3614 125 27 equivalent
2408 3619 21 19 to
2438 3622 25 15 an

1893 3643 72 22 actual
1983 3643 91 26 demise,
2093 3642 19 22 if
2128 3641 37 22 the
2185 3639 68 22 whole
2267 3639 108 30 language
2390 3642 26 22 of
2429 3642 35 21 the

1893 3670 120 22 document
2018 3669 66 22 taken
2091 3668 98 27 together
2194 3666 57 21 have
2257 3666 49 23 that
2309 3672 96 23 purport.
2424 3668 41 22 But

1893 3696 52 22 here
1963 3697 12 22 I
1996 3696 27 22 do
2042 3700 40 18 not
2095 3694 45 22 find
2156 3700 43 19 any
2213 3694 26 21 of
2250 3693 37 23 the
2302 3694 162 24 circumstances

1892 3723 72 23 which
1973 3723 57 22 have
2040 3723 55 21 been
2105 3719 129 23 considered
2243 3720 23 22 in
2281 3720 38 22 the
2336 3729 59 14 cases
2409 3721 55 22 deci-

1893 3750 43 22 ded
1947 3758 26 14 on
1984 3749 43 22 this
2037 3748 62 28 point
2109 3755 23 14 a3
2140 3746 122 28 importing
2270 3755 14 14 a
2294 3748 92 22 transfer
2393 3749 25 21 of
2429 3748 33 21 the

1892 3777 123 27 possession
2026 3776 25 21 of
2062 3774 36 22 the
2108 3773 49 28 ship
2168 3777 22 18 to
2200 3774 37 21 the
2252 3774 127 22 charterers.
2412 3774 50 22 Sub-

1889 3804 54 26 ject,
1963 3803 26 21 of
2009 3808 83 18 course,
2111 3803 22 18 to
2148 3800 38 22 the
2206 3801 52 27 duty
2274 3800 26 22 of
2317 3802 98 27 carrying
2429 3800 33 22 the

1893 3830 130 22 defendants
2032 3827 67 27 goods
2107 3827 24 22 in
2142 3834 123 20 pursuance
2279 3827 27 22 of
2317 3828 35 22 the
2363 3829 96 21 contract.

1895 3857 10 22 I
1916 3857 28 21 do
1954 3859 40 18 not
2002 3854 47 22 find
2059 3854 108 28 anything
2182 3858 22 17 to
2218 3853 51 22 take
2286 3854 37 21 the
2339 3854 119 28 possession,

1893 3884 163 25 management,
2076 3888 24 15 or
2116 3880 86 23 control
2217 3880 27 22 of
2253 3880 37 22 the
2307 3882 74 26 vessel,
2399 3882 34 20 out
2440 3877 25 22 of

1893 3910 37 22 the
1939 3908 73 22 hands
2022 3908 26 21 of
2058 3908 37 22 the
2107 3915 92 15 owners.
2243 3906 10 21 I
2269 3907 52 22 read
2336 3908 37 21 the
2382 3908 78 21 charter

1894 3939 63 25 party
1966 3942 25 14 as
2001 3942 12 14 a
2023 3935 77 27 simple
2107 3937 107 19 'Contract.

2355 101 2 13 9

48 145 158 50 MESSRS.
222 143 151 23 BETHUNE
388 140 189 24 andHUNTER
590 146 37 15 are

123 170 124 23 instructed
256 171 31 27 by
297 171 41 21 Dr.
348 168 117 26 Johnston',
477 171 23 17 to
509 167 41 21 sell
560 166 68 22 afrhis

45 199 76 27 house,
137 198 241 25 Wellington-terrace,
396 199 134 20 to-morrow,
545 193 83 21 Thurs-

45 226 51 27 day,
113 228 23 18 at
151 232 41 14 one
207 224 120 25 o'clock,—
331 223 36 20 the
385 220 181 27 dwelling-house
585 218 43 22 and

45 252 59 21 lease
115 252 25 20 of
151 251 87 26 ground
249 249 105 26 occupied
368 248 30 27 by
411 247 53 26 him,
482 246 43 22 and
543 244 85 22 beauti-

45 278 42 22 full
110 278 95 21 situated
230 284 28 14 on
278 275 243 26 Wellington-terrace;
543 272 51 26 also,
615 279 14 14 a

45 305 101 26 quantity
162 304 24 21 of
195 303 123 23 handsome
328 301 108 21 furniture
438 311 25 4 —
465 300 41 20 viz.
508 310 27 3 —
537 306 13 13 a
564 305 64 21 piano

45 332 58 20 forte
112 331 31 27 by
153 329 141 26 Broadwood,
307 327 59 22 book
378 334 67 19 cases,
457 326 77 26 chairs,
549 325 77 27 lamps,

47 358 61 25 beds,
119 359 48 24 &c,
179 357 39 21 &c.

75 389 141 26 Wellington,
230 386 79 22 March
320 388 19 25 8,
351 387 61 21 1842.

195 443 39 19 To
250 442 33 19 be
298 440 66 21 Sold
379 446 30 15 or
423 440 57 23 Let,

64 479 16 18 A
107 475 170 23 BUTCHER'S
292 474 87 26 SHOP,
388 473 79 21 situate
477 479 28 14 on
517 472 112 21 Lambton

45 495 51 31 J\.
124 503 72 25 Quay.
226 501 74 28 Apply
310 504 22 18 to

272 532 114 21 Bcthuke
401 531 44 21 and
460 530 107 25 Hunter,
579 536 24 14 or

271 566 47 22 Tim
334 566 160 21 O'Louohmn.

73 594 80 22 March
164 594 17 25 7,
195 594 60 20 1843.

100 645 66 19 Port
179 642 153 21 Nicholson
348 642 54 19 and
411 639 164 28 Wanganui.

47 676 164 52 SEVERAL
226 676 68 22 Town
311 675 44 22 and
372 675 99 26 Country
490 673 98 22 Sections
607 672 24 22 in

111 704 62 21 these
183 703 95 21 districts
288 706 22 17 to
321 703 28 20 be
359 701 49 22 sold
417 708 24 14 or
456 700 39 22 let.
525 700 43 21 For
580 706 52 21 par-

44 731 90 23 ticulars
144 729 46 23 and
200 734 74 22 terms,
284 729 67 27 apply
362 732 23 18 to

351 761 94 20 Robert
460 759 28 21 R.
504 759 100 21 Stranc.

73 790 88 26 August
170 790 19 25 4,
202 790 61 20 1842.

178 3809 99 20 Notice
294 3810 28 18 to
339 3807 183 21 Subscribers.

66 3843 79 25 Vapera
158 3843 46 18 will
217 3843 37 19 not
264 3842 24 19 be
301 3843 47 19 sent
366 3843 20 19 to
399 3847 90 20 persons
501 3842 66 26 living
583 3844 36 19 out
628 3843 22 25 of

154 3875 123 23 Nicholson,
295 3875 69 20 unless
364 3882 5 11 ■>
379 3875 159 24 arrangements
547 3881 36 14 are
592 3876 58 20 made

89 3908 39 23 for
138 3907 141 25 thepaymetii
291 3907 27 25 of
324 3907 36 20 tht
369 3913 62 19 tame,
444 3907 91 25 through
547 3913 26 14 an
582 3908 68 25 Agent

91 3941 24 18 mt
125 3939 135 22 WtUivpttn.
