2510 4010
535 56 99 47 *$*
657 54 119 43 W*to
1032 49 189 47 maitttt
1244 48 90 39 mtt
1359 44 297 46 mtUinqtou

1861 130 218 20 WHOLESALE
2110 130 53 18 PRICES
2163 130 72 18 CURRENT

1959 164 133 15 CORRECTED
2107 163 29 14 UP
2150 162 30 14 TO
2195 161 55 15 LAST
2265 160 79 14 NIGHT.

2125 3054 120 19 DUTIES.

1891 3080 99 21 British
2001 3080 90 21 Spirits
2302 3078 32 21 4s.
2343 3084 40 20 per
2392 3077 81 27 gallon.

1891 3107 105 21 Foreign
2007 3106 56 21 ditto
2302 3106 31 19 ss.
2344 3111 38 20 per
2390 3104 82 27 gallon.

1891 3133 105 21 Tobacco
2004 3132 177 27 manufactured,
2304 3132 30 20 Is.
2343 3138 39 20 per
2392 3132 30 21 Ib.

2004 3159 205 22 Unmanufactured
2299 3154 38 25 l9d.
2349 3165 39 19 per
2396 3158 31 21 lb.

1893 3187 73 21 Snuff
2303 3186 31 20 2s.
2343 3191 39 21 per
2390 3184 30 22 lb.

1893 3214 86 21 Cigars
2304 3213 31 20 2s.
2346 3219 39 20 per
2394 3211 29 22 lb.

1893 3240 82 22 Wines
2286 3239 35 20 .15
2335 3245 38 21 per
2382 3240 57 19 cent.

1892 3268 55 25 Tea,
1962 3268 84 25 Sugar,
2063 3267 86 26 Flour,
2168 3266 96 27 Wheat,
2273 3268 9 19 T

1911 3294 44 21 and
1964 3294 63 21 other
2039 3294 86 26 Grain,
2136 3295 12 20 5
2159 3301 39 19 per
2208 3297 56 17 cent.
2278 3288 4 26 I
2321 3306 12 14 A
2345 3313 14 3 -
2361 3314 9 6 o
2373 3306 5 10 i
2382 3314 21 6 nr
2402 3313 4 5 .
2408 3313 28 7 arr
2436 3313 4 7 .

1893 3320 38 22 All
1942 3320 61 22 other
2013 3321 106 21 Foreign
2126 3320 140 28 productions
2277 3311 12 44 f
2306 3311 30 17 aa
2345 3311 104 17 valorem-

1907 3347 43 22 and
1955 3348 167 21 manufactures
2131 3349 24 19 10
2161 3354 40 20 per
2209 3351 54 18 cent.
2270 3342 13 31 J

2095 3374 184 22 EXCHANGE.

1894 3414 68 23 B«
1970 3414 51 23 bills
2030 3422 29 15 on
2069 3414 97 23 London

1895 3455 35 21 On
1940 3455 88 27 Sydney
2311 3455 69 21 Ditto.

1896 3482 87 21 Private
1994 3482 49 22 bills
2289 3479 108 24 Nominal.

1883 3517 2 12 !
1902 3517 575 10 =================

1915 3539 39 17 The
1966 3540 47 15 New
2024 3539 99 17 Zealand
2134 3541 91 15 Gazette
2232 3540 34 16 and
2279 3537 127 18 Wellington
2421 3539 56 16 Spec-

1895 3564 64 13 tator
1962 3560 18 17 is
1987 3561 96 20 published
2089 3565 54 16 every
2152 3561 110 19 Wednesday
2270 3559 34 16 and
2315 3558 94 21 Saturday.
2431 3560 45 15 Sub-

1894 3582 61 19 joined
1962 3586 30 11 are
2000 3582 29 15 the
2037 3584 64 13 terms-
2103 3589 22 4 —

1917 3602 63 16 Price
1987 3606 23 12 of
2017 3607 41 12 the
2065 3603 97 16 Papsr.—
2163 3602 53 20 Forty
2221 3600 80 19 shillings
2307 3603 32 18 per
2349 3604 75 15 annum,
2436 3605 34 16 pay

1896 3622 40 16 able
1942 3622 19 16 in
1968 3624 80 15 advance
2053 3628 4 14 ;
2069 3628 19 12 or
2095 3627 34 12 one
2136 3622 75 20 shilling
2216 3621 27 17 for
2249 3620 56 20 single
2312 3621 91 17 numbers.

1918 3644 154 16 Advertisements
2080 3643 36 16 will
2124 3646 30 14 not
2161 3646 64 17 appear
2235 3642 18 15 in
2264 3642 30 15 the
2303 3645 79 17 ensuing
2394 3642 75 16 number

1898 3664 15 16 if
1922 3664 81 17 received
2009 3664 46 17 later
2062 3665 44 15 than
2119 3665 19 15 10
2145 3663 71 18 o'clock,
2223 3666 47 15 a.m.,
2277 3666 23 12 on
2307 3662 31 16 the
2345 3666 92 17 mornings
2444 3663 30 15 be-

1897 3685 37 16 fore
1948 3685 117 20 publication.
2087 3685 154 16 Advertisements
2255 3682 35 17 will
2300 3683 22 17 be
2333 3683 97 17 continued
2437 3683 35 16 and

1897 3706 77 20 charged
1985 3706 47 16 until
2042 3704 163 18 counter-ordered;
2217 3704 45 16 such
2268 3704 51 16 order
2324 3707 50 13 must
2380 3705 23 15 be
2410 3706 40 14 sent
2457 3705 17 14 to

1898 3727 31 15 the
1938 3727 54 15 Office
2004 3730 35 12 two
2058 3727 44 19 days
2121 3725 58 17 before
2189 3724 114 20 publication,
2316 3725 36 16 and
2363 3727 49 15 must
2421 3725 22 16 be
2453 3724 19 16 in

1898 3748 78 20 writing.
1999 3747 153 16 Advertisements
2166 3745 81 17 received
2265 3745 50 22 after
2333 3746 20 16 10
2369 3746 67 16 o'clock
2450 3748 22 13 on

1898 3768 82 20 Tuesday
1993 3769 36 15 and
2040 3768 64 19 Friday
2114 3765 93 21 mornings
2218 3765 38 17 will
2265 3767 22 16 be
2296 3767 77 19 charged
2383 3769 53 13 twice
2444 3765 29 16 the

1899 3789 52 16 usual
1957 3791 52 14 rates.

1919 3809 31 17 All
1955 3810 66 18 orders,
2032 3807 156 19 advertisements,
2199 3807 37 16 and
2246 3807 160 17 communications
2417 3809 19 13 to
2446 3806 29 16 th»

1899 3830 69 19 Editor,
1974 3835 29 11 are
2009 3828 96 21 roqueited
2111 3830 18 13 to
2137 3828 22 15 be
2165 3828 98 17 addressed
2269 3830 18 14 to
2293 3828 37 16 this
2336 3828 61 16 Office.

1899 3876 75 16 Printed
1986 3875 36 16 and
2035 3873 96 21 published
2148 3878 55 17 every
2219 3874 111 20 Wednesday
2346 3873 35 17 and
2392 3872 82 19 Saturday

1920 3896 88 20 morning,
2022 3895 22 19 by
2054 3901 2 3 ■
2063 3894 84 17 Samuel
2163 3896 88 18 Revans;
2267 3897 19 14 at
2299 3895 32 16 the
2347 3894 56 17 Office
2416 3896 18 13 ot
2444 3894 28 14 to*

1921 3918 47 16 KfW
1982 3916 96 16 Zealand
2090 3915 93 19 Gazette
2194 3920 42 12 and
2250 3915 130 19 Wblmngtoh
2397 3915 70 16 Svxcta

1920 3941 48 14 tojcv
1975 3936 155 20 Manww-itree*,
2139 3933 116 23 VfoMngtonr,
2266 3936 46 17 Port.
2321 3935 101 19 NiehoWon,
2436 3933 38 16 New

1921 3957 83 17 Zealand.

2201 188 16 17 £
2239 192 16 12 ».
2279 188 17 16 d.
2349 188 16 17 £
2425 192 18 17 d.

1862 221 62 21 Ale:
1938 218 97 29 perhhd
2202 218 14 21 7
2243 218 14 19 0
2284 218 13 19 0
2314 230 17 6 ..
2350 216 13 22 7
2386 218 13 21 7
2429 221 12 19 0

2036 252 39 20 per
2082 244 100 22 barrel..
2201 244 13 20 5
2243 244 13 19 0
2283 244 12 19 0
2313 256 18 7 ..
2349 245 13 19 0
2389 246 13 19 0
2428 248 13 20 0

2036 279 38 20 per
2084 271 41 22 doz
2203 272 13 19 0
2230 270 26 21 13
2284 270 13 20 0
2314 283 17 6 ..
2350 271 13 20 0
2389 272 13 19 0
2428 274 13 19 0

1862 300 98 21 Arrack
1969 306 6 14 :
1990 298 42 22 Per
2041 298 44 26 gal.
2095 298 25 21 in
2128 297 62 22 bond
2204 298 14 20 0
2247 296 10 20 1
2286 296 12 19 9
2315 309 5 6 .
2328 309 5 6 .
2351 298 13 19 0
2390 299 13 19 2
2429 303 13 19 o

1862 326 78 22 Bread
1949 334 5 13 :
1972 326 41 21 Per
2021 324 46 22 21b.
2077 324 51 22 loaf
2142 338 46 7 ....
2206 324 14 20 0
2247 324 13 19 0
2286 323 13 19 6
2316 336 5 6 .
2329 336 6 6 .
2352 324 14 19 0
2391 325 14 19 0
2431 327 12 19 0

1862 353 60 21 Beef
1930 360 5 14 :
1950 352 77 26 Fresh,
2047 358 89 15 carcase
2151 357 42 21 per

1979 378 22 22 lb
2203 378 13 19 0
2243 376 13 19 0
2271 376 26 19 10
2314 389 18 6 ..
2350 378 14 19 0
2390 378 14 19 0
2430 379 13 20 0

1970 405 53 25 Salt,
2034 411 39 21 per
2087 404 69 21 tierce
2169 418 5 5 .
2182 417 5 6 .
2227 409 58 14 none
2315 404 130 21 ..000

1971 432 43 21 Do.
2023 438 40 20 per
2077 430 73 21 barrel
2169 444 18 6 ..
2227 435 57 15 none
2314 431 129 20 ..000

1863 459 106 21 Butter:
1987 458 65 26 Irish,
2062 465 41 20 per
2110 457 32 21 lb.
2167 457 51 20 ..0
2248 456 10 19 1
2287 456 12 19 9
2316 468 18 7 ..
2351 458 13 19 0
2390 458 14 19 2
2432 459 14 19 0

1985 484 67 22 Fresh
2208 484 13 19 0
2248 484 14 20 2
2288 482 12 20 6
2317 495 18 6 ..
2353 484 13 19 0
2392 485 14 19 0
2432 485 15 20 0

1865 518 96 15 dranpv
1968 519 5 14 :
1989 511 58 21 First
2053 510 93 29 quality,
2154 516 40 20 per

2012 538 75 26 gallon
2098 537 22 21 in
2133 536 60 21 bond
2207 537 13 19 0
2248 536 13 20 6
2288 536 12 19 0
2318 548 18 7 ..
2353 538 13 18 0
2393 538 13 19 8
2432 540 14 19 0

1866 566 84 20 Brown
1970 565 86 20 Stout:
2081 571 40 20 per
2135 562 53 22 hhd.
2204 563 13 20 6
2232 562 26 21 10
2285 564 12 18 0
2315 575 18 6 ..
2354 562 12 21 7
2392 564 12 19 0
2432 566 12 19 0

1865 592 99 21 Cigars:
1977 590 100 27 Manilla,
2087 597 39 21 per
2131 591 61 25 1000,
2208 590 12 19 3
2249 590 13 19 0
2288 590 12 19 0
2317 602 18 5 ..
2354 590 13 19 0
2394 590 12 19 0
2434 592 12 19 0

1974 617 95 22 Inferior
2209 616 10 19 1
2236 616 26 20 18
2288 616 13 20 0
2318 628 18 6 ..
2354 616 13 19 2
2394 616 13 19 0
2434 618 13 19 0

1975 643 135 26 Havannah,
2116 651 40 19 per
2162 643 31 21 lb.
2228 648 59 15 none
2317 642 128 22 ..000

1974 670 124 22 Chinsurah
2103 677 39 19 per
2149 670 71 21 10001
2237 670 25 19 10
2288 669 49 20 0..
2354 669 14 20 0
2394 669 13 19 0
2434 671 12 19 0

1974 696 152 23 Alexandrian
2208 697 52 20 110
2288 696 80 19 0..0
2394 696 14 19 0
2434 698 14 19 0

1866 726 100 21 Coffee:
1977 724 64 25 Java,
2051 730 40 20 per
2099 722 24 23 lb
2208 724 13 20 0
2249 724 13 19 0
2277 722 91 20 10..0
2394 722 14 19 0
2435 724 13 19 0

1867 752 101 21 Cheese:
1984 750 107 21 Cheshire
2209 752 13 18 0
2250 750 10 19 1
2289 749 80 20 6..0
2395 749 13 19 0
2436 751 12 18 0

1983 776 55 22 Pine
2049 776 74 28 Apple
2209 778 13 19 0
2250 777 12 20 0
2290 776 79 19 0..0
2397 774 11 20 1
2435 776 13 20 2

1983 803 76 22 Dutch
2210 804 14 20 0
2250 804 13 19 0
2290 802 13 20 0
2320 815 18 6 ..
2356 803 14 20 0
2397 801 11 20 1

1868 832 105 21 Candles
1980 838 5 13 :
1994 829 92 27 English
2095 837 55 19 wax,
2158 836 40 20 per

2011 856 22 21 lb
2210 858 13 19 0
2251 856 12 20 3
2290 856 13 19 0
2321 868 17 7 ..
2357 857 13 19 0
2397 856 14 19 0
2436 859 13 18 U

1997 882 80 23 Mould
2210 884 13 20 0
2251 883 11 19 1
2290 883 12 20 3
2320 895 18 6 ..
2357 883 13 20 0
2397 883 13 19 0
2436 884 13 19 0

1999 910 56 27 Dips
2210 912 13 19 0
2251 910 10 19 1
2290 910 80 19 0..0
2397 910 13 19 0
2437 911 12 18 0

1869 938 92 22 Floor:
1970 936 132 28 lstquality,
2114 943 38 21 per
2157 940 39 17 ton

1990 964 25 21 of
2026 964 55 21 2000
2091 963 33 21 lbs
2196 963 24 20 15
2250 964 12 20 0
2289 964 12 19 0
2319 963 51 20 ..20
2396 964 12 18 0
2436 964 12 19 0

1967 990 45 22 2nd
2022 990 55 21 ditto
2210 992 13 19 0
2250 992 13 19 0
2290 989 80 20 0..12
2397 990 13 19 0
2437 991 13 19 0

1870 1019 59 21 Gi.v:
1949 1018 53 21 Pale
2019 1018 24 20 in
2055 1016 59 22 bond
2210 1018 13 19 0
2250 1018 13 19 3
2290 1017 12 20 0
2319 1030 18 5 ..
2356 1018 13 19 0
2396 1016 14 20 4
2436 1018 13 19 0

1919 1045 61 25 Case,
1989 1046 13 19 4
2009 1044 35 26 gal
2055 1046 37 19 4-5
2101 1044 23 21 in
2135 1044 59 21 bond
2211 1044 10 19 1
2251 1045 12 20 8
2290 1044 79 19 0..1
2385 1043 25 20 10
2437 1044 13 19 0

1871 1071 79 22 Hams:
1968 1070 127 27 Yorkshire,
2111 1078 39 20 per
2159 1070 23 21 lb
2190 1086 6 5 .
2212 1073 13 18 0
2253 1072 12 19 0
2291 1071 13 19 0
2321 1084 19 5 ..
2359 1072 12 19 0
2399 1071 13 19 0
2439 1071 13 19 0

1871 1098 125 21 Mustard:
2013 1097 42 21 Per
2064 1097 71 21 dozen
2213 1099 12 19 0
2241 1098 24 19 18
2293 1098 79 19 0..0
2400 1098 13 19 0
2440 1098 13 19 0

1872 1125 112 21 Mutton:
2005 1124 93 21 Carcase
2109 1131 39 19 per
2157 1124 23 21 lb
2192 1140 5 5 .
2213 1126 13 19 0
2253 1126 13 18 0
2292 1124 12 19 9
2322 1137 18 6 ..
2359 1125 12 19 0
2399 1125 13 18 0
2428 1124 23 19 11

1872 1152 120 21 Muskets:
2008 1150 94 21 Walnut
2108 1150 92 21 stocked
2214 1152 13 19 0
2254 1152 13 19 0
2293 1152 12 19 0
2323 1164 17 7 ..
2359 1152 12 19 0
2388 1150 24 20 15
2442 1152 13 19 0

1872 1178 77 21 Milk.
1966 1178 40 21 Per
2014 1177 49 27 pint
2213 1179 14 19 0
2254 1179 12 19 0
2293 1178 11 19 3
2323 1191 18 6 ..
2359 1179 13 19 0
2400 1178 13 19 0
2439 1178 15 19 4

1872 1206 56 20 Oil:
1944 1204 102 24 Linseed,
2057 1211 39 20 per
2105 1204 76 26 gallon
2192 1220 5 5 .
2213 1206 13 19 0
2255 1206 12 18 0
2293 1205 49 19 0..
2373 1210 64 15 none.

1945 1231 77 26 Black,
2027 1231 22 20 in
2056 1230 172 28 cask,pertonl7
2256 1232 12 19 0
2295 1232 12 19 0
2324 1244 18 7 ..
2361 1233 12 18 0
2402 1234 13 17 0
2441 1232 14 19 0

1982 1258 77 24 Sperm
2196 1260 27 19 60
2250 1258 12 19 0
2290 1258 10 19 0
2319 1258 49 20 ..65
2397 1258 13 19 0
2438 1258 12 19 0

1872 1286 76 21 Pork:
1964 1284 76 26 Fresh,
2058 1291 87 15 carcase
2163 1291 39 21 per

1989 1311 21 22 lb
2212 1313 13 19 0
2253 1313 12 19 0
2291 1311 12 20 5
2321 1324 19 7 ..
2357 1313 14 19 0
2398 1313 13 19 0
2439 1313 13 19 0

1873 1339 75 20 Pork:
1965 1338 64 26 Irish,
2041 1345 40 19 per
2090 1338 73 21 barrel
2175 1352 19 6 ..
2213 1340 12 19 0
2253 1340 12 19 0
2293 1340 11 19 0
2322 1352 18 6 ..
2358 1338 13 20 5
2398 1338 13 20 5
2441 1339 15 20 0

1873 1366 128 21 Potatoes:
2022 1364 56 22 New
2092 1364 107 27 Zealand,

2047 1399 39 19 per
2095 1395 38 17 ton
2212 1392 12 19 5
2253 1393 12 19 0
2292 1393 12 19 0
2322 1404 6 7 .
2334 1404 7 7 .
2359 1392 12 21 8
2399 1392 14 20 0
2440 1393 13 19 0

1874 1420 92 20 Porter
1975 1425 5 14 :
2009 1418 103 26 Dunbar,
2123 1418 23 21 in
2154 1418 45 21 bot.

2040 1451 38 20 per
2089 1444 41 21 doz
2214 1446 13 19 0
2242 1445 25 20 13
2293 1446 79 19 0..0
2401 1446 13 19 0
2441 1446 14 19 0

1981 1471 86 27 Bryant
2076 1471 45 21 and
2131 1472 69 21 Davis
2215 1473 12 19 0
2243 1472 24 19 13
2294 1473 12 18 0
2324 1485 6 5 .
2337 1484 5 7 .
2361 1473 12 19 0
2401 1473 14 19 0
2442 1473 13 19 0

1875 1499 96 21 Pickles
1983 1506 4 13 :
2018 1498 117 26 Assoi*ed,
2164 1505 39 19 per

2045 1524 57 26 doz.,
2127 1528 75 24 quarts
2218 1526 50 19 11
2297 1526 12 19 0
2327 1538 18 6 ..
2363 1526 12 19 0
2404 1527 13 18 0
2444 1526 13 18 0

1875 1553 72 21 Pitch
1960 1559 6 14 :
1997 1551 138 27 Stockholm,
2164 1559 40 19 per

2023 1578 72 21 barrel
2217 1581 13 19 0
2258 1581 11 19 0
2297 1580 13 19 0
2327 1592 18 6 ..
2365 1579 10 18 1
2404 1578 13 21 5
2447 1580 13 18 0

1875 1606 80 21 Plank
1962 1613 6 13 :
1997 1605 52 21 Port
2072 1604 131 28 Nicholson,

2023 1639 39 20 per
2072 1634 40 19 100
2121 1632 46 21 feet
2180 1647 5 5 .
2192 1646 5 6 .
2217 1634 13 19 0
2257 1634 12 19 0
2296 1634 13 19 0
2327 1646 4 5 .
2338 1646 7 5 .
2364 1633 9 19 1
2404 1633 11 19 1
2444 1634 14 19 0

1875 1660 58 21 Rice
1940 1667 4 13 :
1957 1659 108 21 Common
2075 1666 40 20 per
2121 1662 48 18 cwt.
2180 1674 6 5 .
2194 1674 5 5 .
2218 1662 13 18 0
2258 1662 12 17 0
2297 1662 13 17 0
2328 1672 4 7 .
2340 1673 5 6 .
2364 1661 13 19 0
2404 1662 13 18 0
2445 1662 12 17 0

1957 1685 63 22 Good
2218 1688 10 18 1
2257 1687 13 20 4
2297 1688 48 18 0..
2364 1688 12 19 0
2404 1687 13 20 0
2444 1688 14 19 0

1875 1713 54 21 Rum
1938 1720 4 13 :
1960 1713 24 21 P.
1995 1713 25 21 B.
2032 1712 33 25 P.,
2080 1719 39 20 per
2128 1712 76 27 gallon

1996 1740 22 20 in
2036 1740 59 20 bond
2217 1742 13 19 0
2256 1741 13 19 4
2297 1740 11 19 0
2327 1753 17 6 ..
2363 1741 13 19 0
2403 1740 13 19 5
2444 1741 16 19 O

1876 1767 87 21 Sugar:
1982 1766 117 21 Mauritius
2109 1773 40 19 per
2156 1770 48 17 cwt.
2220 1768 12 19 0
2260 1768 12 19 0
2299 1768 48 19 0..
2380 1772 57 15 none

1984 1793 79 21 Brown
2078 1792 55 21 ditto
2150 1794 75 19 ....1
2255 1794 12 19 2
2294 1793 78 20 0..1
2403 1794 13 19 8
2444 1794 14 19 0

1985 1819 94 22 Refined
2096 1820 51 26 loaf,
2166 1827 39 19 per

2009 1846 23 21 ]b
2218 1849 13 19 0
2259 1848 12 19 0
2298 1848 13 19 9
2329 1860 17 6 ..
2365 1848 13 19 0
2406 1848 13 19 0
2446 1848 13 19 0

1985 1872 95 22 Manilla
2099 1880 40 19 per
2152 1876 48 18 cwt.
2216 1875 13 19 0
2257 1875 12 19 0
2297 1875 12 19 0
2327 1886 18 8 ..
2366 1872 64 22 None

1877 1900 58 21 Salt
1943 1907 6 13 :
1965 1899 126 27 Liverpool,
2100 1907 40 19 per
2150 1905 39 16 ton
2197 1902 33 19 .3
2258 1902 12 19 0
2297 1901 13 20 0
2328 1914 5 6 .
2340 1913 6 6 .
2364 1901 13 20 i
2405 1902 13 19 0
2446 1902 13 19 0

1877 1928 59 20 Soap
1944 1934 6 13 :
1978 1926 100 21 Hawes's
2103 1926 101 27 London,

2003 1960 39 20 per
2049 1956 38 17 ton
2204 1954 26 21 35
2258 1955 12 19 0
2297 1956 13 19 0
2328 1967 18 6 ..
2366 1954 11 19 0
2407 1955 13 20 0
2448 1956 12 19 0

1995 1979 118 27 Liverpool
2204 1982 27 19 26
2259 1982 12 19 0
2298 1982 13 19 0
2328 1994 18 6 ..
2364 1982 13 19 0
2406 1982 12 18 0
2447 1983 13 18 0

1878 2008 90 20 Starch
1976 2014 5 13 :
1997 2006 43 21 Per
2048 2006 22 21 lb
2220 2009 14 19 0
2260 2010 14 17 0
2299 2008 13 20 9
2330 2021 5 6 .
2342 2021 6 6 .
2367 2009 12 19 0
2408 2010 12 18 0
2448 2010 14 18 0

1878 2035 128 20 Scantling
2015 2041 3 13 :
2036 2033 41 21 Per
2086 2034 40 21 100
2135 2034 54 21 feet.
2196 2048 5 5 .
2221 2035 53 20 OIS
2300 2035 13 20 0
2331 2048 4 6 .
2343 2048 6 5 .
2369 2035 9 18 1
2408 2036 14 19 0
2449 2036 14 19 0

1879 2061 125 21 Shingles:
2021 2060 110 27 PerlOOO,
2141 2061 28 20 N.
2178 2060 25 22 Z.
2220 2062 50 19 11
2299 2062 13 19 0
2330 2074 17 6 ..
2368 2062 9 19 1
2407 2062 13 19 5
2448 2063 14 18 0

2006 2087 70 27 Ditto,
2101 2087 26 21 V.
2139 2088 28 21 D.
2178 2088 26 21 L.
2219 2089 13 20 2
2260 2090 12 19 0
2299 2089 13 19 0
2330 2102 5 5 .
2342 2101 5 6 .
2366 2090 12 19 0
2407 2090 13 19 0
2448 2091 12 18 0

1878 2115 62 21 Tar;
1956 2114 53 21 Coal
2221 2116 10 19 1
2261 2115 9 20 1
2300 2116 12 18 0
2330 2128 18 5 ..
2367 2117 13 19 0
2408 2116 13 19 0
2448 2116 14 19 0

1960 2140 128 22 Stockholm
2103 2155 100 11 .........
2222 2142 11 20 I
2262 2143 10 18 1
2300 2143 12 19 0
2330 2155 17 6 ..
2366 2144 13 18 0
2407 2143 13 18 0
2448 2143 14 18 0

1879 2168 47 21 Tea
1935 2176 5 13 :
1950 2168 79 26 Hyson
2034 2167 56 26 skin,
2097 2174 39 20 per
2145 2168 63 21 chest
2220 2170 14 19 4
2260 2171 13 18 0
2299 2169 13 19 0
2330 2181 17 6 ..
2367 2169 11 20 7
2407 2169 13 20 7
2448 2170 13 18 0

1954 2195 91 25 Congou
2209 2196 25 20 10
2261 2196 13 19 0
2299 2196 48 19 0..
2366 2197 12 18 0
2407 2196 13 19 0
2447 2196 13 19 0

1879 2222 118 21 Tobacco:
2011 2220 140 26 Negrohead,
2170 2228 38 19 per

2037 2248 30 20 lb.
2080 2247 23 21 in
2121 2247 59 22 bond
2220 2250 14 19 0
2262 2249 7 20 1
2299 2249 48 19 0..
2366 2250 12 18 0
2406 2249 14 20 0
2448 2250 13 19 0

1880 2276 162 21 Turpentine:
2059 2274 42 21 Per
2105 2274 98 26 gallon..
2222 2277 13 19 0
2262 2278 13 17 8
2300 2276 14 19 0
2331 2288 17 5 ..
2368 2276 12 19 0
2408 2276 12 19 0
2448 2277 14 19 0

1883 2302 158 21 Whalebone:
2058 2301 42 21 Per
2109 2306 38 16 ton
2210 2303 26 20 90
2262 2304 14 19 0
2301 2302 13 19 0
2331 2302 47 19 ..95
2407 2302 13 20 0
2447 2303 14 19 0

1882 2328 80 22 Wine:
1978 2328 88 26 Sherry,
2077 2335 39 19 per
2125 2328 50 26 pipe
2185 2330 50 19 ..28
2262 2330 13 19 0
2301 2330 13 18 0
2331 2330 49 18 ..40
2407 2330 13 19 0
2448 2330 12 19 0

1990 2355 70 25 Ditto,
2075 2361 40 19 per
2128 2354 79 21 dozen.
2224 2357 8 19 1
2261 2357 13 19 4
2300 2356 14 19 0
2331 2368 18 6 ..
2368 2356 11 19 2
2408 2356 12 19 0
2448 2357 13 18 0

1991 2382 58 26 Port,
2060 2389 39 19 per
2110 2381 49 27 pipe
2184 2383 50 21 ..28
2261 2384 13 19 0
2300 2383 79 20 0..60
2407 2383 13 19 0
2446 2384 14 19 0

2057 2415 39 19 per
2107 2410 47 19 cioz.
2185 2423 5 5 .
2197 2422 6 5 .
2223 2411 9 19 1
2261 2410 13 19 8
2300 2410 14 19 0
2331 2422 4 5 .
2343 2422 5 5 .
2367 2410 12 19 2
2407 2410 13 19 8
2447 2410 13 19 0

1990 2435 149 27 Champagne,
2154 2435 55 21 ditto
2222 2437 13 19 2
2262 2436 12 19 5
2301 2437 13 18 0
2331 2449 6 5 .
2344 2449 5 5 .
2368 2436 12 19 3
2397 2436 25 19 10
2448 2436 14 20 0

1884 2463 118 21 Poultry:
2018 2462 80 26 Fowls,
2105 2469 39 19 per
2151 2462 48 26 pair
2206 2478 5 5 .
2225 2465 14 18 0
2265 2465 13 18 8
2304 2464 13 19 0
2334 2476 18 5 ..
2371 2464 12 18 0
2400 2463 24 19 16
2451 2464 13 18 0

2017 2489 85 26 Ducks,
2113 2488 55 21 ditto
2188 2503 18 6 ..
2225 2491 12 19 0
2253 2490 25 20 16
2303 2490 14 19 0
2334 2502 18 7 ..
2370 2490 12 19 0
2411 2490 13 19 0
2451 2491 13 18 0

2018 2516 80 26 Geese,
2110 2515 54 22 each
2188 2530 5 5 .
2201 2530 5 5 .
2226 2518 10 19 1
2264 2518 13 19 0
2303 2517 13 19 0
2333 2529 5 6 .
2346 2529 5 6 .
2370 2517 12 19 0
2410 2517 14 18 0
2451 2517 13 19 0

2016 2542 109 27 Turkeys,
2136 2542 56 21 each
2227 2544 10 20 1
2265 2545 14 19 0
2304 2544 13 19 0
2335 2556 17 5 ..
2371 2544 13 19 0
2412 2544 13 19 0
2452 2544 13 19 0

2019 2569 102 26 Pigeons,
2132 2570 78 26 (wild,)

2045 2603 39 20 per
2094 2596 48 27 pair
2226 2598 13 19 0
2266 2598 13 19 0
2305 2597 80 20 0..0
2411 2597 14 20 2
2453 2597 14 19 0

2018 2623 84 25 Ducks,
2112 2623 34 21 do.
2157 2623 52 21 do..
2227 2625 13 19 0
2267 2624 12 19 5
2305 2624 14 19 0
2337 2636 17 6 ..
2372 2624 14 19 0
2413 2625 14 18 0
2454 2624 13 19 0

1884 2651 72 21 Eggs:
1975 2650 41 22 Per
2026 2649 72 22 dozen
2228 2652 13 19 0
2267 2651 14 20 2
2306 2651 14 19 0
2337 2663 17 6 ..
2373 2651 13 19 0
2415 2651 13 19 0
2455 2651 13 19 0

1885 2704 76 22 Cows:
1976 2703 70 22 Milch
2216 2704 25 21 15
2267 2705 14 19 0
2306 2704 13 20 0
2337 2704 49 19 ..25
2415 2704 13 19 0
2455 2704 13 19 0

1887 2732 94 20 Mares:
1997 2730 74 22 Brood
2213 2732 28 20 50
2267 2732 14 19 0
2306 2732 13 19 0
2337 2731 50 20 ..80
2415 2732 14 19 0
2455 2731 13 19 0

1888 2758 113 21 Working
2018 2758 131 21 Bullocks:
2173 2758 43 21 Per

1912 2785 52 27 pair
2216 2786 27 19 40
2269 2786 14 19 0
2309 2785 13 20 0
2338 2784 52 20 -.60
2417 2785 14 19 0
2457 2784 13 19 0

1888 2811 62 21 Hire
1961 2819 26 13 of
1998 2818 67 14 ditto
2072 2819 4 13 :
2094 2811 42 21 Per
2143 2811 51 27 day,
2203 2818 13 14 a

1914 2842 60 17 team
1983 2838 46 21 and
2036 2838 73 21 driver
2232 2839 9 20 1
2270 2839 13 20 0
2309 2839 14 19 0
2340 2850 17 7 ..
2375 2838 14 19 2
2417 2838 14 20 0
2457 2837 13 20 0

1888 2866 88 20 Sheep:
1992 2864 60 22 Each
2230 2866 11 19 1
2269 2866 14 19 0
2308 2866 13 19 0
2338 2877 19 6 ..
2377 2864 10 20 1
2417 2865 12 19 8
2457 2865 12 19 0

1888 2892 63 21 Boat
1962 2892 72 21 Hire:
2049 2891 44 22 Per
2098 2892 49 26 day,
2154 2891 63 22 with-

2077 2923 41 17 out
2127 2918 71 21 hands
2208 2920 35 19 .0
2258 2918 25 21 10
2308 2919 13 20 0
2339 2931 6 6 .
2352 2931 5 6 .
2377 2918 9 19 1
2417 2919 13 19 0
2457 2918 13 19 0

1889 2972 98 22 Wages:
2015 2971 139 28 Mechanics,
2180 2979 39 21 per

2043 2999 61 21 week
2232 2999 13 19 2
2271 3000 14 19 0
2311 2998 81 21 0..3
2418 2999 15 19 0
2459 2999 13 19 0

2024 3025 126 21 Labourers
2232 3026 10 19 1
2259 3026 25 19 10
2310 3026 13 19 0
2340 3038 19 5 ..
2378 3024 11 21 1
2405 3025 27 20 16
2458 3025 14 20 0

141 150 76 21 Land
226 148 42 21 for
283 148 60 20 Sale
358 148 29 20 at
401 145 104 22 Karori.

35 181 89 50 TEN
139 179 96 23 ACRES
251 179 24 21 of
287 178 87 22 Yule's
380 193 2 7 ,
393 176 107 22 favourite
519 174 92 26 section,

110 206 99 28 together
223 213 25 14 or
262 208 105 29 separate,
385 203 84 26 having
484 209 12 14 a
513 201 100 25 frontage

35 238 55 18 next
104 234 37 21 the
155 232 61 27 road,
233 232 70 22 which
317 231 19 21 is
351 229 89 27 already
451 228 64 22 made
530 231 49 23 past
589 228 23 20 it.

36 261 73 28 Apply
119 264 22 18 to
261 261 2 11 '

369 291 3 5 ■
406 282 45 22 Mr:
466 281 120 22 Brandon.

63 314 99 26 January
171 314 33 24 13,
217 313 58 21 1843.
306 326 10 10 

36 365 84 25 Land,
132 364 53 21 and
200 361 156 22 unselected
369 360 78 20 Land
463 359 95 20 Orders
573 357 42 20 for

158 391 68 22 Sale,
242 394 35 15 on
291 387 95 21 liberal
402 388 90 18 terms.

37 425 67 49 TO
120 424 37 22 BE
172 421 86 26 SOLD,
275 421 29 26 by
317 420 85 28 private
420 420 105 24 contract,
546 416 70 26 single

99 451 91 21 sections
200 456 27 14 on
240 448 35 21 the
286 446 106 28 principal
398 446 54 21 lines
461 445 23 21 in
492 444 37 21 the
540 444 76 20 vallies

37 478 25 21 of
75 478 35 21 the
123 477 56 21 Hutt
188 475 44 21 and
242 474 36 22 the
296 472 121 26 Horokiwi,
428 472 44 21 and
489 478 27 13 on
525 470 37 21 the
574 470 42 21 Po-

35 505 61 21 rirua
105 504 62 20 Road
175 510 5 18 ;
197 502 45 20 also
258 500 76 21 blocks
351 499 25 21 of
386 498 61 27 land,
466 496 25 22 of
502 501 42 17 two
558 496 58 21 hun-

37 530 54 22 dred
110 529 43 21 and
172 528 61 22 three
252 525 102 23 hundred
374 532 61 14 acres
454 524 60 25 each,
534 523 23 21 in
580 522 37 21 the

35 556 126 22 immediate
171 555 91 26 vicinity
273 553 25 21 of
310 552 36 21 the
357 552 67 21 Town
436 551 25 20 of
472 550 144 25 Wellington.

37 583 62 26 Aiso,
111 582 73 21 orders
200 581 33 21 for
251 584 92 22 country
353 578 53 21 land
423 577 44 21 still
482 575 134 26 unselected,

37 610 69 21 either
117 608 70 26 singly
199 614 29 19 or,
233 607 22 21 in
266 607 49 24 lots,
327 600 44 34 s|nd
382 604 51 21 with
445 611 24 14 or
480 602 91 22 without
581 602 37 20 the

37 637 67 21 Town
115 634 76 26 Acres,
204 638 20 17 to
235 634 42 20 suit
287 632 134 26 purchasers.

66 661 73 28 Apply
149 664 22 18 to
181 661 39 21 Dr.
232 660 82 25 Evans,
329 658 106 22 Lambton
448 657 70 25 Quay.

39 694 21 21 A
70 692 76 22 liberal
158 691 69 22 credit
236 690 65 27 given
313 693 21 18 to
343 687 137 27 respectable
491 686 128 28 purchasers

127 717 115 26 intending
252 721 20 17 to
284 715 62 22 settle
358 722 58 19 upon
427 714 38 21 the
473 714 59 21 land.

273 768 39 20 To
327 768 58 23 Let,

39 804 87 49 FOR
140 803 53 22 such
205 810 13 14 a
228 805 56 18 term
294 801 26 22 of
325 808 63 20 years
399 808 22 14 as
437 808 52 19 may
498 800 29 21 be
540 798 81 27 agreed

110 838 36 18 on,
158 832 33 20 six
201 836 60 15 acres
278 828 65 27 along
362 828 37 23 the
409 827 45 23 Kai
462 837 2 8 ■
470 826 149 26 Warra-road,

39 865 29 14 on
78 858 86 22 Section
174 858 44 21 No.
227 858 20 24 4,
262 856 24 21 in
302 863 41 16 one
361 861 24 16 or
403 862 60 14 more
477 856 50 21 lots.
559 853 60 26 Also,

40 886 87 21 wanted
145 892 13 13 a
177 887 122 18 contractor
316 883 35 21 for
368 881 102 26 building
488 889 13 14 a
515 880 107 23 weather-

39 912 98 21 boarded
151 911 74 25 house,
244 909 52 22 with
313 909 62 22 brick
395 906 114 29 chimnies,
525 915 29 14 on
574 907 47 21 said

40 939 92 21 section.
162 938 73 26 Apply
245 940 23 17 to

228 968 48 22 Mr.
291 968 154 25 Macdonald,
456 966 43 22 Kai
509 966 86 22 Warra.

67 996 44 21 Kai
121 995 84 26 Warra,
218 995 53 27 July
283 996 18 25 8,
314 995 60 21 1842.

39 1046 39 19 To
97 1045 159 20 Gentlemen
271 1044 145 26 intending
430 1044 28 19 to
473 1044 76 19 enter
562 1044 59 20 into

67 1072 44 20 the
139 1071 141 26 profitable
309 1070 107 26 pursuit
446 1070 29 21 of
502 1070 121 26 Grazing

69 1099 53 20 and
142 1098 134 25 Breeding
296 1097 90 24 Stock.,
409 1096 42 21 fox
470 1097 87 20 which
579 1098 43 19 the

68 1124 87 21 fertile
174 1124 110 20 Islands
305 1124 30 20 of
352 1123 68 21 New
438 1124 120 20 Zealand
578 1129 44 14 are

67 1157 31 15 so
113 1150 149 27 peculiarly
277 1151 125 25 adapted.

42 1185 91 49 THE
144 1184 150 26 undersigned
303 1185 43 26 beg
356 1188 22 18 to
386 1184 82 22 inform
478 1184 56 22 their
540 1184 84 22 friends

113 1211 44 22 and
173 1211 37 21 the
225 1211 73 27 public
315 1211 120 26 generally,
452 1211 48 21 that
516 1211 52 26 they
580 1211 43 21 will

40 1241 101 19 contract
165 1239 34 20 for
218 1238 37 20 the
280 1237 98 28 delivery
404 1237 24 21 of
450 1238 37 21 the
511 1237 114 27 following

42 1265 133 27 description
189 1265 25 20 of
221 1263 73 27 Stock,
302 1265 23 21 in
334 1272 44 19 any
389 1265 53 21 Port
452 1264 24 22 of
489 1264 36 22 the
538 1264 87 22 Islands

43 1292 26 20 of
77 1291 53 21 New
141 1291 99 21 Zealand
248 1299 4 13 :
255 1302 28 3 —

71 1318 93 21 Horned
180 1317 66 21 cattle
264 1317 124 27 (improved
402 1317 87 26 breeds)
505 1317 26 21 of
543 1317 29 22 all
588 1317 38 21 de-

44 1345 123 26 scriptions,

72 1371 90 26 Horses,
183 1371 57 21 from
261 1371 37 21 the
321 1371 50 21 best
390 1371 93 26 English
503 1369 45 23 and
564 1371 62 21 Arab

44 1397 69 27 studs,
131 1397 92 22 suitable
239 1397 34 21 for
292 1397 82 27 racing,
391 1397 82 27 saddle,
485 1404 24 14 or
520 1397 91 22 harness
619 1406 5 18 ;

42 1423 47 23 and
97 1424 106 27 breeding
213 1431 79 19 mares,

73 1451 56 21 Pure
139 1451 73 21 Saxon
223 1451 44 21 and
277 1451 85 21 merino
373 1458 63 19 ewes,

73 1477 118 22 Half-bred
207 1478 111 21 Leicester
332 1477 45 21 and
393 1484 85 14 merino
498 1484 61 19 ewes,
577 1485 50 19 par-

45 1504 101 27 ticularly
157 1504 94 27 adapted
264 1504 34 21 for
308 1504 43 21 this
361 1507 100 24 country,
473 1511 22 14 as
505 1505 52 26 they
564 1505 63 21 unite

46 1531 81 26 weight
136 1531 26 21 of
168 1538 85 14 carcass
263 1531 51 21 with
325 1531 95 21 fineness
431 1531 25 21 of
465 1531 60 21 wool.

73 1557 47 21 The
143 1557 148 26 undersigned
314 1565 41 13 can
383 1557 165 21 accommodate
576 1565 52 20 pur-

46 1583 88 23 chasers
150 1584 24 21 of
188 1583 57 22 their
255 1584 66 21 Stock
339 1583 52 22 with
408 1584 112 21 extensive
536 1585 92 26 gracing

45 1618 61 16 runs,
117 1611 76 21 within
204 1613 40 19 100
254 1611 62 21 miles
327 1611 24 21 of
358 1611 43 21 this
409 1611 61 22 Port.

304 1644 35 21 W.
355 1644 26 21 B.
397 1644 94 21 Rhodes
505 1644 43 21 and
562 1645 38 20 Co.

179 1690 87 19 Town
284 1689 30 20 of
326 1690 167 19 Manewatu.

48 1723 89 50 THE
160 1722 212 22 PROPRIETORS
398 1722 24 21 of
447 1723 38 21 the
506 1723 60 21 three
582 1724 47 20 first

134 1750 87 21 choices
238 1752 21 18 at
269 1750 37 21 the
324 1749 42 21 last
382 1749 105 21 selection
498 1749 24 21 of
537 1754 92 23 country

46 1777 69 26 lands,
129 1777 83 26 having
232 1776 135 21 determined
382 1783 60 18 upon
459 1776 37 21 the
513 1777 40 20 site
567 1777 35 20 for
617 1784 13 13 a

60 1811 91 21 TOWN
168 1810 42 21 ON
225 1810 64 21 THE
305 1810 186 21 MANEWATU
507 1810 105 26 RIVER,

47 1843 56 21 after
108 1843 76 19 several
193 1843 59 19 visits
261 1845 22 17 to
292 1841 37 21 the
338 1841 184 26 neighbouroood,
535 1841 46 22 and
593 1842 36 21 the

48 1872 56 18 most
122 1869 85 21 careful
226 1868 44 22 and
287 1868 82 22 minute
390 1869 148 20 examination
555 1869 24 21 of
594 1869 36 21 ihe
641 1867 1 33 j

50 1900 69 17 diitire
135 1896 90 25 district,
242 1895 63 21 aided
322 1895 29 26 by
360 1895 38 21 the
414 1895 142 27 professional
571 1895 57 26 skill,

45 1923 23 22 I-.*
80 1922 103 27 owledge,
204 1921 43 22 and
261 1922 130 27 experience
407 1921 24 21 of
444 1921 36 21 the
497 1926 58 16 most
569 1929 61 14 com-

49 1952 75 24 petent
132 1949 87 27 judges,
235 1955 91 20 propose
343 1952 21 17 to
381 1949 52 20 offer
446 1948 31 21 for
494 1948 103 27 disposal,
609 1952 21 18 at

197 1975 36 21 the
249 1978 86 24 present
345 1975 59 26 time,
416 1975 67 21 about

49 2006 216 23 TWENTY-FIVE
300 2005 105 26 ACRES,
445 2006 33 21 IN
517 2006 114 22 ALLOT-

50 2034 112 26 MENTS,
177 2033 84 22 EACH
283 2032 39 21 OF
346 2032 63 21 ONE
430 2032 148 24 QUARTER
592 2033 38 22 OF

264 2059 43 21 AN
324 2059 90 21 ACRE.

77 2096 45 21 The
132 2098 48 25 spot
190 2095 50 21 thus
249 2093 95 23 selected
356 2100 110 20 possesses
475 2093 36 21 the
521 2097 57 18 most
595 2102 37 13 ex-

50 2123 84 21 tensive
147 2123 101 25 frontage
261 2124 23 18 to
301 2121 56 26 deep
368 2124 68 17 water
452 2119 25 22 of
489 2128 42 19 any
547 2128 27 14 on
595 2121 36 21 the

50 2150 63 21 river.
144 2149 21 21 It
181 2149 19 21 is
219 2147 94 22 situated
328 2147 47 24 just
388 2149 22 18 at
427 2146 47 22 that
493 2147 62 26 point
574 2147 57 22 from

113 2175 70 22 which
193 2182 14 14 a
217 2175 51 21 road
280 2173 71 22 would
362 2173 82 21 branch
456 2173 33 21 off
494 2178 22 16 to
526 2173 38 22 the

50 2210 93 14 WOODED
167 2210 45 13 AND
235 2208 95 14 FERTILE
351 2207 116 14 DISTRICTS
489 2208 73 14 ALONG
587 2208 44 14 THE

219 2235 54 14 BASE
288 2235 27 13 OF
329 2234 45 14 THE
390 2234 74 19 HILLS,

51 2256 43 22 and
107 2255 69 22 above
186 2254 72 22 which
268 2254 36 21 the
319 2253 128 26 navigation
461 2253 33 21 for
504 2254 81 21 vessels
595 2255 37 21 be-

51 2290 73 14 comes
135 2283 84 24 tedious,
230 2282 23 24 if
258 2283 36 18 not
304 2281 86 26 difficult
428 2280 21 20 It
456 2281 17 20 is
481 2280 106 22 therefore
597 2281 35 21 the

248 2309 61 26 point
318 2307 72 21 whoro
402 2306 35 21 the

53 2342 87 23 LAND
155 2342 67 21 AND
237 2341 113 22 WATER
364 2340 160 21 CARRIAGE
539 2341 92 22 MEET.

52 2373 45 22 and
106 2373 71 22 where
187 2380 13 15 a
210 2373 68 21 Town
296 2380 58 14 must
369 2380 28 14 be
412 2380 89 14 formed
519 2372 64 22 when
595 2373 37 21 tlie

53 2401 83 21 district
151 2400 20 21 is
180 2400 85 22 settled.
296 2400 21 20 It
325 2406 44 14 was
379 2399 96 21 selected
491 2399 29 26 by
531 2399 36 21 the
581 2401 51 19 Sur-

53 2427 79 26 veying
142 2427 57 21 Staff
212 2434 23 14 as
246 2427 36 21 the
291 2425 135 22 rendezvous
435 2425 37 21 for
487 2425 56 21 their
557 2425 59 27 body
626 2434 5 18 ;

54 2454 41 21 and
106 2453 38 22 has
154 2454 57 20 been
221 2460 50 14 now
284 2452 76 27 found,
370 2452 57 21 after
438 2452 84 21 several
539 2453 94 21 months'

53 2480 102 26 location,
167 2483 21 17 to
202 2480 28 21 be
240 2479 36 21 the
287 2482 56 18 most
357 2478 163 27 advantageous
530 2479 102 27 position,

54 2507 56 21 from
127 2507 26 20 its
169 2506 95 27 peculiar
285 2506 82 26 facility
385 2506 26 20 of
422 2506 110 26 approach
543 2506 52 20 both
607 2507 26 26 by

53 2533 53 21 land
116 2533 44 21 and
170 2536 74 18 water.

83 2560 27 21 In
120 2559 151 22 confirmation
282 2559 25 21 of
313 2558 37 22 the
360 2558 129 27 superiority
500 2558 25 22 of
534 2558 42 22 this
587 2562 48 23 spot

54 2594 52 14 over
115 2593 43 20 any
169 2586 62 21 other
239 2590 38 23 yet
286 2586 87 26 known,
386 2584 37 22 the
435 2586 87 20 Messrs.
532 2586 101 26 Kebbull,

56 2613 55 21 after
129 2613 37 21 the
185 2613 149 21 examination
350 2612 26 21 of
393 2612 35 21 the
448 2612 57 21 river
521 2612 57 21 from
598 2612 36 21 the

56 2639 87 22 Paneiri
153 2639 46 22 Pah
210 2643 22 17 to
242 2639 27 21 its
279 2639 84 26 mouth,
374 2638 138 22 determined
527 2646 28 14 on
565 2644 70 16 erect-

291 2666 38 26 ing
341 2665 59 21 their

56 2700 65 21 SAW
136 2699 79 22 MILL
236 2698 228 22 IMMEDIATELY
478 2699 157 21 OPPOSITE.

56 2731 48 22 The
122 2731 69 22 works
210 2730 23 22 of
251 2730 47 21 that
315 2730 168 21 establishment
500 2737 37 14 are
557 2734 22 17 at
595 2731 42 21 tins

58 2761 99 18 moment
174 2758 23 20 in
212 2757 63 27 rapid
289 2763 106 21 progress,
412 2756 44 21 and
475 2756 37 21 the
529 2758 108 26 proposed

57 2785 68 21 Town
136 2784 43 21 will
188 2784 131 26 necessarily
325 2783 91 27 partake
423 2783 26 21 of
455 2783 41 21 this
507 2783 129 25 advantage.

85 2811 48 22 The
152 2810 92 21 nucleus
258 2810 25 20 of
299 2817 13 14 a
332 2810 66 21 Town
412 2810 26 25 is,
449 2809 23 22 in
487 2811 50 25 fact,
549 2810 88 27 already

59 2836 95 26 created,
165 2837 28 26 by
204 2836 36 21 the
251 2836 161 21 concentration
429 2836 25 21 of
470 2836 35 21 the
515 2838 124 20 Survexiisir

61 2864 56 21 Staff
124 2871 28 14 on
163 2863 47 22 that
220 2866 54 24 spot,
285 2870 23 13 as
317 2862 37 21 the
365 2867 73 16 centre
455 2862 25 21 of
491 2859 148 26 communica-

61 2891 44 21 tion
117 2893 22 18 to
149 2890 36 21 the
195 2889 146 27 surrounding
351 2888 96 28 district;
465 2889 35 22 the
511 2890 94 21 erection
618 2891 24 20 of

61 2918 89 21 Messrs.
162 2916 113 22 Kebbell's
291 2917 47 20 Saw
355 2916 62 21 Mills
434 2916 109 27 opposite;
560 2917 28 26 by
604 2918 35 21 :!;e

61 2947 161 23 arrangements
237 2943 33 21 for
285 2950 28 13 an
330 2943 112 20 extensive
454 2943 96 22 General
563 2944 61 21 Stovo
632 2952 5 19 ;

61 2971 43 21 and
115 2971 28 26 by
151 2970 37 21 the
197 2970 44 21 late
251 2969 130 27 application
388 2970 33 20 for
430 2977 14 13 a
451 2970 106 21 Licensed
565 2970 74 22 House

61 3005 28 13 on
98 2996 36 23 the
141 3000 51 28 part
202 2996 24 21 of
239 3003 27 14 an
276 2995 122 22 individual
412 2996 49 21 who
475 2996 46 27 has,
532 2996 61 22 since
604 2998 36 21 the

60 3024 117 21 formation
194 3023 26 21 of
234 3022 37 21 the
287 3022 90 28 Colony,
393 3023 96 26 pursued
505 3031 12 13 a
536 3023 104 22 lucrative

63 3050 61 21 trade
134 3050 51 21 with
195 3050 37 21 the
243 3049 91 26 natives,
345 3048 45 22 and
402 3049 71 22 whose
484 3050 128 27 knowledge
620 3052 22 20 of

63 3077 36 21 the
110 3076 133 26 advantages
254 3076 23 21 of
284 3076 37 21 the
331 3076 100 26 position,
438 3077 116 26 prompted
563 3077 46 21 him
620 3081 22 18 at

63 3110 54 14 once
129 3108 21 16 to
159 3104 72 26 prefer
241 3102 48 21 that
300 3102 140 27 application.

89 3130 47 21 The
146 3129 92 22 Natives
252 3129 30 27 by
291 3129 71 21 whom
378 3128 43 21 this
431 3128 54 23 land
495 3137 44 14 was
550 3130 92 22 claimed

63 3163 36 14 are
110 3156 59 27 quite
180 3155 106 27 prepared
296 3160 21 16 to
326 3155 49 26 give
382 3161 29 21 up
418 3156 130 26 possession,
556 3157 44 21 and
607 3165 35 13 are

63 3182 143 27 exceedingly
216 3182 92 21 anxious
322 3186 21 16 to
358 3181 57 22 have
425 3189 13 14 a
449 3182 115 28 European
574 3191 68 20 popu-

61 3209 68 22 lation
141 3215 80 19 among
232 3208 64 26 them,
309 3208 82 26 having
407 3208 57 21 been
473 3215 57 21 upon
542 3210 36 21 the
588 3215 54 16 most

63 3235 94 27 friendly
165 3235 84 26 footing
259 3234 52 21 with
320 3234 37 21 the
369 3236 123 26 Surveying
503 3236 56 21 Staff
565 3236 77 28 during

60 3262 39 21 the
108 3262 49 21 ftv.r
167 3269 23 14 or
200 3262 43 21 five
253 3261 86 21 months
348 3261 54 26 they
421 3261 57 22 have
493 3262 55 22 been
558 3262 84 23 located

60 3289 71 22 there.

91 3316 31 21 As
133 3315 35 22 the
177 3314 136 28 Proprietors
322 3321 92 20 purpose
424 3318 22 18 to
456 3314 86 28 dispose
553 3316 25 21 of
584 3316 39 22 but
632 3324 10 15 a

63 3342 82 21 limited
161 3342 87 25 portion
264 3341 27 21 of
301 3341 37 21 the
353 3342 68 21 lown
437 3346 24 17 at
478 3346 94 23 present,
593 3344 49 26 they

61 3368 78 28 pledge
150 3368 130 22 themselves
289 3368 53 26 that,
354 3372 23 17 at
385 3375 29 14 no
433 3368 73 22 future
515 3368 64 27 sales,
590 3370 52 21 shall

63 3395 38 22 the
111 3395 126 22 allotments
246 3395 27 21 be
284 3397 38 24 put
328 3401 29 20 up
367 3398 24 17 at
400 3402 12 14 a
423 3391 45 26 less
477 3403 48 14 sum
535 3396 54 21 than
598 3403 44 16 now

64 3422 89 22 offered.
280 3422 3 8 '

92 3450 21 21 A
132 3448 129 27 Prospectus
281 3447 44 22 and
344 3447 56 22 Plan
420 3448 26 21 of
459 3448 37 21 the
514 3449 69 22 Town
602 3450 40 22 will

64 3475 84 27 shortly
158 3476 26 20 be
194 3474 67 27 ready
270 3474 34 21 for
314 3475 121 26 inspection
451 3478 22 18 at
487 3475 35 21 the
534 3476 81 22 Offices
625 3480 17 18 oi

66 3502 88 22 Messrs.
169 3501 65 21 Waitt
243 3501 44 21 and
296 3501 75 27 Tyser,
383 3501 31 21 Te
424 3502 53 20 Aro.

94 3535 143 25 Wellington.
249 3534 63 21 Awil
322 3535 33 23 22,
365 3535 60 21 1842.

224 3584 75 20 'Just
318 3584 157 26 Published,

67 3617 90 49 THE
181 3617 211 21 WELLINGTON
417 3617 179 24 ALMANACK
614 3620 28 22 foi

141 3645 66 21 1843:

287 3685 3 4 •
297 3677 122 14 CONTENTS.

96 3697 103 21 Weather
222 3696 77 27 Table,
320 3696 78 27 Cycles
419 3696 42 22 and
486 3698 156 24 Astronomica

68 3723 116 27 Numbers,
199 3723 116 26 Calendar,
332 3723 136 23 Gardener's
484 3724 41 21 and
541 3725 91 23 Farmer
633 3727 4 8 1
639 3736 3 12 !

68 3750 113 26 Calendar,
193 3749 181 28 Meteorological
388 3750 68 22 Table
467 3750 32 22 for
517 3753 59 26 1840,
590 3755 46 19 1841

69 3776 44 22 and
123 3778 58 25 1842,
193 3777 98 26 Eclipses
301 3778 24 20 of
334 3776 36 22 the
381 3777 45 21 Sun
438 3777 46 21 and
500 3777 78 28 Moon,
595 3780 47 21 New

69 3802 98 24 Zealand
183 3803 120 26 Company,
315 3803 52 21 Post
383 3803 70 22 Office
465 3804 142 27 Regulations
618 3807 24 21 foi

69 3830 56 21 New
135 3829 107 27 Zealand,
253 3829 56 22 Civil
325 3829 183 28 Establishment,
522 3831 56 22 Fees
588 3833 54 22 Lane

70 3856 89 22 Claims'
184 3855 77 27 Office,
286 3856 53 22 Post
362 3856 69 22 Office
431 3868 30 4 —
463 3857 97 22 Colonial
590 3859 51 22 Law

70 3883 73 24 Police
170 3881 70 22 Office
242 3892 27 5 —
269 3882 65 27 Petty
358 3883 107 28 Sessions,
495 3884 110 28 Holidays
628 3894 12 14 a

70 3909 78 23 Public
159 3908 88 26 Offices,
258 3908 109 23 Discount
376 3909 70 28 Days.

273 3940 77 23 Price.
366 3943 31 20 Ib.
410 3942 36 22 fid.

808 141 78 19 Meat
905 138 148 24 Company.

642 173 90 50 THE
753 170 233 26 UNDERSIGNED,
1006 169 82 26 having
1106 168 58 22 been
1185 174 38 20 ap-

715 200 89 28 pointed
820 199 108 26 Manager
936 197 26 21 of
976 196 37 22 the
1027 196 62 21 Meat
1098 195 124 26 Company,

641 228 55 26 begs
704 231 23 17 to
736 232 117 16 announce
862 225 49 21 that
926 231 11 14 a
946 223 89 26 regular
1044 221 76 28 supply
1130 221 26 21 of
1164 221 59 24 beef,

643 257 92 23 mutton,
757 253 43 21 and
817 251 56 29 pork
889 258 50 19 may
959 249 81 26 always
1058 249 27 20 be
1105 247 120 27 depended

643 287 59 20 upon
713 284 24 17 at
746 279 43 22 this
800 277 170 23 establishment.

670 307 33 21 As
727 306 42 21 this
792 306 114 26 Company
926 308 105 26 purposes
1049 301 78 25 selling
1147 303 22 18 at
1187 301 37 19 the

642 333 77 21 lowest
729 333 69 27 prices
809 335 23 18 at
847 330 71 22 which
927 334 16 16 it
957 329 19 21 is
985 327 71 23 found
1065 327 36 21 the
1112 328 59 20 meat
1185 333 40 15 can

642 360 28 21 be
681 359 106 26 afforded,
799 358 36 21 the
846 355 147 28 undersigned
1003 355 17 21 is
1035 354 51 27 only
1096 352 128 22 authorized

644 391 22 16 to
677 386 50 27 give
732 392 53 20 very
792 383 85 23 limited
887 383 75 24 credit,
969 381 45 22 and
1023 381 38 21 has
1068 381 54 21 been
1133 379 94 21 ordered

644 416 22 17 to
682 416 49 23 s^op
746 411 30 22 all
789 413 104 19 accounts
909 408 70 23 which
993 415 38 14 are
1046 410 39 18 not
1100 406 52 27 paid
1166 413 60 20 upon

645 438 101 22 demand.
1040 460 7 5 .
1118 459 5 5 .

670 465 47 21 The
729 464 99 22 business
838 463 25 21 of
871 462 37 21 the
919 462 112 25 Company
1040 467 19 14 is
1069 460 85 20 carried
1164 466 28 14 on
1202 465 23 14 in

645 491 57 22 their
717 498 49 14 new
781 489 107 26 building,
899 487 87 23 erected
1004 487 99 21 between
1123 485 104 22 France's

646 518 67 22 Hotel
733 517 43 22 and
795 517 37 21 the
851 515 57 22 head
926 514 24 22 of
964 514 38 21 the
1016 514 56 26 Bay,
1090 512 45 22 and
1151 512 76 26 nearly

646 552 51 25 oppc
703 544 40 22 site
755 548 21 17 to
786 544 45 21 Mr.
843 541 82 28 Lyon's
934 541 70 21 Store.

917 574 34 21 W.
966 574 101 25 Flyger,
1083 573 117 26 Manager.

673 603 129 23 November
811 604 35 25 23,
858 603 59 20 1842.

887 653 107 20 Cheese.

648 689 51 47 A
708 686 117 22 SUPPLY
835 685 99 22 received
943 684 85 26 weekly
1036 683 24 22 of
1067 683 55 22 New
1129 681 100 23 Zealand

727 714 64 21 made
802 713 91 26 Cheese,
900 712 55 21 from
966 711 38 21 the
1012 711 140 26 Cowpasture
1159 709 69 26 dairy,

648 741 45 21 and
703 741 33 21 for
745 740 44 22 sale
799 743 24 18 at
838 740 37 21 the
884 738 105 29 premises
1000 738 24 21 of
1039 737 36 21 the
1091 736 64 22 Meat
1164 736 65 21 Com-

648 775 66 20 pany.

927 791 33 22 W.
973 791 100 25 Fi.yger,
1085 789 117 26 Manager.

677 820 156 24 Willis-street,
846 819 123 22 December
979 820 33 24 20,
1024 818 59 21 1842.

838 865 84 20 Fresh
936 864 104 23 Butter,

651 898 159 49 ALWAYS
826 905 28 14 on
871 898 48 21 Sale
934 900 23 18 at
974 896 37 21 the
1022 896 62 21 Meat
1097 893 133 28 Company's

729 925 114 27 premises.

919 948 34 23 W.
969 949 101 26 Flyger,
1086 948 116 27 Manager.

677 978 156 26 Willis-street,
847 978 54 21 Dec.
912 978 19 24 2,
943 977 61 24 1842,

767 1023 43 20 Ex
1069 1021 44 20 &c.

654 1060 26 21 *>
687 1060 32 30 f\
735 1059 142 22 BARRELS
893 1058 55 21 Irish
964 1058 69 26 prime
1046 1063 55 14 mess
1113 1055 63 27 pork,

748 1088 27 19 30
790 1086 83 21 barrels
883 1084 119 22 American
1018 1083 69 27 prime
1101 1089 58 14 mess
1167 1082 63 27 pork,

721 1122 3 4 •
748 1112 137 26 Westphalia
896 1112 67 25 hams,

677 1137 26 20 45
714 1139 77 21 firkins
802 1138 56 22 Cork
868 1138 78 26 butter,

679 1164 62 28 Rice,

678 1192 27 19 38
715 1192 54 26 bags
779 1192 75 25 coffee,

680 1218 25 20 19
715 1219 69 22 boxes
794 1218 76 22 mould
881 1218 94 26 candlss,

679 1245 13 19 5
702 1253 61 14 cases
775 1245 74 22 Dutch
858 1245 83 26 cheese,

679 1270 108 26 Tobacco,
799 1272 67 27 pipes,

681 1299 25 21 10
716 1303 50 17 tons
778 1299 116 22 Mauritius
905 1305 70 19 sugar,

681 1326 39 21 140
730 1326 52 26 bags
793 1325 94 22 Manilla
896 1332 69 19 sugar,

679 1353 27 20 30
717 1360 61 13 cases
788 1352 78 26 cherry
877 1351 90 26 brandy,

680 1378 78 22 Wines
778 1380 24 19 of
819 1385 66 20 every
903 1377 130 27 description
1058 1376 22 22 in
1101 1376 65 21 wood
1190 1375 44 22 and

680 1406 47 26 ttle,

682 1433 25 20 10
717 1439 61 14 cases
787 1431 93 27 English
890 1431 62 21 boots
963 1430 44 21 and
1017 1430 71 26 shoes,

682 1458 52 28 Slop
745 1456 105 29 clothing,
861 1458 79 21 beaver
948 1458 58 24 hats,
1017 1458 40 20 &c.
1068 1457 40 21 &c.

965 1489 23 21 J.
1004 1490 33 20 M.
1052 1489 102 25 Taylor,

1107 1515 31 21 Te
1154 1515 53 21 Aro.

652 1557 4 7 v
682 1544 107 22 Decemk
797 1552 10 13 r
816 1546 33 25 26,
861 1545 60 21 1842.
1130 1538 3 11 '

884 1597 41 19 On
939 1596 68 19 Sale.

658 1627 134 49 SILVER
806 1627 122 22 PLATED
944 1627 111 26 GOODS,

722 1655 61 26 King
785 1663 4 6 1
789 1663 4 13 ;
812 1658 87 23 pattern
921 1654 57 21 table
999 1660 86 19 spoons,
1105 1651 69 26 forks,
1195 1651 40 21 fish

656 1681 72 26 slices,
738 1688 63 14 sauce
813 1681 74 25 ladles,
899 1684 58 18 meat
972 1680 101 25 skewers,
1085 1679 83 21 dessert
1179 1678 58 22 forks

657 1708 44 21 and
717 1715 85 20 spoon*,
815 1712 35 17 'ea
866 1714 85 20 spoons,
967 1714 66 19 sugar
1047 1710 70 22 tongs,
1129 1710 35 16 tea
1181 1709 56 23 pots,

657 1735 74 21 butter
755 1735 89 26 conl'.'rs,
871 1741 63 20 sugar
957 1734 88 25 basons,
1065 1732 94 25 waiters,
1184 1731 53 22 cake

657 1761 95 26 baskets,
773 1761 135 26 christening
931 1761 72 25 bowls,
1026 1760 105 21 decanter
1155 1758 81 27 stands,

643 1788 1 33 [
658 1792 61 17 cruet
735 1787 43 22 and
793 1788 87 27 liqueur
893 1788 88 25 frames,
999 1787 58 21 table
1073 1785 45 22 and
1134 1785 105 21 chamber

658 1815 155 24 candlesticks,
825 1815 78 26 lamps,
916 1814 37 22 &c.

685 1841 123 22 Rosewood
818 1841 42 21 and
868 1841 124 26 mahogany
999 1840 59 22 work
1068 1839 75 26 boxes,
1153 1838 86 27 writing

669 1868 60 26 lesks,
739 1868 98 26 dressing
847 1875 67 19 cases,

686 1895 86 21 Bronze
783 1894 96 27 j»e(U>stal
890 1894 43 21 and
943 1894 130 27 suspension
1082 1893 78 26 lamps,
1170 1892 39 22 &c.
1218 1895 22 17 at

914 1927 21 22 J.
952 1927 33 21 M.
1001 1927 101 25 Taylor,

967 1953 124 22 Wholesale
1101 1953 70 24 Store,

1114 1979 33 22 Te
1157 1979 54 21 Aro.

687 2008 106 22 Decemb;
802 2016 10 13 r
821 2010 33 24 20,
866 2009 60 20 1842.

882 2054 51 20 For
948 2053 67 20 Sale.

661 2087 92 48 THE
775 2087 105 22 CARGO
896 2087 38 21 OF
949 2086 102 22 MAIZE
1066 2093 39 18 per
1117 2086 68 19 Ariel.

1032 2112 72 21 Levin
1120 2112 45 21 and
1176 2112 38 21 Co.

688 2140 95 26 January
799 2142 33 22 °7,
845 2141 60 20 1843.

782 2187 13 18 \
800 2186 99 20 /anted
913 2187 27 19 to
957 2185 156 25 Exchange,

662 2214 48 46 A
726 2212 145 22 COUNTRY
894 2211 137 26 SECTION,
1048 2211 41 21 No.
1110 2211 27 21 37
1157 2217 26 14 on
1205 2210 37 21 the

740 2239 128 26 Suwcyor's
887 2239 62 25 Plan,
966 2238 81 21 chosen
1066 2238 28 26 by
1113 2238 46 20 Mr.
1179 2236 64 22 Child

661 2270 23 17 at
700 2266 36 21 the
754 2262 133 30 M.iiiiiwatii,
904 2265 33 21 for
952 2272 28 14 an
1002 2264 126 22 unsslectpd
1144 2264 99 26 Country

661 2293 89 21 Section
761 2292 21 21 in
795 2293 37 20 the
844 2292 57 22 First
911 2292 137 21 Settlement.
1079 2290 74 28 Apply
1164 2295 22 16 to

946 2318 34 21 W.
997 2318 27 20 V.
1040 2318 107 26 Brewer,
1164 2317 52 27 Esq.

690 2345 112 22 Februs>-v
815 2347 32 23 17,
859 2347 60 19 1843.

810 2389 39 19 To
863 2389 33 19 be
912 2389 64 19 Sold
997 2394 29 14 or
1040 2389 55 19 Let.

660 2421 9 12 rrWOr
677 2420 76 21 rWo
767 2419 99 21 Wooden
879 2419 93 25 Houses,
983 2426 28 13 on
1019 2419 38 20 tke
1062 2417 182 27 Tinakore-road,

672 2440 24 27 JL
739 2446 37 21 the
795 2445 83 22 second
897 2453 48 14 acre
965 2446 56 21 from
1043 2444 93 27 Captain
1155 2443 91 22 Smith's

707 2473 127 26 containing
833 2479 3 5 1
851 2472 48 21 four
908 2479 73 14 rooms
991 2472 44 21 and
1051 2479 12 14 a
1077 2478 97 20 passage,
1191 2471 54 22 each

663 2500 52 21 with
734 2500 49 21 zinc
802 2499 66 24 roofs,
894 2499 43 21 and
960 2499 23 20 in
1009 2506 65 19 every
1092 2503 88 22 respect
1198 2498 48 21 well

663 2526 101 22 finished.
792 2526 106 21 Terms—
899 2526 23 21 lf
929 2525 54 26 sold,
995 2525 58 22 £100
1065 2526 33 21 for
1104 2525 55 21 each
1165 2525 68 22 house
1239 2533 5 19 ;

663 2553 19 21 if
695 2554 36 26 let,
742 2554 31 21 £1
785 2559 39 21 per
834 2552 61 21 week
905 2553 33 21 for
947 2552 56 22 each
1011 2552 77 22 house.
1117 2552 73 27 Apply
1202 2556 23 17 to

1051 2587 75 21 James
1140 2586 81 22 Watt.

675 2613 144 27 Wellington,
827 2613 59 22 Nov.
895 2613 34 26 27,
938 2614 61 21 1841.

665 2660 120 25 Country
800 2659 123 20 Sections
942 2659 43 20 for
1005 2659 59 20 Sale
1086 2665 35 14 on
1141 2659 106 21 Liberal

908 2685 100 21 Terms.

668 2717 162 49 SEVERAL
865 2717 99 21 Sections
992 2717 25 21 of
1049 2718 99 27 Country
1177 2718 70 26 Land,

731 2744 90 26 already
831 2743 81 22 chosen
922 2744 22 21 in
955 2743 37 22 the
1007 2744 91 22 Porirua
1113 2744 91 28 district,
1216 2745 34 21 for

667 2771 58 26 Sale,
736 2778 74 14 TERMS
821 2777 104 14 LIBERAL.
953 2770 75 28 Apply
1039 2775 21 17 Hi

763 2798 22 20 F.
802 2798 28 21 A.
846 2798 168 26 MoLEdWoiiTH,
1032 2798 182 26 Murphy-street,
1227 2806 22 14 or

764 2824 32 21 W.
814 2824 26 21 V.
857 2824 103 25 Brewer,
973 2824 192 22 Manners-street.

670 2870 90 48 THE
783 2871 78 19 Nelson
884 2871 115 19 Examiner
1022 2871 42 19 and
1085 2872 52 18 New
1160 2871 92 20 Zealand

743 2897 108 21 Chronicle
867 2897 123 26 (published
1002 2900 22 18 at
1034 2897 100 26 Nelson,)
1151 2897 18 22 is
1187 2905 64 20 regu-

668 2923 56 28 larly
744 2923 140 23 transmitted
899 2928 21 17 to
936 2923 143 28 Wellington,
1098 2924 45 22 and
1159 2932 50 19 may
1225 2925 26 21 be

668 2950 42 22 had
722 2954 23 18 at
754 2950 36 22 the
802 2951 61 21 office
874 2951 25 21 of
911 2950 41 22 this
961 2958 74 19 paper.

696 2977 47 22 The
753 2979 78 19 Nelson
840 2979 113 19 Examiner
969 2977 45 22 will
1025 2979 25 19 bj
1060 2977 69 22 found
1139 2985 28 14 an
1179 2978 73 22 excel-

668 3004 48 22 lent
724 3004 98 22 medium
833 3005 34 21 for
877 3004 137 22 advertisers.

696 3031 77 21 Terms
783 3031 33 22 for
826 3031 37 22 the
874 3038 71 21 paper,
957 3034 36 18 ten
1003 3031 98 26 shillings
1115 3038 40 20 per
1164 3034 89 24 quarter

669 3058 93 27 payable
771 3058 23 21 in
806 3057 106 22 advance.

698 3085 80 21 Orders
801 3085 34 21 for
854 3085 38 21 the
915 3091 66 20 paper
1004 3092 42 13 aiiu
1071 3084 182 22 advertisements

670 3111 102 21 received
783 3114 22 18 at
815 3111 36 21 the
863 3111 69 21 Office
943 3111 24 21 of
980 3111 43 20 this
1033 3118 74 19 paper.

846 3156 104 20 Heifers
965 3156 30 20 in
1010 3156 67 21 Calf.

673 3187 87 49 FOR
774 3187 85 27 SALE,
872 3187 66 21 about
952 3188 28 20 50
990 3187 97 21 suoerior
1096 3187 58 22 bred
1166 3187 87 28 heifers,

731 3218 58 18 most
806 3214 24 21 of
842 3214 60 20 them
918 3214 72 27 heavy
1004 3215 22 20 in
1044 3214 49 26 calf,
1112 3214 45 21 and
1173 3214 82 28 having

673 3241 56 21 been
749 3248 59 14 some
825 3240 52 22 time
893 3241 22 21 in
929 3241 36 21 the
986 3241 98 27 Colony,'
1094 3245 40 17 not
1150 3241 65 21 liable
1233 3246 22 16 to

672 3268 67 21 suffer
748 3268 56 21 from
814 3267 37 21 the
861 3267 74 21 effects
945 3267 25 21 of
982 3267 36 22 the
1036 3268 60 21 Toot.
1126 3268 47 21 The
1187 3268 69 22 above

673 3294 67 22 cattle
757 3301 40 14 can
814 3294 26 20 be
857 3294 97 27 strongly
967 3294 180 27 recommended,
1166 3302 23 14 as
1203 3295 53 27 they

673 3321 58 21 have
746 3321 57 21 been
821 3320 95 22 selected
931 3321 56 21 from
1004 3321 36 21 the
1058 3328 118 14 numerous
1190 3321 66 22 cattle

674 3348 60 27 ships
744 3347 70 22 which
825 3346 55 22 have
898 3347 85 22 arrived
997 3348 60 20 here.
1085 3348 75 32 Apply
1176 3351 21 18 to
1211 3348 44 22 Mr.

675 3374 33 21 Re
710 3381 61 20 vans,
785 3375 85 20 Gazette
880 3374 68 26 office,
960 3381 25 14 or
994 3378 22 17 to
1027 3374 43 22 Mr.
1082 3374 84 27 Hulke,
1176 3375 73 21 Evans
1251 3375 5 9 1

676 3401 55 27 Bay.

703 3428 61 25 Also,
776 3426 60 22 three
847 3427 113 22 well-bred
969 3435 73 14 mares
1047 3428 24 20 in
1080 3428 65 26 foal,t
1155 3436 12 13 o
1177 3429 81 26 impor-

675 3454 37 21 ted
722 3454 82 21 horses.

775 3499 39 20 To
835 3499 169 25 Proprietors
1020 3499 30 21 of
1062 3500 91 20 Stock.

677 3525 50 48 A
752 3525 194 22 GENTLEMAN
966 3525 49 22 who
1036 3525 38 22 has
1094 3526 58 21 been
1173 3527 86 21 several

755 3559 62 20 years
825 3552 22 21 in
858 3551 78 27 charge
947 3552 26 21 of
984 3552 63 22 stnek
1058 3553 21 21 in
1091 3553 112 26 England,
1214 3553 45 22 and

677 3578 48 22 who
741 3578 39 22 has
789 3579 58 21 been
867 3586 60 14 more
946 3579 54 21 than
1020 3579 78 22 twelve
1118 3580 96 21 months'
1234 3580 23 22 in

677 3605 80 26 chaige
767 3605 25 21 of
810 3612 41 14 one
868 3605 26 21 of
912 3605 35 22 the
966 3605 84 27 largest
1066 3605 82 23 dairies
1162 3607 23 21 in
1208 3607 51 21 Port

677 3631 129 28 Nicholson,
816 3632 40 21 has
867 3631 135 23 determined
1013 3635 22 18 to
1046 3633 104 21 establish
1164 3641 13 13 a
1192 3633 67 28 sheep

678 3658 41 21 and
731 3658 64 22 cattle
806 3658 87 26 station,
905 3659 97 21 between
1015 3659 90 21 Porirua
1112 3659 45 21 and
1163 3659 96 28 Wanga-

679 3685 44 26 nui,
745 3685 52 21 with
811 3684 38 22 the
861 3685 112 21 intention
992 3685 25 21 of
1034 3685 76 27 taking
1129 3685 67 28 sheep
1215 3687 44 21 and

678 3711 65 21 cattle
755 3718 27 14 on
792 3711 82 27 shares,
886 3719 25 13 or
917 3711 122 27 otherwise,
1051 3719 22 14 as
1080 3719 53 20 may
1141 3712 27 22 be
1179 3714 80 25 agreed

677 3745 66 24 upon.
772 3738 47 22 The
835 3745 48 15 new
894 3738 70 22 North
976 3739 71 25 Road,
1059 3746 48 14 now
1117 3746 24 14 in
1152 3744 107 23 progress,

680 3764 43 22 will
732 3765 50 26 give
792 3765 38 21 the
842 3769 56 17 most
906 3765 86 27 perfect
1000 3765 84 27 facility
1101 3765 26 21 of
1140 3768 119 20 communi-

678 3791 74 25 cating
761 3791 29 28 by
800 3791 54 21 land
863 3791 53 21 with
927 3791 35 22 the
977 3791 91 28 grazing
1080 3791 98 23 districts
1192 3793 22 21 in
1225 3794 34 21 the

678 3817 70 21 above
771 3817 112 22 indicated
906 3817 112 23 direction.
1066 3818 44 22 For
1132 3820 127 25 particulars

679 3843 66 28 apply
752 3848 22 17 to
784 3845 37 21 the
833 3845 87 20 Gazette
929 3844 70 22 office.

649 3901 2 5 ■
865 3890 64 21 Just
941 3890 132 21 received.

679 3920 127 49 PLANS
830 3921 25 22 of
876 3921 37 22 the
934 3921 70 22 Town
1024 3922 27 21 of
1069 3925 166 20 Wellington.

752 3947 55 22 Plan
829 3948 26 20 of
862 3947 36 22 the
909 3948 105 21 Harbour
1024 3948 25 21 of
1062 3948 53 22 Port
1131 3948 128 24 Nicholson.

1484 131 109 21 Notice.
1615 150 5 4 .

1253 165 90 49 THE
1357 164 144 22 BUSINESS
1517 163 96 22 hitherto
1623 162 86 22 carried
1720 169 28 14 on
1762 160 72 23 under

1317 192 45 21 'the
1374 192 46 21 firm
1432 191 25 21 of
1470 190 30 22 H.
1511 190 95 21 Taylor
1621 188 46 22 and
1682 189 46 25 Co.,
1741 188 39 21 has
1788 187 44 22 this

1253 220 43 26 day
1305 218 55 22 been
1371 217 100 27 assigned
1480 221 21 17 to
1520 217 89 20 Messrs.
1620 215 69 21 Waitt
1698 214 44 21 and
1756 214 75 31 Tyser.

1253 246 38 21 All
1306 245 61 21 debts
1383 244 42 21 due
1437 248 22 17 to
1469 244 38 21 the
1522 243 43 21 late
1576 242 49 21 firm
1637 244 58 19 must
1709 241 27 21 be
1752 239 50 29 paid
1811 245 22 16 to

1254 272 88 22 Messrs.
1445 270 43 21 and
1507 269 70 27 Tyser
1592 268 92 21 without
1700 267 71 26 delay,
1788 266 46 21 and

1254 298 51 27 they
1315 297 43 22 will
1371 296 104 28 liquidate
1484 296 31 21 all
1528 296 64 21 debts
1609 295 43 21 due
1668 294 29 27 by
1712 294 31 21 H.
1754 293 80 27 Taylor

1255 327 43 20 and
1308 325 37 21 Co.

1280 351 46 21 The
1336 349 98 22 business
1443 348 44 23 will
1500 349 29 21 be
1543 347 121 23 continued
1681 354 28 14 on
1724 347 38 20 the
1775 353 59 14 same

1255 377 109 27 premises,
1383 376 71 22 under
1472 376 38 21 the
1531 374 82 27 charge
1637 374 26 21 of
1682 374 44 21 Mr.
1749 373 85 26 George

1257 404 102 21 Wallace.

1515 428 86 21 Henry
1615 428 97 21 Tayloi.
1726 427 21 20 &
1761 426 45 26 Co.,

1310 468 5 7 t
1515 454 81 22 Waitt
1611 454 21 21 &
1646 454 83 21 Tyser.

1308 490 100 25 Witness,
1420 489 22 21 J.
1454 488 114 27 Ridgway.

1282 521 139 26 Wellington,
1434 520 112 26 February
1557 520 34 25 20,
1604 520 62 20 1843.

1284 567 37 20 To
1333 566 196 25 Ship-builders
1544 564 56 21 and
1615 564 193 24 Ship-owners.

1260 598 67 48 ON
1343 597 76 22 SALE
1433 597 29 26 by
1474 597 36 20 the
1521 595 161 26 undersigned':
1684 605 28 4 —

1320 624 101 22 Anchors
1433 624 26 20 of
1470 623 28 21 all
1508 623 63 25 sizes,

1286 651 68 22 Chain
1364 650 71 22 cables
1446 649 43 22 and
1504 649 60 21 short
1579 647 77 23 linked
1672 647 85 27 chains,
1768 646 69 22 tested

1258 679 29 26 by
1297 685 12 14 a
1318 677 132 27 hydrostatic
1460 676 86 27 engine,
1555 674 99 22 assorted
1664 675 57 21 sizes
1729 674 45 21 and
1783 681 54 13 war-

1259 705 82 26 ranted,

1286 731 102 22 Bitheads
1397 730 44 21 and
1452 736 62 20 spare
1524 728 108 26 shackles,

1286 757 108 22 Windlass
1404 757 66 21 metal
1481 756 23 21 in
1515 755 108 27 complete
1634 757 59 24 setts,

1287 785 107 21 Mariners
1404 790 130 19 compasses,

1287 811 44 22 Sail
1340 817 90 15 canvass
1440 809 44 21 and
1494 809 73 26 twine,

1287 837 68 26 Pitch,
1368 841 38 22 tar,
1418 837 40 21 &c.
1469 836 40 21 &c.

1618 861 89 21 Willis
1717 868 46 14 and
1774 860 37 21 Co.

1261 891 96 24 October
1366 891 31 24 11,
1409 891 60 20 1842.

1313 936 39 20 To
1369 936 80 20 stand
1464 936 28 19 to
1509 940 80 15 cover
1609 934 55 20 this
1679 938 105 20 season,

1416 970 30 19 At
1457 969 139 25 Berhampore
1608 969 70 25 Faint,

1262 1005 90 50 THE
1378 1004 49 21 well
1454 1004 79 21 known
1562 1003 109 27 thorough
1695 1002 55 22 bred
1776 1003 64 20 horse

1324 1032 100 24 Figaro,,
1431 1030 36 21 the
1477 1034 104 24 property
1592 1030 26 21 of
1624 1030 77 21 James
1712 1029 66 26 Watt,
1787 1029 52 26 Esq.

1288 1058 78 26 Figaro
1376 1065 42 14 was
1427 1058 74 21 foaled
1511 1057 23 21 in
1545 1056 132 26 December,
1694 1057 60 23 1837,
1764 1060 37 22 got
1813 1056 27 26 by

1263 1086 112 26 Operator,
1386 1084 51 21 dam
1452 1083 105 22 Adelaide
1567 1083 30 26 by
1607 1084 104 21 Teorum.

1289 1112 103 26 Operated
1404 1118 45 14 was
1460 1110 74 21 foaled
1542 1110 24 21 in
1581 1111 60 24 1832,
1652 1115 39 21 got
1701 1110 29 26 by
1741 1109 99 26 Emilius,

1263 1139 48 21 dam
1322 1137 120 22 Worthless
1453 1138 28 26 by
1493 1136 96 26 Walton,
1601 1140 40 17 out
1649 1136 25 21 of
1682 1136 120 21 Altisidora
1813 1135 28 27 by

1263 1165 56 22 Dick
1331 1164 113 22 Andrews.

1291 1197 70 26 Every
1369 1195 104 21 attention
1483 1195 45 21 will
1541 1195 30 21 be
1586 1194 53 28 paid
1649 1197 21 18 to
1681 1201 73 14 mares
1763 1195 48 19 sent
1820 1196 22 18 to

1262 1223 52 21 him.

1291 1251 99 25 Charges,
1417 1248 53 22 with
1491 1251 129 25 guarantee,
1647 1255 67 14 seven
1738 1246 90 28 guineas
1836 1255 5 18 ;

1264 1276 90 22 without
1369 1280 125 22 guarantee,
1514 1275 42 21 five
1572 1275 100 27 guineas,
1684 1281 116 23 gipomage
1810 1274 31 21 in-

1263 1303 87 23 cluded.

1291 1338 139 25 Wellington.
1443 1336 96 21 October
1548 1337 33 25 25,
1594 1337 60 20 1532.

1473 1383 39 19 To
1528 1382 33 20 be
1576 1382 59 24 Let,

1266 1416 170 51 SUITABLE
1451 1415 56 28 plots
1524 1416 26 20 of
1561 1415 88 26 ground
1659 1415 33 21 for
1702 1413 104 27 Building
1817 1421 27 14 on

1330 1443 131 26 Wellington
1481 1443 101 25 Terrace,
1604 1442 77 20 within
1695 1448 41 14 one
1750 1441 94 21 minutes

1265 1470 54 22 walk
1326 1470 26 21 of
1359 1470 34 20 the
1402 1469 80 22 Beach.
1513 1469 55 21 Also
1574 1476 13 13 a
1592 1468 58 27 good
1658 1475 186 15 wooden-house.

1266 1497 42 21 For
1317 1501 71 21 terms,
1402 1495 64 28 apply
1477 1500 21 16 to
1516 1496 43 21 Mr.
1571 1495 105 21 Brandon
1688 1502 24 14 or
1724 1495 44 21 Mr.
1780 1495 64 21 Park.

1293 1529 123 21 November
1428 1530 31 24 11,
1474 1529 58 20 1842.

1446 1576 93 20 House
1555 1577 28 19 to
1604 1576 57 20 Let.

1266 1611 49 47 A
1345 1610 84 20 GOOD
1451 1608 129 22 substantial
1600 1608 74 27 house,
1691 1609 52 21 with
1758 1608 88 22 kitchen

1344 1636 40 21 and
1394 1636 135 26 out-homes,
1541 1640 22 17 to
1573 1636 32 21 let
1615 1636 23 21 in
1655 1636 189 21 Manners-street.

1268 1664 41 20 For
1471 1662 65 27 apply
1547 1665 22 18 to
1583 1663 42 21 Mr.
1639 1662 119 22 Brewer's
1770 1662 75 22 Office.

1388 1714 54 19 For
1459 1713 68 24 Sale,
1543 1718 65 20 very
1624 1713 98 25 Cheap.

1268 1750 49 47 A
1332 1747 82 21 NEAT
1430 1745 136 22 WOODEN
1583 1746 58 22 COT
1649 1746 85 27 TAGE,
1745 1746 61 21 fitted
1817 1754 29 19 up

1345 1773 50 22 with
1407 1780 65 19 every
1482 1773 110 21 attention
1604 1777 22 16 to
1637 1773 94 21 comfoit
1741 1773 42 21 and
1794 1780 54 14 con-

1268 1801 105 21 venience
1384 1799 84 26 (within
1479 1802 37 18 ten
1533 1799 94 21 minutes
1638 1799 55 21 walk
1703 1799 25 21 of
1743 1800 105 22 Barrett's

1272 1827 83 26 Hotel),
1368 1827 50 21 with
1430 1828 10 23 J
1452 1827 24 20 of
1484 1833 28 13 an
1527 1833 49 14 acre
1588 1826 25 20 of
1621 1826 54 21 land
1686 1826 102 22 attached
1799 1832 22 16 to
1832 1827 16 21 it

1268 1854 47 22 well
1330 1853 74 26 found,
1422 1853 44 21 and
1481 1853 23 20 in
1516 1860 13 14 a
1545 1852 53 27 high
1613 1855 55 19 state
1679 1853 25 21 of
1712 1853 134 27 cultivation,

1270 1881 49 21 with
1330 1888 13 14 a
1357 1887 66 15 never
1433 1879 77 26 failing
1526 1882 82 18 stream
1625 1880 24 20 of
1663 1880 110 21 excellent
1781 1884 67 17 water

1268 1907 96 26 running
1374 1907 91 26 through
1477 1907 23 20 it.
1531 1906 57 21 Both
1600 1906 37 21 the
1646 1905 51 22 land
1708 1906 45 21 and
1763 1911 84 22 cottage

1269 1942 36 14 are
1314 1934 22 21 in
1348 1942 12 13 a
1370 1932 107 22 sheltered
1483 1933 112 26 situation,
1607 1932 44 21 and
1661 1933 56 21 have
1724 1933 37 21 the
1768 1933 80 21 benetit

1270 1962 25 21 of
1301 1961 36 21 the
1348 1968 37 14 sun
1395 1960 38 20 the
1443 1959 69 21 whole
1523 1959 50 26 day.

1296 1987 46 23 The
1352 1987 68 21 above
1436 1994 40 13 can
1494 1986 28 21 be
1537 1985 133 26 confidently
1680 1985 168 22 recommended

1270 2022 23 14 as
1303 2022 12 14 a
1322 2013 112 23 residence
1446 2013 32 21 for
1487 2020 13 13 a
1511 2013 83 26 private
1611 2013 83 26 family.
1723 2013 47 21 The
1783 2018 66 16 terms

1271 2041 41 21 will
1333 2041 26 21 be
1377 2039 64 22 made
1456 2043 21 17 Io
1491 2039 45 21 suit
1552 2039 37 21 the
1605 2039 119 26 purchaser
1731 2047 5 18 ;
1760 2047 13 13 a
1785 2040 64 21 small

1270 2068 83 27 deposit
1362 2067 42 21 will
1416 2068 26 19 be
1452 2065 157 28 required.and
1622 2066 37 20 the
1666 2067 124 21 remainder
1799 2074 50 19 may

1270 2094 82 22 remain
1362 2100 25 14 on
1398 2098 113 21 mortgage
1517 2093 34 21 for
1559 2100 13 13 a
1581 2096 56 18 term
1645 2093 25 20 of
1676 2100 72 19 years.
1776 2093 73 27 Apply

1272 2126 21 16 to
1305 2121 90 21 Robert
1411 2120 71 25 Park,
1500 2119 59 27 Esq.,
1571 2126 24 14 or

1665 2146 63 22 John
1745 2146 78 22 Wade.

1298 2175 29 21 Te
1338 2175 51 25 Aro,
1402 2172 98 28 January
1512 2175 31 24 13,
1556 2174 60 20 1843.

1496 2220 42 19 On
1553 2220 69 24 Sale,

1274 2253 88 34 rpHE
1390 2253 72 21 NEW
1486 2252 153 22 ZEALAND
1667 2253 182 25 PORTFOLIO,

1280 2274 28 28 X
1345 2279 123 22 conducted
1487 2280 29 26 by
1536 2279 30 22 H.
1584 2281 21 20 S.
1625 2281 122 24 Chapman,
1768 2280 34 25 (of
1815 2279 36 22 the

1274 2306 83 22 Middle
1366 2307 106 26 Temple,)
1484 2306 214 22 Barrister-at-Law.

1300 2334 41 21 No.
1355 2335 45 20 I.—
1402 2334 21 20 A
1441 2333 75 21 Letter
1531 2336 22 18 to
1573 2333 36 21 the
1628 2333 68 27 Right
1715 2333 60 21 Hon.
1794 2333 59 22 Lord

1274 2360 96 27 Stanley,
1387 2361 116 25 Secretary
1524 2360 25 21 of
1566 2360 59 22 State
1646 2360 35 21 for
1698 2360 37 21 the
1757 2360 96 21 Colonial

1274 2388 149 26 Department,
1436 2394 27 14 on
1474 2387 36 21 the
1527 2386 188 22 Administration
1731 2387 26 21 of
1769 2387 84 21 Justice

1274 2415 33 21 for
1318 2414 53 21 New
1380 2413 106 22 Zealand.
1517 2413 70 27 Price,
1599 2413 35 22 6d.

1303 2447 82 19 Gazette
1397 2446 77 26 Gffice,
1487 2445 109 27 January,
1609 2447 60 20 1843.

1275 2497 91 21 Union
1392 2497 89 20 Steam
1510 2497 61 20 Saw
1599 2497 55 20 and
1682 2497 82 21 Flour
1790 2497 63 20 Mill

1488 2524 151 25 Company.

1277 2555 89 34 rpHE
1393 2555 253 22 SHAREHOLDERS
1673 2555 25 21 of
1720 2554 37 22 the
1779 2554 73 22 Union

1284 2577 28 26 JL
1350 2583 71 20 Steam
1432 2583 48 20 Saw
1490 2582 46 21 and
1546 2582 67 21 Flour
1628 2582 53 21 Mill
1695 2582 112 26 Company
1818 2589 36 14 are

1276 2608 114 28 requested,
1413 2613 22 16 to
1460 2612 58 17 meet
1541 2612 23 18 at
1589 2609 90 21 Messrs.
1703 2608 87 21 Brewer
1811 2608 44 21 and

1277 2635 141 28 Blathwayt's
1425 2635 75 26 Office,
1508 2635 193 26 Manners-street,
1710 2640 22 16 at
1742 2637 24 19 12
1773 2635 82 21 o'clock

1277 2671 27 13 on
1320 2662 120 26 Thursday,
1451 2662 36 21 the
1504 2662 44 21 2nd
1564 2662 61 27 May,
1638 2666 21 17 to
1675 2662 51 21 take
1742 2662 44 21 into
1803 2669 47 14 con-

1277 2690 115 21 sideration
1403 2693 90 18 matters
1504 2689 26 20 of
1536 2689 145 25 importance.

1409 2716 35 27 By
1453 2715 64 22 order
1528 2716 24 21 of
1561 2716 36 21 the
1609 2716 112 26 Trustees,

1627 2750 36 22 W.
1679 2750 29 22 V.
1725 2751 104 21 Brewer.

1305 2779 109 25 February
1424 2778 34 25 25,
1469 2779 60 20 1843.

1279 2824 83 20 Town
1385 2824 54 20 and
1463 2824 122 24 Country
1604 2823 78 20 Land
1703 2824 29 19 to
1755 2823 47 20 Let
1823 2829 32 14 on

1464 2851 78 25 Long
1562 2852 109 19 Leases.

1280 2885 95 49 NOS.
1392 2884 25 22 of
1433 2884 36 21 the
1488 2887 59 18 town
1568 2892 60 14 acres
1649 2892 28 14 on
1694 2884 38 22 the
1753 2885 102 26 Surveyoi

1475 2911 116 21 General's
1602 2911 63 27 Plan,

1384 2939 41 20 224
1549 2939 42 21 510
1714 2939 40 21 263

1281 2965 41 21 For
1332 2964 135 27 particulars,
1479 2964 65 27 apply
1555 2968 22 18 to

1440 2998 122 27 Wallace,
1574 2998 93 28 White,
1679 2998 46 22 and
1738 2998 114 22 Wallace

1308 3032 54 27 May
1371 3033 31 21 31.
1415 3033 60 21 1842.

1460 3079 4 6 1
1474 3078 43 20 Ex

1284 3111 86 49 FOR
1382 3111 83 27 SALE,
1481 3113 29 26 by
1522 3112 36 22 the
1568 3112 152 27 undersigned
1726 3120 36 14 :—

1354 3138 53 21 Fine
1417 3138 37 22 old
1468 3139 121 21 Yorkshire
1600 3139 34 21 ale
1650 3139 22 21 in
1689 3139 70 27 casks,
1771 3139 56 21 from
1838 3140 17 20 II

1282 3165 84 28 gallons
1376 3168 19 17 to
1405 3166 34 25 45,
1452 3165 140 28 particularly
1602 3166 174 21 recommended
1784 3165 71 22 forth*

1284 3200 36 14 use
1332 3191 24 21 of
1361 3192 83 27 private
1454 3191 101 28 families,

1310 3219 35 21 An
1355 3222 130 18 assortment
1494 3219 26 21 of
1526 3219 45 26 kip,
1584 3219 69 27 welts,
1662 3219 43 22 and
1716 3219 46 22 sole
1771 3219 84 22 leather

1310 3245 73 22 Men's
1392 3245 43 21 and
1446 3245 119 22 children's
1576 3246 62 22 boots
1648 3246 44 22 and
1701 3246 72 27 shoes,

1311 3272 52 22 Port
1373 3272 40 21 and
1423 3271 76 28 sherry
1508 3272 25 22 in
1541 3273 70 25 wood,

1313 3298 89 27 English
1420 3299 42 21 silk
1480 3299 177 27 handkerchiefs,
1677 3299 101 28 oatmeal,
1794 3299 45 22 and
1851 3307 4 13 i

1286 3325 83 26 vnriety
1379 3325 24 21 of
1409 3325 63 22 other
1481 3326 95 22 articles.

1538 3360 35 21 W.
1589 3360 27 22 B.
1632 3360 95 22 Rhodes
1743 3360 40 22 and
1799 3360 38 22 Co.

1312 3384 76 23 March
1399 3386 21 24 3,
1432 3386 60 21 1843.

1286 3431 179 49 WANTED,
1481 3431 60 22 three
1560 3433 49 27 pair
1628 3433 27 21 of
1672 3433 112 21 Sawyers.
1823 3432 32 22 Fo

1378 3457 135 28 particulars,
1524 3459 66 27 apply
1601 3463 22 17 to

1473 3485 27 22 R.
1517 3486 66 27 Seed,
1599 3486 58 22 Shoe
1672 3486 87 27 Maker,

1653 3513 186 26 Lambton-quay.

1314 3537 77 23 March
1399 3539 21 25 3,
1432 3539 59 21 1843.
1757 3553 4 2 ■

1506 3584 54 21 For
1576 3584 68 21 Sale.

1258 3615 2 13 ;
1289 3616 89 36 rpHE
1392 3616 104 22 HOUSE
1512 3617 43 21 and
1571 3617 150 28 KITCHEN,
1735 3617 93 23 situated
1840 3625 15 15 o:

1258 3644 2 8 1
1301 3640 21 25 1_
1363 3643 105 21 Lambton
1481 3645 60 26 Qua}
1548 3661 6 10 ,
1564 3644 45 21 late
1618 3645 24 21 in
1655 3645 36 21 the
1706 3645 128 27 occupation
1846 3652 9 14 c

1289 3671 35 23 the
1336 3669 122 23 Wakefield
1468 3671 64 21 Club.
1562 3671 43 21 For
1621 3672 139 27 particulars,
1771 3672 66 27 apply
1846 3675 9 18 t

1258 3705 3 31 [
1523 3704 109 23 Richard
1648 3706 87 26 Baker,

1587 3732 121 27 Honoiary
1719 3733 122 26 Secretary.

1315 3756 148 28 Wellington,,
1468 3758 113 27 February
1594 3760 33 25 14,
1640 3760 60 21 1843.

1258 3802 5 40 |
1471 3803 36 22 W.
1524 3804 33 21 M.
1573 3804 108 27 SMITH,

1291 3842 56 15 LATE
1357 3842 235 15 SURVEYOR-GENERAL
1602 3844 28 14 TO
1642 3844 46 15 THE
1703 3843 51 16 MEW
1768 3843 86 15 ZEALAN

1523 3870 115 20 COMPANY,

1294 3914 5 2 .
1318 3894 141 25 Surveyor,
1472 3894 217 27 Draughtsman,,
1700 3895 55 21 and
1768 3895 76 21 Land

1532 3922 100 25 Agent.

1258 3966 3 6 .
1293 3951 172 28 Tinakori-road,
1477 3951 100 30 January
1590 3954 20 25 4,
1623 3954 60 20 1843.
