3499 4528
26 153 89 25 should
129 153 52 23 find
193 152 150 25 individuals
355 153 56 25 who
423 154 73 25 could
514 155 54 31 pull

25 192 75 22 nboub
113 192 135 27 3,000,000
271 190 57 29 lbs.,
351 199 27 17 or
404 193 73 26 1,340
501 195 65 23 tons.

25 228 53 24 The
90 229 105 29 English
209 229 134 29 Mechanic,
368 230 87 25 March
468 232 54 24 sth.
546 233 22 25 is

26 265 152 30 responsible
190 265 38 24 for
248 266 43 25 the
310 267 62 25 facts
396 270 90 23 stated.
534 271 33 23 To

23 312 39 15 me
75 305 57 30 they
144 313 65 16 seem
220 313 15 16 a
244 306 35 25 bit
287 307 145 30 incredible,
446 310 121 33 although

24 344 42 24 the
80 353 92 23 p.nvers
185 346 26 25 of
233 347 71 26 those
316 352 126 24 creatures
466 359 40 17 are
519 360 48 17 cer-

24 383 79 31 tainiy
127 392 143 24 enormous,
301 388 50 24 and
375 389 62 25 such
466 399 28 15 as
524 393 45 30 put

23 423 138 31 absolutely
186 425 53 24 into
252 426 42 23 the
315 426 78 26 shade
406 428 43 25 the
461 432 108 27 greatest

23 465 128 22 muscular
163 465 97 24 foiveiu
275 467 43 24 the
329 468 87 31 higher
428 470 49 23 and
487 470 82 31 larger

21 501 140 25 animals—
165 503 93 33 Joseph
272 506 89 30 Symes

61 582 54 25 The
129 586 64 22 most
207 585 138 32 important
358 587 49 31 ally
420 588 27 24 of
465 588 41 24 the
520 588 49 25 will

25 620 27 25 in
67 621 153 26 Parliament
233 624 21 24 is
267 625 142 32 eloqumce.
446 626 62 25 This
520 626 22 25 is
555 635 14 16 a

28 664 101 23 natural
158 665 54 29 gift,
250 666 105 31 entirely
379 666 103 25 distinct
506 668 64 24 from

16 714 2 12 i
26 702 58 31 high
102 704 156 25 intellectual
276 706 96 24 culture
384 714 28 17 or
432 707 136 26 character.

26 741 22 23 A
68 749 59 17 man
146 750 45 17 can
217 743 28 24 be
265 744 41 24 the
330 748 107 28 greatest
461 745 107 29 thinker,

25 785 66 27 post,
105 790 99 24 general
218 792 27 16 or
256 784 125 32 Legislator
393 786 24 23 in
431 787 43 24 the
484 787 83 30 world,

26 823 49 23 and
87 828 41 26 yi-fc
140 828 45 20 not
193 826 28 23 be
231 825 55 24 able
298 831 26 18 to
334 827 73 23 make
418 834 31 16 an
459 827 110 25 effective

25 862 89 29 speech
127 869 5 22 ;
152 862 49 24 and
222 863 41 24 the
284 872 96 16 reve-se
392 864 20 24 is
433 864 53 25 also
504 868 62 25 true,

17 901 40 24 .he
78 910 45 16 c;m
153 903 63 24 have
247 912 32 15 an
303 904 106 30 especial
434 905 80 24 talent
533 906 36 23 fur

17 941 139 30 Woqnence
175 941 58 25 with
256 950 32 16 an
313 951 112 22 average,
444 943 123 25 mediocre

169 980 7 8 r
176 979 47 24 lhe
235 980 94 31 history
341 981 26 23 of
375 981 191 30 representative

17 1011 146 33 Btfslation
192 1020 98 25 records
319 1021 48 24 few
394 1021 124 31 examples
541 1021 24 25 oi

105 1063 94 21 orators
212 1060 55 24 who
280 1068 56 16 ever
348 1061 41 23 did
402 1061 122 30 anything
536 1063 26 22 to

147 1098 42 24 the
206 1098 96 24 mental
324 1099 102 24 horizon
451 1099 26 24 of
499 1100 65 24 their

93 1150 31 3 —
125 1136 133 24 Liberator.

191 1219 41 24 the
246 1220 47 23 end
305 1220 26 23 of
341 1220 111 30 January
466 1220 13 23 I
491 1220 44 24 felb
547 1220 20 24 it

168 1260 24 21 to
213 1258 64 24 issiu;
290 1267 14 15 a
318 1258 61 24 brief
396 1260 133 22 statement
543 1258 24 24 ->f

17 1289 98 44 |^Hnt
127 1296 72 25 needs
212 1296 138 31 throughofc
361 1296 42 25 the
415 1296 64 25 East
499 1296 67 25 End.

146 1336 12 25 I
171 1339 74 22 wrote
265 1345 27 16 as
304 1336 95 25 follows
411 1345 5 16 :
515 1337 49 24 dis-

102 1378 22 21 ia
150 1376 62 24 East
237 1376 104 25 London
360 1377 22 24 is
404 1376 158 31 widespread,

17 1408 110 33 Bmil.'in
153 1422 68 15 some
245 1416 122 29 quarters,
397 1417 89 21 intense
512 1415 55 31 just

17 1458 75 31 pnow.
128 1453 128 25 Numbers
266 1455 25 22 of
298 1454 42 24 the
353 1455 87 23 decent
450 1455 47 23 and
508 1462 59 16 even

26 1493 126 24 Christian
165 1502 60 22 poor
237 1502 41 15 are
290 1494 104 24 without
406 1494 49 25 fuel
465 1493 33 25 'or
510 1494 56 24 fcod

25 1539 28 16 or
72 1531 123 24 sufficient
219 1531 121 31 clothing.
376 1532 99 29 Among
498 1531 68 25 these

26 1578 42 15 are
80 1573 45 21 not
144 1578 14 16 a
181 1570 46 24 few
239 1570 94 28 infirm,
353 1570 60 28 sick,
439 1571 50 23 and
508 1578 59 23 very

23 1618 45 23 age
78 1611 5 22 1
98 1610 59 27 folk,
176 1611 75 23 while
265 1611 42 24 the
328 1613 64 22 state
406 1611 43 25 the
461 1612 65 23 state
538 1611 26 24 of

25 1655 74 22 many
118 1656 82 21 young
221 1649 112 23 children
357 1649 108 31 brought
483 1655 24 18 to
520 1657 42 22 my

25 1686 73 23 doors
121 1686 67 31 da'ly
211 1687 21 23 is
254 1687 141 31 harrowing
418 1688 25 23 in
466 1687 44 24 ths
522 1696 40 15 ex-

166 1724 13 24 I
192 1725 73 24 could
284 1725 56 32 only
360 1728 37 22 set
409 1725 66 25 forth
489 1733 15 17 a
517 1725 43 25 few

25 1764 27 25 of
63 1766 40 23 the
122 1765 61 24 facts
204 1766 25 23 in
254 1766 54 24 that
329 1766 64 24 little
413 1774 76 23 paper
499 1774 6 16 :
524 1766 42 24 the

26 1805 61 22 need
110 1812 57 20 was,
192 1804 121 29 however,
340 1813 60 23 very
420 1806 97 30 urgent.
553 1804 13 24 I

26 1842 48 23 had
89 1850 71 23 many
172 1848 66 19 most
260 1843 97 31 helpful
370 1843 94 31 replies,
484 1843 45 24 but
548 1843 14 23 I

25 1888 41 15 am
81 1888 67 23 sorry
172 1883 24 21 to
218 1881 47 23 add
277 1881 55 24 that
346 1881 41 24 the
408 1881 57 24 flow
477 1881 26 24 of
520 1889 46 16 our

23 1920 67 31 daily
103 1921 129 24 donations
251 1921 47 24 has
310 1922 75 30 again
405 1921 78 24 fallen
495 1921 36 24 off
541 1923 25 22 to

25 1968 33 15 an
70 1961 155 30 exceedingly
238 1961 48 24 low
304 1961 55 24 ebb.
395 1961 52 24 Our
459 1961 103 24 subsist-

26 2006 59 17 ence
98 2000 131 23 minimum
249 2000 21 24 Is
284 2001 72 23 £140
367 2008 42 22 per
421 2000 46 30 day
479 2007 5 21 ;
503 1999 57 29 and,

26 2039 61 27 a!as,
107 2038 53 23 that
180 2038 135 24 minimum
337 2038 45 24 has
397 2044 35 18 tar
444 2037 122 25 exceeded

27 2076 43 24 the
82 2076 61 24 total
155 2076 25 24 of
193 2076 41 24 the
258 2076 59 31 gifts
331 2078 55 22 sent
400 2084 37 16 me
449 2084 32 16 on
494 2083 70 23 many

25 2117 60 30 days
98 2117 66 23 sine.)
186 2117 42 24 the
242 2117 108 32 opening
361 2117 27 25 of
409 2118 42 24 the
465 2119 97 21 current

26 2165 58 22 year
96 2158 3 22 !

59 2290 22 23 A
93 2291 109 23 Bulletin
211 2290 196 31 correspondent
411 2298 11 17 s
432 2290 44 33 dog
488 2293 75 30 stoiy.

26 2331 53 23 Cna
103 2331 104 29 evening
230 2331 12 23 I
266 2338 49 16 saw
337 2339 15 15 a
365 2333 45 29 boy
422 2331 57 24 lead
502 2340 13 15 a
529 2340 33 15 re-

25 2371 89 21 triever
143 2368 71 24 down
245 2370 25 22 to
291 2368 41 25 the
357 2369 124 23 Tntakuri
501 2369 62 24 river

26 2408 108 31 (Napier,
155 2408 78 33 M.L.)
256 2409 40 24 the
320 2410 71 23 stone
414 2409 81 25 round
522 2410 41 24 the

25 2448 68 31 dog's
112 2450 69 27 neck,
210 2449 49 23 and
282 2450 63 29 push
370 2450 50 22 him
444 2450 55 24 into
524 2451 39 23 the

25 2490 83 21 water.
159 2487 53 24 The
237 2490 71 21 store
332 2488 96 30 slipped
451 2488 48 24 and
523 2488 40 24 the

23 2527 49 30 dog
82 2535 32 16 sci
120 2527 97 24 ambled
232 2533 50 18 oat.
302 2528 52 23 The
363 2536 84 22 young
459 2528 103 24 butcher

23 2567 93 30 caught
127 2566 63 28 him,
202 2567 69 24 knelt
283 2575 31 16 on
323 2567 62 29 him,
400 2568 49 24 tied
459 2568 104 24 another

22 2607 70 22 stone
105 2605 78 24 round
197 2605 40 24 his
249 2605 71 29 neck,
334 2606 49 23 and
394 2606 94 32 pushed
506 2606 54 25 him

22 2646 26 22 in
66 2645 82 31 again.
185 2644 67 25 Once
265 2653 73 19 more.
345 2648 6 16 <
357 2645 31 24 he
411 2647 70 23 stone
503 2645 57 33 slip-

21 2683 56 31 ped,
96 2684 58 28 and,
173 2685 91 23 almost
287 2684 141 28 suffocated,
449 2685 43 23 the
503 2692 60 23 poor

21 2721 73 24 baute
108 2722 121 31 managed
250 2725 26 20 to
289 2723 109 30 struggle
410 2726 51 19 out.
506 2723 57 23 Just-

21 2768 28 16 as
59 2760 42 23 the
113 2768 84 23 young
214 2759 68 24 fiend
303 2760 81 24 seized
393 2760 50 23 him
458 2769 14 14 a
491 2761 68 23 third

19 2799 59 23 time
91 2806 14 15 a
118 2799 112 23 stalwart
244 2798 80 24 Maori
337 2798 93 24 rushed
448 2806 39 23 up,
508 2798 49 24 and

19 2836 70 30 fiung
102 2836 42 24 the
157 2836 47 30 boy
217 2836 67 31 right
296 2836 54 24 into
368 2836 43 24 the
423 2840 101 20 current
536 2836 26 24 of

19 2875 112 31 swirling
152 2874 91 25 edlies.
280 2874 56 24 And
360 2874 44 25 the
427 2875 69 31 dog?
524 2875 38 24 He

19 2915 110 31 plunged
152 2915 27 23 in
200 2914 49 24 and
270 2914 84 31 pulled
367 2915 42 23 the
423 2914 45 31 boy
489 2923 33 16 on
535 2917 26 22 to

18 2959 44 19 the
75 2954 74 24 bank.

1206 30 173 36 OXFORD
1424 36 225 32 OBSERVER
1688 35 240 35 SATURDAY,
1968 31 111 34 JULY
2124 29 40 30 10
2212 23 89 32 1897.

2928 4282 104 26 Printed
3039 4281 50 25 and
3097 4280 130 34 published
3236 4280 31 32 by
3281 4274 181 30 AxelEklwH

2962 4325 39 25 for
3011 4325 89 24 Laura
3114 4324 73 24 Anne
3197 4323 103 28 Parish,
3318 4324 26 23 at
3360 4322 44 24 her
3421 4315 41 36 Ejj

2960 4367 111 35 gistered
3083 4367 115 33 Printing
3210 4367 77 26 Office
3305 4355 157 55 HighJ^H

2966 4413 64 25 East
3041 4411 95 27 Oxford
3157 4411 164 32 Canterbury.
3334 4401 128 51 J^HH

3013 4457 131 25 Saturday
3182 4456 68 24 July
3285 4456 32 23 10
3329 4445 133 41 fIH^HB

2956 149 118 42 HELP
3089 149 84 43 FOR
3189 149 87 43 THE
3297 149 137 43 WEAK

2936 258 180 24 YTERVOUS
3136 258 71 23 AND
3225 258 239 23 DEBILITATED

2936 290 31 25 11
2994 291 62 27 who,
3070 290 111 31 through
3192 290 61 31 folly
3258 290 63 25 ..and
3333 291 131 31 ignorance

2935 324 64 24 have
3011 324 80 24 trifled
3103 331 69 24 away
3185 324 61 24 their
3258 323 86 32 vigour
3363 324 26 23 of
3400 323 72 31 body,

2936 357 77 28 mind,
3026 357 51 24 and
3088 357 135 28 manhood,
3237 358 101 30 causiug
3355 357 117 24 exhaust-

2934 390 44 32 ing
2995 390 84 25 drains
3091 399 66 23 upon
3169 390 44 24 the
3235 390 128 24 fountains
3384 392 27 22 of
3421 390 49 29 life,

2935 424 63 24 Loss
3006 424 26 23 of
3041 424 102 31 Energy
3152 424 49 23 and
3212 424 126 30 Strength.
3352 423 120 31 Timidiiy

2935 456 163 24 Bashfulness
3133 457 27 23 in
3197 456 106 31 Society,
3328 456 142 28 Headache,

2933 489 136 30 Backache,
3089 489 180 28 Nervousness,
3294 489 135 24 Weakness
3447 489 27 23 of

2937 522 118 31 Memory,
3069 522 110 24 Restless
3190 522 81 31 Sleep,
3282 522 115 28 Dreams,
3407 522 64 23 Low

2935 555 73 24 Flesh
3022 555 50 24 and
3083 555 69 25 Vital
3172 555 108 28 Power,-
3288 555 78 30 Erupt
3372 558 53 21 ions
3438 562 51 16 on»-

2934 587 41 24 --the
2985 588 63 23 Face
3060 588 49 24 atd
3121 588 78 32 Body,
3214 588 76 24 Want
3313 588 27 24 of
3349 588 120 30 Develop-

2932 624 77 25 ment,
3031 621 116 25 Varicose
3163 621 83 30 Veins-,
3270 621 143 32 Incapacity
3432 622 38 23 for

2931 654 113 25 business
3056 663 27 16 or
3094 656 120 30 pleasure,
3229 656 104 30 Urinary
3343 655 125 28 Diseases,

2932 687 50 24 and
3001 688 34 24 all
3058 688 43 24 the
3124 688 84 24 effects
3230 688 101 32 leading
3353 693 25 19 lo
3401 688 66 31 eariy
3481 708 10 9 ,

2931 720 84 32 decay,
3040 721 106 31 perhaps
3168 722 182 30 Consuinp'.icn
3351 730 53 16 -or
3427 721 30 23 In
3493 734 3 9 -,

2931 755 91 29 sanity,
3036 762 45 16 can
3107 755 28 24 be
3147 755 115 24 obtained
3275 755 30 31 by
3326 754 141 31 consulting

2931 787 138 33 oersonally
3087 796 27 17 or
3123 787 31 26 by
3165 789 64 31 post,
3265 788 93 25 FREE
3369 788 83 24 PRO*
3462 796 5 6 •

2930 821 186 29 NOTMANN,.
3130 821 211 30 .M.E.,E.M.G.,
3395 821 72 25 Cam-

2931 853 84 32 bridge
3028 854 109 30 Terrace,
3163 855 110 30 opposite
3297 855 118 25 Colomlo
3429 855 37 23 St.
3495 874 2 3 .

2931 887 98 32 Bridge,
3043 911 3 3 .
3060 887 115 25 Christen
3179 896 12 15 u
3195 889 54 23 rch.
3311 888 53 24 The
3408 887 59 29 only

2929 919 228 26 Electrobotanical
3185 920 97 32 Expert
3316 920 153 31 advertising

2930 952 53 24 who
2996 953 50 24 will
3058 955 137 28 guarantee
3213 962 14 16 a
3244 954 126 31 thorough
3399 962 67 16 cure.

2931 985 57 25 Sole
3004 987 136 30 proprietor
3168 987 50 24 and
3235 990 115 28 patentee
3378 987 28 24 of
3424 987 43 24 the

2929 1019 59 32 only
3011 1020 149 31 guaranteed
3183 1020 110 25 Electric
3316 1018 70 27 Belts
3418 1020 49 24 and
3483 1040 10 7 

2929 1052 71 24 other
3012 1050 90 33 special
3126 1054 125 24 electrical
3274 1054 143 31 appliances
3440 1054 27 23 in

2928 1085 41 23 the
2979 1085 116 24 colonies.
3129 1086 100 24 Ladies'
3241 1086 96 26 French
3350 1087 115 24 herbace-

2928 1125 43 16 ous
2983 1118 58 30 pills
3062 1119 38 24 for
3129 1119 176 31 irregularities
3328 1121 75 26 from,
3417 1126 60 24 any;

2928 1158 80 22 cause,
3036 1152 41 24 10s
3100 1152 95 29 po?ted.
3230 1152 146 32 Pamphlets
3404 1152 61 24 free.

2928 1184 170 25 Testimonial:
3101 1200 30 2 —
3135 1185 205 33 NapiexyAugust
3349 1186 43 26 7th
3401 1187 63 22 1805

2928 1217 64 24 Prof.
3004 1218 132 24 Notmann.
3138 1233 35 3 —
3173 1219 67 23 Dear
3251 1220 46 28 Sir,
3301 1234 29 3 —
3335 1220 12 23 I
3357 1220 84 23 receiv<
3451 1220 15 22 d

2927 1258 60 22 your
2993 1251 74 24 letter
3076 1252 49 24 iast
3137 1251 76 29 week,
3232 1253 49 23 and
3293 1250 14 26 I
3323 1260 41 16 am
3375 1251 90 26 thank-

2928 1284 35 23 ful
2987 1289 25 19 to
3035 1284 53 24 find
3111 1293 49 23 you
3173 1293 41 16 are
3225 1286 105 24 anxious
3348 1290 26 20 to
3493 1290 3 6 >

2929 1317 42 24 the
2983 1317 106 25 benefits
3108 1319 13 23 1
3133 1318 64 25 have
3208 1319 99 24 derived
3326 1319 60 24 from
3405 1327 67 23 ypnp.

2930 1352 60 22 treat
2996 1354 74 21 ment.
3083 1369 4 4 .
3108 1352 48 27 bir,
3185 1352 21 23 it
3233 1352 67 30 gives
3329 1360 40 16 me
3398 1355 69 26 great

2928 1381 113 32 pleasure
3055 1385 24 22 to
3091 1383 92 25 inform
3194 1391 49 24 you
3253 1383 80 27 thaia
3345 1384 120 31 complete

2928 1415 50 24 and
2989 1416 93 30 perfect
3094 1424 58 16 cure
3163 1416 47 25 has
3230 1415 70 26 been'
3315 1418 102 23 effected
3441 1418 26 22 of

2929 1448 42 24 the
2983 1449 143 24 maladies!
3144 1447 158 33 cotiipTained
3322 1450 25 24 of
3359 1452 26 22 to
3407 1458 58 23 you.

2927 1481 14 23 I
2952 1488 45 17 am'
3006 1482 115 31 enjoying
3131 1482 64 30 good
3213 1482 92 28 health,
3318 1484 48 23 and
3378 1491 40 16 am
3429 1491 35 16 re-

2928 1514 81 24 stored
3030 1517 25 21 to
3076 1515 86 31 manly
3185 1515 95 31 vigour.
3316 1516 90 24 P.S.—
3409 1517 56 30 Any

2928 1547 101 24 sufferer
3038 1547 111 26 desirous
3157 1548 27 25 of
3189 1549 214 32 communicating,
3404 1549 61 26 with

2928 1588 96 23 mej-ou
3037 1583 42 22 lire
3091 1580 26 26 at
3134 1582 89 31 liberty
3247 1584 25 23 to
3368 1587 40 26 iny
3422 1583 42 24 ad-

2927 1615 75 28 dress,
3015 1614 37 25 for
3063 1615 14 23 I
3094 1615 48 24 like
3153 1623 61 23 your
3230 1616 116 30 practical
3359 1616 105 25 method

2927 1646 25 24 of
2964 1650 142 22 treatment.
3110 1662 28 4 —
3143 1648 32 26 T,'
3187 1648 36 24 C'
3229 1649 116 24 Simpson.
3357 1672 4 3 .
3407 1661 3 9 :

3030 1910 333 34 Established!?^
3374 1921 4 10 ;
3403 1910 16 16 *
3420 1910 9 16 t
3430 1917 20 9 *'-
3453 1919 5 8 I
3458 1912 38 34 *»S

3071 1958 3 3 .
3089 1957 52 6 _
3142 1958 44 6 —
3186 1959 58 6 _
3244 1959 54 6 —
3391 1942 105 37 -^*£fcS|

2976 1977 124 30 FLOUR,
3112 1979 56 25 best
3178 1980 80 24 brand
3269 1981 59 32 only
3340 1982 65 31 kept.

2929 2019 143 31 SHARPS,
3109 2023 206 30 OATMEAL,
3352 2025 106 24 BEAN

3018 2065 291 32 CHICKENWHEAT,
3328 2070 40 24 &c.

2953 2107 39 21 AT
3022 2108 125 23 LOWEST
3174 2110 142 23 CTJHREXT
3351 2113 97 20 EATES

2975 2184 45 54 S.
3054 2185 49 44 B.
3126 2171 370 81 SEYMOUE^

3103 2244 4 4 '
3125 2252 137 29 PENTIST,

2967 2297 41 20 210
3023 2294 104 21 Colombo
3142 2295 81 24 Street,
3247 2295 105 21 Christen
3354 2297 61 20 ureli.

3095 2368 176 22 CHARGES:—
3291 2369 4 6 ;

2994 2409 92 27 Filling,
3102 2410 22 19 5f-
3132 2417 8 17 j
3175 2409 132 22 Extraction
3317 2411 25 20 2s
3356 2411 30 20 Gcl
3387 2396 109 50 fjj^fP

2952 2474 96 20 Nitrous
3059 2474 60 20 Oxid
3129 2474 45 20 Gas
3185 2474 169 23 Administered
3359 2464 106 41 forfgpp
3483 2476 13 11 *

2925 2514 45 21 les3
2980 2515 132 20 Extraction
3123 2514 24 21 of
3156 2515 78 21 Teeth;
3248 2531 3 4 .
3269 2516 45 21 Fee
3323 2516 11 20 f
3335 2523 26 14 or
3369 2507 99 38 Ad^b-.
3481 2531 2 1 ■
3491 2526 2 14 ;
3495 2514 1 12 ;

2926 2553 108 20 istnition
3044 2559 31 14 os.
3131 2547 60 31 f~~**
3413 2546 83 27 %5.~-'--~:
3493 2573 3 5 <

3273 2591 8 1 -
3305 2604 2 1 .
3325 2603 34 4 .._
3425 2577 71 43 :jfe'sg

3199 2662 5 2 •
3241 2660 9 3 ■■
3427 2623 69 66 151

2928 2984 250 45 JOSEPH
3222 2983 238 46 LOUGH.

3073 3060 243 25 UNDERTAKER.

3041 3104 108 31 EAST
3175 3104 182 31 OXFORD.

2962 3156 103 30 Having
3072 3155 51 32 just
3132 3155 123 31 imported
3263 3154 63 25 from
3333 3155 127 32 England,

2929 3207 55 16 new
3006 3198 116 32 Designs,
3157 3207 54 16 new
3239 3198 150 31 Trimmings
3413 3200 49 23 aui
3493 3223 3 3 .

2930 3242 87 29 Robes,
3030 3243 22 23 is
3061 3242 117 31 prepared
3189 3243 26 23 to
3225 3241 105 25 conduct
3338 3241 125 26 Funerals

2931 3281 96 30 Adults,
3046 3284 25 22 at
3084 3281 46 25 £5.
3145 3281 49 24 and
3205 3281 121 31 upwards,
3350 3281 114 31 polished

2930 3325 80 28 coffin,
3034 3325 49 24 and
3114 3324 191 25 silvermounted
3328 3324 135 25 Furnitui'e

2931 3368 75 25 From
3020 3368 45 25 £8.
3084 3368 130 31 according
3226 3370 25 22 to
3274 3367 114 32 Designs.
3424 3368 38 25 No

2921 3411 1 28 j.
2930 3414 69 22 extra
3011 3412 87 31 chargo
3111 3412 38 24 for
3161 3412 94 23 Hearse
3279 3419 28 16 or
3324 3419 64 23 open
3404 3411 56 24 Car-

2929 3454 75 31 riage.

2963 3497 31 24 N.
3024 3496 34 25 8..
3085 3496 91 25 Coffins
3199 3495 57 32 kept
3279 3493 48 34 in^
3333 3494 70 29 stock
3425 3495 38 25 for

2930 3557 90 30 urgent
3037 3563 77 16 cases.
3196 3577 52 6 ...

2955 3616 541 50 DRESSMAKING.^

3031 3687 330 55 misTkennedy

2969 3777 79 30 Late
3069 3776 81 30 from
3164 3775 54 30 the
3230 3773 100 32 D.I.C.
3380 3773 82 56 Wel-

2928 3819 129 40 lington,
3414 3817 32 31 ft

2970 3861 80 38 Begs
3083 3863 34 26 to
3145 3859 115 29 inform
3291 3857 56 29 ber
3377 3855 87 41 Lady

2928 3901 116 31 friends
3059 3901 69 30 that
3143 3901 54 30 sho
3223 3900 28 30 is
3266 3897 147 42 prepared
3431 3900 34 27 to

2929 3943 89 31 make
3057 3942 119 31 dresses
3204 3941 33 30 in
3273 3937 191 33 fashionable
3490 3965 6 9 ,

2929 3986 61 29 and
3005 3985 91 30 latest
3110 3983 107 40 styles,
3241 3986 33 26 at
3288 3981 177 31 reasonable

2929 4028 137 40 charges.

2971 4076 67 32 She.
3060 4075 56 30 has
3124 4101 3 3 .
3138 4073 153 40 arranged
3315 4072 48 30 for
3390 4081 76 31 pre-

2929 4123 82 31 sent;
3029 4116 173 31 Avorkroom
3232 4118 77 27 next
3337 4120 33 24 to
3398 4113 66 31 Mts

2929 4159 148 39 Lough's,
3109 4156 130 32 Oxford;
3308 4177 3 2 •
3324 4164 2 1 '
3350 4157 14 41 ■/
3378 4148 118 43 .MB

2371 153 25 40 0
2424 152 480 77 MANKINB||JOMPANY

2566 243 139 21 LIMITED.

2397 299 270 27 CHEISTCHUECH
2687 299 185 27 BEEWEEY.

2599 362 61 21 THE

2648 404 95 33 JUS

2501 444 129 21 BREWED
2642 446 39 20 BY
2696 446 71 20 THIS

2456 485 369 35 COMIP^ISrY

2552 541 83 20 FROM
2648 541 62 20 TQE

2352 579 2 47 !
2366 592 222 41 onmmr
2606 593 170 44 w>urt
2782 588 120 49 Hops

2480 645 45 21 Are
2535 646 175 27 acknowledged
2720 648 23 20 to
2752 648 28 20 be

2362 684 150 21 SUPERIOR
2521 686 35 20 IN
2568 686 135 22 QUALITY
2714 687 38 21 TO
2759 688 64 20 ANY
2831 688 69 32 IN-

2430 726 101 21 DUCED
2546 727 35 21 IN
2595 729 74 19 NEW
2684 729 148 21 ZEALAND.

2390 764 109 26 Supplied
2505 766 24 20 to
2533 766 81 21 Hotels
2620 767 47 20 and
2674 767 92 21 Private
2773 768 127 20 Customeri

2362 792 23 20 in
2395 792 143 26 Hogsheads,
2550 794 98 26 Barrels,
2660 795 140 25 Kilderkins,
2811 796 44 20 and
2866 797 34 19 10-

2362 820 88 26 --gallons
2461 820 63 26 Kegs
2533 821 61 26 only.

2363 872 117 42 PALE
2504 873 90 42 ALE
2618 874 96 42 AND
2739 874 161 42 EXTHA

2554 925 137 43 STOUT

2447 976 93 21 Bottled
2562 978 25 20 in
2594 978 87 24 Quarts
2691 979 46 20 and
2746 979 70 21 Pints.

2376 1096 42 52 .'r
2452 1101 53 44 F.
2538 1101 260 56 B.LANE.

2452 1211 2 2 .
2468 1180 91 41 (Late
2573 1181 39 31 E.
2632 1181 160 42 Butcher.)

2364 1239 250 38 Watchmaker,
2644 1242 183 37 Jewellee,
2844 1243 52 31 &c.

2362 1291 124 31 Importer
2519 1293 28 22 of
2586 1293 108 24 Musical
2729 1293 171 26 Instruments

2461 1329 112 26 Victoria
2595 1330 38 26 St.
2664 1331 135 31 Eangiora.

2363 1406 99 31 Special
2474 1408 71 24 value
2568 1408 27 24 in
2618 1408 81 24 Extra
2721 1409 88 30 strong
2821 1408 76 25 Cased

2361 1449 87 32 highly
2457 1450 109 25 finished
2580 1451 109 31 English
2708 1450 80 26 Lever
2797 1451 98 25 Watch-

2361 1500 35 17 es.
2443 1493 192 26 Manufactured
2652 1496 26 23 to
2701 1502 46 23 my
2772 1495 72 24 order
2866 1495 32 31 by

2362 1532 54 25 best
2428 1533 105 25 London
2552 1534 107 25 makers.
2695 1534 158 32 Unequalled
2861 1535 37 25 for

2361 1577 123 25 excellent
2498 1578 178 32 Timekeeping
2692 1578 50 25 and
2754 1577 142 34 durability.

2394 1621 29 24 F.
2442 1621 30 25 B.
2485 1622 96 24 LANE
2594 1622 141 32 personally
2757 1623 71 25 visits
2849 1623 47 25 Ox-

2361 1664 53 24 ford
2435 1665 125 31 monthly,
2584 1667 116 31 carrying
2719 1674 16 16 a
2757 1667 68 31 large
2849 1668 47 23 and

2361 1707 85 25 choice
2481 1709 69 24 stock
2579 1709 27 24 of
2638 1709 127 29 Watches,
2794 1710 102 30 Chains,

2361 1751 133 29 Brooches,
2505 1752 88 32 Rings,
2606 1752 84 30 Studs,
2708 1753 134 26 Pendants'
2850 1756 46 28 etc,

2362 1795 141 32 Spectacles
2526 1796 123 33 (Pebbles,
2667 1797 168 27 Pantoscop£,c
2848 1799 49 24 and

2361 1839 109 33 Crystal)
2483 1840 96 29 Clocks,
2599 1841 108 32 (Marble
2728 1841 50 24 and
2796 1842 100 33 Wood,)

2628 1885 51 24 and
2690 1884 107 26 Violins.

2393 1947 82 25 Exact
2487 1948 57 25 date
2557 1949 27 24 of
2594 1949 61 24 each
2667 1949 60 25 visit
2749 1949 22 25 is
2783 1949 104 26 notified

2510 1992 27 24 in

2360 2034 115 25 Repairs.
2478 2050 31 3 —
2512 2035 41 25 All
2564 2036 94 31 repairs
2676 2044 42 16 are
2735 2037 120 24 executed
2865 2037 30 32 by

2360 2079 92 31 myself
2472 2087 28 17 or
2517 2079 80 25 under
2613 2088 43 24 my
2676 2081 221 31 superintendence

2360 2131 27 16 so
2410 2123 56 25 that
2485 2126 103 29 patrons
2600 2132 46 17 can
2669 2125 53 31 rely
2745 2133 32 17 on
2800 2126 98 31 getting

2360 2167 155 23 satisfaction
2524 2170 27 20 at
2562 2168 44 22 the
2618 2176 58 22 very
2687 2168 87 23 lowest
2783 2168 112 31 charges.

2392 2210 106 31 Eepairs
2509 2218 28 17 or
2546 2211 84 24 orders
2639 2220 58 23 may
2708 2211 31 25 be
2747 2210 45 26 left
2804 2213 26 23 at
2832 2226 32 3 —

2359 2257 26 25 J.
2404 2257 135 31 Weeber's,
2574 2259 65 25 East
2663 2260 100 24 Oxford,

2359 2304 26 22 at
2409 2302 40 25 W.
2474 2303 35 25 M.
2534 2303 37 28 C,
2596 2304 64 25 East
2685 2304 100 25 Oxford.

2359 2345 24 25 J.
2401 2346 100 30 Brown,
2515 2347 160 30 Bootmaker,
2701 2348 70 24 West
2795 2348 100 25 Oxford.

2361 2389 38 24 W.
2413 2389 24 24 J.
2452 2390 118 25 Crothers
2580 2392 19 23 &
2611 2391 45 24 Co.
2664 2410 6 5 .
2693 2391 69 25 Cast.

2392 2434 50 23 and
2459 2434 50 24 will
2518 2434 30 24 be
2559 2436 127 31 promptly
2698 2436 118 24 attended
2829 2438 33 24 to.

2359 2478 55 29 All
2425 2478 99 30 Work
2536 2479 78 31 done
2627 2490 39 20 on
2681 2480 53 30 the
2747 2480 149 31 Premises

2485 2531 61 28 and
2561 2532 199 37 guaranteed.

2419 2662 425 49 EUCALYPTUS

2545 2740 38 3 —
2583 2741 1 2 ■
2584 2740 41 4 —
2625 2735 12 14 ♦

2417 2761 60 20 THE
2493 2763 73 19 BEST
2580 2763 88 19 HOME
2686 2763 143 20 EEMEDIE

2476 2800 36 13 are
2527 2794 37 20 the
2573 2795 135 25 preparation
2719 2794 25 22 of
2752 2795 35 20 the

2361 2830 171 22 TASMANIAN
2550 2831 188 21 EUCALYPTUS
2752 2832 47 21 OIL
2814 2832 76 21 COMP

2390 2868 136 27 Universally
2536 2869 105 21 admitted
2650 2869 37 21 the
2695 2869 79 26 BESI',
2786 2870 114 21 PUREST

2361 2906 43 20 and
2414 2909 58 16 most
2482 2906 94 20 effective
2590 2906 135 26 Eucalyptus
2750 2907 105 21 Globulus
2873 2907 26 20 Oi

2361 2937 33 19 for
2414 2937 172 25 INFLUENZA,
2608 2937 92 26 Coughs,
2721 2939 63 20 Colda
2809 2940 43 20 and
2869 2940 29 20 al!

2362 2968 65 21 Chest
2443 2968 43 21 and
2494 2969 64 25 Lung
2575 2970 113 20 affectious
2702 2971 77 25 speedy
2789 2972 59 21 relief
2858 2972 42 21 and

2361 3001 55 20 Cure
2435 3001 33 19 for
2484 3001 158 25 Rheumatism,
2663 3003 123 26 Neuralgia,
2801 3005 99 25 Sprains-

2361 3027 71 21 Burns
2453 3029 34 19 &c.

2359 3081 2 2 .
2388 3061 134 25 Eucalyptus
2540 3062 105 21 Globulus
2663 3064 93 21 Extract
2765 3066 90 24 sprayed
2869 3066 31 20 in-

2361 3093 62 20 haled
2439 3093 44 20 and
2498 3095 66 19 taken
2573 3094 117 28 internally
2708 3096 34 20 for
2757 3097 35 21 the
2811 3098 87 27 'Ihroat,

2361 3125 99 26 Catarrh,
2477 3126 59 26 Hay,
2561 3128 104 25 Typhoid
2682 3130 44 19 and
2740 3130 83 20 Scarlet
2834 3132 67 19 Fever

2362 3158 130 21 MEASLES
2503 3160 37 20 the
2545 3163 56 17 most
2611 3162 137 25 satisfactory
2757 3164 143 23 preventative

2361 3189 44 20 and
2418 3189 63 21 Cure.
2508 3192 58 20 Send
2578 3193 52 20 Post
2646 3193 56 21 Card
2712 3196 23 17 to
2744 3194 37 20 the
2790 3194 65 21 Office
2867 3196 34 19 for

2362 3219 97 22 Circular
2472 3222 121 28 describing
2612 3227 122 19 treatment.
2761 3226 140 27 Eucalyptus,

2363 3254 111 22 Uintment
2484 3257 36 20 the
2529 3258 71 25 Magic
2609 3259 80 20 Healer
2703 3260 22 19 of
2740 3260 71 24 Sores,
2823 3262 78 23 Jiurnß,

2365 3287 100 24 Woundß,
2481 3288 60 21 Boils
2560 3291 45 23 &c,
2628 3291 137 25 Eucalyptus
2785 3293 57 25 Soap
2858 3293 42 20 l'ra

2361 3320 63 22 grant
2434 3320 43 19 and
2486 3321 126 26 refreshing.
2636 3323 133 25 Eucalyptus
2779 3323 89 27 Jujuues
2878 3332 24 13 or

2362 3349 103 22 Pastilles
2474 3353 33 19 for
2517 3353 37 20 the
2579 3354 81 21 Throat
2670 3355 44 20 and
2724 3354 63 21 Voice
2803 3361 29 15 an
2846 3357 54 20 anti-

2363 3382 67 26 septic
2440 3384 42 19 and
2492 3384 122 23 stimulant.

2366 3415 123 28 Veterinary
2505 3419 36 20 Oil
2551 3420 43 20 and
2604 3420 112 21 Ointment
2725 3421 34 20 for
2769 3421 37 21 the
2814 3422 86 21 stables.

2389 3451 31 18 Be
2429 3457 49 13 sure
2487 3458 44 18 you
2540 3453 109 20 Purchase
2663 3455 40 18 the
2712 3454 105 26 Platypus
2835 3456 67 18 brand

2362 3482 50 24 only
2423 3483 22 19 of
2452 3483 30 19 all
2491 3484 208 25 Uhemists.'Grocers
2705 3485 44 20 and
2755 3485 147 27 Storekeepers

2362 3513 44 20 and
2419 3516 23 18 at
2457 3514 36 21 the
2504 3515 64 21 Office
2578 3518 12 19 9
2599 3517 115 20 Uaihedral
2723 3523 77 19 square
2810 3519 91 20 between

2362 3547 20 18 Al
2385 3551 24 14 or
2411 3546 52 20 ten's
2477 3547 113 27 Buildings
2598 3550 42 20 and
2651 3550 37 20 the
2696 3550 52 20 Post
2759 3551 70 21 Office.

2528 3582 88 22 Oxford
2627 3584 79 27 Agent

2352 3631 2 10 ,
2366 3612 1 2 '
2416 3616 27 22 E.
2453 3617 30 22 H.
2497 3619 120 28 PAKISH,
2640 3621 77 21 EAST
2731 3622 120 21 OXFORD

2442 3657 143 28 Eucalyptus
2594 3659 38 21 Oil
2646 3661 31 27 1/-
2689 3668 42 20 per
2740 3662 78 21 bottle.

2452 3796 119 41 PEED
2615 3800 188 40 FULLER.

2550 3857 164 23 SOLICITOR.

2401 3894 12 20 9
2424 3894 124 21 Cathedral
2558 3896 93 26 Square,
2667 3898 191 21 Ch&istchuxch.

2361 3928 116 27 (Between
2486 3929 111 22 Morten's
2607 3932 117 27 buildings
2735 3933 17 20 &
2762 3933 56 21 Post
2825 3933 68 22 Offce

2399 4007 189 59 Money
2617 4012 54 43 to
2708 4011 143 46 Lend

2357 4081 30 14 on
2397 4075 33 21 all
2439 4076 57 20 kind
2507 4076 24 20 of
2541 4076 114 28 Security,
2664 4080 25 19 at
2708 4078 58 22 Low
2780 4079 78 21 Rates
2877 4079 22 21 of

2385 4120 107 21 Interest.
2523 4121 89 26 Special
2626 4123 78 21 Terras
2715 4123 35 21 for
2759 4124 111 21 Farmers.

2383 4294 79 46 W.
2493 4296 67 45 H.
2588 4298 279 46 ALFOKD

2373 4391 234 45 WATCHMAKER
2630 4398 29 42 4
2698 4397 177 39 JEWELLER

2432 4470 87 25 MAIN
2533 4470 137 25 STREET
2688 4470 140 26 OXFORD
2904 4447 3 34 '

1265 168 117 86 B.
1489 171 129 86 H.
1679 165 516 92 PARISH

1456 318 195 58 EAST
1700 318 327 61 OXFORD

1524 424 30 10 -<b»
1563 424 65 12 >U)"iD'
1637 425 25 11 iu'
1672 423 314 16 •iii"uiftrti-'ii,.-«i»f<i»»'-iiF'«ni"/«M'

1192 472 370 87 Record
1646 475 346 107 -Reign
2072 473 261 86 Suits

1354 623 338 50 ENORMOUS
1753 623 390 50 REDUCTIONS

1175 726 429 115 Kaiapoi
1658 729 354 87 Tweed
2072 729 260 85 Suits

1175 883 457 86 Reduced
1683 891 102 81 to
1829 887 174 84 21s
2129 887 161 85 6d.

1448 1044 321 84 worth
1862 1047 193 85 30s.

1173 1199 433 117 Kaiapoi
1660 1206 289 86 Coats
2015 1204 161 87 10s
2206 1203 122 88 6d

1173 1358 558 88 Trousers'&
1736 1361 247 86 Vest
2017 1362 164 82 10s
2208 1361 118 83 6d

1170 1512 224 32 Christchurch
1416 1514 126 31 Houses
1571 1515 154 30 advertise
1748 1525 18 20 a
1788 1514 100 40 single
1917 1519 143 36 garment
2090 1518 33 27 at
2159 1514 152 31 wholesal

1233 1564 75 32 Cost
1322 1564 17 31 I
1354 1565 55 31 sell
1425 1577 18 19 a
1458 1566 100 40 single
1574 1570 143 36 garment
1732 1571 32 25 at
1779 1566 100 31 LESS
1895 1567 73 30 than
1986 1566 184 31 Wholesale
2186 1566 78 31 Cost

1171 1648 540 86 American
1851 1646 480 87 Leathers

1169 1806 123 83 Is.
1348 1832 181 85 per
1571 1804 163 114 yd.
1782 1803 313 87 worth
2137 1806 101 84 Is
2266 1804 62 89 7

1167 1958 227 33 Christchurch
1409 1961 112 31 houses
1538 1961 154 30 advertise
1713 1972 18 18 a
1754 1961 102 39 single
1881 1961 78 40 yard
1989 1964 33 26 at
2051 1961 165 29 wholesale
2248 1961 83 38 price

1311 2012 15 30 I
1338 2013 56 29 sell
1409 2023 19 19 a
1444 2013 106 39 Single
1565 2013 77 40 yard
1658 2017 33 25 at
1707 2012 101 31 LESS
1826 2013 75 29 than
1916 2012 174 31 Wholesale
2106 2013 84 30 Cost.

1169 2140 232 84 This
1442 2140 269 84 beats
1749 2142 172 83 the
1970 2139 354 85 travel-

1399 2275 221 110 ling
1669 2277 446 110 Drapers.

1597 2408 322 15 HV\\\V\\\\\\\V\\\\\\l

1164 2452 81 41 rpHE
1264 2453 116 31 question
1390 2452 23 25 is
1424 2453 100 24 natural
1524 2467 35 4 —
1663 2453 61 25 send
1740 2455 26 23 to
1778 2453 179 26 Christchurch
1977 2455 39 25 for
2034 2465 62 23 your
2114 2458 130 34 Drapery?
2279 2462 52 24 The

1173 2478 18 32 1
1229 2486 103 31 drapery
1344 2486 54 24 sold
1407 2486 25 23 in
1442 2486 56 24 that
1510 2486 51 31 city
1573 2494 73 23 every
1658 2494 46 17 one
1716 2487 95 29 knows,
1824 2488 22 24 is
1858 2490 45 22 not
1914 2489 73 24 made
1999 2490 77 29 there,
2095 2490 46 26 but
2152 2493 130 32 imported.
2317 2496 14 23 I

1168 2521 85 29 mport
1265 2519 65 25 from
1343 2519 43 24 the
1398 2518 53 25 best
1463 2519 108 32 English
1584 2519 50 25 and
1644 2519 97 25 .Scotch
1754 2520 101 25 houses.
1902 2521 72 25 lam
1986 2523 105 25 enabled
2103 2527 25 23 to
2140 2529 123 27 purchase
2282 2528 48 25 low

1166 2552 51 24 and
1226 2552 46 25 sell
1284 2554 26 22 at
1319 2560 16 16 a
1346 2554 53 22 rate
1411 2552 27 23 of
1447 2552 75 31 profit
1535 2552 54 33 (my
1601 2560 120 23 expenses
1733 2552 72 32 being
1817 2554 82 32 small)
1912 2554 57 25 that
2074 2556 30 27 be
2123 2560 145 25 considered
2288 2562 42 24 ab-

1166 2585 58 25 surd
1237 2585 31 32 by
1285 2593 48 24 any
1354 2585 180 25 Christchurch
1557 2585 201 25 establishment.
1812 2587 44 31 My
1878 2587 77 25 Stock
1974 2589 21 23 is
2015 2589 43 25 the
2077 2590 95 33 largest
2190 2594 51 24 and
2263 2597 68 23 most

1166 2619 84 25 varied
1269 2618 58 26 that
1337 2618 45 25 has
1394 2626 57 17 ever
1462 2619 63 24 been
1536 2618 88 25 shown
1634 2618 28 25 in
1674 2618 43 26 the
1728 2619 105 31 district,
1847 2620 50 25 and
1909 2620 38 26 for
1957 2622 93 32 quality
2070 2625 50 25 and
2139 2625 72 27 value
2229 2630 59 29 puts
2304 2629 26 24 in

1167 2653 30 25 he
1209 2652 79 26 shade
1305 2652 77 33 goods
1394 2652 92 25 offered
1491 2652 39 32 -by
1542 2652 104 32 visiting
1657 2653 116 26 hawkers
1787 2655 61 24 from
1861 2654 44 25 the
1923 2655 182 28 Christchureh
2117 2667 46 25 rag
2175 2664 88 22 marts.

1200 2707 94 25 Dress
1307 2707 165 31 Materials,
1485 2707 88 25 Plain
1585 2708 60 25 and
1655 2707 104 32 Fancy
1771 2709 79 24 from

1201 2765 26 25 A
1244 2764 110 30 Strong
1371 2765 88 25 Stout
1475 2765 134 24 Durable
1627 2765 127 30 Kaiapoi
1770 2766 114 25 Tweed
1901 2767 51 31 2/6
1964 2774 56 24 per
2030 2771 77 28 yard

1801 2808 108 26 Makes
1922 2811 156 25 first-class
2095 2812 92 33 Boys'
2206 2815 91 26 Suits.

1201 2858 57 25 Art
1275 2857 140 31 Muslins,
1435 2855 156 35 Cretones,
1611 2857 80 26 Lace
1709 2858 139 25 Curtains
1867 2859 54 24 &c.

1200 2924 26 29 A
1244 2922 110 25 Choice
1373 2921 167 26 Collection
1558 2923 33 24 of
1606 2923 121 31 Gloves,
1755 2923 77 31 Ties,
1862 2924 130 34 Aprons,
2023 2927 167 29 Insertions
2208 2932 55 25 &c.

1399 2998 581 17 »♦♦♦♦♦♦♦♦♦♦♦♦♦♦♦»♦♦♦♦♦♦♦♦♦♦»♦♦♦♦»♦♦»»»»♦•♦

1201 3054 102 26 Prints
1315 3053 80 25 from
1407 3053 52 25 4d.
1472 3058 55 25 per
1538 3053 85 30 yard.
1637 3052 139 31 Muslins,
1790 3052 139 31 Selesias,
1943 3052 127 31 Calicos,
2084 3052 55 24 &c.

1789 3095 87 26 With,
1893 3096 89 24 other
1999 3095 194 25 Manchester
2210 3097 87 29 lines.

1201 3149 88 31 Hats,
1308 3149 103 30 Fancy
1428 3148 61 24 and
1506 3147 107 31 Sailor,
1631 3148 32 24 in
1679 3147 105 25 White
1802 3147 60 24 and
1879 3146 117 26 Colors.

1747 3191 127 25 Newest
1890 3190 125 32 Shapes.
2050 3190 97 30 Large
2164 3191 134 33 Variety,

1200 3246 150 30 Flowers,
1368 3245 156 29 Feathers,
1542 3243 149 31 Ribbons,
1710 3242 106 32 Laces,
1835 3242 76 31 Jets,
1931 3242 54 25 &c.

1675 3283 88 24 With
1780 3284 42 23 all
1838 3283 185 23 necessaries
2041 3281 47 24 for
2105 3281 192 31 Trimmings.

1199 3334 104 31 Fancy
1319 3333 141 30 Frillings
1479 3334 78 29 3yds
1569 3333 47 24 for
1625 3332 37 32 1/-
1680 3332 103 25 worth
1794 3331 50 30 9d,
1862 3335 56 26 per
1928 3331 85 29 yard,

1740 3374 183 31 Umbrellas,
1942 3374 153 31 Parasols,
2113 3374 185 33 Sunshades,

1489 3427 244 43 DOUBLE
1794 3427 214 42 WIDTH

1230 3594 294 87 Dress
1601 3591 396 86 Tweeds
2109 3592 101 85 Is

1474 3725 330 89 worth
1876 3727 135 85 2s.

1251 3857 460 89 Costume
1776 3850 287 87 Cloth
2144 3856 131 86 15...

1411 3978 313 90 worth
1764 3981 103 83 Is
1932 3978 160 86 6d.

1454 4115 188 14 lW»»«f
1645 4112 198 15 »«««»»»»«»

1402 4153 675 51 Blankets

1168 4236 133 41 English
1316 4235 127 40 Witney
1453 4233 148 30 Blankets
1616 4235 33 27 to
1665 4231 38 30 be
1717 4229 68 32 sold
1800 4234 32 25 at
1843 4231 59 29 less
1910 4230 78 31 than
2001 4229 181 35 Melbourne
2196 4234 129 32 Whole-

1169 4290 63 30 sale
1254 4289 85 40 price
1340 4306 42 3 —
1382 4286 121 30 Double
1518 4285 70 30 Bed
1604 4283 69 32 Size
1696 4283 65 29 12s.
1787 4282 49 29 6d.
1853 4315 5 3 .
1888 4283 101 30 worth
2006 4283 66 31 16s.
2112 4285 49 30 6d.
2183 4296 57 29 per
2254 4289 70 38 pair

1335 4329 130 38 cheaper
1479 4327 78 29 than
1572 4323 225 33 Christchurch
1811 4323 112 31 houses
1938 4324 65 30 will
2017 4325 57 30 sell
2089 4325 94 31 them.

1211 4430 70 31 R.
1331 4429 76 32 M.
1455 4426 296 33 PARISH
1830 4423 155 36 East
2020 4426 258 38 Oxford.

599 148 179 35 KAIAPOI
814 153 153 33 TWEED
991 158 130 33 SUITS.

830 235 65 30 21s.

615 350 3 4 .
684 320 147 32 STRAW
854 322 147 33 HATS!!
1027 327 33 30 ]s

773 411 144 31 STRAW
933 414 166 33 HATS!!!

760 493 96 25 HALF
874 494 112 26 PRICE.

602 545 84 25 JUST
698 549 26 21 to
736 546 69 25 hand
806 562 31 4 —
840 548 48 24 late
901 549 37 24 for
956 550 43 24 the
1009 559 94 22 season,
1117 557 25 20 to

601 577 29 25 be
652 580 53 22 sold
728 583 26 19 at
781 581 160 30 half-price—
943 582 91 25 Ladies
1063 586 79 24 Saiolr

600 610 66 25 Hats
680 616 25 20 at
719 613 36 24 Is.
792 614 78 24 worth
886 616 37 23 2s.
961 616 81 26 Men's
1077 619 54 31 Lcg

600 644 61 25 ho.n
671 646 73 24 Hats.
780 647 74 32 Boy'*
866 647 105 27 Boaters
986 654 25 21 at
1020 653 35 23 Is.
1065 654 76 23 worth

600 678 37 23 2s.

908 731 233 28 ALL-WOOL

819 802 117 26 WHITE

625 872 212 50 KAIAPOI
863 875 250 52 BLANKETS

699 959 81 46 19s
813 962 60 44 6d
915 963 133 47 Pair.

642 1071 73 20 BEST
731 1072 103 21 VALUE
853 1075 83 20 EVER
950 1077 136 21 OFF£EED

743 1116 31 23 B.
793 1115 80 34 E.^P
872 1118 121 25 ARISE.

730 1183 101 33 Easfe
856 1185 160 33 Oxford

603 1277 192 550 §
847 1500 262 48 YOUTHS'

876 1599 65 35 All
974 1601 103 36 Wool

806 1681 178 27 COLONIAL
1011 1686 129 25 TWEED

850 1756 218 37 SUITS

847 1872 34 21 *.

634 1931 117 33 BOI'3
785 1936 307 34 DEPARTMENT.

660 2037 69 33 \*W
779 2032 21 41 T
816 2039 56 17 now
882 2036 118 23 continue
1013 2039 23 20 to
1049 2037 87 24 devote

623 2067 121 39 /s=>&>.
778 2059 21 30 A
837 2065 99 32 Special
955 2068 131 25 Attention
1110 2074 26 21 to

599 2093 158 49 /jftdbftuk
776 2098 51 25 this
843 2098 172 34 Department,
1029 2104 49 22 and
1097 2112 38 16 am

597 2139 167 53 \Sgyy
821 2159 72 21 NOW
922 2161 158 22 OFFEMNG

635 2217 12 54 /
663 2217 27 54 A
717 2239 16 32 I
858 2234 105 20 TLARG-E
978 2236 75 21 LINE

640 2309 28 26 kl
693 2307 29 39 |f
830 2309 143 22 KNICKER
994 2311 86 22 SUITS

631 2331 171 51 JfJ!||p|at
817 2346 40 20 the
877 2345 117 26 following
1008 2345 128 21 SPECIAL

616 2375 125 33 «***\BF
741 2375 14 19 r:
778 2382 106 22 PRICES
896 2391 34 12 :—

651 2429 33 21 To
693 2429 28 21 fit
729 2429 61 26 Boys
800 2429 13 19 3
822 2427 73 20 Years
907 2425 34 27 5/6
971 2425 12 20 5
996 2425 73 20 Years
1084 2423 35 25 5/6

660 2471 11 16 _;
677 2471 8 3 -
820 2462 14 20 7
846 2461 73 20 Years
931 2459 36 20 5/6
987 2460 14 19 9
1023 2458 22 20 Y
1053 2464 42 14 ear
1115 2464 9 13 s

596 2521 86 39 Boys
705 2521 132 30 Blouses
872 2520 43 28 Is.
955 2518 60 34 6d.,
1036 2515 100 31 worth

805 2561 44 29 2s.
875 2559 48 35 6d,

610 2618 512 50 MJMES'.JAC-KSTS

702 2678 81 29 New
806 2676 79 30 This
908 2675 124 30 Season

600 2728 33 29 %s
656 2728 42 28 6d
741 2724 146 31 Reduced
903 2723 80 29 from
1042 2723 55 28 12s
1120 2721 18 29 6

595 2799 35 29 5s
674 2797 42 30 6d
858 2814 21 18 3i
961 2817 18 15 „
1002 2794 19 30 2
1043 2800 17 23 s

610 2873 239 29 MANCHESTER
867 2871 248 26 DEPARTMENT.

595 2921 118 36 Prints,
735 2919 115 31 checks
865 2918 62 30 and
950 2917 114 39 stripes

596 2975 97 31 Table
716 2972 162 36 Damasks,
902 2970 192 31 unbleached
1095 2986 37 5 —

739 3022 116 42 special
896 3022 92 31 value

594 3095 120 33 Brown
750 3091 139 32 Holland
924 3102 79 29 very
1040 3090 98 39 cheap

597 3146 194 31 Flannelette
807 3144 60 30 and
884 3142 151 39 Shirting,
1055 3141 81 40 good

679 3198 93 31 value
792 3196 80 31 from
894 3195 52 30 4d.

597 3250 95 31 Floor
714 3248 92 31 Cloth
827 3247 83 40 good
931 3250 33 26 at
987 3246 50 30 9d.

596 3302 91 31 Wide
710 3302 61 29 For
774 3301 49 29 far
845 3302 32 27 at
901 3299 49 29 6d.

726 3383 87 31 Must
826 3383 39 29 be
880 3381 130 31 cleared.

597 3460 120 28 Double
731 3458 100 30 width
848 3455 106 31 Check
969 3454 165 31 Costumes

760 3504 112 32 Tweed
903 3503 69 38 6Jd.

597 3589 118 30 Melton
738 3587 137 36 Tweeds,
898 3586 50 31 6d.
972 3596 56 30 per
1049 3585 88 41 yard.

597 3671 106 30 White
735 3670 154 30 Blankets
924 3668 44 31 7s.
997 3668 49 30 6d.
1083 3676 57 31 per

600 3727 77 38 pair.
736 3727 103 38 Large
875 3724 69 31 Size
975 3723 163 35 Blankets,

708 3772 61 29 10s.
795 3771 49 30 6d.
877 3780 58 29 per
955 3769 79 39 pair.

588 3847 2 3 .
599 3820 63 37 Boy
705 3820 83 30 Pilot
802 3818 129 31 Jackets
948 3818 35 29 6s
999 3817 48 30 6d.
1064 3816 75 31 each

739 3885 262 45 NOTICE.

589 3991 184 31 OXFORD
817 3987 189 32 LIBBARY
1047 3986 89 31 AND

691 4029 198 33 READING
910 4028 132 32 ROOM.

599 4115 54 23 The
682 4113 98 25 Oxford-
801 4111 106 31 Library
934 4111 23 24 is
983 4118 64 23 open
1069 4117 70 24 every

599 4157 113 31 Tuesday
724 4156 49 24 and
796 4155 122 31 Saturday
948 4153 97 31 nights,
1072 4153 67 24 from

600 4202 58 25 630
671 4207 69 24 p.m.,
762 4201 25 22 to
808 4199 15 23 8
835 4205 71 23 p.m.,
930 4196 50 25 and
1011 4203 34 18 on
1068 4203 72 25 every

599 4245 120 25 alternate
731 4240 132 31 Thursday
887 4240 139 28 afternoon,
1058 4238 82 34 (Sale-

599 4289 71 33 days)
693 4287 64 25 from
771 4285 60 24 280
842 4291 65 24 p.m..
924 4285 26 23 to
962 4285 14 23 5
988 4290 60 23 p.m.
1087 4282 52 25 The

628 4370 4 13 ;
791 4362 24 21 L.
834 4359 125 31 REEVES,

882 4414 61 24 Hon
954 4412 140 25 Librarian.

593 4483 9 21 i
620 4482 178 27 Sausc:upxios
824 4475 37 33 2/-
875 4482 51 17 per
947 4473 124 31 Quabth*

51 3162 172 24 JUVENILE
243 3163 157 24 DANCING
419 3163 117 24 CLASS.

26 3227 131 25 rWERY
172 3228 182 25 SATURDAY
369 3232 27 22 at
409 3231 13 22 2
436 3231 32 23 30

27 3253 35 32 Xh

242 3314 28 15 AT
301 3314 49 16 THK

96 3348 190 47 TOWN
316 3351 177 44 HALL

140 3427 107 30 EAST
271 3428 181 31 OXFORD.

185 3506 183 33 Commencing
385 3516 32 16 on

70 3556 227 30 SATURDAY
308 3558 107 29 JULY
438 3559 84 29 lOtb.

81 3615 51 24 For
148 3617 74 22 terms
235 3622 25 23 a\
267 3613 42 32 ply
321 3615 26 23 at
365 3615 43 24 the
420 3615 42 24 Ha
463 3616 4 10 1
471 3616 8 24 !
491 3624 29 16 or

167 3647 70 26 office
250 3654 24 17 oi
286 3646 51 25 this
349 3655 16 23 p
373 3656 59 22 iper.

72 3797 474 60 HOLBROOK

257 3887 70 21 AND

65 3933 466 63 VALLANOE

123 4073 124 26 TIMBER
276 4067 196 26 MERCHANTS

91 4111 205 38 COOPER'S
350 4107 156 32 CREEK;

322 4167 141 38 HILL,

28 4260 86 60 BEG
146 4267 11 15 c
184 4258 6 14 ;
195 4257 104 24 nthnate
319 4256 26 23 to
373 4253 45 25 the
441 4250 82 32 public
546 4248 28 26 of

81 4292 94 26 Oxford
190 4289 49 26 and
258 4287 169 29 surrounding
442 4283 127 29 Districts,

23 4328 56 26 that
91 4334 36 16 we
147 4325 65 23 have
235 4319 158 27 commenced
404 4316 120 26 Business
538 4323 26 16 as

23 4357 168 29 aaw-nrllers.
217 4354 51 25 and
289 4353 64 30 hop*
375 4351 33 31 by
436 4349 74 25 strict
528 4349 37 23 at-

25 4392 98 27 tention
132 4393 26 22 to
169 4389 93 25 Bunae
265 4395 5 9 ;
275 4394 12 17 s
303 4388 25 22 to
340 4385 30 24 be
381 4382 116 26 favoured
506 4381 60 25 with

26 4426 65 24 their
118 4423 110 30 support.
275 4419 84 24 White
382 4417 67 31 pine,
481 4415 86 28 Rimu,

25 4459 74 24 Birch
112 4455 50 25 and
174 4454 60 26 Coal
255 4453 38 30 pit
306 4459 72 24 props
390 4450 27 24 in
427 4456 49 23 any
488 4455 80 24 quan-

45 4494 44 29 jty-
