3490 4580
57 188 87 42 Song
158 189 33 31 of
205 189 50 32 his
270 201 58 21 son
351 191 157 37 Solomon,
540 191 56 31 but

56 231 53 30 the
133 234 96 29 worst
253 233 34 30 of
308 233 130 31 modern
467 233 129 31 authors

54 282 54 21 are
122 273 53 30 the
188 273 94 40 pinks
296 274 34 30 of
343 274 161 40 propriety
514 284 82 20 com-

52 313 99 41 pared
164 316 34 28 to
212 313 91 33 those
322 315 52 31 old
388 315 102 40 poetic
513 314 83 33 Jews

53 354 72 31 who
139 355 200 40 perpetrated
359 366 93 29 every
466 356 130 41 villainy

53 395 102 29 under
169 396 54 30 the
240 405 67 21 sun.
351 397 164 34 However,
549 407 46 20 we

52 435 42 31 do
108 440 55 26 not
179 446 41 21 on
247 437 71 31 that
346 440 132 28 account
507 447 88 21 move

52 477 71 31 that
135 478 87 32 these
232 487 141 23 amorous
383 478 212 41 andreligious

53 518 150 32 effusions
226 520 37 30 be
297 521 188 30 withdrawn
513 521 82 29 from

52 558 222 33 Westminster
306 561 111 40 Abbey
452 562 64 29 and
536 571 59 20 our

54 601 92 30 other
160 603 160 30 churches.
376 604 50 29 On
440 602 54 31 the
524 612 70 21 con-

49 644 100 38 trary,
167 643 25 30 if
211 644 83 29 their
308 644 125 39 perusal
461 643 65 30 will
555 644 40 30 do

54 692 123 30 anyone
191 694 63 29 any
268 684 89 40 good,
374 685 43 39 by
431 684 42 29 all
490 694 106 20 means

52 723 46 30 let
113 725 110 40 people
236 724 74 31 read
328 725 95 30 them.
467 724 72 31 And
553 725 43 30 let

53 775 39 20 us
106 765 101 32 thank
217 765 68 32 God
300 765 71 32 that
384 766 26 30 it
423 766 28 31 is
460 766 136 40 possible

53 809 34 28 to
109 807 97 31 educe
235 807 81 40 good
337 808 83 31 from
441 808 54 30 the
524 807 71 37 evil,

54 848 63 29 and
139 852 33 25 to
188 849 88 39 paint
296 849 55 29 the
365 850 115 37 beauty
496 849 33 29 of
543 849 53 29 the

53 898 71 21 rose
139 890 60 29 and
214 889 54 31 the
280 889 147 31 fairness:
432 889 35 30 of
472 889 55 30 the
537 888 58 41 lily

53 930 83 31 from
151 930 52 31 the
224 931 113 29 ordure
352 931 34 29 of
409 931 55 29 the
485 930 108 30 stable.

54 1074 200 38 WAIMAKARIRI-ASHLEY
254 1074 343 38 WATER

171 1127 133 26 SUPPLY
351 1125 127 25 BOARD.

85 1177 54 25 The
150 1176 124 33 monthly'
285 1178 107 30 meeting
403 1176 28 24 of
450 1176 44 26 the
513 1175 80 25 above

52 1214 84 26 Board
148 1223 50 17 was
209 1215 57 24 held
278 1223 33 16 on
323 1214 129 30 Thursday
466 1213 54 24 9th.
533 1214 60 23 inst.

87 1247 112 28 Present,
217 1247 94 25 Messrs
322 1246 149 28 Dickinson,
489 1246 104 24 Horrell

53 1287 51 26 and
115 1287 92 26 Dixon.
243 1287 41 25 Mr
301 1287 139 26 Dickinson
450 1294 51 17 was
521 1285 72 26 voted

56 1329 27 23 to
113 1328 43 24 the
185 1327 82 25 Chair.
355 1338 4 3 •
379 1351 4 2 .
577 1336 2 16 ;

88 1367 100 25 Letters
223 1374 60 18 were
318 1366 59 25 read
409 1366 64 24 from
503 1366 91 24 Messrs

54 1405 158 25 O'Halloran
224 1405 51 25 and
297 1404 57 33 Hey
357 1404 68 25 wood
448 1404 145 31 expressing

53 1447 83 29 regret
165 1446 27 24 at
231 1446 106 24 absence
363 1444 109 30 through
499 1444 95 24 illness.

55 1482 84 25 Leave
150 1482 27 24 of
184 1482 106 24 absence
313 1490 47 16 was
377 1481 105 31 granted
494 1484 26 22 to
532 1481 62 24 both

56 1523 149 30 gentlemen,
224 1521 62 25 with
306 1521 82 25 whom
400 1521 130 31 sympathy
543 1528 50 17 was

55 1560 133 31 expressed
211 1560 27 24 at
260 1559 44 25 the
332 1566 75 18 cause
427 1559 26 25 of
481 1559 113 24 absence.

87 1600 111 25 Minutes
211 1599 27 24 of
252 1599 133 32 preceding
402 1599 112 31 meeting
530 1606 63 17 were

53 1640 59 25 read
124 1640 50 25 and
185 1639 142 26 confirmed.
362 1639 98 26 Letters
473 1640 54 25 out-
528 1639 65 26 ward

54 1680 48 24 and
120 1680 95 24 inward
238 1688 63 16 were
323 1680 68 24 read.

88 1719 112 25 Tenders
223 1727 64 17 were
313 1719 93 31 opened
429 1718 39 25 for
491 1718 48 25 No.
568 1719 25 23 4.

55 1758 126 30 Contract,
206 1758 117 32 Cooper's
341 1757 85 30 Creek,
457 1757 45 26 but
525 1765 68 24 upon

57 1798 184 25 consideration
263 1799 21 24 it
306 1805 50 18 was
380 1798 101 25 decided
503 1799 27 24 to
555 1798 38 24 in-

58 1837 79 24 struct
149 1835 44 26 the
215 1835 128 33 Engineer
361 1840 26 21 to
410 1837 41 23 cut
462 1835 44 26 the
527 1835 65 25 Con-

54 1878 66 23 tract
146 1877 54 24 into
229 1876 147 25 convenient
403 1875 110 26 sections
542 1875 51 25 and

54 1917 159 23 re-advertise
240 1924 74 16 same.

89 1957 40 25 Mr
146 1957 26 25 S.
191 1957 99 24 Horrell
316 1964 51 17 was
401 1955 143 26 authorised
567 1958 25 22 to

55 1997 55 31 sign
122 1997 107 31 cheques
251 1996 90 32 passed
363 1996 37 24 for
412 1997 126 31 payment,
565 1995 27 25 m

54 2036 45 25 the
110 2037 101 24 absence
234 2036 27 25 of
281 2036 45 25 the
355 2035 135 26 Chairman
502 2036 42 24 Mr
562 2034 29 26 0'

56 2074 130 24 Halloran.

88 2115 53 24 The
168 2114 127 33 following
322 2122 114 24 progress
463 2115 130 30 payments

56 2162 33 18 on
118 2155 132 25 Contracts
276 2162 65 18 were
366 2155 82 24 made.
489 2154 104 31 Gundry

56 2195 79 25 £150.
172 2195 32 25 D.
217 2194 73 32 Long
301 2195 61 25 £40.
389 2194 25 25 J.
428 2194 40 25 W.
482 2193 111 25 Thomas

55 2234 64 22 £30.
155 2232 41 25 Mr
219 2232 97 31 George
339 2232 71 34 Ryde
433 2232 160 24 interviewed

53 2270 44 25 the
120 2270 84 25 Board
228 2270 27 25 m
281 2270 123 26 reference
427 2272 27 22 to
477 2269 115 32 Cooper's

54 2309 85 30 Creek,
158 2310 49 24 end
229 2310 79 24 flume
332 2310 120 31 crossing,
481 2308 46 25 but
548 2308 45 25 the

52 2350 186 25 consideration
259 2350 26 24 of
305 2349 44 25 the
369 2351 93 23 matter
482 2357 52 17 was
551 2348 40 26 de-

52 2389 89 26 ferred.
577 2406 5 3 •

85 2430 70 25 After
177 2430 99 25 routine
287 2430 116 25 business
426 2429 43 26 the
481 2429 112 32 meeting

51 2468 156 25 terminated.

117 2631 132 25 OXFORD
279 2632 94 24 ROAD
397 2632 126 24 BOARD.

83 2711 59 25 This
171 2712 83 25 Board
289 2712 59 26 held
382 2713 67 25 their
477 2714 114 32 ordinary

49 2756 112 32 meeting
184 2765 32 17 on
238 2757 44 26 7tli
315 2757 61 26 inst.
423 2757 105 26 Present
550 2757 42 25 Mr

49 2799 77 26 Thos.
145 2801 79 25 Haale
257 2801 140 26 Chairman
423 2801 51 25 and
496 2802 94 25 Messrs

51 2842 111 32 Bassett,
182 2844 116 30 Hawker,
317 2845 50 25 and
389 2844 102 26 Stubbs.
572 2858 2 4 ■

83 2886 112 26 Minutes
208 2887 27 25 of
252 2888 50 24 last
325 2888 110 31 meeting
457 2895 63 18 were
531 2888 59 25 read

49 2930 50 24 and
120 2930 146 25 confirmed.

82 2973 25 25 It
119 2981 51 17 was
182 2974 112 25 resolved
315 2974 57 25 that
383 2974 40 25 Mr
436 2974 153 25 O'Halloran

49 3015 30 26 be
90 3017 73 32 given
175 3016 145 33 permission
341 3019 27 24 to
379 3017 71 25 fence
462 3018 74 31 along
546 3018 43 25 the

49 3058 70 27 Main
147 3060 79 24 Drain
250 3061 50 24 and
323 3062 66 24 erect
412 3062 70 31 gates
506 3061 82 25 where

48 3104 123 32 required,
190 3103 54 26 said
256 3106 71 30 gates
339 3106 26 23 to
385 3104 31 25 be
432 3105 97 25 erected
540 3105 50 24 and

49 3147 153 26 maintained
231 3148 27 25 m
292 3148 151 26 accordance
464 3148 61 26 with
548 3148 43 25 the

49 3190 56 27 Act.

86 3235 73 26 Clerk
186 3235 115 32 reported
335 3236 56 26 that
419 3244 33 17 an
479 3236 112 26 accident

50 3279 52 25 had
127 3279 111 29 occured,
269 3281 27 23 at
313 3287 16 17 a
346 3280 94 25 culvert
468 3288 61 17 near
552 3280 41 25 Mr

53 3322 140 33 Comyns's,
224 3322 77 27 Clerk,
319 3331 51 18 was
393 3323 146 26 authorised
567 3325 26 24 to

54 3367 79 30 repair
165 3368 27 23 it.

87 3409 55 24 The
164 3409 85 25 Board
268 3409 68 25 fixed
358 3409 43 25 the
426 3411 49 30 dog
495 3412 45 22 tax
556 3409 39 26 for

54 3452 43 25 the
112 3452 101 32 coming
223 3460 59 24 year
304 3454 27 24 at
350 3455 38 24 7s.
405 3454 42 25 6d.
464 3453 40 25 for
515 3453 79 32 sheep

55 3496 49 24 and
118 3496 75 25 cattle
204 3496 57 32 dog,
279 3496 72 25 other
371 3496 74 26 kinds
456 3499 27 23 at
506 3498 37 25 Bs.
560 3505 35 24 up

54 3540 28 24 to
94 3539 87 25 March
194 3540 41 28 31,
256 3539 50 25 and
319 3541 53 25 10s.
385 3540 64 26 after
459 3538 58 28 that
528 3540 66 26 date.

89 3582 225 33 Correspondence,

89 3626 41 25 Mr
169 3626 71 25 Dorn
297 3627 91 25 waited
435 3635 67 25 upon
553 3628 44 26 the

47 3669 84 25 Board
148 3669 27 24 m
195 3669 120 26 reference
337 3672 26 24 to
386 3672 194 31 compensation,

45 3713 42 23 for
98 3712 105 32 damage
225 3712 63 26 done
309 3714 26 24 to
357 3713 74 27 horse
453 3715 51 25 and
526 3717 56 32 trap

49 3756 50 24 and
111 3756 42 24 the
165 3755 82 25 Board
259 3756 89 26 offered
363 3757 49 25 him
426 3757 56 26 £10
503 3759 81 26 which
599 3772 1 6 «

52 3806 56 17 was
127 3799 123 31 accepted.

90 3841 53 24 Mrs
170 3841 156 31 Fergurson.
337 3843 90 25 waited
454 3851 66 24 upon
549 3844 44 25 the

53 3883 85 26 Board
160 3883 26 25 m
210 3884 123 26 reference
350 3886 27 24 to
405 3887 190 31 compensation

51 3928 38 24 foi
101 3928 106 31 damage
228 3930 25 23 to
265 3928 46 26 her
330 3929 61 25 land
403 3930 30 32 by
445 3930 45 26 the
508 3931 87 26 Water

54 3971 69 25 Race
144 3971 51 25 and
216 3971 90 32 agreed
334 3974 26 23 to
383 3976 85 30 accept
490 3974 54 25 £80
566 3975 28 25 m

54 4015 27 23 m
94 4013 47 26 full
164 4013 163 28 satisfaction.

88 4058 131 28 Resolved,
249 4058 56 25 that
329 4059 42 25 the
405 4060 124 26 diversion
568 4060 26 26 of

51 4101 134 25 Pearson's
209 4100 69 26 Road
297 4101 32 26 be
350 4102 138 26 advertised
510 4104 27 24 m
549 4104 44 24 the

48 4144 75 26 Press
134 4144 150 32 Newspaper
308 4145 28 25 m
358 4146 150 27 accordance
530 4146 61 26 with

49 4187 43 25 the
107 4187 51 24 Act.
577 4189 2 24 :

86 4231 41 24 Mr
138 4230 109 25 Thomas
265 4231 158 26 interviewed
442 4232 43 25 the
508 4232 83 25 Board

52 4274 50 25 and
115 4273 76 26 asked
202 4272 38 26 for
250 4274 132 26 remission
394 4283 30 17 on
437 4275 45 26 the
492 4275 55 25 hire
565 4276 28 24 of

51 4318 44 25 the
104 4317 54 25 Pile
169 4317 96 31 engine,
278 4325 27 17 as
316 4318 21 25 it
348 4326 50 17 was
409 4320 45 24 not
462 4318 28 26 m
510 4318 80 26 work-

50 4360 57 25 able
119 4359 127 26 condition
266 4359 53 25 and
343 4360 33 25 he
401 4361 52 24 had
470 4368 71 24 gone,
562 4363 27 22 to

52 4410 67 18 »om€
149 4409 107 25 expense
283 4401 27 25 m
320 4405 5 4 '
339 4403 124 31 repairing
472 4403 29 25 it.
548 4401 42 26 Mir

50 4445 110 26 Thomas
171 4445 54 26 also
243 4445 73 25 made
333 4453 32 17 an
378 4446 149 32 application
550 4445 39 29 fpr

49 4488 45 26 the
106 4488 52 25 hire
169 4488 26 26 of
206 4487 44 26 the
273 4488 74 25 small
370 4489 117 32 Monkey,
535 4488 54 25 The

616 186 2 34 !
626 189 84 27 Board
718 199 63 18 were
797 192 95 34 willing
903 195 28 25 to
941 193 35 27 let
992 195 41 25 Mr
1052 195 112 26 Thomas

625 234 44 27 the
692 235 75 26 small
784 235 110 35 Monkey
921 238 117 33 provided
1065 238 33 26 he
1114 239 49 26 dis-

624 278 105 32 charged
740 278 41 26 his
790 280 92 26 former
892 281 106 34 liability
1009 283 38 25 for
1058 283 44 25 the
1110 283 54 25 hire

624 322 27 24 of
662 321 44 27 the
717 322 69 33 large
797 323 108 33 Engine,
929 325 51 25 and
1002 326 115 25 returned
1129 326 35 25 all

624 365 72 26 other
703 368 117 30 property
827 369 27 24 to
865 368 41 25 the
918 368 82 26 Board
1009 369 28 26 of
1044 369 79 26 which
1130 369 33 26 he

623 408 22 25 is
652 409 25 24 m
684 410 147 30 possession.
884 433 61 3 ......
1141 414 20 25 ■}'

656 452 22 25 A
708 451 87 27 Letter
816 461 51 18 was
895 455 111 25 received
1033 455 62 26 from
1110 477 7 8 ,
1119 456 48 26 the.

623 495 137 27 Chairman
784 497 25 25 of
831 498 42 25 the
896 498 150 27 Woodstock
1070 499 91 26 School

623 538 71 25 Com.
712 539 90 33 asking
830 541 83 24 Board
939 543 26 23 to
999 543 125 24 construct

623 581 90 33 Bridge
725 590 59 19 over
795 583 70 27 View
874 584 56 27 Hill
937 586 80 26 creek.
1030 585 130 27 Consider-

623 626 70 25 ation
704 625 117 26 deferred.

657 670 45 24 Re.
710 670 95 31 repairs
814 671 26 25 to
847 671 80 25 Drain
939 671 93 32 Bridge
1040 679 33 17 on
1081 672 79 25 boun-

623 713 61 32 dary
694 713 70 25 toad.
812 713 53 25 The
894 713 84 26 Board
1005 714 113 25 deferred
1139 714 21 25 it

623 755 67 27 until
702 755 43 26 the
758 757 122 32 Surveyor
891 756 50 26 had
952 757 124 32 reported.

656 800 77 25 From
745 800 41 24 Mr
798 800 180 33 Wotherspooß
990 800 170 33 complaining

623 840 28 25 of
661 840 44 25 the
716 841 119 30 stoppage
846 840 27 23 of
882 840 43 24 the
933 840 88 25 Water
1028 848 64 17 race.

657 877 117 32 Clearing
790 877 87 26 Water
905 878 87 25 Races.
1038 877 122 26 Resolved

623 916 57 27 that
692 917 44 25 the
747 915 123 34 penalties
879 918 97 31 against
995 917 165 27 Contractor's

624 960 30 25 be
664 960 90 32 rigidly
765 960 123 25 enforced.

657 1003 53 25 The
721 1003 110 33 Railway
844 1004 88 25 Drain.
967 1004 75 26 From
1063 1004 30 26 P.
1109 1004 50 26 Me.

624 1047 78 25 Clean
718 1047 108 25 resident
851 1047 128 32 Engineer
1001 1047 159 33 repudiating

624 1098 46 23 anj
684 1089 185 31 responsibility
886 1089 29 25 m
936 1089 125 26 reference
1073 1092 25 23 to
1116 1090 44 25 the

624 1127 79 25 drain.
754 1126 124 26 Resolved
889 1127 55 25 that
954 1127 83 25 notice
1048 1127 30 25 be
1087 1128 73 31 given

624 1172 26 23 to
663 1170 42 25 the
717 1169 114 25 Minister
843 1169 28 25 of
885 1169 94 26 Justice
990 1171 27 24 to
1040 1170 65 25 clear
1117 1170 43 25 the

623 1221 72 23 gorse
713 1212 116 32 adjacent
849 1214 26 24 to
898 1213 99 26 Poliece
1018 1213 106 26 Station.

657 1248 55 27 The
732 1250 188 32 poundkeepers
949 1252 84 30 report
1055 1251 39 25 for
1116 1251 44 25 the

624 1291 87 26 month
719 1291 93 31 ending
823 1291 61 25 Dec.
897 1292 66 25 81st.
976 1299 51 18 was
1038 1291 120 26 received.

657 1329 54 25 The
739 1329 127 32 following
899 1329 101 26 tenders
1028 1338 64 17 were
1120 1338 39 17 ac-

623 1369 95 32 cepted.

657 1409 47 25 No.
724 1410 57 24 589.
817 1409 138 33 Grubbing,
973 1409 33 30 R,
1021 1409 89 33 Henry
1122 1410 38 24 £4

624 1453 37 24 7s.
685 1450 42 25 Od.
741 1473 3 3 .
762 1452 58 24 591.
850 1450 93 32 Bridge
968 1449 72 33 High
1070 1450 89 30 Street,

624 1488 53 25 Geo
701 1487 83 26 Smith
811 1488 54 24 £41
884 1489 38 24 7r.
952 1487 41 26 Od.
1029 1487 76 26 Grass
1128 1496 33 16 on

625 1526 184 31 Sfcubbsßoad,
828 1527 26 25 J.
874 1527 152 25 Plachartch
1047 1529 52 24 10s.
1118 1527 41 25 Od.

656 1566 125 24 Accounts
793 1566 26 23 to
831 1564 44 25 the
887 1566 107 24 amount
1005 1565 27 25 of
1043 1566 52 24 £53
1108 1566 51 24 14s.

623 1603 41 25 Bd.
682 1610 63 17 were
755 1602 91 31 passed
868 1602 37 25 for
922 1604 119 30 payment
1058 1603 47 24 and
1117 1603 43 25 the

623 1640 82 27 Board
715 1640 145 33 adjourned.

655 1804 52 26 MR
735 1804 189 26 MEREDITH
955 1806 44 25 AT
1028 1806 99 26 WEST

817 1843 148 26 OXFORD.

654 1919 118 26 Towards
794 1919 44 26 the
865 1920 64 25 close
951 1920 26 25 of
999 1920 43 26 the
1064 1921 95 25 session

621 1968 15 17 a
647 1961 115 31 proposal
782 1968 53 18 was
850 1960 73 25 made
936 1963 26 23 to
982 1960 124 33 purchase
1117 1961 42 25 the

620 1999 114 26 business
748 2000 28 26 of
784 2001 42 25 the
838 2000 113 26 Colonial
962 2000 82 30 Bank,
1062 2001 39 26 for
1115 2000 44 27 the

620 2039 116 31 assigned
748 2046 88 17 reason
849 2039 26 24 of
885 2039 140 31 increasing
1036 2039 43 25 the
1090 2039 68 25 busi-

619 2084 56 17 ness
687 2076 26 25 of
723 2076 43 25 the
778 2076 76 25 Bank
864 2076 29 25 of
901 2076 33 25 N.
948 2076 30 25 Z.
1013 2077 56 24 The
1077 2077 81 24 build-

619 2117 57 32 ings
688 2116 27 25 of
724 2117 44 24 the
787 2116 112 25 Colonial
911 2116 75 25 Bank
1003 2118 27 23 to
1041 2116 31 26 be
1083 2117 75 24 taken

619 2162 59 18 over
689 2156 26 23 at
726 2154 65 26 book
802 2156 81 27 value,
897 2154 82 26 which
990 2162 50 18 was
1052 2155 104 28 absurd,

621 2193 48 24 and
689 2194 27 24 to
734 2192 55 33 give
809 2193 115 28 £78,000
944 2192 39 26 for
992 2192 44 25 the
1044 2193 114 31 goodwill

620 2233 27 23 of
667 2233 42 23 the
721 2232 116 24 business
849 2232 29 24 of
887 2233 43 23 the
942 2232 113 24 Colonial
1075 2232 82 24 Bank.

620 2272 14 24 I
653 2272 93 31 always
765 2272 53 25 had
837 2272 149 32 misgivings
1008 2272 75 24 about
1101 2280 56 24 sup-

619 2311 102 31 porting
739 2310 44 24 the
794 2310 138 31 bolstering
948 2318 34 23 up
994 2310 27 25 of
1030 2310 43 25 the
1084 2310 74 25 Bank

620 2348 27 26 of
656 2348 61 25 New
740 2347 112 26 Zealand
861 2355 6 23 ;
885 2347 46 27 but
942 2348 14 25 I
978 2348 74 26 could
1063 2350 44 24 not
1118 2356 40 18 see

621 2394 41 24 my
672 2394 53 24 way
736 2388 26 24 to
774 2388 101 31 support
885 2387 44 25 the
946 2387 123 31 purchase
1080 2387 28 25 of
1117 2386 41 27 the

621 2424 115 26 Colonial
755 2425 82 25 Bank.
872 2424 57 26 The
946 2424 115 33 goodwill
1078 2425 27 26 of
1114 2425 44 26 the

619 2463 114 25 business
744 2463 51 25 had
806 2470 34 18 no
851 2462 72 29 value
935 2462 58 31 and,
1014 2462 21 25 if
1043 2462 45 26 the
1099 2462 58 27 Col-

619 2501 68 27 onial
698 2500 72 26 Bank
781 2501 51 25 had
843 2501 63 25 been
918 2501 76 32 doing
1005 2510 15 16 a
1031 2501 65 32 good
1106 2500 51 27 and

619 2539 131 33 profitable
772 2539 123 29 business,
925 2540 21 24 it
968 2539 22 25 is
1012 2540 46 24 not
1075 2541 27 24 at
1124 2540 34 25 all

619 2580 76 31 likely
707 2579 56 25 that
782 2579 44 25 the
839 2579 72 25 Bank
930 2580 25 24 of
966 2579 62 25 New
1046 2580 112 24 Zealand

619 2617 83 25 would
720 2617 64 25 hare
795 2616 64 26 been
883 2617 155 32 approached
1061 2619 26 23 to
1099 2626 58 23 pur-

619 2657 75 25 chase
705 2656 50 33 [the
776 2656 53 27 Col.
852 2656 82 26 Bank.
953 2656 27 26 If
1000 2658 33 24 20
1055 2665 102 24 persons

619 2702 27 20 at
667 2699 99 30 present
789 2696 77 33 doing
896 2698 115 24 business
1031 2698 62 24 with
1113 2697 44 25 the

619 2735 115 26 Colonial
761 2735 82 29 Bank,
879 2737 27 24 at
934 2735 62 26 least
1023 2735 50 26 fire
1094 2735 63 26 from

618 2777 113 34 political
741 2785 103 19 reasons
856 2778 48 25 will
915 2779 45 25 not
972 2778 108 26 transfer
1092 2778 65 25 their

617 2819 115 25 business
755 2820 28 23 to
802 2818 45 25 the
867 2818 74 25 Bank
961 2818 27 25 of
1009 2818 32 24 N.
1055 2818 29 25 Z.
1107 2819 50 24 and

618 2857 105 25 another
733 2856 50 25 five
794 2856 51 25 will
856 2856 121 32 probably
999 2856 32 25 do
1042 2856 115 26 business

617 2896 63 26 with
699 2896 44 25 the
765 2896 72 25 other
848 2896 95 28 Banks,
967 2896 48 25 and
1036 2897 52 27 ten,
1114 2898 43 24 not

618 2934 44 26 the
673 2936 68 23 most
748 2933 131 33 profitable
890 2933 53 26 will
951 2941 32 25 go
994 2935 25 24 to
1028 2933 45 26 the
1084 2934 73 25 Bank

617 2974 28 25 of
654 2973 33 25 N.
701 2974 28 23 Z.
765 2973 55 25 The
841 2973 64 25 Got.
926 2973 92 24 should
1036 2974 46 25 not
1092 2974 65 25 have

618 3010 118 26 assumed
758 3010 45 25 the
832 3011 128 24 functions
983 3011 28 25 of
1030 3018 16 17 a
1068 3011 90 25 second

617 3053 55 23 rate
691 3050 114 32 Drapery
828 3050 199 27 Establishment
1046 3052 27 24 to
1092 3059 66 23 pur-

617 3089 75 26 chase
715 3089 49 24 and
776 3088 93 26 realize
892 3096 16 18 a
929 3088 129 33 bankrupt
1078 3088 79 26 stock.

619 3132 82 26 While
724 3131 14 25 I
750 3131 109 33 opposed
870 3131 44 26 the
936 3131 123 33 purchase
1071 3131 28 26 of
1115 3132 43 25 the

618 3171 75 27 Bank
714 3172 27 25 m
762 3171 44 26 the
831 3172 107 25 interest
962 3172 28 25 of
1004 3172 43 24 the
1070 3174 88 31 colony

618 3211 52 26 and
680 3211 63 24 from
751 3211 183 25 conscientious
945 3215 111 24 reason's;
1068 3211 16 24 I
1093 3213 65 23 trust

619 3251 44 25 the
678 3251 156 25 transaction
856 3251 52 25 will
928 3258 51 24 pan
1000 3253 45 23 out
1068 3253 26 23 to
1117 3248 41 28 the

619 3289 138 31 advantage
769 3289 28 25 of
806 3289 44 26 the
861 3290 97 30 colony.

653 3327 101 32 During
771 3327 44 25 the
827 3327 49 25 late
895 3335 83 17 recess
990 3327 171 25 Government

621 3367 38 27 set
684 3373 33 21 up
729 3374 15 16 a
767 3366 81 24 Tariff
866 3365 169 25 Commission
1049 3368 35 24 ;to
1103 3364 58 26 take

621 3410 125 29 evidence,
776 3409 87 25 collect
885 3408 163 25 information
1067 3408 50 24 and
1134 3411 27 22 to

621 3450 73 31 bring
710 3456 35 25 up
768 3456 15 18 a
802 3450 92 30 report,
919 3448 63 26 with
1004 3455 156 18 recommen-

622 3490 109 30 dations,
754 3489 39 26 ior
813 3496 15 18 a
851 3488 108 26 revision
971 3488 27 28 of
1019 3488 44 26 the
1082 3489 77 26 tariff.

623 3531 54 25 The
688 3529 163 27 commission
874 3529 74 32 spent
959 3536 15 18 a
995 3528 167 26 considerable

623 3569 63 26 time
697 3567 112 34 engaged
819 3568 28 24 m
866 3566 45 26 the
929 3567 113 32 enquiry,
1060 3567 102 32 visiting

623 3608 100 26 various
744 3608 68 31 parts
838 3606 28 26 of
906 3606 42 25 the
971 3606 102 32 Colony,
1113 3606 49 24 and

623 3646 110 32 brought
755 3653 33 24 up
817 3654 14 16 a
859 3644 86 26 rather
971 3644 78 32 bulky
1071 3646 91 30 report,

623 3686 97 31 costing
738 3685 39 25 for
793 3685 114 32 printing
929 3684 71 25 alone
1011 3685 19 24 £
1030 3684 59 30 400,
1112 3685 50 24 and

624 3724 43 25 the
678 3724 65 25 total
753 3724 55 25 cost
819 3723 26 26 of
868 3722 162 26 commission
1053 3730 52 17 was
1117 3723 43 28 £2,

624 3763 58 24 000.
700 3761 55 25 The
765 3761 163 25 commission
939 3761 74 24 made
1025 3768 15 17 a
1056 3759 106 26 number

623 3800 26 25 of
670 3798 248 30 recommendations,
957 3797 88 32 mostly
1067 3798 29 24 m
1118 3797 44 25 the

623 3838 118 24 direction
759 3836 28 26 of
795 3837 146 30 protection.
979 3836 23 23 A
1021 3836 141 24 wearisome

623 3874 50 26 and
700 3874 105 32 lengthy
840 3871 89 27 debate
957 3872 123 30 followed,
1119 3879 41 18 oc-

623 3912 108 33 cupying
750 3912 44 25 the
816 3912 62 25 time
901 3910 28 26 of
960 3910 44 26 the
1026 3910 87 26 House
1132 3912 30 24 .at

622 3961 69 17 some
702 3952 91 32 length
814 3950 62 27 with
899 3959 60 23 very
980 3950 65 25 little
1068 3950 94 25 benefit

622 3994 26 23 to
659 3990 44 26 the
725 3991 114 30 country,
858 3989 42 25 the
923 3989 98 25 various
1034 3988 127 31 question!

621 4031 27 25 of
656 4030 131 29 freetrade,
805 4029 140 33 protection
968 4028 48 25 and
1033 4027 46 24 fair
1091 4027 70 25 trade

620 4071 76 31 being
707 4069 137 26 discussed.
864 4069 35 24 As
911 4069 43 24 the
965 4067 89 31 result,
1067 4067 91 25 binder

620 4110 76 25 twine
718 4109 47 24 has
787 4109 64 24 been
877 4108 86 31 placed
986 4114 34 18 on
1043 4107 44 24 the
1109 4106 51 25 free

619 4150 52 29 list,
696 4149 100 30 fencing
815 4147 60 26 wire
899 4147 49 25 has
966 4146 64 26 been
1052 4146 108 25 reduced

620 4194 32 24 50
663 4199 49 25 p.c.
731 4191 52 25 Tea
794 4191 41 24 2d.
854 4198 16 17 a
888 4190 35 25 lb.
941 4189 84 26 Coffee
1037 4189 40 24 Id.
1091 4197 15 16 a
1125 4188 33 25 lb.

619 4229 75 26 while
704 4229 73 26 boots
795 4229 51 24 and
865 4228 74 25 shoes
958 4234 63 18 were
1031 4227 129 24 increased

618 4269 64 24 from
699 4268 33 24 20
755 4268 27 24 to
794 4267 55 30 22£
866 4274 50 24 p.c.
956 4265 27 26 If
1002 4273 38 18 we
1062 4265 49 25 add
1132 4266 28 24 to

619 4309 49 29 22£
679 4314 50 25 p.c.
741 4301 115 37 25£.p'c.
868 4307 40 24 for
930 4305 169 30 commissioni
1118 4312 40 18 ex-

617 4347 106 30 change,
741 4346 98 31 freight,
861 4346 133 24 insurance
1016 4344 50 25 and
1082 4344 77 31 profit

618 4392 36 17 we
677 4384 64 24 have
763 4385 34 23 35
820 4391 48 24 p.c.
896 4384 63 31 duty
979 4390 33 18 on
1036 4381 123 32 imported

617 4422 71 24 boots
710 4421 50 24 and
773 4422 81 28 shoes,
884 4420 121 33 perfectly
1017 4420 141 25 monstrous

617 4463 25 22 to
670 4459 70 32 place
764 4459 62 25 such
854 4465 28 18 a>
892 4458 62 33 duty
977 4460 41 23 on'
1031 4457 44 26 the
1098 4464 64 24 poor,

615 4498 88 33 people
724 4498 29 27 of
766 4498 45 26 the
822 4497 105 33 Colony.
956 4497 62 26 This
1034 4504 53 19 was
1097 4497 61 24 done

1193 194 62 25 with
1277 194 44 26 the
1343 194 63 27 view
1431 193 28 26 of
1490 193 169 34 encouraging
1690 194 43 27 the

1191 233 79 31 trade,
1300 233 51 25 and
1376 233 87 32 giving
1485 232 81 25 better
1585 240 92 27 wages.
1718 234 15 25 I

1192 283 51 18 was
1271 277 99 31 greatly
1401 275 173 32 disappointed
1604 276 63 25 with
1689 276 44 26 the

1190 316 80 25 result
1291 316 27 25 of
1329 316 43 25 the
1396 314 77 27 tariff.
1508 314 14 26 I
1544 315 118 32 expected
1673 323 58 18 con-

1191 353 122 26 siderable
1325 353 72 26 relief
1413 353 81 26 would
1505 353 64 25 have
1582 353 63 24 been
1657 354 73 31 given

1191 393 26 22 to
1228 391 44 25 the
1292 398 96 17 masses
1400 391 27 24 of
1447 390 45 25 the
1503 391 95 31 people,
1617 391 54 24 who
1681 398 51 25 pay

1190 430 114 25 taxation
1317 429 111 32 through
1438 429 45 25 the
1495 431 121 23 customs.
1650 430 27 24 If
1686 430 45 25 the

1386 467 49 25 had
1457 475 71 17 come
1549 468 70 25 down
1631 468 61 26 with
1714 476 15 18 a

1189 508 115 32 proposal
1331 509 26 24 to
1385 508 75 24 remit
1499 508 111 25 customs
1633 510 27 23 to
1685 508 43 26 the

1190 547 85 23 extent
1287 546 26 24 of
1324 546 130 28 £80,000,
1472 545 45 24 the
1539 545 86 24 House
1646 546 82 24 would

1183 586 89 31 ■gladly
1283 585 62 26 have
1356 584 135 33 supported
1511 585 62 25 such
1584 593 16 17 a
1611 585 116 32 proposal

1188 629 51 24 and
1266 628 64 26 Gov.
1359 628 85 25 would
1465 629 64 24 have
1558 628 106 25 merited
1685 628 44 25 the

1188 666 124 31 gratitude
1323 666 28 25 of
1360 666 43 24 the
1423 666 96 31 people,
1537 669 27 21 to
1574 666 75 25 make
1664 667 65 30 good

1188 705 42 24 the
1252 706 49 24 loss
1323 705 28 25 of
1370 713 115 17 revenue.
1520 704 28 25 If
1567 704 44 25 the
1619 707 105 30 country

1188 746 73 25 could
1270 747 46 23 not
1337 745 80 25 afford
1440 746 26 24 to
1488 745 53 25 lose
1551 744 29 30 it,
1606 744 45 26 the
1663 744 63 26 Gov.

1187 784 83 32 might
1292 784 65 25 have
1374 783 87 32 placed
1485 783 41 25 3d.
1546 791 16 18 a
1583 783 88 32 gallon
1693 790 34 18 on

1188 821 113 26 Colonial
1323 821 64 29 beer,
1405 821 52 25 this
1477 821 82 26 would
1576 821 66 27 have
1652 822 75 32 given

1188 859 123 30 £60,092;
1340 859 70 31 place
1433 866 15 17 a
1470 859 137 32 graduated
1626 861 45 22 tax
1692 866 34 17 on

1186 897 111 25 incomes
1320 896 49 26 and
1399 904 88 19 come..
1497 897 74 25 down
1572 916 16 13 v
1590 897 30 26 io
1655 896 71 26 £120

1188 935 61 25 with
1261 935 157 32 exemptions
1440 942 34 18 on
1496 935 122 28 incomes,
1644 934 83 26 would

1186 975 55 32 give
1261 975 105 25 another
1388 976 114 29 £20,000
1513 983 16 17 a
1550 983 68 24 year,
1635 975 29 25 m
1675 974 51 26 this

1188 1017 53 28 way
1252 1012 44 26 the
1306 1013 52 25 loss
1369 1013 29 25 of
1407 1009 115 33 £80/000
1529 1012 73 26 could
1612 1014 31 24 be
1654 1012 73 26 made

1187 1057 74 31 good.
1290 1056 145 27 Connected
1446 1057 61 24 with
1518 1056 45 26 the
1574 1056 68 26 tariff
1651 1056 23 25 is
1685 1056 42 26 the

1187 1096 116 31 question
1314 1095 28 25 of
1351 1095 72 25 trade
1435 1095 51 24 and
1497 1103 148 17 commerce.
1675 1094 52 26 The

1187 1133 136 25 industries
1334 1133 28 25 m
1384 1131 46 26 the
1449 1132 96 31 Colony
1554 1136 3 17 ;
1568 1140 42 16 are
1628 1132 102 32 making

1187 1172 69 31 rapid
1267 1178 115 25 progress
1392 1171 29 24 m
1440 1170 117 32 quantity
1569 1170 51 25 and
1630 1170 98 32 quality

1188 1211 27 24 of
1223 1211 194 25 manufactures.
1461 1210 53 25 The
1533 1210 104 32 imports
1649 1217 42 18 are
1711 1217 16 17 a

1188 1247 164 32 diminishing
1363 1247 125 33 quantity.
1513 1249 31 24 16
1553 1254 73 25 years
1637 1255 48 24 ago
1694 1249 33 23 80

1181 1282 2 8 '
1186 1296 50 25 p.c.
1248 1288 28 26 of
1296 1287 72 27 boots
1391 1287 51 26 and
1465 1287 73 26 shoes
1560 1294 69 19 worn
1644 1287 26 25 m
1684 1287 43 26 the

1188 1327 97 31 Colony
1296 1334 62 17 were
1377 1326 131 32 imported,
1521 1333 56 18 now
1590 1327 31 24 80
1632 1334 41 24 p.c
1685 1334 42 17 are

1187 1367 74 24 made
1271 1366 26 24 m
1309 1366 44 25 the
1376 1365 104 33 Colony,
1493 1365 51 25 and
1555 1366 60 31 only
1627 1367 32 24 20
1678 1373 49 24 p.c.

1188 1405 132 33 imported.
1355 1405 33 26 In
1400 1414 15 17 a
1431 1405 46 26 few
1495 1413 72 25 years
1591 1413 69 18 more
1682 1405 45 26 the

1189 1447 111 31 superior
1321 1446 91 32 locally
1423 1445 74 26 made
1520 1445 89 26 article
1620 1445 53 26 will
1685 1445 44 26 ab-

1189 1484 107 32 solutely
1307 1484 60 26 shut
1378 1485 45 24 out
1435 1483 43 25 the
1495 1483 126 31 imported
1632 1482 95 26 article.

1189 1527 61 25 This
1272 1527 51 25 will
1334 1527 31 24 be
1387 1526 110 31 brought
1507 1525 77 25 about
1595 1525 33 32 by
1639 1533 89 17 causes

1188 1565 71 25 othe*
1270 1565 62 25 than
1353 1564 148 31 protection.
1536 1563 80 32 Many
1626 1570 103 25 persons

1188 1605 89 25 labour
1298 1604 81 24 under
1401 1604 44 24 the
1463 1603 113 25 delusion
1598 1602 57 25 that
1665 1602 64 32 high

1188 1644 94 32 import
1301 1642 82 26 duties
1395 1650 43 18 are
1449 1640 44 27 the
1515 1649 110 24 panacea
1636 1641 39 25 for
1685 1642 44 24 the

1188 1681 174 33 unemployed,
1386 1680 113 26 whereas
1521 1680 45 25 the
1587 1687 98 18 reverse
1706 1680 23 24 is

1188 1720 45 26 the
1254 1727 66 21 case,
1337 1718 133 27 whenever
1492 1718 72 26 there
1586 1719 23 24 is
1629 1726 15 18 a
1666 1718 64 32 high

1189 1760 70 26 tariff
1268 1760 68 25 there
1359 1767 43 18 are
1425 1766 57 19 men
1505 1761 44 24 out
1572 1758 27 27 af
1617 1758 112 33 employ-

1188 1800 71 24 ment
1271 1799 49 24 and
1339 1805 82 25 wages
1506 1798 76 25 low.-
1593 1798 68 24 Such
1677 1797 47 25 has

1189 1837 63 25 been
1263 1836 43 26 the
1318 1844 58 18 case
1391 1837 28 24 m
1431 1836 44 25 the
1498 1835 95 29 United
1607 1835 84 27 States
1703 1836 28 25 of

1189 1875 121 30 America,
1339 1874 51 25 and
1412 1874 44 25 the
1475 1873 184 33 neighbouring
1671 1873 57 26 Col-

1188 1924 49 24 ony
1255 1915 27 24 of
1291 1913 121 30 Victoria,
1424 1914 28 24 m
1465 1915 74 28 1893,
1551 1913 112 33 reported
1673 1913 57 26 that

1188 1955 63 33 high
1264 1955 80 24 duties
1364 1962 66 17 were
1441 1978 3 2 .
1452 1954 167 29 detrimental
1642 1955 27 24 to
1680 1953 48 25 for-

1188 1996 60 32 eign
1259 1995 79 30 trade,
1358 1994 57 25 that
1426 1994 44 25 the
1481 1993 123 33 principal
1614 1993 115 26 business

1187 2036 94 24 houses
1300 2034 53 25 had
1362 2034 120 25 removed
1503 2036 28 23 to
1544 2033 110 33 Sydney,
1671 2033 58 26 that

1188 2081 56 17 men
1268 2080 64 18 were
1355 2073 45 24 out
1428 2072 28 24 of
1487 2072 169 32 employment
1678 2072 51 25 and

1188 2119 82 24 wages
1289 2110 57 26 low.
1389 2110 37 26 To
1447 2117 137 25 encourage
1605 2109 66 26 local
1689 2109 38 26 in-

1187 2150 119 30 dustries,
1324 2150 36 26 let
1378 2150 45 26 the
1433 2150 89 32 people
1541 2150 28 25 of
1577 2150 43 25 the
1633 2149 95 33 Colony

1187 2189 72 25 make
1271 2196 33 24 up
1316 2188 67 25 their
1393 2188 84 25 minds
1489 2190 26 23 to
1535 2195 65 18 wear
1617 2187 111 32 nothing

1187 2227 46 25 but
1253 2226 67 26 what
1332 2234 47 17 can
1391 2226 31 25 be
1433 2226 75 25 made
1527 2226 30 25 m
1567 2226 44 25 the
1624 2225 103 33 Colony,

1186 2265 51 24 this
1249 2264 84 25 would
1355 2264 33 25 do
1410 2272 69 17 more
1502 2265 27 24 to
1549 2264 56 32 give
1628 2272 34 17 an
1683 2264 46 24 im-

1186 2304 74 29 petus
1275 2305 26 22 to
1323 2301 45 26 the
1379 2301 136 26 industries
1538 2303 28 24 of
1576 2301 45 25 the
1633 2301 95 32 Colony

1186 2339 63 25 than
1260 2339 36 25 all
1304 2338 43 26 the
1356 2338 54 26 talk
1422 2338 76 26 about
1509 2338 152 33 protection.!
1674 2338 55 26 The

1188 2381 185 33 neighbouring
1396 2381 96 32 Colony
1521 2381 28 25 of
1713 2390 16 16 a

1186 2430 59 25 year
1264 2430 28 17 or
1313 2423 51 24 two
1386 2429 56 25 ago,
1464 2422 57 24 sent
1541 2428 16 18 a
1564 2421 162 25 commission

1186 2463 62 24 with
1255 2463 110 31 samples
1374 2461 28 26 of
1411 2469 16 17 a
1440 2461 70 32 large
1521 2461 106 25 number
1635 2461 28 25 of
1671 2468 56 25 pro-

1186 2503 73 25 ducts
1270 2501 103 27 natural
1395 2501 51 25 and
1459 2501 192 26 manufactured
1671 2508 56 25 pro-

1186 2542 80 25 duced
1271 2541 28 25 m
1306 2542 56 25 that
1369 2541 97 32 colony,
1475 2542 27 24 to
1510 2540 83 29 India,
1606 2540 121 31 Burmah,

1188 2581 102 33 Ceylon,
1308 2582 50 24 and
1381 2581 91 32 Japan,
1485 2580 63 26 with
1570 2579 45 27 the
1625 2581 62 25 view
1704 2580 27 25 of

1186 2622 111 31 creating
1318 2629 15 17 a
1344 2621 98 25 market
1464 2620 65 26 with
1548 2620 71 26 these
1641 2621 86 25 count-

1186 2661 49 26 ries
1264 2661 37 25 for
1323 2660 46 26 her
1404 2660 182 26 commodities.
1644 2660 26 24 If
1691 2667 38 19 we

1186 2702 93 24 cannot
1301 2700 80 26 afford
1404 2700 44 24 the
1463 2707 90 17 means
1575 2701 27 23 to
1624 2707 49 24 pay
1684 2700 45 24 the

1185 2746 118 25 expenses
1326 2738 27 24 of
1381 2737 169 29 commission,
1586 2745 35 17 we
1644 2736 84 33 might

1185 2778 76 31 grant
1280 2785 16 17 a
1310 2784 57 18 sum
1378 2776 31 26 of
1426 2776 33 25 £1
1464 2776 58 29 ,000
1533 2776 27 25 to
1580 2776 43 25 the
1635 2775 92 26 Cham-

1185 2814 57 28 bers
1271 2814 26 25 of
1332 2814 154 30 Commerce,
1516 2813 51 26 and
1600 2813 63 26 with
1685 2813 43 26 the

1185 2853 112 25 addition
1332 2852 27 25 of
1390 2851 65 26 local
1490 2851 184 25 contributions
1713 2860 16 17 a

1184 2892 164 25 commission
1360 2892 82 31 might
1454 2892 30 25 be
1496 2891 135 31 organized
1648 2891 80 26 under

1186 2929 42 26 the
1240 2929 114 32 auspices
1374 2929 28 26 of
1411 2929 45 25 the
1468 2928 139 26 Chambers
1618 2928 27 26 ef
1654 2928 73 26 Com-

1185 2975 90 21 merce,
1296 2970 26 22 to
1332 2967 58 25 visit
1413 2966 44 26 the
1469 2966 68 31 Cape
1559 2967 122 25 countries
1701 2968 29 24 of

1188 3004 80 27 South
1290 3004 126 31 America,
1450 3004 27 24 m
1485 3034 6 5 _
1499 3004 45 24 the
1564 3004 94 25 Pacific
1675 3011 52 18 sea-

1186 3042 91 30 Board,
1299 3042 71 25 India
1393 3041 50 25 and
1454 3041 73 26 other
1548 3042 129 25 countries
1699 3042 28 25 m

1186 3082 44 26 the
1250 3082 66 25 East
1339 3081 51 26 and
1412 3081 34 33 by
1469 3089 28 18 so
1520 3081 77 33 doing
1617 3084 82 23 create
1713 3090 16 17 a

1186 3122 96 33 foreign
1305 3121 93 26 market
1421 3121 40 26 for
1488 3129 45 19 our
1556 3121 100 26 natural
1677 3122 50 25 and

1187 3159 190 27 manufactured
1392 3159 128 33 products.
1550 3159 47 26 We
1607 3159 64 26 hare
1684 3160 45 26 the

1187 3209 51 18 raw
1249 3199 115 27 material
1386 3200 26 25 m
1430 3199 157 30 abundance;
1605 3208 38 18 we
1664 3200 65 27 hare

1188 3239 44 25 the
1243 3238 89 26 skilled
1351 3233 88 30 labour
1450 3239 27 24 to
1499 3237 175 26 manufacture
1686 3238 45 27 the

1188 3286 52 18 raw
1251 3278 112 25 material
1383 3278 55 25 into
1458 3277 88 26 textile
1568 3277 100 32 fabrics;
1695 3279 36 25 all

1190 3326 36 18 we
1237 3319 69 24 want
1317 3318 22 25 is
1357 3325 15 17 a
1384 3317 96 26 market
1503 3317 97 26 outside
1612 3318 117 31 the.Col-

1189 3366 58 24 ony;
1265 3357 62 26 then
1343 3365 38 17 we
1392 3356 67 26 shall
1480 3357 65 26 have
1557 3357 172 33 employment

1189 3399 40 23 for
1248 3404 45 18 our
1304 3397 88 32 people
1415 3397 27 25 at
1453 3396 65 32 good
1537 3404 90 24 wages,
1658 3397 73 27 those

1190 3439 26 23 at
1227 3445 16 17 a
1259 3437 114 25 distance
1393 3436 129 32 requiring
1543 3444 48 18 our
1602 3437 128 26 manufac-

1191 3479 76 27 tures,
1280 3475 106 34 sending
1397 3483 31 18 us
1439 3475 66 27 their
1517 3475 57 32 gold
1586 3476 26 25 to
1623 3483 50 26 pay
1684 3484 47 18 our

1190 3516 88 31 people
1289 3515 28 25 m
1327 3516 89 23 return
1478 3522 46 17 our
1534 3514 127 32 products.
1699 3515 32 25 In

1191 3554 42 25 the
1256 3554 99 24 Review
1378 3553 26 24 of
1423 3552 112 26 Renews
1555 3552 29 27 of
1603 3552 128 34 February

1191 3594 27 26 of
1233 3594 44 26 the
1301 3594 50 26 last
1364 3592 34 35 (?)
1418 3600 69 25 year,
1581 3593 83 26 notice
1684 3591 45 29 the

1191 3634 103 24 amount
1327 3634 28 22 of
1382 3630 90 26 wealth
1499 3630 39 25 for
1566 3630 42 26 the
1636 3631 95 26 United

1191 3670 127 32 Kingdom
1341 3669 64 25 from
1428 3669 44 25 the
1494 3667 120 33 products
1637 3669 28 26 of
1685 3670 47 26 her

1191 3709 63 29 iron,
1273 3709 94 27 cotton,
1385 3707 50 24 and
1457 3707 105 25 woollen
1584 3707 145 32 industries,

1191 3748 58 32 plus
1271 3748 106 25 interest
1400 3755 31 16 oh
1454 3747 92 31 capital
1567 3747 115 26 invested
1703 3749 28 24 m

1191 3785 96 32 foreign
1308 3784 137 28 securities,
1480 3784 136 25 amounted
1639 3786 27 24 to
1686 3786 44 26 the

1191 3832 134 18 enormous
1347 3832 58 17 sum
1416 3822 30 26 of
1463 3823 193 30 £350,000,000
1668 3825 62 26 ster-

1190 3862 60 31 ling.
1278 3861 80 25 Could
1379 3860 99 25 Britain
1482 3861 60 27 .find
1554 3861 175 33 employment

1191 3900 39 24 for
1240 3900 46 24 her
1304 3898 133 26 industrial
1449 3899 90 26 classes
1550 3907 74 18 vW.ere
1645 3900 22 26 it
1685 3903 48 23 not

1190 3937 38 25 for
1238 3938 50 24 this
1310 3938 122 25 immense
1443 3938 51 25 and
1513 3945 62 18 even
1586 3940 143 31 expanding

1190 3975 97 32 foreign
1306 3975 104 26 market.
1439 3975 50 26 Let
1500 3984 29 17 us
1540 3984 63 24 copy
1625 3977 45 24 the
1687 3984 42 17 ex-

1189 4014 81 30 ample
1281 4014 27 24 of
1318 4013 44 26 the
1373 4014 100 25 mother
1484 4016 105 30 country
1595 4016 34 30 by
1640 4015 89 32 taking

1190 4050 136 33 advantage
1355 4051 28 25 of
1411 4058 73 26 every
1496 4059 64 24 open
1582 4051 68 31 door,
1674 4053 52 25 and

1188 4090 114 32 pressing
1329 4098 47 17 our
1411 4091 174 25 commodities
1612 4099 35 18 on
1686 4093 44 24 the

1189 4128 98 24 world's
1306 4150 3 2 .
1330 4128 107 24 market.

1223 4167 54 24 The
1299 4167 84 32 liquor
1422 4168 115 32 question
1568 4177 53 17 was
1654 4170 74 31 again

1188 4207 82 24 before
1293 4207 44 25 th«
1360 4207 88 26 House
1466 4208 28 25 m
1510 4216 31 17 an
1565 4208 164 26 amendment

1188 4245 27 23 to
1237 4243 44 25 the
1304 4243 106 26 alcbolic
1441 4245 95 31 Liquor
1558 4247 51 24 sale
1631 4248 96 24 control

1188 4281 49 25 Act
1259 4280 27 26 of
1308 4282 73 25 1893.
1412 4281 55 27 The
1479 4283 163 27 amendment
1670 4292 58 18 con-

1188 4319 86 25 tained
1297 4328 14 16 a
1334 4320 107 26 number
1463 4320 28 26 of
1510 4321 139 32 provisions
1668 4321 28 27 of
1714 4330 15 18 a

1188 4359 124 30 stringent
1319 4363 4 8 '
1332 4360 126 25 character
1468 4361 29 24 m
1517 4362 31 23 ad
1550 4364 77 22 vtfnce
1639 4361 28 25 of
1684 4361 45 25 the

1187 4395 140 32 provisions
1349 4396 28 25 of
1397 4397 44 24 the
1464 4396 48 26 Act
1541 4398 27 24 of
1588 4399 74 24 1898.
1692 4398 36 25 As

1187 4431 134 37 originally
1343 4433 146 29 introduced
1520 4435 21 25 it
1550 4441 8 28 ;
1559 4443 52 18 was
1634 4433 94 39 altered

1187 4473 27 24 m
1227 4473 158 30 Committee,
1403 4470 92 34 fassed
1514 4463 125 38 tn^^ird
1658 4469 70 32 rlad-

1760 200 46 33 ing
1815 202 51 25 and
1876 212 52 17 was
1940 205 56 25 sent
2007 203 27 25 m
2045 206 27 24 to
2083 204 45 26 the
2147 205 152 32 Legislative

1760 238 112 33 Council,
1914 241 69 26 there
2018 242 43 25 the
2090 242 52 26 Bill
2167 245 51 25 met
2239 243 60 27 with

1759 277 92 27 hostile
1862 280 150 31 opposition,
2031 280 50 25 and
2100 289 53 17 was
2175 282 124 33 seriously

1759 319 176 31 emasculated;
1976 320 28 24 m
2038 320 52 26 this
2121 320 128 27 condition
2277 323 21 25 ii

1759 362 70 19 came
1851 356 64 26 back
1937 359 26 24 to
1987 358 43 25 the
2052 358 85 26 House
2157 360 28 24 of
2206 360 91 31 Repre-

1759 396 144 25 sentatives.
1955 398 54 24 The
2048 398 87 25 House
2169 399 128 32 disagreed

1758 431 62 26 with
1842 433 44 26 the
1917 434 146 27 alterations
2094 437 74 24 made
2201 437 32 32 by
2253 437 46 27 the.

1758 469 110 32 Council,
1887 473 37 24 set
1936 480 32 25 up
1991 482 13 15 a
2017 473 150 26 Committee
2190 475 28 25 of
2227 483 69 18 man-

1757 518 71 23 agers
1845 512 26 24 to
1894 514 66 24 meet
1983 513 43 25 the
2049 514 105 25 Council
2176 517 26 22 to
2214 516 83 25 confer

1757 550 57 26 and,
1825 550 23 23 if
1856 551 117 30 possible,
1998 553 80 24 arrive
2090 555 27 23 at
2129 561 35 17 an
2173 554 123 25 amicable

1757 588 206 34 understanding.
1999 591 54 26 The
2077 591 107 27 Council
2207 591 85 28 event-

1756 626 68 32 ually
1866 627 93 31 agreed
2006 630 26 23 to
2074 630 106 24 coacede
2229 634 67 22 most

1756 665 27 24 of
1811 665 43 26 the
1889 667 85 30 points
2011 668 28 24 of
2075 668 142 30 difference,
2248 669 48 26 but

1755 711 34 17 on
1808 704 44 25 the
1879 706 117 30 question
2032 707 27 24 of
2082 706 44 26 the
2155 708 100 25 control
2268 709 30 25 of

1755 743 44 26 the
1821 743 83 35 Clubs,
1927 745 50 25 and
1999 744 114 27 Colonial
2136 740 159 39 Proldbitiqn

1755 784 59 32 they
1835 785 82 26 would
1944 787 46 25 not
2011 786 73 33 yield.
2133 788 54 25 The
2209 788 87 27 House

1755 823 88 33 finally
1861 825 104 26 decided
1987 827 27 25 to
2034 828 85 31 accept
2138 828 44 26 the
2202 828 52 26 Bill
2269 835 30 24 as;

1757 864 92 30 agreed
1872 866 26 23 to
1915 865 33 32 by
1966 866 44 25 the
2032 868 144 24 committee
2192 868 29 24 of
2241 875 52 19 ma-

1754 908 96 24 nagere,
1868 903 50 26 and
1934 903 48 28 its.
1979 903 63 26 final
2054 907 82 30 stages
2148 906 93 32 passed
2248 906 49 30 .the

1755 941 89 26 House
1854 941 94 27 almost
1961 945 186 33 unanimously.
2169 946 53 25 The
2234 946 61 26 Rev.

1755 979 30 26 T.
1814 981 110 30 Walker,
1948 983 117 26 Alliance
2088 984 129 32 Lecturer,
2247 986 49 25 amd

1752 1018 45 29 .the
1816 1018 158 34 Wellington
1994 1021 130 26 Christian
2147 1022 151 27 Endeavour

1756 1055 100 34 Society
1867 1066 141 23 pronounce
2025 1060 45 25 the
2087 1059 53 26 Bill
2152 1069 28 16 as
2192 1069 16 16 a
2228 1063 69 24 moit

1754 1097 106 31 popular
1872 1098 185 31 measure,,.jn_
2074 1099 113 25 advance
2207 1100 28 25 of
2248 1108 50 25 any

1754 1137 113 30 previous
1884 1137 150 32 legislation,
2061 1138 49 24 and
2131 1140 165 32 compliment

1755 1176 42 25 the
1830 1176 114 26 Premier
1972 1185 34 18 on
2028 1178 57 26 the.
2101 1179 117 33 sincerity,
2246 1181 51 24 and

1755 1223 98 18 success
1881 1217 27 25 of
1933 1217 42 25 his
2004 1218 164 26 endeavours.
2212 1219 84 27 There

1754 1265 104 25 appears
1879 1261 27 23 to
1925 1259 32 25 be
1978 1267 35 17 no
2035 1260 68 26 valid
2128 1269 88 18 reasoa
2241 1263 57 31 why

1755 1298 71 26 clubs
1842 1298 91 26 should
1954 1301 47 25 not
2022 1299 32 27 be
2070 1301 80 26 under
2166 1301 52 29 the,
2231 1310 65 18 same

1755 1336 97 26 control
1863 1345 29 17 as
1914 1337 91 26 Public
2021 1338 108 26 Houses.
2164 1339 52 25 The
2227 1340 68 33 prin-

1755 1374 66 32 cipal
1832 1375 137 31 provisions
1986 1375 28 25 of
2028 1376 45 25 the
2084 1376 48 26 Act
2148 1377 27 24 m
2186 1377 110 27 advance

1756 1413 25 24 of
1792 1408 43 30 the
1858 1413 48 26 Act
1917 1413 26 25 of
1966 1414 75 29 1893,
2053 1422 48 23 are,
2114 1414 45 26 the
2178 1415 121 34 majority,

1756 1452 27 25 of
1792 1453 57 24 half
1857 1453 44 25 the
1924 1453 103 26 electors
2037 1454 23 25 is
2081 1454 215 27 removed.r-The

1757 1492 51 32 poll
1819 1494 26 24 to
1857 1493 31 25 be
1908 1492 76 26 taken
2002 1501 33 17 on
2048 1494 109 26 General
2162 1492 134 28 /Election

1756 1535 56 32 day.
1836 1535 64 25 Half
1908 1536 101 31 holiday
2018 1544 34 17 on
2061 1536 111 26 General
2179 1537 117 26 Election

1757 1573 55 32 day,
1830 1581 33 17 no
1873 1573 155 26 intoxicants
2039 1576 26 24 to
2076 1576 29 23 be
2117 1575 55 25 sold
2184 1583 33 17 on
2230 1576 66 25 Gen-

1757 1613 52 25 eral
1819 1612 117 26 Election
1941 1613 48 33 day
1993 1614 68 25 from
2068 1623 68 17 noon
2148 1615 41 25 till
2199 1618 15 23 7
2223 1623 26 24 p.
2258 1623 35 17 m.

1756 1653 107 27 License
1873 1654 26 25 to
1908 1653 139 34 Bellamy's
2068 1656 25 24 to
2104 1654 32 26 be
2151 1655 102 26 decided
2263 1655 33 32 by

1757 1701 15 18 a
1790 1694 115 33 majority
1916 1696 56 24 vote
1985 1694 27 26 of
2033 1695 61 26 both
2107 1695 101 27 Houses
2219 1694 76 28 taken

1757 1743 30 17 on
1800 1736 113 32 Tuesday
1924 1735 64 26 after
2005 1736 85 25 adress
2101 1736 27 25 m
2148 1737 80 32 reply-
2235 1738 60 26 Gov-

1757 1782 85 18 ernors
1865 1774 90 32 speech
1988 1774 28 24 of
2046 1774 57 25 first
2138 1775 95 25 session
2272 1776 26 25 of

1757 1812 164 29 Parliament,
1955 1819 35 18 no
2012 1812 94 25 license
2136 1814 25 24 to
2185 1812 111 33 Railway

1757 1850 173 26 Refreshment
1950 1850 93 26 Rooms
2054 1850 82 26 where
2158 1850 65 26 local
2235 1851 60 26 Pro-

1756 1890 107 26 hibition
1891 1891 47 24 has
1960 1891 64 24 been
2053 1891 94 24 carried
2175 1890 33 33 by
2230 1892 65 25 vote.

1756 1927 84 27 Bottle
1851 1928 107 25 licenses
1981 1936 71 17 cease
2065 1928 62 25 after
2139 1929 44 24 the
2193 1929 103 33 passing

1757 1969 28 25 of
1809 1968 52 26 this
1889 1969 56 24 Act.
1979 1969 124 25 Licensed
2132 1969 163 26 Committees

1755 2006 107 26 reduced
1883 2006 63 26 from
1968 2007 60 25 nine
2053 2008 27 24 to
2100 2007 38 25 six
2161 2007 133 30 members,

1758 2047 76 25 where
1851 2047 66 26 local
1938 2046 160 26 Prohibition
2129 2054 51 18 was
2200 2048 95 25 carried

1755 2089 49 26 last
1814 2089 66 26 iocal
1891 2090 86 32 option
1999 2091 57 24 vote
2078 2090 33 32 by
2122 2098 16 17 a
2157 2090 137 26 three-fifth

1756 2130 65 29 vote,
1838 2127 23 27 if
1876 2131 61 22 next
1946 2129 62 24 time
2027 2128 124 29 reversed,
2168 2130 46 24 not
2225 2136 70 17 more

1755 2168 63 25 than
1828 2169 116 31 previous
1961 2168 107 25 number
2079 2168 28 25 of
2115 2169 115 28 licenses,
2248 2176 48 17 nor

1755 2206 50 26 less
1827 2206 64 26 than
1903 2207 33 25 50
1955 2214 24 24 p.
2004 2213 22 19 c.
2049 2206 32 25 be
2104 2206 113 32 granted.
2253 2206 41 26 In-

1756 2249 109 28 spectors
1893 2246 28 26 of
1939 2246 108 25 licensed
2074 2246 100 26 Houses
2197 2247 98 25 outside

1756 2286 42 24 the
1820 2284 87 32 police,
1934 2292 59 25 may
2015 2284 31 26 be
2069 2284 145 32 appointed.
2232 2284 62 26 Pro-

1756 2324 96 25 hibited
1880 2332 103 23 persons
2011 2323 76 30 fined,
2116 2324 22 24 if
2262 2332 34 17 on

1755 2364 110 25 licensed
1885 2362 134 34 premises.^
2050 2364 25 25 It
2098 2364 22 25 is
2142 2365 68 24 most
2221 2364 73 25 satis-

1755 2404 93 31 factory
1859 2405 26 24 to
1908 2404 71 25 those
1990 2411 103 25 persons
2115 2403 136 26 interested
2267 2404 28 24 m

1756 2442 51 26 this
1830 2442 76 25 social
1929 2442 91 25 reform
2054 2444 154 27 movement,
2238 2441 57 26 that

1755 2486 153 31 temperance
1926 2484 130 33 principles
2079 2493 42 17 are
2138 2485 157 35 permeating

1757 2526 99 31 society,
1868 2525 50 26 and
1929 2526 55 25 that
1994 2525 45 26 the
2056 2526 116 31 quantity
2185 2525 28 26 of
2222 2525 74 25 drink

1755 2565 137 26 consumed
1913 2564 33 33 by
1969 2565 43 25 the
2023 2565 87 32 people
2130 2564 29 26 of
2178 2566 45 24 the
2236 2565 58 25 Col-

1755 2613 49 25 ony
1815 2606 23 25 is
1849 2614 14 16 a
1872 2605 164 32 diminishing
2042 2606 124 31 quantity.
2179 2605 30 25 In
2219 2606 74 29 1884,

1755 2644 71 25 there
1842 2651 51 17 was
1910 2644 135 24 consumed
2065 2651 45 23 per
2131 2644 65 24 head
2207 2643 28 25 of
2253 2644 42 24 the

1755 2681 146 33 population
1920 2682 25 25 8.
1965 2682 32 25 29
2021 2680 99 34 gallons
2143 2681 93 32 spirits,
2262 2682 32 25 22

1755 2720 97 32 gallons
1872 2719 72 29 wine,
1962 2721 25 24 0.
2011 2720 33 25 48
2056 2719 97 32 gallons
2171 2720 121 32 imported

1756 2757 46 26 Ale
1819 2757 49 26 and
1890 2757 72 31 Beer,
1983 2758 56 25 12.5
2063 2757 95 33 gallons
2181 2758 113 27 Colonial

1755 2795 72 32 Beer,
1846 2797 72 25 while
1936 2796 28 25 m
1989 2797 65 24 1894
2077 2796 69 26 there
2168 2805 50 17 was
2235 2804 58 19 con-

1755 2839 88 26 sumed
1854 2840 24 25 2.
1892 2841 33 23 24
1947 2839 96 32 gallons
2055 2839 92 32 spirits,
2166 2841 60 24 0.48
2244 2841 50 31 gal.

1755 2877 124 31 imported
1890 2877 46 24 Ale
1946 2877 52 24 and
2009 2877 73 30 Beer,
2103 2877 50 25 and
2168 2879 58 24 10.9
2237 2879 59 31 gal-

1755 2917 57 26 lons
1823 2916 114 26 Colonial
1949 2917 71 24 Beer.
2038 2917 32 24 In
2087 2917 35 24 all
2133 2917 72 25 these
2216 2918 77 25 items

1756 2956 70 26 there
1845 2957 23 24 is
1884 2964 17 17 a
1922 2956 103 25 marked
2036 2956 90 33 falling
2148 2957 37 25 off
2193 2957 28 25 m
2242 2958 45 25 the

1756 2996 73 25 drink
1840 2995 136 26 consumed
1998 2995 33 32 by
2042 2995 63 25 each
2126 3004 100 23 person,
2244 2997 50 24 and

1757 3033 79 27 shows
1859 3033 101 26 decided
1982 3034 194 31 improvements
2196 3034 25 25 m
2250 3034 44 26 the

1755 3072 85 26 habits
1868 3071 28 26 of
1921 3079 46 17 our
1994 3072 97 30 people.
2256 3071 15 30 /

1790 3110 54 25 The
1872 3109 176 26 Christchurch
2068 3110 98 25 annual
2188 3111 106 25 Exhibi-

1757 3150 54 25 tion
1822 3149 27 26 of
1870 3148 76 31 stock,
1965 3149 60 26 held
2047 3157 16 18 a
2073 3149 49 26 few
2144 3150 82 26 weeks
2238 3159 56 24 ago,

1757 3197 51 19 was
1817 3213 2 3 .
1830 3197 32 18 »n
1880 3189 81 33 object
1980 3190 92 25 lesson.
2102 3190 76 33 Fully
2200 3192 96 28 25,000

1757 3237 101 24 persons
1868 3230 89 25 visited
1969 3230 43 25 the
2032 3230 78 32 show,
2123 3230 50 26 and
2195 3240 16 16 a
2227 3239 69 19 more

1758 3267 159 33 respectable,
1935 3267 58 26 well
2015 3267 111 32 dressed,
2138 3269 97 33 orderly
2247 3270 49 25 and

1758 3308 72 25 sober
1851 3307 88 33 people
1961 3307 72 26 could
2056 3309 44 24 not
2117 3308 32 25 be
2171 3309 81 26 found
2268 3310 28 25 m

1757 3354 50 23 any
1834 3347 105 30 country
1966 3346 27 25 m
2021 3346 44 25 the
2092 3344 86 28 world.

1791 3384 170 25 Government
1986 3384 123 26 advances
2139 3386 28 24 to
2196 3385 100 26 settlers

1758 3431 49 17 was
1830 3423 87 32 timely
1938 3422 78 30 relief,
2034 3424 51 24 and
2104 3424 47 25 has
2169 3425 128 25 conferred

1757 3469 15 15 *
1794 3462 70 31 great
1890 3460 65 25 boon
1974 3468 31 18 on
2031 3460 44 25 the
2098 3461 111 33 farming
2231 3470 64 18 com-

1758 3499 99 32 munity
1878 3499 26 26 m
1915 3498 145 33 particular.
2080 3499 101 34 Setting
2203 3509 35 24 up
2249 3502 44 26 the

1757 3537 85 26 Board
1852 3537 28 26 of
1888 3539 188 31 management,
2100 3538 50 25 aid
2160 3540 136 33 preparing

1758 3580 43 26 the
1828 3588 132 26 nectssary
1988 3580 71 26 office
2098 3585 196 30 arrangements,

1758 3629 51 17 was
1831 3620 139 26 somewhat
1995 3622 105 29 tedious,
2125 3622 52 25 and
2199 3624 97 25 created

1758 3665 68 18 some
1853 3658 133 30 irritation,
2015 3660 44 25 the
2089 3660 85 32 public
2196 3660 100 26 became

1754 3698 145 32 impatient.
1908 3698 99 32 Euring
2015 3699 44 25 the
2066 3702 58 29 past
2131 3700 48 25 few
2185 3700 110 30 months,

1758 3737 121 30 however,
1903 3737 45 26 the
1970 3738 85 25 Board
2076 3738 65 28 have
2159 3739 137 27 facilitated

1758 3777 114 26 business
1891 3777 62 26 with
1976 3778 118 32 despatch
2115 3779 50 25 and
2181 3780 115 25 removed

1758 3815 51 27 all.,
1817 3815 54 32 just
1899 3822 74 18 cause
2000 3815 28 26 of
2054 3816 146 32 complaint.
2247 3817 48 33 Ap-

1757 3852 133 30 plications
1909 3852 66 25 have
1994 3852 62 26 bteo
2068 3854 108 31 pouring
2186 3854 55 24 into
2251 3855 46 24 the

1758 3890 78 29 office,
1859 3890 51 26 and
1921 3891 64 26 have
2007 3891 64 26 been
2082 3892 141 33 cautiously
2243 3893 51 25 and

1757 3928 125 33 promptly
1905 3928 68 26 dealt
1998 3930 70 25 with.
2113 3931 16 23 I
2150 3930 59 26 look
2228 3939 68 24 upon

1758 3969 42 25 the
1811 3968 121 25 advances
1955 3970 26 24 to
1993 3969 99 25 settlers
2113 3977 28 18 as
2153 3978 46 18 one
2216 3971 28 25 of
2252 3971 46 25 the

1758 4006 54 25 best
1823 4013 125 18 measures
1960 4006 26 24 of
2007 4006 44 25 the
2069 4009 102 29 present
2183 4008 111 26 Govern-

1757 4046 76 28 ment,
1852 4052 28 17 as
1902 4043 61 33 they
1981 4044 65 26 hay*
2067 4045 118 31 procured
2204 4054 92 26 money

1757 4084 27 23 to
1796 4082 75 25 assist
1884 4082 43 25 the
1938 4081 97 33 people,
2044 4084 27 23 at
2082 4082 64 26 such
2157 4092 15 17 a
2183 4085 48 25 low
2242 4088 55 23 rate

1748 4137 2 9 <
1757 4125 28 26 of
1788 4125 104 26 interest
1901 4132 28 17 as
1937 4125 192 33 waspreviously
2138 4126 127 27 unknown
2269 4128 27 25 m

1757 4163 43 25 the
1807 4163 104 33 Colopy.
1920 4162 54 25 The
1982 4162 107 26 indirect
2094 4164 152 34 advantages
2254 4173 42 18 are

1757 4208 31 20 an.
1795 4202 78 31 great,
1882 4200 22 25 if
1912 4201 45 25 not
1967 4204 108 28 greater,
2087 4201 65 26 than
2163 4201 44 28 the
2219 4203 77 27 direct

1757 4240 160 31 advantages,
1946 4247 29 18 as
1994 4240 44 25 the
2066 4241 72 25 value
2157 4242 28 25 of
2205 4250 91 26 money

1756 4285 70 18 came
1842 4277 73 27 down
1937 4279 27 23 to
1984 4277 44 26 the
2047 4278 178 30 Government,
2233 4299 2 8 :
2242 4283 53 24 rate

1756 4316 27 24 of
1793 4317 14 23 5
1819 4322 49 25 p.c.
1881 4323 28 17 so
1920 4315 57 25 that
2000 4316 44 25 the
2056 4317 78 25 whole
2147 4319 90 32 colony
2248 4319 48 26 has

1755 4355 124 24 btnefited
1889 4354 33 32 by
1933 4355 51 24 this
1997 4355 76 32 cheap
2084 4365 92 24 money
2185 4358 110 25 scheme.

1756 4391 120 26 Previous
1888 4392 183 28 Governments
2089 4394 147 26 considered
2252 4396 44 24 the

1756 4428 157 32 advisability
1936 4429 27 25 of
1990 4429 165 35 formulating
2178 4441 16 16 a
2217 4433 79 31 cheap

1756 4467 96 33 money?
1856 4468 108 32 scheme;
1967 4466 44 29 Jit:
2012 4469 56 29 wia.
2083 4470 213 33 left^tathepire-

2327 207 58 24 sent
2396 205 175 31 Government,
2594 209 46 24 not
2652 208 60 33 only
2733 210 27 24 to
2783 208 82 26 devise

2327 242 44 27 the
2382 243 100 26 scheme
2492 252 6 22 ;
2510 244 47 27 but
2567 246 28 25 to
2606 254 69 24 carry
2686 247 22 25 it
2718 247 146 26 into'eSect.

2327 282 54 26 The
2402 285 55 24 rate
2465 284 28 25 of
2514 287 52 29 sp.
2579 292 22 18 c.
2625 285 108 33 charged
2743 287 34 31 by
2797 287 67 25 Gov-

2326 323 111 23 ernment
2459 323 27 24 at
2496 323 102 30 present
2620 323 22 26 is
2654 330 15 18 a
2680 323 48 26 low
2739 326 61 27 rate;
2818 326 46 24 but

2325 360 74 26 when
2421 369 37 17 we
2469 361 114 26 consider
2605 363 57 25 that
2685 363 63 26 Gov.
2771 365 23 24 is
2805 365 59 32 only

2324 401 92 30 paying
2437 401 77 25 about
2526 403 35 23 £3
2581 403 39 24 45.
2625 399 5 10 ;
2642 403 42 25 fld.
2701 411 26 23 p.
2746 411 21 17 c.
2779 404 14 24 I
2804 412 57 17 con-

2324 438 65 26 sider
2399 440 57 26 tksi
2478 440 72 26 when
2573 441 43 25 the
2632 449 121 24 expenses
2769 443 29 25 of
2818 443 44 25 the

2322 476 84 26 initial
2417 480 82 30 stages
2516 487 41 16 are
2579 487 63 24 gone
2664 479 110 34 through
2795 480 64 28 Gov.

2324 516 90 26 should
2433 516 30 26 be
2486 518 57 26 able
2553 520 27 24 to
2602 520 35 24 let
2647 520 45 25 the
2712 528 93 26 money
2816 522 45 26 out

2323 556 27 23 at
2367 557 134 31 4or4£p.
2515 564 21 18 c.
2571 557 54 25 The
2644 561 113 28 amount,
2759 562 101 33 already

2324 592 104 27 allowed
2450 596 101 26 exceeds
2575 596 69 27 three
2667 599 113 30 quarters
2804 600 27 26 of
2846 609 15 17 a

2324 631 106 24 million.

2357 669 52 25 The
2421 669 92 27 Asiatic
2526 671 50 25 and
2587 673 73 24 other
2670 673 190 33 Immigrations

2324 705 52 25 Bill
2397 706 145 27 introduced
2566 709 31 31 by
2628 709 59 26 the.
2695 712 118 25 Minister
2835 715 38 33 of,

2324 744 109 30 Labour,
2451 747 112 26 received
2574 748 86 26 rather
2682 758 16 17 a
2708 750 93 26 hostile
2822 740 51 38 r«-4

2323 787 106 30 ception.
2465 787 54 26 The
2534 796 115 19 measure
2677 787 99 30 bristled
2800 793 61 26 with

2324 826 92 26 drastic
2426 828 147 30 provisions,
2596 831 136 26 unßritish
2753 832 27 25 m
2797 833 66 26 their

2584 869 44 25 the
2644 870 54 26 Bill
2722 873 90 29 passed
2834 873 27 24 m

2442 902 55 34 '''%..
2498 906 83 26 which
2597 902 28 37 :jt
2644 916 51 18 was
2703 909 157 32 introduced,

2324 943 45 26 few
2379 951 105 25 persons
2495 946 81 26 would
2587 946 63 27 hare
2672 948 73 26 cared
2756 952 27 23 to
2794 958 68 18 come

2324 985 26 22 to
2362 983 52 25 this
2426 983 105 32 Colony.
2567 984 82 27 There
2672 995 51 17 was
2734 995 35 18 no
2780 996 83 19 neces-

2325 1019 49 34 sity
2385 1020 39 26 for
2446 1022 62 25 such
2519 1030 16 18 a
2547 1030 123 19 measure.
2690 1023 54 27 The
2755 1026 108 27 Chinese

2325 1073 41 16 are
2377 1072 16 17 a
2413 1064 163 32 diminishing
2587 1067 125 32 quantity,
2738 1068 71 25 there
2821 1078 42 16 are

2325 1104 77 29 1,000
2419 1103 50 24 less
2487 1103 29 24 ia
2539 1104 44 25 the
2609 1104 94 33 Colony
2722 1115 55 17 now
2801 1108 61 25 than

2317 1141 91 30 Hjhere-
2423 1148 66 18 were
2516 1150 17 16 a
2559 1142 46 24 few
2632 1150 71 25 years
2732 1152 57 24 ago*
2839 1147 27 25 If

2325 1180 106 26 Chinese
2442 1181 49 24 and
2503 1181 73 25 other
2588 1182 106 27 Asiatics
2711 1192 64 18 were
2786 1184 77 35 likely

2324 1223 27 23 to
2370 1228 71 17 come
2451 1221 61 24 here
2534 1222 29 23 m
2585 1222 89 25 hoards
2741 1224 126 29 iaun.date:

2324 1259 43 26 the
2389 1259 104 33 Colony,
2522 1261 61 24 then
2605 1262 70 24 there
2698 1264 82 25 would
2795 1264 66 26 have

2323 1299 64 26 been
2399 1308 69 17 some
2491 1300 162 33 justification
2664 1302 38 27 for
2724 1303 44 26 the
2780 1313 79 17 meas-

2324 1347 52 18 nre.
2411 1340 52 25 But
2485 1342 27 23 to
2534 1341 70 31 place
2627 1350 46 17 our
2695 1351 55 17 own
2773 1345 87 32 people

2324 1381 50 24 and
2385 1380 98 25 British
2505 1381 110 32 subjects
2638 1382 27 25 m
2677 1383 69 29 Asia,
2763 1384 98 27 includ-

2323 1414 45 36 ing
2389 1418 111 29 tourists,
2529 1419 51 26 and
2599 1428 103 24 persons
2725 1423 98 33 coming
2834 1425 26 25 to

2324 1456 65 26 avail
2411 1456 149 26 themselves
2583 1458 37 25 of.
2627 1459 45 25 the
2694 1460 119 33 salubrily
2835 1463 30 25 of

2324 1503 45 17 our
2386 1496 101 25 climate
2498 1497 51 25 and
2569 1499 110 25 curative
2690 1503 127 29 prospects
2834 1504 27 25 of

2322 1543 47 17 our
2392 1534 170 33 sanitdriums,
2581 1538 51 24 and
2648 1538 44 26 the
2712 1539 147 28 disabilities

2323 1576 129 25 contained
2473 1576 28 25 ia
2523 1577 57 25 the-
2589 1577 50 25 Bill
2656 1586 51 18 was
2717 1588 68 17 more
2796 1581 61 26 than

2322 1615 44 25 the
2377 1615 86 25 House
2480 1616 73 25 could
2573 1618 81 24 stand.
2689 1619 54 25 The
2754 1617 52 28 Bill
2817 1616 42 30 did

2324 1655 43 24 not
2388 1661 59 24 pass
2475 1654 33 25 its
2537 1655 92 26 second
2655 1656 111 34 reading.
2811 1659 49 27 The

2323 1702 62 16 same
2396 1693 115 27 Minister
2531 1694 147 27 introduced
2694 1698 67 26 with,
2779 1699 81 27 better

2324 1740 97 18 success
2444 1732 44 26 the
2518 1732 88 26 Public
2630 1732 124 28 Teachers
2776 1738 82 26 Incor-

2322 1771 114 31 poration
2458 1770 51 25 and
2521 1771 78 26 Court
2622 1772 28 25 of
2665 1775 117 30 approval
2799 1773 59 34 Bill,

2324 1816 15 17 a
2355 1810 67 23 most
2444 1808 82 25 useful
2547 1817 113 18 measure
2679 1813 135 32 proposing
2834 1816 26 24 to

2324 1846 90 26 extend
2426 1847 26 25 to
2476 1847 76 28 3,300
2571 1846 89 27 Public
2679 1850 115 27 teachers
2816 1852 44 26 the

2324 1885 64 32 right
2399 1885 25 25 to
2447 1885 87 32 appeal
2550 1884 39 26 for
2608 1886 98 26 redress
2717 1888 27 25 m
2767 1896 56 19 case
2835 1891 28 25 of

2323 1932 50 25 any
2394 1924 53 25 real
2469 1924 137 32 grievance,
2637 1926 80 26 which
2736 1927 38 26 for
2795 1938 65 17 some

2323 1962 62 25 time
2403 1962 48 25 has
2461 1962 63 26 been
2547 1964 123 25 conceded
2687 1967 27 23 to
2736 1966 45 26 the
2800 1967 61 26 Post

2322 2000 50 25 and
2383 2000 139 32 Telegraph
2543 2000 85 27 offices
2651 2004 50 24 and
2724 2006 26 24 to
2767 2006 45 25 the
2835 2008 23 27 4,

2324 2041 47 24 100
2389 2040 112 32 Railway
2512 2042 144 32 employees,
2672 2044 188 34 unfortunately

2322 2080 82 25 clause
2424 2081 31 24 18
2484 2081 110 24 restricts
2623 2082 42 25 the
2684 2085 128 30 operation
2835 2085 28 25 of

2322 2118 52 26 this
2393 2118 130 26 otherwise
2534 2119 83 26 useful
2639 2128 122 29 measure^
2777 2131 27 17 as
2816 2131 42 24 ap-

2322 2156 68 32 peals
2400 2164 40 17 are
2451 2155 115 26 confined
2578 2161 25 21 to
2626 2166 69 18 cases
2708 2159 27 25 of-

2323 2196 37 24 sal
2371 2204 28 17 or
2418 2197 109 24 removal
2548 2204 28 17 as
2599 2197 151 33 interpreted
2771 2200 33 32 by
2815 2200 45 26 the

2322 2235 47 26 Act
2392 2235 28 25 of
2440 2237 74 24 1877.
2550 2236 54 25 The
2623 2238 127 26 dismissal
2773 2249 27 16 or
2821 2249 38 17 re-

2446 2273 27 25 of
2493 2280 15 17 a
2528 2273 88 26 Public
2642 2275 87 25 school
2751 2278 109 30 teacher,

2322 2312 81 24 under
2413 2310 44 26 the
2468 2311 48 25 Act
2535 2312 28 24 of
2574 2313 72 28 1877,
2665 2320 47 18 can
2724 2316 62 30 only
2803 2315 67 31 take,

2323 2348 70 32 place
2404 2355 28 18 as
2444 2348 42 26 the
2505 2348 77 26 result
2593 2349 28 25 of
2630 2358 16 16 a
2666 2352 95 25 serious
2770 2352 90 27 infrac-

2322 2385 52 26 tion
2387 2385 28 26 of
2423 2386 44 24 the
2477 2386 80 25 moral
2567 2386 56 30 law,
2642 2388 44 25 the
2698 2390 163 26 circumstan-

2322 2432 38 17 ces
2383 2423 27 26 of
2431 2423 61 26 such
2515 2432 70 17 cases
2607 2426 93 25 almost
2722 2428 138 34 absolutely

2322 2463 129 34 including
2471 2471 33 17 an
2524 2465 96 31 appeal.
2654 2466 39 25 To
2715 2467 44 26 the
2783 2469 78 25 credit

2322 2502 28 25 of
2358 2502 44 25 the
2413 2501 144 26 Mininister
2578 2502 34 26 he
2632 2503 43 25 did
2687 2505 35 25 all
2744 2505 34 26 he
2789 2507 72 25 could

2322 2542 27 24 to
2360 2541 61 25 have
2433 2541 81 25 clause
2527 2542 31 23 13
2578 2541 92 25 altered
2680 2543 28 25 m
2718 2543 43 26 the
2773 2545 88 24 Coun-

2322 2578 41 29 cil,
2381 2586 28 18 so
2420 2578 57 26 that
2500 2586 15 18 a
2537 2579 100 25 teacher
2659 2580 81 32 might
2762 2583 98 31 appeal,

2322 2616 109 31 through
2450 2615 41 26 his
2513 2621 129 27 corporate
2663 2619 93 32 society
2773 2620 28 24 m
2812 2628 49 25 any

2322 2661 56 17 cage
2388 2654 80 25 where
2479 2653 31 25 he
2521 2654 147 25 considered
2691 2656 33 24 he
2736 2657 51 24 han
2798 2657 62 25 been

2323 2693 105 30 unfairly
2456 2694 103 25 treated.

2357 2736 73 25 •'The
2449 2737 106 25 Manual
2574 2738 51 25 and
2647 2739 134 27 Technical
2803 2741 57 25 Ele-

2324 2781 113 32 mentary
2471 2781 156 26 Instruction
2771 2785 89 26 makes

2322 2825 124 30 provision
2457 2825 39 24 for
2514 2825 160 33 introducing
2695 2828 103 25 manual
2810 2828 50 25 and

2322 2864 124 25 technical
2457 2865 152 26 instruction
2620 2866 54 25 into
2697 2875 46 17 our
2754 2867 106 26 schools,

2322 2905 83 26 where
2427 2908 45 24 not
2494 2907 100 33 already
2627 2910 99 31 taught.

2324 3060 191 60 LOCAL
2529 3065 28 56 AND
2557 3065 304 56 GENERAL

2356 3159 222 26 Educational—
2577 3160 47 25 We
2641 3161 70 25 learn
2730 3162 57 25 that
2800 3162 63 26 Miss

2324 3202 29 33 Q.
2372 3202 166 28 Hitchcoxof
2556 3203 65 27 East
2641 3195 102 35 Oxford*
2754 3206 51 25 and
2823 3206 40 26 Mr

2324 3246 68 25 John
2404 3246 91 26 Brown
2515 3248 27 25 of
2560 3248 71 26 West
2651 3248 102 32 Oxford,
2774 3251 89 31 passed

2324 3289 43 26 the
2385 3290 168 26 examination
2576 3293 27 24 at
2623 3291 186 26 Christchurch.

2357 3339 53 25 The
2422 3340 71 25 West
2515 3341 95 25 Oxford
2633 3342 93 26 School
2745 3351 116 24 re-opens

2323 3390 32 18 on
2369 3383 118 32 Monday,
2500 3384 60 26 Jan.
2576 3386 71 24 13th.

2357 3458 231 30 Watchmakeb,:—
2588 3460 44 24 Mr
2651 3460 29 25 F.
2699 3460 30 25 B.
2747 3460 70 26 Lane
2839 3462 28 25 of

2324 3501 125 32 Rangiora
2461 3502 53 26 will
2522 3503 75 26 make
2608 3503 41 26 his
2661 3504 74 25 usual
2756 3498 59 32 visit
2838 3507 27 24 to

2324 3543 94 26 Oxford
2446 3553 34 18 on
2508 3546 139 32 Thursday,
2685 3547 100 31 Friday,
2814 3549 51 24 and

2326 3587 133 33 Saturday.
2472 3589 66 26 Nov.
2551 3589 79 31 16th.,
2646 3590 68 29 17th,
2727 3590 50 26 and
2793 3592 70 24 18th.

2333 3636 3 11 :
2358 3631 41 25 Mr
2410 3632 72 24 Lane
2501 3632 51 25 will
2579 3640 70 25 carry
2677 3641 16 17 a
2719 3634 68 32 large
2814 3635 49 24 and

2323 3675 86 25 varied
2420 3675 72 26 stock
2503 3676 26 25 of
2541 3676 120 26 Watches
2672 3677 49 25 and
2738 3677 125 33 Jewellery

2323 3717 43 25 the
2388 3719 98 31 quality
2513 3719 29 24 of
2567 3719 83 24 which
2677 3720 23 24 is
2717 3716 146 29 unrivalled.

2326 3760 96 32 Special
2442 3761 118 26 Watches
2583 3761 31 33 by
2638 3762 155 26 Rotherham
2814 3763 49 25 and

2323 3804 70 25 other
2404 3804 132 25 renowned
2564 3805 106 24 makers.
2705 3802 45 28 All
2769 3806 94 31 repairs

2324 3847 130 24 entrusted
2465 3849 27 23 to
2503 3847 40 25 Mr
2553 3847 72 25 Lane
2637 3855 43 17 are
2696 3847 119 25 executed
2836 3848 27 26 m

2324 3884 44 26 the
2379 3887 68 24 most
2458 3886 95 25 careful
2564 3894 106 18 manner
2684 3887 50 24 and
2756 3895 107 24 guaran-

2324 3926 65 24 toed.
2423 3926 87 25 Prices
2521 3926 45 26 the
2575 3935 59 23 very
2651 3927 97 25 lowest.

2358 4000 60 29 We,.
2432 4000 49 32 beg
2497 4002 27 24 to
2547 4001 68 25 draw
2643 4008 45 18 our
2711 4001 99 25 readers
2827 4004 37 22 at-

2324 4043 96 25 tention
2434 4045 26 24 to
2483 4044 41 24 the
2535 4043 52 26 fact
2609 4044 56 24 that
2688 4043 44 26 the
2752 4043 111 26 Govern-

2323 4088 73 23 ment
2406 4094 42 18 are
2465 4087 107 31 offering
2583 4092 27 20 to
2628 4088 37 24 let
2676 4087 38 24 for
2731 4095 14 14 a
2765 4088 63 23 term
2839 4087 26 25 of

2324 4126 32 25 21
2364 4134 73 24 years
2448 4135 15 16 a
2474 4127 76 25 small
2558 4134 104 24 grazing
2672 4133 49 18 run
2731 4127 27 24 at
2769 4125 95 34 Ashley

2324 4165 93 32 Gorge,
2443 4167 146 30 containing
2607 4167 48 23 913
2664 4173 88 21 {acres.

2356 4218 78 32 Light
2444 4219 22 24 is
2477 4217 124 32 produced
2620 4217 33 31 by
2665 4217 44 25 the
2725 4217 138 26 vibrations

2323 4257 28 25 of
2364 4257 79 25 ether.
2480 4257 82 25 When
2574 4257 44 24 the
2640 4256 107 26 number
2768 4257 23 26 is
2812 4257 51 26 less:

2323 4300 64 25 than
2397 4301 51 24 450
2460 4301 109 27 billion?,
2580 4301 51 24 .the
2641 4308 45 24 eye
2704 4302 94 24 cannot
2808 4309 56 24 per-

2323 4346 66 24 ceire
2409 4345 131 32 anything,
2569 4344 39 26 for
2633 4344 72 26 these
2728 4346 137 26 ribrations

2324 4384 59 31 only
2402 4384 108 31 produce
2531 4384 75 29 heat;
2624 4383 79 26 above
2714 4384 58 26 that
2791 4393 73 17 num-

2324 4423 51 30 ber,
2381 4431 41 23 .up
2429 4422 130 34 vto/about
2571 4424 49 26 727
2638 4424 108 30 billibna,
2764 4425 45 25 the
2820 4433 45 25 eye

2323 4462 136 33 pjirqejyesv
2479 4458 75 35 redji;
2567 4463 98 32 yellow,
2705 4472 86 25 green,
2816 4465 53 26 and

2324 4501 82 31 violet,
2424 4501 88 25 which
2531 4501 96 26 united;
2639 4502 29 25 m
2691 4503 43 25 the
2756 4502 68 33 light
2843 4504 27 26 of

2898 207 44 27 the
2951 216 57 22 sum,
3019 210 71 32 gives
3101 211 42 24 the

2897 245 83 28 Above
3000 249 50 26 727
3061 235 405 56 billiotpdl^^^^Hj^BHj

2896 286 58 29 ond>
2972 287 44 25 the
3038 287 139 25 vibwttions
3200 278 266 47 *^^^|^|^^^Hj

2895 325 42 24 too
2947 324 101 33 quickly
3051 313 46 39 7^
3118 324 107 31 produce
3244 313 222 51 th^s^^MjpJ

2895 361 27 24 of
2940 362 93 24 colour.
3327 365 12 8 ■'

2890 430 356 47 ,^/^FLOTNZ^^^q%jihis
3274 440 121 31 epidemic
3406 441 50 30 45,,.

2893 478 131 34 becoming
3033 480 132 32 prevalent
3171 488 38 18 we
3220 482 114 33 strongly
3342 471 92 44 recent-
3447 507 5 3 -

2893 523 73 25 mend
2977 524 44 26 the
3032 516 370 49 &ee.,use^;^a{grpus'Bran'd
3409 518 41 35 o^-'
3457 531 5 1 ~

2891 564 157 34 Eucalyptus
3062 556 151 53 G-lob^llf
3215 558 118 40 Extract,,
3358 568 76 28 taken

2893 616 67 24 upon
2982 617 77 25 sugar
3085 610 170 27 or^ur'milk.
3291 612 55 26 The
3367 614 68 25 most

2891 651 117 33 pleasant
3018 661 55 24 way
3083 655 26 24 to
3118 654 58 25 tako
3186 654 158 33 Eucalyptus
3365 656 46 25 i3
3405 657 29 25 m

2891 694 45 25 the
2967 694 118 33 Platypus
3113 696 88 25 Brand
3228 698 29 24 of
3278 698 157 33 Eucalyptus

2881 734 129 35 -JUjubes.
3045 738 70 33 They
3126 746 44 19 are
3179 740 27 25 m
3222 741 63 25 such
3296 748 16 18 a
3321 741 113 33 portable

2881 772 84 34 ijfdrm;
2975 777 117 32 pleasant
3103 779 27 28 to
3141 780 76 29 taste,
3234 780 51 26 and
3301 781 132 33 antisepti-

2894 820 142 26 stimulant.
3053 837 2 12 ;

2926 870 216 28 liEdTUREi—The
3163 871 54 25 Rev
3236 872 125 25 Hounsell
3383 874 53 24 will

2894 911 91 26 deliver
2997 920 16 17 a
3023 912 102 31 lecture,
3137 913 28 25 m
3192 914 45 25 the
3256 914 72 26 West
3339 914 97 28 Oxford

2891 955 142 26 Methodist
3044 957 101 30 church,
3158 965 34 18 on
3216 956 133 34 Thursday
3359 961 76 24 next..

3019 1070 300 40 MAGISTERIAL.

3095 1158 151 30 OXFORD.

2926 1206 89 26 Before
3035 1207 96 25 Mes«rs
3147 1208 27 25 J.
3201 1207 99 33 Ingram
3300 1229 2 4 .
3324 1209 61 28 va&:
3399 1209 33 26 G.

3049 1246 5 10 :
3082 1251 32 24 A.
3147 1242 155 34 White.'
3341 1243 6 4 '

2925 1292 131 26 Jeremiah
3074 1293 142 34 McCarthy,
3240 1294 52 26 and
3318 1294 42 27 his
3385 1303 47 19 ion

2892 1335 69 25 John
2978 1336 138 33 McCarthy
3133 1345 63 19 were
3213 1338 106 33 charged
3335 1339 63 25 with
3415 1347 16 17 a

2892 1378 94 26 violent
3009 1380 96 25 assault
3133 1388 67 25 upon
3227 1381 111 26 Thomas
3365 1381 68 26 Ken-

2891 1422 66 31 nedy
2980 1430 31 17 on
3038 1422 62 27 N«w
3126 1423 87 27 Year's
3234 1425 71 25 EveV
3309 1430 2 9 :
3388 1445 3 9 ;

2924 1460 138 33 McCarthy
3084 1462 50 25 and
3159 1470 46 17 son
3228 1470 64 18 were
3308 1463 69 25 fined
3393 1464 40 25 £2

2895 1503 50 24 and
2962 1505 77 23 costs.
3209 1505 14 22 V

2889 1606 115 25 PICNIC
3023 1605 23 26 ON
3046 1605 13 26 NEW
3059 1605 7 26 YEARS
3066 1605 2 26 DAY.

2922 1694 40 25 On
2989 1693 61 26 New
3077 1694 85 26 Year's
3187 1694 63 32 Day,
3279 1695 44 26 the
3352 1695 71 29 Yisw

2892 1728 53 29 Hill
2955 1732 87 32 people
3136 1732 65 26 their
3213 1733 93 26 annual
3317 1734 106 32 pio-nie,

2891 1769 30 32 by
2932 1769 44 26 the
2987 1769 61 26 kind
3064 1771 148 31 permission
3229 1771 27 25 of
3277 1771 41 25 Mr
3329 1772 97 32 McKay

2891 1809 26 22 at
2928 1807 153 25 Woodstock
3086 1808 162 27 .homestead,
3283 1809 55 25 The
3353 1806 74 35 driays

2891 1845 94 25 started
3007 1846 76 25 about
3105 1846 121 33 half-past
3242 1847 60 25 nine
3323 1847 102 30 o'clock,

2891 1893 61 17 soon
2980 1885 150 29 afterwards,
3157 1888 77 30 traps,
3253 1888 48 24 and
3323 1895 104 24 persons

2891 1930 33 17 on
2935 1923 132 25 horseback
3090 1931 63 17 were
3173 1932 57 17 seen
3252 1925 28 24 m
3303 1932 15 17 a
3336 1922 87 35 goodly

2890 1955 105 26 number
3006 1956 35 25 all
3051 1957 115 31 wending
3176 1957 65 26 their
3251 1966 55 24 way
3316 1959 108 24 towards

2892 1995 163 30 Woodstock..
3084 1997 52 24 The
3147 1997 108 25 weather
3269 2006 45 16 was
3320 1999 102 31 perfect,

2891 2034 41 24 the
2951 2032 61 26 heat
3035 2034 27 25 of
3082 2043 15 16 a
3114 2031 119 29 cloudless
3244 2043 111 17 summer
3376 2035 49 33 day

2892 2073 68 32 bei*g
2976 2074 126 31 tempered
3125 2074 33 32 by
3168 2083 16 17 a
3199 2073 66 33 light
3269 2080 6 11 ;
3277 2074 148 31 n6r'w;ester,

2891 2111 49 25 and
2951 2108 42 28 the
3020 2112 146 25 bomestead
3168 2115 3 14 :
3177 2112 57 25 with
3245 2113 34 25 its
3301 2112 122 26 beautiful

2891 2152 180 31 surroundings
3098 2159 51 17 was
3174 2159 77 18 never
3267 2160 59 18 seen
3349 2154 78 24 under

2891 2194 75 21 more:
2971 2188 141 26 favourable
3130 2190 150 25 conditions?
3314 2190 25 25 It
3357 2191 22 24 is
3390 2198 35 18 no

2889 2225 99 26 wonder
3004 2226 123 25 therefore
3137 2227 55 26 that
3204 2228 190 33 exclamations]
3401 2229 27 24 of

2892 2263 95 32 delight
3008 2263 76 26 broke
3102 2265 154 31 continually
3274 2265 154 24 from.mem-

2892 2302 56 26 bers
2966 2303 25 24 of
3002 2303 44 25 the
3056 2305 74 30 party
3142 2311 27 17 as
3178 2303 58 32 they
3247 2304 91 25 wound
3356 2303 72 26 down

2892 2341 52 25 ths\
2957 2341 111 30 cuttings
3096 2342 27 24 to
3151 2342 43 23 the
3211 2341 86 25 house.

2927 2379 104 24 Arrived
3052 2380 27 23 at
3098 2379 67 25 their
3187 2379 160 29 destination,
3374 2386 55 24 pre-

2893 2415 128 33 parations
3040 2424 62 17 were
3124 2416 71 25 made
3212 2419 27 22 at
3259 2424 62 17 once
3343 2416 33 32 by
3387 2417 45 25 the

2893 2456 72 29 party
2977 2455 26 24 to
3015 2454 97 25 refresh
3122 2454 44 26 the
3177 2455 74 24 inner
3261 2462 61 17 man
3357 2455 75 25 Some

2893 2494 27 25 of
2930 2494 44 25 the
2996 2493 78 26 ladies
3093 2502 64 17 were
3176 2502 28 17 so
3227 2494 106 25 anxious
3351 2496 27 23 to
3388 2497 44 29 get

2894 2540 15 16 a
2920 2540 48 23 cup
2985 2532 28 24 of
3027 2533 40 24 tea
3084 2533 55 25 that
3161 2533 59 31 they
3231 2532 73 25 made
3323 2530 22 28 it
3366 2532 66 26 from

2893 2582 34 18 an
2945 2575 66 32 early
3033 2577 108 23 corner's
3167 2575 77 32 Billy*
3268 2575 81 26 which
3371 2575 60 33 they

2894 2618 116 32 carefully
3037 2617 110 26 re-filled
3174 2618 63 25 with
3264 2618 56 25 cold
3347 2620 85 24 water.

3008 2658 55 24 said
3080 2657 42 26 the
3140 2664 84 19 owner
3241 2666 33 17 on
3286 2659 147 31 examining

2893 2695 29 31 it,
2941 2704 15 16 a
2967 2695 68 26 little
3045 2695 76 26 while
3132 2695 70 30 after,
3220 2697 21 24 it
3260 2695 71 26 takes
3348 2704 16 17 a
3374 2696 60 32 long

2893 2733 59 25 time
2964 2735 26 23 to
3002 2733 57 30 boil,
3077 2741 117 24 suppose,
3206 2734 31 24 its
3249 2741 70 18 snow
3327 2737 104 26 water,,*

2894 2778 73 25 when
2991 2786 31 17 an
3051 2777 130 33 explosion
3201 2777 27 26 of
3247 2777 115 33 laughter
3387 2786 43 18 en-

2893 2818 128 32 lightened
3031 2818 55 25 him
3105 2826 28 17 as
3150 2819 26 24 to
3195 2818 44 25 the
3251 2820 59 28 true;
3328 2819 63 24 facts
3403 2819 28 25 of

2894 2859 42 24 the
2947 2866 65 17 case.
3046 2857 54 26 The
3110 2859 73 31 party
3194 2866 64 17 were
3270 2859 120 24 scattered
3401 2859 29 24 m

2894 2891 36 30 all
2951 2897 142 35 directions,
3117 2894 127 34 rambling
3272 2904 94 24 among
3385 2897 45 24 the

2894 2934 73 30 bush,
2986 2934 119 31 climbing
3121 2934 43 25 the
3181 2936 115 27 terraces,
3314 2935 114 32 strolling

2895 2974 32 33 by
2938 2974 44 25 the
2992 2974 78 24 rivers
3078 2973 81 29 brink,
3172 2974 143 25 sometimes
3326 2982 16 18 a
3354 2975 74 25 small

2894 3014 73 30 party
2979 3011 81 26 would
3070 3011 30 25 be
3117 3011 78 25 found
3214 3012 119 31 enjoying
3343 3020 16 16 a
3378 3014 53 23 rest

2894 3052 27 24 m
2932 3052 44 24 the
2993 3052 84 29 shade,
3095 3051 51 25 and
3157 3059 59 24 very
3233 3051 118 32 probably
3363 3052 68 25 their

2895 3091 121 33 thoughts
3034 3091 39 25 far
3089 3099 70 24 away
3174 3091 27 25 m
3221 3090 141 27 love-land.
3397 3092 34 25 In

2895 3135 43 25 the
2950 3143 86 17 course
3047 3135 28 25 of
3083 3135 43 25 the
3149 3135 128 25 afternoon
3300 3142 15 18 a
3331 3135 101 32 general

2895 3181 96 23 muster
3002 3186 51 18 was
3075 3178 72 25 made
3169 3186 34 17 on
3214 3178 41 25 the
3272 3186 82 24 green,
3373 3179 57 24 sub-

2896 3222 132 32 scriptions
3051 3230 63 17 were
3130 3222 77 32 freely
3229 3222 201 32 given~~foTT~tbe

2896 3266 135 24 children's
3042 3267 89 30 sports,
3149 3266 50 25 and
3220 3265 102 32 looking
3338 3268 26 24 at
3387 3266 45 26 the

2896 3308 132 32 gathering
3044 3309 26 25 of
3080 3317 16 17 a
3112 3308 117 26 hundred
3251 3309 93 32 people,
3362 3309 70 26 what

2896 3352 32 25 do
2944 3360 37 17 we
2998 3359 49 22 see;
3065 3360 48 17 one
3124 3351 28 26 of
3160 3353 42 24 the
3213 3353 116 24 merriest
3336 3353 96 31 parties

2896 3394 115 32 possible,
3057 3403 69 17 some
3151 3396 150 31 responding
3334 3398 27 23 to
3388 3396 44 25 the

2896 3439 73 23 notes
2985 3437 28 25 of
3038 3437 42 25 the
3109 3438 142 27 accordeon,
3275 3438 84 25 others
3388 3447 44 16 en-

2894 3477 89 32 joying
2991 3477 44 25 the
3060 3476 43 25 bat
3119 3477 50 25 and
3176 3477 69 30 'ball,
3263 3478 92 33 racing,
3373 3480 59 31 tugs

2896 3522 28 24 of
2940 3529 51 16 -war
3007 3521 51 24 and
3063 3518 120 35 Ramping
3195 3529 56 17 was
3268 3522 100 24 entered
3378 3522 54 25 into

2896 3563 61 26 with
2968 3564 54 25 that
3033 3564 107 31 genuine
3151 3564 82 30 offort,
3246 3564 186 27 characteristic

2896 3607 27 26 of
2936 3609 56 24 true
3002 3609 77 27 sport.

2894 3671 3 4 .
2928 3652 38 24 As
3000 3651 105 31 evening
3120 3658 70 17 came
3224 3658 41 22 on,
3290 3659 15 17 a
3332 3653 101 30 general

2895 3695 94 24 muster
3012 3701 51 17 was
3079 3693 73 25 made
3186 3693 40 25 for
3248 3695 48 27 tea,
3321 3693 43 25 Mr
3379 3694 52 25 and

2895 3736 53 25 Mrs
2966 3735 105 31 McKay,
3088 3735 87 34 kindly
3191 3736 135 25 consented
3339 3738 29 23 to
3375 3735 58 32 join

2895 3779 44 24 the
2949 3780 89 30 party,-
3047 3778 62 25 then
3128 3779 47 24 full
3191 3778 92 32 justice
3301 3786 50 17 was
3367 3778 67 26 done

2895 3822 27 24 to
2938 3821 72 25 those
3033 3821 63 31 good
3121 3819 87 33 things
3230 3820 42 25 the
3299 3820 79 26 ladies
3406 3821 27 25 of

2895 3863 70 25 View
2982 3863 55 24 Hill
3047 3871 43 17 are
3107 3871 56 17 sure
3182 3865 27 22 to
3231 3863 101 31 provide
3342 3863 44 25 fo&
3398 3871 36 17 an

2895 3906 96 32 outing.
3026 3905 76 26 Votes
3119 3905 27 25 of
3155 3904 93 27 thanks
3271 3905 50 26 and
3332 3906 102 34 ringing

2895 3949 85 26 cheers
2998 3957 61 17 were
3081 3950 157 31 then-given
3260 3952 27 23 to
3307 3951 46 24 the-
3372 3951 61 25 kind

2894 3993 86 31 people
2992 3992 28 25 of
3034 3991 163 32 Woodstock^
3212 3993 40 24 for
3274 3992 41 26 the
3326 3993 45 25 full
3382 3993 52 26 and

2894 4034 88 32 hearty
2993 4035 118 25 welcome
3128 4034 60 33 they
3206 4035 52 25 had
3269 4036 72 31 given
3361 4038 26 23 to
3400 4036 34 25 all

2895 4074 72 26 those
2987 4074 58 26 who
3067 4074 51 26 had
3138 4078 74 28 spent
3234 4077 28 23 at
3281 4074 153 28 Woodstock

2961 4118 23 24 A
2999 4118 84 32 happy
3100 4118 61 25 New
3190 4117 88 26 Year's
3299 4118 65 32 Day.

1112 49 176 34 OXFORD
1336 51 228 34 OBSERVER
1609 52 236 44 SATURDAY,
1887 59 207 33 JANUARY
2161 61 50 37 11,
2270 61 91 31 1896.
2439 58 29 40 f

2946 4205 140 26 EVENTS
3104 4205 44 26 OF
3165 4206 73 25 THE
3255 4203 118 29 WIIEK.

2896 4288 197 33 TueidayiJan.
3112 4290 41 24 14.
3165 4281 106 42 JQiorary
3282 4297 73 26 open,
3373 4290 65 28 from

2947 4346 3 2 ■
2965 4329 15 25 (5
2998 4330 40 24 30.
3050 4336 25 24 p.
3086 4336 39 18 m.
3136 4330 28 25 to
3182 4330 24 25 8.
3227 4337 26 25 p.
3266 4339 33 17 m.

2896 4371 133 32 Thursday
3040 4372 62 25 Jan.
3116 4374 40 23 16.
3168 4373 75 25 Bank
3265 4381 74 24 open.
3375 4374 59 27 Sale

2966 4414 56 33 day.
3068 4414 108 34 Library
3194 4424 65 24 open
3279 4416 91 33 during
3380 4416 57 33 day.

2901 4457 144 35 Saturday^
3048 4457 59 28 Jan.
3119 4461 34 25 18
3155 4473 10 21 r
3168 4459 112 34 14hrary
3290 4453 64 41 bpwi
3370 4461 70 26 from

2909 4500 14 30 h
2940 4502 112 39 \s*?Q-
3064 4509 26 27 V*
3102 4510 36 20 in*
3151 4506 26 24 to
3189 4505 24 24 8'
3226 4497 73 42 Pvin.
