3520 4650
2350 3864 80 49 The
2457 3864 159 49 Oxford
2643 3864 239 49 Observer.

2350 3913 282 143 PUBLISHED
2663 3913 219 143 WEEKLY.

2360 4056 165 21 SATURDAY
2566 4057 108 21 MARCH
2701 4058 27 20 28
2736 4064 37 17 th,
2808 4059 61 20 1896.

2365 4169 55 32 AN
2453 4170 252 33 IMPORTANT
2742 4172 122 38 QUES-

2559 4222 115 32 TION.

2384 4304 28 30 A
2440 4305 87 30 cable
2563 4315 141 32 message
2743 4310 141 40 recently

2344 4346 154 39 appeared
2519 4346 40 40 m,
2577 4348 55 30 the
2661 4349 86 41 daily
2772 4359 112 32 papers

2344 4387 118 39 stating
2497 4387 69 31 that
2600 4389 56 31 the
2687 4391 197 38 Queensland

2345 4427 86 32 State
2445 4427 83 33 Note
2542 4429 85 32 issue
2649 4441 65 22 was
2729 4443 19 19 a
2761 4432 122 33 failnre.

2345 4469 66 31 The
2446 4476 73 24 note
2554 4471 84 32 issue
2672 4474 33 30 m
2741 4475 143 39 question

2344 4521 99 21 seems
2468 4516 33 26 to
2535 4512 81 32 have
2653 4514 77 31 been
2758 4516 126 31 devised

2344 4552 98 42 solely
2477 4556 34 29 to
2537 4554 119 34 relievo
2688 4556 55 33 the
2778 4556 106 34 Banks

2922 235 82 29 from
3018 235 66 29 risk
3099 235 34 28 of
3145 245 19 19 a
3178 235 89 30 crisis
3290 235 114 29 caused
3420 233 40 39 by

2921 286 19 20 a
3123 275 46 31 As
3204 275 55 31 the
3287 277 90 28 notes
3406 285 52 20 are

2919 317 81 38 legal
3015 316 110 30 tender
3144 316 77 39 they
3250 321 84 25 must
3354 317 38 29 be
3408 327 48 19 ac-

2920 358 109 39 cepted
3072 357 198 41 everywhere
3309 357 31 30 m
3371 357 89 37 Que-

2917 398 131 31 ensland
3070 408 33 20 as
3119 409 111 30 money
3258 408 34 20 as
3316 399 80 40 good
3422 408 33 20 as

2917 440 84 40 gold.
3037 440 66 30 The
3117 440 214 40 presumption
3345 440 27 30 is
3387 440 68 30 that

2916 482 78 39 they
3008 482 65 30 will
3097 485 55 26 not
3175 481 40 30 be
3243 481 165 40 presented
3422 487 33 23 at

2917 523 54 30 the
2986 523 155 39 Treasury
3155 526 32 25 to
3202 532 62 30 any
3283 525 107 27 extent
3403 522 51 30 for

2916 563 194 40 redemption
3124 564 33 29 m
3172 563 82 39 gold,
3280 563 83 30 since
3377 564 77 38 they

2916 604 79 30 have
3009 604 113 30 behind
3136 604 86 29 them
3248 604 53 29 the
3315 608 138 34 greatest

2916 645 135 39 security
3065 644 70 29 that
3157 654 98 29 paper
3269 654 111 30 money
3394 654 58 20 can

2915 685 84 35 hold,
3044 686 54 28 the
3134 687 171 36 guarantee
3338 685 33 28 of
3399 685 54 29 the

2918 725 97 30 State.
3058 725 38 29 In
3121 725 120 39 issuing
3263 725 86 29 these
3363 728 88 27 notes

2917 769 32 26 at
2963 766 68 30 first
3046 766 52 29 the
3127 765 211 30 Government
3362 766 88 29 made

2917 817 18 19 a
2958 809 88 37 great
3077 806 131 30 mistake
3239 806 34 29 m
3302 806 151 39 charging

2916 849 21 28 4
2961 858 56 29 per
3032 851 70 27 cent
3129 847 51 30 for
3208 847 94 30 them.
3346 846 107 31 Banks

2916 899 52 20 are
2993 893 56 26 not
3074 888 95 41 going
3196 892 34 26 to
3258 888 72 39 give
3354 889 21 28 4
3400 898 53 30 per

2916 934 71 27 cent
3014 931 49 29 for
3102 939 95 30 paper
3225 939 114 29 money
3363 929 88 30 wheu

2915 976 74 35 they
3004 982 59 20 can
3088 974 52 37 get
3169 969 72 41 gold
3269 970 62 29 and
3361 970 92 30 silver

2916 1023 111 30 money
3055 1018 33 24 at
3116 1015 59 27 two
3204 1016 33 25 to
3274 1009 88 33 three
3400 1022 53 29 per

2915 1058 80 25 cent.

2957 1094 65 32 The
3036 1094 97 31 result
3149 1103 62 21 was
3227 1093 69 30 that
3312 1093 52 30 the
3380 1093 73 39 plan

2915 1146 63 20 was
3001 1147 18 19 a
3033 1136 123 33 failure,
3178 1135 63 29 and
3256 1144 45 20 we
3316 1144 52 19 are
3382 1144 70 18 sur~

2917 1177 101 36 prised
3033 1176 68 30 that
3115 1175 75 30 such
3206 1175 124 30 evident
3345 1183 106 21 causes

2914 1218 49 29 for
2976 1218 54 29 the
3053 1218 110 29 failure
3182 1227 81 19 were
3285 1219 57 27 not
3366 1216 87 29 fore-

2915 1270 80 19 seen.
3039 1259 64 30 The
3118 1268 70 20 new
3211 1258 89 39 plan,,
3320 1256 133 40 adopted

2914 1302 31 27 m
2958 1301 53 29 the
3040 1300 162 38 following
3230 1308 84 30 year,
3338 1298 26 30 is
3388 1298 64 30 also

2915 1342 162 30 defective,
3101 1352 33 19 as
3161 1350 122 30 anyone
3309 1340 144 38 acquain-

2916 1383 52 30 ted
3025 1383 75 30 with
3138 1392 111 29 money
3285 1380 168 40 principles

2917 1429 80 25 must
3013 1424 94 39 easily
3123 1434 59 19 see.
3226 1422 65 29 The
3309 1422 145 29 Govern-

2917 1469 83 25 ment
3023 1464 183 39 apparently
3235 1464 98 29 issues
3363 1466 89 26 note
3453 1464 1 39 3

2917 1509 32 25 to
2964 1505 52 30 the
3041 1505 109 29 Bunks
3175 1505 33 28 m
3230 1504 160 38 exchange
3404 1504 49 29 for

2917 1546 59 41 3BJ
3005 1557 57 28 per
3089 1549 72 27 cent
3189 1545 33 30 of
3259 1545 83 38 gold.
3387 1544 66 31 The

2915 1588 172 39 remaining
3102 1587 61 37 66^
3176 1596 58 29 per
3255 1589 71 27 cent
3341 1586 112 29 carries

2916 1632 61 26 two
2991 1639 55 29 per
3067 1631 71 27 cent
3165 1629 140 33 interest,
3328 1627 57 29 but
3400 1637 50 28 ap-

2915 1670 136 39 pears'to
3079 1670 39 29 be
3133 1668 115 39 wholly
3270 1668 182 35 unsecured,

2915 1710 62 29 and
3004 1711 33 28 m
3067 1710 53 29 the
3152 1712 94 27 event
3274 1709 33 29 of
3331 1709 122 29 trouble

2915 1752 179 38 happening
3108 1754 33 26 to
3157 1761 61 29 any
3235 1750 33 28 of
3281 1750 54 29 the
3356 1749 97 30 banks

2914 1793 122 39 issuing
3062 1791 87 31 these
3173 1795 98 32 notes,
3292 1790 54 31 the
3371 1790 82 31 Gov-

2915 1836 142 27 ernment
3098 1831 106 32 would
3247 1832 124 29 become
3399 1831 54 29 the

2915 1875 96 29 losers
3032 1877 35 26 to
3091 1874 72 29 that
3190 1883 164 19 enormous
3382 1883 71 28 pro-

2915 1916 124 39 portion
3074 1916 29 27 of
3140 1913 51 30 the
3226 1914 91 29 issue.
3396 1912 57 31 We

2915 1957 114 29 should
3052 1955 94 31 think
3169 1955 54 30 the
3250 1955 81 30 local
3353 1954 99 31 banks

2915 1998 101 30 would
3027 1997 90 42 jump
3133 2000 32 26 at
3179 1996 53 31 the
3248 1996 125 36 chance,
3392 1996 60 29 and

2913 2039 76 40 they
3013 2039 80 30 have
3117 2039 81 29 done
3226 2047 51 26 so;
3316 2038 55 29 but
3398 2037 54 30 the

2913 2079 165 31 non-local
3105 2078 108 39 banks,
3256 2078 196 39 recognising

2913 2121 54 29 the
3004 2121 141 29 unsound
3149 2130 67 20 ness
3252 2119 33 30 of
3321 2119 77 30 such
3434 2130 18 19 a

2915 2162 130 37 scheme,
3067 2162 94 30 insist
3185 2171 40 20 on
3253 2161 118 39 paying
3397 2161 54 30 the

2915 2203 152 40 Treasury
3088 2203 73 40 gold
3189 2203 34 29 m
3250 2201 58 30 full
3334 2202 51 29 for
3398 2201 53 30 the

2914 2247 88 27 notes
3017 2244 102 30 which
3133 2244 76 39 they
3224 2243 73 30 take
3312 2253 51 30 up.
3387 2242 64 30 The

2915 2285 199 38 Queensland
3129 2285 219 34 Government,
3363 2284 88 30 how^

2914 2337 80 27 ever,
3009 2327 80 29 have
3103 2326 110 30 shown
3227 2325 33 29 m
3270 2335 19 19 a
3300 2324 151 40 practical

2914 2378 68 29 way
2997 2367 68 30 that
3079 2368 50 29 for
3142 2366 99 30 which
3253 2374 64 22 the
3329 2374 120 22 people

2914 2409 57 29 has
3001 2408 173 30 contended
3216 2408 53 30 the
3307 2408 83 29 issue
3418 2408 33 29 of

2915 2460 112 28 money
3055 2453 34 26 to
3113 2449 55 29 the
3195 2449 132 29 farmers
3342 2458 41 20 on
3397 2448 54 30 the

2915 2491 135 29 security
3072 2490 33 29 of
3127 2490 82 29 their
3240 2489 86 30 lands
3342 2493 33 26 at
3388 2491 63 27 two

2915 2541 57 29 per
2998 2535 80 25 cent.

2955 2571 100 30 When
3064 2572 54 29 the
3130 2570 212 31 Government
3350 2571 102 30 shows

2915 2613 77 28 than
3006 2613 26 28 it
3047 2622 57 20 can
3133 2612 70 40 give
3217 2612 101 29 sound
3340 2621 111 29 money

2915 2657 32 26 to
2962 2653 53 30 the
3029 2653 107 30 Banks
3159 2655 33 27 at
3213 2656 63 27 two
3301 2662 56 30 per
3372 2656 80 27 cent,

2916 2695 131 30 without
3079 2704 61 29 any
3170 2694 136 38 security
3342 2697 33 26 at
3403 2693 50 37 all,

2915 2737 70 29 how
2999 2736 94 29 much
3119 2745 85 21 more
3232 2735 127 30 evident
3379 2735 27 30 it
3427 2735 25 30 is

2915 2777 69 30 that
2999 2787 19 19 a
3046 2775 210 32 Government
3286 2786 56 20 can
3371 2776 83 31 issue

2915 2829 112 29 money
3041 2821 33 27 to
3103 2818 53 30 the
3184 2818 132 31 farmers
3345 2822 33 26 at
3393 2822 60 26 two

2915 2871 56 28 per
2985 2864 71 26 cent
3069 2870 41 19 on
3138 2859 54 29 the
3222 2860 68 29 best
3318 2859 135 40 security

2916 2900 69 30 that
3000 2911 57 19 can
3071 2901 39 29 be
3126 2901 103 38 given,
3251 2900 54 30 the
3317 2900 135 40 security

2916 2942 32 29 of
2976 2941 53 31 the
3057 2941 74 30 land
3143 2942 14 28 ?
3279 2946 85 25 want
3396 2951 57 19 our

2915 2983 125 30 readers
3054 2986 34 26 to
3102 2982 92 30 think
3218 2982 64 30 this
3297 2993 83 19 over.
3423 2982 31 29 It

2915 3024 25 29 is
2956 3034 19 19 a
2994 3026 81 27 most
3103 3024 172 38 important
3303 3023 150 39 problem.

2917 3065 40 30 Of
2973 3075 106 20 course
3094 3075 46 20 we
3156 3064 80 30 shall
3251 3065 37 29 be
3302 3065 66 29 told
3385 3065 70 29 that

2915 3107 76 30 such
3006 3117 19 20 a
3052 3106 74 39 plan
3150 3106 63 29 will
3238 3107 39 29 be
3302 3106 106 29 unfair
3423 3109 32 27 to

2916 3149 52 28 the
2983 3147 116 35 Banks,
3122 3147 62 28 and
3209 3147 65 29 will
3300 3147 156 39 engender

2916 3189 81 29 their
3026 3188 182 39 opposition.
3260 3187 48 30 No
3336 3188 120 29 banker

2915 3229 71 30 who
3009 3227 207 32 understands
3241 3228 49 30 his
3313 3228 142 31 business

2916 3271 102 29 would
3034 3271 153 29 entertain
3205 3280 62 20 any
3282 3270 77 30 such
3376 3271 78 30 idea.

2916 3311 27 29 A
2954 3311 118 30 banker
3088 3311 25 30 is
3129 3321 19 19 a
3159 3311 104 30 dealer
3276 3312 34 28 m
3325 3322 111 29 money
3446 3323 7 23 ;

2917 3353 59 30 and
2988 3353 25 29 it
3027 3353 26 29 is
3069 3363 76 28 very
3160 3353 82 29 clear
3255 3353 81 29 from
3346 3356 109 27 recent

2917 3394 161 30 dividends
3124 3393 68 30 that
3236 3393 52 30 the
3311 3424 3 2 .
3330 3398 126 35 present

2919 3438 113 36 system
3048 3434 34 30 of
3106 3434 140 39 banking
3274 3434 27 30 is
3315 3435 137 39 unprofi-

2918 3477 88 37 table,
3044 3476 129 29 because
3207 3486 113 29 money
3347 3477 28 28 is
3403 3479 51 28 too

2916 3517 75 30 dear
3005 3520 33 27 to
3053 3517 37 30 be
3104 3517 75 30 used
3191 3516 176 41 profitably.
3394 3517 62 32 The

2916 3557 98 32 result
3029 3558 26 29 is
3084 3561 87 37 great
3200 3558 209 40 depreciation
3422 3560 33 29 m

2916 3600 160 29 securities
3092 3599 62 29 and
3182 3599 100 40 heavy
3311 3601 97 31 losses
3423 3604 31 26 to

2916 3641 54 29 the
2984 3639 118 31 Banks.
3145 3640 87 30 With
3249 3641 78 30 such
3346 3652 19 19 a
3379 3645 76 27 met-

2916 3681 63 30 hod
2993 3691 34 20 as
3042 3691 46 23 we
3104 3681 150 31 advocate
3269 3682 53 30 the
3333 3693 124 20 reverse

2916 3723 240 30 circumstances
3200 3724 105 29 would
3340 3724 115 31 follow.

2915 3763 27 30 A
2957 3763 143 31 stimulus
3116 3764 103 30 would
3247 3764 38 31 be
3314 3765 95 40 given
3424 3769 31 27 to

2916 3805 177 29 settlement
3114 3806 63 28 and
3205 3806 158 40 industry,
3386 3817 68 29 pro-

2915 3848 92 37 perty
3022 3845 104 31 would
3150 3857 41 29 go
3220 3857 43 29 up
3291 3847 32 30 m
3354 3848 99 38 value,

2915 3886 91 30 Bank
3020 3886 160 31 securities
3195 3888 100 30 would
3325 3890 40 29 be
3393 3889 64 29 im-

2914 3928 119 38 proved
3048 3928 62 29 and
3138 3928 53 30 the
3205 3930 142 40 banking
3376 3930 81 31 risks

2914 3968 136 31 reduced
3078 3973 33 26 to
3126 3979 20 20 a
3161 3969 171 31 minimum.

2958 4009 68 30 The
3041 4010 71 40 plan
3137 4010 27 30 is
3184 4010 69 41 just
3267 4021 35 20 as
3317 4013 93 30 much
3424 4013 33 30 m

2915 4050 53 31 the
2984 4051 144 30 interests
3143 4051 36 30 of
3187 4052 55 31 the
3271 4053 136 30 bankers
3422 4064 34 21 as

2916 4090 33 33 of
2963 4092 54 31 the
3028 4093 114 40 public,
3164 4093 71 31 who
3261 4094 104 31 would
3380 4095 78 31 ben-

2916 4134 54 31 efit
2984 4133 42 31 all
3041 4134 101 30 round
3156 4134 44 41 by
3227 4135 56 31 the
3296 4137 165 31 increased

2916 4178 129 28 amount
3073 4176 33 30 of
3141 4187 114 30 money
3290 4181 59 37 put
3390 4179 68 31 into

2917 4217 190 31 circulation.
3153 4217 111 32 Under
3292 4220 78 30 such
3400 4221 58 31 cir-

2917 4262 194 27 cumstances
3143 4259 55 31 the
3249 4262 212 41 unemployed

2918 4299 153 41 difficulty
3086 4301 107 30 would
3206 4302 166 40 disappear
3381 4314 8 35 j
3404 4304 55 31 the

2918 4344 128 37 exports
3081 4342 104 31 would
3229 4344 37 30 be
3300 4344 164 33 increased

2918 4386 193 36 consequent
3138 4393 42 21 on
3207 4384 55 31 the
3298 4385 166 34 decreased

2919 4427 67 28 cost
2999 4425 35 30 of
3062 4425 186 39 production
3260 4436 8 28 ;
3290 4427 82 33 New
3386 4429 78 31 Zea-

2919 4466 75 30 land
3005 4466 104 31 would
3137 4477 148 31 progress
3312 4468 45 43 by
3378 4471 87 40 leaps

2920 4507 64 31 and
3006 4507 135 33 bounds.
3186 4509 90 33 With
3298 4521 20 21 a
3332 4517 135 36 country

2908 4549 72 32 'full
3015 4549 35 33 of
3083 4560 165 25 resources
3290 4551 64 34 like
3393 4553 79 32 New

1168 91 170 32 OXFORD
1375 93 230 31 OBSERVER
1672 89 240 36 SATURDAY,
1998 88 152 31 MARCH
2215 89 51 36 28,
2310 89 80 30 1896

2347 231 47 43 J.
2417 231 55 42 T.
2501 231 202 51 Brown,
2724 231 42 41 &
2787 231 96 42 Son

2401 296 112 21 TIMBER
2523 296 18 21 &
2552 296 73 21 COAL
2639 295 184 22 MERCHANTS.

2523 334 166 21 IMPOBTEJRS

2348 371 35 27 Of
2412 372 142 27 TIMBER
2583 372 55 27 and
2667 372 50 27 All
2747 372 88 27 Kinds
2860 371 24 28 of

2401 419 187 27 BUILDING
2614 418 223 28 MATERIALS.

2538 466 152 27 CORNER

2348 507 165 26 COLOMBO
2555 509 19 23 &
2603 508 98 25 TUAM
2731 506 153 26 STREETS

2506 552 195 25 Christohuroh

2347 753 232 27 CANTERBURY
2600 755 95 25 LAND
2713 754 171 26 DISTRICT.

2370 787 115 25 SMALL
2508 788 159 24 GRAZING
2691 787 71 24 RUN
2782 787 90 25 OPEN

2461 821 69 25 FOR
2564 821 203 25 SELECTION.

2378 853 24 25 It
2421 854 22 24 is
2474 854 90 32 hereby
2580 854 104 25 notified
2709 854 27 24 m
2755 856 79 23 terms
2860 853 24 26 of

2347 886 62 24 'The
2421 887 72 24 Land
2513 887 48 25 Act
2581 888 72 24 1892'
2667 887 49 24 and
2737 887 62 24 'The
2811 886 73 24 Land

2346 919 35 24 for
2406 919 145 26 Settlement
2574 921 55 29 Act,
2660 921 73 24 1894'
2756 921 57 24 that
2840 919 44 25 the

2346 952 224 26 undermentioned
2598 954 73 24 lands
2689 961 40 17 are
2746 961 56 17 now
2820 961 64 24 open

2346 985 37 25 for
2395 987 148 29 application
2566 988 27 23 at
2604 987 51 24 this
2668 987 69 24 office
2749 987 79 24 under
2842 987 41 24 the

2347 1018 81 25 Small
2442 1019 111 32 Grazing
2565 1020 59 24 Run
2644 1021 106 30 System.

2378 1051 97 24 Section
2495 1053 16 22 2
2526 1053 92 31 Ashley
2638 1053 83 31 Gorga
2735 1053 149 24 Settlement

2346 1084 49 23 and
2407 1085 100 24 Section
2521 1086 89 24 36589.
2646 1086 64 24 Area
2724 1087 47 23 915
2780 1093 35 17 ac.
2829 1086 52 24 2ro.

2346 1117 39 30 2p.
2410 1117 98 25 Annual
2526 1120 57 23 rent
2617 1120 67 23 101
2708 1121 53 22 11s.
2805 1119 78 24 Plans

2350 1156 62 24 may
2424 1149 30 24 be
2467 1157 59 18 seen
2545 1153 26 22 at
2582 1151 113 31 Railway
2715 1152 111 24 Stations
2834 1151 48 24 and

2346 1181 60 25 Post
2435 1182 96 30 Offices,
2558 1183 49 25 and
2635 1183 116 26 obtained
2780 1192 33 17 on
2840 1192 42 23 ap-

2346 1214 100 25 lication
2458 1218 26 22 at
2493 1216 49 25 this
2555 1218 75 23 office.

2510 1260 22 24 I.
2554 1260 40 24 W.
2615 1261 30 23 A.
2666 1260 199 26 MARCHANT.

2346 1291 103 24 District
2461 1292 74 24 Land
2557 1293 52 24 and
2616 1295 96 29 Survey
2725 1295 67 23 office
2809 1295 73 24 Com-

2346 1324 126 24 missioner
2484 1326 25 23 of
2522 1326 87 24 Crown
2625 1326 90 26 Lands.

2626 1359 189 26 Christchurch.

2401 1463 196 42 MUSICAL
2637 1465 181 42 TUITION

2346 1531 140 39 PIANO,
2515 1531 188 39 SItfGING,
2727 1533 157 38 VIOLIN,

2387 1573 147 31 ORGAN
2600 1574 85 31 ETC.
2748 1576 94 30 ETC.

2449 1646 63 30 MR
2550 1646 30 31 S.
2612 1647 182 34 MAYSON.

2346 1708 65 31 Has
2447 1710 161 30 vacancies
2637 1710 48 30 for
2706 1710 102 40 pupils
2849 1711 33 29 m

2475 1756 97 29 above
2608 1757 146 39 subjects.

2444 1870 88 25 Terms
2562 1879 31 17 on
2623 1872 159 31 application.

2346 1970 188 45 Pianos
2557 1972 100 43 and
2682 1971 199 57 Organs

2474 2038 79 24 tuned
2570 2038 50 24 and
2636 2038 121 31 repaired.

2346 2094 115 26 AGENT
2479 2096 68 25 FOR
2565 2096 137 25 MILNER
2714 2097 167 26 THOMSON

2493 2182 83 42 FOR
2620 2183 115 41 SALE

2378 2246 49 25 AN
2441 2246 156 25 UPRIGHT
2611 2247 118 25 GRAND
2741 2248 107 25 PIANO

2378 2319 169 26 Instruments
2559 2329 45 16 can
2616 2321 31 25 be
2664 2322 121 32 procured
2795 2330 33 17 on
2839 2322 43 25 the

2346 2363 56 25 time
2419 2367 119 29 payment
2550 2366 98 30 system.

2489 2410 74 24 From
2576 2411 33 23 1
2628 2418 15 16 a
2656 2411 94 25 month.

2414 2498 116 25 SHEET
2543 2498 108 25 MUSIC
2660 2499 37 24 IN
2708 2499 108 26 STOCK

2347 2543 144 38 SONGS,
2715 2546 167 31 DUETTS

2496 2592 120 25 VIOLIN
2628 2593 115 25 SOLOS.

2347 2641 116 26 Address.
2500 2642 118 32 Opposite
2648 2643 72 25 Bank
2737 2643 27 25 of
2790 2643 32 25 N.
2853 2644 29 24 Z.

2542 2697 148 25 OXFORD.

2454 2783 323 49 TENDERS.

2347 2851 172 26 TENDERS
2537 2860 41 16 are
2597 2853 94 25 invited
2715 2853 38 25 for
2775 2853 44 26 the
2839 2854 45 25 fol-

2352 2876 21 33 -1
2394 2885 90 30 lowing
2495 2886 26 23 at
2545 2885 101 25 Glentui
2669 2887 48 24 and
2739 2886 145 26 Wharfdale

2347 2918 47 24 and
2406 2918 52 24 will
2469 2918 30 24 be
2522 2918 108 25 received
2651 2919 37 24 till
2708 2928 63 16 noon
2783 2928 30 17 on
2827 2922 57 24 Sat-

2347 2951 78 31 urday
2437 2951 68 28 April
2518 2952 53 24 4th.
2584 2954 69 23 next.

2381 2984 109 31 Making,
2530 2985 114 32 Clearing
2679 2987 47 23 and
2761 2987 123 32 widening

2347 3016 99 25 Drains.
2745 3020 15 23 4
2791 3019 58 26 lots.

2348 3050 63 24 Flax
2423 3049 118 33 stubbing
2552 3050 50 25 and
2613 3050 110 34 burning
2741 3053 14 23 2

2348 3083 77 25 Gorse
2740 3087 12 23 1

2382 3116 118 33 Splitting
2522 3125 16 16 a
2557 3118 68 31 large
2648 3119 88 31 supply
2759 3119 28 25 of
2806 3122 76 29 posts,

2347 3149 67 28 rails,
2430 3149 81 25 stakes
2523 3150 50 24 and
2585 3151 122 24 firewood.

2383 3182 186 31 Specifications
2583 3184 51 23 and
2657 3184 148 25 Conditions
2828 3193 56 23 may

2347 3214 30 26 be
2389 3223 59 17 seen
2468 3218 26 22 at
2517 3217 40 23 the
2578 3215 105 26 Station.

2381 3250 14 23 5
2413 3257 23 23 p.
2449 3257 21 16 c.
2489 3249 27 25 of
2534 3251 103 23 amount
2660 3250 25 24 m
2707 3250 96 25 Tender
2816 3253 68 23 must

2347 3290 151 24 accompany
2510 3282 68 25 each.

2380 3315 52 24 The
2455 3316 86 24 lowest
2553 3324 28 16 or
2593 3324 49 23 any
2665 3316 97 25 Tender
2773 3318 45 24 not
2830 3325 54 17 nec-

2363 3348 93 32 ssarily
2474 3349 123 31 accepted.

2544 3382 91 25 JOHN
2656 3382 228 30 O'HALLORAN,

2758 3417 126 31 Manager.

2348 3485 173 59 WANTED
2559 3486 109 24 Tenders
2702 3487 39 24 for
2778 3487 106 31 clearing

2432 3518 76 25 about
2527 3520 32 23 60
2575 3519 88 25 chains
2681 3519 27 25 of
2730 3520 76 29 drain,
2831 3522 53 22 ten-

2347 3551 55 25 ders
2432 3553 26 23 to
2487 3551 29 25 be
2545 3553 56 24 sent
2628 3552 28 24 m
2685 3560 32 17 on
2747 3560 26 17 or
2801 3553 82 24 before

2347 3584 119 32 Tuesday,
2498 3585 69 31 April
2596 3585 53 25 7th.
2696 3586 108 24 Further
2823 3594 61 23 par-

2347 3617 102 25 ticulars
2461 3626 47 16 can
2526 3619 27 23 be
2565 3618 116 25 obtained
2690 3626 32 17 on
2734 3619 149 31 appliaction

2347 3654 26 21 to

2566 3683 28 25 C.
2613 3683 202 31 MEHRTENS,

2700 3717 64 25 East
2782 3717 100 26 Oxford.

1919 248 128 21 DOUBLE
2068 247 112 20 WIDTH

1796 310 195 45 DRESS
2047 310 257 45 TWEEDS

1959 381 80 39 (half
2054 381 95 39 price)

1836 441 184 39 Homespun
2036 441 35 29 6
2089 439 100 31 worth
2206 440 39 29 10
2248 439 17 40 J

1793 493 102 30 better
1920 492 90 30 velue
2036 491 75 30 than
2137 491 170 38 travelling

1857 547 127 39 drapers
1999 546 64 30 will
2079 546 70 39 give
2164 556 70 30 you.

1794 615 210 41 1/*B!S
2046 615 258 41 JACKETS

1886 667 80 29 New
1989 667 78 29 This
2090 665 125 31 Season

1780 716 35 29 8s
1839 715 40 29 6d
1923 715 145 30 Reduced
2084 714 80 30 from
2222 716 54 28 12s
2299 716 18 28 6

1780 778 38 27 15
1843 777 40 29 6d
2222 778 54 28 20s
2298 778 20 28 0

1796 877 238 26 MANCHESTER
2052 878 248 26 DEPARTMENT.

1779 949 114 36 Prints,
1916 950 114 30 checks
2045 951 61 29 and
2130 951 113 39 stripes

1779 1004 96 30 Table
1899 1004 160 35 Damasks,
2083 1004 192 30 unbleached

1860 1054 115 39 special
1997 1055 93 29 value
2107 1053 80 32 from
2206 1054 44 40 1/-

1778 1110 116 30 Brown
1930 1109 139 30 Holland
2104 1121 78 29 very
2218 1110 98 39 cheap

1778 1160 192 31 Flannelette
1986 1160 59 30 and
2062 1160 151 40 Shirting,
2236 1161 81 39 good

1860 1212 90 30 value
1971 1212 79 30 from
2074 1213 50 29 4d.

1776 1263 94 30 Floor
1893 1262 92 32 Cloth
2006 1264 82 40 good
2111 1267 32 27 at
2166 1264 49 31 9d.

1775 1314 90 31 Wide
1888 1316 113 29 Forfar
2024 1319 32 26 at
2079 1316 49 29 6d.

1815 1415 117 31 BOTS
1965 1415 309 31 DEPARTMENT.

1960 1512 22 25 T
1997 1520 57 17 now
2064 1512 116 25 continue
2192 1516 25 20 to
2229 1513 87 24 devote

1857 1537 60 39 *f*L
1960 1537 22 34 -L
2018 1545 99 32 Special
2136 1545 131 26 Attention
2290 1549 27 22 to

1785 1570 154 47 yj^&rMk
1999 1586 11 18 3
2051 1587 12 16 e
2064 1587 15 23 P
2082 1587 27 16 ar
2111 1581 9 23 t
2122 1587 22 16 m
2147 1581 49 27 ent,
2210 1580 50 23 and
2278 1587 38 16 am

1778 1619 168 58 \S/|py||j
2004 1638 73 21 NOW
2105 1638 156 21 OFFERING

1818 1697 103 55 jiff
2043 1715 103 20 LARGE
2161 1716 75 21 LINE

1816 1771 27 55 Vj
1870 1771 38 40 W
2013 1790 142 22 KNICKER
2176 1791 85 22 SUITS

1816 1822 27 39 Ji
1865 1812 86 41 Jf~=
1959 1826 26 20 at
1999 1825 41 21 the
2059 1825 118 27 following
2191 1825 125 21 SPECIAL

1959 1861 108 21 PRICES
2077 1871 35 12 :

1836 1904 32 21 To
1877 1904 29 21 fit
1915 1904 60 26 Boys
1985 1906 13 19 3
2008 1904 72 21 Tears
2091 1904 35 26 5/6
2155 1906 13 19 5
2178 1905 71 21 Years
2264 1905 35 27 5/6

1993 1939 13 21 7
2017 1939 72 21 Years
2100 1939 36 27 5/6
2155 1940 13 20 9
2178 1939 73 21 Years
2266 1939 36 28 5/6

1845 1993 56 48 ft.
1942 1996 58 45 H.
2032 1993 218 50 PARISH

1907 2069 102 50 East
2039 2071 165 49 Oxford

1914 2250 263 45 NOTICE.

1811 2332 82 26 MISS
1915 2334 103 24 TRITT
2030 2334 60 32 begs
2111 2337 26 23 to
2149 2344 129 17 announce
2290 2339 26 23 to

1777 2375 42 25 the
1842 2375 83 32 public
1937 2376 27 25 of
1982 2377 94 25 Oxford
2088 2378 56 25 that
2164 2379 45 25 she
2220 2379 22 25 is
2261 2387 57 18 now

1778 2421 75 29 agent
1876 2419 38 25 for
1937 2420 115 26 Powell's
2077 2421 129 26 Columbia
2227 2423 89 30 Fitter,

1777 2462 52 24 and
1839 2462 23 25 is
1880 2464 114 31 prepared
2007 2466 26 22 to
2053 2464 58 26 take
2122 2467 82 30 pupils
2225 2466 38 25 for
2274 2467 44 25 the

1778 2504 85 26 above.
1888 2506 50 25 For
1959 2508 75 24 terms
2046 2508 49 25 and
2114 2508 35 26 all
2170 2509 148 32 particulars

1779 2548 76 33 apply
1875 2551 34 27 to,
1928 2550 82 25 MISS
2029 2551 111 30 TRITT,

1946 2593 88 30 Queen
2058 2594 91 31 Street,

2010 2637 63 25 East
2102 2638 100 25 Oxford.

1779 2775 225 27 PREVENTION
2022 2777 33 25 IS
2072 2777 139 27 BETTER
2224 2779 94 26 THAN

2013 2819 104 24 CURE.

1893 2891 54 25 that
1959 2891 44 25 the
2015 2892 131 25 Influenza
2158 2893 128 32 Epidemic
2297 2895 22 24 is

1780 2918 31 30 ll
1853 2923 77 25 about
1949 2925 41 24 the
2009 2925 183 33 neighbouring
2210 2927 109 26 districts

1779 2964 32 16 no
1823 2956 75 26 home
1910 2957 88 25 should
2011 2958 30 24 be
2052 2959 105 25 without
2168 2960 44 24 the
2233 2962 85 30 Platy-

1779 2996 46 23 pus
1830 2989 87 25 Brand
1929 2991 25 24 of
1966 2991 155 32 Eucalyptus
2131 2992 124 25 Globulu3
2267 2994 51 23 Ex-

1770 3036 2 9 i
1780 3024 64 23 tract
1856 3024 25 23 to
1894 3023 30 24 be
1937 3023 76 25 taken
2025 3033 67 23 upon
2109 3033 82 24 fugar,
2212 3035 29 16 or
2257 3027 26 23 m
2304 3035 15 15 a

1779 3055 65 25 little
1855 3056 72 25 milk.
1963 3057 52 24 The
2027 3061 66 22 most
2107 3059 150 26 convenient
2269 3060 50 25 and

1780 3089 111 30 pleasant
1904 3097 53 24 way
1970 3094 26 21 to
2008 3091 57 24 take
2088 3091 157 33 Eucalyptus
2257 3093 22 25 is
2291 3093 28 25 m

1779 3121 32 25 he
1823 3122 120 31 Platypus
1955 3123 87 25 Brand
2062 3124 28 25 of
2107 3124 146 32 Euacyptus
2273 3127 45 24 Ju-

1776 3154 82 30 jubes,
1870 3155 58 31 they
1941 3163 41 17 are
1990 3156 27 23 m
2028 3156 62 24 such
2099 3165 15 15 a
2121 3158 125 30 palatable
2253 3159 65 25 form

1778 3188 114 29 pleasant
1933 3190 27 22 to
1994 3190 71 27 taste,
2107 3190 132 31 antiseptic
2269 3192 50 24 and

1779 3219 140 25 stimulant.
1965 3221 116 31 Sprinkle
2104 3230 63 24 your
2193 3224 125 26 Landker-

1780 3252 67 25 chief
1855 3252 50 25 and
1924 3261 84 18 rooms
2020 3255 59 24 with
2099 3257 43 23 the
2159 3257 42 25 oil.

1780 3304 26 25 BE
1818 3304 58 26 SURE
1884 3305 42 26 YOU
1938 3306 117 26 PURCHASE
2064 3308 46 26 THE
2121 3309 115 27 PLATYPUS
2246 3311 73 25 BRAND

1857 3350 31 25 R.
1901 3351 91 25 Parish
2004 3352 83 32 Agent
2098 3353 39 25 for
2150 3353 101 26 Oxford.

1780 3393 75 26 Office
1862 3394 39 25 No
1912 3396 13 23 9
1941 3395 175 33 Cathedralsq.
2135 3397 184 26 Christchurch

1837 3500 71 44 2
1940 3500 319 48 KEWAKD.

1821 3580 47 30 2
1883 3578 189 32 REWARD
2097 3582 63 29 will
2185 3583 37 29 be
2245 3584 73 39 paid

1779 3624 32 27 to
1833 3631 62 30 any
1914 3631 113 30 person
2046 3632 35 19 or
2103 3632 128 31 persons
2248 3625 70 31 who

1779 3663 64 29 will
1880 3664 72 38 give
1998 3664 78 30 such
2115 3664 203 33 information

1780 3703 101 30 which
1909 3703 65 31 will
1995 3703 69 32 lead
2100 3707 34 28 to
2163 3705 54 31 the
2247 3716 69 22 con-

1778 3744 115 30 viction
1923 3745 34 30 of
1991 3744 52 32 the
2079 3746 141 32 offender
2247 3748 71 31 who

1778 3785 96 39 lately
1888 3786 164 41 destroyed
2067 3787 88 31 fence
2169 3789 62 30 and
2244 3793 74 35 gate

1778 3835 40 20 on
1848 3825 295 33 GOVERNMENT
2168 3833 149 37 property

1780 3865 190 32 Woodstock
1999 3868 91 30 Boad
2124 3868 89 32 View
2248 3871 68 30 Hill

1778 3907 81 29 Run.

1902 3947 37 31 D.
1964 3948 37 31 G.
2025 3948 248 35 MATHESON.

1913 4053 266 49 NOTICE.

1797 4129 119 32 VIEW
1937 4129 104 33 HILL
2058 4133 142 33 SHEEP
2222 4136 74 32 DIP

1945 4174 208 37 COMPANY.

1782 4272 111 59 rLL
1911 4273 153 28 Commence
2081 4277 104 34 dipping
2214 4280 56 26 first
2291 4280 28 26 of

1851 4305 122 26 MARCH
1984 4315 34 25 up
2029 4310 28 24 to
2067 4310 44 26 the
2117 4311 56 26 first
2194 4312 29 26 of
2231 4313 84 30 MAY,

1778 4345 40 24 Id.
1847 4345 70 26 each.
1979 4346 121 29 Brooke's
2130 4351 97 27 Perfect
2265 4353 51 33 Dip

1776 4385 69 26 used.

1810 4428 42 26 AH
1868 4429 75 32 sheep
1959 4430 91 33 dipped
2067 4433 63 26 after
2147 4435 42 26 the
2208 4436 70 26 30tk.
2291 4437 28 25 of

1776 4466 72 33 April
1864 4466 53 28 will
1933 4468 30 26 be
1979 4469 111 33 charged
2107 4473 56 30 ld.

2009 4507 130 34 Manager.

2062 4549 194 32 W..HUBEB*.

1209 237 246 45 KAIAPOI
1499 235 252 47 TWEEDS.

1209 315 84 21 SUITS
1303 315 87 20 MADE
1401 315 37 20 TO
1449 315 143 20 MEASURE
1607 315 82 20 FROM
1705 317 45 19 50s.

1209 371 122 78 FULL
1347 371 144 30 RANGE
1504 372 35 29 of
1547 371 62 30 this
1623 372 126 30 Season'

1288 411 146 31 Patterns
1454 416 33 26 to
1518 412 92 31 hand.

1465 465 27 22 at

1312 506 37 30 R
1375 505 41 30 .H
1439 506 198 32 PARISH'S

1355 567 91 26 EAST
1464 568 147 26 OXFORD.

1325 616 135 22 INTENDS
1490 619 38 20 TO
1557 618 74 21 SELL

1209 655 178 30 seasonable
1397 656 96 38 goods
1504 663 32 23 at
1542 658 101 38 prices
1653 658 98 30 below

1209 705 70 29 that
1298 705 33 30 of
1346 717 61 29 any
1432 706 223 32 Christchurch
1680 709 68 30 firm

1254 818 168 34 ALL
1460 820 247 34 WOOL

1209 946 132 40 cheaper
1355 947 76 30 than
1448 959 56 19 can
1526 950 38 29 be
1576 951 173 38 purchased

1208 1001 31 26 at
1269 998 123 31 auction
1422 1010 35 19 or
1476 1000 82 31 from
1597 1002 151 31 itinerant

1393 1047 137 39 drapers:

1465 1127 51 18 <~

1307 1189 344 42 PARISH'S

1281 1307 55 35 XJ
1499 1307 159 30 JjUlij

1223 1442 179 74 ttpliP
1453 1474 263 42 YOUTHS'

1246 1572 137 68 Jmm
1483 1572 64 34 jm>
1580 1572 103 36 wool

1239 1631 20 64 I
1283 1667 81 33 ymg
1413 1654 178 26 GOLONIAL
1616 1657 129 24 tweed

1213 1693 132 97 i||l
1458 1728 218 35 SUITS

1246 1816 128 32 From
1399 1815 89 40 12/6
1510 1823 73 31 per
1606 1817 94 37 suit.

1274 1873 80 33 (three
1364 1874 137 32 garments,
1519 1873 80 25 worth
1613 1874 65 32 255.)

1208 1918 93 25 Cannot
1313 1920 25 24 he
1347 1919 136 31 purchased
1495 1923 24 20 at
1536 1918 172 25 GhristcTiurch
1720 1927 27 15 or

1322 1963 123 24 elsewhere
1457 1967 25 20 at
1490 1963 36 23 the
1535 1964 76 30 price.

1207 2021 72 81 M
1281 2022 99 30 Men's
1395 2023 101 29 Black
1507 2022 69 30 S.B.
1588 2023 57 30 Sac
1656 2022 91 31 Coats

1306 2064 50 29 for
1380 2064 129 40 Sunday
1523 2064 63 29 and
1609 2064 139 39 Holiday

1208 2114 81 21 wear
1298 2104 146 31 Reduced
1453 2106 84 29 from
1549 2104 67 40 25/-
1629 2109 33 26 to
1673 2104 74 41 15/6

1206 2200 28 30 A
1249 2202 102 39 Large
1367 2203 61 30 Lot
1444 2203 32 30 of
1500 2202 107 31 Gents'
1635 2203 114 40 Heavy

1208 2252 111 31 Tweed
1357 2254 171 31 Overcoats
1561 2254 100 31 below
1681 2259 68 26 cost

1207 2294 94 39 price.

1432 2348 31 13 >-
1514 2350 9 13 <

1237 2391 143 47 LACE
1432 2391 288 49 CURTAINS

1208 2501 95 50 inn
1333 2501 37 43 D
1372 2499 99 32 AIRS
1488 2501 33 30 of
1537 2500 210 32 CURTAINS

1209 2532 93 47 lUU
1333 2543 23 36 1
1413 2541 110 30 Ijate&fc
1547 2541 136 40 Designs

1303 2586 83 30 from
1416 2588 44 29 2s.
1474 2597 56 29 per
1558 2588 79 39 pair.

1306 2687 357 43 MI'IUNSIiY.

1210 2775 119 30 Ladies'
1354 2774 87 31 Rock
1456 2775 103 31 Straw
1575 2776 132 31 Boaters

1355 2827 107 41 Fancy
1486 2828 94 30 Sailoi

1209 2889 93 41 Boys'
1319 2890 62 30 and
1396 2889 100 31 Maids
1514 2890 143 32 Galateas

1211 2984 100 29 Black
1327 2983 120 30 French
1465 2984 182 30 Cashmeres

1209 3034 101 30 Black
1325 3036 28 28 &
1367 3034 64 31 Col.
1451 3035 124 30 French
1594 3035 156 32 Merinoes

1241 3180 255 26 FLANNELETTS
1510 3182 19 23 &
1542 3181 189 29 3ALATEAS,

1209 3240 30 23 In
1263 3240 124 31 quantity
1411 3240 49 25 *nd
1481 3241 116 32 qualities
1616 3249 72 17 never
1707 3243 42 30 yet

1209 3278 87 32 placed
1308 3278 81 25 before
1402 3278 92 26 Oxford
1506 3278 98 33 buyers.
1616 3279 68 26 Such
1695 3281 55 30 pat-

1210 3320 76 26 terns,
1300 3317 61 24 such
1373 3318 105 28 colours,
1493 3318 61 25 such
1567 3320 118 27 textures,
1695 3320 55 23 that

1210 3363 48 17 one
1268 3356 127 30 naturally
1407 3356 58 25 asks
1477 3357 55 24 how
1544 3356 59 32 they
1615 3364 43 17 are
1677 3357 73 24 made

1210 3396 38 25 for
1270 3396 44 25 the
1335 3397 75 30 price.
1455 3397 43 31 My
1522 3396 116 32 Glasgow
1661 3397 89 31 buyers

1210 3434 114 31 pounced
1341 3442 67 24 upon
1429 3442 15 17 a
1467 3435 51 24 line
1540 3435 68 24 fresh
1627 3435 64 24 from
1707 3435 43 24 the

1209 3472 87 30 looms,
1309 3473 73 24 made
1394 3472 122 25 excellent
1528 3473 76 24 terms
1624 3473 62 24 with
1707 3473 43 24 the

1209 3510 95 29 maker,
1314 3510 103 32 shipped
1429 3512 25 23 at
1467 3518 61 18 once
1540 3511 26 25 to
1575 3518 48 21 me,
1634 3510 50 25 and
1691 3510 59 26 here

1211 3550 58 32 they
1281 3558 50 22 are,
1345 3558 66 18 some
1423 3552 49 24 100
1484 3551 89 32 pieces,
1582 3551 49 25 and
1638 3551 13 25 I
1662 3551 87 25 intend

1211 3592 25 22 to
1248 3590 73 24 make
1333 3598 14 16 a
1359 3591 70 25 noise
1450 3591 76 25 about
1550 3591 70 25 them
1630 3599 6 22 ;
1649 3599 32 17 no
1702 3599 47 17 one

1210 3630 49 24 else
1270 3630 47 25 has
1330 3630 40 24 the
1382 3632 113 29 patterns
1502 3638 6 22 ;
1521 3638 33 18 no
1577 3638 48 18 one
1648 3631 51 26 else
1723 3631 27 25 m

1211 3668 42 24 the
1265 3668 71 24 trade
1345 3675 47 17 can
1405 3668 61 24 offer
1483 3668 63 24 such
1557 3670 80 24 value.

1237 3707 258 25 FLANNELETTE
1512 3708 28 24 2s
1559 3709 49 23 lid
1616 3708 79 25 dozen
1704 3708 46 32 yds

1209 3756 28 16 or
1249 3756 47 23 any
1308 3747 87 32 length
1407 3749 42 23 cut
1462 3749 26 23 at
1509 3748 33 24 8d
1559 3756 44 23 per
1623 3748 70 31 yard.
1728 3749 21 24 A

1209 3786 113 31 splendid
1338 3793 78 24 range
1433 3785 27 25 of
1474 3787 121 30 patterns.

1230 3935 516 47 DRESSMAKING.

1292 4045 96 32 MISS
1411 4047 34 30 E.
1464 4047 199 37 HAWKER,

1211 4102 11 39 (
1232 4103 94 39 Pupil
1340 4103 33 30 of
1392 4103 75 31 Miss
1482 4103 139 40 Keating
1644 4103 103 31 Scien-

1208 4143 65 31 tific
1284 4143 211 39 Dressmaker,
1510 4144 236 41 Christchurch)

1250 4195 81 39 Begs
1354 4199 34 27 to
1422 4197 115 29 inform
1573 4197 56 29 her
1658 4196 90 40 Lady

1208 4235 132 30 Friends
1399 4237 54 29 she
1467 4237 28 30 is
1510 4246 72 20 now
1596 4237 151 40 prepared

1208 4279 33 26 to
1256 4277 90 29 make
1363 4277 119 30 dresses
1496 4278 33 29 m
1543 4277 205 31 Fashionable

1208 4317 62 30 and
1275 4317 109 31 Latest
1395 4317 108 41 styles,
1514 4321 34 27 at
1559 4318 190 31 Reasonable

1208 4357 136 41 charges.

1259 4408 49 27 She
1347 4408 48 26 has
1424 4409 123 33 arranged
1583 4409 37 26 for
1648 4412 100 30 present

1209 4447 199 27 WOBKROOM
1432 4451 26 23 at
1487 4449 71 26 MRS
1578 4449 169 28 ESKETT'S

1208 4487 120 33 Opposite
1338 4487 75 26 Bank
1423 4487 29 26 of
1460 4487 64 26 New
1533 4487 112 26 Zealand
1653 4488 95 26 Oxford

1333 4529 56 35 Bay
1399 4530 71 27 Boad
1484 4530 134 27 Entrance.

697 234 205 44 TOWN
934 234 186 44 HALL

734 301 105 30 EAST
884 301 185 30 OXFORD.

638 384 138 25 EASTER
788 385 147 25 MONDAY
948 384 106 25 APRIL
1068 385 22 22 6.
1105 384 43 24 189
1148 384 30 24 G.

884 482 48 16 THE

639 517 150 31 ROGER
819 517 156 30 HOLLIS
1012 516 166 30 DRAMA-

755 568 68 31 TIC
861 567 201 34 COMPANY

642 637 112 25 'iIHLL
767 638 72 23 make
852 637 65 25 their
924 638 54 24 first
990 644 151 23 appearance
1154 639 26 21 at

653 675 27 20 TT
715 670 91 23 Oxford
830 670 51 23 and
903 670 105 30 perform
1021 670 159 23 Robertson's

638 703 131 30 charming
787 702 108 31 Comeuy
919 703 27 23 m
970 702 71 24 three
1060 704 53 22 acts
1122 720 6 4 .

639 869 67 24 Hon.
720 867 61 25 Geo.
795 867 37 24 De
845 867 76 31 Alroy
955 867 42 24 Mr
1009 866 61 25 Geo.
1084 866 91 25 Clifton

639 906 104 31 Captain
756 905 112 25 Hautree
907 905 40 24 Mr
959 904 89 25 Hiram
1061 904 114 24 Dunford

639 946 87 25 Eccles
928 944 40 24 Mr
991 945 83 30 Roger
1095 944 81 24 Hollis

640 987 60 25 Sam
718 985 120 32 Gerridge
905 986 43 23 Mr
965 985 30 24 R.
1018 985 9 11 I
1028 985 21 24 S.
1077 984 101 25 Hollow

639 1025 85 24 Dixon
936 1023 41 23 Mr
995 1023 25 23 J.
1041 1023 38 23 De
1104 1023 72 23 Maus

639 1063 111 32 Marquis
764 1062 37 25 De
815 1063 38 24 St.
867 1062 73 24 Maur
985 1062 52 24 Mrs
1060 1062 118 31 Simpson

638 1104 92 24 Esther
742 1102 88 25 Eccles
934 1102 63 24 Miss
1009 1102 79 31 Hetty
1101 1102 77 24 Wells

638 1143 72 30 Polly
722 1142 89 23 Eccles
912 1140 63 23 Miss
1000 1139 80 24 Grace
1104 1140 73 24 Clark

671 1180 47 24 Act
731 1180 11 22 1
748 1197 6 6 .
766 1178 52 25 The
830 1177 66 25 little
909 1177 76 25 house
1009 1177 26 24 m
1058 1177 119 31 Staugate

642 1216 173 32 Courtship.

738 1255 78 32 (lapse
829 1253 26 25 of
872 1253 68 32 eight
963 1253 113 33 months)

671 1296 47 24 Act
730 1296 24 23 2.
776 1295 53 24 The
852 1294 115 31 Lodging
990 1294 26 24 m
1035 1293 108 32 Mayfair

638 1333 161 32 Matrimony.

671 1379 46 23 Act
729 1378 24 23 3.
767 1377 53 24 The
841 1376 64 25 little
924 1376 78 25 houpe
1014 1376 26 24 m
1054 1377 122 30 Staugate

670 1415 167 28 Widowhood,

682 1518 102 33 Variety
795 1518 72 25 items
879 1518 111 24 between
1002 1518 44 24 the
1062 1518 68 24 Acts.

703 1617 99 25 Pianist
823 1617 42 24 Mr
884 1617 40 24 W.
947 1617 24 24 J.
997 1616 110 25 Carlisle.

672 1661 76 32 Stage
771 1660 129 33 Manager,
941 1660 82 32 Roger
1046 1660 92 25 Hollis.

637 1700 155 27 Admission,
820 1699 87 24 Chairs
931 1699 50 24 and
1006 1699 77 23 Front
1108 1699 67 27 Seat,

637 1740 36 24 2s.
709 1739 69 24 Back
803 1739 71 24 Seats
898 1740 36 23 Is.
971 1739 78 24 Come
1070 1739 68 30 early
1158 1738 20 23 if

636 1787 49 25 you
696 1779 61 24 wish
775 1780 26 23 to
814 1786 84 17 secure
910 1786 15 16 a
943 1777 76 25 chair.
1055 1777 121 25 Childien

815 1817 56 24 half
889 1817 75 31 price.

770 1855 36 24 To
834 1854 121 25 conclude
981 1853 62 25 with

709 1900 28 29 A
778 1899 155 31 PUBLIC
978 1899 123 30 BALL.

638 1951 140 25 Admission
790 1952 26 23 to
835 1949 65 29 Ball,
920 1949 88 26 Gents.
1023 1951 37 24 2s.
1088 1949 89 26 Ladies

721 1990 36 23 Is.
770 1997 27 16 or
811 1988 42 25 lib
865 1989 28 24 of
901 1988 189 25 refreshments.

680 2132 106 31 EAST
810 2132 168 30 OXFORD
1002 2131 134 32 TOWN

844 2182 127 32 HALL.

739 2244 139 30 FRIDAY,
900 2243 112 30 APRIL,
1035 2245 40 23 10.

861 2288 103 20 GRAND

747 2335 129 39 SCOTCH
922 2334 152 39 CONCERT

884 2398 47 15 AND

639 2424 535 40 CONVERSAZIONE.

806 2478 28 23 m
861 2476 41 25 aid
921 2476 26 25 of
968 2476 43 25 the

685 2517 139 25 OXFORD
863 2515 268 26 PRESBYTERIAN

829 2556 152 25 CHURCH.

673 2596 78 26 Vocal
763 2596 50 25 and
833 2595 184 25 Instrumental
1037 2595 80 24 Music
1129 2594 51 25 and

644 2640 155 25 Recitations
818 2639 34 32 by
870 2639 77 24 Local
974 2638 79 25 talent
1075 2638 104 24 assisted

642 2683 31 32 by
695 2683 92 25 friends
807 2683 61 24 from
889 2682 67 28 Cust,
981 2681 126 32 Rangiora
1129 2681 51 24 and

642 2723 185 26 Christchurch.

674 2767 98 31 During
794 2767 42 24 the
867 2765 104 25 interval
1003 2765 175 24 refreshments

641 2805 50 25 will
703 2805 30 24 be
745 2805 100 24 handed
858 2803 88 26 round.

708 2849 193 26 ADMISSION
922 2852 26 22 to
962 2849 34 24 all
1018 2848 71 25 Seats
1111 2850 34 23 Is.

773 2890 118 25 Children
921 2889 123 31 sixpence.

742 2933 150 25 Commence
904 2934 26 22 at
948 2933 15 23 8
980 2932 100 24 o'clock.

718 3069 178 32 BAPTIST
926 3068 178 31 CHURCH

773 3121 88 26 EAST
894 3120 154 25 OXFORD.

885 3161 55 24 The

658 3200 246 24 ANNIVERSARY
918 3199 69 24 TEA
1000 3197 163 25 MEETING

807 3243 50 24 will
869 3242 30 25 be
910 3242 59 25 held
981 3250 33 16 on

642 3287 92 26 GOOD
753 3286 138 30 FRIDAY,
910 3285 106 26 APRIL
1034 3285 53 25 3rd.
1108 3285 72 25 1896.

642 3332 49 23 Tea
704 3330 50 25 and
766 3330 113 30 Concert,
900 3330 97 25 Tickets
1034 3329 89 24 Adults
1143 3330 37 23 Is.

642 3370 118 26 Children
773 3370 40 25 9d.
849 3370 108 25 Concert
970 3370 66 31 only.
1051 3369 42 26 6d.
1112 3369 68 24 each.

642 3412 60 24 New
714 3410 80 25 music
806 3412 32 30 by
850 3410 43 25 the
911 3410 69 24 choir

781 3558 254 48 POISON.

643 3649 156 59 HAVING
828 3649 50 25 had
913 3649 75 30 sheep
1016 3647 99 25 worried
1140 3654 38 17 re-

704 3683 91 30 cently,
814 3683 88 31 poison
921 3682 22 24 is
955 3689 56 17 now
1023 3680 51 24 laid
1086 3688 31 16 on
1139 3687 42 23 my

640 3717 61 24 land
718 3718 27 22 at
767 3715 71 25 West
863 3715 101 28 Oxford,
995 3714 50 24 and
1068 3713 35 25 all
1120 3713 61 31 dogs

640 3750 78 25 found
735 3749 104 24 thereon
858 3748 50 25 will
927 3748 28 24 be
974 3746 138 32 destroyed.

885 3787 95 31 Signed

875 3828 52 23 Mrs
955 3827 29 23 A.
1004 3826 124 24 BOOTH.

1144 3863 24 24 2.

681 4016 57 43 T.
778 4014 357 55 KENNEDY,

761 4077 289 32 BLACKSMITH.

639 4136 83 40 Begs
737 4138 33 28 to
785 4135 143 30 iufcimafce
960 4136 33 27 to
1008 4132 53 31 the
1072 4133 107 39 public

640 4178 33 29 of
702 4177 119 30 Oxford
867 4175 62 31 and
969 4174 210 40 surrounding

639 4218 132 31 District
785 4218 69 30 that
866 4217 39 30 he
917 4217 56 30 has
983 4216 197 31 commenced

639 4259 142 30 business
818 4269 32 19 as
896 4257 138 31 General
1070 4255 110 31 Black-

640 4298 100 40 smith,
791 4303 77 27 next
900 4301 33 28 to
962 4298 52 30 Mr
1041 4296 138 41 Lough's

639 4339 83 31 Near
738 4339 71 32 Sale
825 4340 110 36 Yards,
950 4339 79 30 East
1044 4338 134 36 Oxford,

640 4381 61 29 and
729 4380 96 41 hopes
854 4381 42 40 by
912 4380 89 32 strict
1025 4379 154 32 attention

640 4424 32 27 to
706 4421 149 37 business,
884 4425 33 27 to
952 4422 39 30 be
1027 4421 153 31 favoured

630 4453 2 19 1
639 4461 76 32 with
730 4462 83 30 their
827 4466 141 37 support.

680 4501 43 32 N-
741 4501 36 32 B.
802 4502 136 42 Shoeing
966 4515 19 19 a
1005 4503 171 41 speciality.

49 260 21 13 .
81 232 518 33 WAIMAKARIRI-ACHLEY

41 265 177 48 %ATER
228 281 165 33 SUPPLY
404 282 202 32 DISTRICT

120 361 146 26 SPECIAL
284 361 92 26 LOAN
403 362 44 25 OF
476 362 81 25 500.

65 405 167 25 COOPER'S
241 405 118 25 CREEK
368 405 239 25 SUB-DIVISION

68 449 143 59 Pursuant
235 451 26 23 to
286 449 43 25 the
341 449 139 32 provisions
501 449 26 25 of
539 449 69 25 '-The

124 482 117 25 Counties
266 482 47 25 Act
326 484 73 28 1886,
423 483 48 24 and
493 483 43 24 the
550 483 58 24 Acts

68 516 139 31 amending
226 516 42 24 the
281 524 78 19 same,
378 516 49 24 and
526 516 83 24 Water

68 550 97 31 Supply
189 550 55 27 Act,
403 549 51 24 and
479 549 43 24 the
548 549 60 24 Acts

67 583 137 31 amending
227 584 42 23 the
294 590 77 21 same,
402 583 49 24 and
472 582 34 24 all
536 582 72 24 other

70 624 97 23 powers
178 616 26 23 m
228 616 57 23 that
309 615 86 25 behalf
416 617 131 22 thereunto
566 623 41 16 en-

72 649 85 30 abling
180 649 71 23 them

106 684 132 28 N<fTICE
262 688 22 24 is
303 687 89 31 hereby
416 688 72 30 given
517 686 57 24 that
590 688 20 22 it

70 723 23 23 is
106 723 42 23 the
165 721 123 24 intention
313 721 26 24 of
358 721 40 23 the
424 719 185 24 Waitnakariri-

73 755 94 31 Ashley
183 755 84 25 Water
284 754 92 31 Supply
402 752 83 26 Board
508 757 26 21 to
546 753 63 24 raise

74 797 16 16 a
103 788 90 32 special
206 789 70 22 Loan
288 795 32 15 on
333 787 43 23 the
388 787 106 30 security
510 786 49 24 and
572 785 37 25 for

75 822 44 24 the
139 820 65 25 *york
225 819 144 25 mentioned
390 818 85 25 below.
616 832 2 20 I

77 867 22 22 1.
134 864 53 24 The
199 863 133 32 particular
352 862 67 25 work
442 862 122 31 proposed
584 863 26 22 to

75 898 31 24 be
119 897 151 24 undertaken
282 897 21 22 is
324 897 42 22 the
387 895 221 24 COMPLETION

77 931 27 24 of
114 931 41 24 the
167 933 92 28 system
282 929 28 24 of
319 929 84 23 Water
428 928 93 30 Supply
543 928 66 23 from

75 964 115 30 Cooper's
203 961 77 26 Creek
303 961 38 24 for
365 961 42 24 the
429 961 90 24 servico
531 960 26 24 of
567 960 43 24 the

74 996 87 25 Lands
172 995 88 25 within
273 994 42 25 the
329 994 115 31 Cooper's
464 994 77 24 CreeK
553 992 56 25 sub-

76 1030 105 23 division
193 1029 27 24 of
236 1029 43 23 the
298 1028 111 23 District.

77 1069 24 24 2.
138 1069 52 23 The
202 1076 56 16 sum
279 1074 102 24 propose
405 1071 24 20 to
441 1065 31 25 be
484 1065 126 26 borrowed

75 1102 38 24 for
125 1101 61 25 such
207 1108 105 24 purpose
325 1100 20 24 is
365 1100 79 24 500.

76 1147 25 21 8.
136 1145 25 23 It
172 1144 22 23 is
216 1143 122 31 proposed
360 1144 25 22 to
406 1142 86 31 pledge
511 1149 27 16 as
559 1149 48 15 sec-

77 1177 65 31 urity
167 1177 38 24 for
217 1177 60 24 such
299 1175 80 25 Loan.

110 1218 45 23 Ist.
197 1216 53 24 The
270 1217 76 26 rents,
367 1216 66 23 rates
453 1214 46 24 anii
520 1213 89 31 profits

75 1250 100 24 derived
187 1250 64 24 from
263 1249 43 24 the
317 1248 59 29 sale,
390 1247 89 31 letting
491 1247 50 24 and
553 1255 57 16 user

74 1283 27 25 of
122 1285 75 22 water
229 1282 112 31 supplied
369 1281 32 31 by
431 1280 42 25 the
494 1280 115 31 Cooper's

77 1316 77 25 Creek
199 1318 92 27 system
337 1314 27 24 of
407 1319 74 18 water
512 1314 95 30 supply,

77 1349 63 24 after
177 1348 129 32 providing
350 1347 38 24 for
430 1347 177 26 maintenance,

77 1382 99 32 repairs,
201 1384 53 22 cost
272 1382 27 23 of
319 1380 130 31 collecting
471 1380 46 23 and
541 1380 68 23 other

78 1424 135 22 necessary-
219 1414 110 31 working
341 1414 134 30 Expenses.

75 1448 61 24 2nd.
172 1448 21 24 A
214 1447 96 31 Special
330 1446 98 24 Annual
447 1446 71 27 Rate,
542 1446 21 23 if
571 1453 36 16 re-

75 1481 93 31 quired,
183 1481 37 24 foi*
232 1483 42 21 the
294 1487 105 24 purpose
418 1479 26 24 of
458 1478 100 31 making
575 1486 33 23 up

75 1521 50 24 any
144 1513 133 31 deficiency
297 1512 27 25 of
341 1520 46 17 one
406 1511 111 31 farthing
528 1511 24 23 m
566 1511 43 24 the

78 1547 91 32 pound,
202 1554 31 16 on
252 1547 44 23 the
313 1545 107 25 rateable
440 1545 71 23 value
532 1544 26 24 of
576 1544 32 24 all

77 1580 73 25 lands
161 1580 88 24 within
267 1579 43 24 the
331 1579 111 31 Cooper's
463 1577 77 25 Creek
552 1578 55 24 sub-

77 1613 105 25 division
201 1613 25 23 of
242 1612 42 24 the
294 1612 112 27 District,
426 1610 133 24 benefitled
577 1610 30 31 by

77 1646 61 25 such
158 1645 73 28 work,
268 1645 131 24 estimated
418 1646 26 22 at
467 1652 14 15 a
500 1643 108 24 rateable

77 1679 72 25 value
170 1678 26 25 of
217 1679 119 26 44,000.

108 1712 64 28 And,

75 1744 125 26 NOTICE
214 1744 21 24 is
247 1743 91 31 hereby
360 1742 97 26 further
468 1744 73 31 given
553 1742 55 26 that

75 1786 16 17 a
111 1777 107 31 meeting
235 1776 27 25 of
278 1777 41 24 the
339 1776 152 32 Ratepayers
519 1775 26 25 of
566 1777 42 24 the

75 1811 113 31 Cooper's
218 1809 78 25 Creek
322 1808 46 25 sub
371 1810 114 24 -division
512 1808 27 25 of
566 1809 42 25 the

263 1842 94 31 Ashley
399 1843 85 24 Water
514 1841 95 33 Supply

75 1876 114 28 District,
202 1875 50 24 will
263 1876 28 23 be
310 1875 59 24 held
380 1883 33 16 on
425 1875 130 31 Thursday
567 1876 41 23 the

74 1909 55 25 7th.
142 1909 46 30 day
200 1909 26 23 of
238 1907 60 32 May
322 1908 63 24 189G
405 1909 25 23 at
442 1910 11 22 t
455 1908 13 10 u
472 1916 12 15 e
503 1908 62 23 hour
582 1909 27 23 of

75 1942 16 24 8
103 1951 22 23 p.
139 1949 34 17 m.
186 1943 26 23 at
231 1940 43 25 the
293 1940 76 25 Office
381 1940 25 25 of
425 1940 43 25 the
488 1940 83 25 Board
583 1942 26 23 at

75 1975 99 30 Oxford,
188 1975 38 24 for
241 1975 41 23 the
294 1982 105 23 purpose
411 1975 26 23 of
453 1974 154 32 considering

74 2008 43 26 the
130 2008 53 25 said
194 2008 122 32 proposal.

106 2048 80 25 Dated
199 2047 50 25 this
263 2047 62 25 20th
337 2047 47 31 day
396 2047 27 24 of
433 2047 87 24 Marcli
534 2048 73 24 1896.

239 2087 88 25 JOHN
356 2087 218 25 O'HALLORAN

270 2130 134 25 Chairman
418 2130 26 25 of
456 2131 40 24 the
517 2130 90 25 Board.

138 2174 32 26 G.
200 2174 178 25 JOHNSTON
397 2174 178 29 WEBSTER,

240 2217 127 28 Secretary
397 2219 26 23 to
451 2219 41 23 the
519 2217 90 25 Board.

541 2257 23 24 6.

206 2316 251 47 NOTICE

70 2422 400 26 WAIMAKARIRI-ASHIiEY
484 2422 127 25 WATER

174 2466 134 25 SUPPLY
339 2466 171 25 DISTRICT.

105 2532 164 25 COOPER'S
299 2532 116 24 CREEK
455 2532 123 24 WATER

301 2570 141 25 SUPPLY.

70 2636 173 25 mENDERS
261 2643 41 16 are
319 2635 95 24 invited
437 2635 39 24 for
498 2635 43 24 the
564 2635 46 24 fol-

75 2675 23 19 X
119 2669 92 31 lowing
233 2668 91 25 works.

72 2702 60 25 Part
144 2702 25 25 of
181 2702 118 25 Contract
320 2702 47 24 No.
379 2702 24 23 4.

103 2735 176 25 Construction
296 2735 26 24 of
340 2735 76 25 about
437 2736 32 24 90
489 2734 85 25 chains
587 2735 27 24 of

73 2769 89 24 Water
174 2768 120 28 Channel,
313 2770 56 28 part
386 2768 102 24 boulder
500 2767 107 31 pitched,

72 2802 51 25 and
134 2803 56 30 part
210 2802 57 24 with
285 2801 64 29 falls,
369 2801 50 25 and
442 2800 168 26 construction

70 2835 29 25 of
120 2838 49 21 two
192 2836 113 23 concrete
328 2835 122 27 Culverts,
482 2835 60 23 GOft.
562 2834 47 24 and

73 2869 63 23 20ft.
157 2868 28 23 m
207 2867 97 32 length.

106 2908 77 25 Plans
195 2907 50 24 and
256 2907 179 31 specifications
448 2915 46 16 can
507 2906 29 25 bs
553 2915 58 16 seen

72 2942 27 23 at
110 2941 44 25 the
166 2941 76 24 Office
259 2941 28 24 of
301 2942 42 23 the
360 2940 83 25 Board
461 2942 26 22 at
508 2940 103 29 Oxford,

73 2974 80 24 where
172 2973 98 25 tenders
288 2973 133 24 addressed
433 2976 25 21 to
470 2973 43 24 the
526 2973 86 24 Chair-

74 3014 66 21 man,
165 3007 51 24 will
235 3008 28 22 be
280 3006 108 24 received
406 3009 45 21 not
469 3005 64 25 later
550 3006 61 23 than

75 3041 33 23 10
125 3047 47 17 ara.
186 3047 32 17 on
231 3039 138 31 Thursday,
389 3038 71 32 April
473 3038 50 25 2nd
540 3040 68 24 18DG.

106 3080 54 24 The
191 3079 86 25 lowest
310 3087 27 17 or
366 3087 50 24 any
445 3079 98 25 Tender
570 3082 43 21 not

73 3113 149 31 necessarily
240 3113 122 30 accepted.

174 3153 31 24 G.
232 3153 181 24 JOHNSTON
432 3153 179 28 WEBSTER,

273 3196 127 32 Engineer
419 3198 23 22 to
461 3196 42 24 the
521 3196 90 24 Board.

573 3241 22 22 ].

98 3317 175 30 OXFORD
296 3317 115 30 ROAD
434 3318 156 30 BOARD.

76 3405 142 24 VTOTICE
237 3406 20 24 is
274 3405 92 32 hereby
395 3406 71 31 given
496 3406 56 25 that
571 3407 42 23 the

77 3430 31 32 1\
134 3438 89 30 Bridge
235 3446 56 17 over
303 3438 95 32 Woody
416 3438 84 32 Gully,
520 3439 92 31 Ashley

75 3470 82 32 Gorge
185 3471 78 29 Road,
294 3471 21 23 is
341 3471 82 25 closed
456 3471 38 25 for
523 3472 88 28 traffic,

75 3503 91 32 during
183 3504 93 31 repairs
302 3512 54 17 now
385 3504 73 32 beiog
486 3505 125 24 executed.

174 3542 38 31 By
231 3542 77 25 Order

193 3584 111 27 JAMES
326 3586 33 24 H.
380 3586 123 29 SHAPE,

259 3628 73 25 Clerk
350 3633 24 20 to
387 3629 43 25 the
442 3629 91 31 Board,

108 3667 16 23 2

96 3765 176 31 OXFORD
294 3765 117 31 ROAD
433 3765 154 32 BOARD.

73 3863 173 26 rrENDERS
264 3872 41 17 are
327 3865 94 25 invited
441 3865 38 26 for
500 3865 43 26 the
566 3865 44 26 fol-

80 3891 21 29 JL
122 3896 91 31 lowing
230 3897 85 24 Work.

79 3938 147 31 Ohingling
243 3939 74 25 about
330 3942 15 23 6
358 3940 84 25 chains
454 3941 27 24 of
494 3941 117 26 Steffen's

79 3974 27 23 U
125 3971 79 25 Road.
240 3972 101 32 Making
359 3973 127 32 Approach
495 3976 26 23 to
533 3974 78 25 Creek

75 4006 27 24 at
114 4004 103 26 Booth's
228 4004 99 32 Bridge.
353 4005 174 34 Constructing
544 4007 67 25 Ford

75 4037 72 25 Main
176 4037 71 25 Bush
275 4038 50 24 and
352 4039 41 24 old
432 4040 58 25 Mill
518 4040 91 26 Roads.

75 4070 103 31 Pulling
194 4072 45 24 out
266 4071 101 25 Culvert
395 4074 27 22 at
450 4072 71 26 Main
540 4073 70 25 Bush

75 4103 48 25 and
142 4103 163 26 Grimwood's
323 4104 70 25 Road
410 4105 50 24 and
476 4105 83 33 filling
576 4115 33 23 up

74 4137 60 25 with
157 4136 122 26 boulders.

114 4177 99 32 jetting
235 4178 51 24 and
317 4177 118 32 breaking
458 4178 58 32 fifty
538 4179 73 31 yards

75 4209 28 24 of
122 4210 75 24 metal
220 4211 26 24 at
269 4210 124 25 Griffith's
413 4219 99 25 quarry.

109 4249 163 36 TENDERS
303 4252 26 23 to
348 4251 31 24 be
402 4252 56 24 sent
477 4252 28 24 m
527 4252 84 25 before

77 4281 149 32 12gock
246 4290 65 17 noon
331 4291 34 17 on
388 4283 221 27 WEDNESDAY

75 4308 152 42 Ap'rlJlpfctf
238 4316 73 25 1896.

109 4356 53 24 The
182 4353 84 28 lowest
286 4366 27 16 or
325 4366 49 25 any
393 4359 87 26 tender
500 4362 44 23 not
555 4367 54 19 nee?

73 4389 105 32 essarily
204 4391 123 30 accepted.

207 4432 117 28 JAMES
341 4433 34 26 H.
395 4435 148 26 SHARPE.

241 4465 80 29 Clerk,
334 4466 91 27 Oxford
437 4468 71 26 Road
519 4469 90 25 Board.

568 4500 39 37 2.'
