3520 4650
73 226 135 31 Zealand
243 224 88 31 there
367 224 113 31 should
503 225 40 30 be
571 235 41 21 no

73 268 75 30 snch
164 267 92 30 crises
272 276 34 20 as
335 265 80 31 hard
443 266 91 31 times
550 267 61 30 and

73 313 82 27 want
190 307 33 31 of
265 307 218 41 employment.
548 309 63 30 Yet

70 350 88 29 there
186 349 75 40 they
289 359 62 20 are.
400 349 91 30 Land
519 350 91 40 legis-

70 390 97 30 lation
204 390 62 30 and
307 390 92 31 labor
433 390 177 40 legislation

68 432 82 30 have
187 432 76 29 been
292 432 79 30 tried
415 432 79 30 with
531 432 80 32 little

28 500 11 11 L
70 474 90 30 avail.
214 472 58 30 Let
299 473 54 30 the
378 474 111 39 people
517 475 94 40 study

68 515 63 29 this
154 523 111 29 money
287 515 151 38 problem,
475 516 63 29 and
561 516 48 30 de-

68 556 94 29 mand
192 556 80 29 from
308 556 53 29 the
398 556 212 31 Government

70 597 69 30 that
160 597 75 39 they
266 596 79 31 shall
381 596 70 31 deal
490 599 72 30 with
584 599 25 30 it

68 639 33 30 m
124 650 18 18 a
164 638 231 31 statesmanlike
425 650 78 29 way.

110 679 114 40 Money
250 679 26 30 is
292 683 32 28 to
346 680 53 31 the
415 683 194 39 community

66 721 63 30 like
150 721 93 30 blood
273 724 34 26 to
337 722 54 30 the
428 723 81 38 body
510 740 42 5 —
553 723 52 30 the

69 762 185 39 circulating
284 763 141 29 medium.
470 764 135 41 Poverty

68 804 35 30 of
120 814 112 28 money
266 804 33 28 m
331 805 184 29 circulation
551 806 56 28 has

28 867 5 3 -
68 855 35 20 as
125 845 61 30 bad
207 854 40 20 an
270 845 92 30 tffe3t
383 854 40 21 on
447 845 51 30 the
520 844 86 32 State

68 897 34 19 as
125 890 132 35 poverty
292 886 35 30 of
359 887 91 29 blood
482 897 40 19 on
555 887 51 30 the

67 928 180 28 individual.
305 928 30 28 A
366 928 128 40 healthy
526 932 79 25 state

68 972 85 26 must
168 968 100 30 aimed
284 972 40 26 at.
369 969 32 30 If
415 970 62 28 this
492 978 112 30 money

68 1010 139 39 problem
238 1010 27 29 is
301 1010 84 29 dealt
420 1010 76 30 with
526 1011 33 29 m
588 1021 18 18 a

69 1051 147 30 scientific
246 1060 79 29 way,
362 1051 78 30 New
470 1051 135 30 Zealand

70 1092 61 30 Avill
155 1100 75 21 soon
252 1092 125 29 become
399 1102 18 18 a
442 1101 77 30 vary
547 1093 57 28 dif-

69 1134 102 29 ferent
192 1132 85 40 place
310 1132 127 40 socially
460 1133 60 30 and
542 1133 63 40 pol-

69 1173 128 40 itically.
221 1177 47 26 As
283 1177 130 26 matters
427 1184 71 20 now
513 1175 92 29 stand

68 1217 52 28 the
143 1214 108 40 people
275 1215 33 30 of
321 1215 63 30 this
401 1214 111 41 colony
526 1216 79 30 have

67 1261 32 25 to
122 1259 112 37 export
257 1256 192 36 £4,000,000
479 1257 33 29 of
534 1267 69 30 pro-

69 1299 75 29 duce
173 1306 93 31 every
304 1308 74 24 year
399 1302 33 26 to
475 1309 62 29 pay
559 1300 45 28 in-

68 1342 96 27 terest
193 1349 39 19 on
261 1339 105 38 public
389 1339 61 29 and
486 1340 118 39 private

70 1380 80 30 clebfc.
195 1380 61 28 For
271 1380 42 28 all
327 1381 53 28 the
409 1380 114 29 benefit
537 1380 68 29 that

68 1430 164 20 enormous
254 1420 183 39 production
461 1421 26 29 is
502 1423 32 27 to
551 1421 53 29 the

67 1460 190 39 community
295 1461 26 29 it
356 1460 101 40 might
481 1462 68 38 just
571 1471 33 19 as

68 1503 68 29 well
164 1503 38 29 be
232 1502 121 29 thrown
379 1502 65 29 into
473 1502 53 29 the
543 1513 59 19 sea.

66 1543 98 30 There
187 1542 107 31 should
326 1543 37 29 be
386 1542 163 41 positively
564 1553 40 20 no

67 1595 84 18 more
175 1584 185 39 borrowing.
406 1583 32 29 It
453 1584 62 29 will
530 1583 74 41 only

68 1626 138 29 increase
242 1625 52 30 the
330 1626 126 39 already
478 1626 125 29 terrible

66 1667 119 30 burden
214 1666 33 31 of
268 1666 139 31 interest.
458 1667 58 30 We
545 1677 57 20 can

216 1708 83 29 what
321 1707 111 30 should
453 1708 38 29 be
514 1707 88 30 done.

67 1749 81 30 That
169 1749 26 30 is
218 1753 31 25 to
272 1751 80 27 start
382 1749 62 28 and
478 1759 62 29 pay
562 1749 42 29 off

65 1800 94 29 every
188 1800 104 29 penny
324 1789 35 30 of
390 1789 52 30 the
463 1790 139 29 national

65 1832 82 29 debt.
179 1830 86 31 With
280 1841 40 19 an
334 1831 139 30 increase
488 1832 33 29 of
535 1841 67 30 pro-

65 1872 135 38 duction,
225 1872 74 29 such
317 1882 33 19 as
374 1871 88 30 could
485 1871 37 30 be
543 1882 59 19 sec-

65 1913 78 29 ured
166 1914 41 39 by
228 1912 54 30 the
305 1913 87 29 State
406 1913 80 29 issue
501 1916 32 26 to
549 1914 54 29 tho

66 1955 129 29 farmers
217 1955 32 29 of
270 1964 112 30 money
405 1956 33 28 at
463 1958 60 26 two
547 1964 56 30 per

64 2000 80 31 cent,
182 1996 53 30 the
263 1998 184 38 repayment
476 1996 32 29 of
533 1996 68 29 that

63 2038 75 29 debt
159 2038 92 29 could
277 2039 36 28 be
328 2037 226 39 accomplished
570 2037 32 29 m

63 2079 81 29 from
160 2078 86 40 eight
259 2081 33 27 to
308 2083 52 25 ten
376 2087 100 30 yaars.
521 2079 81 29 How

55 2121 85 37 -iong
155 2120 64 29 will
233 2119 78 30 New
333 2120 182 29 Zealanders
532 2130 69 19 con-

65 2162 86 28 tinue
179 2164 33 26 to
246 2160 37 29 be
316 2161 52 29 the
390 2161 78 29 serfs
496 2161 33 28 of
550 2161 54 28 the

64 2201 119 30 British
219 2202 192 29 bondholder
426 2203 11 28 ?

92 2359 178 24 NATIONAL
308 2359 234 24 ASSOCIATION.

96 2432 47 24 We
160 2433 70 23 learn
247 2432 65 24 froni
330 2432 65 24 what
421 2432 22 23 is
460 2431 141 25 considered

63 2476 62 31 good
155 2475 127 30 authority
311 2475 56 24 that
397 2482 14 16 a
437 2474 41 24 Mr
504 2473 100 25 Rhodes

61 2519 47 24 has
128 2518 90 25 offered
246 2518 44 24 the
318 2519 69 30 large
405 2525 56 16 sum
479 2517 27 24 of
533 2517 71 24 £400

61 2565 26 21 to
106 2570 14 16 a
152 2562 94 24 branch
275 2561 27 24 of
329 2562 40 23 tho
399 2560 118 25 National
546 2561 56 24 As?.

61 2608 26 22 to
105 2613 48 16 run
174 2613 14 16 a
218 2604 131 24 candidate
375 2604 38 25 for
431 2604 42 24 th<3
501 2604 104 31 Kaiapoi

59 2649 145 24 Electorate
223 2648 27 24 m
263 2648 139 31 opposition
419 2648 24 24 to
456 2647 40 24 Mr
508 2647 95 25 Buddo.

56 2693 26 24 It
99 2693 20 24 is
138 2692 61 25 time
232 2692 42 24 the
301 2691 114 25 Liberals
432 2691 28 24 m
478 2691 41 24 the
544 2691 60 24 dist-

61 2736 46 24 rict
125 2744 63 16 were
215 2743 34 23 up
274 2735 50 24 and
353 2734 84 32 doing.

280 2812 164 32 Wellington,
463 2811 87 25 Marbh
564 2812 39 23 23.

97 2851 22 24 A
131 2851 142 24 conference
291 2851 26 24 of
336 2851 125 30 delegates
484 2850 64 24 from
562 2849 42 25 the

63 2889 115 24 different
190 2888 123 25 branches
325 2888 27 24 of
362 2888 44 25 the
418 2886 118 26 National
545 2887 59 25 Ass-

63 2929 104 24 ociation
181 2928 153 31 throughout
347 2928 43 24 the
409 2929 90 30 colony
512 2927 50 25 will
574 2927 31 24 be

43 2969 79 28 jsheld
133 2969 59 25 here
204 2968 91 31 during
307 2969 41 23 the
361 2967 76 26 week.

275 3006 162 32 Wellington,
457 3006 88 24 March
563 3007 41 23 28.

99 3048 54 23 The
165 3048 200 23 announcement
377 3046 27 25 of
414 3046 43 24 the
469 3048 71 29 great
551 3046 53 31 pol-

65 3086 67 24 itical
146 3085 130 30 campaigu
289 3084 27 24 of
337 3084 42 24 the
402 3084 121 23 National
546 3084 58 24 Ass-

65 3123 108 24 ociation
186 3122 21 25 is
229 3122 109 24 received
362 3122 59 24 here
433 3122 60 23 ■with
505 3122 101 30 general

41 3187 3 2 .
65 3167 167 23 amusement.
279 3164 25 25 It
327 3173 52 16 was
402 3164 71 24 made
496 3164 33 31 by
558 3164 46 24 Dr.

65 3209 131 28 Newman,
224 3208 56 25 who
298 3208 21 25 is
343 3209 26 24 to
392 3208 31 24 be
444 3215 47 17 one
515 3208 26 24 of
562 3207 43 25 the

64 3250 96 24 orators
174 3250 25 22 to
211 3255 71 24 carry
306 3247 42 25 the
368 3254 69 18 same
457 3246 55 26 into
524 3247 80 28 effect,

63 3289 61 24 with
138 3289 40 23 the
193 3288 136 24 assistance
342 3288 25 24 of
380 3286 107 31 Captain
497 3286 107 29 Russell,

64 3328 84 23 whom
176 3326 32 24 he
232 3326 64 24 loves
330 3334 27 16 as
386 3325 112 32 political
520 3325 86 24 leader

64 3365 77 23 about
153 3373 26 15 as
193 3364 73 23 much
289 3371 26 16 as
326 3372 14 15 a
352 3364 92 23 certain
468 3371 138 23 personage

63 3404 68 25 loves
152 3402 59 31 holy
234 3403 80 23 water.
350 3401 105 32 Nobody
478 3401 71 24 takes
562 3401 43 24 the

61 3441 71 31 thing
159 3441 128 30 seriously.

239 3615 191 24 POLITICAL.

310 3695 129 30 Hokitika,
458 3697 89 24 March
564 3698 40 22 23.

100 3736 55 24 The
167 3735 68 24 Hon.
249 3735 31 24 R.
294 3735 24 24 J.
338 3735 100 26 Seddon
450 3736 129 25 addressed
592 3744 14 17 a

65 3786 14 16 a
102 3775 85 32 public
199 3775 109 31 meeting
331 3784 33 16 on
388 3776 122 32 Saturday
534 3777 71 31 night

65 3820 26 19 at
103 3813 87 28 Riniu,
210 3812 48 24 and
278 3813 105 25 another
400 3815 26 23 at
446 3813 101 26 Kanieri
569 3816 35 23 to-

66 3853 82 32 night.
195 3851 41 25 He
265 3852 48 24 will
333 3852 75 31 speak
432 3854 26 24 at
480 3853 65 25 Ross
569 3855 35 23 to-

68 3898 117 18 morrow-
232 3888 40 26 He
293 3890 22 24 is
338 3890 109 33 meeting
481 3891 62 25 •with
563 3899 41 17 en-

68 3928 134 25 thusiastic
214 3928 138 30 receptions
365 3929 163 31 everywhere.
565 3930 41 24 He

67 3969 52 24 will
149 3970 31 23 be
204 3968 151 24 entertained
384 3970 26 23 at
438 3968 112 26 Kumara
574 3978 30 16 on

68 4008 132 31 Thursday
223 4015 27 16 or
273 4007 99 32 Friday.

275 4045 171 33 Invercargill,
464 4046 89 26 March
565 4048 39 24 23.

101 4085 54 23 The
169 4084 68 24 Hon.
251 4083 26 24 J.
290 4083 30 24 G.
336 4083 74 25 Ward
423 4085 130 24 addressed
564 4086 41 23 his

65 4122 169 25 constituents
253 4122 26 23 at
298 4121 103 25 Winton
425 4123 116 31 to-night,
562 4123 44 24 but

65 4160 151 32 telegraphic
240 4160 209 25 communication
477 4161 61 25 with
562 4161 44 26 the

65 4200 125 30 township
203 4199 72 30 being
293 4200 104 29 limited,
416 4209 13 15 a
439 4203 78 28 precis
531 4203 25 23 of
568 4201 37 24 his

64 4238 90 32 speech
177 4236 74 25 could
274 4238 45 22 not
340 4237 31 24 be
395 4238 122 24 obtained.
564 4239 42 24 Mr

65 4277 78 26 Ward
155 4276 75 31 spoke
243 4275 39 25 till
296 4278 40 22 11.
350 4278 40 22 30.

175 4436 72 26 THE
276 4436 102 26 UNEMPLOYE

250 4503 50 25 Tlie
325 4504 87 29 People

97 4538 14 25 I
122 4538 64 23 have
198 4536 76 24 heard
286 4543 59 17 men
363 4537 27 22 of
399 4537 116 29 position,
545 4544 60 17 men

64 4572 52 26 who
128 4569 82 27 would
233 4568 65 26 wish
323 4575 29 19 us
377 4571 26 23 to
426 4568 94 27 be^eve
543 4570 62 30 they

640 223 64 27 have
727 223 44 27 the
794 224 102 26 welfare
919 225 28 25 of
969 225 44 26 the
1037 225 107 25 workers
1157 233 20 16 a'

639 257 74 26 heart
715 272 32 4 —
747 257 14 25 I
772 257 64 26 have
854 258 76 25 heard
954 259 71 24 them
1038 261 65 22 state
1126 258 55 25 that

640 291 51 25 this
704 291 117 32 question
834 292 52 25 will
897 299 76 18 never
990 291 31 25 be
1033 292 99 25 settled.
1168 291 12 25 1

640 324 32 25 do
682 328 47 22 not
741 324 93 25 believe
854 325 27 29 it,
900 333 46 17 nor
957 324 31 25 do
1011 324 14 25 I
1037 324 74 25 think
1122 324 59 32 they

640 357 93 27 believe
744 357 21 26 it
776 358 158 25 themselves.
972 357 69 27 Such
1053 366 59 16 men
1124 358 56 24 who

639 391 73 25 make
734 393 148 23 statements
903 392 49 24 like
973 391 57 24 that
1041 398 43 17 are
1095 392 45 22 not
1151 390 29 25 fit

641 425 25 23 to
683 432 93 24 govern
788 424 45 26 the
851 427 115 28 country,
983 424 46 24 but
1046 423 44 25 the
1101 424 78 24 work-

640 465 39 17 ers
691 465 67 17 seem
776 457 61 26 slow
849 460 26 22 to
884 458 88 24 realise
983 458 66 23 what
1061 465 14 16 a
1093 456 87 25 selfish

639 491 36 24 lot
698 491 28 24 of
743 491 70 24 office
832 490 97 25 seekers
959 490 59 31 they
1037 489 141 31 constantly

640 523 87 26 bellow
738 524 56 23 into
805 523 164 24 Parliament.

671 566 55 25 The
738 566 108 26 workers
866 568 69 23 must
954 566 143 31 constantly
1120 564 59 25 bear

637 610 28 24 m
677 610 70 24 mind
766 610 67 24 what
845 618 15 16 a
881 610 47 24 few
951 608 88 33 people
1059 608 69 25 there
1139 616 40 16 are

637 653 26 22 to
686 658 92 24 govern
802 650 50 24 and
875 650 52 24 find
951 649 67 25 work
1041 649 53 28 for;
1119 649 58 30 they

636 691 70 23 must
730 690 90 29 always
843 687 139 26 remember
999 688 43 24 the
1063 686 113 32 product-

627 730 2 33 I
636 731 96 25 iveness
756 732 26 24 of
816 731 43 25 the
882 732 112 30 country,
1030 730 50 24 and
1108 731 70 23 must

627 769 2 26 I
637 780 77 17 never
731 773 82 29 forget
825 771 56 25 that
905 771 42 24 the
959 777 57 17 men
1028 770 58 30 they
1108 769 69 30 place

634 810 26 23 m
673 810 155 24 Parliament
841 816 42 16 are
905 813 23 19 to
941 807 32 24 do
985 815 26 16 as
1025 806 58 32 they
1095 806 64 25 wish
1169 813 5 21 ;

633 857 34 16 no
680 856 66 18 more
759 848 49 24 and
820 855 33 17 no
864 847 59 25 less.

668 887 48 28 No,
734 886 21 25 it
778 886 21 24 is
822 887 45 23 not
890 887 102 28 strange
1014 892 37 17 we
1075 886 61 22 have
1148 892 27 15 so

634 932 76 24 many
732 923 166 31 unemployed
903 941 5 5 .
943 922 51 24 Nor
1012 922 20 23 is
1044 923 19 22 it
1077 923 98 29 strange

634 967 67 22 most
724 964 27 25 of
772 971 30 16 us
825 963 57 24 lead
902 962 107 25 anxious
1028 961 63 26 lives
1114 970 61 16 even

634 1005 73 25 when
719 1012 35 17 we
774 1012 40 16 are
835 1002 139 32 employed.
1011 1003 50 24 But
1084 1003 21 24 it
1128 1002 21 24 is
1162 1011 12 14 a

635 1045 110 31 disgrace
769 1044 38 23 for
830 1043 35 25 all
878 1045 62 22 that.

667 1117 24 25 It
715 1116 23 26 ig
760 1116 150 30 disgusting,
928 1115 20 24 it
969 1121 21 17 is
1014 1114 75 28 cruel,
1121 1114 50 23 and

634 1165 78 17 worse
724 1159 61 23 tlian
798 1155 42 29 all,
854 1154 136 32 absolutely
999 1161 174 23 unnecessary.

635 1195 101 31 Despite
748 1194 42 25 the
803 1193 130 31 absurdity
947 1192 55 25 that
1014 1192 124 25 hundreds
1150 1192 27 25 of

633 1244 58 15 men
714 1234 50 25 and
788 1242 102 20 women,
920 1235 88 30 strong
1028 1233 51 24 and
1098 1234 73 23 intel-

632 1274 87 32 ligent,
738 1273 126 31 naturally
887 1272 154 24 industrious
1051 1272 50 25 and
1114 1271 58 24 law-

633 1314 100 31 abiding
744 1313 110 27 citizens,
874 1313 92 23 cannot
989 1311 52 24 find
1059 1312 76 27 work,
1153 1311 21 24 it

633 1362 81 17 seems
727 1357 26 22 to
765 1361 39 16 me
818 1353 43 24 the
879 1352 108 30 position
999 1352 52 24 will
1074 1352 62 24 have
1148 1354 25 21 to

633 1392 103 24 become
766 1391 52 24 still
851 1398 70 16 more
941 1391 73 23 acute
1042 1390 66 23 until
1131 1389 42 24 the

633 1431 112 28 workers,
771 1430 85 24 driven
880 1438 20 16 a.
907 1431 65 23 most
992 1431 24 22 to
1040 1437 14 16 a
1077 1429 94 25 revolu-

634 1469 97 31 tionary
743 1468 77 31 point,
834 1467 51 25 will
898 1467 138 32 ultimately
1048 1467 30 25 be
1090 1466 83 25 forced

635 1510 25 21 to
673 1506 113 25 combine
799 1506 48 24 and
860 1506 73 24 insist
946 1513 67 23 upon
1025 1505 65 24 their
1101 1505 72 30 being

634 1544 135 33 permitted
783 1545 24 23 to
832 1543 55 25 lead
899 1543 89 25 decent
1012 1543 50 25 and
1084 1543 86 31 happi-

632 1593 66 16 ness.

697 1816 402 28 CORRESPONDENCE.

636 1870 64 18 While
710 1873 42 15 oicr
760 1870 90 17 columns
863 1873 36 13 are
912 1872 51 20 open
978 1870 19 16 to
1007 1870 37 20 all,
1058 1872 30 14 we
1098 1870 24 17 do
1136 1870 34 17 not

659 1905 90 26 ■identify
769 1905 100 18 ourselves
886 1904 51 19 with
957 1904 94 25 opinions
1067 1905 103 25 expressed

659 1944 88 19 therein.

685 1982 32 24 To
731 1981 36 24 the
786 1981 87 24 Editor
885 1982 32 27 of
927 1981 36 24 the
976 1981 144 24 'Observer.'

645 2036 45 20 AN
726 2035 175 21 ELECTIVE
941 2035 214 21 EXECUTIVE.

667 2102 82 25 Sir.—
751 2101 13 25 l
781 2102 82 24 would
886 2102 50 24 like
954 2103 26 22 to
998 2101 73 24 make
1090 2109 14 16 a
1124 2100 47 24 few

635 2145 108 24 remarks
761 2145 27 23 m
805 2145 125 24 reference
949 2145 25 23 to
1002 2152 63 23 your
1085 2143 86 25 article

635 2196 29 16 on
682 2196 31 16 an
737 2187 100 25 elective
867 2187 135 25 executive.
1038 2187 14 24 I
1081 2185 90 26 should

635 2232 60 25 have
713 2232 62 24 done
802 2239 27 16 so
858 2231 50 25 last
926 2231 75 28 week,
1028 2231 45 24 but
1090 2231 13 24 I
1120 2238 51 17 was

635 2276 22 23 m
681 2276 77 30 hopes
787 2274 56 24 that
872 2283 31 15 an
933 2274 70 24 abler
1029 2282 50 22 pen
1108 2273 62 24 than

635 2318 65 24 mine
718 2317 80 25 would
822 2317 65 24 have
911 2317 67 24 dealt
1007 2316 59 24 with
1083 2317 28 24 it.
1157 2316 14 23 I

635 2369 39 16 am
691 2368 57 18 sure
765 2368 71 23 every
848 2360 118 24 advocate
984 2359 27 25 of
1026 2367 33 17 an
1071 2359 99 25 elective

635 2405 124 23 executive
777 2403 79 31 ought
880 2405 26 22 to
934 2402 32 24 be
995 2402 127 31 delighted
1145 2404 25 22 to

635 2448 51 23 find
721 2447 56 24 that
812 2446 51 24 this
892 2453 113 16 measure
1034 2445 47 24 has
1111 2446 60 23 been

635 2490 80 24 raised
739 2491 26 23 to
784 2488 44 25 the
856 2488 93 32 dignity
978 2488 27 25 of
1031 2497 13 15 a
1072 2488 51 25 fad.
1158 2488 14 24 I

635 2541 56 24 may
708 2540 44 24 say
770 2532 56 24 that
852 2539 73 24 every
950 2533 144 23 movement
1110 2531 62 25 with

635 2577 78 24 which.
745 2576 14 24 I
782 2583 42 16 am
850 2574 157 32 acquainted,
1042 2574 57 24 that
1126 2573 46 25 has

635 2621 89 24 tended
735 2622 27 22 to
779 2619 94 24 benefit
892 2618 125 28 mankind,
1035 2618 48 24 has
1111 2619 61 23 been

635 2663 76 25 called
729 2671 15 16 a
762 2662 48 24 fad.
853 2662 54 24 You
937 2660 78 26 admit
1034 2660 53 26 that
1104 2660 69 25 there

635 2715 40 16 are
692 2714 76 23 many
786 2706 60 24 evils
864 2704 134 26 connected
1015 2705 61 25 with
1099 2706 73 30 party

635 2751 177 23 Government.
865 2749 51 24 But
951 2756 47 23 you
1028 2756 45 24 say

635 2794 70 24 there
722 2793 22 24 is
769 2800 31 17 no
828 2792 144 24 institution
1001 2791 82 25 which
1115 2799 58 16 man

635 2837 44 24 has
697 2844 58 17 ever
779 2835 109 31 brought
905 2836 54 23 into
977 2835 128 31 operation
1124 2834 50 24 free

635 2880 63 24 from
894 2878 59 24 Just
983 2886 27 16 so
1019 2886 6 21 ;
1056 2878 44 24 but
1127 2885 47 16 can

635 2930 47 23 you
699 2924 44 22 not
762 2929 40 16 see
820 2920 55 25 that
901 2921 51 24 this
970 2920 86 24 makes
1075 2920 99 31 against

635 2974 47 24 you
692 2967 10 23 ?
730 2965 26 24 It
773 2965 22 24 is
822 2966 42 23 not
891 2964 66 25 until
987 2965 143 31 machinery
1148 2971 26 17 or

635 3009 58 25 laws
722 3009 61 24 have
812 3008 63 24 been
916 3008 69 28 tried,
1026 3008 56 24 that
1111 3007 62 25 their

635 3052 92 25 defects
751 3059 99 23 appear.
892 3051 25 24 It
936 3058 45 16 can
1000 3051 62 24 then
1080 3050 29 24 be
1132 3058 42 16 ex-

635 3095 65 32 actly
729 3102 59 18 seen
817 3094 67 24 what
912 3094 22 24 is
963 3094 122 30 required.
1122 3093 52 24 The

635 3141 99 29 present
752 3139 93 29 system
871 3137 27 24 of
925 3137 104 31 electing
1057 3137 42 24 the
1123 3137 51 23 Ex-

635 3182 102 28 ecutive,
767 3181 47 24 has
841 3180 51 24 had
921 3188 15 16 a
953 3188 59 23 very
1029 3181 60 31 long
1107 3179 67 30 trial,

635 3224 174 33 consequently
843 3233 36 15 we
914 3232 55 16 now
1004 3224 93 31 exactly
1136 3231 38 17 see

635 3270 66 24 what
718 3270 21 24 is
756 3268 115 31 required
889 3270 26 22 to
932 3268 103 31 remedy
1053 3268 41 23 the
1113 3267 61 24 evils

635 3311 137 26 connected
802 3311 60 24 with
899 3311 28 24 it.
974 3311 99 24 Alrajst
1102 3318 72 23 every

635 3356 132 31 argument
792 3355 55 24 that
875 3363 50 22 you
949 3354 63 23 have
1042 3353 132 28 advanced,

635 3400 93 31 applies
746 3398 59 25 with
823 3398 38 26 far
879 3398 98 30 greater
994 3396 66 25 force
1078 3396 96 32 against

635 3445 40 23 the
692 3444 101 31 present
823 3443 93 29 system
941 3440 28 24 of
995 3441 108 30 electing
1131 3440 43 24 the

635 3486 144 27 Executive,
807 3485 63 24 than
898 3485 20 24 it
942 3484 58 24 does
1020 3484 96 31 against
1139 3484 34 24 it
1173 3484 1 31 3

635 3530 72 31 being
735 3528 93 25 elected
856 3529 31 31 by
915 3527 160 31 parliament.
1120 3527 54 24 You

635 3581 43 24 say
804 3579 71 24 every
899 3572 105 24 election
1022 3571 152 24 Parliament

635 3616 82 25 would
735 3617 60 23 have
814 3623 15 16 a
846 3615 117 32 majority
989 3616 28 23 of
1040 3622 47 18 one
1104 3616 70 30 party

635 3668 27 16 or
680 3661 42 23 the
740 3659 80 28 other,
844 3660 50 23 and
922 3659 42 24 the
986 3661 73 29 party
1083 3658 91 31 having

635 3711 14 16 a
681 3703 117 31 majority
833 3703 81 23 would
947 3701 130 31 assuredly
1114 3702 60 23 elect

635 3746 137 24 Ministers.
816 3744 73 25 Each
911 3746 72 30 party
1006 3744 83 24 would
1111 3744 63 24 have

635 3790 32 23 its
691 3788 151 24 ministerial
865 3788 83 24 ticket-
994 3787 25 23 If
1042 3788 43 22 the
1113 3787 61 23 Pro-

635 3831 151 25 hibitionists
807 3830 52 24 had
882 3839 13 14 a
927 3830 115 30 majority
1076 3830 35 23 all
1134 3830 40 23 the

635 3875 130 24 Ministers
790 3873 81 24 would
906 3872 130 32 assuredly
1060 3872 30 24 be
1113 3873 61 23 Pro-

635 3917 153 26 hibitionists
798 3924 5 22 ;
828 3917 19 23 if
867 3917 44 24 the
934 3915 80 31 liquor
1037 3917 72 30 party
1128 3915 46 24 had

635 3969 14 16 a
672 3960 116 33 majority
820 3960 44 24 the
899 3959 96 32 Colony
1029 3959 82 25 would
1146 3958 28 25 be

636 4005 91 30 wholly
759 4004 27 23 m
819 4003 66 25 their
917 4003 81 23 hands
1014 4011 5 21 ;
1063 4002 22 24 if
1116 4002 58 23 land

635 4047 162 33 monopolists
826 4047 52 24 had
912 4055 15 16 a
949 4045 122 33 majority,
1118 4045 56 32 they

635 4094 80 24 would
737 4093 58 24 vote
824 4091 43 24 the
901 4090 170 25 conservative
1100 4089 74 24 ticket

635 4138 24 22 to
677 4143 15 17 a
853 4134 13 23 I
896 4132 90 26 should
1014 4132 75 25 think
1111 4132 61 31 they

635 4179 78 25 would
722 4187 6 21 ;
763 4177 61 32 they
844 4177 83 25 would
950 4177 29 23 be
995 4176 64 24 fools
1072 4175 21 24 if
1115 4174 59 32 they

635 4223 41 23 did
687 4224 43 22 not
753 4221 32 23 do
797 4228 27 16 so
833 4228 7 21 ;
875 4220 51 24 and
948 4218 43 24 the
1009 4226 69 16 same
1102 4218 72 30 thing

635 4264 81 25 would
746 4270 73 17 occur
841 4263 21 23 if
882 4262 44 24 the
949 4261 115 24 Liberals
1086 4260 51 25 had
1161 4268 13 16 a

635 4308 123 32 majority.
806 4304 54 25 The
884 4312 70 17 same
984 4303 73 32 thing
1091 4310 83 18 occurs

635 4360 55 17 now
703 4361 5 21 ;
739 4350 21 26 if
780 4349 42 25 the
848 4348 113 25 Premier
977 4348 28 24 is
1028 4357 14 15 a
1065 4347 109 27 Liberal,

635 4396 31 24 he
678 4394 116 32 appoints
806 4391 114 26 Liberals
932 4395 26 21 to
971 4391 43 24 the
1024 4390 134 25 Executive
1169 4399 5 21 ;

635 4438 20 25 if
671 4438 31 25 he
723 4438 22 24 is
761 4444 13 15 a
801 4435 178 28 conservative,
1009 4433 31 25 he
1064 4433 51 26 will
1133 4440 41 25 ap-

635 4482 71 31 point
725 4478 183 27 conserratives
927 4479 26 23 to
969 4477 43 24 the
1028 4476 146 28 Executive,

635 4525 45 24 but
708 4525 74 23 .there
806 4521 50 25 Avili
894 4520 30 25 be
958 4519 51 25 this
1043 4519 131 32 important

635 4567 132 22 difference
783 4564 22 25 if
825 4564 43 24 the
890 4562 125 26 executive
1037 4562 22 25 is
1083 4560 91 26 elected

1210 229 32 31 by
1262 229 161 27 Parliament,
1427 243 33 3 —
1460 227 139 25 whichever
1615 230 72 27 party
1705 225 45 25 has

1209 280 16 17 a
1246 279 32 17 ms
1286 273 85 30 jonty,
1405 272 48 23 will
1479 270 61 25 elect
1563 270 33 23 its
1622 269 54 24 best
1692 276 57 17 men

1209 317 26 23 to
1255 316 41 24 th.-
1328 316 123 23 I'xecirive
1465 324 5 18 ;
1507 314 45 24 but
1576 314 20 23 it
1620 314 19 23 is
1663 320 15 17 a
1699 312 50 24 fact

1209 359 55 24 that
1320 359 105 24 Premier
1450 357 50 24 will
1521 360 45 21 not
1588 357 103 30 appoint
1715 364 33 16 an

1208 402 69 25 abler
1328 410 47 15 nan
1413 402 59 23 ohau
1505 400 101 24 himself
1646 403 25 20 to
1705 399 43 24 the

1208 446 103 24 Cabinet
1330 446 22 23 if
1370 446 31 23 he
1418 453 47 15 can
1483 444 72 24 avoid
1580 444 26 23 it.
1644 443 12 24 I
1678 442 70 32 quite

1207 497 72 24 agree
1305 489 57 24 with
1385 496 47 23 you
1459 488 70 24 when
1552 494 48 23 you
1625 494 44 23 say
1692 486 55 24 tint

1208 532 69 24 there
1300 532 48 23 will
1372 532 92 29 always
1490 529 29 24 be
1545 529 98 30 parties'
1655 529 26 23 m
1704 528 43 24 the

1207 574 86 25 House
1309 574 49 24 and
1392 574 26 23 m
1454 574 41 23 the
1515 574 115 29 country,
1675 571 25 24 It
1725 571 21 24 is

1207 622 42 21 not
1278 617 121 25 desirable
1439 621 24 20 to
1508 614 96 25 abolish
1644 614 99 32 parties.

1206 661 53 25 The
1267 661 116 32 principle
1395 660 80 32 object
1487 660 27 24 of
1524 658 82 31 Major
1615 659 128 25 Stewart's

1205 705 59 28 Bill,
1281 705 21 23 is
1329 707 25 21 to
1372 704 121 24 establish
1519 711 15 15 a
1561 704 76 23 better
1651 707 93 26 system

1205 747 27 24 of
1255 747 104 31 electing
1383 747 43 24 the
1449 745 146 26 Executive,
1621 745 25 24 m
1672 745 72 24 order

1204 792 26 22 to
1251 798 97 16 remove
1375 791 42 22 the
1448 789 63 24 evils
1554 788 56 25 that
1642 796 41 16 are
1706 788 32 23 in-

1204 832 127 32 separably
1348 832 136 24 connected
1503 831 63 25 with
1582 831 43 24 the
1644 833 99 30 present

1204 876 70 24 mode
1292 875 27 26 of
1346 875 147 32 appointing
1520 874 119 25 members
1657 876 27 23 to
1700 873 43 25 the

1204 919 113 24 Cabinet.
1353 919 79 24 There
1454 926 48 16 can
1531 919 27 23 be
1585 926 34 16 no
1644 917 99 32 getting

1203 971 51 16 awa
1261 971 16 23 y
1289 963 56 23 fron
1372 962 43 24 the
1439 961 59 29 .fact,
1532 961 55 25 that
1608 969 14 16 a
1649 963 94 30 system

1203 1005 82 25 which
1301 1005 100 24 lenders
1418 1005 20 24 it
1455 1012 127 24 necessary
1606 1004 39 25 for
1665 1012 76 17 mem-

1203 1048 55 24 bers
1280 1053 25 21 to
1326 1048 140 32 frequently
1484 1049 56 22 vote
1557 1048 100 31 against
1677 1047 66 24 their

1202 1093 150 29 conscience,
1385 1092 27 24 m
1438 1092 72 24 order
1550 1092 26 24 to
1609 1091 62 31 keep
1698 1091 44 25 the

1203 1136 165 25 Government
1392 1136 26 25 m
1441 1144 91 24 power,
1557 1136 22 25 is
1608 1135 135 33 degrading

1192 1186 2 19 !
1202 1180 49 24 and
1275 1180 126 24 immoral.
1456 1180 89 31 Surely
1576 1188 49 23 you
1651 1180 91 23 cannot

1202 1223 61 25 have
1287 1223 72 32 given
1385 1223 50 25 this
1461 1224 113 31 question
1601 1223 78 25 much
1705 1224 36 23 at-

1201 1267 104 29 tention,
1328 1275 27 16 ©r
1371 1275 48 23 you
1444 1268 80 24 would
1549 1270 42 21 not
1609 1267 80 24 desire
1715 1268 27 22 to

1201 1312 142 30 perpetuate
1361 1312 60 23 such
1448 1320 13 15 a
1482 1313 100 30 system.
1617 1311 26 24 If
1662 1310 81 31 Mnjor

1203 1354 131 24 Steward's
1362 1355 49 23 Bill
1441 1363 62 16 were
1535 1355 47 23 law
1609 1355 41 23 the
1668 1354 73 23 exist-

1201 1404 57 16 ence
1272 1396 27 24 of
1319 1396 43 24 the
1394 1397 172 24 Government
1585 1396 82 25 would
1697 1397 45 23 not

1201 1439 95 31 depend
1330 1448 31 15 on
1402 1441 33 23 its
1469 1448 127 16 measures
1632 1439 108 31 passing.

1201 1483 85 24 Under
1311 1483 43 24 the
1376 1485 101 29 present
1495 1484 93 30 system
1606 1483 44 24 the
1676 1482 64 25 Gov-

1201 1528 113 22 ernment
1342 1526 51 25 will
1430 1527 58 31 only
1519 1526 128 25 introduce
1680 1525 61 25 such

1201 1578 125 16 measures
1345 1570 56 24 that
1421 1570 20 24 it
1457 1570 83 24 thinks
1560 1570 51 25 will
1637 1570 29 24 be
1685 1577 57 17 sure

1201 1615 24 22 to
1272 1621 57 23 pass
1347 1622 5 20 ;
1434 1614 181 30 consequently
1667 1621 74 22 many

1200 1662 126 19 measures
1352 1658 54 25 that
1437 1657 82 33 might
1547 1657 64 25 have
1655 1657 86 32 passed

1199 1700 51 24 had
1284 1701 58 31 they
1390 1702 58 23 been
1482 1701 155 28 introduced,
1692 1701 50 23 and

1200 1744 62 24 been
1283 1752 15 16 a
1333 1745 66 30 great
1433 1744 92 24 benefit
1550 1745 26 23 to
1605 1744 43 24 the
1668 1752 72 16 coun-

1200 1789 39 28 try
1273 1795 41 15 are
1340 1787 103 32 delayed
1470 1788 27 23 m
1523 1795 70 16 some
1617 1795 69 17 cases
1703 1787 39 24 for

1199 1838 80 23 years.
1316 1831 196 31 Unfortunately
1538 1832 70 24 there
1635 1832 21 23 is
1684 1831 57 31 only

1200 1881 47 16 one
1263 1875 106 30 country
1391 1874 27 24 m
1442 1874 78 24 which
1555 1874 42 24 the
1620 1874 121 31 principle

1199 1916 28 24 of
1250 1925 32 16 an
1307 1917 103 25 elective
1444 1918 127 24 executive
1605 1918 46 24 has
1679 1918 61 24 been

1199 1959 71 31 tried,
1300 1959 48 26 and
1374 1969 33 15 we
1442 1969 41 16 are
1513 1960 53 25 told
1600 1961 56 24 that
1691 1960 49 25 this

1199 2006 104 30 country
1318 2004 22 24 is
1362 2005 117 25 different
1496 2005 67 25 from
1581 2013 72 23 every
1665 2012 75 17 coun-

1200 2050 39 29 try
1263 2048 79 24 under
1361 2048 43 24 the
1425 2057 55 15 sun.
1515 2048 25 24 It
1558 2048 22 24 is
1601 2056 15 16 a
1635 2050 104 29 country

1199 2092 27 24 m
1246 2091 82 25 which
1351 2092 70 24 there
1442 2100 42 18 are
1512 2093 98 24 neither
1637 2094 103 30 poverty

1199 2144 45 15 nor
1251 2137 68 29 great
1341 2135 82 24 riches
1426 2151 32 3 —
1458 2136 20 23 ifc
1496 2136 23 23 is
1538 2144 13 15 a
1563 2136 70 30 place

1200 2179 68 24 there
1279 2179 22 24 is
1314 2179 98 24 neither
1431 2178 77 30 strife,
1528 2187 45 16 nor
1585 2179 153 29 contention,

1198 2230 48 17 nor
1258 2222 122 31 anything
1397 2225 26 22 to
1451 2222 77 24 excite
1551 2224 72 29 party
1634 2222 102 32 feeling.

1199 2265 31 26 In
1253 2266 57 27 fact,
1348 2265 134 32 according
1502 2267 26 23 to
1555 2272 56 25 you,
1648 2267 19 23 it
1682 2265 23 25 is
1724 2274 14 16 a

1199 2308 135 25 terrestrial
1354 2308 127 24 Paradise.
1525 2308 39 24 No
1585 2308 75 25 doubt
1679 2309 59 30 they

1201 2352 47 25 will
1268 2352 63 25 have
1344 2359 15 18 a
1369 2351 47 26 law
1435 2352 25 24 m
1482 2351 172 31 Switzerland,
1682 2360 54 24 pro-

1199 2396 103 31 hioiting
1320 2396 88 31 people
1437 2396 99 31 coming
1561 2396 69 24 there
1651 2398 87 29 except

1199 2439 135 24 travellers.
1380 2438 26 24 It
1425 2439 21 24 is
1471 2447 15 15 a
1508 2438 155 25 remarkable
1698 2446 38 17 co-

1198 2481 135 30 incidence,
1369 2481 56 25 that
1443 2481 62 25 such
1529 2490 14 16 a
1570 2481 82 32 happy
1674 2484 63 22 state

1199 2525 27 26 of
1247 2526 84 24 affairs
1352 2525 91 25 should
1476 2525 31 24 be
1529 2525 84 30 found,
1648 2526 27 24 m
1696 2525 42 24 the

1199 2570 59 31 only
1281 2570 104 31 country
1404 2569 81 25 where
1508 2577 34 16 an
1565 2569 101 25 elective
1684 2577 52 16 exe-

1201 2613 81 25 cutive
1317 2613 49 23 and
1416 2613 44 24 the
1491 2612 155 26 referendum
1675 2613 63 25 have

1202 2657 59 24 been
1291 2656 71 25 tried.
1405 2656 24 25 It
1456 2656 21 25 is
1502 2664 60 24 very
1589 2656 77 32 likely
1683 2655 56 26 that

1201 2708 117 17 someone
1338 2700 51 25 will
1414 2701 106 30 attempt
1547 2701 26 24 to
1599 2701 68 24 show
1684 2700 56 25 that

1202 2745 42 23 the
1265 2744 132 30 delightful
1412 2745 63 23 state
1500 2743 26 24 of
1548 2743 84 31 thing
1641 2743 7 31 3
1657 2744 83 24 which

1202 2787 96 25 obtains
1317 2787 26 24 m
1370 2786 172 29 Switzerland,
1581 2794 42 18 are
1646 2786 95 33 largely

1202 2833 44 22 dut
1265 2834 25 23 to
1317 2831 32 24 its
1373 2831 118 31 adoption
1526 2831 24 24 of
1593 2832 41 23 the
1664 2831 78 25 above

1202 2876 139 31 principles.

1402 2918 14 24 I
1434 2927 41 16 am
1507 2926 74 23 yours
1601 2919 40 24 &c.

1610 2962 35 24 H.
1682 2961 27 26 S.

1330 3137 90 25 CLUB
1438 3137 180 25 LICENSES.

1239 3205 47 26 Sir.
1289 3220 33 4 —
1323 3205 34 25 As
1370 3205 43 25 the
1432 3204 122 32 Working
1573 3204 81 25 Men's
1667 3203 76 26 Clubs

1204 3252 41 17 are
1262 3252 27 17 as
1307 3243 94 26 useless
1418 3252 26 16 as
1463 3243 43 25 the
1535 3243 83 31 public
1642 3243 100 30 houses,

1204 3288 59 30 they
1281 3287 88 24 should
1387 3286 29 25 be
1435 3287 119 24 licensed.
1590 3287 54 24 The
1656 3286 87 32 people

1205 3331 79 24 would
1305 3331 59 23 then
1390 3331 30 23 be
1450 3330 55 24 able
1535 3331 24 22 to
1578 3330 80 24 refuse
1676 3329 66 24 them

1204 3374 109 28 licenses,
1333 3373 50 24 and
1406 3372 179 31 consequently
1602 3372 43 24 the
1669 3372 75 24 Clubs

1205 3417 81 26 would
1321 3424 77 17 cease.
1451 3416 54 24 The
1545 3414 119 30 Premier,
1705 3415 40 25 Mr

1206 3461 49 26 Bed
1258 3461 57 27 don,
1354 3459 109 25 declares
1492 3459 57 24 that
1572 3459 32 24 he
1700 3460 44 23 not

1204 3510 51 19 rest
1272 3504 66 24 until
1355 3504 40 24 the
1414 3508 14 10 *'
1545 3511 41 16 are
1602 3504 47 30 put
1668 3510 32 16 on
1712 3511 33 15 an

1205 3549 74 31 equal
1295 3548 94 31 footing
1407 3547 58 25 with
1484 3546 44 24 the
1548 3546 85 31 public
1644 3546 99 24 houses.

1469 3591 13 24 I
1501 3598 47 21 am,
1568 3591 41 23 &c.

1486 3634 49 25 Pro
1552 3633 65 26 bono
1635 3632 107 33 publico.

1379 3851 191 24 FOOTBALL.

1380 3895 40 23 By
1447 3895 118 24 Spector.

1238 3962 38 24 On
1305 3960 123 32 Saturday
1450 3962 49 23 last
1516 3969 15 16 a
1549 3961 109 31 practice
1670 3969 74 24 game

1204 4012 50 17 was
1285 4004 57 24 held
1367 4004 28 24 m
1425 4004 131 24 Pearson's
1578 4005 75 28 Park,
1692 4004 51 24 and

1205 4049 68 24 there
1299 4056 51 16 was
1388 4056 16 16 a
1437 4048 63 29 good
1540 4048 146 25 attendance
1720 4048 24 24 of

1204 4092 105 31 players.
1377 4091 59 29 But,
1471 4091 124 28 however,
1631 4091 43 24 the
1703 4091 41 24 old

1204 4135 97 31 players
1330 4141 43 17 are
1405 4136 44 22 not
1482 4141 32 24 up
1547 4136 27 22 to
1612 4134 65 25 their
1704 4133 39 25 old

1205 4178 72 24 form.
1321 4177 33 23 P.
1385 4177 123 24 McGrath
1548 4177 103 31 playing
1679 4176 64 28 well,

1205 4220 99 31 making
1331 4227 67 16 some
1426 4219 63 31 good
1518 4219 51 24 side
1594 4219 68 25 kicks
1694 4219 50 24 and

1205 4262 80 31 dodgy
1304 4269 70 17 runs.
1410 4261 76 32 King,
1506 4261 54 25 who
1581 4261 91 32 played
1683 4261 61 25 back

1205 4305 70 25 made
1295 4312 69 17 some
1398 4304 63 31 good
1489 4305 120 31 attempts
1633 4308 26 21 to
1677 4312 67 17 cross

1204 4350 26 23 to
1273 4348 44 25 the
1345 4348 60 24 line.
1452 4348 53 24 But
1534 4347 122 30 however,
1693 4348 45 24 the

1204 4392 140 31 opponents
1372 4391 59 30 kept
1455 4390 70 25 th«m
1546 4391 56 25 well
1630 4392 27 24 m
1678 4392 65 30 play.

1204 4434 102 32 Hooper
1322 4433 49 25 and
1401 4432 152 30 Grimwood,
1576 4433 103 33 passing
1696 4433 48 25 and

1205 4477 124 30 dribbling
1362 4475 44 25 the
1435 4475 52 24 ball
1515 4476 58 24 well
1601 4476 55 24 into
1680 4476 64 24 their

1205 4521 139 31 opponents
1378 4518 76 25 touch
1486 4517 58 29 line,
1586 4519 58 31 kept
1676 4519 68 24 them

1204 4564 45 24 out
1278 4562 27 26 of
1331 4561 102 32 danger.
1479 4560 52 25 But
1569 4560 167 26 nevertheless

1780 230 82 18 scores
1884 232 64 16 were
1966 224 95 25 scored.
2106 225 79 25 Sirett
2208 225 111 33 working

1779 267 60 24 hard
1865 267 47 24 and
1952 267 124 31 dribbling
2112 268 55 25 well
2195 269 123 31 managed

1778 310 100 25 Cleaver
1907 315 25 20 to
1961 319 76 17 score.
2072 311 61 32 Play
2166 312 75 30 going
2274 320 41 23 on,

1777 353 80 25 K'iat3
1879 354 50 24 and
1961 354 123 25 McGrath
2119 354 72 25 made
2213 362 16 17 a
2251 356 65 30 good

1776 396 101 31 passing
1900 397 68 29 rush,
1998 397 50 25 and
2071 397 41 25 the
2130 398 77 24 latter
2218 399 99 24 crossed

1776 439 43 25 the
1848 439 50 25 line
1922 448 31 17 on
1985 441 42 24 the
2056 448 94 21 corner,
2203 441 45 25 but
2272 442 44 24 the

1775 481 55 25 kick
1858 490 51 17 was
1926 485 45 22 not
2004 484 142 24 successful.
2175 500 4 2 -
2194 484 13 24 I
2232 485 83 24 notice

1775 525 94 24 several
1893 533 83 23 young
2010 527 96 30 players
2141 526 77 32 doing
2249 527 65 31 good

1774 568 67 24 work
1858 568 129 31 collaring,
2018 568 84 25 which
2128 570 23 24 is
2171 570 77 25 much
2271 577 41 17 ne-

1774 611 69 25 eded.
1879 611 28 25 C.
1928 611 184 28 Summerfield,
2135 611 104 30 Ansted,
2265 613 49 24 and

1773 654 88 32 Doody
1881 662 64 17 were
1966 662 58 24 very
2047 654 138 25 noticeable
2205 655 107 31 through

1773 697 42 24 the
1838 705 81 24 game.
1955 698 71 24 With
2050 705 66 16 more
2139 698 117 30 practice,
2275 705 37 18 we

1771 740 65 32 ho].e
1861 740 93 25 Oxford
1988 740 152 25 Footballers
2171 740 50 25 will
2246 749 67 17 score

1773 793 14 15 a
1799 785 50 23 win
1872 784 59 24 with
1952 784 106 31 Kaiapoi
2079 792 33 16 on
2131 784 90 25 Easter
2242 784 70 26 Mon-

1771 827 56 31 day.

1867 964 69 25 OLD
1955 965 69 24 AGE
2036 965 181 24 PENSIONS.

1805 1049 75 23 Some
1900 1056 71 24 years
1996 1056 45 24 ago
2065 1049 40 24 Mr
2129 1048 183 29 Chamberlain,

1771 1088 42 25 the
1821 1090 98 30 present
1931 1089 119 25 Minister
2062 1089 36 25 for
2112 1089 42 25 the
2164 1089 113 25 Colonies
2286 1089 26 24 m

1771 1126 45 26 the
1839 1127 128 32 Salisbury
1991 1128 114 28 Cabinet,
2130 1128 50 24 had
2203 1136 33 16 an
2258 1128 56 23 idea

1771 1167 56 25 that
1841 1167 41 25 old
1892 1175 44 24 age
1949 1168 120 31 pensions
2088 1168 72 24 could
2181 1168 30 25 be
2234 1168 78 24 estab-

1770 1207 88 25 lished.
1895 1207 95 26 Unlike
2003 1216 77 25 many
2088 1208 96 32 talking
2192 1216 28 18 or
2229 1208 83 25 letter-

1771 1246 99 31 writing
1894 1246 106 25 faddists
2018 1247 28 24 m
2070 1247 58 24 New
2149 1246 118 28 Zealand,
2281 1246 31 24 he

1770 1284 70 25 knew
1854 1284 57 25 that
1923 1284 40 25 his
1976 1286 60 30 plan
2060 1284 37 26 for
2120 1284 114 26 national
2253 1293 58 23 pen-

1771 1323 66 24 sions
1849 1323 39 24 for
1900 1323 41 24 old
1954 1331 45 24 age
2011 1331 51 17 was
2074 1325 45 23 not
2131 1324 26 24 to
2170 1323 29 24 be
2207 1323 104 25 advanc-

1771 1361 30 24 ed
1813 1361 31 31 by
1856 1368 68 17 mere
1938 1361 60 24 talk.
2041 1361 77 24 What
2141 1369 37 16 we
2200 1361 64 24 need
2287 1361 24 23 m

1771 1399 50 24 this
1832 1399 89 30 colony
1932 1399 22 24 is
1964 1398 94 25 careful
2069 1399 132 24 statistical
2211 1398 99 32 inquiry

1770 1441 38 25 for
1830 1443 42 22 the
1893 1443 193 23 ascertainment
2109 1442 27 24 of
2150 1442 44 24 the
2223 1450 89 22 proper

1770 1480 118 24 actuarial
1900 1479 66 26 basis
1987 1480 28 25 of
2024 1488 33 17 an
2081 1481 41 23 old
2140 1488 45 24 age
2208 1479 103 32 pension

1771 1521 105 28 scheme,
1889 1521 50 23 and
1952 1522 24 23 to
1990 1521 51 24 this
2065 1521 47 23 end
2133 1521 42 23 the
2198 1519 111 26 Govern-

1771 1562 68 23 ment
1857 1560 79 32 ought
1965 1563 24 22 to
2018 1561 108 24 instruct
2149 1561 42 24 the
2218 1559 92 32 Agent-

1771 1600 108 25 General
1891 1602 26 23 to
1929 1601 82 24 obtain
2026 1600 43 26 the
2086 1601 137 24 assistance
2236 1599 27 26 of
2272 1599 39 25 Mr

1771 1639 186 28 Chamberlain,
1979 1639 50 25 and
2052 1639 53 25 also
2126 1639 43 24 the
2192 1637 120 26 National

1770 1679 137 25 Provident
1919 1679 101 32 League
2032 1679 24 25 of
2077 1679 44 25 the
2143 1679 94 25 United
2250 1678 63 25 Kin-

1770 1719 67 30 dom,
1848 1719 63 25 both
1923 1720 80 24 would
2017 1721 30 23 be
2058 1719 105 32 helpful.
2199 1719 78 31 Many
2288 1719 26 23 of

1769 1757 143 32 England's
1964 1760 68 22 most
2072 1757 144 32 thoughtful
2254 1764 58 17 men

1775 1795 64 25 have
1869 1794 50 26 had
1948 1795 50 25 this
2022 1796 93 24 matter
2143 1794 79 26 under
2250 1794 63 25 their

1775 1834 91 28 notice,
1885 1833 44 25 but
1953 1834 64 24 have
2029 1833 144 25 abandoned
2184 1833 28 30 it,
2230 1841 81 23 recog-

1770 1874 87 31 nising
1869 1873 42 24 the
1933 1873 136 25 limitation
2090 1872 27 25 of
2135 1872 43 26 the
2197 1872 114 32 position.

1769 1914 54 24 Bat
1836 1913 73 25 there
1921 1913 21 25 is
1964 1921 32 17 no
2007 1921 89 17 reason
2108 1913 54 31 why
2184 1913 20 25 it
2224 1912 88 25 should

1771 1954 45 23 not
1831 1952 30 25 be
1883 1951 64 25 tried
1969 1952 28 24 m
2018 1951 61 25 New
2100 1951 110 26 Zealand
2232 1951 80 24 where

1771 2001 70 16 more
1866 1992 107 25 difficult
2008 1992 140 31 legislation
2177 1991 46 26 has
2251 1992 61 24 been

1772 2031 149 31 attempted.
1957 2031 49 24 We
2018 2031 63 24 have
2103 2031 64 24 been
2178 2029 135 32 compelled

1768 2072 26 24 to
1806 2071 66 25 close
1888 2079 46 16 our
1947 2071 76 31 shops
2032 2078 47 17 one
2088 2070 113 32 half-day
2210 2078 15 17 a
2236 2069 75 29 week,

1768 2112 109 30 register
1890 2111 127 24 ourselves
2030 2111 49 24 and
2100 2111 112 24 factories
2234 2110 80 25 under

1769 2151 93 31 special
1893 2151 60 24 Acts
1978 2151 28 24 of
2032 2150 164 25 Parliament,
2227 2150 49 23 and
2299 2158 15 15 a

1773 2190 129 25 workable
1926 2190 101 25 scheme
2052 2189 27 25 of
2098 2190 114 25 national
2229 2189 85 25 insur-

1769 2239 62 17 ance
1845 2231 80 30 ought
1949 2232 45 24 not
2019 2234 25 21 to
2066 2230 32 25 be
2110 2239 13 15 a
2135 2238 59 23 very
2212 2229 102 26 difficult

1766 2272 92 20 matter.

1766 2460 190 60 LOCAL
1990 2464 26 56 and
2044 2459 271 60 GENERAL

1807 2577 132 23 Dbamatic
1958 2575 224 24 Entertainment.
2184 2589 33 4 —
2219 2574 32 25 At
2271 2574 44 24 the

1775 2620 75 24 Town
1869 2617 65 26 Hall
1954 2619 65 24 East
2033 2618 94 25 Oxford
2147 2619 44 24 the
2205 2618 109 25 Sumner

1776 2662 131 25 Dramatic
1932 2662 128 31 Company
2091 2661 141 32 performed
2266 2660 49 24 'In

1775 2706 105 25 Honour
2013 2705 48 25 and
2074 2705 43 25 the
2138 2705 65 25 farce-

1769 2750 44 31 ing
1836 2751 26 22 at
1886 2749 118 29 Marbles,
2025 2749 62 24 with
2110 2756 15 17 a
2148 2756 59 24 very
2232 2747 80 25 clever

1770 2792 195 32 Ventriloquical
1998 2791 172 33 performance
2201 2792 110 24 between

1770 2836 42 24 the
1822 2839 88 28 pieces.
1950 2836 113 24 Without
2076 2843 33 17 an
2135 2835 132 32 exception
2290 2835 20 23 it

1770 2886 51 18 was
1850 2879 44 24 the
1928 2878 54 26 best
2018 2879 131 23 Dramatic
2186 2878 128 31 Company

1771 2922 56 25 that
1859 2921 47 24 has
1925 2930 57 16 ever
2007 2921 90 25 visited
2127 2921 101 28 Oxford,
2264 2921 49 24 and

1772 2965 41 25 the
1847 2964 92 26 several
1984 2965 77 25 ladies
2088 2964 50 25 and
2170 2963 144 33 gentlemen

1772 3008 123 25 members
1926 3008 26 24 of
1996 3008 43 25 the
2083 3008 125 31 Company
2254 3015 61 17 were

1772 3051 72 26 letter
1867 3050 101 32 perfect,
2004 3050 50 26 and
2078 3051 125 31 displayed
2227 3058 15 16 a
2265 3050 48 24 his-

1772 3095 90 23 trionic
1885 3093 82 26 talent
1990 3094 27 24 of
2038 3101 15 17 a
2076 3102 59 23 very
2158 3093 61 32 high
2231 3093 80 24 order.

1773 3137 55 26 The
1850 3137 99 25 Annual
1972 3137 66 25 Bace
2073 3137 67 25 Ball,
2165 3144 53 17 was
2241 3136 74 32 fairly

1772 3181 152 32 patronized.
1961 3180 41 25 Mr
2027 3180 94 26 Searell
2153 3179 115 32 presided
2288 3182 26 21 at

1772 3225 43 25 the
1839 3225 83 32 piano.

1805 3306 139 25 Football.
1946 3320 33 4 —
1980 3305 117 25 Football
2126 3305 108 30 practice
2261 3303 52 26 will

1773 3349 29 24 be
1826 3349 57 24 held
1916 3349 28 23 m
1979 3349 134 23 Pearson's
2146 3347 75 35 Park,
2264 3347 51 23 this

1772 3392 131 25 afternoon
1927 3393 26 24 at
1987 3392 27 23 4.
2038 3392 41 23 30.
2101 3398 25 24 p.
2150 3398 34 17 m.
2209 3390 49 24 and
2281 3398 34 16 on

1773 3435 71 24 Good
1856 3434 93 32 Friday
1972 3443 15 16 a
2000 3433 83 25 match
2097 3433 49 25 will
2169 3433 29 24 be
2217 3432 96 32 played,

1772 3478 114 25 between
1918 3478 94 26 Oxford
2047 3477 68 25 firsts
2139 3477 50 25 and
2224 3477 90 25 second

1772 3521 83 26 fifteen
1880 3523 26 23 at
1930 3522 24 24 8.
1978 3529 25 23 p.
2028 3528 35 18 m.

1807 3599 65 24 Sale
1918 3605 29 17 of
2002 3598 110 24 Timber.
2114 3612 33 3 —
2148 3598 53 24 The
2246 3597 69 32 large

1772 3651 91 25 timber
1897 3651 51 25 sale
1983 3652 59 24 held
2067 3652 111 31 recently
2199 3653 25 23 at
2248 3652 67 24 Mes-

1773 3703 37 16 srs
1854 3695 86 25 Smith
1985 3695 50 25 and
2085 3695 111 24 Morris'B
2250 3695 64 29 Mill,

1772 3737 87 33 passed
1871 3737 35 25 off
1921 3746 58 23 very
2000 3737 168 32 successfully.
2206 3737 108 32 Seventy

1772 3782 125 24 thousand
1924 3782 50 23 feet
2001 3782 26 24 of
2054 3781 90 24 timber
2165 3783 25 22 at
2211 3781 103 30 payable

1771 3826 74 26 rates,
1882 3833 61 15 were
1962 3824 116 30 disposed
2098 3824 28 23 of
2144 3824 26 23 m
2190 3831 33 16 an
2241 3823 71 24 hour.

1811 3916 223 25 Entertainment.
2036 3929 32 3 —
2071 3915 37 24 On
2131 3908 87 31 East&r
2244 3914 69 24 Mon-

1772 3960 47 31 day
1833 3960 42 25 the
1896 3958 83 33 Roger
1992 3958 84 25 Hol^s
2087 3958 130 24 Dramatic
2241 3957 71 24 Com-

1772 4011 67 23 pany
1858 4002 47 24 will
1918 4004 57 29 play
1988 4002 43 24 the
2055 4001 137 31 Charming
2204 4000 109 32 Comedy

1773 4047 25 24 of
1819 4046 84 25 Caste.
1938 4045 55 25 The
2010 4045 130 30 Company
2170 4044 51 24 will
2240 4044 73 24 make

1773 4089 66 24 their
1873 4089 56 23 first
1964 4095 154 24 appearance
2152 4089 27 23 at
2211 4086 101 29 Oxford,

1774 4132 50 25 and
1847 4139 71 18 come
1938 4132 61 24 with
2030 4139 14 17 a
2079 4131 64 31 good
2160 4131 152 31 reputation,

1773 4176 180 31 consequently
1974 4174 33 25 all
2041 4174 54 24 who
2119 4174 127 30 patronize
2269 4174 44 25 the

1772 4219 167 30 performance
1957 4218 52 24 will
2040 4217 63 24 have
2126 4225 15 15 a
2161 4217 151 32 thoroughly

1774 4260 132 32 enjoyable
1929 4261 115 30 evening.
2091 4259 22 23 A
2146 4259 87 25 Public
2258 4259 55 26 Ball

1773 4303 51 24 will
1847 4303 92 24 follow.
1993 4302 52 24 The
2068 4303 177 31 management
2267 4303 44 24 has

1772 4346 129 32 requested
1925 4354 28 17 us
1979 4348 25 23 to
2028 4346 65 24 state
2116 4345 57 26 that
2192 4346 52 25 this
2262 4346 50 25 will

1772 4389 120 32 probably
1922 4389 30 25 be
1985 4389 43 25 the
2060 4388 49 25 last
2143 4389 88 26 Public
2254 4392 59 30 Ball,

1772 4432 38 24 for
1842 4431 44 25 the
1913 4438 97 21 6eas,on.
2057 4430 72 26 Good
2160 4432 81 26 music
2263 4434 50 29 aijd

1773 4474 178 25 refreshments
1974 4474 51 25 will
2046 4473 32 26 be
2103 4475 125 31 provided,
2265 4478 48 23 and

1773 4517 149 32 everything
1945 4517 64 25 done
2033 4519 25 22 to
2080 4519 75 24 make
2167 4519 44 24 the
2232 4520 81 25 whole

1773 4568 15 16 a
1812 4567 107 17 success.

2381 223 93 26 Water
2491 223 79 26 Eace.
2572 239 32 5 —
2604 225 47 25 We
2674 233 43 18 are
2738 227 101 31 pleased
2859 227 26 24 to

2345 256 70 26 learn
2427 258 54 24 that
2492 257 97 25 further
2600 258 140 31 signatures
2752 267 42 17 are
2803 258 79 25 added

2345 291 26 24 to
2383 289 43 26 the
2449 291 69 24 £200
2540 294 136 28 guarantee
2698 294 27 23 to
2742 292 75 25 assist
2839 291 44 25 the

2344 323 149 31 completion
2512 323 28 25 of
2561 324 114 31 Cooper's
2696 325 78 25 Creek
2797 325 85 25 Water

2344 355 74 30 Eace,
2437 356 50 24 and
2498 364 37 17 we
2558 356 63 31 hope
2643 357 55 24 that
2721 357 120 26 residents
2853 358 26 23 m

2344 388 41 25 the
2397 388 96 25 district
2504 389 51 25 will
2573 389 52 25 still
2648 390 117 25 continue
2777 392 26 23 to
2814 390 65 31 sign,

2343 421 48 25 and
2415 429 27 17 so
2465 422 55 30 give
2542 422 119 31 practical
2683 423 196 24 demonstration

2343 456 26 23 to
2393 454 43 25 the
2460 454 38 25 W.
2524 454 25 26 S.
2573 454 84 25 Board
2679 456 54 24 that
2756 456 59 28 they
2838 464 41 16 are

2342 487 105 24 anxious
2459 488 26 23 to
2497 495 40 16 see
2558 487 43 24 the
2613 487 65 24 work
2698 488 146 31 completed.

2375 530 106 24 Baptist
2495 530 103 25 Church
2606 529 70 25 East
2688 530 136 25 Oxford—
2825 531 54 24 The

2344 562 164 32 Anniversary
2521 564 48 24 Tea
2589 563 109 31 meeting
2716 564 51 24 will
2778 564 31 24 be
2819 564 59 24 held

2342 595 26 24 m
2381 595 43 25 the
2436 595 87 32 chapel
2542 604 33 17 on
2596 596 71 24 Good
2688 596 99 32 Friday,
2809 597 69 31 April

2342 628 54 25 3rd.
2420 629 73 24 1896.
2530 629 69 25 After
2611 628 43 25 the
2678 629 50 25 Tea
2748 638 15 16 a
2788 629 90 26 Sacred

2342 661 104 25 Concert
2458 661 51 25 will
2521 661 28 25 be
2561 662 67 29 held,
2647 662 73 25 when
2733 670 53 18 new
2798 663 81 25 music

2342 695 50 23 will
2413 694 30 24 be
2462 695 73 31 given
2554 696 32 30 by
2598 695 43 24 the
2653 695 75 24 choir.

2376 735 99 24 School
2488 734 129 25 Children
2634 735 244 26 Excursion.—Six-

2342 778 57 23 teen
2419 777 125 31 carriages
2561 778 87 24 drawn
2665 778 30 31 by
2712 780 47 22 two
2777 778 101 31 engines

2341 820 44 24 left
2403 820 95 24 Oxford
2515 821 38 23 for
2582 821 132 31 Lyttelton
2726 829 32 15 on
2786 821 93 32 Friday

2342 863 116 33 morning
2475 863 57 30 last,
2563 864 111 25 crowded
2705 865 60 24 with
2794 865 85 24 school

2342 907 120 28 children,
2499 907 50 24 and
2578 907 66 24 their
2672 907 102 25 friends.
2826 908 52 24 The

2341 950 104 24 weather
2457 958 48 16 was
2518 950 35 24 all
2570 949 57 26 that
2639 950 73 24 could
2732 950 30 25 be
2774 950 104 30 desired,

2342 994 50 24 and
2417 994 44 24 the
2490 994 59 24 dear
2573 993 110 25 children
2715 994 89 25 should
2824 994 55 25 tho-
2888 985 2 39 j

2340 1037 106 31 roughly
2481 1037 72 31 enjoy
2588 1037 159 25 themselves.
2824 1038 55 25 The
2888 1045 2 25 j

2341 1081 77 31 prices
2441 1080 75 32 being
2538 1081 180 31 exceptionally
2729 1082 48 24 low
2800 1081 78 24 would

2340 1124 28 23 m
2391 1133 13 14 a
2427 1131 112 17 measure
2562 1126 107 22 account
2691 1124 38 25 for
2752 1132 28 17 so
2803 1132 76 24 many

2342 1167 83 24 adults
2448 1168 153 30 patronising
2636 1168 42 24 the
2709 1168 136 29 excursion,

2373 1244 150 25 Influenza.
2524 1260 28 2 —
2558 1244 62 25 Now
2639 1244 51 25 this
2719 1244 120 32 epidemic
2859 1244 21 25 is

2340 1288 130 31 becoming
2480 1288 130 31 prevalent
2618 1296 37 16 we
2667 1288 114 31 strongly
2791 1296 88 16 recom-

2340 1331 72 25 mend
2425 1331 42 25 the
2479 1331 51 25 free
2542 1340 43 16 use
2598 1331 27 24 of
2635 1331 123 31 Platypus
2765 1331 85 24 Brand
2858 1331 27 25 of

2340 1374 155 30 Eucalyptus
2510 1374 125 24 Globulus
2664 1374 114 26 Extract,
2806 1374 75 23 taken

2341 1425 66 23 upon
2431 1424 74 24 sugar
2534 1425 28 16 or
2581 1417 27 23 m
2632 1416 72 24 milk.
2740 1415 54 25 The
2816 1417 67 23 most

2339 1460 115 31 pleasant
2465 1469 54 22 way
2531 1462 25 22 to
2566 1460 58 24 tako
2636 1459 157 32 Eucalyptus
2815 1458 21 25 is
2855 1460 27 23 m

2340 1503 44 25 the
2416 1503 117 32 Platypus
2561 1503 89 24 Brand
2678 1503 27 25 of
2727 1503 155 30 Eucalyptus

2340 1547 116 32 Jujubes.
2492 1548 70 30 They
2575 1555 42 16 are
2628 1547 25 24 m
2671 1547 63 25 such
2745 1556 15 16 a
2772 1546 111 32 portable

2340 1587 70 28 form,
2424 1588 115 30 pleasant
2551 1590 26 23 to
2589 1589 75 28 taste,
2684 1587 50 25 and
2752 1587 128 31 antisepti-

2340 1631 143 25 stimulant.

2451 1704 14 13 #
2552 1704 14 14 #
2653 1704 14 13 #
2754 1704 14 13 #

2375 1747 26 23 It
2413 1746 21 24 is
2452 1746 133 24 estimated
2606 1746 56 24 that
2681 1754 32 16 no
2733 1746 73 24 fewer
2818 1745 61 24 than

2340 1792 47 17 one
2416 1784 96 24 million
2537 1784 27 24 of
2588 1791 67 22 men,
2697 1791 104 22 women,
2830 1784 50 23 and

2340 1824 112 25 children
2475 1825 39 24 die
2542 1824 85 32 yearly
2658 1824 27 24 m
2721 1824 74 24 India
2817 1824 61 24 from

2341 1862 147 24 starvation.

2340 1998 71 24 THE
2431 1998 90 24 NOTE
2545 1998 101 27 ISSUE
2671 1999 38 24 IN
2727 1999 151 30 QUEENS-

2556 2042 102 24 LAND.

2475 2077 76 23 From
2576 2077 47 23 The
2649 2077 89 28 Tfeople.

2376 2147 74 25 Some
2462 2146 60 24 time
2534 2154 46 23 ago
2593 2154 14 16 a
2620 2146 67 24 cable
2700 2154 113 23 message
2835 2154 41 23 ap-

2340 2185 90 32 peared
2453 2185 92 30 stating
2569 2184 55 24 that
2656 2185 42 23 the
2722 2185 155 29 Queensland

2344 2224 69 24 State
2432 2225 60 22 note
2514 2231 50 16 was
2586 2224 46 22 not
2655 2231 16 15 a
2694 2231 103 16 success.
2834 2223 45 25 We

2343 2263 75 25 asked
2430 2263 42 23 the
2484 2263 134 24 Treasurer
2629 2263 28 23 of
2677 2264 55 24 that
2744 2263 85 30 colony
2843 2264 36 24 for

2343 2311 32 15 an
2388 2302 158 31 explanation
2559 2301 25 24 of
2599 2302 42 23 the
2654 2304 88 29 system
2756 2302 49 24 and
2817 2302 62 24 have

2343 2342 110 25 received
2465 2342 42 24 the
2518 2341 128 32 following
2657 2342 69 31 reply
2735 2350 5 16 :
2745 2356 31 3 —
2847 2357 33 3 —

2345 2380 70 25 With
2427 2380 124 24 reference
2573 2384 26 19 to
2621 2387 63 23 your
2707 2380 70 24 letter
2788 2380 28 24 of
2837 2380 43 25 the

2345 2419 60 24 10th
2419 2417 95 29 ultimo,
2526 2417 14 24 I
2562 2417 64 24 have
2649 2417 43 25 the
2715 2418 79 25 honor
2806 2420 25 23 to
2843 2419 36 24 in-

2343 2458 63 24 form
2418 2466 47 22 you
2478 2457 56 24 that
2557 2457 42 24 the
2624 2457 158 29 Queensland
2794 2458 85 24 Treas-

2344 2506 45 23 ury
2418 2497 77 24 Notes
2518 2505 42 16 are
2589 2497 105 31 payable
2716 2498 27 24 m
2766 2497 58 31 gold
2847 2506 32 17 on

2343 2538 107 25 demand
2474 2539 26 22 at
2523 2537 43 25 the
2589 2537 130 32 Tre-isury,
2751 2539 45 24 but
2818 2539 61 24 with

2344 2577 53 24 that
2410 2576 127 30 exception
2560 2577 60 30 they
2644 2584 40 16 are
2707 2576 65 32 legal
2794 2577 86 24 tender

2344 2615 153 29 throughput
2516 2615 44 23 the
2583 2615 96 29 colony.

2377 2653 81 25 When
2470 2652 56 24 first
2538 2652 43 25 the
2593 2653 71 23 notes
2685 2660 62 17 were
2759 2652 84 24 issued
2855 2653 23 24 m

2343 2693 66 24 June
2434 2695 72 28 1893,
2531 2692 44 25 the
2599 2692 86 25 Banks
2697 2700 63 17 were
2774 2692 105 32 charged

2342 2733 15 22 4
2370 2740 43 22 per
2425 2733 57 22 cent
2502 2740 33 15 on
2556 2732 43 24 the
2611 2731 145 24 circulation
2778 2731 48 24 less
2838 2732 41 24 the

2342 2770 103 23 amount
2457 2768 27 25 of
2493 2769 58 31 gold
2558 2769 65 31 paid,
2637 2769 43 25 the
2693 2769 85 24 Banks
2787 2769 93 32 having

2342 2810 26 22 to
2380 2807 96 31 deposit
2488 2808 56 30 gold
2556 2808 28 24 m
2602 2807 43 24 the
2664 2808 121 30 Treasury
2799 2810 25 23 to
2837 2808 42 25 the

2342 2850 103 21 amount
2457 2847 26 24 of
2494 2848 32 23 25
2549 2855 44 21 per
2604 2849 58 22 cent
2685 2847 26 25 of
2732 2848 52 24 this
2806 2848 72 24 issue.

2375 2885 35 23 As
2422 2884 49 24 this
2484 2886 94 28 system
2596 2884 43 24 did
2650 2886 45 23 not
2718 2884 66 25 work
2808 2884 71 25 satis-

2341 2924 121 32 factorily,
2487 2932 14 16 a
2527 2932 51 16 new
2602 2928 139 28 agreement
2754 2932 49 17 was
2825 2933 54 23 pro-

2342 2964 75 32 posed
2429 2964 27 25 m
2468 2964 110 32 January
2603 2965 72 27 1894,
2699 2966 32 30 by
2744 2964 81 25 which
2837 2964 43 25 the

2342 3005 86 24 Banks
2440 3005 58 31 paid
2509 3005 57 31 gold
2579 3006 24 23 to
2617 3005 42 24 the
2671 3006 105 23 amount
2788 3005 26 24 of
2823 3012 56 17 one-

2342 3043 68 24 third
2433 3043 26 24 of
2480 3043 43 24 the
2543 3044 73 23 notes
2638 3043 84 24 issued
2745 3042 49 25 and
2817 3050 63 17 were

2342 3081 107 30 charged
2462 3081 14 23 2
2489 3088 44 23 per
2546 3081 57 23 cent
2615 3088 44 22 per
2670 3088 94 16 annum
2776 3080 104 24 interest

2342 3126 33 17 on
2398 3119 44 23 the
2464 3118 111 27 balance,
2612 3118 157 31 irrespectire
2792 3118 25 24 of
2841 3119 39 23 the

2342 3156 157 25 circulation.
2535 3156 61 24 This
2614 3158 142 29 agreement
2779 3165 51 15 was
2842 3165 38 15 ac-

2342 3194 87 32 cepted
2441 3196 32 30 by
2485 3195 44 24 the
2541 3194 69 25 three
2633 3195 64 23 local
2720 3194 94 28 Banks,
2839 3195 41 24 the

2341 3235 128 25 non-local
2480 3235 80 25 banks
2572 3234 137 33 preferring
2722 3236 25 24 to
2759 3235 121 32 purchase

2341 3276 73 23 notes
2426 3282 27 16 as
2466 3274 111 31 required
2595 3273 31 32 by
2638 3274 70 24 them
2730 3274 48 24 and
2789 3274 91 31 paying

2342 3314 57 30 gold
2410 3314 28 23 m
2450 3313 54 24 full.

2376 3354 137 30 According
2525 3354 26 23 to
2563 3354 44 23 the
2618 3354 76 23 latest
2709 3356 108 27 returns,
2840 3356 42 22 the

2342 3393 145 24 circulation
2499 3394 27 23 cf
2538 3393 121 32 Treasury
2679 3396 71 23 notes
2763 3396 119 23 amounts

2342 3432 25 23 to
2380 3431 138 30 £488,806,
2540 3440 27 16 as
2588 3432 101 31 against
2708 3441 14 15 a
2734 3432 147 25 circulation

2342 3471 26 24 of
2386 3471 43 25 the
2449 3471 87 25 Banks
2559 3472 66 32 prior
2654 3481 25 16 to
2701 3473 41 24 the
2766 3472 70 25 cr'sis
2858 3472 25 25 of

2344 3512 138 29 £•-■±7,744,
2497 3519 33 18 on
2551 3512 80 25 which
2652 3513 59 31 they
2730 3512 57 31 paid
2800 3513 82 30 stamp

2342 3551 61 30 duty
2416 3551 14 22 3
2451 3558 43 22 per
2506 3552 65 22 cent.
2609 3550 33 24 Of
2659 3550 44 24 the
2723 3553 100 28 present
2835 3550 46 24 cir-

2342 3593 121 29 culation,
2478 3593 43 24 the
2532 3593 65 25 local
2609 3593 87 24 Banks
2708 3593 90 31 supply
2811 3593 69 24 £291

2343 3635 57 29 509,
2414 3634 50 24 and
2477 3634 42 25 the
2531 3633 104 26 balance
2647 3633 26 26 of
2696 3634 140 29 £142,527,
2860 3634 22 25 is

2342 3672 117 30 provided
2471 3672 31 31 by
2516 3673 43 23 the
2572 3673 125 24 non-local
2720 3673 95 23 Banks.
2850 3673 32 23 In

2343 3720 67 15 some
2429 3719 71 16 cases
2521 3713 41 23 the
2584 3713 73 24 notes
2680 3720 40 16 are
2743 3712 139 31 purchased

2342 3751 74 31 freely
2428 3751 32 31 by
2472 3754 41 22 the
2526 3752 128 25 non-local
2666 3753 94 29 Banks,
2779 3760 66 17 some
2857 3752 26 23 of

2342 3789 82 24 which
2436 3797 55 16 now
2503 3790 94 30 largely
2622 3791 119 24 circulate
2762 3791 119 29 Treasj:y

2538 3988 46 24 ON
2618 3988 69 24 DIT.

2458 4030 74 26 From
2555 4033 48 23 The
2628 4032 134 32 Spectator.

2374 4095 82 25 When
2468 4104 16 16 a
2507 4105 59 23 poor
2589 4098 81 24 fellow
2695 4098 85 31 begins
2802 4098 27 23 to
2849 4104 32 23 go

2343 4132 70 26 down
2425 4134 54 30 hill,
2498 4135 21 25 it
2531 4135 35 25 ise
2578 4136 65 24 asier
2665 4136 39 23 for
2724 4136 54 23 him
2792 4136 24 23 to
2828 4134 53 25 find

2343 4179 12 16 a
2367 4171 100 32 helping
2489 4172 52 25 foot
2562 4174 63 23 than
2643 4181 15 16 a
2681 4173 100 30 helping
2806 4172 74 25 hand.

2374 4209 53 24 The
2441 4210 100 24 hardest
2561 4210 87 31 people
2661 4218 32 15 on
2705 4210 70 23 earth
2797 4211 39 22 lor
2848 4218 33 16 an

2343 4246 77 25 editor
2435 4249 25 23 to
2483 4248 83 30 please
2578 4254 42 16 are
2636 4247 71 23 those
2719 4248 55 23 who
2787 4247 95 25 borrow

2343 4286 41 24 the
2406 4294 75 23 paper
2502 4286 63 24 from
2589 4293 69 17 some
2679 4286 27 24 of
2728 4287 37 24 his
2785 4288 98 31 regular

2343 4324 160 26 subscribers.

2469 4368 14 13 *
2604 4367 14 14 *
2740 4369 14 14 #

2453 4386 149 14 *##
2621 4386 14 14 #
2724 4387 14 14 #
2757 4388 14 14 #

2376 4408 94 25 Friund
2482 4407 102 31 Hornby
2604 4415 82 17 seems
2703 4410 27 22 to
2745 4409 30 24 be
2787 4411 97 30 getting

2343 4447 23 25 al
2387 4446 66 31 riglit
2475 4445 75 31 again
2568 4444 22 24 if
2609 4453 49 17 oae
2670 4454 58 24 may
2748 4447 80 32 judge
2852 4448 33 33 by

2343 4487 42 24 the
2397 4484 126 31 following
2539 4485 80 24 which
2638 4486 22 24 is
2672 4486 47 25 full
2741 4487 28 25 of
2787 4491 47 29 'go'
2844 4496 6 17 :
2853 4503 33 4 —
2892 4499 6 6 <

2343 4524 75 24 'That
2430 4523 82 24 which
2533 4523 23 25 is
2568 4524 152 25 condemned
2735 4526 28 24 m
2776 4526 110 25 Richard

2343 4561 100 26 Seddon
2467 4560 88 29 to-day
2579 4569 51 17 was
2664 4562 90 26 cursed
2776 4563 26 25 m
2826 4564 72 25 John

2917 227 119 26 Ballance
3047 227 137 33 yesterday.
3221 228 37 25 TL
3379 229 20 24 is
3411 228 44 26 the

2916 272 77 22 same,
3022 267 43 24 the
3088 266 79 31 hopes
3173 267 61 23 -and
3258 277 13 14 a
3288 285 3 13 ;
3305 261 188 39 i.ittious^pf^

2914 305 43 24 the
2968 308 69 29 party
3058 314 40 17 are
3111 307 42 24 the
3169 314 86 22 same,.,
3265 310 48 21 aud
3328 312 18 20 it
3357 308 23 24 is
3391 308 60 32 only

2912 343 27 24 m
2952 343 42 24 the
3016 344 63 32 hope
3102 345 57 23 that
3182 344 59 31 tliSj
3254 345 70 32 im.-.y.
3345 346 45 24 stir
3407 346 44 25 the

2912 381 89 30 people
3009 381 54 25 into
3087 390 15 16 a
3125 383 65 23 state
3210 390 22 16 oj
3251 385 31 22 \u
3286 384 164 25 -satisfaction

2912 421 59 23 with
2984 421 43 25 the
3036 421 100 25 Liberal
3149 421 89 30 leader,
3252 423 49 24 and
3310 432 27 15 .-o
3349 424 101 24 weaken

2912 461 43 24 the
2977 468 81 23 power
3080 462 27 24 of
3134 462 41 24 the
3204 463 159 30 Democracy,
3393 464 57 24 that

2914 498 67 24 these
2999 499 136 23 continued
3157 500 150 31 onslaughts
3325 508 41 16 are
3379 501 69 24 made

2911 548 67 23 upon
2990 541 44 24 the
3045 541 101 25 Liberal
3168 542 111 25 Premier
3302 543 31 30 by
3347 551 99 17 unscru-

2911 583 88 31 pulous
3011 584 103 25 writers.

2945 665 24 24 J.
2993 665 80 26 Bull's
3095 668 100 30 present
3219 668 98 24 scheme
3330 667 20 24 is
3372 669 26 23 to
3410 668 36 24 in-

2911 708 60 23 duce
2983 707 129 26 President
3120 708 97 32 Kruger
3229 712 26 22 to
3263 710 56 25 visit
3328 710 119 31 England

2912 750 49 25 and
2971 750 72 25 make
3055 752 51 24 him
3118 752 65 24 aK.
3196 752 27 25 C.
3246 754 35 22 M.
3295 754 33 23 G.
3363 753 26 23 If
3398 762 50 21 you

2911 795 57 23 cant
2979 794 45 23 kill
3036 802 15 16 a
3071 802 65 21 man,
3155 795 89 24 nobble
3264 797 62 23 him.
3363 796 26 23 If
3398 804 50 23 you

2911 837 66 24 can't
2999 837 89 25 nobble
3110 838 55 25 him
3197 839 112 32 directly,
3341 839 107 26 ennoble

2910 877 61 24 him.
3006 877 47 25 It's
3065 878 35 24 all
3111 886 53 16 one.

2912 1008 88 25 TERRIBLE
3000 1008 38 25 MINING
3038 1008 27 25 DISASTER.

2996 1062 60 25 Over
3077 1063 66 31 sixty
3156 1071 55 17 men
3224 1064 139 25 entombed.

3029 1106 59 24 Five
3101 1106 82 25 bodies
3196 1108 135 25 recovered.

3114 1173 163 30 Greymontb,
3296 1174 86 25 March
3408 1176 38 24 26.

2948 1204 78 25 There
3039 1213 62 17 were
3113 1206 65 31 sixty
3201 1215 58 17 men
3271 1208 24 24 m
3320 1208 40 24 the
3380 1208 66 26 mine

2915 1237 71 25 when
3015 1238 41 24 the
3082 1239 121 31 explosion
3240 1241 121 28 occurred,
3399 1241 47 25 and

2915 1270 95 32 shortly
3032 1272 62 24 after
3116 1272 84 25 smoke
3212 1281 49 17 was
3273 1282 58 16 seen
3353 1275 93 31 issuing

2915 1304 61 24 from
2989 1305 42 23 the
3039 1305 90 25 mouth
3141 1306 27 24 of
3176 1307 44 23 the
3230 1307 46 30 pit.
3294 1307 41 24 Mr
3344 1307 102 32 Bishop,

2916 1338 40 23 the
2967 1338 67 23 mine
3046 1345 125 25 manager,
3185 1342 25 21 at
3222 1348 61 16 once
3293 1341 100 23 entered
3404 1341 42 24 the

2915 1370 75 27 drive,
3009 1370 45 24 but
3065 1370 47 24 had
3126 1373 43 22 not
3180 1373 132 26 proceeded
3323 1373 40 23 far
3374 1373 72 24 when

2915 1401 32 25 he
2958 1410 51 15 was
3029 1404 176 30 overpowered,
3225 1404 43 25 but
3290 1405 22 24 is
3333 1413 54 16 now
3410 1406 36 23 far

2915 1435 136 24 recovered.

2949 1484 101 33 Shortly
3073 1486 62 24 after
3157 1487 42 23 the
3227 1488 132 24 sad.news
3380 1490 66 23 went

2915 1518 84 29 ronnd,
3036 1519 42 24 the
3102 1519 88 25 mouth
3213 1521 27 23 of
3269 1521 42 24 the
3339 1521 36 31 pit
3397 1528 49 18 was

2915 1551 110 24 crowded
3038 1552 32 32 by
3083 1561 66 20 men,
3166 1561 97 17 women
3276 1554 47 24 and
3337 1554 109 24 children

2915 1585 131 31 anxiously
3058 1586 121 31 watching
3190 1586 64 28 for.a
3267 1588 66 30 sight
3345 1588 25 23 of
3383 1587 63 25 then.*

2917 1618 59 24 dear
2990 1626 65 17 ones.

3112 1678 159 21 Brunnerton
3287 1678 15 22 8
3317 1678 30 20 10
3358 1683 24 23 p.
3395 1683 35 16 m.

2947 1707 53 24 The
3011 1707 112 24 Premier
3132 1708 96 24 arrived
3239 1708 32 31 by
3280 1709 89 29 special
3381 1709 63 24 train

2915 1741 59 24 from
2987 1740 120 24 Hokitika
3119 1740 117 31 to-night.
3272 1742 53 22 The
3338 1741 106 24 Premier

2915 1773 91 25 headed
3030 1781 15 16 a
3068 1773 70 25 relief
3159 1775 78 30 party,
3268 1773 50 25 and
3345 1774 23 24 is
3390 1782 54 17 now

2915 1807 70 21 down
2998 1806 43 22 the
3064 1806 74 22 mine.

2947 4095 141 26 EVENTS
3116 4096 45 25 OF
3188 4096 71 25 THE
3285 4095 135 26 COMING

3128 4139 117 25 WEEK.

2914 4236 124 31 Tuesday,
3064 4236 105 30 Library
3191 4244 73 23 open,
3285 4236 63 24 from
3372 4238 24 24 6.
3415 4237 44 25 15.

2982 4284 24 23 p.
3024 4284 34 16 ra.
3083 4278 25 22 to
3132 4277 23 23 8.
3175 4284 25 23 p.
3220 4285 36 15 m.

2915 4316 142 32 Thursday,
3087 4316 74 25 Bank
3184 4324 74 24 open.
3341 4316 115 33 Meeting

2915 4358 25 24 of
2953 4356 43 25 the
3023 4357 74 27 VV-A,
3116 4356 40 26 W.
3178 4356 28 26 S.
3231 4357 93 25 Board.

2918 4400 133 30 Saturday,
3069 4400 108 31 Library
3196 4409 64 23 open
3283 4399 66 27 from
3372 4403 24 22 6.
3418 4402 42 23 15.

2916 4452 25 23 p.
2960 4451 35 16 m.
3015 4445 26 22 to
3054 4444 15 23 8
3087 4451 25 23 p.
3126 4451 33 16 ra.

2919 4486 133 32 Saturday,
3074 4486 104 32 Library
3202 4494 65 24 open
3287 4487 60 24 from
3372 4488 24 25 6.
3422 4488 40 24 35.

2985 4537 25 23 p.
3029 4537 36 16 m.
3088 4531 25 23 to
3137 4530 24 24 8.
3181 4537 27 24 p.
3232 4538 36 17 m.
3304 4530 111 31 Meeting
3436 4538 26 17 ot

2919 4567 46 27 the
2992 4567 160 26 Oddfellows.

1136 76 174 32 OXFOKD
1354 77 233 30 OBSERVER
1630 76 239 36 SATURDAY,
1926 76 155 33 MARCH
2166 80 49 34 28,
2275 80 78 32 1896

2945 1961 31 25 In
2995 1962 74 32 Italy,
3097 1962 43 24 the
3166 1961 74 26 home
3260 1962 26 25 of
3310 1961 43 25 the
3371 1962 76 32 Pope,

2913 2002 75 24 under
3000 2001 127 31 parochial
3150 2001 106 30 schools,
3276 2003 30 23 53
3320 2010 40 22 per
3380 2004 66 22 cent,

2913 2041 24 24 of
2960 2040 43 24 the
3022 2041 87 30 people
3134 2048 46 16 can
3201 2040 97 24 neither
3320 2039 59 25 read
3402 2048 45 16 nor

2911 2079 70 25 write
2991 2086 5 21 ;
3015 2079 25 23 m
3066 2078 84 32 Spain,
3181 2079 50 29 72£
3252 2086 42 24 per
3317 2079 54 23 cent
3384 2086 5 21 ;
3420 2079 27 24 m

2911 2117 108 28 Austria,
3037 2118 31 22 45
3087 2125 42 22 per
3141 2118 64 22 cent.
3218 2125 5 20 ;
3242 2117 25 23 iv
3292 2116 102 29 Mexico,
3413 2118 33 24 93

2912 2163 41 23 per
2975 2158 63 21 cent.
3082 2154 88 25 Under
3192 2154 43 25 the
3257 2154 82 31 public
3362 2154 87 25 school

2913 2194 90 31 system
3016 2193 44 25 the
3082 2192 90 26 results
3196 2200 41 17 are
3250 2201 6 16 :
3275 2192 134 31 Germany,
3430 2193 16 24 3

2912 2242 44 24 per
2967 2234 63 24 cent.
3042 2242 5 21 ;
3061 2233 106 31 Norway
3184 2232 50 25 and
3247 2232 111 28 Sweden,
3378 2234 14 22 3
3403 2241 46 23 per

2913 2274 65 22 cent.
2989 2280 6 20 ;
3009 2271 125 31 England,
3156 2272 30 22 10
3209 2279 44 22 per
3264 2274 65 21 cent.
3341 2278 6 21 ;
3370 2270 80 25 Swit-

2913 2311 106 28 zerland,
3038 2312 14 23 5
3064 2318 44 24 per
3120 2312 64 23 cent.
3194 2318 6 21 ;
3222 2309 94 26 United
3329 2310 91 29 States,
3434 2312 15 23 7

2913 2356 44 24 per
2979 2350 64 23 cent.

3025 2391 14 14 #
3125 2391 14 14 *
3224 2391 14 14 #
3322 2391 14 14 #

2947 2424 53 24 The
3021 2425 118 29 Lyttelton
3162 2424 83 26 Times,
3275 2423 109 30 through
3404 2424 44 24 the

2913 2462 124 30 discovery
3049 2461 27 25 of
3095 2462 39 23 Mr
3154 2460 95 32 Withy,
3273 2460 82 32 sagely
3377 2468 72 18 avers

2913 2502 55 24 that
2979 2502 28 23 m
3030 2502 42 23 the
3090 2500 99 26 mother
3212 2502 102 30 country
3337 2500 43 25 the
3391 2508 58 24 pos-

2913 2542 94 24 session
3020 2542 25 24 of
3068 2539 43 27 the
3134 2541 58 24 land
3214 2541 22 24 is
3255 2549 13 16 a
3292 2541 66 24 close
3370 2549 78 16 mon-

2913 2580 80 32 opoly,
3004 2579 49 24 and
3070 2580 43 23 the
3123 2579 95 24 worker
3229 2579 22 24 is
3271 2579 139 31 compelled
3421 2580 27 23 to

2913 2626 47 23 pay
2973 2618 46 24 toll
3031 2620 25 21 to
3068 2618 43 23 the
3122 2617 154 30 monopolist
3298 2617 38 24 for
3346 2617 102 30 permis-

2913 2659 55 24 sion
2980 2660 25 22 to
3026 2658 48 24 live
3092 2657 47 25 and
3164 2657 74 24 work.
3273 2657 50 24 But
3346 2657 70 24 there
3421 2655 28 26 Is

2914 2707 30 16 no
2956 2699 113 24 occasion
3092 2700 26 22 to
3138 2698 78 24 travel
3235 2699 26 22 to
3281 2697 117 31 England
3410 2697 40 25 for

2913 2738 51 23 this
2976 2737 58 23 kind
3047 2737 25 23 of
3083 2737 73 30 thing
3158 2750 31 4 —
3189 2744 36 16 we
3245 2736 63 24 have
3319 2736 21 24 it
3351 2736 59 24 here
3421 2736 28 24 m

2913 2775 49 24 this
2987 2782 91 24 young,
3118 2774 59 28 free,
3216 2774 107 31 glorious
3346 2775 104 30 country

2913 2815 116 29 amongst
3042 2821 38 16 us.
3115 2812 54 24 The
3190 2812 122 31 thoughts
3329 2812 27 24 of
3377 2820 72 23 every

2913 2852 90 24 elector
3014 2851 28 24 of
3063 2851 62 24 New
3148 2850 112 24 Zealand
3278 2850 79 31 ought
3383 2852 25 22 to
3419 2851 31 23 be

2913 2889 104 30 steadily
3040 2888 174 25 concentrated
3237 2896 65 24 upon
3325 2888 124 25 Distribu-

2913 2933 52 24 tion
2978 2932 50 24 and
3051 2932 182 30 Development
3245 2932 27 24 of
3294 2932 43 23 the
3348 2931 102 25 natural

2913 2977 126 17 resources
3060 2970 27 24 of
3109 2970 44 24 the
3165 2971 112 30 country.
3313 2968 50 25 For
3375 2976 77 24 many

2913 3016 71 24 years
2996 3010 25 23 at
3033 3009 64 24 least
3109 3008 166 25 Distribution
3288 3007 50 25 and
3360 3005 89 27 Devel-

2913 3048 102 30 opment
3027 3046 89 25 should
3133 3046 164 30 comprehend
3320 3046 75 23 about
3407 3045 43 24 the

2913 3084 57 30 only
2983 3083 108 31 political
3114 3083 81 31 policy
3207 3083 91 24 known
3358 3083 52 23 him
3422 3090 28 17 or

2913 3123 53 24 her.
3012 3121 48 25 Are
3084 3122 43 24 the
3150 3121 98 31 coming
3270 3121 102 24 millons
3395 3121 55 24 who

2914 3160 49 25 will
2977 3168 92 23 occupy
3090 3160 59 24 New
3174 3159 111 24 Zealand
3307 3158 37 25 for
3356 3167 56 16 ever
3424 3160 26 22 to

2914 3198 115 26 continue
3042 3200 26 22 to
3079 3206 48 23 pay
3146 3199 17 23 ti
3169 3197 69 25 ibute
3256 3198 24 24 to
3304 3196 146 33 forty-eight

2914 3247 99 24 persons
3038 3239 37 25 for
3095 3238 147 31 permission
3262 3240 27 23 to
3313 3237 65 25 ''live
3402 3238 49 25 and

2915 3277 66 26 work
3057 3277 49 24 Are
3118 3276 43 25 the
3174 3276 130 25 boundless
3316 3283 97 17 sources
3425 3276 28 25 of

2914 3315 90 26 wealth
3016 3316 26 23 to
3065 3315 117 24 continue
3205 3315 87 24 locked
3313 3322 33 23 up
3368 3322 27 15 m
3407 3315 45 24 the

2914 3355 82 24 hands
3005 3355 26 24 of
3038 3363 15 16 a
3065 3355 46 24 few
3123 3355 172 30 monopolists,
3313 3354 83 25 whilst
3408 3355 43 24 the

2915 3395 126 25 manhood
3064 3394 26 25 of
3113 3394 42 25 the
3175 3396 106 30 country
3315 3393 76 25 walks
3412 3394 42 24 the

2915 3437 87 24 streets
3021 3435 111 24 worklesa
3156 3434 51 23 and
3229 3434 124 24 breadless
3363 3435 12 22 ?
3403 3434 49 24 Let

2915 3474 42 25 the
2968 3473 94 31 people,
3084 3472 93 31 sternly
3198 3472 117 32 crushing
3321 3472 46 24 -the
3380 3472 72 30 spirit

2915 3511 27 25 of
2953 3510 138 31 monopoly,
3113 3509 71 25 insist
3196 3517 67 24 upon
3283 3509 169 25 Distribution

2915 3551 50 25 and
2981 3550 179 31 Development
3180 3549 49 25 and
3253 3549 70 25 there
3342 3549 20 24 is
3374 3549 77 30 work,

2915 3591 143 31 prosperity,
3078 3591 49 23 and
3147 3589 135 32 happiness
3294 3589 38 25 for
3343 3588 41 25 all.

2948 3675 44 24 We
3001 3676 58 22 note
3071 3675 31 31 by
3115 3683 15 15 a
3142 3674 70 23 West
3224 3673 74 24 Coast
3309 3680 77 23 paper
3395 3672 56 24 that

2914 3722 13 15 a
2956 3715 66 21 most
3045 3711 152 25 sensational
3225 3710 158 31 washing-up
3402 3717 48 17 was

2913 3751 72 25 made
2997 3750 32 31 by
3052 3750 66 31 Boys
3130 3749 49 25 and
3197 3750 73 30 party
3293 3750 27 22 at
3331 3748 44 24 the
3386 3748 66 24 Blue

2915 3791 66 30 Spur
2993 3791 75 23 about
3079 3798 15 15 a
3106 3789 68 24 week
3185 3796 55 23 ago,
3259 3788 72 24 when
3344 3788 58 30 gold
3424 3789 28 23 to

2914 3830 43 25 the
2968 3829 72 24 value
3053 3835 25 17 or
3102 3829 72 23 £780
3186 3835 47 15 was
3254 3827 116 24 obtained
3388 3827 64 24 from

2915 3869 31 24 70
2964 3866 68 25 loads
3055 3866 26 24 of
3102 3866 58 27 dirt,
3190 3864 44 25 the
3257 3864 79 26 result
3358 3864 26 25 of
3405 3873 49 17 one

2913 3906 81 24 weeks
3005 3904 75 25 work.
3116 3903 60 25 This
3196 3903 23 25 is
3240 3903 80 26 better
3332 3903 62 25 than
3407 3904 47 25 C'o-

2914 3943 115 32 olgardie.
