3520 4503
83 181 127 31 WHAT
245 179 87 30 THE
365 179 190 32 GOVERN-

67 238 123 33 MENT
218 238 81 30 HAS
331 238 118 32 DONE
480 240 86 30 FOR

85 295 87 30 THE
211 294 210 31 WORKING
450 295 101 30 MEN.

46 353 138 26 Published
207 353 32 31 by
250 355 100 29 request
372 355 41 24 for
430 353 43 25 the
485 353 102 26 inform-

48 395 71 23 ation
148 392 26 25 of
200 391 125 25 members
354 391 27 25 of
409 392 41 25 the
494 392 94 24 Oxford

46 431 102 25 Branch
166 431 26 25 of
214 430 43 25 tfce
280 430 119 26 National
423 430 163 26 Association.

81 489 85 31 (From
193 487 41 24 Mr
266 487 146 24 Meredith's
438 487 116 31 Speech.)

88 582 170 23 Government
276 580 49 24 had
348 579 88 32 helped
455 579 42 23 the
524 587 66 15 com-

47 626 97 24 mercial
169 625 91 24 classes
287 623 49 24 and
363 623 114 24 business
503 622 87 32 people

49 668 123 32 generally
191 667 51 25 and
257 667 89 24 indeed
364 666 43 25 the
426 665 79 25 whole
523 674 65 15 com-

49 713 107 30 munity,
183 712 31 30 by
241 710 100 31 coming
367 712 25 21 to
419 710 42 23 the
478 708 72 24 relief
565 708 27 24 of

51 756 45 25 the
115 755 71 24 Bank
205 754 26 25 of
246 753 31 25 N.
298 753 28 24 Z.
340 752 50 24 and
407 751 103 32 thereby
521 759 67 16 aver-

52 800 55 31 ting
141 807 14 16 a
180 800 69 29 great
282 795 160 26 commercial
466 794 122 31 calamity.

52 844 53 23 The
124 843 61 24 Gov.
204 840 50 25 had
278 847 71 17 come
367 842 26 22 to
417 839 43 24 the
478 838 72 25 relief
565 837 26 24 of

52 887 105 24 farmers
174 886 26 22 m
218 884 140 31 particular,
395 891 28 15 as
445 881 55 25 well
519 889 27 16 as
565 882 25 23 to

52 929 44 25 the
113 927 69 26 Telief
198 927 23 25 of
239 927 43 23 the
308 926 82 31 public
417 924 124 32 generally
559 924 31 31 by

52 967 160 29 formulating
237 965 49 23 and
312 964 114 29 earning
450 964 44 22 out
522 969 23 16 to
576 970 14 15 a

52 1006 118 33 practical
191 1006 73 27 issue,
300 1005 122 23 advances
449 1006 25 21 to
492 1002 98 24 settlers

52 1051 25 21 at
97 1047 59 25 such
175 1054 14 16 a
206 1046 47 24 low
270 1046 53 22 rate
336 1044 27 23 of
378 1044 104 24 interest
500 1050 26 16 as
539 1049 51 16 was

53 1091 111 24 hitherto
198 1089 127 24 unknown
359 1088 27 24 m
421 1087 42 25 the
492 1086 97 31 colony,

53 1131 77 29 cheap
165 1137 91 23 money
284 1128 49 24 and
367 1127 78 30 cheap
463 1126 59 24 land
540 1125 48 23 had

52 1169 104 30 directly
174 1167 50 24 and
251 1165 130 31 indirectly
407 1164 120 24 benefited
548 1163 41 23 rbe

54 1211 76 24 whole
149 1210 157 30 community.
341 1209 62 23 Now
424 1208 26 23 m
468 1207 122 24 reference

53 1258 25 21 to
104 1254 99 27 Oxford,
229 1253 27 24 m
281 1253 42 23 the
349 1251 54 24 first
430 1251 69 30 place
525 1249 64 24 Gov-

54 1296 113 23 ernment
202 1294 44 23 has
280 1291 120 31 arranged
418 1293 25 20 to
478 1291 52 29 give
549 1290 41 23 the

53 1333 95 24 settlers
165 1333 26 22 at
236 1329 145 26 Woodstock
419 1336 32 16 an
486 1327 104 25 additio-

54 1376 44 24 nal
122 1378 30 21 50
177 1383 66 16 acres
260 1374 67 27 each,
347 1374 25 22 at
396 1373 46 31 1/-.
472 1380 43 22 per
536 1379 54 15 acre

55 1427 27 17 so
101 1420 54 22 that
182 1419 60 23 each
276 1416 86 24 settler
389 1415 46 24 will
453 1422 57 16 now
527 1414 63 23 have

56 1461 49 23 100
130 1467 75 17 acres.
250 1458 52 24 The
336 1457 48 24 late
421 1454 170 26 Government

54 1499 144 26 considered
216 1500 31 23 50
282 1506 68 16 acres
376 1497 26 25 of
418 1495 91 26 second
528 1494 63 25 class

131 1539 26 22 at
175 1536 148 25 Woodstock
349 1535 123 25 sufficient
493 1533 37 24 for
548 1533 43 23 the

55 1576 86 31 people
159 1577 25 22 to
209 1576 41 30 get
284 1575 36 24 fat
338 1574 49 25 and
412 1580 60 17 even
490 1573 27 22 to
534 1578 57 16 save

55 1628 89 23 money
163 1628 40 16 on.
239 1620 54 24 The
304 1620 101 30 present
423 1617 168 24 Government

55 1671 114 25 consider
180 1670 72 24 those
264 1669 85 31 people
362 1667 90 24 should
468 1666 63 24 have
544 1665 47 23 150

55 1723 68 17 acres
144 1724 27 16 or
200 1715 49 23 200
270 1721 67 17 acres
367 1712 68 27 each,
477 1718 27 17 as
527 1709 65 24 little

57 1759 99 31 enough
175 1760 24 21 to
210 1758 73 30 bring
299 1764 33 23 up
356 1756 62 24 their
430 1754 104 24 families
551 1761 40 19 on,

57 1804 50 23 and
130 1802 50 23 this
203 1801 113 31 quantity
344 1799 80 24 would
444 1798 64 23 have
530 1796 61 24 been

57 1846 72 31 given
142 1845 69 24 them
234 1844 20 23 if
276 1843 169 24 Government
469 1841 50 23 had
543 1839 48 24 suf-

57 1889 84 26 ficient
160 1888 59 24 land
241 1886 119 26 available
384 1887 25 23 at
431 1883 161 25 Wv)odstock.

57 1933 170 26 Government
266 1929 104 26 reduced
405 1929 43 24 the
482 1928 111 29 Railway

55 1976 93 32 freight
171 1983 32 16 on
226 1974 115 25 firewood
363 1975 27 22 to
414 1969 179 27 Christchurch

55 2020 65 24 from
132 2020 45 23 28s
186 2022 25 20 to
224 2018 44 23 22s
282 2016 40 25 Bd.
342 2016 42 25 the
396 2015 81 27 truck,
491 2014 102 30 thereby

55 2064 86 31 giving
169 2062 43 24 the
246 2061 110 30 working
385 2067 58 15 man
464 2066 33 15 an
525 2060 69 21 extra

55 2106 74 31 profit
147 2114 32 16 on
202 2113 15 16 a
240 2104 57 24 cord
317 2103 27 25 of
367 2102 125 24 firewood.
528 2101 65 25 Gov-

55 2147 115 22 ernment
182 2142 103 25 reduced
297 2141 43 25 the
352 2140 95 31 royalty
460 2148 29 16 on
504 2139 91 24 timber

57 2189 42 24 cut
111 2188 26 23 m
155 2187 42 24 the
332 2185 73 23 Bush
427 2183 32 30 by
483 2184 31 22 25
527 2190 24 23 p.
572 2190 13 16 c

55 2233 47 24 and
112 2240 30 16 on
152 2232 67 23 birch
229 2230 33 31 by
272 2231 31 22 33
316 2229 47 24 and
373 2236 46 16 one
433 2227 66 24 third
506 2236 24 21 p.
534 2234 20 15 c.
563 2234 32 15 on

55 2281 66 30 pine,
132 2286 54 17 now
200 2285 26 17 as
237 2284 49 17 saw
299 2276 100 29 milling
411 2275 20 23 is
456 2281 45 17 one
513 2273 28 25 of
551 2273 42 24 the

55 2320 68 25 chief
132 2318 135 25 industries
278 2317 27 24 m
316 2315 93 25 Oxford
418 2314 43 25 the
471 2314 124 29 working-

55 2375 58 17 man
124 2366 87 25 should
217 2364 65 25 have
290 2363 41 24 the
341 2362 92 25 benefit
443 2362 27 24 of
477 2361 51 24 this
538 2368 59 17 con-

55 2415 103 27 cession,
171 2413 20 24 if
202 2414 18 23 it
230 2413 58 24 does
300 2413 53 27 not,
363 2410 21 25 it
396 2410 22 24 is
427 2411 43 23 not
483 2408 42 25 the
532 2408 64 24 fault

54 2462 28 25 of
96 2462 42 23 the
151 2459 181 25 Government.
351 2456 87 25 Under
461 2456 43 24 the
516 2455 79 24 work-

55 2510 80 23 man's
159 2516 79 23 wages
259 2507 47 24 Act
333 2512 69 18 more
436 2504 61 24 than
524 2503 73 24 300

53 2554 65 24 have
130 2552 105 26 reached
247 2552 44 25 the
303 2550 100 32 pockets
414 2550 24 23 of
449 2550 40 23 the
504 2547 93 25 Oxford

53 2599 177 31 workingmen,
250 2597 82 25 which
345 2597 27 23 m
398 2596 43 24 the
454 2594 105 24 absence
572 2593 27 25 of

51 2645 52 24 thi?
115 2644 123 32 provision
248 2643 57 29 they
316 2641 82 33 might
407 2640 64 25 have
479 2637 118 26 whistled

52 2691 54 29 for;
122 2691 168 25 Government
302 2688 96 31 bought
410 2686 91 30 Ashley
515 2686 82 30 Gorge

52 2737 146 25 subdivided
221 2737 21 23 it
270 2737 55 22 into
350 2736 31 22 13
409 2733 115 26 sections,
559 2731 38 25 for

52 2782 82 26 which
148 2782 68 24 there
229 2789 63 15 were
315 2780 76 23 about
400 2778 49 25 348
468 2776 129 32 applicati-

52 2834 54 21 ons,
116 2824 151 32 fortunately
276 2824 66 24 most
352 2822 27 24 of
386 2822 42 23 the
441 2820 106 25 sections
555 2819 40 24 fell

51 2874 27 23 to
99 2871 43 25 the
167 2871 36 25 lot
216 2869 26 25 of
259 2868 89 26 Oxford
362 2867 178 31 workingmen,
560 2865 37 23 for

51 2918 68 24 what
132 2924 42 17 are
195 2916 94 24 Messrs
302 2914 102 27 Baxter,
423 2912 100 27 Brown,
534 2911 61 24 Vin-

50 2964 67 27 cent,
148 2961 92 25 Powell
278 2961 42 23 &c.
350 2959 46 24 but
418 2957 177 31 workingmen.

52 3008 171 24 Government
243 3005 98 25 erected
366 3003 99 25 schools
487 3001 49 24 and
550 3009 46 22 pay

54 3054 111 24 teachers
177 3051 39 24 for
233 3051 43 23 the
300 3048 168 31 workingmen
490 3046 26 25 of
526 3046 70 24 View

53 3096 56 24 Hill
138 3095 88 24 Plains
253 3093 50 24 and
332 3090 161 26 Woodstock.
541 3089 54 24 The

54 3142 170 25 Government
254 3140 42 24 did
318 3138 66 25 their
407 3137 64 24 level
495 3137 53 23 best
569 3137 26 22 to

52 3186 121 31 purchase
200 3184 63 24 from
288 3182 42 24 the
360 3180 114 25 Midland
486 3178 109 31 Railway

54 3231 130 30 Company
197 3229 41 24 the
252 3235 61 25 open
325 3227 60 25 land
412 3227 26 24 at
450 3225 43 25 the
513 3224 82 32 Gorge

53 3276 87 32 bridge
153 3276 49 24 and
226 3275 42 24 the
280 3274 61 25 bush
365 3273 80 24 Block
457 3282 6 20 ;
492 3272 47 24 but
552 3272 51 28 the.

55 3323 129 29 Company
198 3320 98 25 wanted
316 3321 54 26 355,
384 3326 32 16 an
430 3326 55 16 acre
501 3318 38 24 for
552 3318 43 23 the

53 3377 66 23 open
129 3368 67 28 land,
216 3369 45 23 not
282 3366 80 25 worth
383 3373 69 17 more
482 3364 67 33 12/fi.
563 3372 31 16 an

54 3422 55 17 acre
123 3414 46 24 and
185 3415 51 23 17s.
259 3412 40 24 Gd.
322 3419 33 17 an
374 3419 56 16 acre
450 3410 38 24 for
500 3411 93 26 15,000

52 3457 28 24 m
92 3457 44 24 the
147 3456 71 24 Bush
240 3455 130 30 including
391 3453 42 25 the
445 3453 89 24 barren
546 3452 47 24 hill

52 3503 64 30 tops,
151 3502 83 24 would
269 3501 41 24 the
344 3499 110 31 working
482 3506 59 16 men
570 3497 27 25 of

54 3549 92 24 Oxford
170 3549 28 24 be
228 3548 96 30 willing
350 3546 56 25 that
425 3546 169 24 Government

51 3593 88 24 should
153 3592 122 32 purchase
290 3591 50 24 this
351 3590 60 25 land
423 3591 26 23 at
461 3590 50 24 this
527 3590 67 30 price

52 3636 49 24 and
122 3636 59 24 then
209 3636 55 23 rent
292 3634 21 25 it
336 3634 27 23 at
381 3634 14 23 5
420 3640 23 24 p.
462 3640 21 17 c.
502 3640 31 17 on
550 3632 44 24 the

53 3681 90 31 capital
155 3681 81 24 value,
256 3678 121 32 certainly
395 3680 53 26 not,
478 3685 34 17 no
534 3685 59 16 man

54 3726 73 24 could
136 3725 86 24 obtain
246 3732 15 17 a
270 3725 80 29 living
367 3723 44 24 out
423 3722 27 25 of
461 3722 62 24 such
534 3721 61 25 land

54 3770 26 23 at
92 3768 60 24 such
169 3776 15 15 a
211 3768 65 23 rent.
311 3767 68 24 Here
447 3765 63 24 have
522 3773 14 15 a
546 3764 48 25 few

51 3815 83 30 things
163 3814 65 24 done
259 3813 32 32 by
327 3813 181 28 Government,
539 3812 49 23 and

54 3864 41 28 yet
113 3860 102 31 carping
243 3860 89 30 critics,
374 3859 50 26 will
453 3859 45 24 ask
527 3859 66 24 what

54 3908 46 24 has
113 3908 171 24 Government
296 3907 64 25 done
379 3906 38 25 for
430 3907 41 23 the
485 3906 109 30 working

53 3952 81 23 man?
163 3951 53 23 The
239 3951 97 30 present
360 3950 170 24 Government
548 3949 44 24 has

52 3996 62 23 done
141 4003 68 16 more
237 3996 38 23 for
303 3995 40 24 the
371 3994 172 32 workingmen
567 3994 26 23 of

54 4040 89 24 Oxford
162 4040 62 24 than
236 4048 49 23 any
297 4039 115 32 previous
422 4039 171 24 Government

52 4091 30 17 cv
99 4092 8 12 r
125 4083 49 27 did,
193 4083 49 24 and
263 4083 29 23 he
321 4081 144 32 challenged
494 4083 98 23 contra-

51 4126 38 23 diV
104 4128 46 21 inu.
166 4135 13 14 a
193 4127 153 22 Govorment
358 4127 93 22 cannct
462 4125 32 24 do
506 4133 84 22 every-

51 4167 45 25 tb'.
111 4180 2 11 :
135 4177 4 14 :
166 4168 57 24 -vith
251 4177 63 14 -;orae
331 4168 87 30 people
440 4166 22 25 if
478 4166 111 25 Govern-

51 4221 25 16 m
141 4215 55 23 -iui-s
226 4215 59 23 nine
314 4213 84 32 things
419 4213 44 25 out
483 4212 28 26 of
536 4214 52 24 ten.

52 4258 49 23 the<
135 4268 21 13 ->
181 4260 43 21 not
255 4259 91 23 receive
369 4257 78 25 credit
469 4257 49 24 and
546 4258 45 23 the

49 4307 41 24 grn
149 4301 23 22 le
192 4302 54 28 they
274 4309 42 16 are
334 4301 82 31 surely
432 4299 105 26 entitled
554 4301 34 23 to!

50 4346 42 26 but
137 4355 22 15 re
178 4346 107 25 blamed-
303 4348 47 24 and
369 4355 61 18 even
454 4347 92 25 abused
557 4347 31 32 by

49 4400 67 16 some
132 4389 80 33 .'"Ople
231 4391 106 25 because
366 4392 60 32 they
453 4392 64 25 have
543 4393 46 24 not

49 4436 181 27 accomplished
244 4437 42 24 the
305 4436 80 26 tenth.

1236 34 173 32 OXFORD
1454 36 226 31 OBSERVER
1710 35 242 35 SATURDAY,
1989 30 156 33 MARCH
2169 30 51 37 28,
2263 29 78 30 189
2340 29 2 41 C

2953 4193 104 26 Printed
3081 4195 51 24 and
3171 4197 142 27 Published
3340 4200 33 31 Ly
3409 4200 90 24 Laura.

2985 4232 84 26 Annie
3092 4234 105 32 Parish,
3222 4238 28 25 at
3273 4238 47 25 her
3352 4238 148 33 ilegistered

2984 4276 119 34 Printing
3115 4278 87 32 Office,
3225 4281 71 31 Hig-b
3322 4282 92 26 Street,
3438 4282 53 25 Ea

2985 4319 103 31 Oxford,
3098 4321 166 36 Canterbury.

3023 4372 133 28 Saturday
3189 4374 95 28 March
3306 4377 44 27 28.
3375 4377 66 27 1896

2935 200 172 54 WATCH
3148 181 159 113 g^f
3335 195 148 52 CLOCK

3060 358 301 37 FITTED

3200 419 30 17 AT

2957 454 183 37 Parish's
3169 458 103 36 East
3296 459 162 45 Oxford.

2939 611 319 50 WERTEEIH

3121 709 250 50 SINGER'S

2983 912 207 43 MACHINE
3237 915 202 44 NEEDLES

2954 1000 123 49 From
3110 1002 73 56 1/-
3212 1015 72 48 pr
3321 1005 149 49 foxm.

3204 1736 44 22 AT

3009 1806 421 43 PARISH'S

2948 1884 190 35 EAST
3187 1886 296 35 OXFORD

3095 2453 252 45 NOTICE.

2948 2551 98 44 Job
3064 2551 236 58 Printing
3312 2554 9 42 !

3121 2620 101 44 Job
3244 2620 245 58 Printing

2990 2683 174 31 OXFORD
3223 2684 225 31 OBSERVER

3031 2734 162 39 Machine
3223 2735 183 50 Printing-

3128 2787 168 40 WORKS

2990 2838 90 24 MAIN
3116 2838 144 29 STEEET,
3296 2838 150 26 OXFORD.

3016 2916 129 46 T^INE
3199 2916 214 38 XJEINTING

3021 2991 36 31 In
3072 2991 73 40 Any
3159 2990 129 41 Variety
3303 3001 35 21 or
3356 2991 97 38 Style*

2950 3042 225 25 ITPMRB?
3194 3043 21 24 ft
3234 3043 16 24 I
3308 3043 14 24 ff
3321 3043 8 15 9
3349 3043 20 24 ft
3389 3042 25 25 HI
3429 3041 26 26 Tft
3470 3042 20 25 S

2950 3052 35 32 lH
2995 3054 26 29 Ja
3034 3052 23 31 if
3056 3052 49 31 ili
3119 3052 29 31 1
3159 3052 16 30 1
3189 3052 32 30 J&
3234 3052 26 30 Ii
3309 3052 109 31 bitJ&
3429 3052 26 30 U
3470 3062 21 19 a

2977 3095 51 40 (m
3045 3105 69 20 new
3130 3094 60 30 and
3207 3094 106 31 chaste
3329 3094 140 39 designs)

3131 3140 44 40 5/-
3188 3151 56 29 per
3268 3141 68 29 doz.

3032 3198 177 31 Statement
3227 3196 116 36 Heads,

3032 3239 71 30 Ball
3118 3238 227 40 Programmes.

3034 3281 135 35 Posters,
3183 3280 181 36 Handbills,

3032 3321 170 36 Billheads,
3226 3321 142 39 Cheques

3035 3363 106 30 Letter
3157 3363 59 30 and
3227 3362 82 31 Note
3321 3363 109 30 Heads

3034 3404 168 36 Circulars,
3225 3403 122 37 Menus,

3035 3446 194 39 Catalogues,
3247 3447 54 28 &c.
3314 3446 57 38 ,&c
3383 3470 7 14 ,
3415 3446 56 30 &c.

2952 3504 88 39 New
3055 3503 121 50 Styles
3192 3504 38 38 m
3245 3504 166 51 Visiting
3424 3505 71 39 and

3068 3568 169 38 Business
3254 3568 117 39 Cards.

2953 3626 36 29 R.
3013 3626 42 29 H.
3077 3625 122 35 Parish,
3260 3626 189 42 Proprietor.
3492 3641 6 4 -

3035 3688 66 30 The
3121 3688 182 33 NEWEST
3331 3691 162 31 STYLES

2952 3740 33 30 m
2997 3740 135 31 TYPES
3148 3742 63 29 and
3222 3741 269 34 ORNAMENTS

2982 3894 45 45 S.
3068 3894 81 45 W.
3186 3895 279 49 TUKPIN.

2952 3963 245 39 WATCHMAKER.
3233 3965 176 40 JEWELLER
3436 3968 57 32 &c

3029 4024 89 26 MAIN
3133 4026 137 27 STEEET
3289 4029 140 25 OXFOED

3147 4078 62 17 near
3221 4071 84 26 Bank.

2428 168 426 46 EUCALYPTUS

2426 265 60 20 THE
2501 266 74 20 BEST
2589 266 88 20 HOME
2693 266 142 21 REMEDIE

2485 304 36 14 are
2536 298 36 20 the
2581 299 136 25 preparation
2727 299 26 21 of
2760 298 36 20 the

2370 333 170 22 TASMANIAN
2559 335 187 21 EUCALYPTUS
2760 336 48 21 OIL
2823 336 82 21 COMP.

2399 371 135 26 Universally
2545 372 104 21 admitted
2658 372 36 21 the
2703 372 79 25 BEST,
2795 372 113 22 PUREST

2371 408 43 22 and
2424 410 57 19 most
2491 409 94 20 effective
2596 409 135 26 Eucalyptus
2753 410 105 20 Glohulus
2874 409 34 21 Oil

2370 440 33 20 for
2425 440 171 25 INFLUENZA,
2617 440 93 26 Coughs,
2729 441 65 21 Colds
2818 442 43 20 and
2879 442 29 20 all

2371 472 65 19 Chest
2453 472 43 20 and
2505 472 62 25 Lung
2584 472 113 20 affections
2712 472 76 27 speedy
2797 473 61 20 relief
2867 473 43 20 and

2371 503 55 21 Cure
2445 504 34 19 for
2494 503 158 25 Rheumatism,
2672 505 123 25 Neuralgia,
2810 506 100 25 Sprains-

2371 530 71 20 Burns
2463 531 34 19 &c.

2397 564 134 26 Eucalyptus
2550 564 104 21 Globu'us
2673 565 92 21 Extract
2774 566 90 26 sprayed
2878 566 32 20 in-

2372 595 63 20 haled
2451 595 42 20 and
2508 597 66 19 taken
2584 596 116 25 internally
2719 597 33 19 for
2766 597 36 21 the
2821 597 87 25 Throat,

2372 632 98 26 Catarrh,
2487 632 59 25 Hay,
2570 633 98 25 Typhoid
2686 633 42 21 and
2743 634 82 20 Scarlet
2834 635 77 20 Fevers

2373 664 130 21 MEASLES
2515 665 35 20 the
2557 667 55 18 most
2622 665 137 26 satisfactory
2768 667 144 24 preventative

2373 696 42 19 and
2430 697 61 20 Cure.
2519 697 57 20 Send
2589 697 51 20 Post
2656 698 56 19 Card
2722 699 23 19 to
2755 698 37 20 the
2802 698 63 20 Office
2878 699 34 20 for

2373 727 96 19 Circular
2483 728 120 25 describing
2622 730 122 19 treatment.
2772 729 139 26 Eucalyptus,

2373 760 111 21 Ointment
2494 762 37 19 the
2540 762 70 25 Magic
2620 763 80 19 Healer
2714 763 21 19 of
2750 763 70 23 Sores,
2834 764 78 24 Burns,

2373 792 102 24 Wounds,
2492 793 60 21 Boils
2569 795 45 23 &.c,
2638 795 135 26 Eucalyptus
2793 795 58 25 Soap
2865 795 43 19 Fra

2373 826 62 23 grant
2445 825 43 20 and
2498 826 124 26 refreshing.
2646 826 134 27 Eucalyptus
2790 826 89 27 Jujubes
2889 833 24 14 or

2372 856 102 19 Pastilles
2485 858 33 19 for
2527 858 37 20 the
2590 858 80 21 Throat
2680 858 44 21 and
2733 858 64 21 Voice
2813 865 29 14 an
2856 859 56 20 anti-

2374 888 67 24 septic
2452 889 42 19 and
2505 889 120 21 stimulant.

2374 920 126 27 Veteiinary
2516 922 36 21 Oil
2562 923 42 20 and
2614 924 113 20 Ointment
2736 924 33 19 for
2780 924 36 20 the
2825 924 87 21 stables.

2401 955 30 20 Be
2441 961 48 15 sure
2498 962 44 19 you
2552 957 108 21 Purchase
2675 957 39 21 the
2725 957 104 26 Platypus
2846 958 68 20 brand

2373 986 51 25 only
2434 987 22 19 of
2464 988 28 19 all
2502 988 114 25 Chemists,
2621 989 89 20 Grocers
2717 989 43 20 and
2767 989 147 25 Storekeepers

2374 1017 44 21 and
2431 1020 23 18 at
2468 1018 37 21 the
2515 1019 65 21 Office
2589 1021 12 20 9
2611 1020 115 20 Cathedral
2736 1026 77 20 square
2821 1020 93 21 between

2374 1049 101 21 Morten's
2489 1051 113 26 Buildings
2610 1053 41 19 and
2664 1053 36 20 the
2709 1053 51 20 Post
2771 1052 71 21 Office.

2540 1086 88 21 Oxford
2639 1087 79 27 Agent

2429 1121 26 21 R.
2466 1122 29 21 H.
2510 1123 119 26 PARISH,
2653 1124 76 21 EAST
2744 1126 120 20 OXFORD

2456 1160 142 27 Eucalyptus
2607 1162 37 21 Oil
2659 1163 31 26 1/-
2703 1170 42 19 per
2754 1164 76 20 bottle.

2399 1314 116 42 HELP
2531 1316 83 42 FOR
2631 1317 86 42 THE
2741 1318 149 43 WEAK.

2378 1423 178 25 \TERVOUS
2577 1425 70 24 AND
2666 1425 246 30 DEBILITATED,

2378 1458 31 21 x\
2435 1455 64 29 who,
2512 1456 110 33 through
2633 1458 61 31 folly
2713 1459 49 23 and
2773 1460 141 31 ignorance,

2378 1488 62 25 have
2453 1489 80 25 trifled
2545 1498 69 24 away
2626 1492 62 23 their
2699 1500 86 24 vigour
2805 1493 26 24 of
2841 1493 72 31 body,

2379 1521 77 28 mind,
2470 1522 50 24 and
2531 1523 134 29 manhood,
2679 1526 101 30 causing
2797 1526 115 24 exhaust-

2378 1554 43 31 ing
2439 1554 83 25 drains
2534 1564 66 23 upon
2613 1557 43 23 the
2678 1557 128 26 fountains
2827 1560 26 23 of
2863 1559 50 30 life,

2379 1587 63 24 Loss
2451 1587 25 24 of
2485 1588 102 32 Energy
2596 1589 48 24 and
2655 1591 126 32 Strength,
2795 1592 120 32 Timidity

2379 1620 164 26 Bashfulness
2577 1621 28 25 m
2641 1623 106 32 Society,
2771 1624 143 31 Headache,

2379 1653 135 29 Backache,
2534 1655 179 29 Nervousness,
2738 1657 134 25 Weakness
2891 1658 27 24 of

2381 1686 119 31 Memory,
2512 1687 112 25 Restless
2635 1688 80 32 Sleep,
2726 1690 115 29 Dreams,
2851 1691 64 24 Loss

2380 1719 75 23 Flesh
2468 1719 50 23 and
2530 1719 69 25 Vital
2618 1721 91 28 Power,
2734 1722 137 32 Eruptions
2883 1731 32 16 on

2380 1750 43 25 the
2432 1751 63 24 Face
2507 1752 50 24 and
2569 1753 78 31 Body,
2661 1754 75 24 Want
2759 1756 28 23 of
2795 1756 120 31 Develop-

2379 1787 79 24 ment,
2480 1784 115 25 Varicose
2612 1786 82 29 Veins,
2717 1788 144 32 Incapacity
2878 1789 39 24 for

2381 1816 112 25 business
2504 1825 28 17 or
2543 1818 120 31 pleasure,
2677 1820 104 31 Urinary
2790 1822 125 30 Diseases,

2381 1849 49 24 and
2449 1849 35 25 all
2506 1850 43 25 the
2573 1851 83 25 effects
2679 1853 100 31 leading
2801 1858 25 21 to
2849 1855 66 31 eariy

2381 1882 84 31 decay,
2489 1883 106 32 perhaps
2618 1884 181 33 Consumption
2824 1895 28 17 or
2875 1888 41 24 In-

2381 1916 91 30 sanity,
2485 1924 47 17 can
2556 1917 30 24 be
2597 1919 115 24 obtained
2724 1919 31 32 by
2776 1921 142 32 consulting

2381 1949 139 32 personally
2538 1958 28 17 or
2574 1950 31 32 by
2616 1954 64 28 post,
2717 1953 92 24 FEEE
2819 1954 98 24 PEOF.

2382 1982 177 31 NOTMANN,
2590 1984 202 32 M.E..E.M.G.,
2846 1987 71 25 Cam-

2383 2015 84 31 bridge
2480 2016 110 30 Terrace,
2614 2018 112 31 opposite
2749 2019 118 26 Colombo
2880 2020 41 25 St.'

2383 2048 99 31 Bridge,
2512 2048 189 28 Christchurch.
2764 2052 53 25 The
2860 2053 59 31 only
2926 2049 2 18 '

2382 2081 227 26 Electrobotanical
2638 2084 96 32 Expert
2768 2086 153 32 advertising

2383 2114 54 24 who
2449 2114 51 24 will
2512 2117 135 28 guarantee
2665 2126 15 16 a
2697 2117 126 33 thorough
2852 2128 66 15 cure.

2385 2147 57 24 Sole
2457 2149 136 29 proprietor
2621 2150 50 23 and
2688 2153 114 28 patentee
2832 2152 28 24 of
2877 2152 43 24 the

2383 2180 59 30 only
2465 2182 149 29 guaranteed
2637 2182 110 26 Electric
2769 2184 71 24 Belts
2871 2186 50 23 and

2383 2212 72 24 other
2466 2213 90 30 special
2580 2215 125 24 electrical
2727 2216 143 31 appliances
2892 2218 27 23 m

2383 2244 42 24 the
2434 2245 115 24 colonies.
2584 2246 99 25 Ladies'
2696 2248 96 24 French
2804 2250 115 24 herbace-

2383 2284 43 16 ous
2437 2277 58 30 pills
2516 2277 37 25 for
2582 2279 177 30 irregularities
2781 2281 66 25 from
2870 2290 50 24 any

2383 2317 81 22 cause,
2490 2311 42 23 10a
2554 2312 95 29 posted.
2684 2313 146 32 Pamphlets
2858 2315 61 25 free.

2383 2342 170 26 Testimonial:
2589 2344 99 32 Napier,
2699 2346 96 32 August
2804 2347 45 26 7th
2855 2350 63 23 1895

2383 2375 65 24 Prof.
2460 2376 131 25 Notmann.
2628 2378 66 25 Dear
2705 2379 47 30 Sir,
2788 2380 14 24 I
2811 2382 109 23 received

2382 2417 60 22 your
2448 2409 74 25 letter
2531 2411 49 24 iast
2592 2411 75 29 week,
2686 2413 49 24 and
2748 2413 13 24 I
2778 2422 41 15 am
2828 2415 90 24 thank-

2383 2442 37 24 ful
2442 2445 26 22 to
2491 2443 53 24 find
2566 2452 49 23 you
2627 2453 42 17 are
2680 2446 105 26 anxious
2802 2449 26 23 to
2849 2448 70 24 know

2383 2475 43 25 the
2437 2475 106 26 benefits
2561 2477 13 23 I
2587 2477 62 25 have
2661 2479 99 25 derived
2780 2480 61 24 from
2858 2489 62 23 your

2384 2510 141 23 treatment,
2562 2510 48 29 fair,
2638 2511 20 24 it
2686 2512 68 31 gives
2781 2521 42 16 me
2851 2516 69 29 great

2383 2540 113 31 pleasure
2508 2544 26 22 to
2545 2543 92 24 inform
2648 2552 48 23 you
2707 2545 55 24 that
2772 2554 15 16 a
2799 2547 120 30 complete

2383 2573 50 24 and
2444 2574 93 30 perfect
2548 2583 58 17 cure
2617 2576 46 25 has
2684 2577 61 25 been
2768 2578 102 25 effected
2894 2580 26 24 of

2383 2606 43 25 the
2437 2607 117 25 maladies
2566 2608 14 24 I
2598 2610 157 31 complained
2775 2611 26 25 of
2812 2613 26 23 to
2860 2620 57 23 you.

2382 2639 14 23 I
2407 2647 42 17 am
2461 2641 115 31 enjoying
2586 2642 63 30 good
2667 2643 92 29 health,
2773 2645 48 23 and
2832 2652 42 17 am
2883 2653 36 16 re-

2383 2672 82 25 stored
2485 2675 25 22 to
2531 2675 86 31 manly
2639 2676 95 31 vigour.
2770 2677 58 24 P.S.
2864 2677 55 32 Any

2382 2705 104 25 sufferer
2493 2706 111 25 desirous
2612 2708 27 23 of
2644 2710 210 32 communicating
2858 2711 61 24 with

2383 2745 40 18 me
2432 2746 48 23 you
2493 2747 41 17 are
2547 2742 26 22 at
2590 2740 88 32 liberty
2701 2744 26 22 to
2748 2743 54 30 give
2823 2751 42 23 my
2877 2744 42 24 ad-

2383 2771 75 29 dress,
2471 2771 37 25 for
2519 2772 14 24 I
2550 2773 47 25 like
2609 2782 60 22 your
2686 2777 118 28 practical
2817 2777 102 24 method

2383 2804 25 24 of
2420 2806 142 24 treatment.
2599 2806 28 25 T.
2643 2807 27 25 C.
2685 2808 116 25 Simpson.

2461 2940 366 45 IMPOKTANT

2629 3015 9 10 a
2650 3015 65 12 a^-

2382 3048 83 29 ALL
2496 3048 121 30 WOOL
2640 3048 172 30 EOSLYN
2833 3048 86 30 AND

2420 3123 295 31 WELLINGTON
2739 3123 152 31 TWEED

2593 3208 34 23 W
2649 3208 28 23 Am
2698 3203 28 28 JL
2748 3203 38 28 te>

2425 3260 67 40 35/-
2511 3259 86 32 Suits
2612 3260 146 31 Eeduced
2768 3263 33 27 to
2825 3259 66 41 25/-

2425 3321 68 41 --4-
2834 3320 66 40 35/-

2425 3370 149 31 Trousers
2589 3371 60 30 and
2667 3370 73 31 Vest
2806 3368 75 41 13/6

2621 3431 51 21 AT

2411 3483 196 31 PABISH'S
2635 3484 89 30 East
2748 3483 144 30 Oxford.

2386 3620 174 31 OXFORD
2604 3619 190 31 LIBRARY
2834 3619 88 30 AND

2477 3671 198 31 READING
2696 3671 132 31 BOOM.

2383 3779 54 25 The
2465 3779 94 26 Oxford
2586 3778 106 32 Library
2719 3778 22 25 is
2769 3785 62 25 open
2854 3785 70 24 every

2382 3822 114 32 Tuesday
2508 3822 51 24 and
2580 3821 123 32 Saturday
2733 3820 95 32 nights,
2858 3820 66 24 from

2384 3867 58 23 630
2454 3874 70 23 p.m.,
2546 3867 25 22 to
2593 3867 14 22 8
2619 3873 72 22 p.m.,
2715 3864 51 24 and
2797 3871 33 17 on
2853 3872 71 25 every

2382 3909 121 25 alternate
2515 3908 132 31 Thursday
2672 3907 138 29 afternoon,
2842 3907 81 33 (Sale-

2381 3952 71 32 days)
2475 3951 65 25 from
2553 3953 61 23 230
2625 3959 65 23 p.m..
2708 3953 26 22 to
2747 3952 13 23 5
2773 3958 59 24 p.m.
2870 3950 53 25 The

2573 4002 24 22 L.
2616 4001 126 31 REEVES,

2664 4039 69 25 Hon.
2745 4038 142 26 Librarian.

2433 4083 176 25 SOBSCBIPTION
2622 4083 38 32 2/-
2672 4091 50 16 PER
2741 4083 130 30 QuABTER.

2443 4191 214 42 HOLLAND
2693 4191 156 44 FINISH

2561 4248 157 43 CALICO

2493 4310 65 33 3d.
2593 4320 73 31 per
2687 4315 115 37 yard.

2637 4389 34 28 at

2492 4436 39 31 R.
2548 4436 42 32 H.
2613 4437 198 34 PARISH'S

1315 176 117 89 R.
1498 176 135 89 H.
1691 171 516 94 PARISH

1460 316 198 59 EAST
1706 316 328 59 OXFORD

1753 399 10 12 >

1415 446 48 31 IS
1494 444 122 33 NOW
1645 446 59 32 IN
1735 446 227 33 KECEIPT
1993 444 65 33 OF

1402 502 34 20 Ex
1446 502 168 21 HIMUTAKA
1623 504 65 20 AND
1699 504 102 20 OTHER
1811 505 113 20 DIRECT
1934 504 165 23 STEAMERS,

1358 550 279 46 SUMMER
1717 551 247 53 SEASON,
2039 550 128 46 1895.

1192 648 521 87 PRINTS!
1760 643 576 92 PRINTS!!

1262 796 192 88 Gin
1465 798 135 111 g\h
1614 827 227 70 ams,
1939 799 86 82 D
2037 796 238 99 rills,

1191 950 291 85 Dress
1550 951 395 84 Tweeds
1986 952 109 83 4s
2164 950 177 85 lid

1438 1073 62 20 THE
1513 1074 80 21 FULL
1603 1072 95 22 DRESS
1712 1074 88 20 WITH
1812 1073 112 22 LINING
1939 1073 59 22 FOB,
2012 1074 87 22 BODY.

1414 1167 77 29 has
1506 1165 190 32 received
1715 1175 25 21 a
1756 1167 293 38 consignment
2066 1166 44 31 of

1364 1297 267 58 GREAT
1694 1298 449 60 YARMOUTH

1369 1516 791 80 ENORMOU^~REDUCTIONS

1310 1784 454 85 Reduced
1811 1791 100 80 to
1957 1788 113 84 2s
2117 1789 161 85 6d.

1555 1945 38 29 3*6
1615 1947 34 27 to
1671 1945 39 29 45
1724 1944 104 31 inches
1850 1946 85 40 deep.

1861 2036 141 15 '

1188 2094 82 34 rpHE
1289 2092 115 33 question
1415 2090 22 25 is
1449 2089 99 26 natural
1687 2089 61 24 send
1763 2090 26 23 to
1802 2088 116 25 Christen
1922 2090 59 23 arch
2000 2090 39 25 for
2056 2098 63 23 jour
2137 2091 130 33 Drapery?
2302 2094 51 25 The

1196 2115 20 36 I
1254 2127 102 30 drapery
1369 2123 54 26 sold
1431 2124 26 24 m
1466 2122 57 26 that
1535 2122 50 31 city
1598 2130 71 22 every
1682 2130 45 16 one
1741 2122 94 29 knows,
1847 2121 23 25 is
1882 2124 45 23 not
1938 2123 72 24 made
2022 2123 77 29 there,
2119 2123 45 26 but
2175 2125 130 31 imported.
2341 2127 14 24 I

1190 2161 93 30 import
1294 2160 66 22 from
1372 2158 43 23 the
1427 2156 53 25 best
1492 2155 108 31 English
1612 2155 50 24 and
1680 2155 87 25 Scotch
1781 2155 99 24 houses.
1928 2156 71 24 lam
2012 2156 104 25 enabled
2127 2158 26 24 to
2165 2160 123 29 purchase
2306 2160 47 24 low

1190 2193 50 24 and
1249 2192 46 25 sell
1308 2193 26 22 at
1343 2198 15 16 a
1369 2192 54 22 rate
1436 2189 26 23 of
1471 2188 74 31 profit
1559 2188 53 31 (my
1624 2195 121 22 expences
1755 2187 73 32 being
1840 2187 82 32 small)
1935 2188 57 25 that
2004 2189 82 24 would
2098 2189 30 26 be
2147 2191 145 25 considered
2312 2193 42 24 ab-

1190 2226 58 24 surd
1261 2226 31 29 by
1309 2231 48 23 any
1378 2220 180 27 Christchurch
1581 2220 201 24 establishment.
1835 2220 44 31 My
1901 2220 77 25 Stock
1997 2221 21 24 is
2038 2221 43 24 the
2101 2222 94 32 largest
2214 2224 51 24 and
2287 2228 67 22 most

1189 2258 96 25 tvaried
1295 2257 56 25 that
1362 2256 45 23 has
1419 2262 57 16 ever
1487 2255 63 21 been
1561 2252 88 24 shown
1659 2252 28 24 m
1698 2252 43 24 the
1753 2252 104 29 district,
1871 2253 49 23 and
1932 2254 38 22 for
1981 2254 92 30 quality
2094 2255 49 23 and
2162 2255 73 25 value
2252 2259 59 28 puts
2328 2258 26 24 m

1190 2294 30 22 he
1233 2291 77 25 shade
1327 2288 77 33 goods
1416 2287 92 24 offered
1520 2285 32 31 by
1564 2285 104 30 visiting
1680 2285 117 24 hawkere
1809 2286 63 23 from
1884 2285 44 25 the
1946 2285 182 27 Christchurch
2140 2295 46 25 rag
2198 2290 88 24 marts.

1223 2344 94 25 Dress
1329 2343 165 29 Materials,
1508 2340 88 24 Plain
1608 2339 60 24 and
1679 2339 104 30 Fancy
1795 2339 80 24 from
1889 2338 49 25 3d.
1952 2345 54 24 per
2014 2341 85 28 yard.

1223 2404 27 25 A
1267 2403 110 28 Strong
1394 2401 88 26 Stout
1499 2399 133 25 Durable
1651 2397 126 32 Kaiapoi
1794 2397 114 25 Tweed
1924 2397 51 32 2/6
1988 2404 54 25 per
2054 2399 76 30 yard

1825 2442 108 24 Makes
1945 2443 156 24 first-class
2119 2443 90 32 Boys'
2229 2444 90 26 Suits.

1224 2499 58 24 Art
1298 2496 140 29 Muslins,
1458 2493 157 32 Cretones,
1635 2492 80 26 Lace
1733 2492 140 26 Curtains
1892 2491 54 25 &c.

1224 2566 26 30 A
1268 2565 110 25 Choice
1397 2562 167 26 Collection
1583 2562 32 24 of
1630 2561 121 30 Gloves,
1779 2560 77 31 Ties,
1887 2559 129 31 Aprons,
2047 2560 166 25 Insertions
2232 2562 54 24 &c.

1225 2615 121 30 Striped
1364 2614 124 24 Galatea
1504 2612 54 31 4/6
1571 2617 55 25 per
1637 2612 107 30 dozen,
1774 2611 103 24 worth
1889 2610 49 25 9d.
1957 2616 55 24 per
2028 2610 85 31 yard.

1224 2676 103 25 Prints
1340 2675 79 24 from
1431 2673 53 25 4d.
1496 2678 55 26 per
1563 2673 84 30 yard.
1661 2671 140 31 Muslins,
1814 2670 139 31 Selesias,
1967 2670 126 31 Calicos,
2108 2670 54 26 &c.

1813 2713 88 26 With
1918 2713 87 25 other
2023 2713 193 26 Manchester
2233 2716 86 30 lines.

1225 2773 88 30 Hats,
1332 2771 103 30 Fancy
1453 2770 60 24 and
1530 2768 107 30 Sailor,
1656 2769 31 22 m
1704 2767 104 25 White
1826 2767 60 23 and
1904 2765 115 26 Colors.

1772 2810 126 25 Newest
1914 2809 124 31 Shapes.
2074 2809 96 30 Large
2187 2811 132 32 Variety,

1224 2870 150 29 Flowers,
1391 2867 156 29 Feathers,
1566 2864 149 30 Ribbons,
1734 2862 106 30 Laces,
1858 2861 76 31 Jets,
1953 2861 55 25 &c.

1699 2903 88 26 With
1804 2904 41 23 all
1861 2903 184 24 necessaries
2063 2902 47 23 for
2127 2901 192 31 Trimmings.

1224 2959 103 29 Fancy
1344 2957 140 29 Frillings
1503 2955 78 31 3yds
1593 2955 46 24 for
1650 2953 35 33 1/-
1703 2953 102 24 worth
1818 2952 49 31 9d,
1886 2957 55 25 per
1952 2952 83 29 yard,

1762 2996 184 30 Umbrellas,
1964 2995 152 29 Parasols,
2135 2995 184 31 Sunshades,

1193 3142 109 32 BOYS
1335 3139 89 32 AND
1455 3136 173 31 YOUTHS
1668 3132 216 33 COLONIAL
1918 3131 155 29 TWEED
2100 3131 252 34 OVERCOATS

1678 3195 77 31 with
1778 3194 97 40 Capes

1470 3261 93 29 From
1587 3259 65 30 17s.
1698 3256 50 29 6cl.
1793 3254 101 31 worth
1938 3254 66 30 255.
2052 3252 49 30 6d.

1346 3325 196 35 Xtflesi's
1586 3323 228 32 IP^ifireecS.
1858 3322 349 32 Oirercoats

1670 3375 95 30 From
1790 3376 63 29 15s.

1427 3463 678 55 Sl.s&.:ia.lx:e-f;@

1191 3550 133 38 English
1339 3552 129 38 Witney
1477 3550 150 30 Blankets
1642 3552 33 25 to
1692 3548 36 28 he
1744 3546 68 31 sold
1827 3551 32 23 at
1870 3546 59 28 less
1938 3545 78 29 than
2030 3543 181 30 Melbourne
2225 3543 130 29 Whole-

1192 3601 63 29 sale
1276 3604 84 38 price
1404 3602 120 31 Double
1540 3601 68 30 Bed
1626 3599 68 32 Size
1718 3600 63 28 12s.
1809 3598 48 30 6d.
1909 3597 102 29 worth
2028 3597 64 28 16s.
2132 3595 49 30 6d.
2204 3604 55 29 per
2273 3594 77 40 pair.

1360 3673 130 39 cheaper
1504 3670 78 29 than
1597 3666 227 33 Christchurch
1838 3666 114 30 houses
1966 3663 65 33 will
2046 3665 57 29 sell
2119 3663 94 31 them.

1233 3800 71 32 R.
1332 3798 79 32 H.
1449 3795 317 33 PARISH.
1828 3794 155 31 East
2033 3792 260 33 Oxford,

1309 3964 404 49 BABLOUT
1757 3964 166 40 JiLITD
1970 3962 277 40 PRICE

1495 4018 193 42 Coventry
1727 4015 113 43 Cycle
1889 4014 130 33 Works

1358 4075 38 29 88
1419 4070 201 32 COLOMBO
1645 4069 174 33 STREET,
1865 4065 346 31 CHRISTCHURCH.

1189 4136 58 30 We
1261 4136 120 38 having
1395 4136 95 29 taken
1505 4143 74 19 over
1592 4132 53 28 the
1659 4131 72 29 well
1746 4130 113 29 known
1870 4127 113 33 works,
2000 4127 180 39 machinery
2190 4127 62 30 and
2262 4127 90 30 stock

1188 4178 35 28 m
1235 4176 91 30 trade
1340 4176 78 30 wish
1432 4178 34 26 to
1480 4173 113 31 inform
1609 4171 54 29 the
1685 4171 105 38 public
1805 4169 70 30 that
1890 4179 45 19 we
1951 4178 52 19 are
2019 4168 150 39 prepared
2183 4171 34 26 to
2237 4168 114 30 under-

1189 4218 73 30 take
1277 4216 104 31 orders
1395 4216 49 31 for
1457 4225 70 21 new
1540 4211 159 33 machines
1715 4211 61 29 and
1791 4213 129 27 execute
1939 4209 119 40 repairs
2080 4213 33 26 at
2136 4209 53 30 the
2214 4209 137 30 shortest

1322 4258 102 29 notice
1438 4257 49 29 for
1509 4256 41 29 all
1565 4254 93 29 kinds
1673 4252 35 30 of
1718 4252 214 39 Engineering
1947 4253 62 26 and
2021 4250 95 41 Cycle
2129 4250 95 30 work.

1353 4309 127 22 SPECIAL
1494 4306 178 23 ATTENTION
1687 4305 96 21 GIVtiN
1798 4305 37 20 TO
1850 4303 142 22 COUNTRY
2007 4303 123 23 ORDERS.

1188 4350 122 40 Racing
1323 4347 162 31 Machines
1508 4346 63 30 and
1592 4344 99 40 Light
1713 4343 169 31 Roadsters
1898 4353 18 19 a
1930 4343 157 39 specialty.
2131 4343 48 30 No
2193 4343 156 41 imported

1186 4391 159 31 machines
1358 4388 77 39 kept
1449 4389 33 29 m
1497 4387 99 31 stock,
1612 4387 43 29 all
1669 4385 88 31 work
1771 4385 80 30 done
1865 4394 41 20 on
1919 4383 55 30 the
1996 4385 158 38 premises.
2207 4386 31 29 A
2261 4385 88 40 large

1217 4430 91 33 stock
1321 4430 37 31 of
1367 4430 126 38 Lamps,
1504 4428 96 35 Bells,
1608 4427 70 30 'and
1694 4425 129 33 Saddles
1837 4435 40 21 on
1891 4424 85 30 hand
1990 4428 33 26 at
2037 4426 113 30 reduce
2162 4426 131 39 dprices.

617 460 253 45 JOSEPH
913 459 240 46 LOUGH.

763 536 246 26 UNDERTAKER.

732 581 108 30 EAST
866 580 185 31 OXFORD.

652 631 103 30 Having
763 631 51 31 just
824 631 123 30 imported
956 631 63 24 from
1026 630 128 32 England,

619 682 54 17 new
696 674 116 31 Designs,
848 682 54 16 new
931 673 151 32 Trimmings
1106 673 49 24 and

619 717 87 29 Robes,
719 719 22 21 is
750 717 118 29 prepared
880 719 26 21 to
916 724 43 16 con
964 717 59 23 duct
1031 716 125 24 Funerals

619 756 96 29 Adults,
734 758 26 21 at
774 755 45 25 5.
834 755 49 24 and
896 755 123 31 upwards,
1044 755 111 30 polished

618 800 81 28 coffin,
723 799 49 25 and
804 798 193 25 silvermounted
1021 798 135 23 Furniture

620 844 75 23 From
708 843 46 23 8.
774 842 131 31 according
917 843 26 23 to
965 841 117 31 Designs.
1117 840 39 25 No

619 888 70 22 extra
700 886 88 30 charge
800 885 38 24 for
851 885 96 23 Hearse
971 892 27 16 or
1018 891 63 24 open
1098 883 57 25 Car-

618 930 74 30 riage.

651 972 32 23 N.
713 972 30 23 B.
774 971 92 23 Coffins
889 971 59 29 kept
971 971 26 22 m
1027 969 70 25 stock
1119 969 38 24 for

621 1016 86 30 urgent
727 1021 77 16 cases.

640 1168 223 24 OZSLIFOIEaiD
908 1166 237 21 EAKEBY

723 1213 214 29 Established
963 1211 79 28 1862

668 1278 123 28 FLOUR,
805 1277 55 25 best
871 1277 80 24 brand
963 1276 60 32 only
1034 1275 67 32 kept.

621 1321 143 29 SHARPS,
800 1320 52 25 OA
864 1320 17 25 I
892 1320 26 24 M
928 1319 79 29 EAL,
1043 1318 109 25 BRAN

710 1364 293 28 CHICKENWHEAT,
1022 1364 42 24 &c.

645 1408 41 20 AT
714 1407 123 20 LOWEST
865 1406 142 21 CURRENT
1035 1405 104 23 RATES,
1166 1416 2 23 j

709 1518 53 43 F.
795 1516 49 44 B.
868 1514 188 55 LAJSHE.

725 1590 91 40 (Late
832 1590 38 30 E.
891 1589 160 39 Butcher.)

623 1651 250 33 Watchmakeh,
903 1649 184 33 Jeweller,
1105 1647 52 30 &g.

621 1701 123 30 Importer
779 1700 26 22 of
846 1698 107 24 Musical
988 1698 172 23 Instruments

720 1737 112 25 Victoria
854 1736 37 26 St.
923 1736 134 30 Rangiora.

623 1816 99 32 Special
733 1816 71 23 value
827 1814 27 24 m
878 1814 80 23 Extra
981 1815 87 28 strong
1080 1811 79 24 Cased

622 1860 86 31 highly
717 1858 109 24 finished
840 1856 110 31 English
967 1856 80 24 Lever
1056 1855 103 24 Watch-

622 1912 34 17 es.
703 1901 191 26 Manufactured
912 1902 26 22 to
960 1907 44 24 my
1033 1898 72 25 order
1126 1898 34 31 by

623 1945 54 23 best
689 1943 104 24 London
813 1940 107 25 makers.
955 1938 158 32 Unequalled
1122 1938 38 24 for

623 1987 122 26 excellent
758 1985 180 30 Timekeeping
953 1983 50 24 and
1014 1982 144 31 durability.

655 2031 29 24 F.
703 2030 31 24 B.
747 2028 96 25 LANE
856 2026 140 32 personally
1018 2026 72 24 visits
1111 2025 48 24 Ox-

623 2074 53 24 ford
697 2072 125 31 monthly,
846 2071 115 31 carrying
981 2078 16 16 a
1019 2070 68 30 large
1111 2069 49 24 and

623 2117 84 25 choice
743 2115 69 25 stock
841 2114 27 25 of
899 2113 128 28 Watches,
1056 2112 103 28 Chains,

623 2160 134 27 Brooches,
767 2158 88 31 Rings,
867 2157 85 26 Studs,
971 2156 128 24 Pendants
1112 2157 47 26 etc,

624 2202 142 32 Spectacles
788 2199 123 33 (Pebbles,
929 2199 170 30 Pantoscopsc
1111 2197 49 25 and

624 2244 108 32 Crystal)
746 2243 96 27 Clocks,
863 2243 107 31 (Marble
991 2241 50 24 and
1059 2241 101 30 Wood,)

724 2286 156 24 Accordeons
892 2284 50 25 and
953 2284 107 24 Violins.

657 2332 81 24 Exact
750 2331 57 23 date
820 2329 27 25 of
857 2328 61 25 each
931 2328 59 24 visit
1012 2327 23 24 is
1047 2326 106 24 notified

774 2373 27 24 m

625 2420 115 24 Repairs.
776 2417 41 25 All
829 2416 93 32 repairs
941 2423 41 17 are
1000 2414 118 25 executed
1129 2413 31 32 by

624 2463 92 32 myself
737 2470 28 16 or
782 2461 79 23 under
878 2467 42 23 my
941 2458 221 32 superintendence

625 2515 27 16 so
675 2506 56 25 that
750 2507 104 29 patrons
866 2511 46 17 can
936 2503 50 31 rely
1010 2510 33 16 on
1065 2502 99 31 getting

626 2548 154 25 satisfaction
790 2549 26 22 at
829 2547 43 23 the
884 2554 58 23 very
953 2545 86 25 lowest
1049 2545 112 30 charges.

659 2592 104 32 Repairs
775 2599 27 16 or
812 2590 84 25 orders
905 2597 57 23 may
975 2589 30 24 be
1014 2588 44 25 left
1070 2590 26 22 at

625 2641 25 24 J.
670 2639 134 29 Weeber's,
840 2638 64 24 East
929 2636 99 26 Oxford,

626 2686 25 23 at
674 2684 41 25 W.
738 2683 36 24 M.
800 2682 37 27 C,
861 2682 65 23 East
951 2680 100 25 Oxford.

625 2728 24 24 J.
666 2727 101 28 Brown,
780 2724 161 30 Bootmaker,
967 2723 69 24 West
1061 2721 100 26 Oxford.

626 2771 38 24 W.
678 2770 25 24 J.
717 2769 118 25 Crothers
845 2769 18 23 &
877 2768 45 24 Co.
931 2785 5 6 .
958 2766 70 25 Oust.

658 2813 50 24 and
725 2813 49 24 will
783 2811 31 25 be
825 2811 126 32 promptly
964 2810 118 24 attended
1094 2810 34 24 to.

627 2858 54 30 All
692 2857 99 31 Work
804 2857 77 29 done
894 2865 38 19 on
947 2855 54 29 the
1013 2854 151 30 Premises

750 2909 61 28 and
828 2906 198 40 guaranteed.

628 3010 90 37 MR
740 3008 64 40 W,
831 3007 49 40 N,
906 3005 257 43 CATHRO,

668 3079 181 23 BARRISTER
864 3078 68 21 AND
949 3075 174 23 SOLICITOR.

777 3119 233 32 RANGIORA.

623 3174 134 31 Attends
772 3173 123 30 Oxford
910 3182 38 19 on
961 3171 97 30 Court
1066 3170 96 40 Days.

623 3248 168 26 Instructions
800 3248 33 31 by
845 3248 56 30 post
912 3245 52 26 will
975 3245 94 25 receive
1081 3252 82 23 prom-

789 3288 28 29 pt
846 3285 133 25 attention,

613 3322 10 32 t
746 3334 107 22 MONEY
882 3333 37 21 TO
948 3333 89 20 LEND.

673 3420 45 52 S.
752 3419 50 43 B.
826 3415 307 51 SEYMOUR,

824 3484 139 26 DENTIST,

664 3532 41 22 215
720 3528 106 23 Colombo
842 3528 81 23 Street,
948 3525 169 22 Christchtirch.

793 3600 179 23 CHARGES:

690 3645 94 25 Filling,
800 3643 23 20 5*
832 3650 7 17 j
874 3640 134 22 Extraction
1018 3641 25 18 2s
1058 3639 36 20 6d.

649 3711 95 21 Nitrous
754 3708 60 21 Oxid
824 3707 46 20 Gas
880 3704 172 23 Administered
1057 3704 37 21 for
1101 3704 62 20 Pain

621 3754 45 19 less
677 3749 134 23 Extraction
821 3748 24 20 of
854 3747 80 20 Teeth.
969 3746 45 20 Pee
1024 3745 37 20 for
1070 3744 93 21 Admin-

621 3791 110 22 istration
743 3789 31 19 ss.

678 3867 110 27 CHILD
799 3864 109 26 BIRTH
922 3862 95 30 SAFE,
1031 3862 74 24 AND

730 3907 138 28 ALMOST
877 3904 174 27 PAINLESS

623 3954 91 68 BY
760 3953 75 29 using
870 3950 49 24 DR
964 3947 198 26 FAWCETT'S

725 3985 133 25 Medicine.

654 4030 71 26 MRS
749 4026 166 28 BURRELL
938 4024 60 31 begs
1022 4025 26 22 to
1070 4022 91 26 inform

621 4071 43 24 the
675 4068 92 26 Ladies
779 4066 57 25 that
845 4065 45 25 she
899 4064 47 24 has
956 4062 62 24 been
1028 4061 131 31 appointed

621 4110 57 25 Sole
697 4109 75 30 agent
794 4106 29 24 m
847 4101 178 28 Christchurch
1053 4101 37 23 for
1117 4100 45 23 the

620 4148 77 24 above
708 4144 125 25 Medicine
845 4144 27 22 to
887 4140 118 25 facilitate
1020 4137 140 24 Accouche-

620 4188 87 24 raents.
742 4183 91 26 Ladies
845 4189 47 18 can
915 4179 31 25 be
967 4176 115 34 supplied
1101 4175 60 26 with

620 4226 41 24 the
684 4224 76 25 above
781 4221 34 33 by
840 4219 106 31 sending
969 4224 28 18 or
1019 4215 93 32 calling
1134 4215 27 23 at

619 4265 40 23 Mr
681 4262 123 26 Burrell's
826 4257 185 33 Photographic
1033 4255 72 32 place
1136 4254 27 25 of

617 4303 124 26 business,
754 4300 107 26 Gould's
884 4297 142 31 Buildings,
1048 4293 112 27 Victoria

619 4342 95 29 Street,.
722 4337 184 30 Christchurch,
925 4335 84 27 where
1028 4333 35 26 all
1082 4332 77 25 infor-

617 4382 98 25 mation
741 4387 48 17 can
815 4379 32 24 be
875 4375 123 28 obtained,
1021 4374 59 28 free,
1109 4372 51 26 and

616 4418 118 34 perfectly
777 4416 158 31 satisfactory
966 4412 52 26 and
1051 4410 108 33 genuine

617 4455 167 29 testimonials
795 4461 49 19 can
854 4453 31 26 be
896 4460 68 18 seen.
