4240 5910
73 211 4 30 .
96 216 100 21 m«*mbers
210 216 21 18 of
246 216 36 19 the
298 221 98 20 company
411 214 33 21 for
460 214 36 20 the
514 218 88 20 purpose
621 211 21 20 of

73 251 5 5 '
96 243 115 26 fuithejing
220 243 36 20 the
270 243 95 20 interest
374 241 22 22 of
409 242 35 20 the
460 247 106 19 company.
593 238 49 21 This

95 272 67 20 Winsrs
177 278 32 13 me
219 274 22 17 to
251 278 34 18 my
303 270 114 21 motion-re
434 269 34 21 the
482 273 127 19 conveyance
621 266 23 20 of

93 299 52 20 fruit
155 301 21 17 to
187 298 114 20 Liwrt-nce.

121 326 20 20 It
150 325 16 20 is
176 327 52 19 most
238 325 112 26 important
359 324 46 20 that
414 324 35 20 the
459 329 99 18 company
564 320 75 21 should

92 353 52 21 have
162 360 12 13 a
189 358 73 20 proper
282 354 74 24 system
374 351 32 21 for
421 356 127 19 cmveyince
564 348 22 21 of
604 355 38 13 our

92 381 53 22 fruit
158 383 22 17 to
190 381 115 24 Lawrence,
320 384 36 16 not
366 379 76 25 merely
456 378 32 20 for
502 378 36 19 the
552 383 88 20 purpose

93 409 22 20 of
124 409 70 23 taking
204 408 35 20 the
248 408 81 22 surplus
336 407 50 20 f'nuf
395 407 20 18 of
422 406 36 20 the
466 405 55 21 laree
529 411 86 18 growers

94 436 49 20 fruit
152 435 20 20 in
182 442 62 13 seaso'
253 442 8 12 s
270 435 23 19 of
306 433 54 28 laTgfl
374 440 65 19 crops,
449 439 23 13 or
486 431 51 21 fruit
548 431 49 20 thev
606 437 34 13 ar*

84 463 83 22 Tinable
179 466 22 17 to
212 464 47 18 take
269 461 49 21 with
329 461 53 21 iheir
391 468 44 12 own
447 459 87 21 vehicles
542 470 11 3 -
561 459 36 19 hut
609 458 7 19 f
631 465 9 12 r

94 491 35 21 the
139 497 16 15 a
162 491 110 19 nvenience
280 489 21 20 of
319 489 36 20 the
370 488 82 20 smaller
468 492 87 21 growers
571 484 22 21 of
602 484 36 21 the

92 524 112 21 company;
219 517 46 21 that
287 517 49 26 they
352 523 45 15 mav
416 515 51 23 have
475 522 13 13 a
496 520 47 15 sure
557 512 40 21 and
609 519 21 13 ro

93 548 60 20 liable
301 545 31 21 for
339 545 53 20 their
398 544 51 20 fruit
454 542 54 22 after
513 542 35 20 th«
559 539 80 23 trouble

94 574 21 21 of
124 574 95 25 growing,
228 572 77 27 picking
315 571 39 21 ani
364 571 85 26 packing
459 570 25 25 it,
493 568 38 22 and
542 573 34 15 m-.r
587 567 51 20 hiw

93 602 37 21 the
138 600 113 28 possibility
260 599 23 22 of
293 599 19 21 it
317 599 60 26 heing
392 597 38 22 left
444 599 22 19 at
480 596 54 21 their
552 595 56 25 gate*
616 600 22 13 as

92 630 17 20 is
131 632 34 16 too
182 628 57 19 often
258 627 35 20 the
310 633 44 14 ca-**
372 632 53 17 now,
447 624 82 22 causing
547 623 37 19 loss
599 621 38 21 nv.ii

92 656 105 25 vexation,
206 658 22 17 to
237 662 34 18 say
281 654 86 23 nothing
376 652 21 22 of
412 653 40 20 lost
461 652 58 24 time,
529 654 38 16 etc.

116 684 42 20 Ihe
167 691 52 16 com?
226 690 39 18 any
275 682 35 21 has
320 682 49 20 been
379 682 20 19 in
410 681 102 20 existence
517 677 31 22 for
561 676 77 22 serial

93 718 66 21 ycaiF,
178 711 38 20 ami
232 710 94 26 nothing,
343 716 22 13 so
383 707 40 28 fur,
432 708 36 20 has
487 707 49 19 been
547 706 52 20 done
616 709 22 15 to

93 734 57 30 bring
167 739 62 20 alout
248 738 40 20 this
306 744 49 18 very
373 736 60 21 much
449 734 78 21 needed
546 739 80 18 arrange-

91 769 68 23 -metit,
166 766 32 20 for
217 772 11 14 a
242 771 73 21 proper
329 764 39 21 ami
379 763 82 21 reliable
472 761 82 20 method
571 759 22 20 of
613 760 24 19 he

72 786 1 33 .
92 799 125 20 conveyance
230 793 21 20 of
266 799 37 13 our
317 792 52 20 fruit
378 797 21 13 to
414 790 115 23 Lawrenc-,
536 786 40 21 and
595 786 16 20 it
623 793 14 12 is

92 823 50 19 time
156 821 45 19 that
219 826 55 14 some
287 821 143 21 arrangement
446 823 40 12 was
500 814 85 21 entered
595 813 43 20 into

92 850 27 20 bv
136 849 36 21 the
191 854 98 20 company
306 846 33 22 for
347 846 34 20 the
392 851 87 20 purpose
493 842 76 22 stale''.
595 840 43 21 The

92 878 58 20 small
171 884 50 18 grow
226 884 31 12 era
279 876 52 20 have
353 880 61 20 eveiy
427 873 55 25 right
500 874 22 17 to
544 870 36 20 ask
597 869 40 20 and

72 898 1 28 .
92 905 86 20 demand
202 904 40 18 this
255 903 22 19 of
295 903 34 19 the
352 906 106 20 company,
480 905 68 15 seem?
566 898 47 18 that
626 903 11 12 a

72 922 1 30 .
92 931 77 21 ceitain
186 933 85 18 amount
288 929 17 21 is
327 926 101 24 deduced
446 932 59 14 ewiv
524 929 49 20 year
583 922 53 23 from

94 960 54 21 their
166 962 83 18 account
267 958 59 25 sales,
336 959 45 24 part
393 955 21 21 of
430 953 64 22 which
504 953 16 21 is
531 952 59 26 being
600 954 38 22 put

94 990 22 18 to
136 987 36 20 the
192 986 114 26 company's
326 984 64 22 credit
409 983 21 21 in
449 982 35 21 the
502 981 62 20 ban*.
590 980 48 19 This

93 1015 69 22 sorelv
178 1014 18 21 is
204 1021 12 14 a
230 1021 69 14 reason
309 1013 46 24 why
367 1018 86 19 growers
463 1013 37 17 not
509 1008 74 25 having
602 1007 35 20 the

94 1043 94 20 facilities
214 1042 33 20 for
280 1040 111 27 conveying
421 1038 54 20 their
507 1043 43 13 own
580 1034 56 21 fruit.

72 1061 2 30 .
94 1070 72 21 should
192 1069 77 21 receive
282 1074 56 14 some
364 1065 144 22 consideration
529 1063 52 20 from
603 1061 36 20 the

95 1105 98 21 rompany
208 1096 105 27 regarding
332 1095 36 22 the
384 1096 81 20 matter.
493 1091 43 22 The
560 1091 42 21 fact
618 1088 21 22 of

96 1127 36 20 the
149 1133 98 18 company
265 1124 113 26 neglecting
397 1122 41 21 this
454 1122 113 24 important,
581 1120 57 23 item,

98 1154 72 21 entails
192 1152 135 21 considerable,
356 1151 40 20 loss
422 1148 39 21 and
495 1146 97 25 ha>d?hip
618 1147 21 18 to

98 1181 27 20 all
149 1187 92 19 growers,
253 1187 21 12 as
287 1179 17 20 it
317 1178 56 21 often
382 1183 70 14 occur*
459 1176 74 24 during
541 1181 12 13 a
567 1179 69 14 season

99 1209 58 20 when
176 1207 136 26 thegrowei's
329 1206 50 21 time
386 1205 17 22 is
411 1204 52 22 fullv
476 1201 95 27 occupied
589 1199 50 21 wi'b

98 1237 81 26 picking
192 1237 39 19 and
250 1235 86 27 packing
353 1234 46 20 that
416 1232 48 26 they
481 1232 51 20 have
549 1232 22 17 to
582 1228 58 21 make

99 1267 158 22 arrangements,
266 1262 64 20 which
338 1268 33 14 are
381 1264 35 17 not
423 1260 75 24 always
503 1257 57 21 satisf
574 1258 66 23 ci>rv,

101 1291 32 21 for
147 1290 78 23 eettine
239 1296 56 20 away
305 1288 53 21 their
371 1287 58 21 fruit.
455 1286 50 20 This
513 1285 17 20 is
538 1285 35 20 the
588 1290 39 24 com-

99 1319 72 27 pany's
180 1317 69 25 failing
259 1317 20 21 in
289 1317 82 26 putting
379 1314 17 22 it
406 1313 28 23 off
443 1314 51 20 from
505 1312 49 21 time
563 1315 21 16 to
593 1311 48 20 time

79 1358 12 6 ».
99 1346 60 21 when
177 1345 36 21 the
221 1347 77 18 matter
305 1344 17 20 is
331 1342 88 25 brought
427 1348 29 19 up
463 1345 22 16 at
491 1341 27 20 its
536 1338 103 21 meetin-s.

100 1374 54 21 until
187 1373 36 21 the
270 1371 52 27 bosj
359 1376 70 15 season
462 1374 67 16 cornea
567 1364 72 22 round.

77 1408 5 4 •
101 1402 56 21 Then
192 1402 17 19 it
242 1399 17 21 is
293 1402 34 18 too
360 1398 40 21 late
432 1396 31 22 for
497 1395 35 21 the
566 1397 75 17 matter

100 1432 22 18 to
136 1428 76 21 receive
229 1434 74 19 proper
319 1425 109 22 attention,
447 1423 50 21 with
516 1422 36 20 the
576 1420 64 21 result

76 1471 6 6 .
100 1463 60 19 every
178 1462 38 14 one
233 1454 35 21 has
284 1457 21 17 to
318 1453 59 21 make
394 1451 50 22 shift
454 1458 22 12 as
486 1451 43 19 best
538 1449 49 25 they
596 1454 46 14 can.

101 1484 48 20 This
168 1486 75 18 matter
261 1481 73 20 shonld
344 1480 23 20 be
378 1477 97 23 at'ei.ded
484 1481 23 17 to
519 1480 21 16 at
547 1482 57 14 once.
631 1475 9 19 T

99 1510 42 22 feel
157 1517 46 14 sure
212 1517 11 13 a
233 1515 73 21 pioper
319 1508 141 26 airangement
469 1505 39 21 and
520 1505 74 26 system
604 1509 36 15 ctn

101 1539 25 20 be
139 1538 122 22 established
277 1536 49 21 with
334 1543 55 14 some
399 1534 21 21 of
429 1534 36 21 tke
477 1540 83 14 camera
569 1531 16 21 if
593 1531 49 26 only

101 1573 51 20 gone
160 1566 46 21 into
211 1566 21 21 in
241 1572 12 13 a
258 1562 132 23 businesslike
400 1568 91 15 manner.

127 1594 42 21 The
180 1594 41 21 fact
230 1593 23 20 of
260 1600 22 13 so
291 1598 61 19 many
361 1591 78 25 private
448 1592 56 20 traps
510 1587 59 26 going
583 1587 57 21 dowu

101 1623 23 18 to
141 1621 107 20 Lawrei.ee
262 1621 22 18 at
293 1619 36 20 the
341 1618 107 24 beginning
466 1616 23 19 «f
497 1615 48 20 eaeh
563 1620 77 15 season,

99 1647 51 21 with
169 1647 47 26 only
226 1654 12 13 a
256 1653 43 14 case
312 1652 22 13 or
351 1648 48 22 two,
413 1644 16 19 is
437 1642 101 21 sufficient
548 1646 21 13 'o
586 1640 55 20 show

101 1675 35 21 the
145 1674 105 28 sb«urdi»y
256 1673 22 22 of
284 1672 35 23 the
329 1675 80 25 pre-ent
418 1668 130 29 syste»,and
564 1668 10 22 I
581 1668 58 22 think

100 1704 18 20 it
133 1703 40 21 will
183 1705 36 19 not
233 1702 55 21 show
297 1700 60 22 much
371 1703 22 18 to
402 1700 35 21 the
454 1698 115 26 company's
578 1704 16 13 ci
600 1696 42 22 edit

97 1731 20 20 if
129 1737 23 14 ar
157 1730 59 21 other
228 1735 69 15 season
323 1729 16 19 is
352 1727 85 21 allowed
452 1729 21 17 to
487 1732 46 16 piss
552 1724 87 21 without

99 1765 55 15 some
164 1764 73 21 proper
248 1757 141 26 arrangement
398 1755 58 25 being
463 1753 65 21 mad*.

125 1785 62 21 What
197 1785 10 22 I
217 1784 65 21 would
292 1785 81 25 suggtst
378 1783 17 20 is
401 1782 47 21 that
456 1783 152 24 arrangements
616 1779 25 21 be

100 1813 83 21 entered
193 1814 42 20 into
242 1811 50 21 with
300 1818 94 14 someone
408 1812 22 18 to
444 1813 41 17 cart
500 1809 36 19 the
546 1808 65 20 »hole
619 1807 23 20 of

100 1841 36 20 the
145 1841 57 21 fruit,
217 1847 42 20 say,
268 1842 22 18 at
309 1838 35 22 the
359 1837 108 27 beginning
482 1836 22 21 of
518 1836 37 20 the
571 1840 57 15 straw-

100 1868 60 26 berry
170 1867 39 21 and
219 1867 61 26 ptach
290 1872 80 15 seasons
381 1868 19 17 to
411 1871 37 14 mu
459 1864 31 20 his
499 1867 46 21 imp
555 1869 22 13 or
586 1865 56 23 traps

100 1896 59 21 twice
167 1902 10 13 «
189 1894 53 21 week
252 1895 32 20 for
292 1893 36 22 the
337 1893 41 21 first
386 1892 55 21 week
447 1898 23 14 or
476 1891 110 26 fortnight,
591 1890 49 20 then

100 1926 23 19 to
132 1930 37 15 run
179 1924 57 21 three
245 1922 59 22 times
313 1929 11 13 a
334 1921 63 27 week,
407 1928 22 13 or
438 1927 60 19 every
507 1919 38 27 day
557 1918 15 22 if
577 1917 64 23 found

99 1959 111 18 necessary.
237 1951 60 20 Some
309 1954 151 21 arrangements
468 1947 66 26 might
550 1947 24 20 be
585 1947 57 19 marie

79 1992 6 3 -
100 1978 51 21 with
160 1985 54 14 some
226 1978 21 20 of
256 1978 35 20 the
299 1983 87 19 groweis
395 1978 21 18 to
424 1975 49 20 take
483 1970 35 25 the
528 1973 58 21 small
602 1973 42 21 lot*

101 2006 21 21 of
131 2006 35 21 the
176 2006 54 26 early
240 2004 135 21 strawberries
384 2003 39 21 and
434 2002 84 25 peaches
527 2001 73 26 during
607 2001 35 20 the

76 2028 4 28 -
100 2034 44 19 first
150 2033 55 20 week
216 2040 21 12 or
247 2035 33 17 ten
288 2032 55 24 days,
354 2038 21 12 as
383 2032 17 19 it
409 2030 59 20 could
478 2032 36 17 not
524 2028 118 25 reasonably

77 2066 5 2 '
99 2060 26 21 be
134 2059 97 27 expected
238 2059 47 20 that
299 2058 35 21 the
343 2058 73 20 carrier
426 2056 65 21 would
502 2062 37 14 ruu
557 2055 30 20 his
597 2057 45 22 trap

77 2100 5 3 •
98 2088 33 20 tor
137 2088 47 26 «n!y
190 2088 38 20 five
235 2094 22 13 or
263 2086 31 21 six
300 2093 55 14 cases
362 2084 59 22 while
426 2083 106 26 debarring
540 2082 42 21 him
590 2082 52 21 from

99 2115 69 23 taking
185 2114 59 21 other
259 2114 51 20 back
325 2112 89 25 loading.
438 2111 44 20 The
495 2111 63 20 above
573 2110 67 24 might

98 2141 26 21 be
134 2141 78 21 worked
223 2143 21 19 to
255 2140 53 21 their
322 2140 43 26 (the
380 2138 123 27 company's)
518 2144 28 20 pr«
555 2136 30 23 fit,
602 2135 41 22 and

98 2176 48 14 fave
158 2176 12 13 a
183 2169 39 20 Ws
231 2169 21 20 of
267 2175 81 19 energy.
374 2168 65 20 These
453 2166 72 21 details
543 2164 59 22 could
618 2164 24 21 be

97 2197 54 25 fully
159 2196 102 21 discussed
269 2196 25 26 by
301 2202 10 14 a
320 2195 115 21 committee
440 2194 111 26 appointed
559 2193 81 20 todraw

74 2219 4 32 i
96 2232 29 19 up
133 2232 25 14 an
167 2228 122 21 agreem-nt.
317 2223 11 21 I
341 2222 61 22 think
416 2222 17 20 it
442 2221 64 26 might
512 2220 25 21 be
544 2219 97 27 arranged

96 2253 48 21 that
152 2251 36 21 the
197 2251 72 22 carrier
278 2251 77 25 carting
364 2250 36 21 the
405 2249 52 22 fruit
465 2248 73 21 should
545 2248 52 21 have
603 2249 36 20 the

95 2279 97 28 privilege
200 2279 22 21 of
232 2279 88 26 bringing
332 2278 51 21 back
393 2277 39 21 and
442 2283 45 15 care
496 2276 22 21 of
535 2276 27 21 all
578 2282 62 18 cases,

97 2310 37 18 etc.
146 2310 20 17 at
177 2308 35 19 the
221 2307 107 20 Lawrence
337 2306 47 20 end.
412 2305 23 21 I»
449 2311 44 13 case
503 2304 21 20 of
532 2303 87 25 artangir
628 2310 13 18 g

73 2345 7 8 »
96 2333 50 23 with
155 2340 55 15 some
219 2334 21 20 of
249 2333 35 21 the
292 2339 88 20 growers
388 2334 23 19 to
419 2331 48 22 take
484 2331 35 21 the
528 2331 58 21 small
602 2331 39 20 lots

97 2363 32 22 for
146 2362 35 21 the
198 2362 44 21 fiißt
256 2361 101 26 fortnight
374 2361 74 26 during
464 2359 123 24 strawberry
600 2359 40 21 and

97 2390 63 27 peach
174 2396 84 18 seams*,
270 2389 36 20 the
318 2392 116 22 agreement
451 2387 74 21 should
539 2387 49 20 bind
604 2386 36 21 the

73 2414 4 29 .
97 2417 114 26 company's
221 2417 73 21 carrier
304 2419 21 17 to
333 2415 49 22 hold
391 2414 82 23 himself
480 2415 18 21 in
510 2414 130 22 jeadinessto

73 2460 7 6 ,
97 2447 51 20 start
158 2445 57 20 when
228 2444 101 27 required.

124 2474 19 21 If
150 2473 41 22 this
197 2480 60 19 paper
264 2472 86 21 receives
358 2470 35 22 the
400 2469 117 22 favourable
527 2469 102 22 considera-

99 2501 41 20 tion
150 2501 74 22 which,
233 2500 19 20 in
261 2500 105 26 justice,it
374 2498 82 26 should,
464 2498 11 20 I
486 2497 65 21 wou'd
560 2500 82 22 suggest

103 2528 45 22 that
158 2528 35 22 the
202 2528 101 22 following
311 2526 116 22 committee
435 2524 26 22 lw
470 2524 79 22 fonned
556 2528 22 17 to
587 2524 56 21 draft

102 2563 25 15 an
137 2559 113 26 agreement
254 2558 28 24 ,to
291 2555 24 22 be
324 2554 111 22 submitted
445 2554 32 21 for
485 2554 36 21 the
526 2552 116 28 company's

100 2585 209 27 approval:-Messes
325 2582 113 28 Campbell,
456 2583 106 25 Bennetts,
581 2582 49 21 Blox-

99 2613 55 26 ham,
168 2613 107 25 Tamblyn,
284 2611 92 25 Pennell,
386 2610 77 22 Karris,
473 2610 91 26 Manuel,
573 2610 69 19 Toms.

134 2653 45 31 Mr
192 2652 133 31 Bloxham
337 2650 134 31 endorsed
494 2650 48 29 the
560 2660 68 28 argn-

75 2711 6 8 >
96 2699 90 25 merits
199 2695 27 28 in
240 2694 47 29 the
306 2703 94 28 paper,
419 2691 145 39 especially
577 2691 65 28 wiih

96 2735 100 39 regard
217 2738 30 26 to
269 2738 76 35 traps
365 2733 88 38 going
474 2731 79 30 down
578 2731 66 29 with

73 2795 7 8 .
97 2777 63 36 only
174 2776 63 28 fonr
248 2786 30 18 or
291 2775 52 28 five
364 2784 85 19 cases.

135 2817 45 29 Mr
186 2816 82 29 Toms
277 2815 113 39 pointed
400 2818 49 25 ont
456 2812 61 29 that
527 2823 118 29 growers

96 2857 64 29 who
172 2862 61 25 sent
256 2856 72 30 their
351 2864 188 29 conveyances
563 2853 81 30 down

98 2898 66 28 with
177 2909 16 17 a
205 2898 52 28 few
270 2906 75 19 cases
358 2895 47 29 did
419 2905 31 18 so
473 2895 27 27 in
518 2894 80 28 order
617 2898 28 24 to

98 2938 86 38 bring
200 2937 71 29 back
295 2940 94 34 empty
412 2945 86 25 cases,
520 2934 52 29 and
598 2938 49 25 not

78 2975 4 40 ,
99 2979 65 36 only
176 2978 65 28 with
261 2978 47 27 the
320 2977 92 38 object
424 2976 30 28 of
466 2975 99 37 taking
576 2975 71 28 their

76 3031 5 5 •
97 3018 70 29 fruit
179 3022 30 25 to
221 3017 115 28 market.

137 3058 103 29 Messrs
280 3057 134 28 Bennetts
457 3054 54 29 and
551 3055 97 28 Harris

101 3098 96 29 moved
209 3109 6 17 :
234 3098 18 15 *
262 3097 70 28 That
345 3097 46 27 the
411 3100 102 24 matter
532 3095 31 29 of
582 3094 68 29 fruit

75 3159 7 5 -
101 3138 122 35 carriage
237 3137 34 28 be
290 3137 51 28 left
353 3136 28 28 in
394 3135 47 29 the
461 3135 88 28 hands
562 3135 30 28 of
603 3135 46 28 the

77 3196 5 11 v
99 3177 155 31 committee
265 3176 156 30 nominated
431 3175 38 38 by
478 3175 47 29 Mr
536 3175 113 29 Pennell

99 3222 30 26 to
141 3218 82 39 bring
242 3229 38 28 up
292 3228 17 18 a
332 3220 94 35 report
445 3216 44 29 for
507 3215 48 29 the
574 3225 56 20 com-

77 3276 6 14 -.
95 3258 305 40 pany'sconsideration
409 3260 29 25 at
445 3259 67 26 next
523 3256 124 38 monthly

135 3340 58 29 The
206 3340 156 30 committee
374 3349 46 19 are
433 3342 28 25 to
471 3341 74 25 meet
557 3338 28 28 in
600 3338 47 28 the

79 3377 3 35 .
96 3380 165 30 Athenaeum
275 3384 29 25 at
317 3380 16 28 8
346 3378 105 30 o'clock
469 3381 69 25 next
551 3377 80 29 Satur-

75 3418 3 42 .
95 3420 55 40 day
163 3421 180 35 (to-morrow)
358 3419 84 38 night
464 3418 30 29 in
514 3418 81 30 order
618 3422 29 25 to

96 3461 74 29 draw
184 3471 37 29 up
235 3461 71 29 their
317 3464 104 35 report.

140 3511 51 21 TBE
205 3511 99 21 REPORT
316 3511 56 20 AND
384 3509 119 21 BALANCE
516 3508 94 27 BHEET,

71 3558 6 10 >
94 3552 30 20 as
143 3542 64 30 read
227 3543 37 37 by
287 3543 47 29 the
356 3541 149 36 chairman,
525 3551 58 19 was
602 3550 28 20 re-

71 3601 9 5 -
94 3582 95 31 ceived
202 3583 54 30 and
269 3582 129 40 adopted.

304 3632 134 22 invoices.

130 3664 47 30 Mr
189 3665 88 39 Pryor
288 3669 86 25 wrote
397 3663 168 41 suggesting
586 3665 61 28 that

70 3721 12 16 r
94 3716 120 28 growers
227 3706 67 30 send
306 3706 122 29 invoices
440 3704 68 28 with
522 3706 67 27 each
607 3706 40 27 lot

73 3746 2 38 •
94 3746 30 29 of
136 3746 75 34 fruit,
224 3756 30 19 as
267 3750 29 25 at
317 3750 113 34 present
449 3749 80 33 great
551 3746 80 28 incon-

72 3786 152 29 venience
234 3786 53 29 and
293 3794 163 30 annoyance
465 3794 72 21 were
546 3786 101 29 caused

94 3826 94 39 owing
199 3831 29 26 to
242 3831 72 26 want
320 3827 31 29 of
361 3824 174 42 punctuality
548 3827 29 28 in
592 3826 56 30 this

72 3880 6 15 3
94 3871 110 24 matter.

132 3906 139 29 Members
277 3918 70 18 were
353 3907 146 39 requested
511 3910 29 26 to
551 3906 95 29 attend

71 3956 8 18 i
95 3949 30 27 to
138 3947 47 28 the
198 3951 108 25 matter.

180 3997 230 20 REPRESENTATIVE
429 3996 145 22 CAMPBELL.

135 4026 47 30 Mr
204 4027 38 30 M.
258 4027 152 40 Campbell,
435 4029 215 39 representative

75 4072 52 24 •to
158 4069 47 27 the
231 4069 211 37 Fruitgrowers'
470 4070 179 32 Conference,

96 4106 144 35 Brisbane,
250 4118 55 17 was
315 4108 112 38 warmly
438 4107 210 39 congratulated

97 4146 39 38 by
146 4147 136 30 members
295 4159 34 18 on
343 4148 43 29 his
404 4147 59 31 safe
476 4153 105 31 return,
594 4148 55 29 and

97 4187 23 28 it
139 4198 54 17 was
212 4188 115 29 decided
340 4193 29 24 to
383 4191 104 26 receive
500 4190 43 28 his
556 4193 94 34 report

72 4227 4 41 .
96 4230 29 25 at
139 4227 46 28 the
200 4232 68 23 next
280 4229 125 38 monthly
418 4229 133 39 meeting.

133 4267 65 30 This
212 4279 55 18 was
280 4269 35 28 all
329 4270 46 28 the
390 4270 134 28 business.

253 4365 237 43 Commercial.

129 4443 122 39 Dalgety
266 4445 55 29 and
343 4445 48 30 Co.
407 4445 87 38 (Ltd.)
512 4451 93 35 report
618 4458 29 18 as

95 4484 164 29 follows:

132 4531 390 41 Sheepskins.—Moderately
571 4535 76 39 large

94 4572 159 38 catalogues
279 4584 71 18 were
381 4574 103 29 offered
522 4578 30 25 at
601 4576 46 29 the

95 4612 139 30 Chamber
247 4613 30 30 of
287 4613 158 30 Commerce
461 4626 35 18 on
510 4616 136 38 Tuesday.

94 4652 89 30 There
207 4664 56 18 was
294 4664 16 18 a
338 4654 54 28 fair
421 4655 166 28 attendance
616 4656 30 28 of

92 4692 114 37 buyers,
226 4693 53 28 but
291 4694 181 36 competition
494 4704 56 18 was
573 4696 76 36 quiet

93 4732 45 29 for
152 4732 35 29 all
202 4736 71 26 sorts
294 4733 150 39 excepting
461 4734 52 29 full
534 4735 115 29 woolled

94 4774 169 26 crossbreds.
307 4774 119 27 Inferior
463 4774 55 28 and
557 4776 75 27 short-

94 4812 115 28 woolled
223 4811 76 31 skins
314 4823 70 19 were
397 4816 28 28 to
438 4823 15 17 a
464 4817 79 35 great
552 4817 96 27 extent

94 4852 154 38 neglected.
293 4854 62 28 Best
367 4854 52 28 full
432 4854 116 29 woolled
559 4866 75 18 cross

96 4893 83 29 breds
192 4894 123 38 brought
336 4895 56 35 4£d
415 4905 48 27 per
482 4896 40 34 lb,
541 4896 108 29 shorter

96 4933 35 28 do
145 4934 33 35 of
181 4934 18 28 d
212 4937 28 25 to
254 4934 45 34 4d,
313 4944 67 26 very
402 4936 77 28 short
498 4936 36 28 do
559 4936 36 28 8d
619 4940 28 25 to

94 4972 65 38 3jd,
174 4974 103 30 merino
292 4974 34 38 I3|
338 4979 28 25 to
376 4975 46 30 4d.

133 5015 191 28 Rabbitskins.
401 5017 58 28 The
496 5018 151 37 quantities

96 5054 124 41 arriving
232 5065 46 20 are
291 5066 66 30 very
371 5056 78 30 small
459 5056 45 31 for
517 5057 55 31 this
586 5068 44 20 sea-

94 5107 50 18 son
157 5097 29 28 of
198 5098 46 27 the
256 5107 75 28 year,
354 5099 88 27 which
456 5099 23 28 is
499 5110 37 18 no
558 5099 88 28 doubt

92 5137 48 27 the
153 5137 86 28 result
252 5137 28 28 of
295 5138 47 27 the
363 5139 150 28 successful
535 5138 107 39 pollard

92 5176 148 40 poisoning
266 5177 101 41 during
388 5179 48 30 the
456 5190 122 20 summer
589 5180 55 29 and

91 5221 124 31 autumn,
228 5218 54 29 and
296 5219 57 29 also
366 5230 34 17 on
414 5224 117 25 account
552 5221 29 29 of
593 5221 48 28 the

91 5258 76 37 large
193 5259 130 28 numbers
356 5259 84 39 being
467 5260 95 31 frozen
587 5261 55 29 and

92 5303 62 23 sent
168 5301 29 26 to
206 5298 125 30 London.
369 5299 88 31 There
465 5300 32 37 is,
508 5301 136 37 however,

92 5338 71 29 keeu
184 5340 178 36 competition
382 5341 44 28 for
449 5343 37 28 all
510 5343 133 38 arriving,

91 5379 55 28 and
160 5388 66 30 very
239 5379 52 28 full
303 5380 88 39 prices
406 5392 45 19 are
472 5382 64 41 paid
549 5383 44 30 for
606 5383 36 31 all

93 5420 191 37 description.
324 5421 53 29 We
390 5428 82 32 quote
491 5425 62 28 best
575 5426 51 27 win-

90 5463 56 24 ters
157 5459 116 37 (mixed)
291 5460 50 28 12d
352 5465 28 24 to
394 5463 46 36 12£
440 5463 32 36 d,
482 5465 102 29 second
595 5465 46 30 do.

92 5499 54 30 lid
160 5505 29 24 to
209 5499 80 37 Hid,
303 5501 73 39 early
389 5503 35 29 do
446 5504 35 37 9|
504 5511 29 24 to
564 5507 78 36 lOR

92 5544 115 25 autumn
220 5541 55 35 B£d
290 5545 29 25 to
331 5542 65 36 9£d,
419 5554 133 21 summers
566 5547 36 29 5d
616 5552 28 24 to

169 5580 96 29 blacks
282 5581 52 29 14d
352 5587 28 24 to
398 5584 77 35 15|d.

127 5619 192 31 Hides.—We
346 5622 70 30 have
442 5635 34 17 an
498 5627 145 31 unlimited

92 5660 120 29 demand
244 5661 45 28 for
312 5661 77 31 these
420 5669 29 24 at
480 5669 165 36 quotations.

90 5699 55 30 We
158 5705 82 34 quote
260 5701 88 38 heavy
378 5714 36 18 ox
440 5705 77 31 hides
541 5708 54 30 3Ad
618 5714 29 24 to

85 5740 53 36 4d,
167 5741 120 30 medium
313 5743 34 30 24
374 5747 28 27 to
425 5745 47 38 3d,
497 5747 72 40 light
593 5750 53 29 and

99 5781 114 32 inferior
228 5782 52 36 Ifd
293 5786 29 27 to
352 5784 44 37 2£

1622 102 198 42 MOUNT
1909 103 228 42 BEKG.EE
2222 95 157 46 MAIL..

3507 94 171 52 Friday,
3701 97 100 50 July
3824 95 199 49 23,1897.

3570 5600 85 22 Printed
3669 5601 39 21 and
3724 5601 110 22 Published
3854 5607 27 22 by
3901 5603 104 22 WiLUAM
4019 5604 108 23 Passexl

3626 5634 126 22 Matthkws
3761 5635 32 21 for
3803 5635 35 22 the
3848 5636 131 29 proprietor!,
3990 5637 81 22 Dunke
4080 5644 47 18 and

3627 5671 133 26 Matthews,
3781 5673 22 19 at
3825 5671 54 22 their
3896 5672 118 25 .Registered
4033 5674 23 20 Pi
4061 5676 19 19 in
4084 5676 43 25 tine

3627 5706 70 22 Offce.
3717 5706 95 22 Scotland
3823 5709 71 26 street,
3913 5707 120 29 Koxburgh,
4052 5711 66 27 Otago
4128 5702 5 9 *

3621 5742 258 28 NcwZ;»lanU-i'Yiday,
3898 5744 52 26 July
3963 5741 97 29 23,1897.

724 212 31 22 To
772 219 26 16 bs
812 214 128 21 Published
955 218 25 17 is
990 214 113 23 January,
1119 210 57 22 1803.

680 266 166 32 ~TONES'
878 268 126 30 OTAGO
1033 266 23 29 &
1085 263 119 31 SOUTH-

917 306 106 30 LAND

720 361 153 26 COMMERCIAL,
891 362 134 21 MUNICIPAL,
1038 360 15 20 k
1069 359 109 22 GENERAL

828 414 240 42 DIRECTORY,

861 468 17 21 #
922 471 56 18 AND

705 512 90 31 NEW
814 513 182 29 ZEALAND
1012 510 176 37 4NNUAL,

897 565 112 34 1398.

691 650 165 30 Fourteenth
877 651 75 28 Year
971 650 31 27 of
1020 649 184 30 Publication.

670 729 87 33 Demy
784 729 52 28 Bvo
863 729 64 32 size,
954 727 163 37 containing
1140 727 84 28 about

685 769 54 29 900
745 768 226 39 pages,together
981 767 63 29 with
1055 778 149 17 numerous

724 809 79 38 Maps
828 808 140 28 corrected
990 813 28 23 to
1032 807 74 36 date,
1120 807 47 28 the

750 849 87 30 whole
850 849 180 37 handsomely
1045 848 94 29 bound

777 891 27 26 in
819 890 84 34 cloth,
915 889 195 37 gilt-lettered.

669 972 77 28 Price
760 975 27 25 to
803 970 190 36 Subscribers,
1009 971 47 28 12s
1072 969 53 35 Gd;
1146 969 77 30 Non-

817 1012 190 35 Subscribers,
1018 1013 56 26 15s.

715 1093 131 36 STO.nE,
880 1093 83 35 SON,
997 1091 82 31 AND
1110 1091 68 37 CO,

859 1145 180 33 Publishers,

726 1192 142 29 Crawford
895 1192 102 35 Street,
1021 1191 139 29 Dunedin.

682 1279 41 52 [)
807 1277 44 35 A.
925 1274 301 43 BUCHANAN,

752 1349 72 22 BOOT
852 1348 61 21 AND
936 1347 76 21 SHOE
1037 1345 115 27 MaKER,

717 1396 144 29 Scotland
870 1413 9 4 -
891 1402 107 27 street,
1017 1392 164 30 Roxburgh.

781 1491 92 39 Every
894 1489 169 40 description
1086 1489 30 30 of

672 1546 88 29 Boots
772 1554 57 20 and
844 1545 89 28 Shoes
948 1543 135 29 Supplied
1094 1552 36 19 or
1143 1542 84 29 Made

849 1595 35 19 to
903 1585 144 28 Measure.

671 1637 45 30 Fit
727 1636 184 29 Guaranteed.
988 1636 45 28 Fit
1042 1634 186 30 Guaranteed.

723 1730 123 21 REPAIRS
872 1728 114 21 NEATLY
1018 1728 159 21 EXFX'UTED.

792 1810 25 26 A
839 1806 87 29 Trial
949 1806 153 29 Solicited.

671 1895 43 55 JT
797 1893 45 37 A.
920 1890 308 43 MILLER,

671 1969 135 25 BUILDER,
819 1968 108 21 JOINER
941 1966 61 21 AND
1021 1964 209 25 UNDERTAKER,

765 2020 72 27 Ross
859 2018 98 33 Place,
977 2017 165 28 Lawrence.

671 2117 126 30 PLANS
809 2116 82 29 AND
905 2113 324 31 SPECIFICATIONS

813 2171 26 28 A
860 2168 165 30 SPECIAL
1034 2167 51 30 IY.

670 2264 155 37 Quantities
840 2262 138 39 Prepared
1000 2262 54 28 and
1079 2260 149 30 Estimate*

696 2305 89 28 Given
798 2305 44 28 for
854 2303 35 28 all
903 2304 101 27 classes
1018 2303 29 27 of
1065 2300 135 30 Builders'

904 2343 100 30 Work.

846 2429 19 40 r.
953 2429 34 40 B
1032 2428 36 39 L
1113 2428 29 38 0
1183 2428 45 42 Y,

722 2473 21 11 -•

698 2497 199 22 WHITEHAVEN
911 2497 112 25 STREET,
1038 2496 170 20 LAWRENCE.

673 2587 130 31 BOARD
828 2586 82 30 AND
939 2585 221 30 RESiDENCK
1183 2584 48 29 AT

717 2638 259 31 REASONABLE
996 2637 189 30 CIIAuGES.

785 2728 97 30 MKAL3
901 2737 33 19 AT
952 2735 50 21 ALL
1023 2729 104 27 HOURS.

660 2793 2 23 I

661 2819 1 41 j
692 2822 59 29 The
765 2822 63 28 best
844 2820 243 30 Accommodation
1110 2820 43 28 for
1167 2819 47 29 the

815 2861 160 38 Travelling
991 2861 104 29 Public.

661 2943 4 44 |
677 2949 104 30 GOOD
795 2947 203 31 STABLING.
1038 2947 95 30 OATS
1151 2946 81 30 AND

788 2989 130 29 CHAFF
938 2987 52 28 ON
1015 2987 105 28 SALE.

750 3062 212 31 ERBERT
1011 3061 99 29 AND
1159 3060 22 30 C
1192 3060 43 35 0.,

870 3128 170 21 LAWRENCE.

834 3219 154 29 Importers
1007 3227 33 20 of
1040 3234 37 6 —

676 3274 202 40 Ironmongery

762 3321 192 39 Agricultural
978 3320 182 39 Implements

938 3367 191 38 Agricultural
1148 3366 88 30 fceeds

851 3424 217 31 GROCERIES

694 3483 98 31 TEAS
906 3483 98 30 TEAS
1118 3480 98 31 TEAS

678 3530 129 40 (Ceylon)
1111 3528 121 39 (China.)

675 3608 95 51 W.
843 3607 60 66 J.
967 3607 266 59 Martin,

677 3688 290 31 WATCHMAKER
985 3688 24 29 &
1023 3687 211 30 JEWELLER

769 3741 71 28 Ross
861 3741 98 34 Place,
979 3740 164 29 Lawrence.

678 3821 143 36 Watches,
842 3821 101 30 Clocks
963 3821 55 29 and
1039 3820 148 39 Jewellery
1207 3822 28 28 of

724 3862 36 29 all
774 3862 183 37 descriptions
971 3862 68 37 kept
1052 3862 27 27 in
1095 3862 95 28 Stock.

696 3913 71 29 Nice
781 3913 139 29 Selection
934 3913 28 29 of
981 3913 78 35 Gem,
1073 3912 145 40 Wedding

811 3957 56 25 and
882 3953 110 39 Keeper
1005 3953 97 39 Rings.

679 4035 19 21 A
712 4034 107 22 CHOICE
840 4033 183 22 ASSORTMENT
1044 4034 35 22 OF
1098 4034 138 22 ARTICLES

700 4068 142 21 SUITABLE
851 4067 56 21 FOR
919 4068 139 20 WEDDING
1068 4068 151 21 PRESENTS.

737 4132 157 41 Spectacles
908 4138 28 25 to
950 4133 62 29 Suit
1025 4133 35 30 all
1075 4133 106 40 Sights.

699 4215 105 28 Watch
837 4223 55 19 and
926 4214 88 29 Clock
1051 4214 118 29 Repairs
1201 4224 17 19 a

883 4259 157 26 Specialty.

679 4337 114 40 Repairs
806 4347 32 18 or
851 4335 101 30 Orders
970 4336 71 29 from
1055 4337 46 29 the
1116 4341 117 36 country

727 4379 38 37 by
788 4381 62 35 post
873 4377 54 28 will
950 4378 104 28 receive
1077 4384 112 32 prompt

882 4417 146 28 attention.

739 4493 101 26 OOK

1030 4494 173 25 THIS!

741 4571 103 26 BOOTS
861 4575 36 21 tor
912 4574 40 22 the
970 4571 80 29 Great,

767 4615 75 25 Boots
861 4617 36 23 for
919 4617 41 23 the
975 4617 90 28 Small;

740 4658 71 22 Boots
826 4657 37 24 for
883 4658 40 23 the
941 4659 79 28 Short,

771 4702 71 22 Boots
859 4702 37 23 for
913 4703 40 22 the
972 4703 53 24 Tail
1041 4710 6 22 ;

743 4746 71 25 Boots
828 4746 37 25 for
883 4748 40 24 the
942 4746 96 33 Yuung,

769 4785 74 23 Boots
861 4786 35 21 for
913 4787 38 21 the
971 4786 46 25 Uid
1030 4795 5 19 ;

775 4848 51 23 •nd
844 4847 100 24 BOOTS
961 4854 45 19 ai.<t
1026 4851 104 24 SHOWS

891 4905 35 22 for
942 4906 29 21 ali
996 4915 13 14 a

783 4965 41 39 K
877 4966 120 39 Bail
1011 4969 123 46 lie's,

688 5040 114 32 Opposite
818 5041 158 26 Commercial
997 5043 81 32 Hotel,
1099 5042 133 34 lft»xba'gh

853 5157 47 25 and
919 5159 90 29 inspect
1022 5159 41 26 the
1080 5159 80 26 £tock.

690 5301 112 26 FANCY
829 5301 110 26 GOODS
958 5303 71 26 AsD
1049 5301 165 26 DKAPERY.

690 5408 25 41 [jl
761 5409 22 25 J.
821 5409 137 25 WA'P-kS
985 5411 90 24 desires
1102 5416 25 18 to
1152 5409 73 27 noiify

690 5434 14 27 F
722 5459 5 5 .
759 5446 54 19 trat
828 5444 42 21 she
882 5443 70 28 keepa
964 5444 23 22 in
999 5444 64 22 *tor;k
1082 5442 86 23 Ladies
1180 5447 44 16 and

673 5474 115 26 Children
798 5482 11 18 s
827 5473 197 34 Underclothing,
1102 5476 30 23 ull
1153 5473 73 25 kinas

673 5510 24 24 ef
712 5510 116 30 Drapery.

705 5553 80 32 Fancy
798 5554 82 25 Goodt
891 5564 14 15 a
920 5555 136 31 Specialty.

710 5598 134 25 Christmas
854 5599 47 24 and
914 5599 55 24 New
983 5598 63 23 Year
1058 5598 137 30 presenti—■

798 5652 13 14 a
828 5652 14 21 g
844 5653 9 7 r
856 5650 36 18 cat
906 5645 88 26 variety
1005 5649 24 18 to
1042 5642 71 31 hand.

797 5677 135 26 Inspection
945 5676 94 23 Invited

701 5709 113 31 l*2intiug
828 5711 45 22 iti.d
885 5717 35 16 art
947 5717 5 13 «
963 5706 136 27 eedlework
1112 5705 87 28 taught

768 5747 112 20 Mummer
893 5744 60 23 Gco<
956 5739 4 28 !
965 5750 9 17 £
992 5749 51 17 now
1058 5749 29 15 pn
1105 5739 62 25 hand

661 5794 2 31 I
678 5799 267 26 Address—Orp«oi»d'B
956 5797 46 24 Bui
1015 5798 57 27 riiag
1082 5794 131 31 Roxburgh

1912 1842 478 86 WINTER

1621 2360 414 86 GOODS

1579 5159 51 56 D
1659 5159 47 57 U
1738 5159 39 56 N
1802 5160 43 56 E
1871 5160 49 56 I)
1953 5159 19 56 I
1999 5160 43 56 N

2517 1002 121 29 FIRST.
2846 1004 159 28 SECOND.
3215 1005 129 30 THIRD.
3544 1008 166 30 FOURTH.
3910 1010 124 29 FIFTH.

2418 1042 120 30 BOOK'S
2571 1043 67 29 with
2676 1043 57 29 this
2773 1043 42 29 On
2829 1044 54 30 tin's
2907 1044 92 29 Brand
3020 1044 64 39 only
3124 1044 73 36 Only
3217 1045 47 29 the
3286 1056 66 29 very
3375 1047 61 29 best
3476 1047 133 39 Fanners,
3666 1049 112 39 Miners,
3818 1046 304 35 TheStandardßrand

2418 1084 91 30 Brand
2520 1095 34 18 on
2565 1084 48 30 the
2621 1084 60 30 heel
2688 1096 46 18 are
2773 1086 47 28 the
2852 1097 66 26 very
2956 1087 63 27 best
3057 1086 29 29 of
3124 1086 29 30 of
3163 1086 141 30 Materials
3314 1098 46 19 are
3368 1088 66 29 used
3474 1090 53 27 and
3540 1091 35 27 all
3591 1091 61 28 who
3664 1096 73 23 want
3750 1097 29 23 to
3821 1093 81 28 Boots
3915 1093 53 28 and
3982 1092 86 27 Shoes
4078 1101 45 17 are

2418 1124 169 39 guaranteed
2594 1129 28 25 to
2630 1125 44 28 Fit
2680 1125 55 29 and
2776 1125 152 29 Workmen
2958 1136 45 18 are
3029 1137 56 18 em-
3123 1126 28 28 in
3187 1126 54 30 tins
3283 1128 90 28 Brand
3409 1129 28 28 of
3474 1129 70 39 keep
3564 1131 72 28 their
3649 1131 56 29 feet
3718 1131 61 38 dry,
3817 1132 100 28 known
3936 1133 71 27 from
4033 1130 90 28 Ancle-

2494 1164 84 30 Wear
2591 1165 70 29 well,
2877 1166 108 38 ployed.
3104 1164 3 45 |
3151 1166 84 30 Boots
3248 1168 55 28 aud
3319 1168 95 29 Shoes.
3509 1173 45 36 try
3567 1171 54 28 this
3640 1171 93 30 Brand
3819 1172 63 29 land
3895 1176 29 25 to
3938 1173 46 28 the
3999 1171 77 30 Bluff
4084 1171 39 28 for

3854 1214 115 33 sterling
3979 1212 113 35 qualitv-

2458 1246 73 28 ALL
2553 1247 118 29 BOOTS
2693 1247 171 28 BEARING
3193 1248 51 28 ON
3274 1250 12 24 'I
3298 1248 53 28 HE
3372 1248 101 30 HEFL
3506 1251 73 27 ARE
3606 1251 321 31 MANUFACTURED
3949 1253 37 27 IN
4010 1252 77 27 THK

2737 1288 251 29 CELEBRATED
3299 1288 132 28 BRAND
3452 1290 97 28 BOOT
3568 1290 176 31 FACTORY
3767 1291 47 29 BY

2702 1350 370 67 SARGOOD,
3119 1350 130 57 SON
3290 1351 44 53 &
3375 1350 245 68 EWEN,
3672 1360 192 56 mkmm.

2471 1420 177 23 WHOLESALE
2674 1422 87 20 ONLY.

2422 1525 179 54 MILLS,
2622 1526 133 43 DICK,
2781 1526 37 36 &
2845 1524 129 38 CO/S

2665 1585 69 28 1897

2440 1636 190 31 ALMANAC
2653 1645 53 20 and
2729 1634 229 31 DIRECTORY.

2606 1684 85 34 Price,
2707 1684 29 27 Is
2751 1682 45 28 6d.

2422 1764 90 39 Evevy
2541 1764 123 34 Farmer,
2692 1762 106 35 Miner,

2671 1809 53 28 and
2753 1809 134 28 Business
2914 1808 66 27 Man

2501 1863 103 30 Miould
2634 1863 120 28 Procure
2776 1873 16 17 a
2819 1861 86 40 Copy.

2453 1947 5 19 I
2469 1945 39 25 ':in
2539 1944 33 26 he
2599 1943 54 27 had
2679 1942 72 27 from
2778 1941 47 28 the
2851 1940 85 28 under-

2604 1982 159 28 mentioned
2764 1997 37 5 —

2465 2042 114 28 Mackay
2596 2041 94 34 Bros.,
2705 2038 155 41 Roxburgh

2460 2082 26 27 J.
2504 2081 78 28 Noon
2588 2090 44 24 an,
2648 2080 109 29 Ettrick

2460 2122 93 28 Johns
2570 2129 54 21 and
2639 2119 147 37 M'Combe,
2801 2119 104 29 Millers
2919 2117 62 30 Flat

2460 2163 27 27 J.
2507 2163 28 27 K.
2554 2161 93 35 Kemp,
2662 2162 68 28 Bald
2749 2161 54 28 Hill
2819 2160 61 29 Flat

2460 2202 31 30 L.
2513 2199 4 38 I
2537 2212 61 24 yan,
2612 2202 72 35 Jnr.,
2699 2201 160 30 Alexandra
2874 2199 88 30 South

2464 2243 20 29 B
2509 2242 123 35 Naylor,
2648 2242 88 39 Clyde

2458 2338 15 33 |
2486 2327 78 29 ANY
2587 2326 99 30 Ladies
2709 2326 137 38 complain
2860 2325 61 29 that
2935 2324 45 30 the

2531 2365 3 39 :
2545 2380 29 17 e;t
2591 2368 63 36 they
2669 2368 70 28 have
2750 2368 69 27 been
2836 2366 81 37 using
2931 2365 49 28 has

2423 2410 108 27 neither
2542 2408 127 38 strength
2682 2418 49 18 nor
2741 2407 114 28 flavour.
2878 2406 26 28 If
2916 2406 63 37 they

2423 2454 43 34 try
2484 2449 85 29 Kozie
2583 2448 55 30 Tea
2651 2449 67 37 they
2731 2447 54 29 will
2799 2448 34 28 be
2848 2446 130 30 satisfied.

2422 2491 94 28 Johns
2533 2489 24 30 &
2578 2489 148 35 IV'Combe,
2741 2490 117 37 Agents,
2876 2487 104 28 Millers

2425 2530 70 32 Flat.

2423 2610 553 63 Chas.Begg&Co.

2425 2700 139 30 CTOCK
2591 2700 35 29 all
2650 2700 47 29 the
2722 2698 112 39 leading
2865 2697 112 38 hngflisli

2410 2739 1 31 ,
2498 2742 53 28 and
2568 2742 119 28 German
2701 2740 98 29 Makes
2813 2740 30 28 of
2858 2739 99 27 Pianos
2972 2749 5 17 :

2476 2793 173 26 BRINSM3AD,
2669 2791 139 27 COLURD,
2827 2790 99 27 BA.ME9,

2618 2820 167 26 EAVESTOFF,

2410 2857 1 36 ;
2423 2861 204 25 SCHWECHTEN,
2637 2860 71 26 LTPP,
2719 2860 72 19 OORS
2801 2860 16 19 k
2829 2857 148 26 KALLMAN,

2550 2898 166 23 GEPHARDT.
2732 2897 125 22 HANSEN.

2461 2971 120 38 Chas.
2605 2970 110 47 Begg
2738 2969 84 37 and
2845 2967 100 38 Co/8

2423 3039 234 32 EXHIBITION
2687 3039 132 30 MODEL

2625 3092 58 29 £3B
2703 3099 76 26 new.

2423 3173 121 29 STORY
2569 3172 25 30 &
2622 3172 163 29 CLARK'S
2815 3170 162 36 ORGANS,

2520 3224 178 29 KIMBALL
2719 3223 162 35 ORGANS,

2422 3277 81 30 From
2513 3278 58 30 £2O
2580 3282 28 25 to
2617 3275 80 33 £50..
2715 3276 82 31 From
2808 3276 56 30 £2O
2873 3279 29 26 to
2911 3275 66 30 £SO.

2422 3358 148 29 BESSON
2597 3358 25 29 &
2653 3356 181 31 BOOSEY'S
2857 3355 120 30 BRASS

2559 3397 287 31 INSTRUMENTS.

2423 3479 98 30 Violin
2538 3480 66 29 Bow
2622 3480 155 29 Repairing
2789 3488 17 20 a
2821 3478 156 30 Specialty.

2460 3530 103 32 Violin,
2580 3531 64 28 Bow
2659 3530 55 29 and
2730 3530 101 30 Case...
2874 3527 67 39 30/-

2457 3572 187 35 Accordeons,
2658 3572 72 29 from
2802 3596 29 4 ...

2490 3653 111 30 CHAS.
2624 3653 101 30 BEGG
2748 3653 81 29 AND
2850 3652 56 30 CO.

2420 3702 80 29 Have
2521 3703 47 28 the
2592 3703 106 37 largest
2721 3702 54 28 and
2797 3706 72 23 most
2883 3700 92 30 varied

2419 3742 79 30 stock
2512 3742 30 29 of
2555 3742 91 29 Music
2657 3742 27 28 in
2695 3742 48 28 the
2753 3742 113 36 Colony.
2907 3740 68 29 New

2517 3782 162 40 Shipments
2693 3781 187 40 Fortnightly.

2604 3835 72 29 New
2697 3835 97 29 Songs.

2456 3875 82 28 Morn
2571 3876 30 28 of
2640 3876 123 28 Sorrows
2765 3874 212 30 —Snowflakes

2419 3914 174 31 Fair—Gate
2606 3915 29 29 of
2654 3914 157 30 Life—For
2830 3915 47 29 the
2902 3914 60 29 Chil-

2418 3955 92 29 dren's
2526 3955 183 30 Sake—Wilt
2722 3956 77 28 Thou
2814 3955 34 29 be
2865 3954 112 30 Mine—

2420 3996 139 30 Sunshine
2591 3997 98 29 Above
2691 3996 94 29 —She
2820 3996 101 38 Stoops
2948 4000 28 24 to

2420 4036 212 38 Conquer—No
2654 4037 44 29 for
2720 4048 34 18 an
2776 4039 117 27 Answer
2894 4037 82 28 —No

2420 4076 89 27 Man's
2524 4076 86 28 Land.

2550 4127 101 30 Violin
2671 4137 55 19 and
2746 4127 97 29 Piano.

2457 4168 128 28 Andante
2608 4173 28 23 et
2660 4168 119 29 Scherzo
2803 4167 172 39 Capriccioso

2421 4207 113 37 (David)
2614 4208 101 29 Bach's
2758 4211 41 26 Ist
2840 4209 135 27 Concerto

2422 4247 108 38 (Alard)
2535 4248 126 30 —Three
2697 4249 94 29 Pieces
2819 4248 156 39 Classiques

2421 4289 285 36 (Ragghianti)—Les
2713 4290 105 28 Echoes
2825 4287 147 38 (Leonard)

2418 4327 173 31 —Mazurka
2630 4328 34 31 de
2710 4329 118 30 Conceit
2876 4327 99 35 (Ovide

2420 4368 101 36 Musin)
2526 4370 176 28 —Romance
2738 4370 125 35 (Jansen)
2867 4372 107 24 —Sou-

2420 4408 77 28 venir
2510 4409 34 29 de
2559 4410 102 37 Haydn
2679 4410 8 36 (
2715 4409 124 36 eonard).

2462 4490 121 38 Chas.
2607 4491 111 45 Begg
2745 4490 83 37 and
2852 4489 75 41 Co.,

2436 4549 31 27 21
2510 4550 120 27 Peinces
2666 4548 114 35 Street,
2815 4547 138 34 Dunedin,

2418 4600 113 38 Having
2556 4610 16 18 a
2597 4600 77 28 Most
2699 4599 129 29 Efficient
2852 4598 71 28 Staff
2943 4596 29 30 of

2420 4639 160 36 Workmen,
2590 4650 49 18 can
2655 4640 98 37 Kepair
2762 4638 54 28 and
2839 4643 5 21 i
2855 4648 52 17 une
2919 4647 53 27 any

2540 4679 118 30 Musical
2677 4680 173 28 Instrument

2473 4732 50 30 AT
2549 4732 211 30 MODERATE
2782 4729 133 31 RATES.

2427 4806 169 51 JOHN
2670 4803 253 31 THOMPSO
2938 4803 35 37 N,

2544 4856 274 32 AUCTIONEER,

2466 4908 80 21 LAND
2561 4906 61 21 and
2635 4904 112 25 estate,
2759 4903 86 25 loan,
2861 4903 59 20 AND

2418 4944 174 32 GENERAL
2605 4941 221 29 COMMISSION
2843 4940 94 29 AGEtN
2949 4941 23 28 Y*

2510 4996 71 28 Ross
2601 4993 98 32 Place,
2720 4991 163 28 Lawrence.

2594 5075 94 35 Agent
2702 5073 42 28 for
2758 5072 46 27 the

2416 5117 129 29 Norwich
2557 5115 94 28 Union
2665 5113 150 27 Insurance
2830 5111 48 28 Co.

2417 5157 137 31 Standard
2566 5155 63 29 Fire
2637 5153 56 30 and
2703 5151 106 30 Marine
2818 5151 151 30 Insurance

2491 5199 48 29 Co.

2414 5239 159 29 Australian
2595 5233 107 31 Mutual
2724 5231 150 30 Provident
2895 5232 73 36 (Life
2980 5231 1 37 i

2487 5276 164 36 Assurance)
2670 5272 109 39 Society

2412 5320 139 30 Standard
2577 5315 120 38 Fidelity
2727 5313 52 28 and
2808 5313 156 30 Guarantee

2484 5360 119 38 Society.

2447 5441 47 29 All
2507 5440 125 29 business
2644 5435 152 30 connected
2819 5435 66 28 with
2903 5436 40 37 Ap-

2411 5482 145 41 plications
2574 5479 44 31 for
2639 5477 197 38 Assignments
2857 5487 30 18 or
2906 5475 38 29 Ex-

2412 5525 106 34 change
2532 5521 29 30 of
2577 5517 189 41 Agricultural
2779 5517 110 34 Leases,
2904 5519 40 36 Ap-

2413 5563 144 39 plications
2566 5561 87 28 under
2661 5557 133 29 Deferred
2804 5557 159 37 Payments,

2414 5603 107 37 Mining
2537 5601 100 29 Leases
2647 5609 30 19 or
2689 5597 110 34 Claims,
2808 5597 157 38 Up-lifting

2414 5644 29 29 of
2464 5642 99 29 Crown
2583 5640 110 33 Grants,
2706 5637 60 36 &c,
2779 5637 112 39 quickly
2911 5637 54 29 and

2415 5682 115 40 cheaply
2542 5678 165 32 transacted.

2417 5767 89 28 Loans
2514 5760 179 39 Negotiated.
2715 5760 103 37 Money
2827 5758 141 31 Invested.

3007 1505 474 72 Matthews
3539 1524 48 53 &
3636 1509 463 73 Qhalffiears

3206 1639 258 57 COACH
3530 1638 400 71 BUILDERS',

3242 1740 333 33 WHEELWRIGHTS.
3615 1742 71 31 BLA
3693 1742 72 31 CKS
3775 1745 18 26 vi
3800 1744 99 36 ITHS,

3097 1868 303 31 AGRICULTURAL
3439 1869 228 30 IMPLEMENT
3706 1871 348 38 MANUFACTURERS-,

3371 1944 72 28 Ross
3483 1944 98 37 Place,
3620 1946 162 30 Lawkenge.

3050 2037 74 29 ALL
3165 2035 123 31 KINDS
3328 2036 49 30 OF
3415 2036 145 30 MINING
3602 2038 231 31 MACHINERY
3870 2038 109 31 MADE
4022 2036 79 33 AND

3478 2089 203 29 REPAIRED.

3469 2182 110 28 Agents
3599 2191 85 21 for—

3013 2249 229 39 Massey-Harris
3264 2250 121 38 Reapers
3407 2250 54 28 and
3493 2249 121 37 hinders,
3636 2250 177 36 Cultivators,
3840 2252 137 36 Scufffers,
4005 2252 120 38 Ploughs

3476 2290 90 29 Horse
3579 2291 100 36 Rakes,

3320 2342 120 30 Peerless
3462 2342 51 36 Oil,
3535 2344 103 28 Binder
3657 2343 103 37 Twine,
3780 2344 49 30 &c.

3066 2423 47 29 All
3143 2423 88 30 Work
3262 2423 152 30 Entrusted
3437 2427 29 26 to
3492 2423 41 30 Us
3560 2424 53 29 will
3640 2424 116 30 Receive
3784 2424 112 41 Prompt
3925 2426 149 30 Attention.

3338 2504 133 23 CHANGES
3496 2504 135 23 STRICTLY
3659 2504 152 24 MODERATE

3269 2595 76 29 FOR
3384 2594 119 30 SALE!

3648 2596 73 28 FOR
3760 2596 115 30 SALE!

3092 2676 218 31 STAUNCH
3343 2676 91 30 AND
3472 2677 252 30 HANDSOME
3763 2678 369 31 THOROUGHBRED

3469 2832 142 30 Produced
3638 2833 35 38 by

3177 2885 162 29 Yankee
3359 2884 240 29 enterprise
3620 2885 77 29 out
3716 2885 48 28 of
3786 2883 183 33 America,

3278 2925 45 40 Up
3336 2929 29 26 to
3378 2937 53 26 any
3445 2925 112 38 weight,
3570 2927 53 28 and
3637 2926 98 29 carries
3748 2937 16 17 a
3779 2925 86 38 Lady.

3083 2976 174 29 Guaranteed
3269 2977 169 38 thoroughly
3446 2977 86 29 sound
3546 2977 53 29 and
3609 2978 84 38 quiet.
3735 2977 62 28 Will
3807 2987 62 28 pass
3880 2977 113 30 traction
4006 2977 124 37 engines*

3008 3020 94 32 trams,
3116 3017 96 35 trains,
3227 3021 171 31 motor-cars,
3412 3017 97 28 forked
3525 3017 150 39 lightning,
3690 3028 31 18 or
3739 3017 136 38 anything
3897 3017 64 36 else,
3982 3017 113 37 barring
4113 3028 17 17 a

3008 3057 63 39 lady
3086 3057 130 30 mounted
3231 3068 35 19 on
3279 3057 117 30 another
3419 3057 162 29 Newhaven
3602 3059 125 28 Bicycle.

3083 3137 182 31 FaR\SERS
3280 3138 144 40 requiring
3438 3137 83 30 Grain
3533 3138 96 37 Drills,
3648 3138 96 39 Turnip
3757 3137 54 31 and
3822 3139 115 29 Manure
3946 3137 94 37 Drills,
4052 3137 61 30 Com-

3011 3179 81 30 bined
3107 3179 94 36 Drills,
3214 3179 66 29 Disc
3294 3181 141 34 Harrows,
3449 3179 133 38 Ploughs,
3598 3179 70 30 Seed
3684 3179 138 37 Cleaners,
3831 3190 32 19 or
3874 3190 52 25 any
3941 3179 79 29 other
4035 3176 83 41 Imple-

3008 3224 90 25 ments
3111 3231 32 18 or
3157 3220 140 29 Machines
3311 3220 97 29 should
3420 3219 66 29 send
3500 3219 45 30 for
3557 3231 51 18 our
3620 3219 152 36 catalogue.

3033 3259 57 23 THE
3104 3259 146 23 COLONIAL
3262 3259 150 23 COMBINED
3431 3259 101 23 DRILLS
3546 3260 61 22 AND
3622 3260 63 22 DISC
3697 3259 146 23 HARROWS
3856 3260 57 22 ARE
3926 3260 57 22 THE
4000 3259 63 23 BEST
4076 3255 33 27 IN

3458 3288 58 21 THE
3538 3289 125 21 MARKET.

3098 3358 289 51 lf@raf@w
3389 3389 15 28 f
3475 3359 260 48 Bassett
3806 3356 51 53 &
3919 3360 104 59 Co,

3259 3433 183 31 DUNrDrN
3479 3443 56 20 and
3574 3433 312 36 CHRISTCHURCH,

3323 3486 64 30 Sole
3401 3487 108 35 Agents
3523 3486 28 29 in
3565 3486 68 29 New
3647 3487 118 28 Zealand
3779 3487 45 28 for

3137 3526 79 30 THE
3234 3525 221 31 M'CORMICK
3476 3525 252 31 HARVESTING
3748 3525 181 31 MACHINE
3950 3525 56 31 CO.

3055 3624 389 58 COSSENS
3514 3624 170 58 AND
3754 3623 203 59 BLA<
4015 3621 73 68 R,

3131 3713 234 38 ENGINEERS,
3386 3713 286 35 BLACKSMITHS,
3989 3711 24 29 A

3416 3753 312 37 IRONFOUNDERS,

3283 3806 362 27 CRAWFORD-STREET,
3683 3804 172 24 DUNEDIN.

3322 3873 382 31 —MANUFACTURERS
3737 3873 85 29 OF

3007 3917 142 39 Pumping
3162 3915 53 30 and
3238 3915 139 39 Winding
3396 3915 170 39 Machinery,
3593 3913 228 30 HYDRAULIC
3843 3913 144 29 MINING
4008 3907 132 34 PLANT*

3077 3957 157 39 (including
3249 3956 154 39 Hydraulic
3417 3957 120 36 Giants),
3553 3955 90 29 Sluice
3658 3955 109 35 Valves,
3781 3954 128 29 Elevator
3927 3953 137 39 Castings,

3313 3997 65 29 Iron
3393 3997 55 29 and
3464 3995 75 31 Steel
3554 3995 141 40 Fluming,
3708 3995 59 37 &c,
3782 3995 49 30 Ac.

3117 4050 158 28 DREDGE
3301 4048 218 34 TUMhLP]RS,
3540 4047 186 35 BUCKETS,
3746 4047 127 33 LINKS,
3894 4045 59 35 Ac,
3973 4046 47 28 Ac.

3012 4089 205 35 VVaterwheels,
3228 4088 145 34 Turbines,
3388 4087 83 28 Brick
3486 4087 55 28 and
3555 4087 86 29 Drain
3656 4086 68 39 Pipe
3739 4085 116 39 Making
3866 4085 54 28 and
3930 4084 89 29 Wood
4032 4084 79 29 Work-

3090 4131 48 38 ing
3154 4129 171 38 Machinery.
3366 4127 91 30 Horse
3471 4129 119 35 Powers,
3605 4127 193 35 Chaffcutters,
3813 4127 102 38 Turnip
3934 4125 123 39 Pulpers,

3257 4170 54 28 and
3325 4169 36 29 all
3375 4169 82 28 kinds
3470 4169 29 28 of
3512 4168 160 37 Machinery
3687 4168 53 28 and
3755 4168 128 37 Gearing.

3123 4251 19 22 A
3168 4250 79 21 VERY
3276 4250 95 21 LARGE
3397 4249 88 21 STOCK
3511 4249 37 21 OF
3574 4248 144 22 PATTERNS
3742 4248 36 21 TO
3803 4247 101 22 SELECT
3931 4245 84 23 FROM.

3005 4317 215 32 ESTIMATES
3242 4317 130 30 GIVEN.

3544 4313 353 33 CORRESPONDENCE
3918 4313 218 30 SOLICITED.

3023 4398 115 39 Repairs
3151 4398 54 28 and
3221 4409 81 28 every
3317 4397 165 39 description
3499 4398 30 28 of
3541 4397 189 38 Engineering
3742 4395 52 27 and
3814 4393 193 29 Blacksmith's
4021 4393 87 29 Work

3410 4437 143 38 Promptly
3575 4436 146 29 Executed.

3026 4520 70 50 ii%|
3202 4527 104 36 GROWN
3336 4529 37 35 ON
3405 4529 61 35 THE
3497 4529 87 34 HILLS
3613 4527 35 35 OF
3677 4528 102 36 SUNNY
3807 4527 124 37 CEYLON.
4036 4524 72 39 ikx..

3502 4617 40 46 N

3928 4635 39 15 iSfJrt

3431 4713 28 26 %

3523 4754 88 19 irfgssa&iK

3513 4790 109 31 KOZtE

3402 4910 109 40 PURE

3450 4910 61 38 IRE
3534 4912 192 38 BLENDED
3755 4937 32 32 >

3450 4973 159 38 GROWN
3623 4973 163 39 CEYLON

3046 5068 47 52 K1
3113 5072 62 35 THE
3191 5071 86 35 MOST
3290 5072 159 34 DELICIOUS
3463 5072 22 35 &
3501 5072 196 36 ECONOMICAL
3710 5073 60 34 TEA
3787 5073 27 34 IN
3829 5074 64 35 THE
3907 5075 111 35 WORLD.
4033 5068 3 52 I
4052 5079 31 41 K

3933 5170 186 34 DUJSEDIa.

3431 5236 89 29 Local
3542 5237 146 28 Agents—

3032 5296 33 28 D.
3083 5290 194 37 CORMACK,
3298 5290 173 37 Roxburgh;
3491 5289 125 31 JOHNS
3637 5291 26 29 A
3681 5289 182 38 M'COMBE,
3885 5293 111 31 Millers.
4010 5294 73 29 Flat.

3027 5361 110 28 >()B
3165 5359 69 25 KR
3262 5358 18 23 T
3346 5354 33 27 &T
3410 5355 125 26 KAY

3036 5430 123 22 Gbnhbal
3185 5426 104 22 Drapkb
3306 5431 50 16 ahd
3368 5423 129 23 Clothieb

3112 5477 60 25 Ross
3194 5476 69 24 Place
3286 5474 131 25 Lawrence.

3055 5592 57 22 New
3131 5588 47 25 and
3194 5586 159 25 Fashionable
3377 5585 104 29 Drapery

3025 5631 77 30 Large
3114 5630 63 23 stock
3194 5625 77 30 M*n'«
3284 5626 46 24 and
3346 5626 59 23 liovs
3415 5624 111 30 Clothi'ig

3057 5670 84 24 Ladies
3156 5668 47 25 atd
3215 5666 124 25 Lhildrenw
3351 5665 129 33 requisites.

3027 5728 73 25 Visits
3130 5724 130 31 Roxburgh
3304 5723 47 25 and
3386 5720 155 33 surroundiag

2998 5764 101 23 dwtricts
3113 5760 104 27 monthly

3573 5374 45 30 IT
3626 5374 86 30 OZIE
3726 5374 83 30 TEA.
3849 5376 25 28 A
3887 5375 174 41 Rtimulating
4070 5377 56 32 and

3661 5415 154 37 sustaining
3827 5424 52 28 cnp
3892 5416 29 28 in
3933 5426 122 21 summer
4071 5418 59 29 and

3571 5455 103 31 winter.
3713 5454 36 30 D.
3764 5451 142 40 Cohmack,
3921 5457 105 39 Agent,
4048 5454 57 35 Rox-

3571 5498 99 29 burcrb.
