4120 5920
84 5126 245 34 CALENDAR
346 5129 90 33 FOR
452 5131 92 33 THE
568 5133 143 32 WEEK.

314 5211 169 21 SEPTEMBER.

755 308 258 30 Lyell
1064 308 309 30 Times.

779 395 207 32 SATURDAY,
1000 397 227 26 SEPTEMBER
1241 397 24 30 4,
1281 398 76 26 1886.

784 473 120 27 Services
919 473 55 27 will
988 473 31 26 be
1034 472 62 28 held
1111 477 156 24 to-morrow
1291 483 72 18 morn-

748 510 48 35 ing
817 510 54 28 and
894 511 123 33 evening,
1031 514 28 24 at
1079 510 46 28 the
1148 511 78 27 usual
1246 511 92 34 hours,
1353 511 28 28 in

750 549 39 29 St.
803 548 152 30 Matthews'
970 548 118 29 Church.

784 597 33 28 In
834 597 114 28 another
961 598 109 28 column
1085 607 35 18 an
1134 598 212 29 entertainment
1358 599 23 28 is

750 635 159 27 announced
932 635 40 28 for
992 636 48 26 9th
1059 635 116 27 October
1193 641 73 27 next,
1280 637 101 32 having

750 671 41 28 for
804 673 35 26 its
851 672 86 36 object
950 672 46 27 the
1009 681 116 27 purpose
1140 673 30 26 of
1186 673 103 35 raising
1302 673 79 29 funds

749 711 41 29 for
814 711 46 28 the
885 711 160 37 liquidation
1071 711 29 29 of
1122 710 46 31 the
1193 711 63 30 debt
1277 722 34 20 on
1341 713 38 30 St.

751 750 153 28 Matthews'
918 751 119 32 Church,
1051 751 86 35 Lyell.

783 796 119 29 Tenders
926 797 71 28 close
1019 796 54 29 this
1094 797 124 35 evening,
1237 801 28 25 at
1289 798 43 28 Mr
1353 798 26 30 J.

749 834 94 36 Inglis'
859 835 87 33 office,
956 836 41 27 for
1010 835 46 28 the
1069 836 131 34 purchase
1211 837 31 28 of
1253 837 126 29 Larson's

749 872 77 37 Lyell
837 872 93 37 Ferry.

781 920 24 28 A
819 920 211 37 representative
1044 921 29 29 of
1084 921 46 29 the
1144 922 129 29 National
1290 924 89 33 Bank,

748 957 125 33 Reefton,
887 959 54 26 will
963 959 32 27 be
1016 960 29 25 in
1068 960 161 28 attendance
1249 966 28 22 at
1301 962 78 35 Lyell

747 997 64 26 next
825 995 145 38 Saturday.

781 1042 59 28 The
864 1044 79 26 usual
972 1044 127 36 monthly
1122 1046 133 34 meetings
1280 1047 27 27 in
1334 1047 46 28 the

748 1080 97 38 Alpine
870 1081 53 29 and
949 1081 108 30 Croesus
1084 1084 163 37 Companies
1268 1085 56 29 will
1348 1085 32 30 be

748 1119 63 28 held
824 1129 36 19 on
873 1120 129 37 Tuesday
1015 1126 72 28 next,
1099 1122 47 28 7th
1160 1123 113 34 instant,
1284 1134 29 18 as
1323 1125 57 28 also

748 1157 46 28 the
806 1158 204 37 extraordinary
1023 1160 120 37 meeting
1156 1160 28 28 in
1197 1160 45 30 the
1256 1162 88 29 latter.

782 1205 58 28 The
866 1206 108 36 sittings
1000 1207 31 28 of
1051 1207 46 29 the
1125 1209 130 28 Resident
1282 1209 80 35 Magis-

748 1244 92 26 trate's
852 1243 56 27 and
920 1244 143 28 Warden's
1076 1246 97 27 Courts
1186 1249 28 24 to
1231 1246 32 28 be
1276 1247 62 28 held
1353 1252 28 24 at

749 1279 167 36 Murchison,
929 1291 35 19 on
985 1282 126 38 Tuesday
1126 1282 65 30 29th
1212 1284 167 37 September,

748 1318 69 28 have
842 1320 57 27 also
924 1320 67 27 been
1016 1321 154 35 adjourned
1194 1323 41 27 till
1266 1324 115 28 October

747 1355 75 29 26th.

782 1404 24 27 A
819 1413 91 19 severe
924 1406 85 27 shock
1021 1406 30 27 of
1069 1406 167 36 earthquake
1258 1416 55 20 was
1331 1409 48 27 felt

747 1440 29 28 in
797 1440 79 37 Lyell
897 1442 145 37 yesterday
1066 1447 28 25 at
1119 1444 32 27 12
1176 1444 102 28 o'clock
1296 1453 83 25 noon,

748 1478 46 29 the
808 1487 95 21 course
916 1479 80 37 being
1008 1481 161 37 apparently
1193 1482 83 29 about
1297 1484 82 28 north

748 1517 54 30 and
815 1518 89 30 south.
941 1519 50 30 We
1014 1529 45 20 are
1078 1520 120 30 satisfied
1211 1531 71 24 now,
1294 1532 30 19 as
1338 1533 39 19 we

748 1557 87 27 stated
854 1558 29 26 in
906 1558 53 28 last
975 1559 72 28 issue
1068 1559 61 28 that
1148 1560 57 27 this
1222 1570 56 18 was
1291 1562 36 26 all
1339 1571 40 19 we

747 1594 124 37 required
883 1597 30 27 to
925 1595 135 38 complete
1073 1606 51 19 our
1144 1597 104 36 misery
1266 1599 28 28 in
1317 1608 46 19 con-

747 1634 109 27 nection
868 1634 66 28 with
945 1634 46 28 the
1001 1635 149 30 inclement
1159 1636 119 29 weather
1290 1637 89 29 which

747 1670 51 30 has
810 1670 127 31 obtained
950 1672 41 29 for
1004 1672 45 31 the
1061 1673 54 30 last
1128 1677 53 26 two
1195 1675 123 30 months.

781 1719 50 28 We
852 1719 70 29 have
944 1720 80 28 made
1050 1726 205 31 arrangements
1276 1723 42 28 for
1339 1733 26 19 re-

747 1755 78 34 gular
838 1756 161 36 fortnightly
1012 1758 106 36 mining
1134 1762 104 32 reports
1251 1763 69 25 trom
1333 1761 46 27 the

748 1794 83 29 Owen
852 1794 91 34 Reefs,
968 1794 56 30 and
1044 1795 79 30 other
1150 1801 114 25 matters
1285 1798 31 29 of
1338 1798 27 29 in-

747 1836 83 24 terest
854 1832 128 35 affecting
1007 1834 61 27 that
1092 1834 113 29 distiict.
1241 1836 59 29 The
1319 1837 60 28 first

747 1872 92 35 report
852 1879 115 28 appears
978 1870 30 29 in
1021 1870 56 30 this
1089 1871 81 30 issue.

783 1916 44 28 Mr
839 1917 29 28 J.
880 1917 45 28 W.
939 1917 35 28 D.
997 1917 85 37 Foley
1102 1928 157 20 announces
1280 1920 30 28 in
1331 1931 31 19 an-

746 1954 79 29 other
845 1954 111 30 column
981 1954 42 31 his
1046 1957 136 28 intention
1204 1957 30 30 of
1251 1959 94 36 giving
1362 1969 17 19 a

746 1993 118 29 farewell
878 1994 186 36 performance
1077 1995 29 28 in
1117 1995 78 36 Lyell
1208 2001 64 24 next
1285 1997 76 30 Satur-

746 2030 63 36 day.
854 2031 58 27 The
932 2040 174 27 programme
1125 2034 23 26 is
1169 2034 116 34 entirely
1307 2045 71 24 new,

746 2067 56 30 and
826 2077 51 21 one
901 2065 91 33 which
1018 2069 50 29 has
1090 2070 82 38 given
1193 2072 184 31 considerable

747 2108 169 28 satisfaction
928 2108 29 27 in
970 2109 138 35 Westport
1125 2110 91 35 lately,
1229 2112 91 28 where
1335 2114 44 26 Mr

746 2144 86 36 Foley
857 2144 50 29 has
928 2145 58 37 just
1010 2147 150 29 concluded
1186 2157 16 19 a
1231 2149 147 29 successful

746 2192 104 21 season.

781 2230 58 30 The
866 2231 80 29 usual
976 2232 108 37 sittings
1113 2233 31 29 of
1171 2233 46 30 the
1247 2234 131 31 Resident

747 2269 183 36 Magistrate's
954 2270 55 29 and
1040 2271 144 29 Warden's
1209 2272 96 31 Courts
1331 2284 30 27 ap-

746 2308 111 35 pointed
880 2313 26 23 to
919 2309 34 27 be
965 2309 65 28 held
1049 2312 28 25 at
1091 2310 79 35 Lyell
1191 2320 35 18 on
1247 2312 111 28 Wednes-

746 2345 54 38 day
812 2345 52 30 last
888 2355 70 21 were
979 2347 150 38 adjourned
1143 2349 42 28 till
1204 2349 174 39 Wednesday

745 2384 48 30 the
807 2385 64 28 15th
890 2386 112 33 instant,
1016 2388 91 34 owing
1118 2391 29 25 to
1168 2389 46 28 the
1233 2399 91 19 severe
1338 2390 26 28 in-

746 2422 158 37 disposition
918 2424 31 29 of
969 2425 44 28 Mr
1024 2425 77 34 Bird,
1113 2425 35 28 R.
1162 2426 39 29 M.
1224 2428 55 27 and
1301 2429 57 28 War-

745 2460 64 29 den.

779 2508 58 30 The
858 2509 78 29 usual
957 2510 106 37 weekly
1085 2512 100 36 partial
1205 2512 126 38 cleaning
1349 2517 28 26 at

744 2546 47 29 the
815 2547 99 36 Alpine
938 2547 109 37 battery
1070 2558 55 19 was
1151 2554 49 24 not
1226 2553 148 34 proceeded

744 2583 68 30 with
835 2585 154 37 yesterday,
1010 2586 91 37 owing
1124 2590 28 26 to
1177 2587 46 30 the
1248 2590 127 37 monthly

745 2623 126 37 cleaning
887 2632 38 28 up
944 2623 96 37 taking
1059 2626 75 36 place
1155 2631 66 25 next
1247 2627 111 30 Wednes-

744 2660 63 37 day.
852 2661 141 37 Although
1011 2663 46 28 the
1082 2668 123 25 contract
1231 2666 89 27 works
1348 2667 29 28 in

744 2700 160 28 connection
917 2700 66 29 with
997 2700 47 31 the
1056 2701 144 30 head-race
1217 2703 42 30 for
1271 2703 107 39 battery

744 2747 46 19 are
803 2747 62 19 now
877 2742 48 24 out
937 2739 30 27 of
977 2739 83 33 hand,
1074 2740 76 29 there
1167 2742 24 27 is
1214 2745 47 32 yet
1274 2752 16 19 a
1302 2744 74 34 piece

743 2775 156 36 offluming
908 2776 30 28 of
947 2776 83 29 about
1039 2777 60 29 four
1108 2777 96 29 chains
1221 2783 28 25 to
1262 2785 115 24 connect

744 2813 68 30 with
833 2813 47 30 the
901 2813 107 39 battery
1028 2815 72 30 from
1122 2817 46 29 the
1192 2818 106 35 tunnel,
1323 2820 53 28 and

744 2852 80 29 when
849 2853 163 37 everything
1033 2853 23 29 is
1076 2855 84 36 ready
1181 2857 42 27 for
1248 2857 47 28 the
1313 2868 47 18 con-

744 2889 110 28 nection
866 2898 17 19 a
896 2890 80 38 delay
988 2891 30 29 of
1035 2892 65 36 only
1113 2896 54 25 two
1179 2903 31 18 or
1223 2893 75 30 three
1310 2895 68 37 days

745 2927 57 29 will
813 2928 93 29 suffice
917 2931 29 26 to
958 2930 134 37 complete
1104 2931 47 29 the
1165 2933 82 28 work.
1284 2935 36 28 At
1331 2935 45 28 the

746 2967 75 27 mine
835 2966 98 37 during
944 2968 47 28 the
1004 2968 75 29 week
1092 2970 47 27 the
1153 2971 79 28 usual
1245 2975 97 33 output
1351 2974 28 27 of

747 3006 77 25 stone
837 3003 50 29 has
899 3003 69 29 been
980 3006 178 29 maintained.
1193 3008 37 28 At
1242 3008 46 30 the
1296 3010 80 28 south

746 3041 54 29 end
824 3041 30 29 of
878 3041 45 30 the
946 3043 137 38 workings
1107 3044 47 30 the
1175 3047 81 29 small
1275 3048 57 28 reef
1354 3049 23 28 is

747 3079 124 37 showing
882 3080 163 30 indications
1063 3083 30 28 of
1111 3083 93 37 giving
1216 3088 57 30 out,
1285 3086 91 28 which

746 3117 24 29 is
781 3119 50 28 not
842 3118 158 31 considered
1009 3120 31 29 of
1051 3120 83 31 much
1148 3130 184 31 consequence
1342 3124 36 38 by

747 3156 46 28 the
805 3156 74 28 mine
892 3165 139 27 manager,
1047 3168 30 19 as
1099 3159 21 28 it
1134 3161 50 28 has
1196 3162 101 36 always
1310 3163 68 28 been

747 3192 80 29 small
839 3192 55 30 and
906 3193 47 30 the
965 3199 117 34 country
1096 3206 64 28 very
1172 3198 78 30 hard.
1288 3200 86 29 There

747 3231 23 27 is
783 3240 34 18 no
828 3231 61 34 sign
901 3232 27 28 of
940 3242 55 27 any
1007 3240 78 23 stone
1106 3240 47 31 yet
1173 3237 29 27 in
1222 3238 47 28 the
1296 3240 82 27 small

747 3272 120 26 crosscut
887 3269 90 30 which
997 3271 24 29 is
1040 3271 81 40 being
1139 3273 93 31 driven
1246 3280 71 25 trom
1329 3277 47 29 the

747 3311 47 33 top
815 3312 77 33 stope
903 3317 7 26 ;
929 3309 46 29 the
996 3316 116 33 country
1132 3314 24 28 is
1178 3323 73 27 easy,
1264 3315 50 29 but
1325 3321 49 24 not

747 3350 46 31 yet
817 3345 55 29 like
897 3347 47 28 the
968 3347 83 30 lower
1075 3356 119 25 crosscut
1217 3353 89 30 where
1330 3355 47 29 the

748 3386 76 27 stone
838 3392 56 21 was
906 3388 47 34 got
965 3385 137 38 formerly.

781 3431 59 29 The
852 3431 125 38 cleaning
995 3443 36 28 up
1044 3436 55 28 and
1120 3439 132 37 retorting
1273 3440 29 29 in
1315 3450 46 20 con-

748 3469 109 31 nection
883 3471 67 29 with
981 3472 47 30 the
1057 3474 56 37 Tyr
1143 3476 114 31 Connell
1284 3480 77 28 crush-

747 3507 47 37 ing
823 3509 64 28 took
913 3510 77 35 place
1019 3511 53 29 last
1106 3513 138 39 Saturday
1274 3521 28 25 at
1331 3518 47 28 the

748 3546 108 29 Croesus
874 3546 116 39 battery.
1026 3549 59 31 The
1104 3554 127 36 quantity
1249 3555 30 30 of
1300 3559 77 27 stone

748 3585 102 27 treated
878 3594 56 19 was
957 3587 48 35 38|
1035 3590 62 27 tons
1121 3591 121 38 yielding
1271 3596 105 27 3130z5.

747 3623 118 29 retorted
874 3624 63 36 gold
955 3628 146 36 averaging
1113 3638 16 19 a
1142 3629 69 30 little
1224 3641 65 19 over
1301 3633 75 33 eight

747 3669 102 19 ounces
869 3670 48 27 per
929 3666 56 28 ton,
1000 3667 28 25 at
1047 3673 16 19 a
1077 3666 78 27 value
1165 3669 30 26 of
1214 3669 38 28 3
1266 3671 46 26 19s
1332 3671 44 28 4d.

746 3706 49 27 per
807 3706 95 21 ounce.
950 3700 58 29 The
1029 3701 128 31 directors
1169 3709 57 26 met
1245 3715 35 20 on
1294 3707 65 30 Tues-

746 3735 55 35 day
826 3736 53 28 last
908 3738 55 27 and
993 3739 124 29 declared
1146 3751 16 18 a
1192 3743 129 30 dividend
1351 3747 28 27 of

746 3772 211 38 eighteenpence
983 3784 48 28 per
1049 3777 95 34 24,000
1144 3777 32 34 th
1197 3780 89 35 share,
1298 3784 80 35 equal

746 3813 28 25 to
788 3811 81 29 BOO.
915 3813 87 29 There
1014 3814 50 29 has
1085 3819 128 27 occurred
1226 3829 16 18 a
1251 3820 65 36 long
1337 3822 26 27 in-

746 3848 87 28 terval
845 3849 120 29 between
988 3852 47 28 the
1047 3857 110 33 present
1170 3857 128 38 crushing
1320 3860 57 28 and

746 3886 46 30 the
804 3887 53 30 last
869 3888 90 30 which
978 3890 64 30 took
1054 3892 76 36 place
1143 3894 29 28 in
1191 3895 124 35 October,
1329 3897 49 30 but

745 3925 22 28 it
791 3929 76 25 must
896 3927 32 28 be
954 3930 187 29 remembered
1168 3933 60 28 that
1258 3943 16 18 a
1303 3936 74 35 large

745 3967 115 25 amount
883 3965 28 28 of
936 3965 69 29 dead
1028 3967 76 29 work
1129 3968 50 30 has
1204 3970 67 30 been
1296 3973 80 35 done,

745 4003 161 37 amounting
918 4003 29 30 in
960 4013 16 20 a
995 4010 144 33 monetary
1159 4010 79 29 value
1259 4013 28 27 to
1308 4012 69 36 fully

746 4041 82 32 6OO,
841 4041 55 28 and
915 4042 47 28 the
980 4043 75 29 mine
1073 4045 23 28 is
1114 4054 62 20 now
1189 4048 29 27 in
1237 4048 137 37 thorough

744 4077 123 38 working
888 4080 87 28 order.
1019 4081 161 37 Operations
1198 4095 46 20 are
1262 4095 63 21 now
1347 4088 29 29 in

744 4116 50 29 full
812 4118 86 36 swing
916 4118 41 29 for
974 4120 95 38 taking
1085 4127 47 24 out
1150 4128 67 25 next
1234 4126 139 37 crushing,

744 4154 54 28 and
810 4154 22 28 it
844 4156 24 27 is
880 4156 129 29 intended
1022 4161 27 25 to
1063 4160 74 28 drive
1151 4161 47 28 the
1212 4163 51 28 No.
1277 4165 15 27 5
1306 4165 68 28 level

745 4193 34 29 20
791 4193 52 29 feet
856 4193 105 31 further
973 4194 90 33 before
1077 4198 110 38 sinking
1197 4211 36 19 on
1245 4202 45 29 the
1302 4212 74 29 spur.

745 4232 58 28 The
817 4241 130 28 manager
957 4236 160 36 anticipates
1126 4238 81 37 being
1216 4241 83 37 ready
1307 4243 67 27 with

745 4269 47 28 the
802 4274 65 25 next
877 4272 129 37 crushing
1016 4273 82 29 about
1108 4276 160 30 Christmas.
1305 4280 52 28 Dur-

745 4306 48 38 ing
805 4308 47 29 the
864 4309 76 29 week
953 4313 54 26 two
1020 4320 64 21 men
1097 4312 70 30 have
1178 4314 67 30 been
1254 4318 122 36 engaged

746 4349 28 26 at
797 4346 45 31 the
863 4346 107 40 battery
991 4351 108 37 putting
1124 4353 110 38 tailings
1258 4355 117 38 through

746 4384 45 28 the
814 4385 117 29 berdana
954 4387 70 28 from
1051 4389 46 27 the
1120 4396 94 24 recent
1234 4394 139 35 crushing,

746 4421 54 28 and
812 4421 25 29 if
844 4422 48 29 the
903 4423 94 36 result,
1009 4424 90 30 which
1111 4428 56 27 will
1180 4428 32 29 be
1226 4429 100 30 known
1336 4435 26 26 to-

746 4459 87 38 night,
854 4461 96 29 should
972 4471 84 29 prove
1075 4474 36 20 an
1133 4465 177 33 inducement
1334 4471 42 28 for

745 4497 72 30 their
829 4499 105 29 further
945 4504 157 33 treatment,
1114 4504 46 30 the
1174 4505 143 40 Company
1335 4509 26 28 in-

745 4536 65 27 tend
824 4541 27 24 to
864 4541 49 33 put
931 4539 118 36 through
1070 4541 83 29 about
1174 4544 34 28 30
1229 4549 63 25 tons
1313 4556 61 19 now

746 4574 120 26 stacked.

779 4619 35 28 At
835 4619 47 30 the
906 4622 204 39 extraordinary
1134 4627 120 36 meeting
1278 4628 30 29 of
1325 4630 46 31 the

745 4658 188 29 shareholders
953 4660 28 28 in
995 4661 45 29 the
1055 4663 102 29 United
1178 4665 74 36 Italy
1272 4668 100 34 Quartz

746 4695 108 36 Mining
878 4697 151 37 Company,
1043 4699 64 28 held
1127 4711 35 18 on
1184 4703 46 27 the
1244 4706 59 26 31st
1326 4707 48 27 nit.

745 4732 21 28 it
778 4741 55 19 was
846 4734 123 28 resolved
981 4740 28 24 to
1021 4737 109 29 re-allot
1146 4738 47 29 the
1202 4741 66 28 7761
1284 4742 92 30 shares

745 4779 61 21 now
825 4771 28 30 in
877 4771 47 31 the
944 4772 88 32 hands
1050 4775 29 30 of
1095 4776 46 30 the
1160 4778 144 40 Company
1317 4792 54 27 pro

744 4812 75 30 rata,
839 4811 54 26 and
917 4813 127 27 circulars
1066 4819 27 22 to
1119 4816 60 28 that
1203 4819 78 26 effect
1305 4821 70 27 have

745 4846 67 29 been
835 4847 91 30 issued
950 4849 71 29 from
1044 4851 47 29 the
1113 4857 154 34 manager's
1288 4858 86 29 office.

743 4885 77 29 After
840 4885 47 30 the
900 4888 192 31 rectifications
1104 4892 29 28 of
1152 4892 46 29 the
1213 4894 124 37 Register
1348 4898 23 28 it

743 4924 23 27 is
778 4924 47 28 the
837 4926 135 28 intention
986 4927 30 28 of
1033 4928 47 29 the
1093 4929 129 30 directors
1244 4937 27 24 to
1289 4935 85 29 invite

743 4962 107 28 tenders
871 4964 41 26 for
924 4973 73 19 cross
1010 4967 106 36 cutting
1138 4969 50 28 100
1207 4970 54 29 feet
1279 4975 28 25 to
1329 4973 45 29 the

742 5000 132 29 eastward
887 5006 47 25 out
947 5003 30 28 of
986 5003 117 32 Potter's
1115 5006 77 30 level.

776 5049 57 28 The
846 5055 166 25 contractors
1024 5052 26 28 in
1065 5054 47 28 the
1124 5055 136 34 Larnach,
1272 5058 101 29 Messrs

743 5086 118 30 Melville
875 5089 53 28 and
945 5090 139 36 Fellowes,
1099 5093 69 29 have
1191 5095 93 29 driven
1308 5098 64 28 30ft.

741 5136 68 19 sicce
1041 5131 75 28 work
1129 5142 36 18 on
1182 5134 46 28 the
1252 5136 75 28 track
1347 5137 29 28 of

740 5164 46 29 the
799 5166 62 27 reef.
898 5167 36 28 At
946 5167 46 28 the
1005 5171 67 26 start
1085 5171 30 26 of
1133 5171 107 37 driving
1253 5183 15 18 a
1281 5174 91 29 leader

740 5212 56 20 was
809 5207 45 25 cut
873 5205 28 28 in
920 5206 46 28 the
986 5206 58 29 face
1057 5209 55 28 and
1133 5211 106 35 passed,
1253 5213 79 28 while
1346 5219 28 23 at

740 5241 46 29 the
799 5249 107 29 present
920 5244 65 28 time
999 5246 115 28 another
1126 5248 91 29 leader
1230 5251 49 28 has
1292 5261 76 19 come

740 5279 29 28 in
781 5280 70 29 from
861 5282 47 29 the
922 5282 122 38 hanging
1054 5286 72 33 wall,
1137 5288 148 36 averaging
1296 5290 75 29 three

740 5318 92 30 inches
861 5320 30 29 in
910 5321 146 34 thickness,
1076 5325 52 28 and
1160 5326 64 37 they
1243 5338 44 18 are
1306 5338 61 19 now

739 5357 96 36 taking
856 5359 22 28 it
903 5360 81 34 along
1002 5362 66 28 with
1087 5363 75 29 them
1185 5366 29 27 in
1233 5366 45 29 the
1297 5367 74 30 drive

740 5395 123 37 showing
875 5408 16 17 a
904 5399 134 36 tendency
1052 5404 27 25 to
1094 5403 87 28 make.

774 5442 49 29 We
837 5444 69 29 have
919 5445 67 29 heen
999 5447 128 30 favoured
1138 5451 65 28 with
1214 5451 46 30 the
1271 5453 84 29 follow-

739 5481 47 35 ing
805 5482 69 28 from
895 5494 16 18 a
933 5485 72 28 Fern
1029 5487 62 28 Flat
1110 5493 210 33 correspondent
1330 5501 42 18 :

739 5519 24 26 A
788 5519 62 28 boat
874 5530 60 19 race
959 5523 63 28 took
1047 5525 75 36 place
1147 5536 34 18 on
1202 5529 47 27 the
1274 5530 95 28 Buller

739 5557 71 28 river
819 5557 119 30 between
952 5561 26 27 J.
990 5561 67 31 Reid
1071 5564 54 28 and
1138 5565 26 28 J.
1174 5566 150 33 Adamson,
1335 5579 36 17 on

743 5595 134 37 Saturday
900 5597 60 33 last,
981 5601 105 33 August
1107 5603 74 32 28th,
1207 5605 46 27 the
1277 5616 93 18 course

741 5632 80 36 being
834 5635 70 28 from
918 5637 115 29 Smith's
1055 5640 93 35 Hotel,
1163 5642 71 28 Fern
1257 5644 70 32 Flat,
1341 5649 28 23 to

740 5672 177 35 O'Rourke's,
940 5675 156 39 Hampden,
1114 5681 54 27 and
1190 5681 77 34 back,
1281 5693 15 18 a
1317 5683 39 28 dis-

741 5715 77 25 tance
840 5714 30 26 of
888 5714 81 29 about
990 5718 31 25 13
1044 5718 85 28 miles.
1174 5721 58 27 The
1251 5722 120 28 weather

741 5759 54 17 was
819 5751 36 26 all
880 5752 60 28 that
960 5754 79 27 could
1060 5755 31 28 be
1109 5757 114 33 desired,
1248 5760 54 27 and
1324 5761 45 26 the

739 5795 76 29 great
828 5793 112 28 mteve.it
953 5791 60 31 that
1025 5803 52 19 was
1089 5795 80 30 taken
1179 5796 27 29 in
1219 5797 44 28 the
1277 5799 91 26 match

1411 214 55 18 was
1480 206 110 27 evident
1603 207 69 27 from
1687 209 45 26 the
1743 212 88 26 crowd
1842 214 59 28 that
1914 217 126 28 attended

1411 245 27 27 to
1452 243 109 30 witness
1574 244 46 29 the
1634 249 74 26 start.
1748 247 43 30 Mr
1806 250 88 31 Smith
1914 256 76 29 acted
2009 266 29 19 as

1412 287 98 24 starter
1522 284 54 27 and
1586 284 93 36 judge,
1694 287 53 28 and
1771 294 45 29 got
1829 290 44 29 the
1889 303 62 21 men
1964 306 76 26 away

1411 326 28 24 at
1452 324 77 25 10/25
1543 332 64 18 a.m.
1644 324 69 28 Reid
1727 327 63 27 took
1804 329 45 27 the
1862 330 69 35 lead,
1952 334 87 28 'which

1411 359 33 28 he
1458 360 170 28 maintained
1651 361 176 39 throughout.
1866 369 27 28 It
1906 379 54 21 was
1973 372 66 34 only

1411 398 68 26 after
1503 408 51 17 one
1577 409 30 17 or
1626 403 54 24 two
1706 402 140 36 desperate
1871 407 89 30 efforts
1980 411 59 27 that

1410 435 140 29 Adamson
1576 438 147 29 succeeded
1747 440 29 28 in
1804 447 172 37 overcoming
1994 448 45 29 the

1409 474 60 28 first
1487 473 58 35 fail,
1566 476 99 34 which,
1688 477 36 37 by
1746 479 46 28 the
1806 489 69 28 way,
1890 492 54 20 was
1957 487 81 28 about

1410 511 46 28 the
1469 516 83 25 worst
1565 513 64 37 they
1642 514 55 28 had
1717 519 26 25 to
1766 520 118 27 contend
1904 522 74 33 with,
1992 524 48 28 but

1409 559 66 19 once
1499 560 63 20 over
1583 551 22 30 it
1628 551 35 30 he
1688 558 41 25 set
1753 555 68 29 after
1842 557 42 29 his
1906 567 134 31 opponent

1409 590 65 28 with
1488 600 16 18 a
1517 590 210 31 determination
1746 595 90 29 which
1884 608 81 22 never
1977 612 62 23 says

1511 630 115 35 Anyone
1636 633 161 33 acquainted
1810 636 63 26 with
1889 637 45 28 the
1945 645 94 23 nature

1409 665 29 27 of
1449 666 47 27 the
1508 667 73 27 river
1593 668 60 28 that
1675 669 54 27 had
1750 674 27 23 to
1799 671 31 27 be
1853 675 137 29 traversed
2011 677 28 28 in

1408 703 46 29 the
1478 705 146 37 ascending
1646 706 127 39 journey,
1799 710 54 28 and
1877 711 47 31 the
1955 724 84 29 many

1408 743 132 29 obstacles
1553 745 28 27 in
1595 746 46 28 the
1654 756 61 26 way
1729 748 29 27 of
1772 748 62 29 falls
1854 751 60 28 that
1937 754 53 27 had
2012 760 27 23 to

1407 781 33 27 be
1452 783 193 32 encountered,
1659 784 54 28 will
1726 788 50 25 not
1799 786 31 28 be
1854 792 134 33 surprised
2011 794 26 25 to

1408 819 74 29 learn
1496 819 60 30 that
1569 820 23 30 it
1603 831 56 20 was
1672 823 33 29 31
1719 823 83 29 hours
1821 825 88 31 before
1922 829 45 29 the
1981 830 57 28 first

1407 866 66 18 man
1498 859 114 28 reached
1640 860 176 36 O'llourke's,
1840 865 54 27 and
1913 866 59 28 that
1992 868 46 28 the

1407 895 59 30 first
1478 905 66 20 man
1571 906 55 21 was
1645 898 57 30 also
1724 899 47 30 the
1793 900 61 34 last,
1868 912 30 20 as
1911 905 64 38 only
1988 915 50 21 one

1407 937 134 34 appeared
1555 943 28 22 at
1596 938 46 27 the
1656 940 110 33 turning
1788 943 77 32 point
1886 947 27 24 to
1937 950 102 22 contest

1407 972 46 28 the
1467 973 79 27 down
1567 976 125 33 journey,
1706 977 54 27 and
1773 978 62 27 who
1858 988 55 19 was
1935 983 102 26 treated

1408 1014 28 25 to
1449 1010 96 39 hearty
1558 1012 93 30 cheers
1664 1013 35 37 by
1713 1014 46 29 the
1772 1015 149 39 Hampden
1935 1024 86 32 specta-

1407 1052 56 25 tors
1487 1051 63 27 who
1575 1051 55 28 had
1654 1053 129 27 collected
1805 1059 27 22 to
1858 1060 111 25 witness
1992 1059 46 27 the

1407 1088 113 37 turning
1532 1088 78 38 point
1623 1090 28 29 in
1674 1091 46 28 the
1739 1097 115 30 contest,
1869 1094 64 30 both
1946 1105 35 20 on
1995 1096 44 30 his

1407 1127 99 27 arrival
1531 1128 54 27 and
1612 1129 143 35 departure
1786 1134 72 26 from
1880 1133 157 36 Hampden.

1409 1164 76 33 Reid,
1500 1164 46 29 the
1559 1165 114 36 winner,
1687 1167 50 29 has
1757 1168 54 30 had
1833 1164 204 40 severaears'

1407 1204 158 35 experience
1588 1204 111 38 boating
1719 1216 35 19 on
1778 1208 46 29 the
1846 1209 95 30 Buller

1407 1242 54 26 and
1485 1242 167 36 thoroughly
1675 1245 183 28 understands
1887 1248 43 27 his
1953 1249 83 31 work,

1407 1277 120 30 whereas
1541 1279 42 29 his
1602 1285 139 33 opponent
1763 1283 23 29 is
1803 1287 49 26 not
1873 1285 163 37 acquainted

1406 1317 67 28 with
1492 1318 56 27 this
1567 1320 148 33 particular
1736 1321 165 36 description
1922 1324 30 27 of
1967 1325 72 27 river

1406 1355 158 34 navigation
1577 1363 6 25 ;
1603 1356 34 28 he
1651 1366 64 27 may
1727 1357 33 29 be
1782 1368 36 19 an
1839 1364 94 33 expert
1954 1371 85 18 rower

1407 1392 87 28 under
1517 1393 126 29 different
1668 1397 219 35 circumstances,
1912 1399 49 28 but
1990 1400 47 27 the

1407 1431 152 34 possession
1572 1435 27 23 ot
1612 1432 61 27 that
1686 1433 62 27 skill
1760 1443 57 18 was
1835 1436 203 35 impracticable

1406 1467 42 27 for
1468 1470 28 24 at
1516 1468 68 28 least
1604 1468 59 28 half
1681 1470 46 27 the
1749 1470 121 30 distance
1890 1482 45 27 up.
1980 1473 58 28 The

1407 1504 106 39 victory
1534 1515 55 21 was
1611 1516 35 20 an
1666 1517 65 30 easy
1752 1519 52 20 one
1825 1510 41 30 for
1886 1511 76 36 Reid,
1976 1512 61 29 who

1407 1544 55 29 had
1474 1545 47 28 the
1533 1546 194 30 down-stream
1746 1559 61 19 race
1820 1554 28 24 to
1861 1551 113 28 himself
1983 1552 54 27 and

1407 1582 108 29 seemed
1528 1587 27 25 to
1576 1583 33 30 be
1632 1584 166 39 thoroughly
1816 1592 103 24 master
1940 1588 30 28 of
1992 1589 46 29 the

1407 1620 140 34 situation,
1569 1623 151 36 managing
1741 1625 42 28 his
1803 1625 65 29 boat
1889 1627 66 27 with
1975 1637 47 18 con-

1407 1659 130 28 siderable
1564 1660 70 29 skill.
1683 1661 57 30 The
1764 1672 62 20 race
1851 1665 130 36 occupied
2004 1667 34 34 4|

1407 1697 92 33 hours,
1513 1698 49 29 but
1573 1700 22 27 it
1607 1700 24 27 is
1644 1701 65 36 only
1725 1701 51 28 fair
1799 1707 27 24 to
1846 1703 52 28 add
1920 1704 60 29 that
1992 1705 46 28 the

1406 1736 105 26 winner
1531 1746 56 18 was
1608 1747 83 18 never
1711 1740 114 33 pushed,
1845 1750 30 18 or
1897 1742 142 27 otherwise

1407 1771 35 29 he
1462 1773 80 28 could
1563 1773 69 29 have
1657 1776 189 38 considerably
1870 1778 98 29 beaten
1992 1779 46 29 the

1406 1811 76 27 time.

1440 1857 58 28 The
1511 1857 140 37 following
1672 1859 123 30 business
1808 1871 56 18 was
1879 1863 158 28 'transacted

1406 1896 28 26 at
1459 1894 46 28 the
1530 1895 51 29 last
1604 1898 122 35 meeting
1750 1900 31 27 of
1802 1900 46 28 the
1873 1900 165 36 Inangahua

1406 1932 109 37 County
1534 1934 252 30 Council:From
1811 1938 46 28 the
1889 1939 146 37 Surveyor-

1407 1969 117 30 General
1546 1973 65 28 with
1632 1973 135 30 reference
1792 1978 27 26 to
1839 1976 47 30 the
1904 1978 131 29 northern

1407 2009 161 28 boundaries
1581 2011 30 28 of
1621 2012 46 27 the
1681 2018 111 31 county,
1802 2015 54 26 and
1867 2016 101 35 stating
1978 2017 60 27 that

1405 2046 46 28 the
1482 2046 81 28 Chief
1592 2048 137 37 Surveyor
1759 2051 89 28 would
1879 2053 113 28 forward
2022 2063 16 19 a

1405 2084 107 37 tracing
1524 2084 124 38 showing
1670 2088 46 29 the
1734 2088 164 32 boundaries
1911 2092 29 29 in
1961 2101 60 28 ques-

1404 2123 68 27 tion.
1508 2124 85 28 From
1604 2126 44 28 W.
1662 2128 103 26 Hanna
1778 2128 131 36 claiming
1924 2131 55 27 35
1996 2133 42 25 for

1405 2159 54 30 loss
1472 2160 29 29 of
1516 2170 16 20 a
1545 2161 79 31 horse
1637 2167 29 26 at
1679 2164 163 37 Inangahua
1855 2166 147 36 Junction;
2022 2178 16 19 a

1405 2208 91 20 memo
1510 2209 56 20 was
1590 2202 127 29 attached
1736 2206 28 26 to
1778 2204 45 28 the
1837 2205 80 29 claim
1931 2206 36 36 by
1988 2208 47 27 the

1405 2237 109 37 County
1538 2239 138 36 Engineer
1697 2242 102 37 stating
1818 2243 59 29 that
1896 2244 35 28 he
1956 2255 81 19 never

1404 2276 84 28 heard
1498 2277 30 28 of
1538 2277 46 28 the
1595 2279 81 28 claim
1686 2279 98 29 before.
1825 2282 80 28 From
1915 2283 120 30 Thomas

1405 2314 98 33 North,
1517 2316 120 28 solicitor
1648 2317 42 28 for
1704 2318 26 28 J.
1745 2319 153 33 Oxenham,
1910 2321 128 37 cloning

1405 2352 73 30 2OO
1508 2362 35 20 on
1564 2360 115 25 account
1700 2356 30 29 of
1747 2366 36 20 an
1808 2357 123 32 accident
1942 2360 31 30 It
1991 2361 46 29 the

1405 2392 116 28 Newton
1539 2392 103 38 bridge.
1679 2396 83 28 From
1776 2397 26 28 J.
1816 2398 97 35 Lynch
1927 2399 108 36 County

1406 2430 133 34 Solicitor,
1564 2441 29 18 re
1618 2433 154 36 Flannigan
1798 2435 55 28 and
1880 2436 157 36 Kennedy's

1404 2467 90 29 claim.
1544 2470 83 28 From
1650 2470 37 29 H.
1713 2472 144 33 Newman,
1883 2474 65 29 mail
1973 2484 45 20 con-

1404 2510 109 30 tractor,
1528 2509 187 37 complaining
1734 2510 30 30 of
1786 2511 47 29 the
1856 2516 70 26 state
1946 2514 30 29 of
1991 2515 46 29 the

1404 2545 66 28 road
1482 2546 71 28 from
1567 2548 72 27 Fern
1652 2549 63 27 Flat
1728 2554 28 22 to
1771 2550 94 28 Gibb's
1878 2553 138 27 accomoda-

1405 2582 57 29 tion
1492 2583 94 35 house,
1618 2585 54 28 and
1708 2590 157 35 requesting
1900 2590 134 29 attention

1404 2622 106 29 thereto
1522 2632 7 24 ;
1548 2623 46 29 the
1607 2624 139 36 Engineer
1759 2626 58 28 said
1839 2628 60 28 that
1914 2637 50 19 one
1977 2639 44 26 por-

1404 2660 58 28 tion
1482 2670 56 18 was
1551 2662 28 27 in
1600 2672 15 18 a
1633 2664 93 27 rather
1745 2663 52 28 bad
1816 2668 79 29 state,
1909 2667 48 28 but
1978 2677 29 18 as
2020 2678 16 18 a

1404 2698 88 28 whole
1505 2698 22 30 it
1548 2708 56 20 was
1617 2700 28 28 in
1659 2700 52 29 fair
1723 2702 95 35 order;
1838 2703 138 37 Engineer
1996 2707 26 28 in-

1405 2738 118 27 structed
1543 2741 27 25 to
1589 2740 94 27 attend
1702 2744 28 24 to
1750 2741 45 28 the
1821 2747 108 24 matter.
1978 2745 56 28 The

1405 2774 108 37 County
1525 2776 162 34 Engineer's
1697 2782 92 32 report
1802 2788 55 19 was
1870 2781 73 27 read.
1978 2782 57 28 The

1405 2813 65 28 road
1489 2815 68 28 from
1573 2815 114 29 Reefton
1706 2820 27 26 to
1757 2817 84 29 Owen
1859 2828 57 20 was
1934 2820 28 29 in
1986 2820 51 30 fair

1404 2852 87 27 order.
1528 2853 42 28 On
1583 2855 46 26 the
1644 2856 104 27 motion
1761 2857 30 27 of
1809 2857 43 27 Cr.
1868 2858 123 30 Gardner
2015 2860 21 28 it

1405 2898 55 19 was
1473 2890 103 28 carried
1595 2891 61 28 that
1675 2893 45 27 the
1733 2895 104 26 minute
1858 2897 97 33 passed
1973 2900 29 26 at
2020 2907 14 19 a

1404 2928 125 35 previous
1551 2931 121 35 meeting
1720 2931 70 29 That
1809 2942 36 19 no
1863 2942 61 20 new
1946 2935 89 30 works

1404 2964 33 29 be
1455 2966 170 29 undertaken
1648 2969 43 27 till
1715 2970 47 27 the
1786 2971 112 28 Council
1922 2972 33 28 ir
1967 2974 30 27 in

1405 3003 86 28 better
1508 3004 131 29 financial
1656 3006 146 37 position'"
1830 3008 31 28 be
1879 3011 139 28 rescinded
2030 3020 5 25 ;

1405 3040 44 29 Cr.
1463 3041 141 38 Campbell
1616 3043 80 29 knew
1705 3046 130 36 perfectly
1847 3048 60 28 well
1920 3048 61 29 that
1990 3050 45 28 the

1405 3084 122 23 moment
1557 3081 47 28 the
1628 3083 148 28 resolution
1807 3093 55 19 was
1892 3087 141 28 resciuded

1405 3116 76 30 there
1494 3119 91 29 would
1599 3119 31 30 be
1644 3130 15 19 a
1672 3120 73 31 flood
1757 3122 29 29 of
1797 3123 177 36 applications
1987 3125 28 30 be-

1405 3156 55 28 fore
1482 3158 46 26 the
1550 3158 113 28 Council
1682 3160 41 27 for
1735 3170 60 18 new
1811 3162 101 33 works;
1931 3163 34 28 he
1986 3173 33 19 un-

1405 3192 125 31 derstood
1549 3195 60 29 that
1627 3205 36 19 no
1682 3206 60 20 new
1759 3198 88 29 works
1866 3209 68 20 were
1953 3205 27 25 to
2004 3201 31 30 be

1405 3233 177 28 commenced
1594 3235 71 27 until
1683 3236 46 27 the
1743 3236 113 28 Council
1869 3246 55 20 wa3
1942 3244 46 24 out
2009 3241 29 27 of

1405 3268 163 36 difficulties,
1581 3271 55 29 and
1649 3272 34 29 he
1696 3272 119 38 thought
1827 3274 22 29 it
1862 3285 56 19 was
1931 3278 104 29 unwise

1405 3312 27 25 to
1443 3309 106 28 rescind
1562 3310 46 29 the
1619 3312 105 28 motion
1735 3321 6 26 ;
1760 3312 35 29 he
1809 3313 54 29 had
1876 3314 68 30 been
1954 3317 81 28 asked

1405 3350 28 23 to
1455 3356 80 19 move
1552 3348 41 27 for
1612 3351 105 26 several
1739 3351 97 33 works,
1850 3352 48 28 but
1919 3353 55 28 had
1994 3365 26 17 re-

1404 3383 77 30 fused
1494 3388 25 25 to
1534 3385 33 30 do
1581 3396 30 20 so
1623 3387 29 28 in
1665 3387 46 29 the
1724 3387 58 30 face
1795 3389 28 29 of
1842 3390 61 30 that
1915 3393 120 35 motion;

1405 3422 46 28 the
1465 3424 149 29 Chairman
1628 3426 58 27 said
1703 3427 47 28 the
1764 3428 114 29 Council
1898 3439 56 19 was
1974 3441 62 19 now

1404 3460 29 29 in
1446 3471 16 19 a
1474 3461 81 36 fairly
1573 3464 70 35 good
1656 3465 128 36 position,
1799 3466 54 29 and
1872 3467 36 30 its
1929 3467 106 32 income

1404 3504 65 24 next
1486 3510 67 25 year
1571 3502 89 28 would
1682 3503 33 27 be
1734 3505 73 34 quite
1826 3507 80 34 equal
1930 3511 28 24 to
1981 3509 54 28 last

1404 3546 66 27 year
1483 3546 6 26 ;
1509 3538 46 29 the
1567 3540 105 29 motion
1685 3540 29 29 in
1731 3542 124 36 question
1868 3543 53 30 had
1941 3546 95 29 served

1404 3575 35 28 its
1451 3586 124 25 purpose.

1440 3623 57 29 The
1515 3623 169 39 Wellington
1696 3635 97 30 papers
1805 3629 131 40 referring
1948 3634 28 27 to
1988 3632 46 30 the

1405 3662 99 35 speedy
1525 3663 131 28 abolition
1681 3666 31 26 of
1731 3667 47 26 the
1803 3668 113 28 District
1938 3670 97 28 Courts

1405 3702 70 24 state
1502 3699 61 29 that
1591 3701 30 28 in
1647 3702 66 28 view
1739 3703 28 28 of
1794 3704 61 29 that
1885 3710 80 26 event
1988 3707 47 29 the

1405 3737 116 34 position
1541 3738 27 26 of
1589 3739 130 29 Resident
1739 3741 159 35 Magistrate
1917 3749 29 23 at
1962 3745 54 28 Wel-

1404 3773 106 35 lington
1523 3775 49 28 has
1586 3775 68 29 been
1668 3776 101 30 offered
1790 3782 28 25 to
1832 3780 75 29 three
1920 3782 114 29 District

1404 3811 113 37 Judges,
1531 3822 29 19 as
1574 3814 44 28 Mr
1630 3815 119 28 Wardell
1762 3816 45 29 the
1826 3822 109 31 present
1948 3820 32 28 R.
1996 3821 37 27 M.

1404 3851 23 26 is
1449 3850 83 29 about
1557 3855 28 24 to
1610 3861 110 20 remove
1745 3857 27 25 to
1797 3855 47 28 the
1868 3856 166 39 Wairarapa.

1407 3889 47 29 We
1476 3898 45 20 are
1545 3888 27 29 in
1592 3900 16 19 a
1626 3891 119 37 position
1763 3895 28 26 to
1816 3896 68 27 state
1909 3895 60 31 that
1988 3897 47 29 the

1405 3928 65 27 offer
1482 3928 50 27 has
1546 3932 28 23 at
1586 3929 37 27 all
1636 3933 93 23 events
1741 3931 68 27 been
1821 3933 79 28 made
1909 3938 27 23 to
1945 3935 88 28 Jude

1404 3964 100 33 Broad,
1517 3964 31 28 of
1565 3966 112 34 Nelson,
1691 3967 62 27 who
1775 3968 50 29 has
1838 3973 48 26 not
1908 3971 127 30 however

1404 4006 45 34 yet
1461 4003 89 29 stated
1562 4004 123 30 whether
1692 4006 34 28 he
1739 4006 56 29 will
1807 4008 88 29 refuse
1904 4019 30 19 or
1943 4016 92 32 accept

1404 4043 29 26 it.
1470 4042 58 27 The
1541 4043 183 29 emoluments
1736 4045 30 28 of
1781 4046 47 28 the
1848 4048 77 28 office
1938 4058 45 19 are
2004 4053 28 24 to

1404 4079 33 29 be
1455 4079 47 30 the
1521 4088 75 21 same
1614 4090 30 19 as
1665 4081 76 29 those
1765 4091 63 22 now
1851 4085 123 30 received
1999 4086 36 38 by

1404 4118 113 29 District
1533 4118 112 36 Judges.

1439 4156 29 28 It
1475 4156 22 28 is
1504 4160 56 29 not,
1570 4166 41 19 we
1618 4157 111 35 beleive,
1736 4161 139 36 generally
1885 4163 150 29 undestood

1403 4194 91 30 which
1509 4195 102 29 section
1636 4196 30 29 of
1688 4196 47 30 the
1760 4197 125 32 Midland
1910 4201 122 39 Railway

1404 4233 50 29 has
1466 4233 67 29 been
1547 4236 157 28 contracted
1715 4236 42 28 for
1773 4237 34 37 by
1821 4238 100 29 Messrs
1934 4241 83 28 Robin-

1404 4281 49 17 son
1466 4272 55 27 and
1543 4272 143 28 M'Keone.
1724 4274 61 28 The
1803 4276 78 35 point
1901 4278 30 27 of
1949 4279 70 28 diver-

1404 4318 83 27 gence
1500 4309 30 29 of
1539 4309 45 29 the
1602 4310 170 38 Canterbury
1784 4313 55 29 and
1852 4314 103 30 Nelson
1966 4316 69 29 lines

1403 4347 23 30 is
1439 4347 83 31 about
1534 4352 54 25 two
1607 4349 80 30 miles
1699 4357 37 23 on
1748 4351 55 29 this
1823 4352 57 30 side
1899 4354 30 30 of
1947 4356 69 29 Brun-

1403 4389 105 29 nerton,
1522 4387 54 27 and
1588 4388 23 27 it
1623 4389 22 26 is
1658 4389 71 28 from
1741 4390 77 28 there
1837 4393 116 28 towards
1965 4394 51 28 Can-

1403 4423 111 36 terbury
1526 4424 62 28 that
1595 4424 46 29 the
1654 4425 75 28 work
1739 4427 54 28 will
1803 4427 32 29 be
1846 4431 186 34 commenced,

1404 4461 46 30 the
1459 4465 121 26 contract
1591 4462 79 38 being
1682 4464 41 29 for
1736 4467 32 26 25
1778 4467 88 29 miles.
1903 4469 57 29 The
1969 4476 64 22 next

1404 4501 102 29 section
1519 4505 27 25 to
1560 4501 31 29 be
1605 4502 37 28 let
1660 4503 56 28 will
1740 4503 32 29 be
1795 4504 71 29 from
1887 4507 47 28 the
1959 4518 74 19 same

1403 4542 79 31 point
1493 4541 29 25 to
1534 4539 125 34 Reefton,
1673 4551 16 17 a
1699 4541 120 30 distance
1830 4544 30 27 of
1866 4546 34 25 42
1909 4545 87 33 miles,
2004 4556 29 19 so

1404 4576 60 27 that
1476 4576 46 26 the
1536 4577 88 27 works
1637 4578 54 27 will
1705 4578 32 27 be
1750 4581 149 32 proceeded
1920 4584 66 26 with
2004 4585 28 25 in

1404 4611 65 28 both
1503 4612 146 29 directions
1684 4615 234 40 simultaneously.
1967 4620 65 29 This

1404 4650 171 31 wouldphave
1588 4651 67 28 been
1669 4652 36 28 let
1718 4658 28 23 at
1758 4654 47 28 the
1823 4665 75 20 same
1917 4657 66 29 time
2004 4669 29 17 as

1403 4688 45 27 tke
1470 4688 87 33 other,
1582 4689 48 27 but
1654 4690 59 28 that
1739 4692 46 27 the
1809 4694 124 35 working
1953 4697 79 34 plans

1403 4734 68 18 were
1482 4730 49 22 not
1542 4726 29 26 in
1584 4735 29 19 so
1626 4726 115 29 forward
1755 4738 15 18 a
1785 4733 78 30 state,
1872 4731 48 28 but
1930 4742 29 18 as
1966 4742 66 19 soon

1403 4771 29 20 as
1445 4763 76 29 these
1531 4772 45 20 are
1584 4765 115 37 prepard
1717 4766 109 30 tenders
1835 4768 54 30 will
1903 4770 31 29 be
1948 4772 84 29 called

1402 4801 43 28 for
1473 4803 47 27 the
1550 4804 83 27 work.
1686 4805 88 27 These
1809 4810 54 24 two
1899 4813 133 25 contracts

1402 4839 98 28 should
1522 4839 32 27 be
1578 4840 45 27 the
1645 4849 96 20 means
1754 4843 30 26 of
1793 4843 106 38 finding
1912 4848 102 35 employ-

1403 4881 77 24 ment
1492 4876 42 29 for
1547 4887 15 18 a
1574 4878 71 36 large
1659 4880 117 28 number
1789 4881 29 28 of
1830 4892 70 19 men.

1436 4916 58 27 The
1514 4916 139 34 following
1675 4921 74 33 story
1762 4919 23 27 is
1806 4921 104 28 related
1931 4923 28 28 in
1983 4924 45 28 the

1402 4953 107 36 Napier
1525 4954 153 36 Telegraph
1689 4957 69 27 :lt
1771 4958 23 26 is
1807 4961 47 25 not
1875 4959 74 28 often
1969 4961 60 28 that

1402 4991 102 36 Napier
1517 4992 119 36 supplies
1649 5003 15 17 a
1675 4993 164 38 thoroughly
1849 4999 116 33 genuine
1975 4999 53 28 and

1402 5031 163 28 sensational
1591 5040 138 23 romance,
1755 5032 49 30 but
1828 5035 45 29 the
1894 5036 138 39 following

1401 5071 44 26 too
1459 5073 60 24 true
1532 5069 54 28 tale
1600 5079 64 27 may
1674 5081 81 26 prove
1769 5074 30 26 of
1808 5073 113 31 interest
1936 5081 27 23 to
1981 5086 50 19 our

1400 5107 118 34 readers,
1527 5107 85 37 Many
1619 5109 112 28 mouths
1741 5119 50 26 ago
1798 5121 16 18 a
1826 5121 93 29 young
1929 5115 84 29 trades-

1400 5155 65 18 man
1477 5146 31 28 of
1516 5146 46 29 the
1585 5147 75 35 place
1683 5158 56 18 was
1758 5149 118 37 keeping
1896 5162 134 29 company

1400 5184 66 28 with
1491 5194 51 18 one
1567 5185 30 28 of
1617 5186 77 27 those
1723 5187 143 38 charming
1896 5191 64 36 girls
1989 5192 41 28 for

1403 5222 85 28 which
1504 5223 101 36 Napier
1617 5224 23 28 is
1664 5234 29 19 so
1723 5225 115 35 famous,
1870 5229 98 30 thanks
1999 5234 28 25 to

1400 5261 74 27 what
1484 5261 46 28 the
1542 5262 98 37 Mayor
1652 5263 90 28 would
1761 5266 51 27 call
1836 5275 49 20 our
1906 5269 107 36 magnifi-

1400 5304 63 24 cent
1482 5300 117 28 climate.
1636 5301 45 27 He
1701 5311 55 19 was
1774 5313 92 28 young
1890 5306 28 28 in
1943 5318 85 25 years,

1400 5339 64 35 only
1478 5339 138 31 nineteen,
1631 5340 53 28 aud
1706 5341 44 27 the
1775 5342 89 29 father
1887 5347 104 35 gettiug
2014 5358 15 17 a

1400 5377 112 28 wrinkle
1526 5377 31 28 of
1567 5378 63 27 how
1642 5378 45 29 the
1701 5379 64 28 land
1774 5381 54 36 lay,
1842 5387 45 30 got
1898 5394 34 18 an
1947 5386 66 28 intro-

1400 5415 109 28 duction
1524 5421 27 23 to
1574 5417 45 27 the
1640 5419 162 28 sweetheart
1814 5421 63 32 and,
1897 5426 27 24 to
1950 5424 78 28 make

1400 5462 15 19 a
1428 5454 64 35 long
1503 5457 74 35 story
1590 5454 74 29 short
1675 5464 66 20 soon
1755 5459 146 29 succeeded
1925 5461 29 29 in
1975 5462 39 28 dis-

1398 5493 110 35 placing
1526 5494 45 26 the
1597 5504 49 17 son
1666 5494 70 28 from
1761 5495 41 29 his
1828 5499 125 34 position,
1976 5503 51 25 and

1398 5530 157 37 eventually
1567 5532 119 27 married
1699 5532 46 28 the
1762 5534 52 28 fair
1836 5544 60 20 one.
1941 5538 88 29 About

1398 5572 46 24 ten
1461 5568 68 36 days
1560 5579 49 23 ago
1636 5570 45 27 the
1706 5570 125 31 husband
1845 5574 54 29 had
1924 5575 28 29 in
1983 5577 45 28 the

1398 5615 93 18 course
1504 5607 32 26 of
1557 5607 123 28 business
1693 5612 28 24 to
1734 5614 85 31 spend
1833 5621 75 19 some
1922 5615 64 28 time
2000 5616 27 26 in

1398 5645 47 27 the
1459 5648 122 30 country,
1595 5647 53 27 and
1661 5647 64 28 took
1738 5648 43 28 his
1794 5650 151 36 departure,
1956 5654 56 27 leav-

1397 5683 47 37 ing
1457 5683 42 28 his
1520 5683 60 29 wife
1604 5685 54 28 and
1684 5695 47 18 son
1757 5687 28 28 in
1811 5689 97 36 charge
1933 5692 29 28 of
1984 5693 44 28 the

1397 5723 153 27 household
1562 5724 91 32 goods.
1691 5725 53 28 His
1757 5726 66 29 back
1837 5729 54 27 had
1905 5735 47 23 not
1963 5732 64 26 been

1397 5760 64 34 long
1474 5760 107 33 turned,
1595 5761 89 33 when,
1699 5771 28 18 as
1741 5763 23 27 if
1773 5763 36 37 by
1821 5767 97 34 magic,
1929 5768 45 28 the
1985 5769 42 27 old

1398 5797 166 31 atLucLmem
1581 5799 119 31 between
1714 5801 45 30 the
1774 5813 47 20 son
1844 5805 52 29 and
1912 5807 41 28 his
1966 5817 60 18 now

2072 219 179 34 step-mother
2262 219 118 32 revived,
2390 219 53 26 aud
2455 220 46 27 the
2519 221 124 29 husband
2654 223 51 27 had

2071 256 120 38 scarcely
2202 257 113 29 reached
2330 256 43 29 his
2387 257 163 32 destination
2564 259 80 31 when
2660 261 45 30 the

2072 297 58 35 pair
2143 296 103 36 packed
2259 307 35 27 up
2309 297 70 28 their
2391 297 157 37 belongings
2562 300 53 28 and
2627 302 78 28 made

2071 334 89 27 tracks
2173 336 90 31 south,
2274 336 89 27 where
2385 336 66 35 they
2474 346 45 18 are
2540 347 71 18 now.
2648 340 57 27 The

2069 371 65 29 fond
2154 372 88 28 father
2255 373 54 27 and
2323 372 93 37 doting
2440 373 126 30 husband
2579 378 126 35 acquired

2070 409 45 28 the
2130 411 123 27 valuable
2266 412 176 26 information
2456 421 75 20 some
2545 414 76 28 three
2635 416 67 32 days

2068 457 51 24 ago
2132 458 28 19 so
2174 448 73 30 what
2261 449 46 29 the
2322 449 99 37 upshot
2435 449 29 28 of
2484 451 45 29 the
2551 452 154 37 elopement

2070 496 64 26 may
2147 487 32 28 be
2193 497 39 18 we
2246 488 80 27 know
2345 492 56 29 not,
2425 488 103 34 though
2554 500 17 18 a
2595 492 108 28 divorce

2070 524 53 27 suit
2135 524 65 28 with
2215 534 15 18 a
2244 534 48 19 son
2306 535 28 18 as
2348 527 208 34 co-respondent
2570 529 89 28 would
2671 530 31 29 be

2070 572 15 19 a
2098 562 113 29 decided
2223 564 120 35 novelty.

2098 651 275 42 MINING
2444 656 231 41 NEWS.

2159 752 110 28 OWEN
2291 753 122 28 REEFS
2432 754 184 30 DISTRICT.

2129 828 85 35 (from
2233 836 56 20 our
2308 836 61 20 own
2388 832 249 36 correspondent.)

2334 880 94 33 Owen,
2444 880 158 37 September
2617 885 50 27 Ist.

2102 927 109 35 Mining
2230 927 29 29 in
2285 927 54 30 this
2362 929 104 28 district
2489 930 23 27 is
2536 931 95 36 slowly
2653 933 44 29 but

2067 965 114 34 steadily
2194 966 161 34 improving,
2370 967 55 26 and
2446 967 113 28 marked
2576 979 121 23 progress

2066 1002 22 28 is
2101 1002 82 37 being
2196 1002 78 29 made
2289 1004 27 26 in
2332 1003 44 29 the
2390 1004 193 37 development
2604 1007 30 28 of
2654 1008 43 29 the

2067 1050 136 19 resources
2228 1042 30 27 of
2279 1042 46 27 the
2350 1043 96 28 claims
2472 1047 28 24 at
2531 1050 110 29 present
2671 1048 26 27 in

2067 1079 149 35 operation.

2100 1117 122 29 Bulmer
2244 1118 97 28 Creek
2362 1119 259 31 Company.Have
2644 1126 54 26 two

2066 1164 63 18 men
2142 1156 108 35 driving
2263 1157 52 27 No.
2329 1158 14 25 1
2357 1159 104 31 tunnel,
2476 1159 90 27 which
2588 1160 23 27 is
2632 1170 35 18 on
2681 1171 15 17 a

2065 1193 70 37 good
2147 1193 189 37 gold-bearing
2356 1195 64 34 reef,
2434 1196 55 29 and
2509 1197 23 28 is
2553 1197 143 40 gradually

2066 1233 137 33 widening
2223 1237 47 23 out
2291 1234 55 26 and
2369 1234 123 37 showing
2512 1236 89 27 better
2622 1247 59 24 pros-

2066 1277 73 28 pects
2160 1269 68 28 than
2249 1270 80 28 when
2350 1270 58 28 first
2430 1275 54 25 met
2502 1273 76 28 with.
2617 1274 51 27 No.
2683 1276 15 26 2

2065 1306 75 29 drive
2153 1317 56 19 was
2223 1308 101 28 started
2338 1319 35 18 on
2395 1319 16 18 a
2432 1310 92 30 leader
2543 1321 16 18 a
2579 1311 70 30 little
2672 1315 28 26 to

2065 1344 47 28 the
2124 1348 66 24 west
2204 1346 30 27 of
2243 1355 16 18 a
2272 1346 73 35 large
2359 1347 63 33 reef,
2437 1348 54 27 and
2513 1350 34 26 90
2568 1348 52 28 feet
2634 1356 66 22 west

2065 1381 30 29 of
2105 1381 46 30 the
2164 1381 60 31 lode
2237 1383 30 28 in
2280 1383 51 29 No.
2348 1385 12 27 I
2380 1385 103 29 tunnel.
2521 1386 66 29 This
2610 1387 90 29 leader

2065 1429 56 17 was
2134 1421 65 32 only
2213 1422 40 25 six
2265 1421 94 27 inches
2373 1422 74 27 thick
2460 1427 28 24 at
2511 1425 46 26 the
2577 1429 122 31 outcrop,

2066 1455 125 38 showing
2204 1458 125 35 splendid
2342 1458 72 36 gold,
2429 1460 55 27 and
2504 1460 69 29 after
2592 1461 108 34 driving

2065 1494 33 28 45
2122 1494 53 28 feet
2197 1496 75 28 three
2295 1495 105 29 leaders
2420 1498 66 28 each
2508 1498 77 37 eight
2607 1499 93 29 inches

2066 1533 75 29 thick
2155 1533 109 31 showed
2276 1535 28 28 in
2318 1535 47 29 the
2380 1536 67 35 face,
2458 1537 90 30 where
2559 1538 46 29 the
2616 1539 84 28 metal

2065 1572 23 27 is
2102 1573 105 35 plainly
2221 1578 26 23 to
2259 1573 33 28 be
2314 1583 73 18 seen.
2424 1576 58 27 The
2500 1585 140 28 manager,
2655 1578 45 26 Mr

2065 1609 104 37 Ellery,
2197 1611 115 29 informs
2339 1621 44 19 me
2414 1613 62 29 that
2501 1614 47 28 the
2573 1620 78 24 stone
2675 1614 25 30 is

2065 1648 109 36 coming
2187 1653 27 24 to
2228 1658 75 29 grass
2317 1659 29 19 so
2360 1650 86 38 freely
2456 1652 60 29 that
2528 1653 22 28 it
2564 1653 57 28 will
2634 1663 66 19 soon

2065 1686 32 29 be
2110 1696 143 29 necessary
2275 1691 28 26 to
2325 1693 138 27 construct
2484 1692 136 35 receiving
2633 1692 48 37 pad-

2065 1724 92 33 docks,
2171 1729 53 25 and
2237 1731 44 30 get
2303 1729 163 35 everything
2484 1729 84 35 ready
2592 1731 42 27 for
2654 1731 46 27 the

2065 1762 100 28 incline
2178 1766 134 33 tramway
2325 1767 27 25 to
2365 1765 47 27 the
2425 1766 108 36 battery
2546 1768 60 27 site.

2100 1799 125 30 Wakatu
2257 1801 247 31 United.Seven
2534 1804 89 29 hands
2654 1814 45 20 are

2065 1847 61 19 now
2138 1840 143 34 employed
2295 1839 108 38 driving
2415 1842 41 27 for
2468 1843 47 27 the
2528 1843 64 27 reef,
2606 1844 92 27 which

2064 1874 23 27 is
2108 1877 136 35 supposed
2264 1879 29 26 to
2314 1876 33 29 be
2370 1887 16 18 a
2407 1879 190 28 continuation
2611 1881 30 27 of
2649 1880 47 29 the

2065 1913 114 28 Bulmer
2204 1914 85 29 Creek
2327 1916 70 28 lode.
2443 1917 58 28 The
2532 1922 116 32 country
2676 1928 24 18 is

2065 1951 157 37 promising,
2247 1952 55 28 and
2327 1954 125 35 showing
2477 1955 88 28 better
2594 1955 88 29 indica-

2064 1989 71 29 tions
2158 1990 45 30 the
2226 1991 103 31 farther
2350 1992 46 30 the
2416 1993 48 29 hill
2484 1994 23 29 is
2524 1994 116 36 pierced.
2677 1995 23 28 A

2065 2028 58 27 reef
2141 2037 65 26 may
2219 2029 32 27 be
2265 2035 56 23 met
2334 2031 67 27 with
2414 2035 28 24 at
2455 2041 55 26 any
2527 2036 126 24 moment
2672 2032 28 28 in

2065 2065 55 28 this
2133 2065 114 37 ground,
2261 2075 30 20 as
2305 2068 75 28 there
2394 2077 51 19 can
2458 2068 32 29 be
2503 2077 37 20 no
2567 2069 85 29 doubt
2673 2070 27 28 of

2064 2103 46 30 the
2124 2105 134 29 existence
2280 2107 30 29 of
2326 2117 52 19 one
2399 2107 24 28 if
2441 2112 47 24 not
2508 2118 77 19 more
2604 2109 29 28 in
2655 2109 45 29 the

2063 2142 115 36 vicinity
2190 2143 31 27 of
2231 2143 46 28 the
2290 2150 109 30 present
2412 2146 84 27 drive.

2098 2180 297 31 Enterprise.Now
2408 2183 102 30 known
2532 2193 30 20 as
2583 2183 47 30 the
2643 2185 37 28 En-

2065 2218 111 37 terprise
2195 2220 153 35 Extended,
2364 2222 104 36 having
2488 2222 68 29 been
2579 2224 103 36 amalga-

2064 2258 91 28 mated
2180 2258 66 29 with
2274 2260 46 29 the
2345 2261 106 28 Golden
2476 2261 91 35 Point,
2591 2262 109 29 Broken

2065 2296 69 33 Hill,
2148 2297 55 27 and
2222 2298 128 35 Progress
2383 2300 105 32 claims,
2512 2302 188 35 representing

2064 2343 36 18 an
2112 2343 62 19 area
2188 2335 30 27 of
2228 2335 82 30 about
2323 2338 33 27 63
2370 2346 83 25 acres,
2467 2338 54 28 and
2534 2348 30 19 as
2587 2340 68 28 each
2674 2339 26 29 of

2065 2372 75 30 these
2154 2373 85 30 leases
2251 2376 110 28 coutain
2381 2376 104 30 several
2508 2377 190 38 gold-bearing

2064 2411 74 29 lodes
2152 2411 29 29 of
2200 2413 72 36 large
2291 2414 177 34 dimensions,
2482 2416 75 28 there
2573 2417 22 28 is
2609 2418 91 35 ample

2064 2456 79 29 scope
2165 2449 41 28 for
2227 2451 47 27 the
2299 2452 168 37 Company's
2491 2454 90 29 future
2606 2465 77 26 opera-

2064 2487 79 29 tions'
2190 2489 64 29 Two
2286 2499 64 20 men
2369 2491 103 29 started
2496 2493 145 38 yesterday
2672 2496 28 27 to

2063 2526 75 30 drive
2151 2536 16 19 a
2181 2529 95 27 tunnel
2291 2534 26 23 to
2332 2535 46 23 cut
2403 2531 46 28 the
2462 2531 159 38 Enterprise
2644 2534 56 27 reef

2064 2567 28 24 at
2105 2574 15 18 a
2134 2565 53 27 low
2199 2566 69 28 level
2283 2568 89 27 which
2386 2568 56 28 will
2461 2570 78 27 settle
2553 2570 46 27 the
2621 2580 62 28 ques-

2063 2603 58 27 tion
2132 2612 30 19 as
2170 2607 28 25 to
2211 2604 123 30 whether
2347 2606 47 29 the
2404 2607 68 29 reefs
2482 2608 29 27 in
2524 2608 55 28 this
2589 2609 111 37 locality

2063 2642 69 28 exist
2144 2644 28 26 at
2193 2647 75 32 great
2291 2644 112 37 depths;
2423 2655 16 18 a
2451 2647 86 28 winze
2550 2657 57 19 was
2627 2648 72 28 sunk

2063 2688 35 19 on
2117 2680 47 27 the
2183 2680 120 36 hanging
2320 2683 63 27 wall
2395 2684 30 26 of
2442 2684 54 27 this
2515 2685 58 27 reef
2588 2686 55 28 and
2663 2687 34 27 its

2063 2718 171 36 proportions
2249 2719 45 29 did
2317 2725 48 25 not
2378 2731 74 19 seem
2472 2726 28 25 to
2514 2723 132 30 diminish
2670 2725 28 28 in

2062 2757 47 26 the
2122 2757 125 35 slightest
2260 2759 104 34 degree.
2401 2761 66 26 This
2477 2762 23 26 is
2513 2771 15 18 a
2536 2763 87 32 grand
2637 2773 44 25 pro-

2060 2792 64 37 ject,
2138 2794 54 28 and
2206 2795 23 27 if
2240 2796 47 28 she
2303 2797 64 36 only
2380 2799 77 26 turns
2470 2802 47 24 out
2530 2799 60 28 half
2597 2810 30 18 as
2637 2799 61 30 well

2063 2842 28 18 as
2105 2832 47 28 she
2166 2839 148 32 prospects,
2326 2836 68 29 then
2407 2837 14 27 I
2434 2837 99 30 reckon
2547 2839 50 28 her
2610 2849 15 18 a
2645 2839 53 37 pile

2063 2870 90 26 claim.

2098 2908 209 31 Surprise.A
2327 2921 61 19 new
2408 2913 165 37 application
2597 2924 35 20 on
2653 2915 43 29 the

2063 2947 157 37 Enterprise
2230 2949 62 33 line,
2300 2951 55 27 and
2367 2957 67 23 west
2442 2953 30 27 of
2482 2954 46 27 the
2538 2954 157 33 Zealandia,

2062 2985 22 26 is
2098 2985 80 34 being
2191 2987 158 35 prospected
2365 2987 36 37 by
2409 2992 54 24 two
2477 2999 73 22 men,
2562 2992 53 25 and
2628 2992 68 32 good

2063 3026 76 24 stone
2153 3023 49 28 has
2214 3024 68 29 been
2296 3025 158 30 discovered
2467 3027 54 28 and
2541 3028 92 29 traced
2658 3029 38 28 for

2063 3070 73 18 some
2150 3061 121 29 distance
2285 3074 35 17 on
2331 3065 46 27 the
2397 3067 111 26 surface.
2545 3067 151 35 According

2063 3102 27 24 to
2109 3102 66 25 tests
2193 3100 55 28 this
2267 3102 57 27 reef
2339 3102 99 29 should
2456 3107 64 25 turn
2539 3109 48 24 out
2613 3105 82 28 about

2167 3145 26 21 to
2207 3139 46 28 the
2267 3144 55 24 ton.

2098 3176 117 27 Golden
2234 3177 238 31 Fleece.Have
2484 3184 49 24 not
2548 3184 47 31 yet
2616 3182 80 27 made

2062 3222 16 19 a
2088 3217 68 25 start
2169 3218 27 24 to
2210 3215 84 34 work,
2308 3216 49 30 but
2370 3217 15 28 I
2399 3217 64 28 hear
2485 3218 61 29 that
2558 3218 22 30 it
2601 3219 24 29 is
2637 3229 44 27 pro-

2062 3252 82 34 posed
2157 3255 28 24 to
2198 3262 159 20 commence
2370 3256 156 36 operations
2546 3257 81 28 when
2649 3257 47 28 the

2063 3288 143 40 Company
2218 3290 23 29 is
2253 3292 156 35 registered.

2096 3328 88 29 There
2206 3330 23 27 is
2251 3332 115 35 nothing
2379 3333 54 27 else
2454 3333 82 36 doing
2557 3335 29 27 in
2599 3344 55 27 any
2670 3335 26 28 of

2061 3365 47 29 the
2121 3366 79 28 other
2213 3367 104 33 claims,
2331 3368 49 30 but
2392 3379 30 19 as
2432 3379 68 20 soon
2510 3380 30 19 as
2554 3372 45 28 the
2611 3372 85 29 leases

2062 3413 45 19 are
2120 3405 138 34 executed,
2271 3406 90 30 which
2376 3408 14 28 I
2399 3413 95 32 expect
2503 3409 56 30 will
2573 3410 31 29 be
2615 3410 81 29 about

2062 3441 45 29 the
2127 3449 235 25 commencement
2381 3446 30 28 of
2433 3456 130 25 summer,
2590 3458 17 18 a
2629 3453 67 25 start

2062 3479 57 30 will
2131 3480 31 29 be
2176 3482 80 29 made
2269 3483 29 29 in
2312 3484 46 29 the
2371 3486 129 37 majority
2514 3487 29 28 of
2554 3486 85 30 them.

2095 3519 25 27 A
2133 3520 57 27 coal
2204 3530 74 19 seam
2292 3522 49 28 has
2354 3523 69 28 been
2435 3524 157 29 discovered
2604 3526 29 27 in
2649 3526 46 28 the

2062 3556 62 30 Left
2143 3557 85 29 Hand
2252 3559 109 30 Branch
2381 3561 30 30 of
2432 3561 46 30 the
2497 3563 84 29 Owen
2604 3563 91 30 River.

2062 3595 27 28 It
2101 3596 23 27 is
2138 3597 31 26 12
2181 3596 53 28 feet
2247 3598 86 35 thick,
2345 3599 56 28 and
2413 3610 16 17 a
2441 3601 118 28 mineral
2571 3611 63 20 area
2643 3603 50 28 has

2061 3633 69 29 been
2153 3636 104 35 pegged
2281 3636 45 29 off.
2362 3638 59 29 The
2444 3639 59 29 coal
2527 3640 23 28 is
2574 3640 30 29 of
2625 3641 70 36 good

2061 3673 113 34 quality.
2211 3673 59 27 The
2282 3683 61 19 new
2355 3676 77 27 track
2443 3676 24 28 is
2478 3686 62 18 now
2553 3678 105 28 formed
2679 3688 16 18 a

2061 3708 122 30 distance
2196 3709 30 29 of
2235 3710 61 29 four
2307 3712 80 28 miles
2396 3713 72 29 from
2481 3714 47 29 the
2541 3716 75 28 main
2629 3715 66 29 road

2061 3749 28 24 to
2119 3747 140 35 Baigent's
2288 3750 110 27 station.
2453 3752 57 28 The
2537 3753 158 35 remaining

2061 3783 53 29 five
2133 3784 54 28 and
2205 3794 16 18 a
2239 3789 110 32 quarter
2366 3787 80 29 miles
2464 3789 24 28 is
2505 3799 63 20 now
2583 3790 38 29 let
2640 3791 55 28 and

2062 3822 45 28 the
2120 3822 103 29 several
2242 3828 167 26 contractors
2421 3836 46 18 are
2488 3827 69 37 busy
2569 3838 36 19 on
2624 3829 71 28 their

2062 3860 124 28 sections.
2214 3861 58 28 The
2285 3862 69 28 bush
2367 3864 24 26 is
2403 3864 82 28 felled
2498 3875 16 18 a
2527 3866 81 28 chain
2621 3867 70 28 wide

2061 3897 37 29 all
2117 3898 118 38 through
2255 3900 55 28 and
2328 3902 46 29 the
2397 3902 68 30 road
2488 3904 107 30 formed
2620 3906 75 36 eight

2061 3936 54 27 feet
2127 3937 79 32 wide,
2219 3938 91 27 which
2323 3939 24 27 is
2359 3949 36 19 no
2409 3950 75 19 more
2499 3942 69 28 than
2581 3952 15 18 a
2610 3943 85 28 bridle

2062 3974 85 27 track.
2183 3975 58 28 The
2254 3975 87 37 prices
2354 3977 127 30 obtained
2496 3979 40 29 for
2549 3980 55 29 this
2616 3980 76 30 work

2061 4021 46 20 are
2119 4014 198 37 exceptionally
2333 4016 62 34 low,
2409 4017 62 38 27/6
2492 4028 48 27 per
2552 4019 82 29 chain
2655 4020 40 28 for

2062 4050 56 28 side
2131 4053 129 34 cuttings,
2274 4053 69 28 bush
2366 4055 93 36 felling
2472 4057 53 27 and
2538 4059 138 35 stumping
2688 4067 5 25 ;

2061 4088 55 28 and
2137 4088 45 39 7/6
2195 4099 48 27 par
2255 4090 81 30 chain
2348 4092 42 29 for
2409 4092 120 38 clearing
2548 4095 69 29 bush
2639 4096 55 29 and

2061 4128 142 37 stumpimj
2224 4138 36 19 on
2280 4129 49 29 flat
2350 4132 73 28 land.
2473 4133 15 28 I
2512 4134 80 28 think
2618 4135 75 29 these

2061 4165 87 35 prices
2167 4167 88 27 would
2273 4168 119 35 frighten
2412 4179 50 19 our
2482 4171 79 36 Lyeli
2581 4172 112 35 friends,

2061 4203 54 29 and
2127 4208 47 33 yet
2185 4205 76 29 these
2274 4215 64 21 men
2354 4207 47 29 tell
2413 4218 45 19 me
2472 4209 67 38 they
2552 4220 50 20 can
2613 4211 81 30 make

2061 4243 51 27 fair
2131 4254 97 26 wages.
2264 4245 15 28 I
2298 4246 71 28 shall
2388 4247 32 28 be
2439 4257 65 28 very
2528 4250 62 33 glad
2612 4251 80 27 when

2061 4280 47 28 the
2137 4281 65 28 road
2227 4282 23 28 is
2274 4285 153 35 completed
2456 4295 31 18 as
2510 4287 47 27 the
2585 4292 108 31 present

2061 4318 77 29 track
2173 4319 23 29 is
2232 4321 156 38 something
2427 4323 152 30 diabolical.
2635 4326 58 29 The

2061 4356 112 37 charges
2185 4358 40 29 for
2237 4360 118 36 packing
2366 4361 29 29 in
2407 4362 154 37 provisions
2571 4374 44 19 are
2629 4374 46 21 con-

2061 4397 143 35 sequently
2222 4407 65 26 very
2305 4399 76 34 high,
2394 4400 81 36 being
2494 4402 56 27 lO
2562 4411 47 26 per
2627 4407 47 24 ton
2685 4412 6 24 ;

2061 4432 54 29 this
2134 4433 88 29 added
2240 4439 29 25 to
2288 4435 46 29 the
2352 4437 115 36 original
2484 4442 57 25 cost
2554 4440 30 27 of
2598 4439 95 29 tucker

2061 4471 134 30 delivered
2216 4476 29 26 at
2274 4474 46 28 the
2351 4476 97 28 mouth
2479 4476 29 28 of
2536 4477 46 29 the
2608 4478 82 29 Owen

2060 4510 110 29 renders
2183 4511 87 37 living
2291 4523 66 26 very
2376 4516 144 35 expensive
2534 4520 28 25 at
2582 4523 109 30 present

2060 4548 28 27 in
2101 4548 55 28 this
2167 4549 120 37 locality,
2324 4552 145 34 However,
2483 4554 46 27 the
2552 4564 61 18 new
2625 4555 64 27 road

2061 4586 54 26 will
2129 4595 66 18 soon
2208 4588 32 26 be
2253 4598 29 16 as
2294 4588 53 27 bid
2360 4589 24 26 if
2393 4594 49 22 not
2453 4600 85 17 worse
2554 4592 67 27 than
2645 4593 45 26 the

2060 4622 45 28 old
2117 4622 78 29 track
2208 4623 24 29 if
2240 4624 22 28 it
2274 4625 23 27 is
2309 4628 48 25 not
2377 4626 139 33 metalled,
2530 4636 29 20 as
2573 4628 47 28 the
2639 4629 38 27 for-

2059 4662 104 27 mation
2176 4662 23 28 is
2211 4664 147 35 composed
2371 4665 101 36 mostly
2485 4666 30 27 of
2526 4666 59 28 stiff
2593 4667 98 35 yellow

2060 4699 59 34 elay
2140 4700 88 28 which
2251 4701 114 28 adheres
2378 4708 72 22 most
2473 4704 168 35 tenaciously
2663 4709 28 23 to

2059 4744 65 19 ones
2143 4737 229 37 nuclei-standings
2398 4740 98 34 during
2510 4742 179 31 ;locomotion.

2059 4772 57 31 The
2148 4775 122 30 weather
2304 4776 50 30 has
2378 4777 69 30 been
2478 4779 134 38 anything
2642 4779 49 31 but

2061 4813 155 29 favourable
2229 4816 41 26 for
2282 4826 75 17 some
2371 4818 65 26 time
2449 4822 68 30 past,
2531 4819 90 27 which
2641 4820 48 27 has

2058 4849 67 28 been
2155 4852 105 35 greatly
2280 4854 193 28 instrumental
2496 4854 30 28 in
2553 4856 138 36 retarding

2059 4888 87 29 works
2159 4889 30 28 of
2199 4899 81 24 every
2293 4890 75 34 kind,
2382 4893 173 36 prospecting
2569 4894 39 28 for
2621 4895 68 28 reefs

2057 4927 136 28 included.
2232 4929 44 27 Mr
2295 4930 27 27 S.
2347 4930 118 36 Baigant
2486 4931 49 28 has
2554 4934 135 31 managed

2057 4967 29 24 to
2100 4965 80 36 bring
2192 4966 28 27 in
2234 4976 15 17 a
2263 4967 101 36 plough
2378 4968 54 27 and
2445 4968 22 27 is
2481 4977 60 19 now
2559 4970 131 33 breaking

2057 5010 36 28 up
2112 5012 15 18 a
2145 5004 108 36 portion
2272 5005 29 27 of
2316 5005 43 28 his
2378 5014 59 24 run,
2457 5006 53 28 and
2529 5006 110 29 intends
2661 5011 28 25 to

2058 5050 63 28 crop
2152 5052 15 18 a
2192 5043 69 36 good
2291 5043 54 30 size
2371 5054 63 19 area
2458 5045 66 29 with
2555 5049 133 34 potatoes,

2058 5080 110 33 swedes,
2191 5086 110 28 carrots,
2315 5087 68 28 oats,
2405 5084 44 27 &c.
2495 5084 71 29 That
2587 5087 85 33 gentle-

2056 5127 66 19 man
2136 5120 56 27 also
2206 5120 109 28 intends
2335 5121 100 36 having
2448 5122 116 28 another
2580 5123 107 37 portion

2056 5157 30 27 of
2096 5157 47 28 the
2156 5158 100 28 station
2268 5158 53 28 laid
2337 5160 39 27 off
2385 5160 57 28 into
2456 5170 16 18 a
2485 5162 136 36 township
2645 5162 42 28 for

2056 5195 64 31 sale,
2134 5196 54 27 and
2202 5207 29 17 as
2244 5197 54 28 this
2317 5198 54 28 will
2393 5198 32 28 be
2438 5198 46 28 the
2498 5199 64 36 only
2585 5200 101 28 chance

2056 5232 45 29 the
2117 5235 88 35 public
2220 5245 50 18 can
2284 5235 90 29 obtain
2389 5237 29 27 of
2437 5238 124 35 securing
2574 5248 16 18 a
2610 5239 75 36 piece

2056 5272 28 27 of
2094 5272 121 29 freehold
2237 5275 113 34 ground,
2365 5275 15 27 I
2402 5275 79 28 think
2497 5278 46 26 the
2565 5278 105 35 specula-

2056 5317 56 22 tion
2126 5322 15 18 a
2154 5312 69 36 good
2235 5322 60 19 one.

2088 5351 24 26 A
2126 5350 101 29 branch
2241 5355 61 33 post
2315 5352 76 28 office
2404 5352 23 28 is
2441 5362 61 19 now
2522 5353 163 29 established

2055 5386 35 38 by
2114 5389 47 28 the
2181 5390 186 29 Government
2392 5395 28 24 at
2444 5391 113 29 Bnlmer
2582 5393 102 33 Creek;

2055 5427 55 27 this
2128 5428 55 28 will
2202 5437 83 27 prove
2305 5439 15 17 a
2340 5433 76 31 great
2435 5431 187 28 convenience.
2671 5432 15 26 I

2055 5464 66 29 hear
2133 5465 60 30 that
2208 5476 34 19 an
2256 5466 73 30 hotel
2343 5477 21 19 is
2378 5467 82 29 about
2475 5468 79 37 being
2577 5468 68 30 built
2658 5473 28 25 at

2056 5504 125 28 Flowers'
2197 5506 70 32 Flat,
2282 5507 27 26 in
2324 5507 52 27 fact
2389 5507 46 27 the
2449 5517 119 25 sawyers
2585 5509 55 27 will
2653 5508 32 28 be

2054 5541 28 27 in
2102 5545 64 24 next
2185 5543 76 28 week
2282 5547 28 24 to
2324 5547 45 25 cut
2390 5544 45 27 the
2456 5545 106 32 timber,
2577 5555 29 18 so
2631 5546 55 27 this

2056 5580 73 27 looks
2142 5581 54 28 like
2215 5581 133 33 business,
2363 5583 55 27 and
2439 5593 29 18 as
2490 5584 46 27 the
2550 5594 60 18 new
2623 5585 61 27 field

2054 5617 49 28 has
2122 5619 68 28 been
2210 5620 164 36 proclaimed
2394 5630 15 18 a
2432 5621 101 36 special
2553 5623 133 35 licencing

2054 5656 113 33 district,
2188 5658 75 27 there
2282 5659 54 27 will
2359 5658 31 28 be
2404 5669 34 18 no
2452 5659 55 28 fear
2520 5660 30 28 of
2568 5661 119 35 running

2054 5694 75 30 short
2141 5696 30 28 of
2182 5696 45 29 the
2242 5698 107 27 needful
2397 5698 115 29 medical
2526 5701 130 28 comforts

2054 5734 189 37 onajourn?y
2263 5740 26 24 to
2313 5738 44 26 the
2377 5738 83 26 reefs:
2481 5748 29 17 as
2522 5738 21 27 it
2564 5739 23 27 is
2608 5739 76 27 there

2054 5771 19 27 is
2088 5774 46 26 not
2148 5781 16 19 a
2176 5772 118 28 licensed
2308 5773 83 29 house
2404 5774 118 28 between
2536 5776 72 27 Fern
2622 5776 62 28 Flat

2054 5810 52 28 and
2122 5811 150 35 Motupiko,
2281 5823 14 17 a
2307 5811 120 31 distance
2437 5814 30 28 of
2477 5825 63 18 over
2554 5816 33 28 59
2597 5815 87 29 miles.

2856 228 194 35 REEFTON
3078 231 174 37 LETTER.

2942 293 53 16 -.
3047 293 19 16 +

2801 322 83 34 (from
2903 332 55 19 our
2976 334 62 19 own
3056 332 253 33 correspondent.)

2899 423 196 40 Wednesday,
3114 428 173 40 September
3302 431 27 30 1.

2771 476 25 31 It
2810 490 56 18 was
2879 491 34 18 an
2930 483 132 30 excellent
3074 485 60 28 idea
3147 486 30 27 of
3191 487 111 36 Carey's
3322 487 47 28 the

2736 518 115 35 sending
2873 529 35 18 an
2927 526 116 23 account
3061 524 30 26 of
3106 524 47 26 the
3172 524 52 34 Big
3242 525 60 35 Bay
3325 534 28 19 ex-

2735 556 121 36 pedition
2883 563 26 22 to
2929 557 46 30 the
2998 559 126 30 Minister
3141 562 31 28 of
3194 562 98 30 Mines.
3341 564 28 28 It

2736 595 109 30 became
2858 595 100 30 known
2972 601 29 26 at
3020 606 67 22 once
3101 599 45 30 the
3167 600 90 31 whole
3271 602 94 37 length

2735 635 53 26 and
2801 634 114 29 breadth
2928 637 31 26 of
2968 637 46 28 the
3027 639 113 35 Colony,
3155 640 47 27 but
3217 641 12 26 I
3244 641 85 28 doubt
3348 642 23 26 if

2733 670 22 29 it
2780 669 91 30 would
2889 672 70 29 have
2978 676 133 27 attracted
3130 677 82 28 much
3231 679 90 27 notice
3347 679 24 27 if

2734 708 46 29 the
2799 709 64 34 line,
2912 710 34 29 In
2965 712 36 27 all
3025 712 77 30 these
3126 714 91 30 cresks
3242 715 77 30 there
3344 715 24 30 is

2733 748 94 37 plenty
2862 748 31 30 of
3054 752 55 29 had
3145 753 69 30 been
3243 755 123 30 omitted*

2732 786 155 36 Naturally,
2901 791 27 24 to
2948 797 16 19 a
2986 790 169 36 gold-digger
3173 792 56 27 this
3241 802 57 18 was
3321 794 46 27 the

2731 823 59 37 pith
2817 825 54 28 and
2890 834 117 22 marrow
3029 827 31 30 of
3075 828 41 30 his
3135 829 88 33 letter,
3242 830 55 29 and
3316 831 50 29 has

2732 863 67 26 been
2822 863 45 27 the
2889 872 80 20 cause
2992 866 30 27 of
3043 868 82 26 much
3148 870 169 26 commotion
3337 870 30 27 in

2732 899 139 37 Dunediu,
2889 900 189 40 Invercargill,
3092 905 54 29 and
3167 906 78 30 other
3266 906 100 39 places,

2730 939 89 29 where
2836 941 72 35 large
2922 943 134 34 meetings
3069 944 69 29 have
3146 945 68 29 been
3225 946 64 28 held
3299 948 64 27 with

2729 976 45 28 the
2796 978 87 35 object
2908 978 29 28 of
2967 981 116 32 sending
3111 986 46 23 out
3188 985 175 34 prospecting

2729 1014 108 37 parties.
2887 1016 27 30 It
2933 1016 24 30 is
2975 1020 60 27 true
3054 1018 61 30 that
3132 1020 47 28 the
3204 1024 116 35 country
3343 1022 23 28 is

2729 1053 57 27 also
2812 1054 139 29 described
2975 1066 31 18 as
3029 1058 117 28 mineral
3173 1059 121 34 bearing,
3318 1060 47 27 but

2731 1090 53 30 this
2802 1101 40 19 we
2862 1093 82 29 know
2961 1094 92 30 would
3071 1100 49 24 not
3138 1095 30 30 of
3190 1097 74 29 itself
3285 1107 80 19 cause

2728 1131 83 27 much
2836 1133 180 33 enthusiasm,
3042 1135 55 27 and
3129 1145 16 18 a
3172 1136 49 28 sad
3253 1136 113 37 damper

2730 1172 74 24 must
2817 1168 69 30 have
2899 1178 78 20 come
2990 1180 65 19 over
3068 1172 47 28 the
3128 1173 79 27 affair
3218 1174 80 28 when
3318 1174 47 28 the

2729 1206 132 36 telegram
2886 1207 71 31 from
2979 1209 89 38 Carey
3088 1220 56 20 was
3167 1213 123 29 received
3315 1223 31 19 an-

2730 1247 139 34 nouncing
2926 1251 95 31 quartz
3072 1249 98 28 should
3191 1250 33 27 be
3245 1251 66 27 read
3334 1253 29 26 in

2729 1280 76 37 place
2818 1282 30 29 of
2866 1283 62 37 gold
3022 1284 37 29 all
3080 1286 76 29 these
3168 1287 94 29 creeks
3287 1288 77 28 there

2728 1320 23 27 is
2765 1320 96 37 plenty
2880 1322 31 27 of
3075 1324 73 29 That
3168 1325 110 29 does'nt
3299 1326 65 28 read

2728 1356 60 29 half
2797 1367 29 18 so
2840 1359 69 33 well,
2923 1359 55 28 and
2990 1360 98 28 indeed
3101 1371 41 18 we
3155 1362 112 28 need'nt
3277 1364 87 27 travel

2728 1399 28 24 to
2775 1395 53 36 Big
2847 1397 61 35 Bay
2925 1401 29 25 to
2972 1397 58 29 find
3048 1399 93 28 creeks
3160 1400 31 28 of
3207 1401 62 29 that
3287 1401 76 29 kind.

2728 1433 140 35 Although
2883 1443 40 18 we
2936 1435 99 27 should
3045 1436 38 27 all
3095 1437 54 26 like
3162 1441 28 24 to
3203 1438 66 27 hear
3279 1439 30 26 of
3318 1440 46 26 the

2729 1468 59 28 Bed
2818 1470 60 28 Hill
2914 1470 108 31 district
3050 1473 133 37 eclipsing
3213 1484 69 19 even
3316 1475 47 28 the

2728 1507 108 29 French
2848 1508 98 39 legend
2958 1510 127 30 attached
3106 1516 29 25 to
3147 1512 31 35 it,
3192 1512 22 29 it
3238 1517 76 25 must
3332 1514 32 29 be

2729 1546 134 30 admitted
2881 1548 47 30 the
2948 1548 61 30 first
3029 1560 80 20 move
3130 1552 120 28 towards
3274 1554 21 27 it
3314 1554 50 27 has

2728 1584 67 28 been
2819 1586 80 28 made
2920 1587 87 28 under
3027 1588 48 29 the
3094 1590 118 36 impulse
3226 1590 30 28 of
3276 1599 16 19 a
3306 1592 57 33 sell,

2728 1622 190 39 inadvertenly
2930 1625 127 38 perhaps,
3069 1626 50 30 but
3131 1637 36 19 no
3181 1627 63 34 less,
3259 1637 16 19 a
3287 1629 59 29 sell.

2762 1661 24 27 A
2815 1662 150 38 gratifying
2993 1663 105 39 change
3128 1674 115 29 appears
3273 1670 29 26 to
3331 1667 33 29 be

2729 1699 110 37 coming
2851 1710 65 19 over
2935 1701 107 37 mining
3054 1707 125 31 matters,
3193 1704 54 29 and
3259 1715 42 20 we
3320 1715 45 20 are

2728 1746 62 18 now
2814 1740 191 36 experiencing
3028 1750 52 19 one
3105 1742 31 27 of
3157 1742 79 28 those
3262 1743 101 28 flashes

2728 1774 91 28 which
2832 1776 42 27 for
2886 1785 16 18 a
2914 1776 67 28 time
2994 1777 66 28 tend
3080 1782 29 24 to
3121 1778 129 37 brighten
3269 1781 94 36 things

2729 1820 46 28 up.
2824 1812 15 29 I
2864 1816 71 27 trust
2946 1814 22 29 it
2980 1824 67 29 may
3069 1815 33 30 be
3116 1816 119 38 lasting;
3254 1822 29 25 at
3306 1828 56 27 any

2728 1853 59 24 rate
2800 1860 15 18 a
2827 1852 127 28 renewed
2966 1853 102 36 feeling
3077 1855 31 27 of
3123 1855 159 28 confidence
3302 1866 44 26 per-

2728 1886 84 29 vades
2833 1888 46 29 the
2901 1889 85 37 place,
3000 1889 41 30 for
3061 1891 91 29 which
3176 1892 48 29 the
3245 1896 116 32 returns,

2729 1933 74 20 some
2817 1926 29 28 of
2865 1926 79 29 them
2956 1928 143 34 excellent,
3111 1929 43 29 for
3175 1930 47 29 the
3235 1931 55 28 last
3309 1931 53 29 few

2728 1962 89 30 weeks
2829 1962 70 31 have
2920 1967 29 26 to
2968 1965 34 29 be
3022 1966 131 30 thanked.
3201 1968 59 29 The
3280 1970 82 27 share

2729 2001 107 29 market
2861 2002 50 29 has
2930 2002 68 31 been
3019 2005 152 30 somewhat
3193 2006 79 37 busy,
3292 2008 70 29 local

2728 2039 109 35 capital,
2851 2040 103 36 having
2972 2041 69 28 faith
3058 2043 30 27 in
3099 2043 48 28 the
3160 2043 92 29 future
3265 2044 31 28 of
3313 2046 47 27 the

2728 2075 86 37 place,
2828 2076 112 40 seeking
2960 2077 75 32 what
3048 2080 22 30 it
3093 2080 140 30 considers
3253 2081 91 31 favour-

2728 2114 59 29 able
2801 2116 108 29 outlets.
2947 2117 159 30 Boatmans'
3120 2120 78 29 stock
3212 2121 24 28 is
3251 2122 109 34 chieflly

2728 2152 29 27 in
2770 2153 129 33 demand,
2911 2154 49 28 but
2977 2154 125 31 business
3112 2157 25 28 is
3148 2157 81 37 being
3248 2158 72 29 done
3331 2159 31 28 in

2729 2191 109 29 va;ious
2852 2191 78 30 lines.

2761 2230 36 28 At
2810 2230 47 29 the
2870 2231 94 29 Venus
2976 2232 47 30 the
3035 2237 99 34 output
3154 2236 24 28 is
3190 2235 105 38 steady,
3309 2236 53 29 and

2727 2268 170 30 maintained
2918 2270 68 30 with
3005 2272 159 38 regularity.
3209 2274 58 30 The
3288 2274 74 29 aerial

2727 2307 55 28 line
2796 2307 99 36 during
2909 2309 45 27 the
2964 2309 54 36 day
3030 2311 23 28 is
3065 2310 66 37 kept
3142 2312 94 36 going,
3247 2313 115 33 sending

2728 2343 80 30 down
2830 2349 105 33 quartz,
2949 2356 15 19 a
2976 2347 53 29 few
3049 2349 54 28 odd
3125 2349 85 30 hours
3224 2359 64 21 now
3308 2350 54 29 and

2727 2383 82 37 again
2822 2383 80 39 being
2911 2385 82 30 taken
3016 2387 153 38 advantage
3183 2389 30 29 of
3232 2394 28 24 to
3273 2390 89 37 repair

2727 2422 46 28 the
2783 2422 106 29 weaker
2901 2425 140 35 portions;
3059 2427 57 29 this
3128 2428 24 27 is
3161 2428 47 28 the
3223 2428 65 28 wire
3297 2438 65 27 rope

2727 2460 90 28 which
2830 2460 23 28 it
2865 2461 56 28 will
2942 2462 31 29 be
2987 2463 161 30 recollected
3161 2475 56 19 was
3235 2466 126 28 obtained

2726 2497 72 30 from
2822 2498 48 30 the
2894 2499 87 31 Globe
3006 2510 31 21 as
3054 2512 16 20 a
3093 2507 157 35 temporary
3270 2503 73 31 make-

2728 2538 66 28 shift
2806 2539 70 28 until
2889 2548 16 18 a
2915 2549 61 19 new
2989 2550 52 20 one
3055 2542 107 29 arrived
3174 2543 71 28 from
3262 2542 82 30 home
3354 2552 7 26 ;

2728 2575 54 28 this
2801 2585 56 19 was
2875 2576 86 30 heard
2983 2583 27 24 ot
3034 2578 53 30 last
3109 2580 77 29 week
3205 2584 29 26 at
3257 2581 105 29 Hobart

2726 2613 56 29 and
2795 2613 54 30 will
2862 2614 134 31 therefore
3009 2617 105 38 shortly
3128 2618 32 30 be
3173 2619 101 30 landed
3288 2619 72 29 here.

2726 2652 59 29 The
2799 2653 75 28 drive
2887 2653 42 29 for
2940 2654 47 29 the
2999 2660 117 24 western
3126 2658 61 28 reef
3192 2658 23 28 is
3227 2658 29 28 in
3279 2658 40 29 165
3319 2658 41 29 ft.

2726 2690 66 29 This
2817 2690 51 29 has
2886 2691 68 29 been
2973 2693 115 37 stopped
3111 2695 41 28 for
3169 2695 48 29 the
3243 2700 118 33 present,

2726 2729 54 28 and
2804 2729 46 29 the
2872 2730 89 29 hands
2974 2736 41 25 set
3028 2737 27 25 to
3076 2732 62 30 sink
3159 2743 36 20 on
3216 2734 47 30 the
3284 2739 77 25 stone

2726 2767 70 27 from
2809 2768 47 27 the
2870 2769 105 28 surface
2984 2778 7 25 ;
3009 2770 48 28 the
3067 2776 76 23 stone
3157 2782 56 17 was
3225 2774 134 35 supposed

2726 2809 28 24 to
2766 2804 33 29 be
2813 2805 150 38 undelying
2974 2811 29 25 to
3015 2808 48 29 the
3075 2811 76 31 west,
3166 2810 48 28 but
3233 2810 72 29 from
3315 2810 46 29 the

2724 2843 71 30 little
2817 2845 76 29 work
2916 2845 69 30 done
3004 2846 22 30 it
3049 2847 52 29 has
3119 2858 16 19 a
3156 2849 82 35 grade
3262 2853 29 26 to
3314 2850 47 29 the

2725 2887 76 29 east;
2819 2883 23 26 if
2851 2893 30 18 so
2895 2884 47 28 the
2960 2886 96 28 tunnel
3076 2886 56 28 will
3142 2887 71 28 have
3225 2892 28 24 to
3272 2888 33 28 be
3316 2898 29 18 ex-

2726 2919 108 29 tended.

2761 2959 57 28 The
2848 2964 109 32 present
2987 2961 71 35 leyel
3082 2963 30 28 in
3130 2963 47 29 the
3202 2964 157 36 Inglewood

2724 2995 81 35 being
2826 2997 110 27 worked
2954 3002 50 24 out
3032 2999 48 28 the
3111 3000 90 27 hands
3230 3009 46 19 are
3305 3001 39 28 dis-

2725 3032 127 37 charged.
2907 3034 58 30 The
2990 3039 77 26 stone
3090 3037 29 28 in
3146 3037 48 29 the
3219 3038 139 37 paddocks

2724 3071 54 27 will
2803 3071 68 37 keep
2895 3072 47 30 the
2962 3074 108 37 battery
3088 3077 121 34 running
3221 3077 70 27 until
3312 3078 47 27 the

2725 3108 53 28 end
2792 3109 30 28 of
2842 3114 66 26 next
2929 3111 86 34 week,
3027 3112 82 30 when
3129 3113 77 29 there
3219 3114 56 29 will
3288 3114 32 30 be
3341 3124 16 20 a

2724 3147 67 28 final
2804 3148 125 38 cleaning
2941 3160 45 26 up.
3022 3152 59 28 The
3093 3152 70 29 level
3185 3153 63 28 that
3259 3154 24 27 is
3296 3163 61 19 now

2724 3185 29 27 in
2767 3185 74 28 hand
2855 3187 55 28 will
2931 3188 63 28 take
3006 3192 30 24 at
3055 3189 69 28 least
3145 3192 31 26 15
3198 3191 112 27 months
3329 3196 28 24 to

2724 3223 82 29 reach
2816 3224 47 28 the
2874 3225 54 29 line
2938 3226 31 28 of
2979 3227 62 28 reef.
3078 3227 121 30 Tenders
3206 3229 42 28 for
3257 3229 99 29 tribute

2724 3269 70 20 were
2818 3267 61 23 sent
2902 3264 40 33 in,
2960 3264 49 29 but
3033 3274 30 19 as
3086 3265 49 29 the
3158 3266 199 36 specifications

2725 3299 90 29 would
2827 3301 106 36 require
2945 3305 29 27 to
2992 3302 33 30 be
3037 3304 166 30 remodelled
3223 3309 29 26 to
3264 3311 93 33 accept

2723 3337 88 34 them,
2824 3339 46 28 the
2884 3339 119 30 decision
3015 3342 24 28 is
3051 3346 49 24 not
3111 3347 48 31 yet
3170 3343 110 29 known.

2759 3375 44 28 Mr
2816 3376 126 30 Gardner
2955 3377 25 29 is
2995 3379 115 36 making
3120 3389 17 20 a
3149 3389 100 28 survey
3261 3381 30 29 of
3309 3381 47 29 the

2724 3413 89 37 Royal
2825 3414 60 29 Oak
2907 3419 29 26 to
2955 3416 151 31 determine
3119 3419 48 29 the
3189 3420 119 36 position
3326 3421 30 28 in

2723 3452 90 28 which
2827 3452 46 29 the
2886 3453 55 29 line
2954 3455 31 28 of
2993 3455 47 30 the
3052 3460 116 25 western
3180 3458 56 28 and
3248 3462 107 25 eastern

2723 3490 69 29 reefs
2804 3491 31 28 of
2853 3492 47 29 the
2912 3492 95 31 Venus
3023 3504 68 28 may
3110 3494 34 31 be
3156 3495 98 31 looked
3274 3497 42 29 for
3326 3499 29 27 in

2723 3528 55 28 this
2799 3529 92 29 claim.
2938 3532 172 29 Favourable
3128 3534 160 29 reef-tracks
3310 3545 45 19 are

2723 3566 124 37 showing
2860 3567 29 30 in
2902 3568 47 30 the
2962 3570 68 35 Oak,
3040 3571 49 29 but
3102 3571 47 30 the
3157 3573 106 36 ground
3274 3573 82 37 being

2723 3608 28 25 at
2764 3614 16 19 a
2793 3606 82 28 much
2888 3607 83 29 lower
2979 3608 136 30 elevation
3123 3610 68 29 than
3197 3611 47 28 the
3251 3612 103 34 Venus,

2723 3650 217 25 measurements
2961 3646 55 30 will
3040 3648 67 36 only
3131 3648 75 30 show
3229 3649 24 29 if
3279 3650 76 30 these

2724 3689 45 19 are
2783 3681 47 28 the
2842 3682 74 33 right
2929 3692 73 19 ones.

2757 3718 38 28 As
2799 3722 56 40 jet
2867 3719 76 31 there
2954 3721 24 28 is
2986 3721 118 38 nothing
3115 3723 152 37 important
3278 3728 28 26 to
3314 3735 26 19 re-

2722 3759 63 31 port
2794 3755 70 29 from
2873 3758 46 27 the
2930 3759 118 36 Eclipse.
3085 3761 199 36 Cross-cutting
3296 3763 57 28 into

2723 3793 57 29 foot
2792 3794 62 28 wall
2875 3794 70 29 from
2957 3796 49 29 the
3026 3796 107 30 bottom
3145 3798 30 29 of
3195 3799 48 28 the
3267 3801 86 28 winze

2722 3840 56 18 was
2796 3831 60 29 first
2872 3834 122 28 resorted
3012 3839 37 30 to,
3063 3836 68 28 after
3148 3837 23 28 it
3188 3846 56 19 was
3265 3837 88 30 bailed

2722 3873 58 29 out,
2790 3869 49 29 but
2848 3870 118 30 without
2972 3881 55 28 any
3037 3874 115 34 change-
3188 3874 165 30 Particulars

2722 3907 31 28 of
2762 3907 46 29 the
2821 3907 94 38 depth,
2928 3919 31 20 or
2971 3911 84 29 strike
3063 3912 29 28 of
3103 3912 47 30 the
3157 3921 78 21 stone
3243 3914 110 29 worked

2722 3945 71 27 from
2811 3947 56 27 this
2886 3948 87 28 winze
2990 3957 47 20 are
3060 3949 116 31 difficult
3199 3954 29 25 to
3251 3952 102 33 obtain,

2723 3983 46 28 but
2782 3982 22 31 it
2817 3983 23 30 is
2853 3985 139 38 generally
3000 3986 166 31 understood
3177 3987 63 31 that
3251 3991 29 28 at
3288 3989 64 30 60ft.

2722 4021 47 29 the
2780 4027 77 25 stone
2879 4024 81 29 when
2981 4035 67 20 near
3067 4026 48 30 the
3133 4027 144 38 boundary
3299 4029 53 29 aud

2722 4060 116 36 striking
2850 4066 29 23 to
2894 4062 47 28 the
2953 4063 82 28 north
3054 4068 74 25 went
3140 4069 57 24 out.
3241 4067 38 27 At
3298 4067 55 28 this

2721 4097 78 37 point
2812 4099 133 31 therefore
2957 4100 47 31 the
3016 4102 77 29 track
3105 4102 101 30 should
3225 4103 33 30 be
3271 4108 29 27 at
3317 4104 36 31 its

2722 4137 66 31 best,
2804 4138 54 28 and
2870 4139 92 29 would
2974 4140 84 37 likely
3069 4150 86 28 repay
3170 4142 148 35 following.

2755 4175 36 28 In
2809 4176 47 27 the
2876 4177 109 29 Wealth
3004 4178 31 28 of
3054 4179 125 34 Nations,
3198 4181 108 37 driving
3325 4184 28 26 to

2720 4212 47 30 the
2778 4213 82 30 north
2871 4224 36 20 on
2918 4215 46 29 the
2975 4217 77 29 track
3062 4217 51 31 has
3121 4217 69 31 been
3201 4220 152 38 suspended

2720 4252 42 28 for
2773 4262 16 18 a
2802 4253 76 33 time,
2888 4255 23 28 it
2920 4255 81 36 being
3012 4256 47 28 the
3068 4258 137 28 intention
3216 4262 28 25 to
3253 4259 37 29 let
3297 4260 55 27 this

2720 4289 37 36 by
2775 4294 130 25 contract.
2952 4292 136 30 Boulders
3111 4295 55 28 and
3182 4297 122 34 portions
3326 4297 27 27 of

2719 4327 147 30 reef-stone
2898 4338 46 20 are
2973 4331 184 39 occasionally
3191 4337 58 26 met
3284 4335 67 29 with

2719 4366 90 30 which
2839 4368 154 38 invariably
3021 4379 79 29 carry
3129 4372 117 37 payable
3269 4374 82 36 gold;

2720 4404 75 28 these
2822 4406 165 29 indications
3009 4408 63 28 lead
3095 4409 47 28 the
3165 4411 133 35 sanguine
3323 4416 29 24 to

2719 4441 102 30 believe
2834 4442 47 29 the
2900 4443 59 29 reef
2975 4444 78 30 itself
3072 4445 57 29 will
3149 4446 34 30 be
3194 4450 59 28 met
3275 4457 77 21 some

2719 4479 62 39 day.
2818 4481 61 28 The
2892 4491 89 27 wages
2994 4483 89 29 hands
3095 4484 56 30 will
3164 4485 33 30 be
3208 4487 143 38 employed

2719 4519 109 37 sinking
2841 4519 47 29 the
2901 4520 82 35 Bhaft,
2995 4521 47 30 the
3055 4523 122 38 winding
3188 4525 87 29 wheel
3296 4526 56 29 and

2719 4558 174 27 connections
2905 4558 81 36 being
2997 4561 134 35 arranged
3147 4563 202 37 satisfactorily.

2753 4594 87 26 There
2861 4595 23 25 is
2896 4604 37 18 no
2946 4596 105 36 change
3063 4601 29 24 to
3113 4599 136 28 chronicle
3262 4601 29 26 in
3304 4601 46 28 the

2719 4629 207 37 Keep-it-Dark.
2975 4632 29 29 If
3024 4634 48 28 the
3095 4636 132 36 crushing
3250 4636 99 38 during

2718 4668 46 28 the
2778 4669 58 28 first
2849 4669 89 29 weeks
2955 4671 32 28 of
3004 4681 17 19 a
3032 4672 99 29 month
3152 4674 33 28 be
3198 4674 87 30 below
3303 4676 47 28 the

2717 4714 123 27 average,
2853 4707 46 27 the
2910 4709 103 36 closing
3021 4718 66 20 ones
3096 4719 46 19 are
3152 4712 153 37 invariably
3314 4723 35 18 an

2717 4743 208 35 improvement,
2938 4745 56 28 and
3015 4746 48 29 the
3075 4748 86 29 result
3175 4749 24 27 is
3211 4749 47 28 the
3271 4751 78 27 usual

2717 4780 137 31 dividend.
2891 4782 58 31 The
2970 4787 166 29 contractors
3153 4785 41 31 for
3206 4786 54 31 low
3280 4787 70 32 level

2717 4821 96 27 tunnel
2826 4831 46 17 are
2884 4822 114 35 making
3009 4824 71 33 good
3093 4825 141 35 headway.

2751 4857 37 27 As
2802 4865 17 20 a
2837 4859 84 27 result
2933 4859 31 27 of
2981 4859 47 29 the
3041 4860 54 29 late
3108 4862 133 28 excellent
3261 4863 88 36 yields

2718 4893 46 30 the
2777 4895 139 30 Welcome
2929 4896 50 30 has
3000 4898 124 30 declared
3136 4910 17 19 a
3170 4900 130 30 dividend
3322 4903 30 27 of

2717 4933 61 27 four
2802 4933 136 38 shillings.
2973 4936 68 29 This
3058 4938 24 27 is
3100 4947 30 18 as
3147 4939 23 27 it
3188 4939 98 29 should
3305 4942 41 26 be.

2717 4970 58 28 The
2788 4980 167 27 appearance
2975 4974 31 28 of
3022 4973 48 30 the
3091 4977 75 27 mine
3178 4982 133 23 warrants
3331 4988 16 17 a

2717 5008 136 37 repitition
2863 5009 31 29 of
2902 5010 70 37 good
2980 5011 159 37 dividends;
3152 5014 54 29 and
3215 5015 130 35 although

2717 5046 45 29 the
2781 5051 79 26 stone
2879 5048 24 30 is
2922 5050 82 29 small
3023 5050 47 31 the
3091 5053 127 37 quantity
3238 5053 30 30 of
3284 5054 61 37 gold

2715 5094 48 27 per
2786 5095 98 27 square
2901 5088 58 30 foot
2976 5089 32 28 of
3027 5093 76 34 stope
3128 5092 23 27 is
3169 5100 30 19 as
3221 5097 75 30 great
3316 5102 30 20 as

2717 5123 78 29 when
2806 5125 47 28 the
2865 5126 59 28 reef
2932 5126 23 29 is
2968 5126 95 38 larger.

2748 5162 58 29 The
2825 5168 108 25 returns
2951 5165 69 29 from
3034 5166 47 29 the
3102 5167 80 36 Fiery
3199 5178 70 20 were
3288 5170 58 29 also

2715 5210 65 26 very
2791 5202 78 34 good.
2907 5203 58 29 The
2977 5208 109 25 returns
3097 5206 43 28 for
3151 5206 46 28 the
3209 5206 61 30 first
3281 5207 50 29 fort-

2715 5240 79 33 night
2807 5250 70 19 were
2888 5241 114 37 delayed
3012 5243 90 35 owing
3111 5248 28 24 to
3149 5245 46 28 the
3213 5245 132 36 breakage

2714 5278 29 26 of
2751 5287 16 18 a
2777 5278 186 40 chain-pulley
2972 5281 89 28 which
3071 5281 82 30 drove
3163 5283 47 28 the
3218 5283 125 35 berdans,

2713 5316 55 28 this
2780 5317 23 27 is
2816 5326 63 20 now
2897 5319 140 29 remedied
3048 5320 55 29 and
3124 5321 46 29 the
3190 5323 136 28 accumula-

2714 5354 44 28 ted
2774 5355 67 28 sand
2854 5356 23 28 is
2896 5356 82 38 being
2990 5358 98 36 passed
3107 5360 127 37 through.
3282 5361 27 28 It
3322 5363 22 26 is

2713 5393 56 28 safe
2788 5397 28 24 to
2835 5403 48 26 say
2907 5395 61 30 that
2985 5397 47 29 the
3056 5406 169 28 appearance
3246 5399 31 29 of
3298 5400 45 28 the

2714 5431 59 27 reef
2781 5431 28 28 in
2823 5433 47 27 the
2882 5437 91 32 stopes
2985 5435 50 27 has
3048 5441 49 23 not
3107 5436 66 28 been
3189 5439 153 34 surpassed,

2714 5469 53 28 and
2780 5469 45 30 the
2840 5471 105 37 quality
2957 5472 31 29 of
3006 5472 47 30 the
3066 5474 129 38 crushing
3208 5476 23 28 is
3242 5485 101 28 among

2714 5509 45 26 the
2772 5508 67 28 best.
2876 5510 36 27 In
2929 5511 105 35 Fiery's
3054 5521 148 19 numerous
3222 5518 105 24 transac-

2713 5546 72 28 tions
2814 5546 70 29 have
2908 5547 82 29 taken
3014 5547 85 38 place,
3124 5550 56 29 and
3208 5551 66 38 they
3297 5561 46 20 are

2712 5584 93 37 firmly
2817 5585 64 28 held
2893 5586 41 28 for
2947 5586 97 36 higher
3055 5587 108 36 figures.

2747 5622 58 28 The
2818 5627 76 23 stoue
2907 5624 84 36 lately
3004 5625 69 27 from
3086 5626 47 28 the
3145 5626 195 30 Just-in-Time

2714 5660 48 28 has
2776 5664 47 24 not
2836 5671 78 19 come
2927 5671 35 28 up
2976 5667 27 24 to
3015 5664 194 36 expectations.
3246 5666 97 36 Owing

2713 5703 27 25 to
2762 5709 16 19 a
2797 5699 82 29 break
2897 5701 29 28 in
2945 5701 47 29 the
3009 5702 65 34 reef,
3093 5703 89 29 where
3201 5704 46 30 the
3267 5709 75 25 stone

2713 5739 54 27 had
2790 5739 66 27 been
2876 5740 79 33 good,
2968 5741 47 27 the
3036 5742 128 36 quantity
3183 5744 31 27 of
3234 5745 110 27 inferior

2713 5779 76 24 stone
2815 5778 110 35 coming
2943 5777 69 29 from
3043 5779 78 28 other
3147 5785 74 31 parts
3241 5782 29 27 of
3296 5783 47 27 the

2712 5815 74 28 mine
2814 5816 223 36 preponderated,
3063 5819 56 28 and
3148 5820 122 30 lessened
3297 5821 45 29 the

3402 238 82 37 yield.
3530 238 58 27 The
3610 239 58 26 reef
3686 240 29 26 in
3736 240 47 27 the
3797 240 52 27 loft
3866 240 69 28 level
3948 242 22 26 is
3993 242 28 27 de-

3400 277 104 28 scribed
3514 287 30 19 as
3553 277 30 30 of
3593 277 69 38 good
3673 279 115 36 quality,
3800 279 47 28 but
3861 289 75 19 some
3946 280 89 30 weeks

3402 316 53 29 will
3469 317 90 36 elapse
3570 317 89 28 before
3673 319 21 27 it
3704 327 51 18 can
3769 319 102 36 largely
3881 321 98 36 supply
3989 321 46 28 the

3401 355 68 26 mill.

3434 402 58 28 The
3506 402 32 27 21
3555 406 62 24 toils
3629 402 31 28 of
3679 405 75 26 stone
3767 404 116 28 crushed
3896 404 70 29 from
3990 406 46 28 the

3400 439 75 28 Lone
3499 440 71 28 Star,
3583 439 109 37 yielded
3704 445 28 24 at
3746 441 46 28 the
3805 447 58 23 rate
3875 443 31 27 of
3925 442 113 30 34dwts.

3399 482 27 24 to
3457 478 47 28 the
3530 484 56 22 ton.
3623 479 58 28 Tbe
3704 479 138 29 intention
3866 490 71 23 now,
3964 492 29 18 as
4017 483 22 28 it

3402 517 91 27 would
3520 517 70 27 have
3603 516 68 28 teen
3683 518 114 27 wisdom
3810 520 113 27 months
3936 530 51 24 ago
4010 525 28 23 to

3401 554 44 33 do,
3458 555 24 27 is
3503 559 28 24 to
3551 554 66 29 float
3636 564 16 19 a
3663 564 136 29 company
3819 557 55 28 and
3895 558 74 28 work
3990 558 46 29 the

3402 595 83 27 mine.
3522 595 38 27 As
3572 604 16 18 a
3601 594 74 37 largfe
3692 595 176 33 expenditure
3882 598 87 27 under
3981 608 56 23 any

3399 633 211 29 circumstances
3631 634 23 27 is
3680 635 123 35 required
3824 636 42 27 for
3878 636 107 36 battery
4007 646 30 20 or

3398 672 41 25 for
3451 672 163 33 conveying,
3772 673 63 32 line,
3849 679 77 22 stone
3941 680 28 21 to
3990 675 46 27 the

3395 706 116 38 battery,
3524 708 47 28 the
3590 710 102 34 testing
3705 709 31 29 of
3754 709 46 29 the
3813 716 181 24 continuance
4008 712 30 28 of

3395 746 45 29 the
3464 747 59 29 reef
3537 747 35 37 by
3591 747 108 38 driving
3716 748 56 30 aud
3791 749 110 36 sinking
3921 751 56 30 will
4001 752 32 29 be

3394 785 47 28 tbe
3469 786 60 27 first
3546 792 102 21 matter
3665 788 29 26 in
3718 787 84 28 hand.
3852 790 102 26 Should
3979 791 56 27 this

3395 831 83 28 prove
3509 828 164 32 permanent
3703 825 78 29 other
3804 825 96 30 claims
3924 837 36 19 on
3985 828 47 28 the

3395 861 55 28 line
3462 863 58 26 will
3532 862 68 27 then
3612 872 78 19 come
3702 864 108 36 rapidly
3819 869 28 24 to
3861 867 45 26 the
3921 866 82 28 front.

3890 904 108 29 Thady*

3464 989 134 33 NOTES
3633 990 114 32 FROM
3781 992 174 32 NELSON.

3463 1079 84 35 (from
3560 1087 56 20 our
3628 1088 61 20 own
3703 1083 254 33 correspondent.)

3580 1180 43 28 On
3642 1179 45 28 the
3709 1180 136 38 Wallaby.

3431 1220 64 36 tfhe
3510 1226 207 41 undersigned,
3733 1229 97 40 owing
3854 1232 31 30 to
3904 1231 124 33 circunv

3392 1269 116 29 stances
3522 1279 69 21 over
3605 1270 97 31 which
3716 1270 38 32 he
3769 1272 54 30 has
3838 1283 40 20 no
3899 1276 129 31 control,

3392 1310 59 32 and
3464 1310 98 34 which
3576 1312 58 33 like
3645 1313 41 32 all
3696 1314 86 33 other
3792 1316 124 33 crooked
3927 1317 102 42 things

3391 1354 31 29 in
3450 1354 60 31 this
3537 1356 91 31 world
3654 1357 55 30 has
3737 1368 18 20 a
3778 1368 118 22 woman
3918 1363 31 28 at
3976 1363 51 29 the

3391 1395 115 34 bottom
3530 1397 32 33 of
3583 1399 33 37 it,
3639 1399 25 33 is
3688 1400 118 42 leaving
3828 1402 122 38 Nelson,
3974 1404 54 33 but

3391 1440 110 30 desires
3527 1442 24 29 it
3577 1444 32 28 to
3635 1443 36 30 be
3699 1444 180 32 understood
3906 1447 66 30 that
4005 1449 26 28 if

3391 1481 105 33 absent
3522 1483 32 31 in
3582 1484 51 32 the
3656 1484 76 33 flesh
3756 1486 39 32 he
3814 1488 61 31 will
3903 1489 61 31 still
3991 1490 36 32 be

3391 1525 83 34 there
3489 1537 33 23 or
3536 1528 189 35 thereabouts
3746 1530 32 33 in
3793 1531 50 33 the
3857 1532 94 42 spirit,
3968 1534 59 32 and

3391 1570 51 31 the
3469 1573 117 30 readers
3614 1574 32 30 of
3671 1574 61 30 this
3758 1576 121 31 reliable
3908 1578 121 39 journal

3391 1614 75 32 need
3479 1618 53 28 not
3546 1615 89 33 dread
3649 1617 67 32 that
3740 1628 51 32 my
3815 1620 136 40 opinions
3969 1622 61 31 will

3391 1660 52 29 not
3457 1658 35 32 be
3508 1660 163 40 expressed.
3714 1662 96 32 There
3834 1664 60 31 will
3915 1665 35 31 be
3965 1666 60 31 this

3390 1700 166 40 difference,
3584 1714 52 31 my
3663 1705 215 35 contributions
3906 1709 44 31 for
3974 1711 50 31 the

3391 1744 98 31 future
3502 1747 61 30 will
3577 1747 36 31 be
3638 1747 113 32 headed
3803 1751 91 30 Notes
3917 1752 76 31 from
4007 1764 19 20 a

3390 1782 81 36 Back
3632 1789 32 32 in
3678 1789 59 33 lieu
3751 1791 33 32 of
3885 1796 43 29 tes
3953 1795 75 32 from

3391 1830 142 32 Nelson.''

3574 1927 56 29 Tne
3646 1928 195 39 Unemployed.

3425 1972 104 29 Nelson
3546 1973 50 29 has
3614 1974 50 35 for,
3678 1976 14 27 I
3712 1977 88 35 think,
3814 1979 47 29 the
3873 1979 59 30 first
3953 1981 68 29 time

3389 2010 56 29 had
3463 2021 36 19 an
3516 2014 185 35 unemployed
3715 2017 128 35 meeting.
3880 2019 28 28 It
3925 2029 56 18 was
4006 2030 17 19 a

3391 2048 133 28 harmless
3530 2054 56 23 sort
3595 2050 30 28 of
3639 2051 132 29 business.
3807 2055 24 26 A
3840 2054 52 28 few
3900 2056 124 29 hundred

3390 2086 104 37 people,
3503 2087 102 38 mostly
3618 2087 32 30 of
3664 2088 46 30 the
3723 2089 114 31 larrikin
3853 2095 169 34 persuasion,

3389 2125 132 28 collected
3550 2135 37 19 on
3617 2127 48 28 the
3696 2127 103 30 church
3835 2137 82 30 steps.
3967 2135 59 26 The

3389 2162 121 28 weather
3532 2163 57 28 had
3612 2164 70 29 been
3703 2165 94 38 damp,
3809 2167 46 29 the
3867 2178 77 25 grass
3965 2180 58 18 was

3391 2200 221 40 uncomfortably
3630 2207 61 31 wet,
3704 2204 56 29 and
3777 2205 47 30 the
3847 2207 178 38 preliminary

3389 2238 124 30 business
3537 2240 55 29 had
3616 2251 15 18 a
3656 2246 57 25 sort
3729 2243 31 29 of
3782 2245 177 30 wet-blanket
3972 2248 52 28 feel

3389 2276 84 30 about
3508 2278 31 29 it.
3591 2280 78 29 After
3700 2290 17 19 a
3752 2282 83 29 while
3871 2285 150 36 somebody

3388 2315 116 36 plucked
3513 2325 38 28 up
3560 2326 115 27 courage
3684 2322 28 25 to
3722 2328 114 27 propose
3849 2331 15 18 a
3880 2323 144 29 chairman

3389 2353 29 28 in
3432 2353 47 29 the
3490 2363 98 28 person
3602 2356 30 28 of
3654 2356 141 30 Salvation
3809 2359 108 29 Brown.
3963 2362 59 29 The

3388 2396 80 33 party
3485 2392 28 29 in
3537 2396 127 35 question
3683 2396 59 34 has,
3757 2397 14 28 I
3794 2398 178 36 understand,
3986 2411 36 18 no

3388 2432 162 29 connection
3571 2434 67 28 with
3664 2435 47 27 the
3730 2435 119 38 Harmy,
3861 2438 105 37 haying
3986 2449 27 18 se-

3388 2469 83 28 ceded
3490 2478 75 20 some
3584 2472 112 27 months
3714 2482 60 26 ago,
3794 2474 48 28 but
3860 2475 34 28 he
3919 2482 27 22 at
3970 2486 52 18 one

3389 2507 67 29 time
3469 2508 64 29 held
3545 2508 47 30 the
3601 2509 177 37 honourable,
3788 2511 26 30 if
3822 2518 49 25 not
3885 2514 139 36 lucrative,

3389 2548 117 33 position
3531 2548 31 28 of
3583 2553 135 25 treasurer
3738 2556 29 23 to
3790 2552 48 27 the
3863 2553 80 28 blood
3967 2556 56 26 and

3387 2583 49 29 fire
3449 2584 103 30 Saints.
3588 2586 80 33 Well,
3683 2588 140 29 Salvation
3837 2591 100 28 Brown
3957 2592 65 28 took

3388 2623 153 36 possession
3565 2624 30 29 of
3619 2625 47 29 the
3693 2632 86 32 tipprr
3797 2627 52 29 tier
3873 2632 82 34 steps,
3976 2631 52 35 (for

3388 2660 76 29 chair
3475 2661 76 29 there
3564 2671 57 20 was
3633 2666 90 33 none.)
3738 2665 55 29 and
3820 2666 43 29 his
3876 2668 149 36 preaching

3387 2699 53 27 and
3471 2701 116 35 praying
3609 2702 172 35 experiences
3807 2705 77 29 stood
3903 2705 76 36 fhiin
4000 2708 28 26 in

3387 2736 70 37 good
3475 2739 95 33 stead;
3588 2739 42 29 for
3648 2739 34 30 he
3701 2750 68 24 gave
3786 2751 17 19 a
3820 2743 111 34 lecture,
3950 2745 71 28 from

3388 2775 42 27 his
3448 2777 77 34 point
3543 2777 31 27 of
3589 2777 77 31 view,
3678 2779 32 27 of
3727 2779 74 28 what
3824 2782 47 27 the
3890 2782 89 28 duties
3997 2784 28 26 of

3389 2812 98 38 Mayor
3509 2815 54 27 and
3588 2815 181 36 Councillors,
3788 2818 157 31 Merchants
3967 2821 57 28 and

3388 2852 198 37 Storekeepers,
3600 2854 56 29 and
3678 2856 37 27 all
3736 2857 55 28 and
3804 2859 103 36 sundry
3927 2869 55 18 was
3995 2864 28 24 to

3387 2890 56 26 find
3469 2892 189 35 employment
3683 2894 43 26 for
3747 2895 73 27 their
3840 2896 89 27 fellow
3947 2906 74 19 men.

3388 2927 43 29 He
3445 2937 54 19 was
3520 2929 115 34 fervent,
3656 2930 48 29 but
3723 2931 47 29 the
3783 2933 85 29 odour
3880 2934 30 29 of
3930 2935 77 28 Salva-

3386 2969 57 26 tion
3469 2968 121 35 sanctity
3611 2969 136 36 pervaded
3767 2971 47 28 the
3837 2973 183 35 atmosphere,

3384 3003 55 26 and
3452 3004 132 36 certainly
3596 3004 128 29 that*!tnd
3738 3007 46 28 the
3798 3009 81 35 damp
3899 3010 121 28 weather

3384 3039 56 29 still
3452 3040 106 30 further
3568 3043 147 35 prevented
3723 3054 54 28 any
3788 3046 78 29 other
3876 3056 96 20 season
3984 3059 35 18 on

3384 3078 46 28 the
3452 3083 62 32 part
3533 3080 30 28 of
3584 3081 46 27 the
3650 3083 131 34 meeting.
3818 3085 78 28 Then
3916 3096 36 17 an
3971 3096 32 17 un-

3383 3117 144 37 employed
3540 3120 46 33 got
3598 3128 37 29 up
3656 3119 55 29 and
3723 3122 134 37 proposed
3877 3132 16 19 a
3905 3124 96 37 deputa-

3384 3156 58 27 tion
3461 3160 28 24 to
3508 3158 64 26 wait
3591 3168 35 18 on
3640 3158 46 28 the
3706 3160 106 36 Mayor,
3828 3162 54 28 and
3904 3164 116 27 another

3384 3193 135 28 seconded
3537 3195 37 27 it:
3594 3196 55 27 and
3666 3196 66 28 both
3752 3198 31 27 of
3805 3198 73 28 them
3903 3209 80 23 were,
4004 3202 15 26 I

3386 3231 131 36 sincerely
3536 3232 113 34 believe,
3661 3244 64 18 men
3744 3235 63 29 who
3819 3246 71 19 were
3915 3238 105 34 willing

3383 3272 27 24 to
3426 3269 75 28 work
3511 3270 48 27 but
3569 3271 62 27 who
3647 3272 80 28 could
3741 3278 50 24 not
3802 3278 46 31 get
3859 3284 18 19 a
3885 3275 64 36 job;
3969 3275 55 29 and

3385 3306 14 29 I
3412 3307 77 37 quite
3501 3309 170 37 sympathise
3687 3310 66 29 with
3778 3312 86 35 them,
3878 3313 49 30 but
3948 3314 75 29 there

3383 3355 45 19 are
3442 3346 150 30 thousands
3611 3357 76 19 more
3700 3350 30 26 of
3750 3350 69 28 then
3832 3352 70 27 class
3923 3353 28 27 in
3965 3353 56 28 this

3382 3383 107 37 Colony
3515 3384 61 28 who
3595 3385 70 29 have
3699 3386 134 30 hollowed
3853 3389 166 30 themselves

3382 3421 96 30 hoarse
3490 3422 42 29 for
3544 3423 46 29 the
3611 3424 64 30 sake
3688 3425 30 29 of
3736 3426 116 38 sending
3863 3428 86 35 Vogel
3961 3430 56 27 and

3383 3460 44 27 his
3440 3465 157 33 supporters
3609 3466 29 25 to
3652 3463 178 36 Parliament,
3850 3466 54 28 and
3917 3467 62 29 who
4002 3464 25 32 if

3383 3498 66 38 they
3471 3500 66 36 only
3561 3500 56 29 had
3641 3501 136 30 sufficient
3809 3504 160 37 knowledge
3994 3506 31 28 of

3381 3537 75 28 what
3473 3538 57 36 just
3542 3539 158 28 retribution
3728 3550 96 19 means
3838 3543 93 28 would
3953 3544 67 35 only

3381 3575 63 29 look
3456 3575 69 30 back
3537 3577 56 28 and
3605 3578 106 29 confess
3725 3579 61 29 that
3804 3580 66 37 they
3882 3582 66 36 only
3960 3582 57 29 had

3381 3613 163 30 themselves
3556 3618 28 25 to
3597 3616 89 29 blame
3699 3616 42 29 for
3753 3618 47 27 the
3819 3624 110 31 present
3951 3629 46 19 con-

3381 3651 87 29 dition
3481 3653 31 27 of
3528 3654 45 28 the
3586 3654 114 37 Colony.
3738 3656 44 36 Up
3802 3661 27 24 to
3852 3657 55 29 this
3925 3659 95 35 period

3379 3689 31 28 of
3426 3689 46 28 the
3483 3691 123 35 meeting
3618 3692 46 28 the
3677 3694 169 35 sympathies
3859 3696 30 28 of
3908 3697 46 27 the
3967 3706 31 19 au-

3379 3726 94 29 dience
3497 3732 72 24 went
3593 3729 66 28 with
3678 3732 86 27 them.
3801 3732 56 29 But
3875 3734 68 28 with
3967 3736 48 28 the

3380 3764 102 28 advent
3494 3765 31 27 of
3535 3766 46 27 the
3593 3771 65 23 next
3671 3768 113 34 speaker
3797 3779 16 18 a
3828 3779 78 20 sense
3919 3774 26 25 of
3965 3773 47 27 the

3379 3802 139 28 ludicrous
3530 3812 87 20 came.
3654 3805 158 30 Councillor
3821 3807 26 29 J.
3861 3809 33 27 A.
3910 3809 106 38 Harley

3380 3849 77 19 came
3469 3840 116 29 forward
3598 3842 55 28 and
3666 3852 67 27 very
3744 3845 133 37 seriously
3892 3847 122 29 lectured

3380 3877 48 29 the
3441 3879 128 36 meeting.
3605 3880 45 28 He
3661 3881 59 28 said
3732 3882 35 28 he
3780 3882 49 30 felt
3838 3884 47 28 the
3896 3886 119 36 position

3380 3915 106 36 keenly,
3504 3917 50 29 but
3572 3919 132 36 speaking
3722 3930 31 20 as
3770 3931 52 19 one
3841 3923 30 28 of
3887 3924 46 28 the
3955 3934 42 19 cor-

3379 3955 126 34 poration
3518 3956 35 27 he
3563 3957 80 27 could
3657 3958 46 27 tell
3715 3959 78 27 them
3806 3960 67 36 they
3882 3962 81 27 could
3975 3963 35 27 do

3379 3992 118 37 nothing
3520 3992 43 30 for
3585 3993 47 30 the
3650 3996 193 37 unemployed.
3887 3999 47 29 He
3960 4009 56 20 was

3379 4039 52 20 one
3453 4031 30 28 of
3520 4032 181 36 themselves;
3729 4035 34 30 he
3786 4037 49 28 felt
3862 4038 48 28 the
3932 4039 82 29 times

3380 4076 85 20 worse
3483 4070 68 28 than
3576 4071 66 34 they
3661 4072 64 34 did;
3751 4073 36 28 he
3811 4075 55 28 had
3891 4076 69 28 been
3982 4078 32 27 in

3379 4105 124 31 business
3511 4108 75 37 eight
3609 4109 66 29 nine
3687 4120 30 20 or
3730 4115 44 25 ten
3788 4122 89 26 years,
3890 4114 54 29 and
3955 4124 56 19 was

3379 4155 16 19 a
3409 4155 85 19 worse
3515 4156 67 18 man
3600 4147 69 29 than
3692 4149 82 29 when
3787 4151 35 29 he
3840 4153 118 33 started;
3978 4153 36 28 ho

3379 4192 77 20 came
3469 4184 77 28 there
3559 4194 31 19 as
3615 4195 52 19 one
3688 4187 30 28 of
3748 4188 47 28 the
3817 4192 194 36 unemployed.

3379 4221 75 30 Here
3466 4232 36 19 an
3523 4223 146 37 indignant
3681 4225 73 31 howl
3775 4237 56 20 was
3844 4230 89 28 raised
3955 4230 56 29 and

3379 4261 155 28 Councillor
3546 4263 51 28 Joe
3614 4265 108 28 retired.
3770 4267 79 28 Then
3871 4268 141 29 Salvation

3378 4299 102 28 Brown
3491 4300 85 27 asked
3595 4301 42 28 for
3649 4310 16 19 a
3677 4302 74 29 shew
3764 4303 30 28 of
3811 4305 89 28 hands
3913 4307 31 27 of
3964 4307 47 27 the

3377 4336 118 37 genuine
3507 4339 192 37 unemployed,
3712 4341 56 29 and
3780 4341 83 31 about
3877 4345 32 28 16
3921 4344 90 29 hands

3380 4385 70 21 were
3462 4376 65 30 held
3539 4386 46 28 up,
3598 4378 55 28 and
3673 4388 75 21 some
3760 4390 51 20 one
3826 4382 117 30 shouted
3963 4389 49 24 out

3378 4414 62 27 that
3460 4414 106 36 Harley
3590 4416 56 28 had
3670 4417 43 27 his
3737 4418 76 28 hand
3837 4429 47 26 up.
3932 4422 79 27 Then

3380 4451 141 29 Salvation
3544 4453 101 29 Brown
3657 4454 84 30 asked
3753 4455 78 30 them
3844 4461 27 25 to
3884 4468 77 19 come
3974 4468 37 19 on

3377 4489 45 30 his
3451 4494 74 33 steps
3554 4492 53 29 and
3633 4497 50 33 put
3712 4494 72 29 their
3807 4506 96 20 names
3929 4497 81 30 down

3377 4528 88 29 which
3478 4529 66 37 they
3557 4531 55 32 did,
3624 4535 28 25 to
3664 4532 47 29 the
3724 4534 117 28 number
3853 4536 31 27 of
3892 4546 17 18 a
3922 4536 86 28 dozen

3377 4576 31 18 or
3420 4576 30 18 so
3464 4567 132 29 collected
3609 4569 46 28 the
3667 4571 182 36 irrepressible
3866 4574 51 27 Joe
3929 4574 82 35 being

3377 4604 56 26 still
3447 4613 101 25 among
3562 4606 87 33 them,
3663 4607 54 27 and
3737 4609 68 26 then
3819 4610 68 34 they
3908 4613 99 24 retired

3376 4643 29 25 at
3418 4640 46 29 the
3486 4641 166 31 chairman's
3673 4649 110 32 request
3797 4650 27 24 to
3838 4646 46 29 the
3902 4648 89 27 ex-Sal-

3376 4678 152 29 vationists'
3541 4680 116 36 cabbage
3675 4682 77 37 shop,
3765 4684 55 28 and
3839 4685 76 29 there
3927 4686 81 29 made

3376 4724 38 26 up
3435 4716 73 27 their
3529 4727 174 26 programme
3715 4721 42 27 for
3776 4730 17 18 a
3805 4722 160 35 deputation
3979 4728 28 24 to

3375 4753 65 27 wait
3452 4761 37 20 on
3500 4754 48 28 the
3562 4755 97 36 Mayor
3671 4766 35 18 on
3719 4757 46 28 the
3776 4767 126 21 morrow.

3410 4790 72 31 Next
3504 4791 54 40 day
3578 4793 47 30 the
3650 4794 94 31 Works
3765 4796 165 32 Committee
3951 4798 56 32 had

3374 4829 71 28 their
3456 4832 80 26 usual
3549 4833 129 34 meeting.
3715 4835 69 27 Now
3796 4837 56 26 this
3864 4837 72 35 body
3955 4839 52 27 has

3374 4875 29 19 as
3421 4875 17 19 a
3455 4867 59 28 rule
3530 4867 70 30 been
3620 4877 17 20 a
3656 4874 57 24 sort
3733 4871 30 29 of
3784 4872 99 29 chorus
3906 4878 28 24 to
3958 4875 49 29 the

3374 4903 63 38 City
3450 4905 145 38 Surveyor.
3631 4907 57 30 But
3699 4909 74 29 since
3783 4910 53 30 last
3848 4912 130 30 elections
3989 4924 18 19 a

3373 4943 105 37 change
3496 4943 50 29 has
3569 4954 77 20 come
3664 4949 56 26 o'er
3744 4948 46 28 the
3814 4950 78 35 spirit
3915 4951 31 27 of
3969 4952 37 28 its

3374 4980 103 28 dream.
3514 4982 58 27 The
3585 4983 98 28 Works
3695 4985 165 30 Committee
3873 4997 51 18 can
3942 4999 63 19 now

3373 5018 81 28 think
3483 5018 42 30 for
3554 5020 81 34 itself,
3666 5025 28 25 at
3723 5022 70 31 least
3821 5034 75 20 some
3909 5027 30 28 of
3969 5028 36 28 its

3374 5057 135 29 members
3532 5068 60 20 can.
3628 5060 64 29 And
3716 5071 30 20 so
3769 5062 23 29 it
3816 5073 77 20 came
3920 5065 84 30 about

3374 5095 60 28 that
3454 5096 57 28 this
3533 5098 184 37 unemployed
3741 5103 120 34 meeting
3883 5112 56 19 was
3958 5105 47 28 th-3

3373 5142 79 20 cause
3465 5134 31 29 of
3515 5144 15 20 a
3541 5137 134 36 complete
3688 5138 152 30 revolution
3853 5141 29 28 in
3895 5142 46 28 the
3960 5153 30 18 ex-

3372 5173 106 28 ecutive
3491 5174 74 28 work
3578 5175 31 27 of
3628 5175 47 29 the
3687 5180 181 33 corporation.
3915 5181 89 28 There

3372 5209 50 29 has
3440 5209 69 31 been
3528 5221 16 19 a
3562 5212 98 37 legend
3678 5215 28 27 in
3727 5215 101 29 Nelson
3851 5217 43 29 for
3918 5228 87 28 many

3370 5257 79 27 years
3474 5249 60 29 that
3558 5251 47 28 the
3629 5252 102 29 Bolder
3759 5254 81 29 Bank
3864 5256 23 28 is
3915 5258 91 36 Tapu.

3371 5286 72 29 That
3454 5288 22 28 it
3488 5289 91 28 would
3598 5289 33 29 be
3644 5291 66 37 high
3731 5295 109 27 treason
3853 5298 28 25 to
3893 5304 111 22 remove

3370 5334 17 20 a
3399 5326 85 35 single
3497 5326 114 31 boulder
3630 5329 71 28 from
3714 5329 22 30 it
3756 5331 41 28 for
3809 5341 55 28 any
3885 5343 119 28 purpose

3372 5363 148 35 whatever,
3534 5366 48 29 but
3600 5367 60 29 that
3673 5373 28 23 to
3714 5372 117 34 attempt
3844 5375 28 25 to
3890 5378 114 25 convert

3370 5411 55 27 any
3443 5404 108 35 portion
3565 5405 30 28 of
3612 5416 16 18 a
3638 5406 113 30 boulder
3762 5409 58 28 into
3833 5411 66 28 road
3919 5414 85 27 metal

3370 5441 90 28 would
3472 5441 33 28 be
3518 5443 69 28 rank
3600 5445 137 32 sacrilege.
3773 5448 24 26 A
3812 5448 157 29 Councillor
3977 5452 31 27 of

3369 5487 37 20 an
3438 5479 145 38 enquiring
3606 5486 64 25 turn
3688 5483 30 29 of
3743 5484 87 35 mind,
3852 5487 63 29 who
3945 5489 59 28 also

3369 5516 56 28 had
3449 5528 17 17 a
3488 5523 56 24 sort
3563 5521 30 26 of
3618 5531 172 26 repugnance
3814 5527 29 25 to
3872 5526 48 28 the
3950 5528 54 28 soft

3370 5554 100 29 maitar
3494 5557 68 28 slate
3587 5557 90 30 which
3701 5569 57 20 wa3
3782 5563 67 27 used
3872 5563 41 29 for
3936 5566 68 28 road

3370 5594 93 32 metal,
3476 5596 100 27 turned
3593 5606 38 27 up
3644 5597 47 28 the
3712 5602 231 34 correspondence
3965 5613 38 19 on

3370 5630 46 28 the
3429 5632 112 36 subject,
3556 5643 61 19 now
3629 5635 98 35 yellow
3740 5637 65 28 with
3818 5648 60 26 age,
3890 5641 56 28 and
3967 5642 35 28 he

3370 5668 83 30 found
3473 5670 59 29 that
3553 5672 45 28 the
3612 5673 66 36 only
3692 5674 164 36 prohibition
3870 5688 54 19 was
3945 5680 61 28 that

3370 5707 126 31 boulders
3509 5710 97 30 should
3621 5716 47 25 not
3691 5712 32 30 be
3738 5713 82 31 taken
3834 5716 88 31 where
3935 5718 68 37 they

3370 5748 91 27 would
3485 5750 162 28 imJerniine
3681 5752 47 27 the
3759 5754 165 34 lighthouse.
3978 5759 24 26 A

3370 5785 149 30 resolution
3549 5796 54 19 was
3628 5792 29 25 at
3683 5797 68 20 once
3777 5791 105 29 carried
3906 5802 28 20 to
3955 5795 48 28 the

3370 5822 77 31 effect
3470 5824 59 30 that
3552 5837 14 18 a
3590 5829 125 33 quantity
3741 5829 29 29 of
3791 5831 75 29 these
3892 5834 110 28 pebbles

1255 62 108 41 THE
1419 62 181 46 LYELL
1654 66 183 52 TIMES,
1893 73 302 55 SATURDAY,
2249 78 334 44 SEPTEMBER
2633 96 34 37 4,
2718 86 102 39 :BS6.

168 5258 103 19 PHASES
284 5259 33 20 OF
330 5260 56 19 THE
400 5261 81 20 MOON.

542 5275 17 13 CO

107 5314 18 21 a

307 5316 27 21 D.
354 5316 30 22 H.
398 5319 29 19 M.

542 5309 17 12 w

654 5300 17 13 CO

654 5330 17 11 CD

108 5341 17 13 o

159 5345 131 30 N.Moon-
311 5349 33 27 28
379 5350 16 27 8
409 5350 79 28 51am

534 5341 25 22 Ph

645 5347 26 20 OQ

158 5384 97 36 Fst.Qr
283 5403 7 5 -
328 5388 15 27 5
379 5388 15 28 7
407 5389 81 33 28pm

542 5402 16 19 3

654 5406 9 9 r

107 5422 18 12 o

107 5445 25 18 >>

158 5422 127 29 Fl.Moon
311 5425 31 27 13
362 5426 32 27 10
407 5427 80 36 23pm

533 5424 25 19 W

645 5422 26 22 6q

99 5488 25 26 Q

158 5463 98 35 Lst.Qr
281 5479 7 5 -
309 5464 32 27 21
377 5466 16 27 5
407 5466 79 36 28pm

515 5474 28 21 H.
553 5476 29 19 M.

627 5478 28 19 H.
665 5478 29 20 M.

115 5545 17 29 4

192 5546 136 38 Saturday

516 5552 15 26 C
551 5554 32 26 25

628 5554 15 28 5
662 5554 34 28 33

116 5585 14 26 5

190 5585 67 26 11th
269 5585 75 36 after
360 5587 112 36 Trinity

516 5591 16 25 6
551 5592 33 25 23

628 5593 15 25 5
662 5592 33 26 34

116 5623 16 27 6

193 5623 121 36 Monday

516 5628 16 27 G
551 5629 33 26 22

631 5631 14 26 5
665 5630 32 27 35

116 5662 15 26 7

192 5661 126 37 Tuesday

516 5667 16 26 G
551 5667 33 28 20

629 5669 14 26 5
663 5669 32 27 3l>

115 5701 16 27 8

192 5700 173 39 Wednesday

517 5707 15 26 G
553 5707 31 26 18

629 5709 14 25 5
663 5709 32 27 37

114 5740 16 26 9

192 5740 144 35 Thursday

517 5744 16 26 6
553 5745 31 26 17

629 5746 14 25 5
664 5747 32 26 38

96 5778 36 29 10
151 5777 2 37 |

193 5778 101 38 Fr.day

495 5777 1 35 1
518 5785 16 27 0
553 5784 31 28 15

629 5785 14 27 5
664 5785 31 28 30

188 187 237 32 Gr/srnmnt
453 190 151 31 Notices.

79 383 149 31 PUBLIC
244 383 256 40 WORKS,NEW
512 388 207 31 ZEALAND.

123 470 122 41 Bridges
260 483 37 21 on
312 473 81 32 Roid
416 474 259 34 Nelson-Reefton.

86 557 125 44 Granity
226 559 101 39 Creek,
341 561 100 39 Owen,
453 562 58 32 and
522 562 101 33 Matiri
635 562 85 34 Eoad

342 606 123 40 Bridges

179 646 197 33 PAINTING
407 649 220 33 CONTRACT.

89 734 220 80 WRITTEN
332 736 191 34 TENDERS
545 739 60 31 will
627 739 36 32 be
677 751 28 21 re-

197 777 97 32 ceived
308 781 32 29 at
353 779 60 32 this
428 780 99 38 Office,
543 782 77 31 until
635 782 85 33 Noon

91 820 31 32 of
134 820 270 40 WEDNESDAY,
419 823 51 32 the
496 826 71 30 15th
588 826 113 39 Septem-

91 862 61 40 ber,
188 865 85 38 1886,
302 865 45 33 for
373 865 51 33 the
451 866 91 34 above
570 868 149 34 Contract.

92 908 82 42 They
187 919 50 23 are
250 912 31 31 to
294 909 36 34 be
344 911 121 33 marked
479 923 38 22 on
532 912 50 33 the
607 914 113 33 outside

122 952 115 31 Tender
260 952 45 33 for
332 954 126 40 Granity
486 955 101 37 Creek,
618 957 99 37 Owen,

89 993 59 34 and
175 994 101 35 Matiri
309 995 83 34 Road
426 997 124 44 Bridges
580 999 140 43 Painting

277 1041 59 30 and
350 1041 155 33 addressed
519 1045 31 30 to
564 1043 50 32 the
639 1044 80 32 Hon.

90 1081 136 35 Minister
253 1083 45 34 for
324 1084 104 35 Public
455 1085 115 40 Works,
599 1087 120 34 Nelson.

90 1126 165 41 Drawings,
272 1128 231 40 Specifications,
519 1131 59 31 and
592 1131 128 32 General

91 1168 172 36 Conditions
277 1181 69 34 may
359 1171 36 35 be
409 1183 69 23 seen
493 1175 30 32 at
537 1173 60 34 this
620 1175 99 40 Office,

90 1215 58 29 and
172 1217 32 29 at
230 1215 50 32 the
308 1216 72 32 Post
406 1217 101 37 Office,
536 1219 183 32 Murchison.

90 1255 63 33 The
167 1256 102 34 lowest
282 1267 34 23 or
340 1268 58 34 any
418 1259 102 34 tender
544 1263 53 32 not
620 1272 83 23 neces-

90 1300 89 40 sarily
193 1302 147 39 accepted.

129 1342 46 43 By
188 1344 167 39 command,

273 1388 48 32 W.
342 1389 48 32 W.
412 1389 229 40 DARTNALL,

383 1432 123 33 District
520 1431 159 43 Engineer.

148 1470 105 35 Public
263 1472 106 34 Works
384 1475 100 39 Office,

89 1514 121 41 Nelson,
226 1517 115 43 August
356 1519 82 39 23rd,
455 1522 86 32 1886.

140 1714 160 30 MISSING
325 1718 168 30 FRIENDS
519 1720 149 29 NOTICE.

91 1834 34 17 *-
161 1828 97 30 abouts
271 1831 55 27 and
338 1834 160 35 occupation
511 1834 30 27 of
555 1834 48 28 the
622 1836 81 26 under-

87 1865 159 30 mentioned
257 1876 112 28 persons
388 1870 23 28 is
432 1870 164 29 WANTED
618 1871 36 38 by
673 1872 47 29 the

87 1904 145 38 Secretary
244 1905 29 28 of
282 1906 47 28 the
343 1907 118 30 General
474 1910 66 28 Post
552 1909 99 29 Office:

86 1940 118 32 Thomas
223 1943 122 36 Connor,
367 1945 169 31 stockowner
557 1956 30 21 or
607 1947 110 35 farmer,

156 1981 69 29 from
239 1982 141 31 Aberdeen
393 1994 32 19 or
444 1985 172 37 Edinburgh.
661 1987 56 29 Not

155 2019 87 28 heard
254 2020 69 29 ofjtt
336 2022 82 28 home
431 2022 41 29 for
483 2024 65 28 nine
562 2032 88 27 years,
665 2032 54 20 was

157 2057 133 38 supposed
317 2062 28 26 to
366 2059 33 30 be
420 2060 29 29 in
470 2060 195 31 Christchurch
690 2071 30 21 or

156 2095 129 30 Dunedin
298 2097 115 35 district,
423 2098 50 30 but
480 2104 98 24 cannst
593 2100 32 29 be
634 2101 86 28 found

155 2132 87 30 there.
279 2134 58 29 Mrs
346 2136 101 34 Smith,
457 2136 173 37 Midlothian,
643 2139 60 29 Scot-

156 2170 74 36 land,
247 2172 129 38 inquires.

86 2208 45 30 W.
143 2209 28 30 J,
185 2210 128 35 Collins,
322 2213 53 28 last
387 2213 85 30 heard
481 2214 30 29 of
520 2214 29 29 in
564 2215 152 30 Gisbourne

155 2248 115 37 district,
284 2250 28 29 in
327 2252 123 35 October,
465 2253 76 30 1885.
587 2253 133 38 Inquired

154 2286 42 29 for
206 2288 36 36 by
256 2288 46 29 the
316 2290 66 28 Rev.
396 2291 138 36 Langford
558 2292 28 29 S.
607 2293 110 33 Brown,

155 2325 40 29 St.
226 2325 104 31 Peter's
370 2328 133 38 vicarage,
540 2329 179 36 Dartmouth,

155 2363 116 36 Devon.,
285 2376 35 19 on
333 2366 92 30 behalf
437 2368 30 29 of
477 2368 57 30 Mrs
548 2369 112 29 Collins.

86 2402 127 29 Edward
232 2405 189 34 M'Sweeney,
433 2406 63 28 who
508 2407 30 28 in
551 2409 67 27 1869
631 2417 56 19 was
703 2418 16 19 a

153 2440 95 30 waiter
265 2446 29 24 at
318 2443 175 30 Stevenson's
514 2445 93 33 Hotel,
629 2446 71 28 Auck-

151 2477 75 37 land,
240 2480 56 30 and
315 2480 130 40 formerly
459 2482 31 30 of
505 2483 59 30 Her
578 2483 141 39 Majesty's

149 2518 79 33 <6sth,
243 2520 146 34 Regiment
408 2521 33 28 of
460 2522 78 34 Foot,
557 2523 161 36 regimental

153 2555 53 29 No.
236 2557 77 29 3122.
367 2558 133 37 Inquired
531 2559 40 28 for
601 2560 33 37 by
672 2560 45 29 his

149 2593 122 34 brother,
280 2594 75 30 John
367 2596 182 38 M'Sweeney,
559 2599 17 28 9
585 2598 131 35 Wrixom,

152 2631 88 35 Lane,
263 2633 40 29 off
319 2634 125 30 Pencock
466 2636 86 35 Lane,
569 2636 79 35 Cora,
661 2637 42 30 Ire-

152 2669 74 30 land.

81 2706 46 31 W.
142 2707 101 37 Mills,
256 2709 24 30 is
300 2709 127 38 inquired
446 2711 43 30 for
506 2712 39 37 by
555 2712 44 30 his
619 2713 98 35 father,

151 2747 32 27 T.
206 2747 83 34 Mills,
308 2749 104 28 Broom
433 2750 107 34 Hause,
553 2753 60 31 129,
627 2752 90 35 Mosly

152 2784 87 36 Road,
261 2786 202 38 Birmingham,
485 2789 138 37 England.
672 2790 45 29 He

152 2832 57 20 was
221 2823 53 30 last
286 2825 83 29 heard
382 2826 31 29 of
428 2831 30 24 at
469 2827 143 30 Auckland
624 2828 37 38 by
674 2829 44 28 his

152 2866 112 31 parents
275 2863 84 28 about
372 2864 53 28 five
437 2874 79 25 years
528 2875 60 24 ago.

326 2901 39 29 H.
379 2901 270 38 G.YOUNGHAN,

508 2941 176 30 Postmaster.

257 3015 119 34 Public
393 3018 152 34 Notices.

87 3092 115 43 THE
264 3095 221 45 WINTER
538 3099 183 44 STOCK

345 3173 35 19 AT
397 3174 56 19 THE

224 3214 114 39 NEW
361 3217 222 38 ZEALAND

89 3273 306 80 Clothing
425 3278 297 79 Factory

165 3359 274 36 PALMEESTON
472 3363 169 40 STBEET,

301 3416 214 36 WESTPORT,

88 3460 57 30 TS
158 3469 62 22 now
232 3461 102 39 replete
343 3464 68 30 with
423 3474 16 20 a
448 3464 86 38 really
543 3465 179 39 Magnificent

87 3494 37 27 *-
297 3502 174 30 Assortment
482 3504 30 28 of

86 3550 120 39 Men's,
218 3550 142 34 Youths'
371 3554 69 31 and
451 3555 101 39 Boys'

225 3586 312 43 Fashionably-Cut
550 3591 170 42 Clothing,

84 3632 47 29 Ail
148 3633 82 29 made
248 3633 72 29 from
341 3634 69 29 New
428 3635 119 29 Zealand
559 3638 88 33 Wool,
660 3638 45 29 tho-

247 3671 116 37 roughly
375 3671 115 35 shrunk,
504 3673 55 29 and

84 3720 26 30 A
131 3722 95 36 Single
237 3722 108 29 Article
358 3724 68 27 Sold
438 3726 30 26 at
480 3725 124 37 Factory
616 3727 103 28 Prices.

86 3796 26 32 A
147 3796 142 41 Splendid
323 3797 187 36 Assortment
552 3800 33 33 of
623 3801 97 33 Men's

165 3840 126 32 Youths*
320 3842 60 31 and
412 3842 88 43 Boys'
535 3843 187 42 Waterproof

242 3883 151 44 Clothing,
408 3886 41 32 all
459 3887 121 33 marked
590 3888 31 32 in
632 3889 87 33 Plain

320 3929 133 41 Figures,
489 3931 60 31 and
587 3932 71 32 Sold
688 3936 31 29 at

397 3972 126 45 Factory
546 3974 108 35 Prices.

189 4053 235 32 FIRST-CLASS
442 4056 172 30 CUTTERS

84 4091 75 39 Only
171 4102 46 21 are
235 4094 121 38 engaged
377 4094 30 30 in
428 4095 47 30 the
496 4096 87 30 Order
604 4097 97 38 Depart-

313 4136 79 26 ment
402 4136 28 26 at
442 4134 47 29 the

83 4183 91 40 New
192 4183 163 41 Zealand
369 4184 166 56 Clothing
550 4187 165 55 Factory.

82 4296 31 33 A
133 4297 114 41 Single
266 4298 77 33 Suit
359 4299 104 33 Made
487 4301 38 31 to
549 4301 111 33 Order
683 4305 37 31 at

253 4348 146 41 Factory
415 4350 133 34 Prices!

84 4446 169 34 Kemember
265 4449 99 33 !All
390 4449 76 34 from
490 4451 51 33 the
563 4451 89 34 finest
675 4463 28 22 se-

82 4491 96 33 lected
192 4492 72 32 New
279 4493 130 32 Zealand
430 4495 96 37 Wool,
541 4496 179 43 thoroughly

82 4534 125 38 shrunk,
223 4537 58 30 and
294 4546 19 21 a
326 4538 115 31 Perfect
455 4539 50 31 Fit
519 4540 198 32 Guaranteed.

156 4615 95 29 Terms
270 4616 110 29 CASH.
416 4618 44 29 No
476 4618 174 31 Abatement.

83 4690 105 36 Agents
218 4691 40 29 for
287 4692 47 28 the
366 4693 158 29 Unrivalled
554 4695 163 29 Wertheim

257 4729 115 30 Sewing
392 4731 153 29 Macaines.

82 4815 84 60 New
195 4815 151 62 Zealand
375 4818 159 76 Clothing
558 4820 157 75 Factory,

119 4898 327 37 PALMERSTON-ST.,
468 4902 213 31 WESTPORT.

174 4991 36 33 T.
228 4992 438 47 BLENNERHASSETT,

281 5044 132 37 Manager
424 5046 140 36 Westport
576 5049 120 28 Branch.
