2510 4010
688 3188 212 31 Notwithstanding
913 3189 38 23 the
970 3189 122 31 unusually
1110 3189 129 25 boisterous

654 3226 60 18 state
727 3221 25 23 of
763 3221 38 22 the
811 3221 109 29 weather,
934 3230 14 15 a
957 3229 56 23 very
1024 3222 102 24 crowded
1137 3225 103 30 meeting

654 3254 56 23 took
721 3254 74 31 place,
808 3260 23 17 at
843 3254 39 23 the
893 3254 129 31 Exchange
1031 3256 83 29 Room,
1127 3264 30 15 on
1169 3257 70 23 Mon-

654 3288 43 30 day
710 3287 52 28 last,
775 3292 114 26 pursuant
901 3292 24 19 to
937 3296 14 14 a
961 3289 136 29 requisition
1108 3294 39 26 got
1157 3298 31 23 up
1200 3290 38 24 the

650 3320 143 31 j>receeding
814 3321 106 30 evening,
941 3321 45 23 and
1014 3321 122 25 addressed
1158 3328 23 18 to
1203 3323 36 24 his

654 3354 110 30 Worship
776 3353 39 24 the
828 3353 93 31 Mayor,
936 3358 21 19 to
969 3354 46 23 call
1026 3363 13 14 a
1050 3356 111 31 meeting.

859 3390 146 27 Wellington,
1019 3391 51 21 Port
1079 3391 130 30 Nicholson,

929 3417 60 22 June
1000 3418 58 27 18th,
1070 3420 59 20 1843.

681 3443 49 27 We,
741 3443 38 21 the
789 3443 157 27 Undersigned
955 3445 127 26 Burgesses,
1093 3445 46 22 and
1148 3446 90 24 inhabi-

655 3473 59 18 tants
725 3470 25 21 of
761 3470 44 22 this
814 3470 111 27 Borough,
936 3475 91 24 request
1033 3472 25 21 of
1065 3480 45 19 you
1119 3480 25 14 as
1150 3473 88 28 Mayor,

654 3500 23 18 to
687 3496 43 22 call
747 3504 14 14 a
774 3497 77 27 public
866 3497 100 28 meeting
981 3498 26 21 of
1011 3501 5 5 *
1024 3498 37 22 the
1080 3499 114 28 residents,
1216 3505 23 18 to

654 3523 52 21 take
722 3523 48 21 into
788 3523 166 23 consideration
973 3525 38 21 the
1030 3530 88 22 present
1138 3530 55 18 state
1214 3529 26 21 of

654 3550 38 21 the
703 3550 135 24 settlement,
849 3551 23 21 in
883 3558 24 14 so
916 3550 41 27 far,
969 3558 24 15 as
1003 3555 23 19 to
1042 3551 52 23 take
1108 3553 129 24 immediate

654 3580 65 23 steps,
731 3580 22 18 to
762 3579 85 24 protect
857 3577 58 22 their
924 3577 55 22 lives
989 3578 45 22 and
1042 3580 129 26 properties.

764 3603 102 28 (Signed)

654 3630 34 20 W.
703 3630 69 26 Lyon,
786 3631 132 27 Alderman,
953 3631 30 21 D.
995 3632 21 22 S.
1029 3632 77 27 Durie,

655 3656 34 22 W.
702 3656 145 27 Fitzherbert,
860 3657 57 27 J.P.,
953 3657 91 23 Charles
1056 3659 75 27 Moon,

654 3682 21 22 J.
687 3683 33 21 M.
732 3683 87 27 Stokes,
832 3683 72 27 M.D.,
953 3684 26 21 T.
990 3685 145 28 PuckeriiJge,

654 3709 26 21 E.
691 3709 113 27 Johnson,
814 3710 123 22 Alderman
953 3710 84 27 Joseph
1048 3711 110 30 Boulcott,

654 3736 31 21 H.
697 3736 64 26 Ross,
953 3737 24 21 C.
988 3738 35 21 M.
1036 3737 84 29 Penny,

654 3762 29 21 K.
696 3762 109 27 Bethune,
953 3764 21 21 J.
986 3764 32 22 H.
1029 3764 106 29 Wallace,

653 3788 26 22 T.
691 3789 33 21 M.
736 3789 133 25 Machattie,
953 3790 78 22 James
1040 3792 78 28 Smith,

654 3815 78 22 James
742 3816 76 26 Inglis,
953 3817 110 22 Rowland
1073 3819 77 26 Davis,

654 3842 35 22 W.
702 3842 25 22 B.
738 3842 99 27 Rhodes,
953 3844 30 21 K.
995 3844 134 31 Mathieson,

654 3876 44 21 and
708 3876 86 22 several
805 3876 65 22 other
879 3876 129 27 signatures.

680 3903 33 22 To
725 3903 45 21 thff-
773 3903 137 33 Worshipful
921 3904 37 22 the
969 3904 80 28 Mayor

764 3931 26 22 of
804 3930 142 27 Wellington.

76 1311 28 23 In
122 1318 41 15 our
183 1310 44 22 last
247 1308 102 28 number,
369 1316 32 14 we
422 1307 44 23 laid
487 1307 76 23 before
584 1315 39 15 our

42 1344 88 23 readers
144 1351 61 15 some
217 1347 99 18 extracts
336 1341 57 23 from
412 1340 37 23 the
467 1340 88 23 Nelson
571 1340 52 23 Ex-

41 1376 91 28 aminer,
146 1384 28 14 on
188 1375 35 23 the
241 1375 89 31 subject
342 1374 23 22 of
386 1373 37 23 the
556 1381 67 23 ques-

42 1410 46 22 tion
101 1413 21 19 to
135 1409 54 23 land
196 1410 22 21 in
231 1408 38 23 the
278 1408 90 23 various
376 1406 148 29 settlements,
537 1406 86 23 formed

40 1443 71 22 under
124 1443 37 21 the
174 1442 102 30 auspices
288 1441 26 23 of
323 1441 37 22 the
372 1440 57 23 New
444 1439 100 24 Zealand
555 1439 68 23 Com-

41 1483 66 23 pany,
129 1474 71 23 which
218 1475 20 22 if
253 1474 52 30 they
316 1474 37 22 did
372 1478 39 18 not
423 1473 55 31 fully
492 1472 83 31 justify
586 1473 37 22 the

42 1508 144 30 anticipation
209 1507 26 23 of
255 1507 37 23 the
322 1506 142 24 unfortunate
489 1513 134 16 occurrence

40 1542 73 22 which
125 1541 40 22 has
177 1540 99 30 recently
289 1539 68 23 taken
376 1538 62 32 place
450 1544 23 19 at
485 1539 95 28 Nelson,
601 1544 22 17 at

41 1575 57 22 least
122 1574 76 22 lesson
219 1581 41 15 our
279 1573 101 30 surprize
398 1577 23 17 at
435 1573 36 22 the
490 1580 133 15 occurrence

41 1608 67 22 itself.
146 1606 97 30 Though
256 1607 18 22 it
283 1610 81 19 cannot
377 1605 106 23 diminish
494 1606 24 22 in
530 1613 45 22 any
584 1605 39 22 de-

42 1648 51 23 gree
106 1648 40 15 our
158 1639 55 30 deep
225 1643 74 26 regret
312 1643 23 18 at
352 1638 37 23 the
402 1639 69 22 result
484 1638 23 23 of
525 1639 23 27 it,
563 1638 59 22 whe-

43 1674 48 22 ther
107 1681 32 15 we
160 1672 101 23 consider
280 1673 19 22 it
316 1672 25 22 in
356 1671 80 31 regard
454 1676 22 18 to
489 1671 134 27 the.unfor-

42 1711 76 19 tunate
130 1706 142 23 termination
283 1705 25 23 of
316 1705 26 28 it,
355 1712 24 15 or
392 1712 24 15 as
426 1704 92 31 regards
528 1705 29 22 its
570 1712 53 23 pos-

42 1740 56 22 sible
111 1740 77 22 effects
200 1746 59 23 upon
278 1738 37 23 the
334 1737 90 31 general
440 1738 96 23 interest
547 1738 25 22 of
586 1737 37 23 the

44 1773 95 27 settlers,
153 1772 63 23 these
229 1780 24 14 as
266 1771 50 23 well
328 1778 23 16 as
364 1772 24 21 in
401 1770 35 24 the
445 1770 62 23 other
516 1771 106 28 districts,

42 1806 43 23 and
99 1805 36 23 the
157 1805 148 30 interruption
319 1809 22 18 to
360 1804 49 22 that
419 1804 96 22 hitherto
527 1804 57 22 frien
593 1803 30 31 lly

43 1839 42 23 and
104 1838 118 31 peaceable
241 1839 139 22 intercourse
404 1837 98 23 between
521 1837 38 23 the
581 1841 42 19 two

40 1879 72 14 races.

75 1906 33 22 At
125 1912 29 16 an
177 1905 61 30 early
262 1904 58 22 hour
329 1902 4 3 '
343 1911 26 15 on
395 1903 92 30 Sunday
507 1904 51 28 last,
584 1903 39 23 her

42 1938 119 31 Majesty's
173 1938 51 29 brig
238 1937 110 28 Victoria,
370 1936 86 23 arrived
475 1937 23 22 in
517 1937 45 22 this
574 1941 49 26 pott

36 1972 61 26 .from
112 1971 86 30 Cloudy
211 1971 57 30 Bay,
285 1970 108 30 bringing
412 1969 51 23 with
481 1970 41 22 her
539 1970 84 22 certain

40 2004 142 27 individuals,
196 2004 49 22 who
257 2003 44 23 had
311 2003 53 22 with
373 2002 109 30 difficulty
491 2003 18 21 it
520 2009 103 23 appears,

42 2036 92 23 effected
153 2036 58 23 their
229 2043 80 22 escape
327 2035 58 22 from
405 2042 13 15 a
434 2034 59 30 body
511 2035 25 22 of
551 2035 73 22 which

40 2069 54 29 they
106 2069 86 23 formed
205 2077 12 14 a
228 2073 57 25 part,
298 2067 50 23 who
362 2067 46 23 had
417 2067 125 30 proceeded
553 2067 71 23 under

40 2102 38 22 the
90 2100 114 31 authority
215 2101 44 22 and
271 2100 103 32 personal
387 2100 201 30 superintendence
600 2101 26 23 of

43 2135 36 23 the
88 2134 99 23 resident
195 2134 78 23 Police
282 2133 144 31 Magistrate,
436 2132 38 24 the
485 2133 138 31 Company's

42 2167 117 31 Principal
169 2168 77 29 Agent
257 2166 34 23 for
301 2166 50 23 that
358 2166 135 28 settlement,
506 2166 44 23 and
561 2167 63 23 other

42 2201 128 30 gentlemen
191 2206 21 17 to
225 2200 36 22 aid
280 2200 44 22 and
344 2200 68 22 assist
423 2199 23 23 in
464 2199 39 23 the
522 2199 101 24 enforce-

42 2236 61 21 mentnent
115 2235 24 22 of
148 2233 38 24 the
204 2233 118 23 execution
336 2233 23 22 of
375 2240 14 15 a
401 2236 95 19 warrant
508 2237 22 18 to
543 2241 80 23 appre-

42 2267 59 23 hend
122 2272 41 18 two
185 2267 75 22 native
279 2266 77 28 chiefs,
376 2266 54 27 viz.,
452 2266 108 31 Raupera
581 2267 43 23 and

42 2300 147 31 Rangihatai,
207 2307 59 23 upon
279 2307 13 15 a
304 2299 82 31 charge
399 2299 24 22 of
437 2306 66 16 arson
515 2299 44 23 and
572 2300 51 23 rob-

42 2333 62 29 berp.

76 2367 51 23 One
140 2367 25 22 of
174 2367 38 22 the
224 2366 127 31 gentlemen
365 2365 49 24 who
435 2365 43 23 had
497 2373 24 16 so
534 2367 91 22 arrived

42 2408 44 15 was
104 2400 37 23 the
162 2400 137 30 Company's
322 2399 69 23 Chief
411 2399 113 30 Surveyor
536 2400 25 22 of
577 2400 49 22 that

42 2433 134 28 settlement,
202 2431 121 31 (Nelson.)
369 2431 70 31 Upon
457 2440 29 15 an
510 2433 115 22 interview

42 2466 72 23 which
130 2466 49 22 that
196 2466 127 29 gentleman
344 2465 42 23 had
404 2464 53 23 with
468 2464 48 24 Mr.
537 2466 87 23 M'Do-

42 2499 84 31 nough,
139 2499 38 23 the
190 2499 85 29 Acting
287 2499 78 22 Police
379 2498 134 30 Magistrate
524 2499 24 22 of
558 2499 65 22 Wel-

42 2532 95 31 lington,
150 2532 29 22 he
189 2532 70 22 called
269 2540 13 14 a
290 2532 101 29 meeting
400 2532 24 22 of
432 2531 36 23 the
476 2532 149 30 Magistrates

45 2566 24 22 of
78 2566 45 22 this
134 2565 72 31 place,
219 2565 44 22 and
275 2565 37 22 the
324 2565 71 22 result
407 2565 24 22 of
445 2565 58 22 their
514 2565 111 22 delibera-

42 2600 46 21 tion
101 2607 44 15 was
159 2598 48 23 that
219 2598 48 23 Mr.
287 2598 158 30 M'Donough,
466 2598 160 31 accompanied

44 2632 29 30 by
85 2632 47 23 Mr.
153 2631 78 31 Spain,
251 2631 38 23 the
308 2631 66 23 Land
388 2631 184 29 Commissioner,
591 2631 32 24 R.

43 2665 31 23 D.
89 2665 106 28 Hanson,
209 2664 80 23 Crown
302 2664 143 28 Prosecutor,
460 2664 47 24 Mr.
522 2664 102 30 Clifford,

44 2698 62 29 J.P.,
122 2699 95 29 Captain
231 2697 82 28 Smith,
327 2697 74 28 R.A.,
416 2697 61 28 J.P.,
492 2697 83 31 Henry
587 2698 36 23 St.

45 2731 57 29 Hill,
116 2731 68 30 Esq.,
203 2731 54 23 J.P.
276 2730 44 24 and
341 2730 90 28 Sheriff,
453 2730 137 24 determined
603 2736 23 18 to

42 2765 97 31 proceed
150 2764 151 29 immediately
315 2765 24 21 in
356 2763 38 23 the
407 2763 64 31 Brig,
489 2768 23 18 to
525 2764 38 23 the
576 2770 50 24 spot

43 2797 73 24 where
128 2798 38 23 the
178 2797 71 30 affray
260 2795 37 31 (of
313 2796 72 23 which
398 2804 32 15 we
450 2797 51 29 give
520 2797 39 23 the
576 2798 50 23 best

43 2836 94 18 account
155 2838 33 15 we
210 2829 66 24 could
299 2828 101 32 collect,)
419 2831 158 29 accompained
597 2831 29 30 by

43 2863 56 24 such
111 2864 24 23 of
151 2863 38 23 the
202 2862 138 23 inhabitants
352 2863 24 22 of
386 2862 37 24 the
435 2862 64 32 place
515 2871 24 15 as
559 2864 67 23 chose

43 2901 21 18 to
77 2896 117 24 volunteer
205 2895 58 24 their
275 2897 105 28 services,
398 2896 25 23 in
434 2895 65 24 order
511 2901 21 19 to
545 2904 79 16 rescue

44 2937 44 23 any
100 2930 24 22 of
134 2929 36 23 the
183 2928 66 24 white
266 2929 81 31 people
365 2929 49 23 who
427 2929 72 31 might
518 2930 26 23 be
556 2930 70 23 found

43 2963 94 30 forcibly
151 2962 103 24 detained
267 2963 29 29 by
308 2963 38 22 the
358 2962 101 29 Natives,
478 2963 44 22 and
535 2968 21 18 to
570 2963 54 24 offer

44 2996 58 23 their
115 2996 75 23 efforts
203 3003 24 15 as
239 2996 121 23 mediators
372 2996 99 23 between
480 2995 38 24 the
530 2996 96 24 Natives

43 3029 42 22 and
98 3029 36 22 the
148 3029 87 22 Nelson
248 3029 103 22 Settlers.

77 3062 41 23 We
130 3062 59 23 shall
207 3062 83 23 refrain
309 3070 28 15 on
355 3062 38 23 the
412 3067 91 26 present
522 3064 103 22 occasion

44 3096 134 30 canvassing
190 3095 37 23 the
238 3096 78 22 merits
330 3095 23 23 of
363 3095 38 23 the
414 3103 57 21 case,
485 3096 44 22 and
540 3097 85 30 merely

43 3129 35 29 lay
91 3129 37 22 the
139 3129 66 27 facts,
218 3137 25 14 as
261 3129 34 22 far
307 3136 25 15 as
345 3135 31 16 we
395 3135 41 16 can
458 3129 79 23 collect
555 3129 69 29 them,

43 3162 75 23 before
131 3169 41 15 our
184 3162 90 22 readers

78 3194 23 23 It
121 3202 94 22 appears
234 3194 49 23 that
302 3194 39 23 the
362 3195 124 29 Surveyors
503 3202 58 16 were
570 3203 54 23 pro-

44 3227 91 29 ceeding
160 3228 24 22 in
204 3227 58 22 their
280 3228 134 30 occupation
432 3232 22 18 to
474 3233 34 17 set
528 3233 41 17 out
584 3228 39 24 the

45 3265 94 25 country
153 3260 96 23 sections
257 3261 23 22 in
294 3261 36 22 the
344 3261 91 22 Wairoa
446 3266 102 26 country,
561 3261 65 23 when

44 3294 108 29 Raupera
163 3293 137 30 interposed,
318 3293 44 23 and
383 3293 46 23 told
443 3294 69 28 them,
535 3294 49 23 that
607 3295 19 22 it

43 3334 45 15 was
100 3326 35 23 his
148 3325 52 23 laad
209 3335 6 19 ;
230 3325 43 23 and
292 3326 18 23 if
327 3326 52 30 they
392 3326 37 23 did
440 3334 39 15 not
491 3327 78 29 desist,
583 3328 43 22 and

43 3360 63 23 leave
119 3359 37 29 the
167 3359 70 30 place,
250 3358 28 23 he
288 3359 73 23 would
379 3360 48 29 pull
445 3360 65 23 down
527 3360 38 23 the
584 3360 42 24 hut

45 3393 52 30 they
109 3391 65 29 built,
188 3392 43 22 and
245 3391 60 23 force
318 3392 60 23 them
391 3400 68 23 away.
496 3393 23 23 It
527 3402 99 22 .appears

45 3426 48 23 that
112 3425 27 23 he
159 3424 86 24 carried
265 3424 35 23 his
325 3425 85 23 threats
429 3426 47 23 into
497 3428 127 28 execution,

43 3459 30 30 by
96 3459 100 30 burning
216 3457 37 23 the
276 3465 78 21 warre,
367 3458 51 29 and,
437 3466 24 16 as
478 3460 19 22 is
515 3459 109 31 alledged,

45 3491 103 24 detained
160 3491 58 23 what
233 3491 106 31 personal
356 3491 77 23 effects
450 3492 37 23 the
506 3500 120 23 surveyors

43 3525 45 24 had
106 3524 54 24 with
181 3524 69 24 them.
299 3523 70 32 Upon
392 3524 52 29 this,
464 3525 47 23 Mr.
525 3525 101 25 Tuckett

43 3557 50 33 (the
103 3558 128 31 gentleman
245 3557 48 23 who
303 3557 88 23 arrived
403 3556 65 32 here)
487 3558 137 32 despatched

45 3600 42 15 one
100 3593 25 22 of
139 3591 38 23 the
191 3591 122 30 surveying
334 3590 55 24 staff
409 3595 22 19 to
450 3591 96 28 Nelson,
571 3593 53 22 with

44 3625 38 24 the
89 3624 163 31 'intelligence.
306 3623 50 24 The
375 3624 71 23 result
461 3631 53 22 was,
527 3624 50 23 that
588 3625 37 24 the

44 3658 77 24 Police
150 3658 135 30 Magistrate
312 3656 60 32 (Mr.
404 3656 144 32 Thompson)
570 3658 56 24 after

43 3691 80 31 taking
143 3690 45 31 (we
207 3690 118 32 presume)
344 3690 38 23 the
402 3690 124 31 deposition
543 3691 26 22 of
588 3691 37 24 the

45 3732 114 23 surveyor,
173 3724 76 24 issued
264 3724 35 23 his
311 3728 109 18 warrants
433 3724 89 29 against
534 3724 37 22 the
583 3728 42 19 two

43 3758 135 22 individuals
191 3757 70 23 above
273 3757 89 28 named,
386 3756 45 23 and
448 3756 97 23 delivers
564 3757 61 23 them

40 3790 50 22 into
104 3791 37 21 the
154 3790 70 23 hands
242 3791 25 22 of
282 3790 36 24 his
341 3790 68 23 Chief
424 3790 130 27 Constable,
573 3789 52 24 with

43 3824 148 22 instructions
203 3829 21 17 to
237 3831 138 24 accompany
393 3822 92 24 himself
503 3822 43 24 and
563 3830 63 16 some

43 3857 33 21 40
95 3864 25 14 or
141 3858 32 21 50
196 3864 61 16 more
281 3856 144 29 individuals,
446 3861 22 18 to
480 3861 96 18 execute
588 3856 38 23 the

44 3896 69 16 same.
150 3889 50 22 The
211 3894 66 26 party
287 3890 85 31 haying
377 3890 61 23 -been
452 3887 45 33 (we
508 3889 118 32 presume)

42 3922 52 23 first
104 3929 73 19 sworn
190 3923 55 22 iivas
257 3923 84 29 special
353 3922 134 29 constables,
499 3922 85 24 headed
597 3923 29 29 by

1299 129 35 24 To
1342 130 72 24 which
1426 131 39 23 the
1475 130 85 31 Mayor
1572 131 85 31 replied

1487 162 91 26 Sunday
1588 162 104 26 evening,
1703 164 14 19 8
1727 162 93 26 o'clock,

1546 188 49 22 18th
1606 188 67 26 June,
1690 190 60 20 1843.

1292 214 182 21 Gentlemen.
1477 214 92 27 Having
1588 214 52 27 duly
1659 214 131 22 considered
1810 214 41 22 the

1265 240 132 26 requisition
1406 247 50 14 now
1473 240 118 27 presented
1608 245 23 17 to
1646 248 46 19 me,
1709 241 143 27 numerously

1265 265 43 23 and
1317 267 137 26 respectably
1465 267 85 26 signed.
1562 267 10 21 I
1583 267 43 21 feel
1636 274 30 14 no
1683 267 127 26 hesitation,
1828 271 24 17 at

1266 300 54 14 once
1331 292 22 21 in
1363 293 110 26 agreeing,
1486 296 22 18 to
1518 293 42 22 call
1576 300 13 14 a
1606 293 74 26 public
1698 294 104 26 meeting,
1814 297 38 17 to-

1266 326 98 17 morrow,
1375 319 37 21 the
1424 320 51 21 19th
1486 319 67 26 June,
1562 323 23 17 at
1591 327 43 13 one
1642 320 87 21 o'clock
1737 320 114 27 precisely,

1265 345 22 21 in
1297 344 38 22 the
1344 345 68 21 Town
1424 346 63 26 Hall,
1498 346 33 22 Te
1542 347 52 25 Aro,
1606 346 34 21 for
1657 346 37 22 the
1710 353 92 20 purpose
1816 350 36 17 set

1265 371 58 21 forth
1332 371 22 21 in
1365 371 39 21 the
1412 371 140 28 requisition.

1334 397 101 27 (Signed)
1493 398 97 22 George
1606 398 110 26 Hunter,
1732 399 89 25 Mayor.

1298 430 67 23 After
1377 430 34 24 his
1423 430 110 31 Worship
1546 431 43 23 had
1600 432 74 23 stated
1691 432 37 23 the
1742 432 74 31 object
1829 432 23 23 of

1265 462 38 24 the
1315 463 104 31 Meeting
1437 463 29 31 by
1479 463 93 31 reading
1584 464 37 22 the
1634 465 144 30 requisition,
1801 465 49 24 Mr.

1265 495 150 30 Fitzherbert,
1428 496 64 28 J.P.,
1516 497 87 30 opened
1614 496 38 23 the
1672 498 127 23 discussion
1821 498 31 31 by

1265 529 122 30 proposing
1399 529 36 23 the
1447 529 117 31 following
1572 529 133 29 resolution,
1718 530 74 23 which
1803 538 46 16 was

1265 561 110 23 seconded
1387 562 29 30 by
1429 562 49 23 Mr.
1493 562 30 23 E.
1537 562 103 23 Johnson
1652 571 6 15 ::

1292 592 60 21 With
1369 592 36 21 the
1421 595 78 20 recent
1515 593 108 27 alarming
1638 594 141 26 intelligence
1794 595 57 21 from

1265 618 76 24 Queen
1353 618 132 23 Charlotte's
1499 620 84 26 Sound,
1602 620 37 21 the
1654 620 45 22 fact
1714 620 48 21 that
1773 628 30 14 we
1814 628 37 14 are

1264 644 79 28 wholly
1352 645 91 22 without
1447 646 100 27 military
1555 646 34 21 aid
1597 654 5 19 ;
1615 646 48 22 that
1668 647 38 21 the
1715 646 70 28 police
1792 648 59 21 force

1263 671 18 21 is
1291 671 140 27 insufficient,
1443 674 22 20 in
1476 673 37 22 the
1522 673 89 27 opinion
1618 673 25 22 of
1650 673 43 22 this
1701 674 103 26 meeting,
1818 674 34 21 for

1265 697 37 22 the
1322 705 102 15 common
1439 699 71 27 police
1526 707 105 19 purposes
1646 700 26 21 of
1687 700 36 21 the
1740 700 110 27 Borough,

1265 724 44 21 and
1325 725 22 21 in
1364 725 38 21 the
1418 729 89 23 present
1522 726 129 27 distressing
1666 729 54 18 state
1736 727 26 21 of
1773 734 79 14 uncer-

1264 750 71 28 tainty
1346 759 24 14 as
1386 756 21 17 to
1417 752 37 21 the
1469 752 46 22 fate
1526 753 27 20 of
1566 760 40 14 our
1616 756 145 24 countrymen
1776 753 22 21 in
1813 753 38 22 the

1265 777 140 22 unfortunate
1419 778 100 22 collision
1535 778 47 22 that
1595 779 40 22 has
1645 779 67 22 taken
1725 779 63 27 place
1799 780 53 21 with

1266 804 36 21 the
1313 804 74 21 native
1398 804 139 28 population;
1550 805 101 27 together
1661 806 52 21 with
1722 806 40 22 the
1770 806 82 27 impos-

1264 830 80 27 sibility
1357 831 25 21 of
1396 832 77 26 saying
1488 831 48 22 how
1547 832 33 21 far
1590 832 37 21 the
1642 836 89 23 present
1741 832 43 22 evil
1799 841 53 19 may

1265 857 81 21 extend
1353 865 5 18 ;
1370 864 32 14 we
1408 858 42 21 feel
1462 859 17 20 it
1487 865 39 14 our
1533 858 53 27 duty
1595 862 22 17 to
1623 859 69 26 unite,
1701 859 29 27 by
1739 859 28 21 all
1774 867 78 14 means

1264 883 22 20 in
1298 891 40 14 our
1342 885 88 25 'power,
1447 884 34 21 for
1496 884 38 21 the
1551 885 118 22 assistance
1680 886 25 20 of
1718 885 37 22 the
1769 886 83 27 legally

1265 910 133 21 constituted
1416 910 136 28 authorities,
1572 912 23 21 in
1612 919 43 19 any
1673 919 49 14 case
1740 912 25 21 of
1780 919 72 15 emer-

1264 943 79 19 gency.

1298 965 35 23 To
1343 965 38 23 the
1389 965 124 23 resolution
1523 965 63 23 itself
1590 967 24 21 in
1623 966 38 23 the
1671 971 59 18 most
1740 967 112 23 extended

1265 1005 66 15 sense
1340 998 25 23 of
1374 997 37 23 the
1421 998 115 31 meaning,
1552 998 61 23 there
1621 1006 42 16 can
1675 999 28 23 be
1712 1007 28 15 no
1752 1000 100 30 possible

1265 1030 120 32 objection,
1398 1030 34 24 for
1445 1031 56 23 after
1513 1031 33 23 all
1554 1031 59 23 what
1623 1032 54 23 does
1689 1033 19 22 it
1719 1037 93 18 amount
1820 1037 31 25 to,

1264 1070 59 16 meer
1335 1071 94 20 words,
1443 1072 13 14 a
1469 1069 48 18 sort
1526 1064 26 22 of
1560 1065 145 30 overflowing
1717 1065 23 23 of
1752 1065 47 23 that
1811 1066 40 23 de-

1265 1097 64 22 voted
1341 1097 138 22 attachment
1491 1102 22 17 to
1527 1097 37 22 the
1576 1097 54 23 laws
1642 1098 26 23 of
1679 1098 56 23 their
1747 1103 102 26 country,

1265 1130 72 22 which
1348 1131 17 21 it
1377 1130 75 22 would
1470 1130 27 23 be
1510 1138 28 14 an
1557 1130 70 23 insult
1644 1135 24 19 to
1680 1131 59 23 their
1757 1131 94 24 boasted

1264 1163 91 30 loyalty,
1379 1163 44 22 and
1445 1163 134 23 admiration
1599 1164 24 22 of
1649 1164 135 31 Monarchy,
1806 1166 45 22 and

1264 1196 29 22 all
1314 1197 29 21 its
1362 1197 150 22 concomitant
1529 1196 113 31 blessings
1664 1202 23 18 to
1706 1197 69 23 doubt
1792 1198 59 23 their

1263 1230 129 29 possession
1401 1229 23 22 of
1431 1230 25 27 it,
1467 1229 41 23 but
1515 1229 59 24 what
1582 1230 114 30 surprizes
1705 1239 26 14 us
1741 1231 28 29 is,
1780 1231 48 22 that
1837 1240 14 14 a

1263 1262 59 29 body
1335 1262 24 22 of
1374 1270 51 14 men
1438 1262 49 22 who
1506 1270 60 15 seem
1579 1270 24 15 so
1621 1264 110 30 perfectly
1743 1272 72 15 aware
1828 1265 24 22 of

1264 1295 59 22 what
1335 1302 37 16 are
1385 1295 69 22 called
1472 1295 37 23 the
1520 1295 121 31 privileges
1653 1297 26 22 of
1690 1297 159 30 Englishmen,

1265 1336 36 15 are
1313 1333 39 18 not
1362 1328 88 30 equally
1458 1336 73 15 aware
1542 1328 24 23 of
1575 1328 58 23 their
1642 1330 152 30 subservency
1805 1330 43 22 and

1265 1361 143 31 humiliating
1419 1361 128 31 subjection
1564 1366 22 19 to
1599 1362 36 23 the
1647 1370 87 22 powers
1753 1363 47 22 that
1813 1363 36 29 be,

1265 1394 43 23 and
1320 1402 24 15 as
1351 1394 97 30 subjects
1458 1394 24 23 of
1492 1394 59 23 their
1562 1394 64 24 Most
1637 1396 111 22 Gracious
1759 1396 89 29 Queen,

1264 1427 51 30 they
1328 1435 37 15 are
1378 1435 24 15 as
1419 1427 70 23 much
1501 1427 73 23 slaves
1587 1432 22 18 to
1627 1427 45 24 this
1686 1428 162 29 Government,

1265 1460 70 23 which
1346 1461 19 22 it
1376 1460 21 23 is
1408 1460 58 23 their
1477 1460 66 23 boast
1555 1465 21 18 to
1586 1460 44 23 live
1643 1461 78 28 under,
1735 1469 25 15 as
1773 1469 44 23 any
1825 1462 25 22 of

1264 1493 40 23 the'
1313 1493 91 23 cookies
1417 1493 72 23 under
1501 1493 38 23 the
1557 1493 113 23 dominion
1684 1495 25 21 of
1724 1495 38 23 the
1775 1495 74 23 native

1265 1526 87 29 Chiefs,
1371 1526 73 23 whom
1455 1527 19 22 it
1492 1534 46 15 was
1552 1533 54 16 once
1618 1526 36 23 the
1667 1527 82 24 fashon
1767 1532 23 19 to
1801 1528 48 23 dis-

1263 1560 57 30 pise,
1333 1559 41 23 but
1386 1560 73 22 whom
1478 1567 49 15 now
1539 1559 100 24 forsooth
1652 1560 52 30 they
1718 1568 38 16 are
1767 1561 82 30 begin-

1263 1593 40 28 ing
1315 1597 22 18 to
1350 1592 56 23 fear.

1296 1625 40 23 An
1348 1625 152 30 Englishman
1520 1626 28 22 be
1559 1627 18 21 it
1594 1626 83 23 known
1691 1632 81 18 cannot
1784 1627 65 23 elude

1265 1658 36 23 the
1313 1659 108 22 maternal
1435 1658 101 23 clutches
1550 1659 24 23 of
1583 1658 35 24 his
1632 1660 91 23 Mother
1737 1660 110 31 Country.

1265 1691 28 23 In
1307 1699 29 15 no
1353 1697 91 26 quarter
1456 1693 26 22 of
1496 1693 38 22 the
1553 1692 114 24 habitable
1679 1693 66 30 globe
1763 1701 41 15 can
1820 1694 29 22 he

1265 1729 33 18 set
1309 1725 35 22 his
1355 1725 54 29 foot,
1428 1725 62 22 freed
1503 1725 56 22 from
1579 1725 35 22 his
1632 1726 120 23 obedience
1773 1732 22 17 to
1808 1726 40 24 her

1263 1758 40 22 fiat
1311 1766 6 19 ;
1324 1758 58 23 .-tout
1393 1759 22 21 in
1427 1763 79 18 return
1517 1759 35 22 for
1564 1758 44 23 this
1621 1760 102 29 seeming
1735 1760 114 31 anomally

1265 1795 20 18 to
1296 1791 35 22 his
1340 1791 93 23 boasted
1441 1791 108 29 freedom,
1562 1791 28 23 he
1599 1792 19 22 is
1628 1792 114 31 supposed
1750 1799 22 17 to
1783 1801 66 23 carry

1264 1824 67 30 along
1343 1824 53 23 with
1411 1824 47 23 him
1480 1824 38 23 the
1535 1825 128 30 protecting
1682 1825 73 25 sheild
1768 1827 24 23 of
1808 1826 41 24 her

1263 1865 82 22 power.

1298 1890 23 23 It
1332 1899 75 15 seems
1419 1896 23 18 to
1454 1892 28 22 be
1494 1892 38 22 the
1546 1892 90 30 opinion
1649 1892 25 23 of
1684 1892 37 23 the
1734 1893 114 30 Meeting,

1265 1923 47 23 that
1324 1925 125 29 protection
1458 1925 47 22 like
1515 1932 68 23 many
1592 1925 64 23 other
1668 1926 25 22 of
1699 1933 41 16 our
1749 1926 100 32 English

1261 1957 179 23 Constitutional
1454 1958 105 27 theories,
1579 1958 19 23 is
1610 1966 63 15 more
1684 1958 99 24 nominal
1794 1959 54 23 than

1262 1989 55 28 real,
1337 1990 44 22 and
1392 1991 22 21 in
1427 1989 38 23 the
1478 1995 92 25 present
1582 1996 57 16 state
1652 1991 25 22 of
1695 1992 45 21 this
1752 1992 95 29 Colony,

1265 2029 40 20 we.
1314 2022 57 30 fully
1384 2029 66 23 agree
1469 2022 53 22 with
1542 2022 37 22 the
1600 2023 113 30 Meeting.
1742 2024 54 25 JBut
1815 2032 33 14 we

1263 2055 28 22 do
1315 2060 40 17 not
1372 2055 131 30 participate
1520 2055 25 22 in
1557 2055 36 23 the
1613 2055 59 23 fears
1693 2056 44 22 and
1758 2057 89 28 alarms,

1262 2087 74 23 which
1356 2088 18 23 it
1393 2087 73 23 would
1488 2094 69 22 seem,
1579 2088 56 23 from
1656 2088 59 23 what
1734 2089 39 22 fell
1792 2090 57 23 from

1264 2128 61 15 some
1338 2121 24 22 of
1377 2120 37 23 the
1430 2120 118 31 speakers,
1567 2121 44 23 and
1623 2121 75 23 whose
1716 2123 133 23 sentiments

1264 2154 88 23 seemed
1364 2158 22 18 to
1399 2154 26 23 he
1439 2154 84 23 echoed
1534 2154 30 30 by
1576 2161 67 23 many
1655 2155 94 23 around.
1786 2156 64 23 That

1264 2194 31 15 we
1307 2186 56 24 have
1376 2194 42 23 any
1430 2191 90 26 greater
1532 2187 100 30 grounds
1645 2187 25 23 of
1679 2187 47 24 fear
1740 2188 56 23 from
1810 2189 40 23 the

1264 2220 85 23 natives
1357 2228 49 15 now
1413 2220 53 23 than
1477 2227 32 16 we
1518 2220 44 23 had
1569 2220 45 23 last
1620 2220 72 29 week,
1699 2221 41 23 but
1745 2229 33 16 we
1784 2222 65 26 have,

1264 2253 105 31 perhaps,
1381 2253 44 23 had
1435 2262 13 14 a
1457 2253 100 30 salutary
1567 2254 110 31 warning,
1691 2259 38 18 not
1738 2262 112 16 unneces-

1265 2286 67 30 sarily
1345 2292 22 17 to
1379 2286 101 31 provoke
1498 2287 64 23 those
1574 2287 49 22 who
1636 2288 18 21 if
1673 2288 113 28 attacked,
1804 2288 47 23 will

1265 2324 39 18 not
1326 2320 72 30 quitly
1418 2320 94 28 submit,
1536 2325 22 17 to
1578 2320 60 23 what
1661 2320 54 31 they
1739 2321 111 29 consider,

1265 2353 98 23 whether
1375 2353 83 30 rightly
1471 2361 24 14 or
1509 2353 107 31 wrongly,
1636 2361 29 15 an
1678 2358 95 27 attempt
1782 2354 69 23 forci-

1265 2386 38 30 bly
1314 2391 23 18 to
1351 2386 127 30 dispossess
1490 2386 62 23 them
1564 2386 24 23 of
1598 2387 57 22 their
1667 2387 81 29 rights.

1298 2419 50 23 The
1368 2424 55 18 next
1444 2419 123 24 resolution
1587 2427 45 16 was
1651 2420 80 23 moved
1750 2420 31 31 by
1802 2421 47 24 Mr.

1266 2452 69 28 Ross,
1348 2452 45 22 and
1405 2452 111 23 seconded
1527 2452 31 30 by
1569 2453 47 23 Mr.
1631 2453 66 29 Lyon
1707 2462 5 14 ::

1291 2488 53 22 This
1353 2488 98 26 meeting
1459 2488 87 22 resolve
1555 2488 49 22 that
1613 2497 13 13 a
1635 2490 115 21 memorial
1766 2490 26 21 be
1802 2498 50 20 pre-

1265 2515 74 27 pared,
1350 2516 128 26 requesting
1493 2515 135 27 application
1639 2519 22 18 to
1671 2516 38 21 the
1726 2517 68 22 Local
1806 2518 46 21 Go-

1266 2546 123 22 vernment,
1400 2542 34 21 for
1449 2542 83 21 instant
1548 2542 41 21 and
1607 2543 103 21 effectual
1728 2544 123 26 protection

1266 2572 21 18 to
1298 2569 27 20 be
1332 2568 103 25 afforded,
1447 2571 22 18 to
1480 2576 101 19 preserve
1589 2569 37 22 the
1633 2569 63 25 lives,
1708 2570 85 28 liberty,
1806 2571 46 21 and

1265 2598 100 24 property
1385 2595 24 22 of
1430 2595 40 22 her
1494 2596 118 26 Majesty's
1630 2596 102 27 subjects,
1759 2601 22 17 at
1799 2598 53 21 Port

1266 2622 120 22 Nicholson
1394 2630 5 18 ;
1414 2622 46 21 and
1470 2622 49 21 that
1530 2622 36 21 the
1576 2630 60 14 same
1649 2623 28 21 be
1688 2624 77 26 signed
1774 2624 28 26 by
1814 2624 37 22 the

1265 2648 142 27 inhabitants,
1423 2648 45 22 and
1479 2649 48 21 that
1536 2656 28 15 an
1574 2649 90 22 address
1673 2650 28 21 be
1712 2651 106 27 prepared
1830 2655 22 18 to

1266 2676 39 21 her
1316 2676 112 26 Majesty's
1439 2676 158 27 Government,
1610 2676 83 28 setting
1700 2677 59 22 forth
1766 2685 40 14 our
1814 2678 38 21 de-

1266 2702 108 22 fenceless
1384 2702 111 22 condition
1505 2711 5 18 ;
1522 2703 44 21 and
1577 2706 48 19 that
1632 2703 36 22 the
1677 2711 60 14 same
1747 2705 27 21 be
1782 2708 70 18 trans-

1265 2728 83 26 mitted,
1365 2729 51 21 with
1433 2729 37 21 the
1484 2730 78 26 passed
1577 2730 132 22 resolutions
1725 2731 126 27 appended,

1266 2760 21 17 to
1307 2756 36 21 the
1364 2756 115 27 Secretary
1498 2757 26 20 of
1546 2758 59 21 State
1626 2757 35 21 for
1685 2757 36 22 the
1741 2758 110 28 Colonies,

1267 2782 93 27 through
1377 2782 36 22 the
1432 2782 67 22 Local
1517 2783 153 22 Government
1686 2788 22 17 at
1719 2785 119 22 Auckland
1846 2793 5 19 ;

1267 2810 43 21 and
1321 2808 48 23 that
1379 2817 13 13 a
1401 2809 84 22 similar
1492 2814 120 17 statement
1619 2811 26 21 be
1652 2811 124 22 forwarded
1786 2815 21 18 to
1815 2812 37 22 the

1268 2837 115 21 Governor
1393 2836 25 21 of
1429 2836 57 21 New
1503 2837 69 21 South
1584 2837 81 27 Wales,
1682 2838 43 21 and
1740 2838 37 22 the
1791 2846 61 15 same

1266 2864 27 21 be
1304 2870 55 18 open
1372 2866 21 18 to
1404 2862 112 26 signature
1526 2864 23 21 in
1560 2864 36 21 the
1607 2871 61 15 3ame
1679 2872 99 15 manner.

1299 2899 35 22 As
1355 2899 93 29 regards
1471 2899 39 22 the
1526 2902 95 28 purpdrt
1640 2901 26 22 of
1682 2901 37 22 the
1731 2901 121 31 foregoing

1266 2932 132 28 resolution,
1410 2939 33 15 we
1463 2939 85 16 concur
1566 2933 95 30 entirely
1682 2934 23 22 in
1722 2934 38 22 the
1783 2942 69 22 expe-

1268 2966 86 29 dientcy
1365 2965 25 23 of
1405 2966 106 30 pressing
1529 2973 62 23 upon
1613 2966 38 23 the
1670 2966 56 23 local
1746 2967 105 22 Govern-

1266 3003 69 23 ment,
1357 2998 31 30 by
1410 3006 69 22 every
1498 2999 100 30 possible
1619 2999 178 24 demonstration
1826 3000 26 22 of

1266 3031 75 32 public
1353 3029 91 32 feeling,
1465 3039 41 15 our
1523 3032 149 30 undisguised
1693 3033 95 30 disgust,
1806 3033 45 23 and

1267 3069 59 19 want
1346 3064 26 23 of
1394 3064 130 24 confidence
1545 3066 22 22 in
1585 3066 30 22 its
1635 3065 171 24 adminstration
1828 3066 24 23 of

1268 3099 37 23 the
1317 3097 126 23 Executive
1463 3098 46 22 and
1527 3098 139 23 Ministerial
1684 3098 74 24 duties
1773 3099 25 23 of
1813 3099 39 23 the

1268 3131 160 27 Government,
1442 3131 45 22 and
1498 3139 33 15 we
1544 3130 57 24 shall
1613 3131 27 22 be
1653 3135 61 20 most
1722 3131 70 31 ready
1803 3133 45 22 and

1267 3164 85 31 willing
1364 3168 21 18 to
1395 3163 52 23 lend
1457 3171 41 16 our
1510 3163 37 23 aid
1559 3164 22 22 in
1593 3164 101 31 framing
1704 3172 45 23 any
1757 3165 94 24 address

1267 3197 71 24 which
1350 3196 57 23 shall
1419 3196 58 23 have
1488 3197 35 24 for
1534 3198 30 22 its
1576 3196 81 32 object,
1673 3198 39 23 the
1723 3198 129 24 endeavour

1268 3236 21 18 to
1306 3238 65 16 rouse
1388 3229 37 23 the
1445 3230 133 24 authorities
1595 3231 48 25 into
1663 3231 129 31 something
1810 3240 41 23 ap-

1267 3263 123 33 proaching
1401 3267 21 19 to
1435 3271 14 15 a
1461 3263 43 24 due
1513 3263 80 31 regard
1606 3268 22 19 to
1640 3264 60 23 their
1710 3265 83 29 offices,
1807 3266 45 23 and

1268 3306 12 15 a
1289 3297 123 24 consistent
1433 3297 66 23 mode
1520 3297 26 23 of
1561 3297 106 32 carrying
1687 3297 60 24 their
1764 3299 85 23 instrc-

1268 3332 57 22 tions
1341 3330 47 23 into
1407 3329 75 24 effect.
1527 3330 44 23 We
1590 3338 41 23 say
1642 3331 54 29 this,
1706 3331 96 24 because
1815 3340 34 16 we

1268 3363 66 24 think
1343 3370 40 16 our
1395 3363 117 30 situation,
1525 3363 95 23 without
1638 3364 116 24 reference
1772 3369 22 19 to
1813 3365 38 23 the

1267 3398 43 23 late
1332 3396 65 23 affair
1414 3400 24 19 at
1454 3396 98 29 Nelson,
1573 3396 91 31 equally
1684 3397 56 24 calls
1758 3397 34 23 for
1809 3406 42 16 our

1267 3431 71 23 active
1350 3429 43 23 and
1405 3430 126 30 unceasing
1541 3429 136 31 application
1688 3435 22 18 to
1720 3430 40 24 the
1769 3431 82 23 autho-

1267 3465 71 27 rities,
1348 3462 57 24 both
1414 3463 55 22 here
1480 3463 43 23 and
1542 3467 23 18 at
1580 3462 74 24 home.
1701 3463 44 23 We
1764 3464 28 23 do
1811 3470 41 18 not

1267 3505 45 21 see,
1324 3496 57 23 from
1400 3495 37 23 the
1457 3500 77 27 report
1555 3496 24 22 of
1604 3504 40 16 our
1665 3501 182 28 contemporary,

1266 3538 44 23 any
1321 3528 79 24 record
1407 3529 26 22 of
1448 3529 39 22 the
1497 3529 125 23 resolution
1634 3529 24 22 in
1670 3529 74 24 which
1757 3538 12 15 a
1788 3538 63 17 com-

1266 3564 76 23 mittee
1348 3562 25 23 of
1375 3562 129 30 gentlemen
1509 3562 58 23 have
1575 3561 55 24 been
1638 3563 131 23 nominated
1775 3563 29 31 by
1813 3564 38 24 the

1267 3597 100 29 Metting
1380 3600 22 18 to
1411 3595 106 30 organise
1529 3603 14 15 a
1552 3599 45 19 sort
1608 3595 25 23 of
1647 3595 130 25 Volunteer
1790 3597 61 31 Corp

1266 3630 34 23 for
1312 3630 38 22 the
1362 3629 127 31 protection
1498 3628 26 23 of
1539 3628 63 23 there
1612 3636 104 23 persons,
1734 3635 117 26 property,

1266 3663 43 24 and
1318 3663 87 22 homes.
1443 3661 28 23 In
1482 3661 39 24 the
1533 3661 95 24 absence
1637 3661 25 24 of
1671 3670 14 15 a
1696 3668 87 18 correct
1794 3671 58 24 copy

1266 3696 23 24 of
1306 3696 44 23 this
1368 3694 125 24 resolution
1506 3702 33 15 we
1558 3699 81 19 cannot
1655 3695 57 23 offer
1731 3704 45 23 any
1788 3704 63 16 com-

1266 3734 72 19 ments
1351 3736 58 23 upon
1419 3728 19 22 it
1449 3736 6 21 ;
1476 3735 33 16 we
1519 3732 89 25 cannot,
1621 3728 111 30 however,
1745 3731 107 23 conceive

1266 3762 48 24 that
1326 3761 62 23 these
1400 3761 131 30 gentlemen
1541 3769 37 15 are
1589 3762 112 30 prepared
1712 3767 24 19 to
1745 3762 54 24 take
1810 3764 41 23 the

1266 3796 154 23 Government
1432 3794 26 23 of
1472 3793 47 24 this
1536 3795 63 29 place
1618 3795 48 23 into
1686 3795 59 24 their
1764 3795 87 32 hands,

1266 3837 24 15 or
1301 3828 59 26 from
1372 3828 37 23 the
1419 3826 138 32 concluding
1571 3828 130 31 paragraph
1710 3828 26 23 of
1752 3829 38 23 the
1807 3830 45 23 last

1266 3861 122 24 resolution
1405 3860 55 24 seek
1484 3865 24 19 to
1523 3861 29 23 be
1570 3861 67 31 again
1654 3861 119 31 subjected
1782 3866 29 21 to-
1814 3863 38 24 the

1266 3894 200 31 superintendence
1489 3894 26 23 of
1538 3894 38 23 the
1595 3894 134 24 authorities
1749 3896 26 23 of
1795 3896 57 24 New

1268 3928 71 24 South
1351 3927 87 24 Wales.

1912 2333 163 23 Important.
2086 2332 155 24 Discovery.
2278 2333 93 24 Private
2382 2333 75 24 letters

1878 2367 58 22 from
1949 2367 75 30 Gipps
2034 2365 66 24 Land
2109 2366 66 30 bring
2184 2367 122 29 important
2317 2367 140 31 intelligence

1880 2400 23 22 of
1919 2400 37 22 the
1969 2400 117 29 discovery
2096 2400 31 29 by
2145 2400 46 22 Mr.
2204 2400 78 24 Reeve
2301 2400 24 22 of
2341 2408 28 15 an
2390 2401 68 22 outlet

1880 2438 21 17 to
1912 2433 36 22 the
1962 2441 38 15 sea
2012 2433 56 22 from
2082 2433 36 22 the
2130 2433 110 22 immense
2258 2433 78 23 inland
2347 2433 51 23 lake
2409 2434 47 22 into

1880 2466 70 22 which
1965 2466 37 23 the
2014 2466 36 22 La
2063 2466 83 28 Trobe,
2159 2474 24 14 or
2195 2466 135 31 Glengarry,
2349 2467 43 23 and
2409 2467 48 23 four

1880 2501 63 21 other
1955 2500 71 22 rivers
2047 2504 75 26 empty
2134 2499 58 23 their
2211 2505 87 18 waters.
2334 2499 69 24 From
2421 2500 36 23 the

1880 2537 58 19 want
1960 2533 25 22 of
2009 2532 64 23 boats
2091 2534 17 20 it
2129 2532 40 23 has
2187 2537 40 18 not
2246 2534 57 22 been
2321 2534 135 22 ascertained

1879 2564 101 25 whether
1992 2565 37 23 the
2040 2565 94 23 channel
2147 2566 18 21 is
2185 2566 117 30 navigable
2314 2571 23 18 at
2348 2567 30 22 its
2391 2566 65 31 junc-

1880 2600 47 21 tion
1945 2599 54 23 with
2021 2599 37 22 the
2081 2607 45 19 sea,
2148 2598 39 23 but
2210 2598 62 24 there
2296 2607 74 15 seems
2393 2607 63 22 every

1880 2640 79 15 reason
1972 2637 22 18 to
2007 2632 85 23 believe
2114 2632 47 23 that
2173 2631 55 24 such
2246 2633 19 22 is
2284 2633 38 22 the
2343 2640 57 15 case.
2435 2634 23 21 A

1879 2673 62 15 more
1952 2665 133 24 formidable
2097 2665 98 23 obstacle
2206 2669 23 19 to
2248 2665 38 23 the
2296 2666 163 31 practicability

1880 2699 24 22 of
1920 2699 37 22 the
1971 2699 96 23 channel
2079 2699 18 22 is
2110 2707 13 14 a
2134 2698 49 23 reef
2193 2699 25 22 of
2227 2699 66 23 rocks
2307 2699 73 23 which
2391 2707 67 23 appa-

1880 2732 73 30 rently
1966 2732 110 23 stretches
2087 2740 88 15 accross
2188 2732 38 22 the
2235 2736 106 19 entrance
2358 2736 22 20 at
2397 2740 61 15 some

1880 2765 104 23 distance-
2004 2766 58 23 from
2081 2765 39 24 the
2143 2765 73 29 shore,
2234 2765 41 23 but
2292 2767 19 21 it
2330 2766 21 22 is
2362 2765 97 31 possible

1880 2798 49 23 that
1958 2807 62 15 some
2049 2807 96 22 passage
2173 2798 73 31 might
2276 2800 27 22 be
2331 2798 128 24 discovered

1881 2831 99 31 through
1996 2832 74 23 which
2087 2840 76 15 access
2180 2832 73 30 might
2272 2832 28 23 be
2319 2832 45 23 had
2382 2837 21 18 to
2423 2832 35 22 the

1879 2864 61 30 lake,
1963 2866 45 22 and
2026 2865 80 23 thence
2129 2865 53 23 with
2205 2865 39 23 the
2262 2873 53 23 very
2334 2866 92 22 interior
2438 2865 22 22 of

1881 2898 74 29 Gipps
1967 2899 73 22 Land.
2078 2898 59 23 Port
2146 2897 88 30 Phillip
2247 2897 101 24 Patriot.

1913 2932 77 23 Bark
2009 2931 114 24 Exjport.
2161 2931 50 23 The
2230 2931 71 23 whole
2323 2936 92 19 amount
2438 2930 22 23 of

1880 2965 96 22 mimosa
1985 2964 57 23 bark
2054 2963 95 32 shipped
2157 2964 57 22 from
2222 2964 56 23 Port
2286 2963 86 32 Phillip
2380 2965 80 30 during

1880 2997 37 23 the
1931 3005 54 23 year
1997 2997 84 29 ending
2094 2999 56 21 31st
2167 2996 134 29 December,
2323 2999 72 27 1842,
2416 3005 44 15 was

1879 3031 51 23 414
1944 3035 60 19 tons.
2049 3029 57 24 This
2125 3034 121 19 statement
2263 3029 53 29 will,
2336 3038 32 15 we
2391 3030 69 24 doubt

1879 3068 47 24 not,
1950 3064 73 22 excite
2047 3062 153 24 considerable
2223 3062 171 30 astonishment,
2416 3063 44 23 and

1879 3104 58 16 were
1948 3097 19 23 it
1979 3101 39 18 not
2028 3096 160 31 incontestibly
2199 3096 84 31 proved
2294 3097 30 30 by
2343 3096 37 23 the
2400 3096 59 24 Cus-

1879 3134 59 19 toms
1951 3134 98 24 returns,
2062 3131 30 22 ils
2101 3137 108 23 accuracy
2228 3129 73 24 would
2316 3129 98 32 perhaps
2432 3130 26 23 be

1878 3171 62 15 more
1950 3163 57 23 than
2020 3163 97 23 doubted
2134 3163 31 31 by
2181 3170 75 23 many.
2303 3162 153 31 Fortunately,

1879 3196 111 29 however,
2004 3196 64 24 these
2080 3201 89 19 returns
2187 3196 64 32 place
2269 3198 19 21 it
2307 3196 87 31 beyond
2412 3196 44 23 dis-

1879 3235 62 26 pute.
1995 3230 59 24 Late
2082 3230 89 24 advices
2199 3230 59 24 from
2286 3229 105 29 London,
2419 3236 37 24 per

1878 3263 122 31 Agostina,
2021 3264 82 30 impart
2124 3264 38 23 the
2184 3263 104 31 pleasing
2315 3262 141 25 information

1879 3297 56 28 that,
1945 3297 76 31 partly
2034 3297 84 30 arising
2129 3297 56 23 from
2200 3296 37 24 the
2249 3296 121 24 decreased
2378 3295 78 32 supply

1870 3353 3 9 s
1879 3331 24 22 in
1919 3330 102 31 Europe,
2043 3330 44 23 and
2105 3330 73 30 partly
2197 3330 57 23 from
2274 3330 37 23 the
2329 3330 126 28 increasing

1879 3363 130 24 estimation
2021 3363 25 23 of
2061 3364 18 22 it
2089 3363 134 31 properties,
2235 3363 96 23 mimosa
2342 3363 57 23 bark
2409 3360 44 25 had

1879 3396 115 24 advanced
2006 3401 22 18 to
2038 3397 55 23 14
2101 3403 40 24 per
2154 3400 46 19 ton.
2236 3396 45 23 Let
2292 3404 29 15 no
2333 3403 50 21 one,
2395 3395 57 28 then,

1879 3435 58 18 treat
1957 3438 42 14 our
2018 3429 204 24 recommendation
2242 3429 82 32 lightly
2343 3429 63 23 when
2423 3435 30 15 we

1878 3471 56 23 urge
1946 3471 63 23 upon
2020 3463 39 23 the
2079 3463 109 23 attention
2206 3463 25 23 of
2236 3463 48 24 'the
2296 3469 127 25 possessors
2432 3459 24 24 of

1879 3501 96 26 country
1987 3496 72 29 lands,
2073 3496 50 28 and,
2136 3504 33 15 we
2181 3504 51 23 may
2244 3496 47 23 also
2301 3496 50 28 add,
2359 3492 93 27 licensed

1879 3530 99 28 settlers,
2003 3530 37 23 the
2061 3529 137 31 advantages
2217 3534 22 19 to
2258 3530 28 23 be
2298 3529 90 24 derived
2397 3528 54 23 from

1879 3563 38 23 the
1934 3563 133 23 cultivation
2091 3563 25 23 of
2149 3563 45 23 this
2215 3563 57 23 bark
2293 3570 24 16 as
2341 3570 14 15 a
2376 3560 73 31 staple.

1880 3596 72 29 Here,
1976 3597 59 22 from
2057 3603 28 16 an
2105 3595 82 24 almost
2205 3596 116 31 neglected
2340 3595 74 23 article
2430 3591 23 24 of

1880 3630 158 30 consumption
2047 3638 7 19 ;
2079 3629 134 32 principally
2233 3630 30 30 by
2287 3629 37 23 the
2347 3625 102 32 foresight

1880 3663 44 22 and
1933 3663 125 30 enterprise
2070 3663 24 22 of
2109 3670 43 15 one
2162 3663 136 30 gentleman,
2311 3670 29 15 an
2358 3660 91 24 addition

1879 3696 41 23 has
1933 3696 57 23 been
2002 3696 88 22 created
2100 3699 22 20 to
2141 3704 41 15 our
2200 3700 79 27 export
2296 3695 63 23 trade
2378 3692 23 25 of
2414 3692 34 23 the

1879 3733 52 27 past
1948 3736 55 24 year
2021 3729 25 23 of
2065 3729 38 23 the
2122 3729 65 23 value
2207 3729 25 23 of
2253 3728 77 30 nearly
2350 3727 96 28 6,000.

1880 3762 37 24 No
1930 3762 138 31 description
2080 3762 25 23 of
2119 3766 47 20 tree
2178 3762 19 23 is
2209 3769 61 16 more
2282 3769 53 22 easy
2346 3760 24 23 of
2385 3758 61 24 culti-

1880 3796 77 23 vation
1968 3796 55 23 than
2042 3795 38 23 the
2098 3796 108 28 mimosa;
2230 3793 87 30 indeed,
2341 3793 105 23 instances

1879 3830 57 23 have
1948 3829 59 23 been
2018 3828 90 29 known,
2122 3829 63 23 when
2197 3827 113 32 paddocks
2320 3826 56 23 have
2395 3824 52 23 been

1880 3862 89 25 cleared
1992 3861 25 24 of
2042 3862 88 29 timber,
2159 3862 40 23 but
2220 3861 36 23 the
2279 3859 64 25 seeds
2366 3857 24 24 of
2413 3856 33 23 the

1880 3897 97 24 mimosa
1988 3895 56 23 have
2056 3895 56 24 been
2124 3894 85 24 carried
2221 3899 22 18 to
2260 3893 37 23 the
2308 3891 53 25 land
2373 3891 27 30 by
2411 3888 34 23 the

1882 3930 78 27 winds,
1974 3937 14 15 a
1998 3936 55 21 very
2065 3928 64 23 short
2140 3929 55 22 time
2211 3927 40 24 has
2269 3924 90 33 elapsed
2377 3930 34 16 ere
2430 3924 14 19 it

539 43 98 44 &i)t
661 44 119 40 ttfeto
807 44 209 40 Zttaianb
1042 43 190 44 <sta?*tto
1256 44 90 38 ant
1372 42 300 45 Wellington
1699 44 251 43 spectator.

100 134 169 23 SHIPPING
289 133 273 24 INTELLIGENCE.

1911 131 30 23 In
1962 132 137 29 conclusion,
2112 140 34 16 we
2164 136 61 19 must
2241 140 41 24 say
2292 141 33 16 we
2338 133 65 25 think
2420 137 37 24 the

1879 165 102 29 meeting
2003 172 46 16 was
2072 169 35 19 too
2130 165 101 30 hastility
2254 166 71 22 called
2348 169 109 30 together,

1879 197 146 30 particularly
2047 197 64 23 when
2133 199 20 22 it
2174 198 80 23 should
2275 199 29 22 be
2326 200 132 26 recollected

1879 234 59 19 most
1949 230 26 23 af
1985 230 37 23 the
2039 230 98 24 resident
2150 231 138 29 authorities,
2301 231 46 23 and
2357 240 66 23 many
2436 236 24 22 of

1879 261 38 24 the
1929 263 138 30 proprietors
2084 263 43 23 and
2139 272 93 22 persons
2245 263 79 31 deeply
2336 265 122 25 interested

1880 294 53 23 with
1945 295 66 23 those
2021 296 51 22 who
2082 296 114 23 remained
2215 297 23 22 in
2254 296 38 23 the
2305 298 97 30 security
2415 300 43 23 and

1879 332 134 26 permanent
2040 329 106 23 interests
2173 329 26 23 of
2225 329 36 23 the
2291 329 89 31 Colony
2401 338 57 17 were

1880 361 88 22 absent.

1912 392 44 24 We
1968 393 58 23 shall
2039 397 75 20 return
2126 397 23 20 to
2161 394 38 24 the
2211 394 88 31 subject
2309 395 24 22 in
2346 402 40 16 our
2395 401 61 19 next.

1913 453 69 23 Since
1993 454 90 30 writing
2094 453 37 23 the
2143 455 78 27 above,
2233 462 32 15 we
2285 455 48 22 find
2345 455 49 23 that
2404 457 54 22 sub-

1879 490 95 25 sequent
1987 486 121 28 reflection,
2129 486 41 24 has
2182 488 90 29 pointed
2293 487 37 23 the
2341 488 117 31 inexpedi-

1879 526 57 22 ency
1957 519 26 22 of
2001 519 38 23 the
2058 519 50 23 first
2125 521 145 29 proposition,
2290 521 44 22 and
2353 521 48 22 that
2422 522 37 23 the

1879 555 65 27 party
1956 551 58 24 have
2026 552 30 23 all
2075 552 89 28 landed,
2185 553 57 23 after
2253 554 160 30 experiencing
2427 557 31 21 48

1879 583 68 23 hours
1967 584 103 31 pitching
2082 585 43 23 and
2144 586 87 30 tossing
2248 589 22 19 at
2288 586 91 29 anchor,
2400 592 60 19 most

1878 621 51 26 part
1941 617 25 22 of
1985 617 36 23 the
2039 618 53 23 time
2108 618 34 23 off
2160 618 86 23 Somes'
2265 618 87 29 Island,
2372 619 56 23 after
2447 629 13 14 a

1880 649 101 23 fruitless
1994 650 93 31 attempt
2098 655 23 18 to
2129 656 42 25 put
2181 656 23 18 to
2216 659 38 15 sea
2263 652 23 22 in
2300 659 12 15 a
2323 656 79 26 strong
2409 653 51 30 gale

1879 682 57 23 from
1949 682 38 23 the
2006 683 151 29 South-East,
2176 684 158 31 accompanied
2353 685 53 23 with
2424 686 36 23 in-

1879 720 90 18 cessant
1980 716 57 23 rain.

1912 749 58 22 This
1983 750 106 30 morning
2095 749 37 23 the
2140 750 50 30 brig
2201 750 20 23 is
2230 750 89 31 getting
2330 750 72 24 under
2411 759 49 23 way

1879 780 68 24 taken
1955 782 55 22 with
2021 782 41 24 her
2074 790 12 16 a
2097 782 41 24 few
2147 782 134 31 gentlemen,
2289 783 50 23 who
2344 791 29 23 go
2380 785 80 30 purely

1880 818 21 19 to
1920 816 111 22 ascertain
2052 815 37 24 the
2110 820 49 19 true
2176 820 58 19 state
2246 816 24 23 of
2285 816 37 23 the
2335 825 59 20 case,
2415 818 45 23 and

1879 847 55 23 offer
1946 848 59 22 their
2025 849 123 23 assistance
2168 853 23 19 to
2202 853 84 19 restore
2294 849 112 32 harmony
2417 851 44 23 and

1879 887 67 23 peace
1958 881 100 23 between
2070 881 36 24 the
2117 883 93 29 parties.

1915 937 41 24 We
1980 945 38 16 are
2037 938 119 29 informed,
2176 938 49 23 that
2244 939 37 23 the
2301 940 113 23 materials
2427 941 34 23 for

1879 970 104 31 building
1992 971 37 23 the
2042 971 99 23 Theatre
2154 979 37 15 are
2204 979 49 16 now
2262 972 78 30 ready,
2354 973 43 23 and
2409 973 52 24 that

1879 1004 18 21 it
1907 1004 20 22 is
1948 1004 110 30 expected
2076 1004 36 23 the
2131 1004 132 23 foundation
2280 1010 65 19 stone
2366 1006 44 23 will
2432 1007 28 23 be

1879 1036 45 23 laid
1936 1037 23 22 in
1973 1036 38 24 the
2023 1044 77 16 course
2113 1037 24 23 of
2154 1037 36 23 the
2199 1037 71 30 week,
2283 1038 54 23 with
2347 1039 38 23 the
2394 1041 66 22 usual

1879 1077 120 23 ceremony
2011 1070 56 23 used
2079 1078 26 15 on
2123 1070 56 23 such
2192 1072 122 23 occasions.
2345 1072 80 23 .There
2440 1073 20 22 is

1879 1110 13 15 a
1911 1103 62 30 plate
1993 1103 67 31 being
2079 1103 110 32 engraved
2203 1103 35 24 for
2256 1104 37 23 the
2314 1112 98 24 purpose
2430 1106 30 30 by

1880 1137 46 22 Mr.
1940 1136 118 23 Marriott.

262 189 140 20 ARRIVED.

68 225 55 20 June
145 225 32 24 18,
193 224 137 25 government
339 222 45 25 brig
402 221 98 23 Victoria,
511 221 40 18 200
570 223 54 23 tons,

40 252 110 23 Richards,
160 251 54 19 from
226 249 82 26 Cloudy
318 249 51 26 Bay,
388 249 49 19 with
447 254 12 13 a
469 249 61 25 party
541 247 24 20 of
580 253 46 14 sur-

41 285 79 18 veyors.

68 306 55 19 June
138 305 34 24 19,
184 305 101 19 schooner
302 303 107 25 Industry,
421 303 33 22 24,
475 301 96 25 Bradley,
588 303 38 23 put

42 332 59 20 back.

282 375 114 20 SAILED.

67 410 55 19 June
134 410 33 23 17,
180 409 102 19 schooner
301 408 106 24 Industry,
419 406 23 19 24
456 408 55 20 tons,
529 404 96 26 Bradley,

40 437 33 19 for
83 437 115 25 Wyderop.

266 479 33 19 IN
315 477 84 21 PORT.

66 514 84 24 Barque
160 512 130 24 Indemnity,
301 510 43 19 450
362 508 156 25 tons.Adnms,
532 508 94 25 refitting

40 542 90 24 Agents,
141 540 69 19 Waitt
220 539 43 19 and
274 538 77 25 Tyser.

64 569 111 19 Schooner
197 568 57 22 Ann,
279 566 27 19 22
327 567 58 21 tons,
412 564 84 23 Brown,
522 562 44 20 laid
589 568 36 20 up.

38 597 78 24 Agent,
129 594 69 19 Waitt
207 594 42 19 and
261 594 77 24 Tyser.

66 623 108 19 Schooner
198 622 63 24 Erin,
285 621 26 18 25
338 623 55 22 tons,
419 618 76 26 Relph.
537 617 88 25 Master,

40 652 78 23 Agent.

66 677 50 25 Brig
131 677 81 22 Lu:iar,
229 675 37 20 167)
278 677 58 19 tons,
351 674 35 19 W.
397 674 60 19 Ellis.
486 672 86 20 Rhodes
585 672 42 19 and

40 705 48 20 Co..
98 705 90 24 Agents.

66 732 116 20 Schooner,
193 730 60 24 Lady
262 730 75 24 Leigh,
351 729 38 20 109
401 729 55 23 tons,
468 727 76 26 Munn,
571 726 55 20 Fitz-

40 759 91 23 herbert,
144 759 77 24 Agent.

68 786 110 20 American
193 785 47 24 ship
250 784 79 20 Robert
342 783 109 25 Pulsford,
465 782 41 19 400
517 785 56 21 tons,
590 781 34 20 W.

40 813 105 20 Caldwall.
184 812 92 19 Wallace
285 811 42 19 and
339 811 45 25 Co.,
400 811 87 25 Agents.

68 839 121 26 Brigantine
202 838 120 25 Vanguard,
334 838 24 19 61
367 839 56 23 tons;
433 837 97 19 Newton.
560 835 66 20 Waitt

42 868 40 19 and
92 867 73 25 Tyser,
181 867 88 23 Agents.

68 895 107 19 Schooner
182 893 70 19 Maori
259 893 71 24 Davis,
341 892 22 19 15
373 893 55 24 tons,
437 890 82 26 Wylde.
549 890 75 26 Agent.

42 922 20 20 J.
72 921 74 19 Wade.

68 949 50 24 Brig
143 947 71 23 Guide,
240 947 38 19 147
303 948 55 22 tons,
381 946 82 19 Pearce.
501 945 75 25 Agent,
597 943 27 20 O'

42 976 84 20 Farrell.

68 1003 106 19 Schooner
198 1002 71 21 Mana,
291 1001 26 19 27
343 1003 55 20 tons,
419 999 80 26 Swany.
543 998 81 24 Frazer,

42 1030 74 25 Agent.

69 1056 141 20 Government
219 1055 47 26 brig
278 1055 101 23 Victoria,
390 1055 39 19 200
440 1056 56 21 tons,
513 1053 110 20 Richards.

66 1084 108 19 Schooner
183 1083 106 24 Industry,
304 1083 26 19 24
343 1084 55 21 tons,
409 1081 95 25 Bradley.

41 1141 116 42 The
195 1141 115 42 New
348 1141 269 42 Zealand

81 1197 65 19 AND
162 1195 213 21 WELLINGTON
396 1195 183 20 SPECTATOR.

1920 1192 162 25 MEETING
2101 1194 44 23 OF
2163 1194 72 23 THE
2254 1194 164 23 COUNCIL.

153 1251 156 22 Wednesday,
326 1250 60 20 June
402 1250 32 23 21,
452 1250 51 19 18-13

1980 1255 147 28 Saturday,
2148 1255 66 22 June
2237 1257 37 26 17,
2294 1257 73 22 1843.

2074 1295 107 14 council
2200 1295 61 14 met.

1912 1320 98 23 Present
2044 1320 47 24 Mr.
2122 1320 99 29 Hunter,
2251 1321 89 30 Mayor,
2371 1321 23 24 in
2423 1323 37 24 the

1878 1352 69 23 chair.
1987 1353 95 24 Messrs.
2108 1353 125 24 Aldermen
2253 1354 75 30 Lyon,
2350 1355 109 30 Johnson,

1878 1386 71 28 Scott,
1963 1386 104 28 Jenkins,
2080 1387 91 28 Dorset,
2184 1386 79 24 Waitt.

1911 1420 104 23 Minutes
2026 1420 25 23 of
2065 1420 83 23 former
2168 1421 99 30 meeting
2277 1421 54 22 read
2343 1421 45 23 and
2406 1429 53 15 con-

1877 1453 87 23 firmed.

1910 1486 48 23 Mr.
1991 1486 92 30 Guyton
2105 1486 119 31 proposed,
2253 1487 43 23 and
2320 1488 48 23 Mr.
2393 1487 67 31 Lyon

1877 1519 112 23 seconded

1903 1558 59 21 That
1973 1558 37 21 the
2020 1558 161 27 Market-place
2190 1558 23 22 in
2235 1559 186 21 Manners-street
2431 1559 27 22 bo

1878 1585 86 26 opened
1973 1585 36 21 for
2018 1585 69 26 Stalls,
2105 1585 43 21 and
2160 1585 46 21 that
2221 1585 35 21 the
2267 1585 66 21 Town
2349 1585 111 27 Surveyor

1877 1612 26 20 be
1919 1611 123 22 instructed
2061 1615 22 17 to
2101 1611 37 27 lay
2159 1614 37 18 out
2212 1611 37 22 the
2268 1612 40 21 site
2322 1611 93 28 thereof,
2435 1613 23 21 in

1877 1638 136 22 accordance
2029 1638 51 22 with
2097 1638 35 21 the
2145 1638 103 22 selection
2259 1638 25 22 of
2297 1638 37 22 the
2352 1639 104 21 Commis-

1876 1665 84 21 sioners
1978 1665 118 31 appointed
2111 1665 29 26 by
2152 1665 35 21 the
2204 1665 157 26 Government,
2373 1665 34 22 for
2421 1666 37 21 the

1877 1692 172 27 appropriation,
2061 1692 24 20 of
2097 1691 36 22 the
2144 1691 73 27 public
2227 1699 104 14 reserves.

1908 1725 94 31 Agreed
2014 1730 22 18 to
2047 1733 48 15 nem
2107 1732 48 17 con.

1909 1758 44 24 Dr.
1978 1759 86 23 Dorset
2086 1759 116 30 proposed,
2227 1759 43 23 and
2294 1759 47 23 Mr.
2367 1759 91 25 Hunter

1877 1792 111 23 seconded

1902 1823 59 22 That
1971 1823 38 22 the
2016 1824 69 24 Town
2096 1824 108 26 Surveyor
2218 1824 28 21 be
2255 1823 123 22 instructed
2390 1827 21 18 to
2425 1828 33 18 set

1877 1853 38 18 out
1929 1853 38 18 ten
1984 1857 60 15 acres
2061 1850 25 21 of
2096 1851 37 21 the
2144 1850 67 21 Town
2227 1850 55 27 Belt,
2301 1850 119 27 bounding,
2429 1859 27 13 on

1876 1876 37 22 the
1938 1877 79 22 Karori
2037 1877 70 27 Road,
2128 1878 33 21 for
2178 1877 38 21 the
2235 1885 93 19 purpose
2348 1877 25 22 of
2392 1877 66 28 being

1876 1904 74 21 leased
1962 1907 21 18 to
1994 1904 37 22 the
2042 1904 159 22 Horticultural
2214 1904 93 27 Society.

1908 1932 95 30 Agreed
2014 1936 22 18 to
2047 1940 48 15 nem
2106 1940 50 16 c.n.

1909 1965 49 23 Mr.
1983 1965 67 30 Lyon
2079 1965 116 31 proposed,
2220 1965 43 24 and
2284 1965 47 24 Mr.
2357 1965 100 24 Johnson

1877 1998 111 22 seconded

1902 2034 59 23 That
1980 2035 36 22 the
2033 2036 67 21 Town
2120 2035 65 22 Clerk
2201 2036 27 21 be
2248 2035 98 21 directed
2365 2039 22 18 to
2405 2035 53 27 give

1877 2062 73 21 notice
1967 2066 23 17 to
2006 2062 36 21 the
2052 2069 91 20 persons
2159 2066 22 17 at
2190 2065 89 23 pi^esent
2293 2062 98 26 residing
2399 2069 58 20 upon

1877 2088 36 21 the
1931 2089 40 20 site
1989 2088 59 22 fixed
2064 2096 58 18 upon
2133 2088 29 26 by
2178 2088 36 21 the
2230 2088 179 22 Commissioners
2424 2089 34 21 for

1877 2115 163 27 appropriating
2060 2115 35 21 the
2114 2114 76 22 Public
2211 2115 105 22 Reserves
2332 2116 36 21 for
2385 2116 73 27 public

1877 2149 104 19 purposes
1992 2147 22 16 to
2023 2142 49 27 quit
2081 2142 36 21 the
2129 2149 66 14 same.

1912 2177 95 23 Carried
2018 2185 50 14 nem
2079 2185 48 16 con.

1911 2210 134 31 Adjourned
2058 2215 22 18 to
2085 2210 143 31 Wednesday
2241 2213 39 27 21,
2287 2216 23 18 at
2321 2213 30 22 10
2363 2212 92 22 o'clock.

2039 2273 91 22 PORT
2143 2273 152 23 PHILLIP.

654 133 38 22 the
705 132 70 23 Chief
790 131 79 24 Police
877 131 144 30 Magistrate,
1030 130 122 32 proceeded
1164 136 22 18 to
1198 130 40 24 the

654 165 97 23 location
764 165 25 22 of
805 164 38 23 the
856 163 79 24 Chiefs
948 164 23 22 in
990 164 113 30 question,
1122 163 64 23 when
1200 163 37 24 the

656 197 68 24 Chief
745 197 125 23 Constable
889 204 45 15 was
955 196 106 28 directed,
1084 195 98 32 through
1199 196 38 24 the

654 237 78 16 means
741 230 26 23 of
776 237 29 16 an
813 230 142 30 interpreter,
973 234 22 17 to
1003 229 93 30 explain
1107 228 39 23 the
1157 236 80 16 reason

655 263 25 23 of
694 262 35 23 his
740 263 62 27 visit,
814 261 46 24 and
872 267 22 17 to
904 261 87 30 require
1004 261 60 23 them
1077 266 22 18 to
1115 261 122 23 surrender

654 295 136 23 themselves
804 294 43 24 and
859 294 85 23 submit
958 298 21 18 to
993 294 38 23 the
1043 294 101 25 Queen's
1157 293 80 24 autho-

655 329 44 28 rity
708 337 5 19 ;
734 332 23 19 at
769 328 38 22 the
819 322 63 28 same
896 328 54 21 time
962 326 80 31 telling
1051 326 60 23 them
1124 326 49 22 that
1185 326 53 31 they

654 368 23 15 m
689 368 15 22 y
715 361 68 30 bring
794 360 69 30 along
873 359 52 23 with
937 359 62 22 them
1012 367 43 22 any
1067 359 25 23 of
1102 359 56 22 their
1171 359 65 29 tribe,

652 393 47 27 .and
718 394 51 22 that
788 393 24 28 if,
841 400 61 23 upon
922 392 169 30 investigation,
1113 391 55 30 they
1180 399 57 16 were

654 427 24 21 in
690 426 39 23 the
739 426 63 30 right
810 443 7 11 ,
839 425 53 30 they
909 424 74 24 would
997 424 29 24 be
1038 424 96 24 suffered
1152 428 23 19 to
1197 425 39 23 de-

654 463 59 26 part.

689 491 35 23 To
748 491 45 23 this
816 491 108 30 Raupero
948 489 85 32 replied
1054 490 30 31 by
1107 498 13 15 a
1145 489 92 25 decided

654 524 83 23 refusal
751 529 22 18 to
786 523 85 23 submit
882 528 23 17 to
917 522 38 23 the
964 527 104 23 warrant,
1079 530 25 15 or
1114 528 22 17 to
1143 529 29 23 go
1183 522 54 24 wiWi

656 557 36 23 the
705 556 115 24 constable
830 565 5 19 ;
851 563 59 24 upon
922 555 73 23 which
1006 556 39 22 the
1057 555 77 24 Police
1147 555 90 31 Magis-

656 593 56 19 trate
735 589 121 23 addressed
879 588 47 23 him
950 588 98 28 himself,
1072 588 83 30 calling
1176 596 60 23 upon

654 622 48 23 him
721 627 22 18 to
762 622 92 27 submit,
877 622 43 22 and
938 621 78 28 added,
1033 622 19 22 if
1070 629 44 22 you
1135 621 45 23 will
1197 627 40 17 not

656 663 62 15 come
741 655 93 31 quietly,
859 654 64 23 those
946 662 58 19 men,
1029 655 102 29 pointing
1152 659 23 18 to
1198 655 39 22 the

654 693 70 26 party-
732 688 24 22 of
776 688 67 22 white
860 694 51 16 men
925 691 23 18 at
959 695 13 14 a
983 686 63 24 short
1058 687 107 28 distance,
1179 687 56 23 shall

654 721 41 22 fire
708 728 59 23 upon
780 728 44 22 you
837 720 39 23 all.
911 719 91 24 Fifteen
1014 727 24 15 or
1057 724 83 26 twenty
1158 720 26 22 of
1198 720 38 23 the

654 754 104 28 Natives,
770 753 49 23 who
833 752 33 23 till
879 753 54 23 then
944 752 114 24 remained
1070 753 78 30 sitting
1160 760 30 15 on
1198 753 38 23 the

654 787 96 29 ground,
764 786 43 23 and
825 785 74 24 whose
919 785 54 23 total
991 785 96 23 number
1098 785 72 31 might
1180 785 57 23 have

654 820 57 23 been
730 820 69 23 about
816 822 33 21 80
868 818 131 31 altogether,
1012 825 59 22 men,
1088 825 91 21 women,
1192 818 45 24 and

654 852 109 29 children,
776 860 87 23 sprung
873 859 61 23 upon
952 851 60 23 their
1023 851 52 28 feet,
1094 850 42 24 and
1152 851 55 23 with
1224 860 13 14 a

655 885 88 31 display
761 885 25 23 of
805 885 58 22 their
877 885 40 22 fire
927 891 67 21 arms,
1005 884 120 31 supporte.l
1138 884 29 30 by
1179 884 58 23 their

653 918 172 31 gesticulations
846 917 43 23 and
910 917 157 23 vociferations
1088 917 57 23 their
1171 917 68 23 Chief

654 952 23 21 in
704 951 36 22 his
761 950 173 23 determination
951 954 22 18 to
994 950 67 23 resist
1083 957 42 23 any
1142 950 94 23 forcible

654 988 95 26 attempt
760 988 23 18 to
801 987 93 19 execute
913 982 38 23 the
971 987 104 19 warrant.
1112 983 29 23 In
1157 990 78 16 conse-

654 1024 84 23 quence
752 1016 25 23 of
791 1016 39 23 the
842 1016 134 23 vehemence
990 1015 25 23 of
1028 1015 38 23 the
1077 1015 102 29 Natives,
1192 1016 44 23 and

653 1050 23 22 in
687 1050 146 30 anticipation
846 1049 25 23 of
882 1056 26 15 an
922 1048 76 23 attack
1012 1056 27 15 on
1053 1049 38 22 the
1102 1054 49 25 part
1166 1049 24 22 of
1199 1049 37 23 the

654 1083 103 27 Natives,
779 1083 18 22 it
817 1089 94 23 appears
936 1081 36 23 the
995 1081 136 31 Company's
1149 1082 86 30 Agent,

653 1115 159 31 accompanied
824 1116 30 29 by
868 1114 46 24 Mr.
927 1114 106 29 Tuckett,
1047 1114 105 23 returned
1164 1120 22 18 to
1198 1116 39 22 the

652 1153 66 27 party
737 1150 22 21 in
781 1148 38 23 the
835 1156 50 15 rear
904 1152 22 18 to
944 1147 68 31 bring
1032 1148 60 22 them
1108 1156 31 22 up
1157 1153 22 17 to
1198 1149 38 22 the

652 1182 65 30 place
737 1182 27 22 of
781 1182 126 22 discussion
917 1190 7 19 ;
951 1180 82 30 during
1052 1180 39 23 the
1107 1182 96 22 interval
1215 1182 24 22 of

653 1216 54 21 time
719 1214 107 31 occupied
838 1215 23 22 in
880 1214 53 27 this,
948 1213 36 23 the
995 1217 76 27 report
1088 1213 24 24 of
1120 1222 14 15 a
1145 1215 92 22 musket

654 1255 43 15 was
717 1248 77 28 heard,
813 1246 74 24 which
907 1254 46 15 was
971 1246 150 31 immediately
1133 1247 104 23 followed

652 1281 30 30 by
694 1289 13 14 a
718 1280 92 31 general
822 1279 119 31 discharge
953 1279 25 23 of
986 1279 118 31 musketry
1111 1281 58 22 from
1182 1281 54 23 both

652 1314 60 23 sides
723 1323 6 19 ;
750 1321 58 23 upon
829 1313 37 24 the
884 1316 73 27 party,
976 1312 50 23 who
1045 1320 56 15 were
1117 1313 41 23 left
1173 1321 62 16 some

652 1347 64 23 short
736 1347 101 23 distance
858 1346 36 29 off,
917 1347 117 29 emerging
1047 1345 59 23 from
1117 1346 38 24 the
1166 1354 70 23 gorge

652 1380 54 30 they
717 1380 45 23 had
779 1385 22 17 to
821 1387 29 23 go
871 1378 105 31 through,
989 1379 53 31 they
1061 1380 117 29 perceived
1198 1380 37 23 the

653 1413 126 23 remainder
801 1413 23 23 of
841 1412 58 23 their
919 1417 66 25 party
1009 1413 121 29 retreating
1148 1420 31 23 up
1198 1413 37 23 the

653 1446 48 28 hill,
715 1446 104 30 pursued-
824 1446 31 30 by
868 1445 38 23 the
925 1444 102 29 Natives,
1044 1445 43 22 and
1106 1453 12 15 a
1137 1447 100 30 running

653 1479 110 24 skirmish
784 1478 56 31 kept
858 1486 29 23 up
907 1479 35 22 for
963 1486 61 15 some
1049 1479 61 28 time,
1122 1479 58 23 until
1198 1479 38 23 the

654 1512 139 31 Company's
805 1512 85 30 Agent,
908 1511 68 30 being
993 1511 83 23 unable
1092 1515 20 18 to
1125 1512 58 30 rally
1199 1512 36 23 his

652 1545 94 28 friends,
760 1544 89 24 desired
866 1544 60 22 them
946 1548 21 19 to
979 1544 39 30 lay
1029 1544 64 23 down
1105 1544 59 23 their
1176 1552 59 16 arms

652 1586 25 15 as
689 1586 29 15 an
730 1578 122 23 indication
866 1577 48 22 that
934 1577 53 30 they
1005 1577 80 29 would,
1099 1577 18 23 if
1131 1582 40 19 not
1185 1585 50 16 sur-

652 1611 87 28 render,
754 1611 51 30 give
818 1618 30 23 up
861 1610 36 23 the
911 1610 75 22 attack
1004 1618 60 23 upon
1076 1610 37 23 the
1131 1610 102 25 Natives.

653 1644 47 23 Mr.
715 1644 108 28 Tuckett,
837 1643 78 30 seeing
936 1643 36 22 the
988 1648 59 18 utter
1058 1643 133 31 dispersion,
1212 1653 23 15 as

652 1678 51 22 well
720 1685 24 15 as
763 1677 38 23 the
816 1676 81 31 partial
916 1676 132 23 distruction
1067 1677 24 22 of
1108 1677 35 23 his
1162 1683 71 25 party,

652 1711 84 30 sought
757 1710 35 23 his
814 1709 107 31 personal
939 1710 80 30 safety,
1043 1710 43 24 and
1109 1711 128 31 eventually

653 1744 64 23 made
729 1744 36 22 his
778 1751 55 22 way,
849 1744 24 21 in
885 1751 108 22 company
1005 1743 54 23 with
1070 1744 43 22 five
1126 1744 76 23 others
1214 1744 25 23 of

652 1777 37 22 the
710 1781 66 27 party
789 1776 74 23 whom
878 1775 29 23 he
925 1775 79 31 joined
1021 1777 24 22 in
1062 1776 36 23 his
1110 1780 90 25 retreat,
1213 1782 22 18 to

652 1810 38 22 the
702 1815 69 22 coast,
784 1809 46 23 and
841 1809 56 23 after
907 1809 135 31 proceeding
1054 1817 61 15 some
1127 1810 107 29 distance,

652 1843 110 31 procured
784 1851 14 14 a
824 1842 73 23 whale
926 1842 59 29 boat,
1009 1843 53 22 with
1087 1842 71 24 which
1183 1843 52 31 they

652 1876 96 23 reached
772 1876 38 23 the
834 1876 59 29 brig,
915 1876 50 28 and,
986 1883 26 15 as
1031 1884 31 15 we
1080 1876 56 23 have
1158 1876 78 23 before

652 1909 80 28 stated,
744 1916 63 16 came
819 1909 72 23 direct
900 1913 24 19 to
936 1908 45 24 this
992 1914 52 26 port
1055 1910 34 22 for
1102 1910 132 23 assistance.

653 1942 71 29 Such,
736 1951 33 14 we
781 1942 95 28 believe,
889 1942 19 23 is
927 1950 14 14 a
953 1947 85 18 correct
1058 1942 84 23 outline
1159 1944 24 22 of
1197 1944 40 22 the

643 1976 74 27 -facts,
731 1984 25 14 as
769 1975 97 23 detailed
877 1975 86 30 byj;his
976 1975 137 30 gentleman.

687 2009 146 29 Subsequent
845 2013 107 17 accounts
964 2008 57 22 have
1041 2008 93 23 reached
1154 2016 36 20 us,
1206 2009 29 29 by

654 2041 36 22 the
704 2048 47 22 way
772 2040 24 22 of
811 2039 132 28 Waikania,
963 2039 48 23 that
1030 2039 62 24 there
1110 2048 57 16 were
1186 2041 49 23 four

652 2074 115 30 rangitera
779 2071 110 32 pakaha's
902 2071 69 24 killed
983 2074 24 21 in
1020 2072 36 23 the
1068 2073 55 30 fray,
1136 2074 41 22 but
1187 2074 48 23 who

653 2106 53 30 they
725 2114 38 14 are
787 2106 19 22 is
830 2110 40 17 not
887 2105 80 23 stated.
1012 2106 57 23 This
1092 2107 143 23 information

652 2139 87 23 arrived
752 2138 107 23 overland
877 2138 57 23 from
955 2139 38 22 the
1012 2139 70 23 above
1098 2140 62 30 place
1178 2140 57 23 from

653 2173 37 23 the
700 2172 103 28 Natives,
812 2176 24 18 at
844 2179 29 15 an
880 2172 62 29 early
949 2171 58 24 hour
1012 2178 31 17 t>n
1052 2172 99 31 Sunday,
1163 2173 72 23 which

653 2213 18 15 is
684 2205 95 23 another
796 2205 67 30 proof
873 2205 24 22 of
908 2205 37 22 the
962 2206 113 22 existence
1092 2206 23 22 of
1131 2205 104 24 facilities

652 2239 44 23 and
717 2238 104 31 dispatch
840 2238 54 22 with
912 2238 72 23 which
1004 2238 37 23 the
1064 2240 86 22 natives
1173 2239 63 23 learn

654 2280 65 22 every
732 2271 66 31 thing
809 2271 48 23 that
868 2279 80 23 passes
958 2273 23 22 in
993 2272 76 30 places
1081 2280 53 22 very
1151 2277 84 19 remote

654 2306 57 22 from
724 2304 55 24 each
791 2304 71 28 other,
876 2312 55 15 even
944 2305 21 22 in
979 2305 45 23 this
1036 2306 108 27 instance,
1156 2306 29 30 by
1198 2306 39 23 the

653 2339 153 20 intervention
818 2337 26 22 of
851 2337 37 22 the
901 2338 92 21 Straits.

687 2372 71 22 From
769 2371 39 23 the
827 2371 50 23 best
888 2371 145 23 information
1045 2379 32 15 we
1095 2379 40 15 can
1148 2372 87 29 collect,

653 2405 17 22 it
690 2412 94 23 appears
808 2404 63 23 there
889 2412 38 15 are
946 2405 49 22 four
1014 2405 66 22 white
1099 2405 78 31 people
1193 2406 43 22 and

654 2438 63 22 three
729 2438 96 22 maories
836 2437 77 29 killed,
924 2438 41 22 and
978 2438 51 23 four
1040 2439 95 22 maories
1143 2439 92 22 wound-

654 2471 27 23 ed
690 2480 6 19 ;
716 2471 60 23 what
792 2470 38 24 the
842 2470 95 24 number
950 2471 24 23 of
984 2471 38 23 the
1033 2471 108 23 wounded
1160 2473 24 22 of
1200 2472 37 23 the

654 2504 67 23 white
744 2504 79 30 people
846 2504 20 22 is
889 2509 82 18 cannot
996 2504 28 23 be
1054 2505 137 23 ascertained
1215 2510 22 18 at

654 2542 99 24 present.

687 2570 43 23 We
742 2570 58 23 have
811 2570 50 23 said
882 2570 69 23 above
968 2570 49 23 that
1035 2578 33 15 we
1089 2571 45 23 will
1154 2572 83 23 refrain

654 2603 56 23 from
724 2603 154 31 commenting
889 2611 60 23 npon
962 2603 37 23 the
1012 2611 50 15 case
1075 2612 24 14 as
1111 2609 22 18 at
1145 2609 93 26 present

654 2641 35 19 set
701 2636 68 29 forth,
782 2636 41 23 but
835 2636 143 23 recommend
990 2636 38 24 the
1039 2638 164 23 consideration
1216 2639 31 22 of'

654 2670 38 23 the
704 2670 81 31 simple
805 2674 121 19 statement
945 2674 21 19 to
979 2670 39 23 the
1037 2670 56 23 calm
1109 2671 135 23 considera-i

654 2704 47 22 tion
713 2704 24 22 of
748 2711 40 15 our
802 2703 89 23 readers
902 2712 5 19 ;
933 2703 42 23 and
995 2711 33 15 we
1045 2704 44 23 feel
1107 2704 55 28 that,
1174 2713 66 22 upon;

653 2737 124 28 reflection,
797 2735 53 32 they
862 2737 46 22 will
918 2736 29 23 be
958 2737 102 23 satisfied
1077 2737 48 23 that
1138 2737 62 24 there
1217 2739 27 26 is,

655 2777 28 15 no
700 2770 51 30 just
769 2770 88 30 ground
875 2769 35 24 for
929 2769 36 24 the
986 2774 108 27 apparent
1110 2771 66 30 panic
1194 2772 52 22 and'

655 2803 112 30 alarming
786 2803 159 30 anticipations
957 2803 24 23 of
998 2811 44 22 any
1054 2804 150 31 interruption
1215 2808 23 20 to
1246 2812 2 10 v

654 2836 50 23 that
722 2836 59 31 good
802 2836 85 30 feeling
906 2836 45 23 and
969 2836 108 23 amicable
1101 2837 137 24 intercourse

654 2869 73 24 which
739 2869 58 23 have
816 2869 107 28 hitherto,
936 2877 59 22 upon
1008 2869 38 23 the
1058 2869 78 30 whole,
1150 2871 87 23 existed

653 2902 101 23 between
772 2902 38 23 the
827 2902 96 23 Natives
936 2902 43 23 and
995 2902 37 23 the
1044 2902 95 25 Settlers
1152 2911 29 16 on
1193 2904 46 23 this

654 2936 49 23 side
720 2935 37 23 the
774 2935 92 29 Straits,
880 2935 72 23 which
965 2943 32 15 we
1014 2943 57 16 were
1091 2944 63 23 sorry
1167 2941 23 19 to
1202 2945 36 15 see

654 2969 116 23 exhibited
782 2974 23 18 at
816 2968 39 23 the
868 2969 104 30 Meeting
990 2977 29 15 on
1038 2969 101 31 Monday
1150 2970 52 29 last,
1216 2971 23 22 in

654 3010 155 23 consequence
828 3002 26 23 of
870 3010 13 15 a
894 3002 147 31 Requisition
1054 3007 21 18 to
1098 3003 37 23 the
1156 3003 83 31 Mayor

653 3035 35 24 for
701 3036 48 23 that
758 3043 107 23 purpose,
878 3035 38 24 the
928 3040 96 19 account
1035 3035 24 24 of
1069 3036 74 23 which
1153 3036 47 24 will
1211 3037 28 24 be

653 3069 71 23 found
736 3070 23 22 in
772 3069 94 23 another
878 3069 89 29 portion
976 3069 24 23 of
1011 3076 40 16 our
1061 3069 111 23 columns.

790 3132 129 23 PUBLIC
939 3132 167 23 MEETING.
