2510 4010
700 1851 65 24 Paid
785 1851 143 25 Senators.
930 1865 34 3 —
964 1851 50 25 The
1037 1851 113 25 Prussian
1172 1851 73 24 Trea-

666 1892 55 22 sury
730 1884 41 24 has
783 1884 51 32 paid
843 1884 37 23 the
893 1884 103 32 deputies
1016 1885 25 23 of
1063 1886 40 22 the
1120 1883 125 33 provincial

666 1918 139 23 committees
814 1917 67 31 lately
894 1918 126 23 assembled
1030 1919 26 21 in
1074 1918 86 28 Berlin,
1177 1917 68 23 with-

666 1955 39 18 out
715 1951 136 28 distinction,
864 1951 64 23 three
940 1951 82 23 dollars
1034 1959 14 14 a
1066 1951 44 29 day
1130 1951 57 22 from
1206 1951 39 22 the

665 1984 78 30 period
764 1983 26 23 of
815 1984 59 21 their
893 1983 87 28 homes,
1002 1983 44 23 and
1065 1991 42 15 one
1120 1982 71 24 dollar
1213 1985 31 21 10

666 2015 110 31 groschen
785 2023 40 23 per
833 2015 53 23 mile
896 2015 35 23 for
939 2016 58 23 their
1006 2015 120 31 travelling
1134 2022 111 24 expenses

667 2053 22 18 to
701 2048 44 23 and
756 2049 57 23 from
825 2048 87 24 Berlin.
914 2060 35 5 —
951 2048 96 23 German
1059 2055 84 22 paper.

700 2081 23 23 A
736 2085 71 26 treaty
818 2081 24 23 of
856 2089 70 23 peace
935 2081 42 23 has
989 2081 57 23 been
1059 2081 123 23 concluded
1201 2082 42 22 be-

667 2119 71 18 tween
750 2114 61 23 Peru
825 2114 44 23 and
881 2114 96 23 Bolivia.

700 2147 135 24 Printing.
838 2159 34 4 —
874 2147 93 23 Charles
980 2146 37 24 the
1031 2147 109 24 Second's
1154 2148 90 23 Parlia-

667 2185 61 18 ment
742 2180 79 31 passed
832 2189 30 14 an
874 2185 35 18 act
921 2180 49 23 that
979 2180 53 31 only
1043 2186 83 25 twenty
1145 2182 98 29 printers

667 2213 80 23 should
769 2214 97 31 practise
887 2213 58 23 their
967 2218 35 18 art
1021 2215 23 21 in
1064 2214 38 23 the
1121 2214 122 31 Kingdom.

666 2246 78 24 About
754 2248 36 21 six
802 2246 108 31 shillings'
919 2251 90 18 current
1020 2254 45 16 was
1081 2246 52 32 paid
1149 2247 33 24 for
1201 2255 43 16 one

667 2280 43 22 and
723 2279 77 23 a-half
813 2279 76 23 hour's
902 2279 94 30 reading
1008 2281 22 21 in
1044 2281 73 23 1685.

699 2312 23 23 A
735 2312 52 24 Cat
798 2312 65 24 Case
876 2320 27 16 in
915 2312 150 24 Chancery.
1067 2325 34 5 —
1102 2312 29 24 In
1142 2312 38 25 the
1189 2313 59 24 Vice

667 2345 152 24 Chancellor's
832 2345 78 29 Court,
935 2354 28 15 on
977 2346 112 31 Saturday
1106 2346 71 29 week,
1198 2347 46 23 Mr.

668 2379 88 24 Bethell
779 2379 109 31 appeared
912 2379 24 23 in
957 2384 93 26 support
1069 2379 25 23 of
1116 2387 14 15 a
1152 2380 95 30 petition

665 2412 118 31 presented
795 2413 29 29 by
834 2412 117 30 residuary
968 2412 99 31 legatees
1079 2412 107 31 claiming
1203 2420 43 16 un-

666 2445 39 23 der
712 2445 37 24 the
761 2445 45 24 will
813 2446 24 22 of
846 2453 13 16 a
870 2445 89 23 maiden
966 2445 51 31 lady
1029 2445 82 24 named
1120 2445 127 24 Katherine

667 2478 99 29 Barfoot,
778 2479 94 30 praying
883 2483 22 18 to
917 2478 57 24 have
982 2480 85 22 certain
1076 2486 63 16 sums
1150 2479 25 23 of
1184 2479 63 23 stock

666 2512 136 23 transferred
812 2512 46 23 into
871 2511 38 24 the
926 2519 66 16 name
1003 2512 24 23 of
1043 2512 40 23 the
1101 2517 146 18 accountant-

665 2545 99 30 general,
776 2550 24 18 to
813 2545 37 23 the
862 2545 71 23 credit
945 2545 24 23 of
985 2544 36 24 the
1044 2552 76 16 cause.
1156 2545 93 30 Among

665 2579 39 22 the
716 2586 120 16 numerous
855 2579 108 30 bequests
975 2578 119 23 contained
1112 2579 24 22 in
1148 2578 37 23 the
1203 2579 45 22 will

667 2612 24 22 of
713 2611 37 23 the
773 2612 111 28 testatrix,
907 2619 46 16 was
973 2619 30 15 an
1022 2612 95 29 annuity
1137 2611 25 23 of
1185 2607 37 34 £l'
1222 2607 25 34 6,

667 2645 92 22 secured
778 2653 28 15 on
825 2652 12 15 a
849 2652 49 15 sum
921 2645 25 22 of
968 2645 72 28 stock,
1123 2645 92 30 provide
1236 2653 12 15 a

667 2678 94 23 suitable
780 2678 87 23 income
888 2678 34 22 for
942 2678 38 22 the
999 2678 38 22 life
1058 2678 26 22 of
1107 2686 12 14 a
1139 2678 109 23 favourite

667 2715 45 18 torn
724 2715 35 18 cat
770 2711 80 23 named
867 2710 107 23 Blucher.
977 2723 33 3 —
1011 2709 152 33 (Laughter.)
1198 2711 50 23 The

666 2744 115 23 dividends
789 2744 43 23 had
840 2744 55 23 been
904 2744 114 30 regularly
1026 2744 159 31 appropriated
1191 2744 58 23 from

668 2778 53 22 time
733 2782 21 18 to
766 2777 61 28 time,
839 2777 30 30 by
881 2777 38 23 the
940 2781 103 25 trustees,
1063 2782 23 18 to
1098 2777 39 23 the
1154 2778 96 23 mainte-

667 2817 70 16 nance
751 2810 43 23 and
806 2814 93 27 support
911 2810 25 23 of
955 2810 37 23 the
1004 2810 126 29 annuitant,
1142 2810 58 24 until
1212 2810 38 24 the

667 2843 77 30 period
755 2843 25 23 of
795 2843 35 23 his
839 2843 73 28 death,
921 2843 73 23 which
1006 2843 107 23 occurred
1121 2851 12 15 a
1144 2843 43 24 few
1194 2843 56 31 days

667 2883 50 23 ago.
719 2888 33 5 —
754 2876 50 23 The
812 2876 100 31 annuity,
921 2876 118 28 therefore,
1050 2877 84 30 having
1140 2876 70 24 fallen
1217 2877 31 29 in,

668 2909 37 23 the
717 2914 91 26 present
829 2910 94 30 petition
942 2909 81 31 sought
1035 2914 22 19 to
1069 2909 57 24 have
1138 2909 38 24 the
1185 2910 65 23 stock

667 2942 144 25 transferred.
834 2943 45 23 His
888 2942 71 24 honor
968 2942 102 32 inquired
1077 2942 60 24 what
1144 2943 106 24 evidence

667 2976 38 22 the
714 2975 90 25 learned
816 2976 91 23 counsel
914 2975 45 24 had
971 2980 21 18 to
1006 2975 53 24 offer
1071 2980 23 19 to
1104 2975 38 24 the
1155 2980 63 20 court
1227 2976 24 24 of

667 3009 38 23 the
727 3009 136 24 annuitant's
884 3009 68 24 death
961 3009 10 24 ?
979 3008 63 32 —(A
1062 3008 92 32 laugh.)
1200 3009 49 24 Mr.

667 3042 90 24 Bethell
769 3042 55 29 said,
837 3050 14 15 a
862 3043 121 23 certificate
1037 3043 38 23 the
1086 3042 75 23 burial
1172 3042 24 24 of
1211 3042 39 24 the

667 3075 114 29 deceased,
788 3075 70 24 which
867 3083 45 16 was
917 3076 39 23 the
964 3076 65 23 usual
1034 3076 105 23 evidence
1146 3076 105 31 required

666 3108 30 30 by
708 3108 37 23 the
756 3114 69 23 court,
839 3109 65 23 could
915 3114 41 18 not
972 3109 29 23 be
1011 3109 113 31 produced
1133 3118 6 20 ;
1170 3109 41 23 but
1222 3109 28 23 he

669 3141 92 29 trusted,
784 3142 69 23 under
864 3141 39 24 the
920 3142 101 32 peculiar
1033 3143 175 23 circumstances
1229 3142 22 23 of

667 3174 38 22 the
714 3181 57 21 case,
784 3174 36 23 his
829 3175 71 23 honor
911 3175 74 23 would
995 3175 103 24 consider
1109 3183 29 16 an
1150 3175 101 24 affidavit

668 3206 24 23 of
707 3206 38 23 the
756 3207 53 27 fact,
822 3207 28 31 by
858 3215 13 15 a
883 3207 158 24 disinterested
1048 3212 75 27 party,
1138 3209 113 24 sufficient

668 3240 104 22 evidence
784 3240 48 23 that
844 3240 37 23 the
904 3241 120 23 annuitant
1034 3248 46 16 was
1100 3241 64 24 dead.
1201 3241 50 24 The

668 3271 114 31 Rigistrar
804 3272 59 30 (Mr.
879 3271 108 33 Colville)
1012 3274 123 31 suggested
1145 3274 51 24 that
1213 3274 38 24 the

668 3305 98 23 affidavit
774 3306 72 23 would
856 3311 40 18 not
900 3306 83 31 justify
995 3306 38 24 the
1042 3307 72 23 Court
1125 3308 24 23 in
1157 3308 94 31 making

669 3338 36 23 the
725 3338 71 29 order,
815 3339 117 24 inasmuch
954 3347 24 16 as
997 3341 18 22 it
1037 3340 53 31 only
1107 3341 99 31 deposed
1227 3346 23 19 to

669 3371 36 23 the
718 3371 45 24 fact
775 3372 24 23 of
815 3380 12 15 a
838 3372 72 31 single
923 3372 74 29 death,
1010 3372 99 25 whereas
1133 3382 13 15 a
1158 3379 36 18 cat
1205 3382 45 16 was

667 3405 150 31 proverbially
843 3405 83 24 known
956 3411 22 18 to
1006 3405 56 24 have
1084 3407 53 23 nine
1161 3407 55 24 lives
1218 3420 33 4 —

668 3436 148 33 (Laughter,)
851 3438 47 24 Mr.
923 3439 69 23 Jacob
1016 3440 96 31 thought
1135 3440 49 24 that
1211 3440 39 24 the

669 3471 70 23 Court
759 3471 69 31 ought
846 3476 22 19 to
889 3472 96 31 proceed
1003 3476 22 19 to
1046 3473 126 31 adjudicate
1194 3473 56 24 with

668 3508 99 19 extreme
779 3506 88 22 caution
877 3506 23 22 in
919 3513 14 15 a
945 3513 51 15 case
1013 3506 122 32 supported
1147 3508 30 29 by
1195 3506 56 24 such

668 3537 88 24 slender
774 3537 111 30 evidence,
905 3538 45 24 and
970 3538 76 24 before
1057 3539 38 24 the
1116 3540 134 23 authorities

667 3569 43 24 had
717 3570 56 24 been
782 3570 80 25 looked
871 3572 55 23 into.
964 3571 39 24 He
1013 3573 154 23 remembered
1178 3581 14 15 a
1199 3581 51 15 case

667 3603 76 23 bofore
763 3603 37 24 Sir
811 3604 60 23 John
888 3604 90 29 Leach,-
990 3605 73 24 which
1082 3614 46 16 was
1139 3606 31 23 all
1187 3605 63 24 fours

667 3636 54 23 with
740 3636 38 23 the
797 3640 124 28 present—
923 3635 36 33 (A
981 3638 89 32 laugh.)
1106 3638 50 24 The
1178 3638 72 24 Vice-

669 3669 133 23 Chancellor
811 3669 40 23 felt
856 3669 39 24 the
906 3671 84 30 weight
997 3671 25 23 of
1031 3671 38 24 the
1080 3672 51 23 first
1138 3671 112 31 objection

669 3701 68 24 taken
747 3702 30 30 by
792 3703 37 22 the
836 3702 128 32 Registrar,
973 3702 43 25 but
1032 3704 110 25 observed
1150 3705 50 24 that
1211 3704 39 23 the

668 3739 43 24 cat,
729 3735 84 31 having
824 3743 53 16 once
896 3736 52 24 died
959 3741 62 19 must
1041 3737 28 24 be
1080 3737 55 24 held
1143 3737 35 24 for
1199 3744 52 16 ever

668 3767 97 24 civiliter
775 3770 106 27 mortuus,
900 3769 45 23 and
956 3774 40 19 not
1013 3770 94 23 entitled
1118 3776 24 17 to
1161 3774 89 27 greater

668 3800 119 31 privileges
797 3800 55 24 than
863 3810 14 14 a
888 3802 108 24 Christian
997 3815 32 5 —
1030 3801 76 31 (great
1123 3802 127 30 laughter.)

1873 141 132 24 transcends
2017 141 31 24 all
2057 141 38 23 the
2106 149 75 23 power
2194 143 25 23 of
2227 142 139 30 expedients.

1929 174 78 30 Every
2018 179 62 25 great
2092 174 43 23 and
2146 175 157 31 commanding
2321 181 127 18 movement

1874 207 22 23 in
1909 207 37 23 the
1958 207 79 23 annals
2048 207 25 23 of
2088 207 37 23 the
2142 207 69 23 world
2223 209 19 22 is
2261 208 38 23 the
2310 209 100 30 triumph
2427 209 25 23 of

1874 247 61 15 some
1958 240 147 23 enthusiasm.
2158 239 50 24 The
2235 242 104 22 victories
2362 241 25 23 of
2414 241 37 23 the

1874 271 76 24 Arabs
1966 272 57 23 after
2035 272 124 28 Mahomet,
2177 272 57 28 who,
2252 273 23 23 in
2292 281 14 15 a
2315 273 43 23 few
2377 281 72 23 years,

1874 305 57 22 from
1943 312 14 15 a
1968 305 66 22 small
2045 304 42 23 and
2099 312 65 16 mean
2175 305 130 31 beginning,
2316 306 135 23 established

1874 345 13 15 a
1906 337 74 30 larger
1998 338 84 30 empire
2101 337 54 23 than
2175 337 50 23 that
2236 338 24 22 of
2281 338 81 28 Rome,
2383 340 20 22 is
2422 347 28 15 an

1874 370 112 30 example.
2022 370 64 30 They
2107 370 36 23 did
2166 370 54 30 they
2239 369 63 24 knew
2322 374 39 19 not
2383 371 66 24 what.

1875 402 50 23 The
1945 402 74 23 naked
2037 402 81 28 Derar,
2135 402 83 23 horsed
2236 410 27 15 on
2281 410 30 15 an
2330 402 56 29 idea,
2406 411 44 16 was

1874 435 69 22 found
1953 443 36 15 'an
2008 435 127 23 overmatch
2153 435 35 23 for
2206 443 13 15 a
2231 439 61 26 troop
2316 435 24 24 of
2361 435 91 25 Roman

1874 467 98 30 cavalry.
2007 467 51 24 The
2078 475 85 16 women
2175 467 79 31 fought
2270 467 47 24 like
2329 475 58 22 men,
2407 469 44 23 and

1875 500 126 30 conquered
2023 500 37 24 the
2083 500 90 24 Roman
2195 508 60 16 men.
2307 500 65 32 They
2387 508 65 16 -ware

1875 533 123 30 miserably
2020 533 117 31 equipped,
2161 533 120 31 miserably
2300 533 45 24 fed.
2389 533 66 31 They

1876 573 57 15 were
1946 569 140 27 temperance
2098 571 84 25 troops.
2217 566 74 23 There
2303 574 44 15 was
2368 566 87 24 neither

1875 599 89 28 brandy
1975 606 42 15 nor
2027 599 58 22 flesh
2097 597 82 24 needed
2193 602 21 19 to
2224 599 50 22 feed
2285 598 68 24 them.
2389 599 66 31 They

1876 630 127 31 conquered
2021 631 65 28 Asia,
2104 630 44 23 and
2167 630 87 30 Africa,
2273 631 43 23 and
2337 632 70 30 Spain
2427 639 28 15 on

1875 663 85 30 barley.
1996 663 50 23 The
2070 663 79 30 Caliph
2171 663 91 23 Omar's
2281 663 172 31 walking-stick

1876 696 80 23 struck
1968 703 60 16 more
2041 700 69 19 terror
2120 697 46 22 into
2179 696 63 23 those
2253 696 48 23 who
2309 704 45 15 saw
2364 697 26 27 it,
2400 697 55 23 than

1876 728 96 23 another
1983 729 72 22 man's
2074 729 79 23 sword.
2193 728 45 24 His
2258 728 46 24 diet
2314 736 45 16 was
2377 729 78 31 barley

1876 761 68 23 bread
1953 769 6 20 ;
1986 761 34 23 his
2033 769 66 15 sauce
2111 768 44 16 was
2167 761 43 23 salt
2217 771 5 19 ;
2252 762 41 23 and
2306 761 148 29 oTten-times,

1877 794 30 29 by
1918 801 49 22 way
1975 794 24 23 of
2011 794 135 28 abstinence,
2159 794 28 23 he
2197 799 36 18 ate
2240 794 34 23 his
2288 795 67 23 bread
2363 794 92 24 without

1878 827 52 22 salt.
1968 827 45 23 His
2026 827 66 23 drink
2100 834 44 16 was
2151 831 77 19 water.
2264 827 46 24 His
2321 828 77 30 palace
2410 835 44 16 was

1877 860 57 22 built
1946 860 26 22 of
1986 860 52 22 mud
2048 868 5 20 ;
2073 860 43 23 and
2127 860 64 23 when
2201 860 27 22 he
2240 860 39 23 left
2291 859 95 25 Medina
2396 864 23 20 to
2427 868 28 23 go

1877 897 22 18 to
1917 893 38 22 the
1968 897 106 26 conquest
2092 893 25 22 of
2139 893 133 28 Jerusalem,
2284 893 28 23 he
2330 893 54 23 rode
2396 901 29 15 on
2442 901 13 15 a

1876 925 40 22 red
1928 926 79 28 camel,
2020 926 52 22 with
2084 933 14 15 a
2108 926 91 22 wooden
2222 926 80 29 platter
2314 926 100 29 hanging
2434 931 21 18 at

1876 958 35 22 his
1932 958 83 29 saddle,
2036 959 53 21 with
2107 966 14 14 a
2133 958 70 23 bottle
2215 958 24 23 of
2262 962 67 19 water
2348 958 42 23 and
2412 964 42 18 two

1876 991 76 29 sacks,
1966 998 42 16 one
2020 990 91 30 holding
2122 991 77 29 barley
2211 990 43 24 and
2269 990 36 23 the
2315 990 63 24 other
2393 990 62 24 dried

1877 1024 77 21 fruits.

1935 1056 48 23 But
2005 1055 62 24 there
2090 1056 46 23 will
2155 1056 64 23 dawn
2240 1064 35 15 ere
2294 1056 55 31 long
2367 1065 29 15 on
2417 1065 40 15 our

1877 1089 98 30 politics,
1999 1096 30 15 on
2050 1096 40 16 our
2112 1089 76 23 modes
2208 1089 25 23 of
2250 1089 78 31 living,
2347 1098 14 15 a
2379 1090 78 23 nobler

1879 1123 105 29 morning
1997 1122 54 23 than
2063 1122 47 23 that
2127 1122 101 23 Arabian
2240 1122 63 29 faith,
2316 1124 23 22 in
2353 1122 38 24 the
2402 1130 52 16 sen-

1878 1155 80 22 timent
1970 1155 24 23 of
2004 1155 56 23 love.
2097 1155 57 23 This
2172 1155 20 23 is
2205 1155 37 23 the
2262 1163 40 15 one
2320 1156 91 29 remedy
2422 1155 35 24 for

1878 1187 29 23 all
1919 1187 45 29 ills,
1979 1188 36 22 the
2027 1195 98 23 panacea
2138 1189 23 22 of
2172 1192 86 19 nature.
2274 1209 5 7 ,
2293 1188 42 23 We
2351 1192 62 19 must
2428 1188 29 24 be

1878 1220 81 28 lovers,
1973 1221 42 22 and
2028 1220 108 31 instantly
2147 1221 39 23 the
2204 1221 130 30 impossible
2353 1222 104 22 becomes

1878 1253 108 31 possible.
2031 1254 48 22 Our
2102 1262 42 22 age
2166 1253 45 24 and
2233 1254 85 30 history
2339 1254 34 23 for
2394 1254 63 23 these

1879 1286 112 23 thousand
2011 1294 65 22 years
2095 1286 42 23 has
2150 1291 39 18 not
2206 1286 56 23 been
2281 1287 37 22 the
2335 1287 88 30 history
2435 1288 24 22 of

1881 1319 119 28 kindness,
2014 1320 41 22 but
2067 1319 24 23 of
2100 1319 138 24 selfishness.
2275 1319 49 23 Our
2335 1319 93 24 distrust
2440 1321 19 22 is

1880 1359 52 23 very
1951 1353 128 30 expensive.
2116 1352 50 23 The
2186 1360 80 23 money
2284 1360 32 15 we
2335 1352 71 31 spend
2422 1353 44 23 for-

1880 1389 74 19 courts
1967 1385 43 23 and
2029 1385 87 30 prisons
2137 1385 19 22 is
2169 1393 54 22 very
2233 1385 26 23 ill
2277 1385 44 23 laid
2333 1390 46 19 out.
2414 1385 44 24 We

1881 1417 65 24 make
1966 1418 29 30 by
2008 1418 93 23 distrust
2114 1418 37 23 the
2167 1418 63 28 thief,
2243 1418 43 23 and
2304 1418 98 31 burglar,
2414 1418 45 24 and

1880 1451 137 30 incendiary,
2037 1451 42 23 and
2099 1451 29 30 by
2148 1458 39 16 our
2206 1456 64 18 court
2287 1452 44 22 and
2353 1451 52 32 gaol
2425 1459 34 16 we

1881 1483 56 31 keep
1956 1483 47 24 him
2015 1491 34 16 so.
2084 1484 39 23 An
2133 1489 136 25 acceptance
2287 1484 24 23 of
2328 1484 38 24 the
2386 1485 71 22 senti-

1881 1521 63 18 ment
1965 1517 25 22 of
2005 1517 50 23 love
2073 1516 135 32 throughout
2226 1517 157 24 Christendom
2394 1517 35 23 for
2447 1526 13 15 a

1881 1557 87 21 season,
1983 1549 72 24 would
2071 1549 66 31 bring
2148 1550 36 23 the
2196 1550 61 23 felon
2268 1549 42 24 and
2323 1549 37 24 the
2372 1555 88 18 outcast

1881 1587 21 18 to
1915 1590 40 15 our
1968 1583 48 23 side
2034 1583 23 23 in
2070 1588 66 23 tears,
2150 1583 53 23 with
2214 1583 39 23 the
2272 1583 102 23 devotion
2387 1583 25 23 of
2424 1583 35 23 his

1880 1615 103 23 faculties
1996 1620 21 19 to
2031 1623 40 16 our
2078 1617 92 22 service.
2208 1616 43 23 See
2260 1616 44 23 this
2312 1616 56 23 wide
2376 1617 84 30 society

1881 1648 25 23 of
1923 1648 120 31 labouring
2062 1656 51 15 men
2134 1648 44 24 and
2200 1656 93 17 women.
2330 1648 42 24 We
2394 1649 65 24 allow

1881 1682 115 23 ourselves
2009 1686 22 19 to
2043 1682 28 23 be
2083 1682 78 23 served
2172 1682 31 30 by
2215 1682 68 28 them,
2295 1690 32 15 we
2339 1682 44 23 live
2394 1687 65 26 apart
2466 1690 2 5 *

1880 1714 57 23 from
1959 1714 68 29 them,
2048 1714 42 24 and
2108 1719 60 19 meet
2180 1715 60 23 them
2252 1715 93 23 without
2356 1723 13 15 a
2386 1716 73 22 salute

1881 1747 23 23 in
1916 1747 36 23 the
1966 1752 89 19 streets.
2090 1747 43 23 We
2144 1748 27 23 do
2183 1752 40 19 not
2232 1753 61 25 greet
2303 1748 57 23 their
2368 1749 88 28 talents,

1882 1788 39 15 nor
1940 1780 83 31 rejoice
2043 1782 23 22 in
2083 1780 58 24 their
2159 1781 59 30 good
2229 1782 95 28 fortune,
2337 1789 42 15 nor
2389 1782 69 22 foster

1881 1813 57 23 their
1947 1813 78 31 hopes,
2038 1822 41 14 nor
2090 1814 23 22 in
2126 1813 37 24 the
2175 1815 112 29 assembly
2297 1815 23 22 of
2330 1814 38 23 the
2379 1814 79 32 people

1881 1851 49 19 vote
1954 1847 35 23 for
2008 1847 59 23 what
2086 1847 20 22 is
2125 1847 52 23 dear
2198 1851 21 19 to
2240 1847 67 24 them.
2343 1847 65 24 Thus
2426 1855 33 16 we

1881 1884 65 18 enact
1957 1880 38 23 the
2006 1885 51 25 part
2071 1879 24 23 of
2104 1879 45 24 -the
2165 1879 76 24 selfish
2259 1880 64 23 noble
2340 1880 45 23 and
2402 1879 57 32 king

1881 1912 56 23 from
1951 1912 38 23 the
2001 1912 129 24 foundation
2143 1914 24 22 of
2182 1913 37 22 the
2238 1913 75 24 world.
2350 1914 51 28 See,
2415 1913 44 24 this

1881 1950 46 18 tree
1938 1945 82 30 always
2031 1945 66 23 bears
2108 1953 42 15 one
2161 1946 62 22 fruit.
2259 1946 29 22 In
2300 1952 65 23 every
2375 1945 84 23 house-

1881 1977 53 24 hold
1955 1978 39 23 the
2013 1985 68 23 peace
2099 1977 26 23 of
2139 1985 14 15 a
2163 1978 49 30 pair
2224 1978 19 23 is
2255 1978 107 31 poisoned
2377 1978 30 31 by
2424 1978 37 23 the

1881 2011 87 28 malice,
1991 2010 95 31 slyness,
2106 2010 124 29 indolence,
2243 2010 42 24 and
2304 2010 120 24 alienation
2437 2011 26 23 of

1881 2043 129 24 domestics.
2045 2043 45 24 Let
2107 2051 45 23 any
2163 2048 42 19 two
2217 2048 99 19 matrons
2336 2048 67 25 meet,
2415 2044 44 23 and

1881 2077 93 23 observe
1990 2077 49 22 how
2051 2084 54 16 soon
2118 2076 57 24 their
2187 2078 154 22 conversation
2354 2081 64 19 turns
2431 2084 29 16 on

1882 2109 37 24 the
1940 2110 99 23 troubles
2053 2110 56 23 from
2128 2110 58 23 their
2196 2109 66 32 'help,
2266 2110 5 10 1
2288 2118 24 15 as
2328 2118 40 15 our
2387 2111 74 30 praise

1884 2144 29 22 is.

1939 2177 28 22 In
1979 2184 67 22 every
2057 2177 56 22 knot
2124 2177 25 22 of
2163 2177 123 28 labourers,
2297 2177 36 23 the
2345 2177 48 23 rich
2404 2184 55 16 man

1883 2210 52 22 does
1947 2215 40 17 not
1998 2210 43 23 feel
2050 2210 90 22 himself
2156 2218 82 22 among
2247 2210 36 23 his
2295 2210 83 23 friends
2387 2218 7 20 ;
2418 2210 45 23 and

1882 2248 22 17 at
1919 2243 37 22 the
1968 2243 58 31 polls
2037 2243 29 22 he
2078 2243 56 23 finds
2147 2243 61 23 them
2229 2243 91 30 arrayed
2332 2244 25 22 in
2368 2251 13 15 a
2400 2251 62 15 mass

1881 2276 23 22 in
1917 2276 92 22 distinct
2021 2276 125 31 opposition
2165 2281 21 18 to
2199 2277 54 22 him.
2290 2276 40 23 We
2349 2276 113 31 complain

1881 2309 49 23 that
1941 2309 38 23 the
2001 2309 88 30 policies
2100 2309 25 23 of
2139 2317 87 15 masses
2238 2309 25 23 of
2278 2309 36 23 the
2325 2309 80 31 people
2423 2317 38 16 are

1882 2350 24 15 so
1919 2342 61 23 often
1996 2342 122 23 controlled
2129 2342 29 31 by
2166 2342 119 31 designing
2297 2350 57 21 men,
2370 2342 44 23 and
2424 2342 38 23 led

1881 2375 23 23 in
1933 2376 128 30 opposition
2083 2380 23 18 to
2128 2375 106 24 manifest
2252 2375 83 31 justice
2358 2375 43 24 and
2423 2375 39 24 the

1883 2415 103 16 common
2008 2409 63 27 weal,
2097 2408 44 24 and
2164 2413 22 18 to
2208 2408 59 24 their
2290 2416 47 16 own
2360 2409 102 23 interest.

1882 2441 46 23 But
1940 2441 37 23 the
1989 2441 79 31 people
2080 2441 27 23 do
2119 2446 39 18 not
2170 2442 55 22 wish
2238 2446 22 19 to
2271 2442 29 22 be
2320 2441 142 31 represented

1883 2482 24 15 or
1925 2474 64 23 ruled
2009 2474 30 31 by
2056 2475 37 23 the
2110 2476 105 29 ignorant
2235 2475 44 23 and
2300 2475 61 23 base.
2397 2474 67 31 They

1883 2507 52 30 only
1951 2512 52 18 vote
2013 2507 36 23 for
2067 2508 61 23 these
2140 2508 96 23 because
2253 2508 53 30 they
2318 2515 56 16 were
2393 2507 71 23 asked

1883 2541 52 22 with
1953 2540 38 23 the
2012 2542 61 21 voice
2091 2540 41 23 and
2154 2540 127 24 semblance
2297 2541 25 22 of
2342 2540 119 24 kindness.

1883 2573 64 30 They
1967 2573 50 23 will
2034 2578 40 18 not
2095 2579 48 17 vote
2161 2573 35 24 for
2217 2573 61 23 them
2300 2573 61 31 long.
2398 2573 64 31 They

1882 2606 124 31 inevitably
2016 2606 74 32 prefer
2099 2608 36 21 wit
2147 2606 44 24 and
2202 2606 98 32 probity.
2335 2606 34 24 To
2381 2613 42 16 use
2434 2613 30 16 an

1883 2639 116 31 Egyptian
2020 2639 124 32 metaphor,
2165 2640 18 23 it
2203 2641 19 22 is
2235 2644 39 18 not
2292 2639 57 24 their
2367 2639 44 23 will
2429 2639 37 23 for

1883 2681 44 23 any
1939 2673 54 30 long
2004 2673 54 23 time
2071 2674 6 10 '
2085 2678 21 18 to
2113 2674 59 22 raise
2182 2673 37 23 the
2232 2673 57 22 nails
2297 2673 24 22 of
2330 2672 50 23 wild
2392 2673 71 27 beats,

1883 2706 44 23 and
1938 2711 21 17 to
1972 2706 92 30 depress
2076 2706 37 23 the
2125 2706 68 24 heads
2206 2706 25 23 of
2247 2706 36 23 the
2293 2705 75 24 sacred
2381 2705 79 23 birds.'

1883 2739 45 23 Let
1946 2747 40 14 our
1998 2739 104 23 affection
2112 2739 50 23 flow
2175 2744 38 18 out
2234 2744 21 17 to
2267 2747 40 14 our
2318 2738 85 23 fellows
2412 2747 6 19 ;
2447 2739 19 22 it

1885 2772 72 24 would
1975 2777 91 26 operate
2084 2773 23 22 in
2126 2780 13 15 a
2159 2772 42 31 day
2223 2772 37 23 the
2273 2776 97 27 greatest
2387 2771 25 23 of
2435 2771 32 23 all

1883 2805 146 23 revolutions.
2066 2805 23 23 It
2100 2805 18 23 is
2131 2805 72 24 better
2215 2810 22 18 to
2249 2805 61 22 work
2323 2812 28 15 on
2373 2805 93 22 institu-

1884 2840 58 21 tions
1951 2838 30 30 by
1992 2839 38 22 the
2042 2846 43 15 sun
2093 2838 53 23 than
2157 2838 29 30 by
2199 2838 38 23 the
2249 2838 65 23 wind.
2350 2838 50 22 The
2407 2841 58 19 state

1883 2876 61 18 must
1963 2871 104 23 consider
2087 2871 36 23 the
2141 2879 55 23 poor
2208 2878 60 21 man,
2287 2870 43 23 and
2342 2870 30 23 all
2391 2871 75 22 voices

1882 2909 62 18 must
1952 2904 73 31 speak
2032 2904 34 23 for
2074 2904 54 23 him.
2165 2904 76 30 Every
2249 2903 60 24 child
2319 2903 48 23 that
2375 2902 21 23 is
2407 2902 57 24 born

1881 2941 63 19 must
1955 2937 56 22 have
2024 2945 12 14 a
2044 2937 51 30 just
2113 2936 83 24 chance
2208 2937 35 23 for
2253 2936 37 23 his
2308 2935 75 24 bread.
2418 2935 46 23 Let

1883 2970 37 22 the
1933 2970 153 23 amelioration
2099 2970 23 22 in
2134 2977 41 15 our
2185 2970 55 22 laws
2252 2969 24 22 of
2292 2973 104 26 property
2409 2975 53 23 pro-

1882 3003 53 22 ceed
1958 3003 57 22 from
2035 3002 38 23 the
2092 3003 129 22 concession
2243 3002 24 23 of
2285 3001 36 24 the
2340 3001 50 23 rich
2390 3014 33 3 —
2423 3005 41 19 not

1917 3068 58 24 How
1996 3076 67 22 many
2081 3076 77 23 young
2177 3068 70 24 ladies
2265 3067 46 23 will
2330 3067 17 23 it
2367 3066 53 25 take
2441 3071 22 19 to

1883 3102 66 23 reach
1967 3101 59 23 from
2049 3101 140 31 Wellington
2206 3106 23 19 to
2250 3101 97 23 Petoni?
2384 3099 79 32 Eight,

1883 3135 95 23 because
1987 3143 14 15 a
2012 3134 55 23 miss
2079 3135 18 22 is
2110 3142 23 16 as
2145 3134 59 30 good
2216 3142 25 16 as
2253 3141 13 15 a
2278 3134 59 23 mile.

1883 3036 57 23 from
1952 3035 39 24 the
2003 3036 108 29 grasping
2123 3035 24 24 of
2162 3035 38 23 the

1918 3168 162 23 Symbolical
2092 3167 125 24 Epitaph.
2220 3179 33 5 —
2254 3166 29 23 In
2292 3174 13 15 a
2313 3170 76 20 recent
2398 3174 66 15 num-

1883 3201 38 23 ber
1934 3201 24 23 of
1973 3201 41 23 the
2025 3200 132 31 Cambridge
2170 3199 113 25 Chrinicle
2294 3200 20 22 is
2325 3200 38 23 the
2375 3200 87 23 follow-

1885 3235 38 29 ing
1946 3233 170 32 typographical
2139 3240 103 17 morceau
2250 3241 8 14 :
2259 3245 34 5 —
2318 3232 77 24 Death
2412 3233 26 22 of
2452 3240 14 15 a

1883 3268 92 30 printer,
1977 3279 33 4 —
2013 3266 90 31 George
2126 3266 139 28 Woodcock,
2290 3266 38 23 the
2349 3266 15 15 *
2387 3266 25 23 of
2426 3265 36 23 his

1883 3301 133 30 profession,
2033 3299 39 23 the
2089 3304 51 26 type
2153 3299 25 22 of
2186 3300 105 30 honesty,
2305 3299 37 23 the
2361 3299 6 23 !
2380 3299 26 22 of
2415 3298 30 23 all
2455 3306 6 20 ;

1884 3333 49 29 and,
1948 3332 109 31 although
2069 3332 38 23 the
2119 3337 49 25 $gT
2181 3332 24 23 of
2213 3332 67 24 death
2292 3332 41 24 has
2344 3336 40 27 put
2396 3340 14 15 a
2421 3348 6 7 .
2441 3335 23 20 to

1885 3366 34 23 his
1931 3367 123 27 existence,
2068 3373 65 23 evsry
2151 3365 13 31 §
2178 3365 25 23 of
2212 3365 36 24 his
2265 3365 39 24 life
2315 3372 45 16 was
2372 3364 101 24 without-

1885 3407 12 15 a

1915 3445 34 4 —
1960 3432 77 23 Never
2045 3432 109 23 condemn
2160 3439 57 23 your
2224 3431 125 31 neighbour
2356 3427 106 30 unheard,

1883 3466 101 23 however
1996 3473 68 22 many
2074 3466 37 22 the
2123 3465 140 23 accusations
2283 3463 70 25 which
2365 3469 53 24 may
2436 3462 28 23 be

1884 3498 112 32 preferred
2017 3499 90 30 against
2117 3498 49 24 him
2175 3507 7 19 ;
2210 3505 67 23 every
2289 3501 60 26 story
2361 3495 40 23 has
2421 3499 42 19 two

1884 3539 59 23 ways
1956 3532 24 23 of
1994 3532 70 30 being
2076 3531 53 29 told,
2142 3531 45 24 and
2203 3530 85 32 justice
2299 3528 97 32 requires
2416 3527 48 23 that

1883 3573 45 23 you
1948 3564 83 24 should
2046 3564 56 24 hear
2114 3565 37 23 the
2172 3564 91 24 defence
2280 3570 25 15 as
2323 3560 50 24 well
2382 3568 26 16 as
2426 3560 38 23 the

1885 3598 129 23 accusation
2022 3607 7 19 ;
2048 3598 44 23 and
2104 3596 123 24 remember
2240 3596 47 23 that
2299 3595 37 22 the
2346 3593 118 31 malignity

1885 3632 24 23 of
1940 3631 99 23 enemies
2062 3638 52 23 may
2140 3629 63 32 place
2227 3635 44 24 you
2297 3628 23 23 in
2342 3634 13 15 a
2378 3625 86 25 simitar
2474 3632 2 3 '

1885 3664 163 31 predicament.

1919 3696 117 25 Beautiful
2046 3697 20 23 is
2078 3695 38 25 the
2126 3695 50 24 love
2188 3694 43 24 and
2243 3697 68 19 sweet
2326 3692 38 24 the
2380 3691 50 24 Iris's
2442 3691 25 24 of

1886 3739 12 15 a
1911 3730 66 24 sister
1984 3739 6 19 ;
2010 3729 42 24 but
2057 3729 66 24 when
2133 3735 45 23 you
2187 3726 90 24 have'nt
2283 3734 14 14 a
2306 3726 65 23 sister
2381 3724 83 32 handy,

1886 3769 35 18 try
1932 3770 57 23 your
2001 3763 114 23 cousin—
2116 3760 70 24 'tisn't
2196 3758 67 25 much
2275 3765 78 17 worse.

1994 3795 68 24 Way
2081 3802 31 16 to
2129 3801 32 16 be
2179 3793 132 23 Popular.
2320 3803 33 5 —
2438 3791 37 23 be-

1885 3828 64 24 loved
1968 3828 30 30 by
2018 3836 60 20 men,
2090 3835 14 15 a
2124 3833 51 16 man
2196 3830 61 19 must
2278 3831 81 25 appear
2375 3829 28 19 *o
2417 3824 52 24 love

1886 3861 61 24 them
1955 3869 15 22 ;_
1980 3861 46 23 and
2044 3861 34 22 for
2098 3857 131 34 preserving
2240 3857 38 24 the
2290 3864 146 25 appearance,
2454 3857 14 24 I

1886 3897 83 20 cannot
1985 3893 68 26 think
2071 3893 25 23 of
2116 3899 43 23 any
2170 3898 80 17 means
2266 3897 26 17 so
2313 3897 50 17 sure
2385 3898 26 16 as
2430 3888 39 26 the

1267 141 37 23 his
1317 149 49 16 own
1378 150 66 21 vows,
1465 142 80 24 should
1558 142 41 23 call
1618 141 38 24 the
1672 143 140 23 institutions
1823 143 25 23 of

1267 174 87 31 society
1365 179 21 18 to
1405 179 102 25 account,
1526 174 45 24 and
1583 176 103 22 examine
1699 174 57 24 their
1768 176 78 23 fitness

1268 211 23 18 to
1302 206 47 24 him
1361 208 64 29 gains
1442 208 23 22 in
1477 207 121 31 emphasis,
1618 207 21 23 if
1648 214 31 16 we
1698 207 53 23 look
1763 216 49 14 now
1823 215 22 18 a)

1269 246 40 15 our
1326 240 76 23 modes
1424 240 24 23 of
1462 239 78 31 living.
1576 239 25 24 Is
1619 247 42 16 our
1679 240 167 31 housekeeping

1269 272 78 22 sacred
1364 272 44 23 and
1426 272 136 23 honourable
1570 272 10 23 ?
1615 272 63 24 Does
1696 273 18 22 it
1725 273 58 23 raise
1803 273 44 23 and

1268 304 86 30 inspire
1364 312 35 21 us,
1417 312 25 15 or
1459 305 53 22 does
1523 305 19 22 it
1559 305 84 30 cripple
1654 312 28 16 us
1693 305 88 23 instead
1788 306 10 22 ?
1832 306 14 23 I

1269 336 70 30 ought
1351 341 21 19 to
1384 338 27 22 be
1424 337 75 23 armed
1511 337 29 30 by
1552 345 66 22 every
1629 341 52 27 part
1692 338 44 22 and
1747 338 99 23 function

1270 369 25 23 of
1311 376 39 24 my
1360 369 130 29 household,
1509 369 30 31 by
1551 370 31 22 all
1601 377 37 23 my
1651 370 68 22 social
1737 370 109 30 function,

1269 401 30 31 by
1307 409 38 23 ray
1353 410 114 22 economy,
1476 402 29 30 by
1515 410 37 22 my
1561 402 105 30 feasting,
1679 403 29 29 by
1717 410 38 23 my
1762 404 83 29 voting,

1269 434 30 30 by
1306 442 38 23 my
1353 436 79 28 traffic,
1467 435 47 23 Yet
1523 442 50 16 now
1585 435 61 23 lam
1656 435 81 23 almost
1748 443 28 15 no
1783 440 65 27 party

1269 471 24 18 to
1303 475 43 23 any
1358 468 24 23 of
1397 468 63 23 these
1478 467 85 33 things.
1599 468 96 23 Custom
1711 468 53 23 does
1785 470 18 21 it
1814 469 34 23 for

1270 507 42 21 me,
1325 501 62 29 gives
1398 508 37 16 me
1446 508 29 16 no
1491 508 75 23 power
1586 501 130 28 therefrom,
1735 501 44 23 and
1791 508 55 16 runs

1271 540 35 15 me
1317 533 23 22 in
1353 533 51 23 debt
1415 538 24 18 to
1455 533 61 24 boot.
1551 533 44 23 We
1613 533 71 31 spend
1695 541 42 16 our
1748 535 99 22 incomes

1270 564 34 24 for
1315 566 63 29 paint
1397 566 44 23 and
1458 574 75 23 paper,
1552 566 35 23 for
1600 574 12 16 a
1624 566 102 24 hundred
1744 567 78 28 trifles,
1834 566 13 24 I

1271 597 66 24 know
1349 604 38 17 not
1403 599 67 28 what,
1489 599 44 22 and
1545 604 38 17 not
1602 599 36 23 for
1648 599 38 23 the
1707 599 76 30 things
1796 599 25 23 of
1834 607 14 15 a

1271 637 59 16 man.
1373 631 50 23 Our
1442 639 96 22 expense
1556 632 20 22 is
1596 632 81 22 almost
1694 631 30 23 all
1742 632 34 23 for
1794 640 54 15 con-

1270 662 100 32 formity.
1404 663 25 24 It
1439 665 19 22 is
1475 663 34 23 for
1520 663 55 24 cake
1587 665 49 22 that
1648 672 31 15 we
1690 672 43 15 run
1745 665 23 22 in
1780 665 52 22 debt
1840 674 6 19 ;

1271 695 37 23 'tis
1320 701 39 18 not
1371 696 36 24 the
1417 696 106 28 intellect,
1533 701 40 18 not
1581 697 38 22 the
1628 698 72 27 heart,
1711 702 39 18 not
1758 697 89 31 beauty,

1271 733 40 18 not
1321 729 104 31 worship,
1439 729 47 23 that
1496 734 60 18 costs
1563 736 26 16 so
1601 729 75 23 much.
1712 729 61 30 Why
1782 731 66 22 needs

1271 768 43 23 any
1324 769 52 16 man
1384 762 29 23 be
1425 762 47 23 rich
1479 762 9 23 ?
1523 761 61 31 Why
1593 768 61 17 must
1661 762 27 23 he
1698 762 56 23 have
1763 762 84 29 horses,

1271 794 43 22 and
1325 794 45 23 fine
1380 799 121 26 garments,
1514 794 44 23 and
1570 794 122 24 handsome
1700 800 145 25 apartments,

1272 827 42 22 and
1333 835 75 15 access
1430 832 21 19 to
1468 827 75 31 public
1561 827 89 29 houses,
1673 828 43 22 and
1735 827 75 31 places
1828 829 24 22 of

1271 861 155 23 amusement?
1473 860 60 31 Only
1554 861 36 22 for
1612 865 60 18 want
1693 860 25 23 of
1745 861 102 30 thought.

1273 891 64 24 Once
1349 893 78 23 waken
1439 895 25 21 in
1476 893 45 23 him
1533 901 13 16 a
1556 893 74 23 divine
1642 893 103 31 thought,
1765 894 43 23 and
1820 895 27 22 he

1271 925 53 23 flees
1336 926 46 22 into
1394 935 14 13 a
1418 926 92 30 solitary
1523 926 83 31 garden
1624 934 25 15 or
1660 931 75 26 garret
1749 931 22 18 to
1784 928 65 30 enjoy

1271 958 24 28 it,
1309 959 43 22 and
1363 959 20 22 is
1394 959 73 23 richer
1479 959 51 23 with
1549 959 49 23 that
1610 959 74 23 dream
1697 959 55 23 than
1763 959 38 24 the
1813 960 33 23 fee

1272 990 25 23 of
1314 999 13 14 a
1338 997 94 25 country
1443 992 64 23 could
1528 992 66 23 make
1613 992 55 23 him.
1704 992 47 23 But
1768 999 32 17 we
1813 1000 36 15 are

1271 1023 50 23 first
1333 1023 139 31 thoughless,
1485 1025 45 23 and
1540 1024 54 24 then
1605 1025 47 23 find
1664 1032 31 16 we
1707 1033 38 15 are
1756 1033 92 23 money-

1271 1055 53 24 less.
1361 1056 42 24 We
1415 1065 37 15 are
1464 1057 49 23 first
1525 1058 90 23 sensual
1626 1058 45 23 and
1682 1058 52 23 then
1754 1063 61 18 must
1824 1059 26 22 be

1271 1089 56 23 rich.
1364 1089 41 23 We
1418 1091 52 21 dare
1486 1095 40 17 not
1537 1095 59 18 trust
1607 1097 40 16 our
1658 1091 39 22 wit
1707 1091 34 23 for
1758 1091 93 30 making

1272 1129 40 16 our
1322 1122 70 23 house
1405 1122 100 31 pleasant
1518 1126 20 19 to
1552 1131 13 14 a
1576 1122 81 29 friend,
1669 1122 45 23 and
1725 1131 25 15 so
1763 1131 31 15 we
1805 1123 45 31 buy

1272 1155 141 24 ice-creams.
1456 1155 37 23 He
1515 1155 19 23 is
1552 1155 142 23 accustomed
1712 1161 23 18 to
1756 1161 93 26 carpets,

1272 1187 44 23 and
1326 1195 33 16 we
1370 1188 54 23 have
1436 1189 111 22 sufficient
1565 1188 114 23 character
1697 1194 22 17 to
1731 1194 41 25 put
1782 1190 68 22 floor-

1273 1220 72 23 cloths
1358 1225 38 19 out
1407 1221 25 23 of
1448 1222 34 22 his
1494 1220 62 24 mind
1567 1222 75 22 whilst
1655 1222 29 22 he
1695 1226 63 26 stays
1777 1223 24 22 in
1814 1222 36 23 the

1272 1253 78 29 house,
1370 1254 40 23 and
1430 1262 25 15 so
1467 1262 31 15 we
1510 1255 44 29 pile
1567 1254 37 23 the
1615 1255 57 22 floor
1684 1255 53 22 with
1755 1260 93 26 carpets.

1274 1286 45 23 Let
1329 1286 39 23 the
1375 1287 69 23 house
1455 1286 74 24 rather
1537 1288 28 22 be
1573 1295 13 15 a
1595 1288 83 29 temple
1688 1288 24 22 of
1721 1288 38 22 the
1769 1288 81 22 Furies

1273 1319 24 23 of
1314 1319 156 29 Lacedamon,
1491 1319 131 23 formidable
1641 1320 45 23 and
1702 1320 54 30 holy
1768 1326 22 17 to
1812 1321 36 29 all,

1272 1352 73 23 which
1363 1360 57 16 none
1441 1353 40 22 but
1493 1360 12 15 a
1524 1353 97 30 Spartan
1639 1361 51 22 may
1709 1357 62 19 enter
1791 1361 25 15 or
1827 1361 24 15 so

1272 1385 67 23 mnch
1351 1393 24 15 as
1386 1385 90 24 behold.
1511 1385 34 23 As
1558 1393 55 16 soon
1631 1394 24 14 as
1669 1386 62 23 there
1752 1387 19 22 is
1784 1387 62 28 faith,

1273 1425 25 15 as
1326 1425 56 16 soon
1404 1426 24 15 as
1450 1418 62 23 there
1535 1419 19 22 is
1577 1419 92 30 society,
1699 1419 87 23 comfits
1809 1420 43 23 and

1272 1451 106 23 cushions
1391 1451 43 23 will
1448 1451 26 23 be
1485 1451 41 23 left
1537 1456 22 18 to
1571 1451 82 24 slaves.
1690 1451 107 32 Expense
1807 1452 43 24 will

1272 1483 28 24 be
1311 1484 113 23 inventive
1435 1484 43 23 and
1496 1484 83 23 heroic.
1615 1484 43 23 We
1671 1484 57 24 shall
1741 1490 36 17 eat
1797 1485 55 24 hard

1272 1517 44 22 and
1327 1516 29 24 lie
1368 1517 63 28 hard,
1450 1525 32 15 we
1494 1517 57 23 shall
1563 1517 64 23 dwell
1648 1517 46 23 like
1715 1518 37 22 the
1765 1518 87 24 ancient

1272 1549 103 24 Romans
1382 1550 23 23 in
1413 1557 86 16 narrow
1507 1555 132 24 tenements,
1649 1550 74 23 whilst
1731 1558 40 16 our
1778 1551 74 30 public

1272 1582 98 29 edifices,
1389 1583 46 23 like
1446 1583 76 28 theirs,
1543 1583 45 23 will
1606 1584 27 22 be
1645 1584 86 29 worthy
1742 1584 35 22 for
1796 1584 57 24 their

1272 1617 129 29 proportion
1413 1617 25 22 of
1453 1617 37 22 the
1507 1616 120 31 landscape
1647 1617 24 22 in
1684 1616 72 23 which
1768 1624 33 16 we
1817 1622 35 18 set

1272 1648 68 29 them,
1352 1649 36 23 for
1399 1650 161 27 conversation,
1573 1649 35 23 for
1618 1653 42 25 art,
1678 1650 35 22 for
1725 1650 79 29 music,
1816 1650 36 23 for

1276 1682 106 31 worship.
1417 1682 43 24 We
1468 1683 57 22 shall
1534 1683 27 22 be
1571 1683 49 22 rich
1629 1688 23 17 to
1659 1688 64 25 great
1731 1690 108 24 purposes
1845 1692 7 20 ;

1273 1722 56 21 poor
1345 1716 54 30 only
1409 1716 36 22 for
1464 1715 76 24 selfish
1557 1723 63 16 ones.
1656 1716 56 23 Now
1725 1716 59 23 whut
1801 1716 52 30 help

1272 1748 35 22 for
1319 1748 61 23 these
1393 1748 55 23 evils
1457 1749 10 23 ?
1503 1749 59 23 How
1574 1756 42 15 can
1631 1749 39 22 the
1687 1757 53 15 man
1751 1749 49 23 who
1813 1749 40 23 has

1272 1780 90 24 learned
1380 1781 40 23 but
1431 1789 43 15 one
1491 1786 35 18 art
1544 1789 94 24 procure
1650 1782 31 23 all
1698 1782 37 22 the
1747 1782 106 23 conveni-

1272 1821 66 16 ences
1351 1815 24 22 of
1390 1814 38 23 life
1439 1815 105 30 honestly
1551 1815 10 23 ?
1597 1815 65 23 Shall
1681 1823 33 16 we
1726 1823 40 23 say
1779 1815 31 23 all
1820 1822 33 16 we

1272 1846 66 24 think
1347 1848 9 23 ?
1392 1847 101 31 Perhaps
1506 1848 53 24 with
1575 1848 37 23 his
1629 1855 48 16 own
1688 1848 69 24 hand.
1792 1848 61 31 Sup-

1271 1887 55 23 pose
1337 1879 29 24 he
1378 1880 90 24 collects
1480 1888 24 16 or
1516 1880 79 24 makes
1606 1881 63 23 them
1678 1881 25 23 ill
1709 1890 6 19 ;
1728 1886 40 26 yet
1775 1880 29 24 he
1812 1881 41 24 has

1271 1917 40 25 got
1322 1912 59 25 their
1398 1913 82 24 lesson.
1516 1913 24 24 If
1554 1914 31 23 he
1596 1922 42 15 can
1657 1914 27 23 do
1705 1914 48 23 that
1754 1926 33 5 —
1787 1914 67 23 Then

1270 1945 98 32 perhaps
1376 1946 29 23 he
1416 1954 42 16 can
1466 1954 29 23 go
1502 1946 101 24 without.
1639 1946 115 24 Immense
1762 1947 92 23 wisdom

1272 1978 44 23 and
1335 1978 73 23 riches
1429 1986 37 15 are
1483 1980 25 21 in
1526 1979 56 23 that.
1618 1978 25 23 It
1661 1979 20 23 is
1699 1979 74 23 better
1789 1984 24 18 to
1824 1987 29 23 go

1271 2011 101 28 without,
1385 2011 53 23 than
1450 2016 22 18 to
1483 2011 57 24 have
1550 2011 61 24 them
1622 2017 23 18 at
1652 2015 37 20 too
1700 2017 64 25 great
1775 2020 12 15 a
1795 2017 57 19 cost.

1272 2044 45 23 Let
1330 2051 26 16 us
1367 2044 62 23 learn
1440 2044 38 23 the
1490 2045 106 30 meaning
1606 2045 26 23 of
1640 2052 116 24 economy.
1791 2045 62 24 Eco-

1272 2084 67 24 nomy
1351 2078 19 22 is
1382 2086 14 14 a
1405 2078 64 29 high,
1486 2078 97 22 humane
1596 2078 71 28 office,
1688 2086 14 15 a
1712 2083 135 23 sacrament,

1273 2111 65 22 when
1345 2111 31 22 its
1385 2111 43 22 aim
1440 2111 20 22 if
1467 2111 71 31 grand
1546 2120 5 19 ;
1565 2111 65 23 when
1637 2111 18 22 it
1666 2112 20 22 is
1695 2111 37 23 the
1742 2111 111 30 prudence

1273 2144 24 22 of
1308 2143 80 32 simple
1401 2148 75 25 tastes,
1490 2144 62 22 when
1565 2145 18 21 it
1594 2144 19 22 is
1625 2144 113 31 practised
1748 2144 36 23 for
1793 2144 60 24 free-

1273 2177 59 28 dom,
1345 2184 25 15 or
1381 2177 49 23 love
1441 2177 26 23 of
1476 2177 111 24 devotion.
1624 2177 73 23 Much
1707 2177 25 23 of
1742 2177 38 24 the
1789 2185 63 16 cere-

1274 2218 66 23 mony
1352 2210 72 22 which
1435 2218 32 15 we
1489 2218 36 15 see
1542 2211 24 23 in
1585 2210 83 24 houses
1688 2211 19 23 is
1726 2210 26 24 of
1768 2218 14 16 a
1799 2211 54 23 base

1274 2244 78 29 origin,
1366 2243 43 22 and
1417 2245 19 21 is
1446 2244 49 22 best
1504 2243 54 31 kept
1569 2248 39 18 out
1616 2244 25 22 of
1649 2243 70 31 sight.
1749 2243 102 24 Parched

1274 2284 52 15 corn
1339 2281 64 18 eaten
1420 2276 78 31 to-day
1509 2277 49 23 that
1569 2277 13 23 I
1599 2285 52 22 may
1663 2277 55 23 have
1730 2281 61 19 roast
1802 2277 52 23 fowl

1274 2314 22 18 to
1308 2318 37 22 my
1357 2309 79 24 dinner
1453 2318 28 15 on
1499 2309 93 31 Sunday
1603 2311 20 22 is
1641 2318 13 15 a
1669 2310 107 23 baseness
1787 2319 6 19 ;
1814 2310 40 23 but

1274 2343 96 31 parched
1383 2350 52 16 corn
1447 2342 44 24 and
1502 2351 13 14 a
1525 2342 70 24 house
1603 2343 54 23 with
1665 2351 41 15 one
1718 2347 133 26 apartment,

1274 2376 48 23 that
1334 2375 11 24 I
1356 2384 50 22 may
1414 2376 26 22 be
1449 2375 47 24 free
1505 2376 25 23 of
1539 2376 29 23 all
1575 2376 167 30 perturbations
1749 2377 26 22 of
1785 2376 68 29 mind,

1274 2409 49 23 that
1335 2409 12 23 I
1365 2417 50 22 may
1428 2410 27 22 be
1467 2417 77 15 serene
1560 2409 44 23 and
1617 2408 71 25 docile
1706 2413 23 19 to
1741 2409 58 23 what
1817 2410 37 22 the

1275 2442 53 23 God
1339 2442 57 24 shall
1408 2441 77 31 speak,
1504 2443 43 22 and
1558 2443 46 29 girt
1615 2443 44 22 and
1674 2442 135 31 road-ready
1820 2443 34 22 for

1275 2476 37 23 the
1324 2475 79 24 lowest
1413 2476 93 23 mission
1518 2480 23 19 ot
1554 2475 131 31 knowledge
1697 2483 24 16 or
1733 2475 58 31 good
1800 2476 53 28 will,

1274 2509 20 23 is
1307 2509 106 29 frugality
1424 2509 35 23 for
1471 2508 55 30 gods
1539 2509 43 23 and
1594 2509 88 23 heroes.

1309 2542 49 23 Our
1371 2549 81 16 excuse
1470 2542 35 23 for
1517 2542 38 23 the
1571 2542 117 31 following
1698 2542 55 30 long
1765 2546 89 19 extract

1274 2579 62 19 must
1345 2575 29 23 be
1387 2575 67 23 found
1463 2575 22 23 in
1495 2575 37 23 the
1544 2576 139 30 importance
1690 2575 25 23 of
1723 2575 38 23 the
1771 2579 83 19 matter

1276 2608 118 22 contained
1406 2608 22 22 in
1440 2608 18 22 it
1467 2617 5 13 :
1475 2620 33 4 —

1310 2642 16 11 *'
1334 2641 50 23 The
1403 2641 132 23 Americans
1552 2641 57 23 have
1622 2649 68 23 many
1709 2641 92 28 virtues,
1814 2641 42 23 but

1276 2674 52 31 they
1340 2674 57 23 have
1410 2679 36 18 not
1465 2674 68 23 Faith
1545 2674 44 23 and
1602 2674 76 32 Hope.
1715 2674 12 23 I
1748 2674 66 23 know
1827 2683 28 14 no

1276 2712 42 19 two
1330 2707 73 23 words
1423 2707 74 23 whose
1516 2709 106 30 meaning
1632 2708 20 22 is
1664 2714 62 17 more
1739 2707 44 23 lost
1794 2707 62 31 sight

1276 2740 30 24 of.
1342 2740 43 23 We
1398 2749 38 15 use
1448 2740 63 24 these
1522 2740 72 24 words
1614 2749 25 15 as
1657 2740 21 23 if
1695 2740 54 31 they
1761 2748 58 15 were
1831 2749 25 14 as

1277 2774 98 23 obsolete
1389 2782 24 15 as
1431 2773 69 24 Selah
1521 2774 44 23 and
1584 2774 75 23 Amen
1670 2782 6 20 ;
1697 2772 43 24 and
1752 2778 38 25 yet
1802 2773 55 31 they

1277 2807 56 23 have
1356 2806 37 24 the
1417 2807 102 23 broadest
1540 2808 107 30 meaning
1666 2806 43 24 and
1733 2806 39 23 the
1795 2812 60 18 most

1277 2844 80 27 cogent
1368 2840 135 31 application
1515 2845 21 19 to
1555 2840 88 24 Boston
1653 2841 25 22 in
1696 2841 71 22 1842.
1805 2840 50 22 The

1276 2873 134 24 Americans
1429 2873 57 23 have
1498 2881 28 15 no
1544 2873 59 23 faith
1613 2883 5 18 ;
1639 2873 53 30 they
1702 2873 50 30 rely
1770 2880 28 16 on
1817 2873 37 22 the

1276 2914 75 24 power
1361 2906 26 24 of
1403 2914 13 15 a
1427 2906 84 28 dollar;
1531 2906 53 30 they
1596 2914 38 15 are
1653 2906 52 23 deaf
1721 2911 22 17 to
1756 2914 13 14 a
1785 2906 69 22 senti-

1277 2944 68 19 ment.
1382 2939 66 31 They
1465 2939 66 23 think
1542 2946 45 23 you
1608 2946 50 24 may
1671 2939 48 23 talk
1738 2939 38 22 the
1789 2939 66 22 north

1277 2973 59 23 wind
1349 2972 63 23 down
1424 2980 25 15 as
1460 2972 71 30 easily
1542 2980 26 15 as
1581 2972 60 23 raise
1652 2972 84 29 society
1746 2980 6 14 :
1771 2972 43 22 and
1827 2979 28 15 no

1277 3006 59 23 class
1358 3013 62 16 more
1441 3005 101 24 faithless
1565 3005 55 23 than
1643 3005 38 22 the
1704 3004 101 23 scholars
1828 3012 25 15 or

1277 3039 138 23 intellectual
1426 3046 60 16 men.
1522 3038 65 29 Now,
1600 3038 20 22 if
1627 3038 13 22 I
1653 3038 49 23 talk
1713 3036 53 24 with
1779 3045 13 15 a
1803 3037 50 23 sin-

1277 3080 49 15 cere
1344 3072 53 23 wise
1416 3077 52 18 man
1480 3071 43 24 and
1542 3079 38 22 my
1592 3070 80 29 friend,
1688 3071 57 23 with
1764 3079 13 15 a
1794 3075 60 26 poet,

1277 3104 53 24 with
1340 3113 14 15 a
1365 3105 165 23 conscientious
1542 3104 71 31 youth
1625 3104 49 23 who
1693 3104 20 23 is
1726 3103 46 24 still
1785 3103 71 24 under

1277 3138 37 24 the
1327 3139 113 22 dominion
1453 3137 25 24 of
1493 3137 35 24 his
1540 3145 49 16 own
1608 3137 50 23 wild
1678 3137 116 31 thoughts,
1812 3137 44 23 and

1277 3176 38 19 not
1325 3175 39 26 yet
1385 3171 122 23 harnessed
1516 3172 24 22 in
1563 3170 36 24 the
1613 3175 58 19 team
1693 3170 25 23 of
1735 3171 85 30 society
1834 3175 21 18 to

1278 3205 55 29 drag
1351 3204 53 24 with
1416 3212 26 15 us
1455 3204 31 23 all
1497 3205 23 22 in
1531 3204 37 24 the
1584 3208 49 19 ruts
1645 3203 24 24 of
1685 3207 95 25 custom,
1793 3203 13 23 1
1818 3211 38 15 see

1278 3242 22 19 at
1311 3244 55 16 once
1385 3237 50 24 how
1448 3237 75 31 paltry
1533 3238 20 22 is
1573 3237 29 24 all
1620 3236 44 24 this
1685 3238 131 30 generation
1834 3236 25 23 of

1278 3270 147 29 unbelievers,
1438 3271 43 23 and
1494 3271 58 23 what
1568 3278 12 16 a
1599 3269 70 24 house
1681 3270 26 23 of
1722 3269 63 24 cards
1798 3269 57 23 their

1277 3304 139 24 institutions
1436 3311 45 21 are,
1495 3304 42 23 and
1560 3303 13 24 I
1592 3311 38 15 see
1647 3302 59 24 what
1727 3310 42 15 one
1787 3302 68 23 brave

1278 3344 50 17 man
1330 3349 32 4 —
1363 3336 59 24 what
1433 3344 41 16 one
1483 3342 64 25 great
1558 3336 98 31 thought
1664 3335 109 24 executed
1783 3335 72 31 might

1278 3370 72 24 effect.
1386 3369 13 24 I
1411 3377 36 16 see
1466 3370 50 23 that
1527 3370 38 23 the
1577 3377 80 16 reason
1669 3368 25 23 of
1705 3368 38 23 the
1762 3368 94 23 distrust

1278 3403 24 24 of
1319 3402 39 23 the
1368 3403 107 30 practical
1493 3410 50 16 man
1560 3403 24 22 in
1596 3402 31 23 all
1638 3401 88 30 theory,
1738 3402 20 22 is
1770 3401 36 23 his
1818 3401 36 23 in-

1278 3436 76 30 ability
1372 3440 23 19 to
1415 3436 101 30 perceive
1538 3435 38 23 the
1597 3442 78 16 means
1697 3434 106 30 whereby
1822 3441 33 16 we

1279 3468 68 25 work.
1384 3468 74 29 Look,
1468 3468 29 24 he
1509 3474 59 25 says;
1576 3471 22 19 at
1607 3468 38 22 the
1655 3468 58 22 tools
1721 3466 54 24 with
1782 3466 71 24 which

1279 3502 42 24 this
1340 3501 75 23 world,
1420 3502 25 23 of
1460 3509 68 23 yours
1549 3502 19 22 is
1587 3505 23 18 to
1626 3501 29 22 be
1674 3500 65 23 built,
1775 3500 36 23 As
1822 3508 33 15 we

1278 3538 80 21 cannot
1369 3534 67 24 make
1443 3543 14 15 a
1464 3535 83 30 planet,
1553 3534 53 23 with
1616 3533 151 31 atmosphere,
1775 3534 78 28 rivers,

1278 3568 43 24 and
1331 3568 91 28 forests,
1433 3568 30 30 by
1476 3575 76 16 means
1560 3567 24 23 of
1591 3567 38 23 the
1637 3567 53 22 best
1700 3567 154 30 carpennters'

1278 3609 24 16 or
1314 3601 125 30 engineers'
1451 3601 66 27 tools,
1528 3600 54 23 with
1599 3599 119 23 chemist's
1729 3599 126 30 laboratory

1278 3634 42 24 and
1332 3633 90 23 smith's
1432 3633 63 31 forge
1507 3638 23 18 to
1551 3633 60 29 boot,
1624 3640 25 15 so
1667 3632 89 23 neither
1770 3640 42 15 can
1824 3640 31 15 we

1278 3674 50 17 ever
1340 3671 115 19 construct
1464 3666 48 24 that
1523 3666 108 30 heavenly
1645 3666 85 30 society
1739 3673 43 22 you
1792 3670 65 26 prate

1278 3700 24 23 of
1308 3704 41 19 out
1360 3699 24 23 of
1394 3699 89 28 foolish,
1491 3699 58 28 sick,
1558 3699 78 23 selfish
1645 3706 52 16 men
1709 3699 43 23 and
1761 3706 95 22 women,

1278 3732 55 24 such
1345 3739 25 16 as
1380 3739 34 16 we
1426 3732 66 23 know
1504 3732 61 23 them
1585 3736 22 19 to
1624 3732 38 23 be.
1698 3732 48 23 But
1763 3731 39 24 the
1815 3732 42 23 be-

1277 3766 81 23 lievers
1369 3769 40 19 not
1425 3765 51 31 only
1489 3765 95 23 beholds
1597 3765 36 23 his
1645 3765 73 23 haven
1731 3769 21 19 to
1763 3763 30 25 be
1804 3772 53 23 pos-

1278 3798 64 28 sible,
1354 3798 42 22 but
1414 3797 90 32 already
1515 3802 23 19 to
1556 3798 68 31 begin
1634 3801 25 20 t6
1674 3798 58 23 exis.
1735 3809 31 5 —
1766 3797 42 23 but
1819 3802 39 18 not

1277 3832 29 30 by
1317 3830 39 24 the
1373 3838 51 16 men
1437 3838 25 16 or
1474 3831 113 23 materials
1606 3829 38 25 the
1659 3834 123 20 statesman
1796 3837 61 20 uses,

1276 3864 41 24 but
1336 3863 31 30 by
1384 3871 53 16 men
1455 3863 149 31 transfigured
1627 3863 44 24 and
1693 3862 76 25 raised
1785 3861 72 24 above

1277 3896 136 25 themselves
1430 3896 30 30 by
1471 3895 39 23 the
1521 3903 73 24 power
1613 3896 27 23 of
1655 3894 132 33 principles.
1822 3894 37 24 To:

1276 3929 122 31 principles
1422 3928 127 30 something
1577 3928 46 23 els«
1646 3929 21 21 is
1687 3927 101 31 possible
1810 3927 49 24 that

95 3263 97 26 Wheel
220 3266 121 24 Coulter
365 3273 51 17 for
441 3266 120 24 Ploughs
585 3274 55 18 and

68 3294 151 29 Scarifiers.
231 3312 34 4 —
276 3299 33 23 At
331 3299 38 24 the
390 3300 44 23 end
457 3300 25 23 of
503 3308 14 15 a
535 3308 104 17 common

69 3329 83 31 coulter,
161 3332 88 24 instead
258 3333 25 23 of
288 3333 29 23 its
323 3332 68 31 being
397 3333 101 32 pointed,
506 3334 20 22 is
535 3334 104 24 attached

69 3368 11 14 a
88 3363 89 25 circular
197 3365 79 30 wheel,
293 3366 59 23 from
371 3366 49 23 four
432 3371 23 18 to
466 3367 37 23 six
519 3367 80 23 inches
615 3368 24 23 in

69 3392 104 29 diameter.
209 3398 23 24 It
243 3400 20 22 is
275 3399 63 23 made
351 3399 24 23 of
383 3400 58 29 iron,
449 3400 42 24 hut
498 3400 36 23 the
544 3400 96 24 circular

70 3433 8 14 e
79 3426 37 31 dge
128 3429 18 23 is
157 3431 75 31 tipped
244 3431 35 24 for
291 3432 47 23 half
348 3440 29 15 an
387 3433 55 22 inch
455 3433 52 23 with
519 3433 64 29 steel,
596 3434 44 23 and

69 3461 55 23 Wade
135 3464 106 31 perfectly
255 3465 66 30 sharp
330 3473 25 15 as
368 3473 12 15 a
390 3465 72 25 knife.
498 3466 35 24 Its
544 3467 97 23 circular

70 3490 55 33 form,
147 3495 49 25 first
219 3497 23 23 of
263 3497 38 29 all,
324 3498 116 30 depresses
463 3499 38 23 the
523 3500 117 30 vegetable

70 3524 63 26 which
144 3529 19 23 is
174 3535 77 18 meant
268 3535 23 18 to
302 3530 28 24 be
342 3532 79 23 turned
436 3532 25 23 in
472 3532 30 31 by
514 3533 37 23 the
563 3534 78 23 breast

71 3556 20 23 of
100 3558 34 24 the
148 3562 91 32 plough,
253 3563 43 23 and
308 3563 37 24 the
357 3563 56 32 edge
424 3569 50 19 cuts
487 3567 18 22 it
515 3574 23 15 as
551 3574 14 15 a
577 3566 62 24 knife

72 3592 69 24 would.
177 3595 37 24 Of
221 3603 79 18 course
310 3597 18 22 it
339 3602 81 18 cannot
432 3598 27 23 be
470 3599 55 23 used
537 3600 24 22 in
573 3604 67 26 stony

71 3619 51 34 land,
134 3635 32 18 or,
171 3635 53 24 very
234 3629 57 23 hard
301 3629 70 31 clays,
382 3629 41 24 but
435 3631 25 23 in
470 3631 76 24 mixed
558 3632 55 23 soils
622 3634 19 22 it

71 3659 17 17 *s
105 3663 25 17 an
148 3661 108 24 excellent
274 3662 137 32 implement.
448 3663 50 24 The
522 3664 119 33 Company

72 3686 71 27 should
152 3694 56 23 send
220 3699 38 19 out
268 3703 14 15 a
294 3695 79 31 couple
385 3695 24 23 of
427 3695 61 25 them
501 3701 21 19 to
541 3699 61 26 each,
617 3699 25 23 of

72 3718 50 26 their
133 3725 137 26 settlements
282 3736 5 16 :
305 3728 38 23 the
352 3732 49 19 cost
408 3729 26 22 of
442 3729 61 24 them
512 3737 40 17 can
560 3731 81 32 hardly

73 3756 72 23 exceed
167 3760 49 23 10s.
237 3761 64 23 each.
336 3761 52 23 One
408 3762 26 22 of
451 3762 38 24 the
511 3763 128 31 Directors,

70 3784 57 28 .^wd
139 3789 73 31 Petre,
225 3799 41 17 can
284 3801 95 23 procure
390 3794 61 24 them
468 3796 93 24 without
579 3797 60 25 diffi-

73 3817 60 32 culty.
167 3822 50 25 The
228 3826 58 23 tines
298 3826 25 24 of
331 3827 113 24 scarifiers
456 3828 81 24 should
548 3830 28 23 be
589 3835 52 19 sent

72 3851 19 19 to
101 3858 62 26 every
174 3857 135 30 settlement,
321 3859 40 24 but
380 3868 23 15 as
416 3860 39 23 the
472 3863 83 23 second
573 3864 67 30 angle

72 3883 89 29 depends
171 3896 61 23 upon
242 3890 139 32 the'handle,
392 3901 14 15 a
416 3894 110 31 complete
538 3897 103 23 scarifier

61 3918 67 21 ,nould
147 3919 25 23 be
195 3929 11 15 sents
217 3927 38 18 ent
267 3928 23 19 to
303 3924 139 32 Wellington
463 3935 26 14 as
507 3936 13 15 a
532 3929 74 23 model
616 3934 24 19 to

702 3928 50 24 The
764 3928 61 31 -duty
835 3929 48 24 that
904 3937 67 22 every
989 3937 52 16 man
1058 3930 83 24 should
1158 3938 90 17 assume

777 3870 360 25 MISCELLANEOUS.

560 54 98 45 2TIK
682 54 119 42 W*to
828 54 211 42 jSiaf&tto
1063 55 189 46 <sra?ettc
1277 55 91 39 attt>
1392 54 298 46 WltUimton
1714 52 250 49 gtpmatoi.

58 146 41 22 has
107 144 58 23 been
177 142 92 24 covered
281 142 29 31 by
322 150 14 16 a
354 143 72 23 forest
437 143 25 23 of
482 147 151 26 spontaneous

56 176 96 32 growth.
199 175 91 31 During
308 175 37 23 the
360 175 45 24 last
423 175 49 24 four
481 176 92 23 months
585 174 47 24 Mr.

58 209 59 25 Hull
129 207 40 24 has
181 207 42 23 has
234 207 102 31 shipped,
349 207 49 24 sold
410 208 43 23 and
463 207 127 25 contracted
601 207 34 23 for

97 244 95 21 amount
204 240 26 23 of
241 240 59 23 bark
312 240 78 31 nearly
398 241 67 30 equal
473 246 23 18 to
509 240 37 23 the
564 240 71 23 whole

58 273 108 33 exported
180 274 26 22 in
225 274 63 22 1842
298 282 5 20 ;
323 273 45 23 and
385 274 36 22 for
436 273 52 28 this,
507 280 33 16 we
550 273 84 23 under-

58 307 73 27 stand,
143 306 29 23 he
185 306 41 23 has
236 306 105 23 incurred
352 313 30 16 an
397 306 77 30 outlay
492 306 25 23 of
531 306 104 30 upwards

58 341 26 23 of
97 340 105 27 £1,200.
248 338 71 24 What
332 340 20 22 is
371 339 89 30 equally
471 343 23 19 to
504 339 37 22 his
557 338 77 29 credit,

58 374 28 23 he
97 373 41 22 has
148 371 98 23 afforded
257 372 161 29 employment,
433 372 82 29 during
524 371 38 28 the
574 379 61 15 same

58 404 84 33 period,
155 408 23 19 to
190 411 61 16 more
262 411 93 24 persons
374 404 54 23 than
446 413 45 22 any
509 404 64 23 other
593 409 43 18 two

58 437 183 25 establishments
268 438 25 22 in
314 437 146 24 Melbourne.
508 437 127 30 Formerly,

126 477 45 16 was
189 470 94 30 shipped
301 477 24 16 as
345 470 114 30 dunnage.
505 470 49 23 Mr.
577 469 59 24 Hull

57 510 50 17 now
118 502 72 32 packs
202 503 19 23 it
231 503 24 23 in
267 503 143 30 compressed
427 503 70 28 bales,
515 503 121 30 averaging

58 536 93 24 dOOlbs.
165 536 56 23 each
231 544 6 20 ;
256 536 80 28 which,
357 535 110 31 although
485 540 41 18 not
537 536 63 30 quite
612 543 24 16 so

57 569 135 23 convenient
202 568 35 23 for
248 573 97 26 stowage
365 576 25 15 as
411 568 64 23 when
495 567 97 32 shipped
613 569 23 23 in

57 602 37 24 the
106 601 37 24 old
154 609 58 21 way,
224 605 37 25 yet
270 601 65 24 tends
347 606 22 18 to
381 608 103 23 preserve
492 601 25 22 in
526 609 14 15 a
548 606 88 25 greater

58 636 81 29 degree
150 634 39 23 th.j
201 634 103 23 valuable
315 634 125 31 properties
453 634 23 22 of
486 634 38 22 the
535 634 66 24 bark.
604 647 32 4 —

56 667 60 25 Ibid.

89 700 59 24 Dry
166 700 95 23 Docks.
265 712 33 4 —
298 700 23 22 A
332 700 39 31 dry
386 699 58 23 dock
455 699 34 23 for
502 699 39 23 the
555 707 80 24 recep-

58 734 46 23 tion
126 733 24 23 of
172 732 74 23 vcsels
264 733 97 29 needing
379 733 85 30 repairs
477 732 20 22 is
508 733 25 22 in
545 740 91 22 process

59 767 24 23 of
107 766 124 22 formation
253 773 28 15 on
304 765 38 23 the
363 765 74 23 South
460 764 62 24 bank
546 766 24 22 of
597 766 38 22 the

58 799 82 28 Yarra,
153 807 13 14 a
176 799 59 22 little
253 798 70 23 above
340 797 37 23 the
396 798 121 23 tanneries.
555 799 81 22 Some-

60 833 63 28 thing
135 831 26 23 of
176 831 45 22 this
233 830 56 24 kind
301 830 41 23 has
353 830 55 31 long
420 831 56 22 been
486 830 94 29 needed,
592 831 44 23 and

58 864 108 30 although
187 871 41 15 our
248 863 106 31 shipping
383 863 63 23 trade
474 863 41 24 has
546 864 90 30 wofully

59 896 143 28 diminished,
226 900 44 26 yet,
293 896 95 31 looking
407 896 95 23 forward
519 901 22 20 to
557 898 31 22 its
599 905 37 15 re-

34 952 7 9 „
58 931 66 28 vival,
137 938 33 14 we
180 934 81 18 cannot
272 928 41 24 but
324 929 64 23 deem
402 938 13 14 a
427 929 40 31 dry
479 929 59 24 dock
549 938 12 15 a
580 938 54 23 very

59 963 110 24 desirable
181 963 134 31 acquisition
324 966 21 19 to
358 970 42 15 our
412 963 142 24 commercial
569 971 67 23 capa-

59 997 91 23 bilities.
186 995 51 24 The
249 995 58 23 dock
319 1003 49 16 now
380 997 67 29 being
457 996 86 23 formed
555 997 20 23 is
589 999 47 21 120

59 1030 44 23 feet
114 1030 23 21 in
148 1028 88 31 length,
248 1029 43 22 and
303 1030 31 23 35
344 1029 23 22 in
380 1028 93 24 breadth
481 1037 5 20 ;
500 1030 29 22 its
538 1030 97 22 uniform

60 1062 68 31 depth
139 1066 23 18 at
173 1061 43 23 low
228 1066 67 18 water
305 1062 44 22 will
362 1062 28 22 be
404 1063 30 21 10
446 1062 52 23 feet.
547 1062 23 23 It
582 1063 19 21 is
613 1067 22 18 to

58 1096 28 23 be
98 1094 132 30 completely
241 1093 96 31 planked
349 1093 44 23 and
406 1095 97 22 boarded
514 1095 51 22 with
580 1095 56 23 New

58 1128 99 24 Zealand
168 1128 58 29 pine,
228 1139 32 4 —
261 1127 28 22 its
310 1131 106 18 entrance
435 1127 46 23 will
496 1128 28 22 be
543 1128 93 22 secured

58 1162 30 30 by
108 1160 86 30 folding
211 1164 70 26 gates,
301 1159 137 31 impervious
457 1164 22 18 to
497 1165 76 24 watei,
592 1161 44 22 and

58 1200 78 24 strong
145 1194 60 22 force
216 1200 80 23 pumps
309 1193 67 29 being
387 1192 107 30 provided
506 1197 68 19 water
585 1201 51 22 may

58 1229 27 22 be
96 1225 110 24 admitted
216 1234 25 15 or
253 1225 85 31 ejected
350 1230 23 18 at
386 1225 53 23 will.
441 1237 33 4 —
474 1224 61 24 Ibid.

91 1260 57 23 The
162 1259 198 23 Bushrangers.
362 1270 33 5 —
398 1257 149 24 Information
558 1259 78 23 reach-

60 1294 27 23 ed
107 1293 137 23 Melbourne
264 1300 29 15 on
316 1291 112 30 Saturday
446 1291 51 28 last,
521 1292 49 22 that
599 1291 37 23 the

60 1326 155 30 bushranging
226 1325 197 31 prison-breakers
435 1324 43 23 had
489 1325 82 29 passed
588 1324 47 24 Mr.

61 1359 129 24 Burchett's
202 1363 40 18 out
251 1359 80 22 station
345 1366 27 14 on
386 1357 37 23 the
431 1357 53 23 road
491 1362 23 18 to
528 1357 108 23 Portland

61 1393 47 29 Bay
121 1401 13 14 a
144 1391 42 24 few
199 1391 55 30 days
265 1392 69 27 since,
347 1390 45 23 and
402 1391 24 22 in
438 1390 67 23 about
517 1395 44 18 two
568 1391 68 23 hours

61 1426 54 23 after
133 1424 59 24 their
211 1424 68 29 doing
296 1432 24 15 so
339 1424 52 29 they
411 1430 56 16 were
486 1423 100 23 followed
608 1424 29 29 by

61 1458 61 31 eight
133 1457 107 24 mounted
249 1457 131 30 policemen,
394 1456 49 23 who
454 1456 68 30 being
535 1465 24 14 so
578 1457 58 23 close

62 1499 58 23 upon
133 1491 57 23 their
200 1490 71 29 track,
284 1490 56 22 have
353 1497 29 15 no
402 1490 69 22 doubt
490 1490 78 22 before
587 1498 49 14 now

62 1530 38 26 got
109 1524 38 23 the
158 1524 95 23 ruffians
262 1524 22 21 in
293 1523 46 22 safe
348 1522 103 30 custody.
455 1535 30 3 —
486 1521 61 24 Port
559 1522 77 31 Philip

65 1557 97 22 Gazette.

94 1590 69 23 Fish.
165 1601 34 5 —
199 1590 23 22 A
244 1590 101 29 quantity
365 1589 26 22 of
415 1589 46 22 fish
479 1589 40 22 has
538 1589 100 30 recently

64 1624 52 23 been
134 1622 99 31 brought
249 1623 57 22 from
328 1622 104 30 Geelong
450 1627 22 17 to
494 1621 143 30 Melbourne,

64 1656 69 23 which
144 1656 57 23 have
212 1656 54 22 been
279 1655 68 24 found
358 1659 23 19 to
400 1655 97 30 produce
514 1655 123 30 poisonous

65 1690 72 23 eiiects
148 1696 61 24 upon
221 1688 39 23 the
275 1688 134 23 individuals
427 1688 50 23 who
495 1687 57 24 have
573 1693 65 18 eaten

65 1723 88 22 thereof.
200 1721 110 23 Whether
320 1721 44 23 this
376 1721 72 23 arises
459 1721 58 23 from
529 1721 44 23 bad
583 1729 54 15 con-

65 1756 73 28 dition,
151 1756 74 29 owing
237 1759 22 18 to
268 1755 38 22 the
314 1755 97 23 weather
418 1754 44 23 and
469 1754 54 31 long
532 1754 105 31 keeping,

65 1797 22 14 or
98 1790 55 21 from
165 1796 62 15 some
240 1789 93 22 noxious
346 1787 86 31 quality
444 1789 25 22 in
479 1787 38 23 the
534 1787 52 28 fish,
605 1795 33 15 we

67 1830 33 16 are
111 1821 80 23 unable
204 1825 21 19 to
245 1821 110 23 ascertain
364 1830 6 19 ;
390 1820 41 23 but
451 1828 32 15 we
501 1820 67 23 know
589 1821 49 23 that

65 1855 79 23 similar
164 1855 77 22 effects
260 1862 55 15 were
336 1853 113 31 produced
473 1855 25 21 in
515 1861 123 16 numerous

65 1889 109 22 instances
195 1888 28 29 by
247 1887 44 23 fish
314 1887 109 30 procured
453 1887 56 23 from
531 1886 105 31 Geelong

66 1921 63 23 about
141 1929 12 14 a
164 1920 157 24 twelvemonth
333 1928 49 22 ago.
384 1933 34 3 —
418 1919 61 25 Ibid.

96 1958 47 23 The
155 1957 136 24 Melbourne
307 1957 80 24 Banks
406 1958 58 23 have
485 1957 95 23 reduced
599 1957 38 24 the

68 1996 40 18 rate
119 1992 24 22 of
159 1991 110 27 discount,
281 1991 57 22 from
350 1991 63 29 eight
427 1995 21 18 to
462 1996 35 17 ten
508 1998 41 22 per
568 1994 68 25 cent.,

67 2022 64 23 which
144 2022 79 24 makes
235 2031 80 22 money
335 2023 95 30 cheaper
447 2023 30 30 by
495 2027 83 26 twenty
599 2031 40 22 per

65 2060 54 18 cent,
134 2055 54 22 than
206 2055 113 29 formerly.
366 2056 59 22 This
444 2056 45 22 will
507 2056 29 23 be
555 2064 14 14 a
585 2064 54 22 very

63 2092 61 25 gieat
135 2088 85 23 benefit
230 2092 22 18 to
263 2088 36 23 the
315 2088 90 30 trading
423 2089 136 29 community
569 2097 6 19 ;
594 2089 45 23 and

64 2121 34 22 the
110 2120 118 24 Directors
241 2121 106 30 certainly
359 2120 92 25 deserve
463 2121 37 23 the
512 2121 84 23 thanks
616 2121 25 23 of

64 2154 34 22 the
110 2153 77 31 public
259 2153 36 24 the
315 2154 113 30 liberality
448 2153 52 31 they
516 2154 57 23 have
591 2154 47 23 dis-

63 2186 85 31 played.
197 2186 42 23 We
258 2194 37 15 are
313 2187 110 30 sincerely
441 2186 54 31 glad
513 2187 52 30 they
582 2187 57 23 have

65 2220 52 22 done
130 2220 51 27 this,
195 2219 43 23 and
251 2218 56 25 done
318 2220 18 22 it
347 2219 47 23 also
402 2220 24 23 in
437 2220 56 23 such
505 2228 13 15 a
530 2220 108 23 hansome

65 2260 88 16 manner
162 2261 6 19 ;
180 2252 52 30 they
244 2252 113 24 doubtless
369 2252 73 31 might
451 2253 56 23 have
519 2253 57 23 been
589 2254 49 23 able

65 2292 19 15 lo
95 2286 107 22 maintain
215 2286 36 22 the
262 2285 53 31 high
326 2290 47 19 rate
384 2286 37 23 for
439 2286 90 23 months
548 2286 89 30 longer,

65 2319 40 22 and
124 2319 36 23 the
177 2319 89 23 evident
282 2319 72 23 desire
372 2319 25 23 of
419 2319 38 23 the
476 2319 117 24 Directors
616 2325 21 17 to

65 2357 96 25 promote
184 2352 37 22 the
241 2352 76 30 public
336 2352 58 30 good
413 2352 45 23 will
478 2360 28 15 no
529 2352 70 24 doubt
611 2354 27 22 be

65 2385 52 30 fully
129 2385 137 31 appeciated.
307 2385 50 23 The
368 2385 81 23 Banks
462 2385 45 23 will
517 2393 57 16 soon
585 2394 52 23 per-

65 2419 57 21 ceive
133 2419 35 22 the
181 2419 143 29 trustworthy
336 2417 44 24 and
390 2419 140 22 industrious
542 2419 95 29 traders,

66 2452 41 22 and
117 2459 48 22 give
176 2455 22 19 to
216 2452 70 27 them,
305 2459 33 15 we
356 2451 66 32 hope,
444 2452 37 22 the
500 2460 137 23 encourage-

65 2488 59 19 ment
161 2484 73 23 which
269 2484 102 31 industry
404 2485 83 30 always
522 2486 114 23 deserves.

67 2516 142 31 Henceforth,
222 2526 33 14 we
267 2518 55 31 hope
335 2522 22 19 to
378 2518 91 23 witness
488 2526 12 15 a
515 2519 123 30 reciprocal

34 2554 5 8 '
66 2549 78 32 feeling
162 2551 24 22 of
205 2551 104 30 goodwill
328 2551 99 23 between
444 2552 38 22 the
501 2552 74 23 banks
594 2552 45 23 and

65 2582 35 23 the
119 2584 87 31 trading
234 2584 134 31 community
377 2593 6 15 :
413 2584 45 23 this
486 2585 43 23 will
552 2593 30 22 go
603 2586 35 22 far

66 2617 90 22 towards
176 2617 37 23 the
237 2618 111 30 restoring
364 2618 24 22 of
408 2618 77 30 public
501 2619 135 27 confidence,

66 2648 68 24 which
161 2650 40 23 has
220 2651 35 22 for
275 2658 61 16 some
359 2652 54 22 time
436 2650 123 32 unhappily
581 2652 56 23 been

67 2682 106 24 unknown
184 2697 32 3 —
216 2683 62 23 Ibid.

96 2723 66 23 Cape
181 2732 29 15 of
230 2725 72 23 Good
326 2724 83 29 Hope,
434 2724 121 24 January
586 2726 16 21 I.
605 2737 33 3 —

67 2754 45 26 The
124 2756 84 31 Colony
219 2765 44 15 was
272 2758 129 30 favourably
410 2758 155 30 progressing.
588 2757 50 23 The

67 2794 85 23 exports
174 2790 35 23 for
231 2790 38 23 the
291 2798 54 22 year
369 2792 64 22 1842
463 2791 111 23 exceeded
601 2791 38 22 the

67 2823 97 27 previous
175 2831 53 22 year
237 2824 30 30 by
278 2824 120 28 £32,000.
444 2824 51 23 The
514 2827 81 28 export
616 2824 24 23 of

47 2861 4 16 i
67 2855 52 23 wool
128 2863 42 16 was
182 2857 112 28 £72,497
301 2866 7 19 ;
322 2856 25 24 of
361 2856 58 23 flour
430 2857 122 28 £10,890.
589 2857 50 23 The

68 2886 65 25 Boers
145 2897 27 15 on
185 2890 36 23 the
234 2890 66 23 north
310 2890 94 23 frontier
418 2897 57 16 were
495 2890 47 23 still
561 2890 78 23 insur-

67 2925 67 24 gents.
180 2922 49 24 The
251 2922 91 24 Kaffers
361 2930 28 16 on
408 2923 38 23 the
458 2928 88 18 eastern
558 2923 81 23 border

67 2960 52 16 were
140 2956 139 28 committing
296 2963 122 17 numerous
436 2956 166 28 depredations.
606 2969 33 4 —

66 2985 56 24 Ibid.

97 3019 46 24 The
155 3020 77 25 Police
250 3022 135 31 Magistrate
405 3022 25 24 of
446 3022 135 24 Melbourne
597 3023 41 23 has

67 3052 58 24 made
136 3061 28 15 an
176 3059 96 26 attempt
280 3059 21 18 to
310 3055 81 23 induce
408 3056 38 22 the
457 3055 71 24 Town
543 3056 95 23 Council

66 3088 18 18 to
94 3085 49 24 bear
154 3094 14 15 a
178 3088 90 29 portion
279 3088 23 22 of
318 3088 38 22 the
368 3095 99 23 expense
479 3088 24 23 of
512 3090 125 22 maintain-

67 3116 33 24 the
107 3119 80 30 police.
223 3119 51 24 The
286 3120 88 23 council
380 3120 91 24 refused
479 3125 22 19 to
512 3122 126 22 contribute

67 3154 19 18 to
97 3151 27 24 its
133 3156 103 26 support,
248 3151 75 24 unless
335 3152 53 30 they
398 3153 46 23 had
453 3154 86 23 control
547 3161 53 16 over
611 3156 26 21 it.

114 3210 196 24 ENGLISH
339 3210 245 24 EXTRACTS.

662 141 37 23 the
710 146 54 19 rest.
800 141 47 24 But
858 141 33 24 let
902 142 38 24 the
952 143 89 23 settlers
1057 144 127 23 remember
1192 142 49 24 that

662 174 53 31 they
724 181 38 16 are
773 179 39 18 not
823 174 90 31 obliged
931 179 23 20 to
975 177 106 23 continue
1098 176 109 23 theforra
1218 174 25 23 of

663 207 37 23 the
710 207 79 28 frame,
807 207 41 23 but
859 207 69 32 adopt
939 208 49 23 that
997 213 62 19 most
1074 209 135 23 convenient
1219 211 22 19 to

663 239 62 24 work
736 240 101 23 between
847 239 39 24 the
897 244 88 28 stumps
996 241 27 24 of
1032 241 38 24 the
1081 246 59 19 trees
1150 251 6 19 ;
1177 242 63 23 bear-

662 273 40 29 ing
712 272 82 31 always
805 273 25 22 in
840 272 71 29 mind,
923 273 49 23 that
989 274 39 22 the
1044 273 110 32 principle
1166 275 25 23 of
1204 273 37 23 the

662 305 99 23 scarifier
771 306 20 21 is
811 305 39 23 the
869 310 43 19 two
924 305 86 31 angles,
1023 306 49 23 that
1088 306 26 24 of
1132 307 38 23 the
1187 306 53 27 tine,

663 337 42 23 and
717 338 49 22 that
778 338 24 23 of
810 338 38 23 the
860 338 83 24 handle
954 339 126 24 combined.
1081 352 34 4 —
1115 340 58 23 New
1182 339 57 25 Zea-

663 369 55 24 land
727 369 105 24 Journal.

697 403 161 24 Compassion
876 411 31 16 of
928 412 17 15 a
962 404 84 24 Judge
1065 412 28 16 in
1112 405 96 24 Texes.
1210 416 33 4 —

663 435 24 23 A
703 443 54 23 very
767 436 91 24 learned
876 436 45 24 and
938 438 178 30 compassionate
1131 438 70 31 judge
1219 438 24 22 in

664 468 83 29 Texas,
761 476 28 16 on
795 469 95 31 passing
896 474 104 19 sentence
1007 477 30 16 on
1044 478 42 15 one
1098 470 61 24 John
1165 471 76 27 Jones,

663 501 48 23 who
724 501 44 23 had
776 501 58 23 been
845 501 116 24 convicted
972 502 25 23 of
1004 502 100 30 murder,
1121 501 121 26 concluded

663 534 103 23 remarks
782 541 24 16 as
823 534 87 24 follows
919 543 6 15 :
926 547 35 4 —
986 534 51 24 The
1055 535 47 24 fact
1117 537 28 28 is,
1165 536 76 28 Jones,

665 566 48 24 that
724 567 37 23 the
772 571 64 19 court
853 566 40 24 did
903 572 40 18 not
959 567 77 23 intend
1049 572 23 18 to
1083 569 65 23 order
1164 576 44 24 you
1220 572 22 19 to

663 599 28 23 be
703 598 106 25 executed
819 599 79 24 before
908 604 55 19 next
974 601 86 30 spring,
1078 601 41 23 but
1136 602 38 23 the
1185 609 57 16 wea-

665 632 49 23 ther
724 632 21 23 is
757 640 52 22 very
820 632 51 23 cold
872 645 31 4 —
906 641 40 15 our
956 633 58 30 gaol,
1028 634 176 32 unfortunately,
1224 634 18 22 is

665 665 21 22 in
704 665 44 23 bad
765 665 112 23 condition
879 677 33 5 —
913 666 67 22 much
993 666 24 22 of
1033 665 38 24 the
1088 667 61 30 glass
1170 668 24 23 in
1206 666 37 23 the

665 698 104 23 windows
780 698 19 22 is
807 697 86 24 broken
895 710 33 5 —
929 698 38 23 the
978 698 116 31 chimneys
1104 707 38 16 are
1152 701 25 22 in
1189 699 54 25 such

665 738 12 15 a
689 730 134 32 dilapidated
835 734 58 20 state
905 731 48 23 that
964 738 28 16 no
1004 731 42 24 fire
1058 739 41 16 can
1110 733 29 23 be
1146 733 64 24 made
1222 736 21 19 to

665 763 79 24 render
751 771 55 23 your
817 768 139 26 apartments
964 763 145 25 comfortable
1119 774 6 20 ;
1148 766 93 27 besides,

665 797 73 29 owing
750 801 21 18 to
784 796 36 23 the
832 801 64 25 great
907 797 95 23 number
1020 797 27 23 of
1060 799 124 28 prisoners,
1205 801 38 20 not

665 837 60 16 more
745 828 54 24 than
818 836 41 15 one
879 828 95 24 blanket
991 837 42 16 can
1056 830 28 23 be
1105 831 94 24 allowed
1222 835 20 18 to

665 861 53 24 each
727 870 6 19 ;
764 867 22 17 to
808 861 62 32 sleep
893 862 96 29 soundly
1018 863 45 23 and
1088 863 153 30 comfortably,

665 895 117 28 therefore,
801 895 45 22 will
856 895 29 23 be
904 900 38 18 out
961 895 24 23 of
1008 896 38 23 the
1068 897 110 29 question.
1215 896 28 23 In

665 927 162 24 consideration
849 928 25 23 of
902 928 62 24 these
987 929 181 30 circumstances,
1201 928 42 24 and

664 961 97 31 wishing
772 966 21 18 to
805 961 74 23 lessen
891 969 56 22 your
959 962 121 30 sufferings
1096 970 25 15 as
1134 963 67 22 much
1220 969 23 15 as

665 994 104 30 possible,
791 994 36 23 the
848 999 70 24 court,
940 995 22 22 in
985 995 36 23 the
1043 995 102 23 exercise
1166 996 26 22 of
1215 995 28 22 its

665 1027 123 30 humanity,
801 1027 42 23 and
865 1028 148 30 compassion,
1036 1027 27 24 do
1076 1028 83 30 hereby
1180 1027 63 24 order

665 1068 42 21 you
724 1064 32 19 to'
769 1061 27 23 be
813 1060 109 23 executed
942 1065 132 19 to-morrow
1096 1062 107 30 morning
1219 1068 24 14 as

665 1101 53 15 soon
731 1093 56 23 after
798 1093 114 23 breakfast
931 1102 25 14 as
968 1101 50 23 may
1030 1094 28 22 be
1070 1095 135 22 convenient
1224 1098 19 17 to

665 1126 37 23 the
720 1126 81 23 sheriff
817 1126 45 23 and
879 1126 118 30 agreeable
1010 1130 21 19 to
1124 1139 32 4 —
1159 1125 84 27 Quebec

667 1158 101 23 Gazette.

698 1192 89 22 Steam
804 1191 109 24 Voyage
937 1199 123 16 through
1085 1192 105 24 France
1214 1199 30 15 to

665 1230 49 16 the
734 1224 241 24 Mediterranean.
977 1237 33 4 —
1011 1225 51 23 The
1076 1225 114 31 following
1205 1232 39 16 ex-

665 1261 57 18 tract
733 1256 56 24 from
802 1265 13 14 a
835 1257 108 31 Leghorn
956 1258 73 27 letter,
1043 1258 42 23 has
1097 1258 113 31 appeared
1221 1258 21 22 in

666 1289 36 23 the
730 1288 93 24 London
858 1289 74 24 Times
956 1303 33 4 —
1019 1291 129 31 Yesterday
1184 1291 61 23 three

666 1327 108 18 steamers
794 1322 87 24 arrived
902 1323 61 24 here.
1015 1323 67 31 They
1103 1331 61 16 came
1187 1324 58 23 from

666 1355 113 31 England,
803 1356 42 22 and
867 1356 66 23 made
954 1356 58 23 their
1036 1364 86 23 voyage
1145 1356 99 31 through

666 1389 95 28 France,
784 1389 34 22 for
836 1389 54 30 they
914 1389 49 22 first
982 1389 111 24 ascended
1111 1389 38 24 the
1168 1390 75 26 Seine,

666 1422 43 22 and
721 1422 80 30 passed
813 1422 30 29 by
856 1422 37 23 the
907 1430 47 22 way
966 1422 23 23 of
1006 1422 37 23 the
1057 1422 76 23 canals
1145 1423 47 23 into
1206 1423 37 23 the

667 1455 189 22 Mediterranean.
900 1455 58 22 This
978 1456 19 21 is
1017 1455 38 22 the
1067 1456 50 22 first
1126 1463 85 23 voyage
1224 1455 22 22 of

667 1488 36 22 the
716 1487 55 23 kind
783 1487 46 23 that
841 1495 52 16 ever
914 1495 45 15 was
1112 1486 63 33 (The
1195 1489 50 23 first

667 1521 136 23 steam-boat
815 1528 93 23 voyage,
921 1528 28 16 no
969 1521 76 29 doubt,
1065 1521 41 23 but
1126 1522 119 29 according

668 1558 21 18 to
702 1554 89 28 Strabo,
804 1554 18 22 it
832 1561 46 15 was
891 1553 37 23 the
938 1554 89 23 earliest
1039 1554 124 31 navagable
1180 1558 64 20 route

667 1586 57 24 from
736 1587 106 30 England
852 1592 22 18 to
888 1587 137 24 Marseilles.

699 1620 57 23 The
774 1620 160 23 Wellesley
952 1620 110 24 Papers.
1066 1632 33 5 —
1100 1620 50 23 The
1163 1627 81 17 execu-

667 1657 33 19 tor
712 1653 26 24 of
753 1653 37 23 the
801 1653 45 24 late
858 1653 105 31 Marquis
975 1653 122 30 Wellesley
1116 1653 46 24 last
1182 1653 63 24 week

667 1690 49 19 sent
728 1691 22 18 to
761 1685 38 24 the
809 1686 88 23 British
910 1686 105 24 Meseum
1025 1686 106 31 upwards
1143 1687 25 23 of
1182 1687 63 23 three

666 1719 153 31 wagon-loads
831 1719 25 23 of
871 1719 75 24 MSS.
957 1719 44 24 and
1013 1719 82 29 books,
1109 1720 26 22 in
1151 1719 93 32 compli-

666 1760 53 15 ance
729 1751 54 24 with
794 1752 37 23 the
843 1752 47 23 will
901 1752 25 23 of
941 1752 37 24 the
987 1752 67 24 noble
1067 1753 107 31 marquis.
1223 1752 22 24 It

666 1787 20 21 is
697 1785 73 31 hoped
781 1785 49 23 that
842 1785 63 24 these
923 1785 100 24 valuable
1044 1785 133 24 documents
1199 1784 46 24 will

666 1826 55 15 soon
733 1819 26 22 be
772 1818 63 24 made
847 1818 109 24 available
967 1824 23 19 to
1001 1819 38 23 the
1051 1818 87 31 puhlic.
