3300 4360
1552 144 123 17 VISITORS'
1688 144 62 17 LIST.

1501 191 88 17 Brext's
1601 191 111 16 Bathgate
1724 190 77 17 House.

1457 214 107 18 Mesdaines
1571 213 97 20 McEunis,
1673 213 122 25 Wellington;
1803 212 53 22 Lang-

1434 237 59 22 ridge,
1503 237 71 17 Nelson
1583 236 4 23 ;
1601 237 62 19 Bates,
1673 237 57 19 Lane,
1749 236 118 23 Wanganui;

1434 261 78 19 McKee,,
1528 259 87 23 Sydney;
1635 259 54 18 Goss,-
1704 259 74 18 Brown,
1795 259 64 17 Christ-

1434 284 70 16 church
1512 282 4 21 ;
1543 284 62 19 Shaw,
1634 282 89 17 Adelaide
1732 282 4 21 ;
1767 282 101 19 Fountain,

1434 306 131 20 Queensland;
1586 306 86 17 Stewart.
1688 305 92 20 Hawera;
1802 305 66 22 Hally,

1434 329 114 21 Cambridge
1557 327 4 23 ;
1575 329 67 19 Burra,
1664 328 90 20 Thames;
1777 327 91 23 Whitley,

1434 352 71 20 Walsh,
1515 352 100 17 Auckland
1622 351 4 21 ;
1645 351 76 19 Barker,
1736 351 119 18 Queensland
1863 351 4 21 ;

1434 375 77 18 Gibson,
1522 374 87 22 N.S.W.;
1624 374 47 19 Fox,
1681 374 99 22 England;
1802 374 66 19 Paine,

1434 398 137 18 Kohimarama
1585 397 4 21 ;
1623 397 84 19 Corbett,
1733 397 116 17 Waitekauri
1863 397 4 21 ;

1434 421 67 18 Misses
1510 421 63 19 Clark,
1583 421 99 22 Glasgow;
1691 421 70 19 Somer,
1778 421 78 22 Sydney
1863 421 4 22 ;

1434 444 90 21 Graham,
1546 444 107 19 Patterson,
1674 443 94 23 Simpson,
1801 444 66 22 Curry,

1433 466 79 24 Wbitly,
1540 466 111 24 Auckland;
1677 466 52 20 Peat,
1748 466 119 24 Wanganui;

1434 490 59 22 Hally
1510 489 34 24 (3),
1571 489 124 24 Cambridge;
1721 489 76 20 Gibson,
1822 490 47 16 New

1434 513 59 18 South
1516 513 63 18 Wales
1589 519 5 14 ;
1618 513 77 20 Brown,
1721 513 146 21 Christchurch;

1434 536 97 19 McEnnis,
1542 536 67 20 Lewis,
1619 535 110 20 McGowan,
1740 536 116 23 Wellington
1863 535 4 24 ;

1434 559 62 20 Shaw,
1505 559 91 17 Adelaide
1603 565 5 14 ;
1627 559 74 19 Faram,
1715 559 83 17 Hawkes
1815 559 41 22 Bay
1863 559 4 22 ;

1434 583 74 19 Brown,
1519 582 103 22 Taranaki;
1637 582 46 20 Fox,
1697 582 111 22 Kingst'ord,
1824 583 33 16 Bel-

1434 606 41 20 latt,
1498 605 96 23 England.
1631 605 28 16 Dr
1682 605 80 20 Russell,
1780 606 87 20 Ireland;

1434 628 69 18 Messrs
1513 628 56 18 Shaw
1576 628 33 23 (2),
1623 627 122 24 Coolgardie;
1766 627 101 21 Fountain,

1434 651 126 21 Queensland;
1570 647 53 25 Goss,
1634 651 138 21 Christchurch;
1787 651 80 22 Harper,

1434 675 57 20 Roth,
1505 675 71 19 Walsh,
1595 675 105 19 Patterson,
1718 675 67 21 Curry,
1803 675 64 19 Stone,

1434 698 72 19 Heron,
1533 698 110 20 Auckland;
1674 698 87 21 Cropper,
1780 698 87 22 Sydney;

1435 721 71 20 Suttee,
1517 720 106 22 Onehunga
1632 717 3 27 ;
1649 720 68 18 Faram
1735 720 32 24 (2),
1786 717 83 21 Hawkes

1435 744 39 22 Bay
1483 743 4 23 ;
1512 744 97 18 Maxwell,
1635 743 98 23 Dunedin;
1764 744 103 20 Plowman,

1435 767 100 22 England;
1546 766 62 21 Slane,
1616 767 94 20 Bierwiki,
1724 767 62 20 India;
1801 767 66 20 Burra,

1435 790 73 23 Taylor,
1519 790 90 23 Thames;
1623 790 45 17 Rev.
1676 790 52 19 Ross,
1737 790 130 23 Invercargill;

1435 813 65 22 Hally,
1526 813 124 22 Cambridge;
1677 813 86 20 Stewart,
1780 814 87 19 Mueller,

1435 835 99 18 Auckland
1541 835 4 21 ;
1560 836 98 20 Faithfull,
1669 837 76 18 Gibson,
1755 837 46 17 New
1808 837 61 17 South

1434 859 73 21 Wales;
1522 860 52 19 Hall,
1583 859 126 23 Wellington;
1724 860 86 22 Hughes,
1821 861 48 18 Now

1435 882 110 22 Plymouth;
1557 883 63 18 Paine,
1628 882 143 22 Kohimarama;
1783 884 84 20 Corbett,

1435 905 127 24 Waitekauri;
1576 906 81 16 Masters
1665 906 79 23 Whitly,
1754 907 100 18 Auckland
1863 905 4 24 ;

1435 929 76 20 Barker,
1522 929 126 18 Queensland.

1565 975 82 17 Geyser
1663 976 76 18 Hotel.

1458 999 98 17 Governor
1564 999 20 16 of
1592 999 63 16 Tahiti
1668 999 37 17 and
1722 1000 61 22 party.
1817 1001 39 17 Mes-

1435 1023 64 16 daines
1519 1021 48 20 Cuff,
1585 1021 70 21 Abbot,
1672 1021 83 22 Nathan,
1775 1023 93 22 Leyland,

1435 1046 66 19 Grant,
1512 1044 78 21 Schroff,
1604 1044 67 21 Smith,
1689 1046 109 21 Auckland;
1821 1048 36 16 Tru-

1435 1075 49 13 man,
1507 1067 128 24 Wellington;
1664 1068 76 21 MeGee,
1770 1070 98 21 Williams,

1435 1092 89 20 Wallace,
1534 1091 46 17 N.S.
1590 1091 71 20 Wales;
1675 1091 77 23 Bayley,
1762 1091 105 23 Taranaki;

1435 1115 94 20 Hindson,
1547 1114 95 20 Victoria;
1665 1115 108 23 McCauley,
1791 1117 65 21 Taupo
1863 1114 4 24 ;

1435 1140 76 16 Salmon
1524 1137 33 24 (2),
1568 1138 76 17 Hunter
1652 1138 37 16 and
1698 1139 10 15 2
1717 1138 90 21 children,
1818 1140 39 17 Wai-

1435 1162 55 21 kato;
1505 1161 83 20 Gascull,
1599 1161 70 17 France
1677 1161 4 22 ;
1699 1161 70 22 Lemel,
1785 1162 72 19 Queens-

1435 1186 51 16 land.
1511 1185 67 16 Misses
1587 1184 64 20 Guest,
1665 1184 87 22 Roberts,
1769 1186 99 20 Davitson,

1435 1209 46 17 N.S.
1490 1208 63 17 Wales
1561 1207 3 23 ;
1578 1207 70 19 Banks,
1658 1207 89 22 England
1755 1207 2 23 ;
1773 1209 95 21 Hindson,

1435 1230 93 23 Victoria;
1544 1231 86 22 Clayton,
1641 1230 65 21 Grant,
1717 1231 77 18 Schroff.
1805 1233 52 16 Auck-

1435 1255 55 20 land;
1505 1254 83 20 Salmon,
1599 1253 92 17 Waikato.
1704 1254 69 18 Messrs
1781 1255 88 20 Wilford,

1435 1278 113 18 Munckton,
1559 1277 81 17 Stewart
1649 1276 32 23 (2),
1692 1277 116 23 Wright-son,
1820 1279 37 17 Fen-

1435 1303 47 18 tum,
1493 1300 89 22 England
1591 1300 4 22 ;
1609 1300 47 19 Cuft',
1667 1300 69 18 Abbot,
1743 1301 126 21 McCormick,

1435 1325 98 21 Brigham,
1555 1322 91 23 Leyland,
1670 1323 68 17 Frazer
1762 1324 32 23 (2),
1813 1325 56 22 Leys,

1435 1348 101 20 Thomson,
1563 1347 65 19 Grant,
1658 1346 78 21 Schroff,
1761 1348 108 22 Benjamin,

1435 1368 111 26 Auckland;
1569 1368 100 21 Meldrum,
1687 1369 46 18 Low
1750 1369 33 25 (2),
1801 1372 68 22 Bayly,

1435 1392 103 26 Taranaki;
1566 1392 70 20 Fisher,
1658 1392 66 21 Bauer,
1750 1394 119 24 Castleburg,

1436 1418 70 21 Myers,
1516 1415 99 20 Chatfield,
1634 1415 87 20 Truman,
1740 1416 116 25 Wellington
1865 1415 3 26 ;

1436 1441 72 21 Clirisp,
1520 1439 84 17 Hawkes
1617 1439 41 21 Bay
1666 1439 3 24 ;
1693 1439 74 21 Brown,
1785 1441 84 22 Dubson,

1437 1463 96 19 Williams,
1544 1462 99 18 Levinson,
1654 1462 115 20 McMorran,
1782 1465 87 21 Stewart,

1436 1487 88 18 Wallace,
1534 1486 46 17 N.S.
1587 1485 67 21 Wales;
1665 1486 72 19 Fallon,
1748 1487 46 20 Call,
1801 1489 68 23 Clegg,

1436 1510 93 18 Victoria;
1556 1509 81 20 Hunter,
1665 1508 82 21 Salmon,
1771 1511 97 22 Waikato;

1437 1533 62 21 Shaw,
1508 1532 133 19 Christchurch
1649 1531 4 25 ;
1667 1531 76 19 Gascull
1750 1532 32 24 (2),
1791 1535 78 18 France.

1538 1578 59 17 Lake
1609 1578 72 17 House
1693 1580 76 19 Horn..

1459 1603 107 18 Mesdames
1574 1602 73 21 George
1655 1603 36 17 and
1701 1606 10 14 :i
1721 1605 89 21 children,
1819 1608 38 17 Ade-

1436 1628 48 16 laide
1492 1627 4 22 :
1514 1627 80 22 Marley,
1610 1627 103 18 Masterton
1722 1627 4 22 ;
1748 1629 120 19 Hutchinson

1437 1651 32 23 (2),
1479 1651 64 18 Cheal.
1554 1650 109 20 Auckland;
1678 1651 76 19 Wilson.
1766 1652 89 22 England
1863 1650 4 24 ;

1437 1675 67 18 T!or>or,
1519 1674 97 17 Harrison.
1633 1674 138 19 Christchurch.
1802 1677 67 17 Misses

1436 1698 93 18 Beddnrd,
1552 1696 87 19 Collishe.
1661 1697 77 19 Wilson,
1766 1699 88 18 England
1863 1696 4 24 ;

1435 1721 128 18 Hntchinson,
1585 1719 104 18 Auckland.
1727 1721 50 18 Hon.
1796 1722 28 18 W.
1844 1724 23 17 K.

1436 1745 74 17 Simins,
1527 1744 69 17 Messrs
1609 1743 105 20 Noltenius,
1728 1745 99 21 Adelaide;
1849 1747 18 17 ,T.

1435 1768 138 17 Marchesseau.
1602 1766 120 17 Hutchinson
1747 1767 32 23 (.'5),
1803 1769 64 21 Cheal,

1436 1791 75 17 Adams.
1529 1790 54 18 Reid,
1597 1789 88 19 Jackson,
1704 1790 98 20 Oaksbott,
1822 1793 46 17 Rev.

1435 1814 98 17 Edwards,
1543 1812 105 20 Auckland;
1661 1813 69 19 Oliver,
1737 1814 67 21 Usher,
1815 1816 43 17 Scot-

1435 1837 54 19 land;
1501 1837 77 17 Wilson,
1588 1836 87 20 Monsell,
1686 1836 80 18 Kidston
1773 1837 33 23 (2),
1815 1839 40 21 Eng-

1435 1860 54 20 land;
1505 1860 120 17 O'MeaHier.
1636 1858 69 20 Gentil,
1723 1860 81 19 ITaslett.
1820 1862 36 17 Pae-

1434 1889 43 13 roa;
1493 1883 68 17 Smith.
1571 1883 64 17 Faust.
1647 1883 73 17 Broken
1733 1884 51 18 Hill;
1799 1885 68 20 Roper,

1435 1907 98 17 Harrison,
1544 1906 132 17 Christchurch
1684 1906 4 19 ;
1703 1906 94 18 Maxwell.
1817 1909 41 16 Bris-

1434 1929 48 17 bane
1490 1929 4 21 :
1508 1929 100 18 Harrison,
1617 1929 74 21 Kerioi;
1701 1929 89 20 Graham,
1799 1931 56 18 Wood-

1434 1953 64 20 house,
1511 1952 100 17 Wairakei.

1568 1999 43 16 The
1623 1998 111 18 LAXoirATir.

1459 2022 105 17 Mesknmes
1572 2022 81 22 Harper,
1669 2022 86 19 Svdnev;
1778 2023 88 21 Burfoot,

1434 2045 64 17 Gittos
1506 2044 33 23 (2).
1547 2045 40 16 Alio
1599 2044 51 17 land.
1663 2045 67 18 Misses
1736 2046 59 17 Wilts.
1806 2048 61 19 Betts,

1435 2068 86 22 Svdnev;
1543 2068 86 19 Burfoot,
1655 2068 97 18 Auckland
1761 2068 3 22 ;
1791 2070 76 20 Woods,

1434 2091 88 17 Dunedin
1530 2091 3 24 ;
1548 2091 72 18 Eraser,
1631 2091 91 20 Watkins,
1739 2091 127 24 Invereargil;

1434 2114 77 21 Barton,
1538 2114 87 17 Dunedin
1640 2114 3 21 :
1672 2114 79 19 Tissard.
1781 2116 86 18 Thames.

1434 2138 69 17 Messrs
1524 2137 81 21 Harper,
1627 2137 86 21 Svdney;
1747 2138 62 18 Giitos
1833 2140 33 18 (2),

1434 2160 60 19 Clark,
1512 2160 77 18 Turner.
1607 2160 70 21 Fisher,
1691 2160 97 22 Clarkson,
1803 2163 53 17 Auck

1433 2183 54 19 land;
1503 2183 66 20 Grant,
1579 2183 97 19 McEwen.
1687 2183 88 20 England
1783 2183 4 22 ;
1802 2186 62 19 Davis,

1434 2207 74 16 Nvciiiov
1515 2206 4 23 ;
1534 2206 101 20 Bremraer,
1648 2206 88 19 Adelaide
1743 2206 4 23 ;
1762 2208 102 21 Linklater,

1434 2229 78 22 TTaiapoi
1522 2229 4 23 :
1547 2229 83 18 Kimber.
1649 2230 67 17 Paornii
1726 2229 3 23 ;
1748 2230 116 22 Spadacoini.

1434 2252 154 20 MurrnmHdsree
1595 2252 4 22 ;
1613 2252 77 20 Martin,
1700 2252 101 22 Mamaku;
1821 2255 32 18 Cot-

1434 2279 38 15 ton,
1482 2277 24 15 X.
1519 2276 71 17 Wairoa
1599 2275 3 26 ;
1618 2275 76 22 Ai'thur,
1708 2277 122 24 Wellington.

1570 2322 83 17 Motcoia
1666 2322 62 19 View.

1458 2345 104 17 Mosdnmes
1571 2345 87 19 Kilsoiir.
1672 2345 111 22 Smethurst,
1802 2347 52 19 Ancle-

1434 2368 48 18 land.
1509 2368 69 18 Messrs
1592 2368 85 18 Wallace.
1693 2369 85 18 Dunedin
1788 2368 4 22 ;
1813 2371 51 18 Parr.

1434 2391 72 20 Otas-o;
1529 2392 112 17 Smnthurst.
1660 2391 78 21 Staples,
1761 2393 103 21 Masefield,

1434 2414 59 18 Firth.
1505 2414 108 20 Auckland;
1632 2414 114 21 O'Snllivan,
1762 2416 90 19 Cormnan-

1433 2437 28 18 del
1470 2437 3 21 ;
1487 2438 117 20 T/'pscnmlip,
1618 2438 90 19 Mullane,
1720 2439 98 18 Waira'cpi.

1434 2498 56 22 THE
1512 2497 56 23 HOT
1700 2497 55 25 LAKES
1766 2497 98 25 CHRONICLE

1621 2536 182 11 AND

1535 2564 109 19 Tourists'
1668 2564 196 19 Journal.

1434 2564 149 19 SATURDAY,
1600 2564 115 19 JANUARY
1732 2564 33 19 9,
1782 2564 82 19 1897.

1637 2654 22 14 O

1434 2679 40 17 Wf.
1484 2679 51 17 have
1544 2678 88 18 received
1642 2684 13 12 a
1670 2679 59 17 letter
1740 2679 51 19 from
1824 2680 43 19 Pro

1434 2704 56 19 Bono
1623 2705 19 17 in
1651 2705 61 17 which
1725 2705 142 25 iieeomplains

1434 2731 21 17 of
1468 2730 33 19 the
1512 2730 63 19 pntii'3
1588 2734 51 14 want
1652 2731 21 17 of
1683 2731 124 24 supervision
1820 2739 47 11 over

1434 2757 34 18 the
1477 2756 74 19 dairies
1564 2759 51 15 hero.
1647 2756 32 17 lie
1691 2757 70 18 makes
1776 2764 25 11 no
1818 2757 40 19 allo-

1434 2783 80 20 cations
1522 2782 121 23 concerning
1649 2782 52 19 their
1711 2786 51 15 want
1771 2784 22 17 of
1798 2783 55 19 clean

1519 2808 79 18 neither
1620 2808 46 17 does
1686 2808 24 18 he
1729 2809 68 18 reflect,
1813 2815 53 19 upon

1434 2834 34 19 the
1477 2834 80 24 quality
1567 2834 21 18 nf
1597 2834 35 18 the
1650 2834 48 18 milk
1712 2834 99 24 supplied,
1830 2836 35 19 hut

1434 2860 100 17 considers
1550 2860 45 17 that.
1609 2860 56 18 \vhn
1683 2860 33 18 the
1733 2860 48 19 local
1799 2861 66 18 Board

1434 2886 21 17 of
1465 2886 78 17 Health
1554 2885 91 19 assumed
1667 2886 24 18 its
1709 2887 101 18 functions
1827 2887 40 19 this

1434 2918 41 12 wns
1484 2918 12 11 a
1507 2914 73 15 matter
1592 2911 76 23 worthy
1675 2912 21 17 nf
1702 2912 116 19 immediate
1828 2921 25 11 no-

1435 2938 43 18 tice.
1507 2937 43 19 The
1561 2937 97 18 intention
1670 2937 21 19 of
1701 2944 37 12 our
1748 2945 106 15 correspon-

1434 2963 45 18 dent
1492 2964 16 17 is
1517 2963 50 20 <_n>od
1580 2963 77 24 beyond
1676 2964 85 23 dispute,
1782 2965 37 18 but
1830 2972 25 11 un-

1435 2989 122 23 fortunately
1569 2989 30 18 his
1611 2996 84 11 manner
1710 2990 21 17 of
1747 2991 120 24 expressing

1435 3015 81 18 himself
1524 3015 16 17 is
1549 3015 73 21 mixed,
1641 3015 105 19 otherwise
1757 3023 28 11 wp
1801 3017 65 18 would

1434 3041 51 18 hnvp
1497 3041 107 24 published
1623 3041 31 18 his
1672 3041 57 18 letter
1748 3042 20 18 in
1787 3043 25 17 its
1831 3050 24 12 en-

1435 3067 66 17 tirety-.
1529 3067 40 17 We
1580 3067 63 18 wou'd
1656 3067 68 18 advise
1735 3067 39 19 him
1786 3072 19 14 to
1815 3076 39 11 com-

1438 3093 101 17 mnni'T.te
1547 3092 114 25 personally
1672 3093 46 18 with
1736 3100 54 12 some
1805 3101 52 12 nipm-

1438 3118 36 19 hor
1489 3119 21 17 of
1525 3119 35 17 the
1577 3118 74 19 Board.
1684 3118 43 19 The
1743 3121 124 19 cupervi.-ion

1435 3144 21 17 of
1465 3150 38 12 our
1512 3144 50 18 local
1573 3144 74 18 dairies
1662 3144 37 19 lias
1715 3145 51 19 been
1777 3145 90 23 brought

1435 3169 70 20 before
1515 3170 35 18 the
1566 3170 66 18 Board
1651 3173 18 14 to
1688 3177 37 12 our
1742 3171 125 24 knowledge,

1436 3196 39 18 and
1485 3196 38 17 will
1535 3196 104 17 doubtless
1649 3197 75 18 receive
1735 3197 55 23 early
1800 3201 55 16 atten-

1436 3222 47 17 tion.
1512 3220 129 23 Meanwhile,
1653 3222 15 17 it
1676 3222 17 17 is
1708 3223 127 20 satisfactory
1846 3228 21 13 to

1435 3246 59 19 know
1514 3247 44 18 that
1577 3247 35 18 the
1630 3248 78 24 quality
1728 3249 20 18 of
1764 3249 34 18 the
1818 3250 49 18 milk

1436 3272 95 25 Rupplied
1540 3272 28 25 by
1576 3279 37 12 our
1621 3273 50 19 local
1687 3274 103 23 dairymen
1805 3279 64 15 7neets

1435 3298 34 19 the
1479 3298 97 24 approval
1584 3299 22 18 of
1611 3298 44 19 Pro
1665 3299 56 18 Bono
1732 3300 95 20 Publico.

1459 3354 16 16 A
1484 3353 68 22 special
1562 3353 84 23 meeting
1657 3354 20 17 of
1689 3354 33 17 tlie
1738 3356 58 16 Town
1804 3356 64 17 Board

1436 3377 53 17 takes
1498 3377 53 21 place
1560 3377 20 17 at
1589 3378 10 15 2
1608 3382 45 16 p.m.
1662 3377 76 23 to-day.

1457 3408 17 17 A
1482 3408 62 16 notice
1552 3408 20 17 to
1581 3408 91 17 members
1681 3409 20 16 of
1718 3409 32 17 the
1768 3410 89 22 Prospect-

1434 3431 33 22 ing
1476 3431 117 17 Association
1601 3436 78 17 appears
1692 3431 105 19 elsewhere.

1457 3462 46 17 Last
1511 3461 99 23 Thursday
1618 3462 56 21 night
1683 3469 10 10 a
1700 3462 59 23 slight
1768 3464 49 17 frost
1830 3470 39 11 was

1434 3485 122 22 experienced
1576 3485 20 16 in
1615 3485 74 17 various
1709 3488 52 20 parts
1788 3487 20 17 of
1836 3488 33 16 the

1434 3508 78 17 district.

1457 3539 31 17 Mr
1497 3539 76 22 Reaney
1581 3539 34 17 has
1623 3539 47 17 been
1684 3539 103 19 instructed
1803 3540 27 23 by
1839 3541 30 18 his

1434 3562 127 22 Department
1576 3563 20 16 to
1612 3562 43 17 take
1667 3568 43 11 over
1722 3563 31 17 Mr
1769 3564 101 22 Mnlfroy's

1434 3585 62 16 duties
1520 3591 20 11 as
1562 3585 82 17 resident
1674 3586 88 22 engineer
1783 3587 86 23 pending

1435 3608 74 17 further
1518 3608 149 22 arrangements.

1458 3639 40 17 The
1506 3639 71 17 Paeroa
1585 3639 66 20 Hotel,
1660 3640 32 16 the
1699 3640 68 17 license
1773 3641 31 17 for
1808 3641 61 18 which

1435 3667 38 12 was
1481 3662 88 17 removed
1577 3663 48 16 from
1635 3662 49 21 here,
1693 3663 16 17 is
1717 3664 38 16 fast
1762 3664 96 21 approach-

1435 3685 34 21 ing
1477 3685 114 22 completion
1600 3685 29 17 for
1637 3685 33 17 the
1686 3687 67 16 second
1762 3687 51 17 time.
1839 3687 31 17 Mr

1435 3708 91 22 Delaney,
1535 3708 39 17 late
1582 3708 21 17 of
1615 3709 33 16 the
1661 3709 82 22 Ohaupo
1755 3709 61 18 Hotel
1830 3711 40 16 will

1435 3736 73 11 assume
1517 3731 79 17 control.

1458 3762 40 17 The
1506 3761 76 18 rainfall
1591 3763 29 16 for
1628 3762 33 17 the
1674 3763 67 18 month
1754 3763 20 18 of
1790 3764 67 17 Decem-

1434 3784 34 17 ber
1476 3785 90 17 recorded
1574 3786 20 16 at
1602 3785 33 17 the
1646 3785 118 18 Sanatorium
1780 3793 40 11 was
1836 3788 23 17 ab-

1435 3808 94 21 normally
1538 3808 37 17 low
1583 3808 45 21 only
1639 3809 31 16 129
1680 3809 63 21 points
1748 3809 57 22 being
1810 3810 50 23 regis-

1435 3831 52 17 tered
1496 3830 38 18 and
1542 3831 32 17 the
1583 3831 62 22 major
1656 3832 75 21 portion
1746 3833 20 16 of
1778 3828 49 24 that,
1846 3834 23 16 83

1435 3854 70 21 points,
1514 3854 34 17 fell
1557 3860 24 11 on
1598 3860 35 11 one
1650 3854 41 22 day,
1710 3855 42 19 viz.,
1769 3855 33 18 the
1820 3856 50 20 20th,

1435 3876 71 23 during
1514 3882 11 12 a
1531 3877 148 17 thunderstorm.
1703 3878 40 17 The
1751 3878 43 17 lake
1799 3878 49 17 level
1855 3880 16 16 is

1435 3899 58 17 lower
1501 3906 44 10 now
1552 3900 47 16 than
1609 3906 24 10 on
1642 3906 37 15 any
1686 3901 87 21 previous
1786 3902 85 17 occasion

1435 3922 38 17 and
1482 3923 32 16 the
1524 3923 54 17 Ohau
1588 3923 83 17 Channel
1680 3923 39 18 into
1729 3924 51 17 Lake
1797 3925 73 17 Rotoiti

1435 3945 16 17 is
1459 3946 95 16 therefore
1562 3946 112 22 impassable
1683 3947 29 16 for
1727 3947 32 17 the
1775 3948 95 17 launches.

1459 3976 86 17 Another
1553 3977 87 22 attempt,
1649 3977 61 17 which
1723 3983 27 12 wo
1765 3979 51 16 trust
1832 3979 40 17 will

1435 4005 58 16 prove
1502 4000 107 20 successful,
1618 4000 16 17 is
1642 4001 20 16 to
1670 4000 23 17 be
1700 4000 54 17 made
1759 4007 20 11 to
1785 4001 87 23 organise

1436 4028 11 11 a
1463 4028 43 11 race
1522 4022 85 23 meeting
1626 4023 49 17 here.
1712 4024 17 16 A
1749 4024 122 22 preliminary

1436 4045 85 22 meeting
1529 4046 19 16 to
1557 4042 55 20 make
1626 4048 142 20 arrangements
1776 4047 40 17 will
1828 4047 44 17 take

1436 4068 53 22 place
1498 4069 20 16 at
1526 4068 52 17 Lake
1588 4069 65 16 House
1661 4069 58 17 Hotel
1729 4069 86 23 Tuesday
1828 4076 33 11 eve-

1436 4090 48 23 niug
1491 4092 45 16 next
1553 4092 20 16 at
1581 4092 11 16 S
1601 4092 75 16 o'clock.
1701 4092 32 17 All
1746 4092 54 17 those
1813 4093 50 16 inter-

1437 4109 51 21 ested
1497 4114 19 16 in
1526 4115 53 21 sport
1587 4120 31 11 are
1632 4115 98 21 requested
1738 4116 19 16 to
1766 4116 36 21 put
1811 4116 19 16 in
1848 4121 24 11 an

1436 4142 125 17 appearance.

1913 143 39 17 The
1960 148 42 11 new
2013 142 68 21 bridge
2097 147 62 11 across
2176 141 32 17 the
2226 141 99 22 Puarenga

1890 167 75 17 stream,
1975 167 20 15 at
2003 163 179 21 Whakarewarewa,
2192 165 16 15 is
2219 170 42 10 now
2271 170 41 16 prac-

1890 189 64 21 tically
1958 188 104 22 completed
2067 187 61 17 andas
2135 187 106 17 soonasthe
2246 193 42 10 men
2293 193 32 10 are

1890 212 49 17 clear
1948 212 20 17 of
1975 211 33 17 the
2015 211 33 22 job
2056 210 46 22 they
2111 210 38 17 will
2158 210 92 22 probably
2259 210 24 16 be
2290 212 36 19 put

1890 241 25 11 on
1923 235 33 17 the
1968 233 127 18 construction
2110 233 21 16 of
2143 233 33 17 the
2191 232 122 20 long-looked-

1890 258 30 16 for
1928 257 37 17 and
1973 255 206 19 much-to-bo-desired
2187 255 67 17 wharf.

1914 289 75 22 During
1997 288 32 17 the
2038 288 63 17 recent
2109 287 78 22 holiday
2205 292 70 14 season,
2293 287 33 17 Mr

1890 312 64 18 James
1963 312 61 16 Shaw,
2043 311 20 17 of
2081 311 117 21 Kalgoorlie.
2213 310 112 22 engineered

1890 341 35 12 one
1934 335 20 17 of
1962 335 32 16 the
2003 335 48 16 most
2060 334 101 16 successful
2179 333 61 22 picnic
2255 334 70 20 parties

1890 364 43 11 ever
1938 357 100 23 organised
2044 363 23 11 on
2076 356 33 18 the
2125 356 48 17 lake.
2205 356 44 17 Two
2266 357 58 16 steam

1890 381 88 17 launches
1989 386 46 11 were
2052 379 87 23 engaged
2154 379 37 17 and
2206 379 32 17 Mr
2254 379 71 17 Shaw's

1890 406 64 20 guests
1967 403 102 18 numbered
2088 404 28 17 'Mi,
2132 402 115 22 comprising
2262 408 52 15 repre-

1890 427 101 17 sentatives
1999 427 21 16 of
2034 426 126 19 Queensland,
2179 425 89 18 Victoria,
2278 421 47 21 New

1890 450 61 18 South
1959 450 67 19 Wales,
2034 450 60 16 South
2104 448 37 18 and
2156 448 52 18 West
2223 448 100 20 Australia,

1890 473 71 22 Ceylon
1981 473 38 16 and
2039 472 38 17 this
2097 472 82 16 district.
2213 471 112 17 Hamurana

1890 496 38 17 and
1933 495 77 18 Mokoia
2016 501 47 11 were
2069 495 68 17 visited
2144 495 37 17 and
2190 501 11 10 a
2208 494 116 22 thoroughly

1890 519 50 23 good
1949 518 45 17 time
2002 524 38 11 was
2049 520 55 21 spent
2116 518 26 22 by
2151 518 32 17 all.

1912 548 40 16 The
1965 549 43 15 tour
2020 548 20 15 of
2062 547 123 21 Tuhourangi
2203 546 55 17 Brass
2271 545 53 17 Band

1890 570 60 18 under
1973 570 32 17 Mr
2021 570 26 17 H.
2058 570 96 17 Stewart's
2170 569 106 22 leadership
2291 568 33 17 has

1889 594 47 16 been
1951 599 45 16 very
2010 593 121 22 satisfactory
2144 593 50 17 from
2207 599 11 10 a
2237 591 88 17 financial

1889 617 55 22 point
1952 617 20 16 of
1977 617 52 16 view.
2062 617 26 16 At
2097 622 35 11 one
2140 616 46 17 time
2194 616 15 17 it
2224 621 38 10 was
2279 621 33 15 sup-

1890 640 58 22 posed
1954 640 43 16 that
2008 639 33 17 the
2058 639 48 17 fund
2122 638 131 18 accumulated
2262 638 62 16 would

1890 663 67 17 enable
1966 662 32 18 the
2007 662 92 17 members
2109 663 19 16 to
2135 662 54 17 make
2198 668 11 11 a
2220 661 104 22 triumphal

1890 687 64 15 return
1963 687 20 15 to
1991 685 174 17 AVhakarewarewa
2174 685 45 17 each
2234 684 91 17 mounted

1890 715 24 11 on
1924 715 11 11 a
1952 709 76 21 bicycle.
2062 709 19 16 It
2099 708 38 17 will
2154 708 92 19 however,
2265 707 60 17 afford

1890 732 92 17 members
1991 737 11 11 a
2013 732 113 17 substantial
2140 730 89 19 dividend
2245 730 36 17 and
2290 730 22 17 ad-

1890 755 35 17 mit
1933 756 20 16 of
1962 755 50 17 fresh
2021 754 123 19 instruments
2151 755 37 16 and
2201 754 58 17 music
2268 753 57 22 being

1890 778 97 22 procured.

1913 810 34 16 We
1955 811 63 20 regret
2026 810 20 16 to
2055 809 52 19 learn
2124 810 49 16 from
2188 809 33 17 the
2238 809 86 17 Waikato

1890 839 67 16 papers
1963 833 42 17 that
2012 838 34 11 our
2053 835 104 15 townsmen
2164 833 31 16 Mr
2204 833 25 16 H.
2238 833 85 19 Stewart,

1890 853 79 22 saddler,
1979 856 34 17 has
2022 856 80 17 suffered
2111 855 128 18 considerable
2248 855 37 17 loss
2299 855 26 22 by

1890 880 33 16 the
1931 878 114 19 destruction
2055 879 25 22 by
2088 879 33 17 fire
2139 880 20 16 of
2170 885 11 11 a
2196 878 129 18 four-roomed

1890 904 75 20 cottage
1973 904 21 14 at
2003 902 118 21 Cambridge.
2147 902 39 17 The
2192 901 87 22 building
2288 902 37 16 had

1890 926 45 16 been
1945 925 75 17 insured
2029 926 30 16 for
2068 925 38 19 75
2115 925 35 17 but
2159 925 84 22 through
2257 930 24 11 an
2295 925 20 17 in-

1890 949 111 16 advertence
2009 948 32 17 the
2050 949 62 21 policy
2127 948 38 17 had
2182 948 46 17 been
2246 948 79 17 allowed

1890 973 20 16 to
1919 971 69 22 expire.
2014 972 85 16 Insurers
2108 973 69 15 cannot
2186 972 22 16 be
2217 973 32 15 too
2255 971 70 17 careful

1890 995 19 17 in
1916 995 62 22 seeing
1984 995 42 17 that
2030 995 49 17 their
2085 994 101 23 premiums
2192 1000 32 11 are
2229 994 96 23 promptly

1890 1018 50 22 paid.

1914 1049 18 17 It
1942 1049 15 17 is
1966 1050 63 21 pretty
2038 1049 71 17 certain
2126 1049 43 17 that
2184 1050 32 16 the
2232 1049 93 22 proposed

1891 1073 84 20 winding
1984 1072 52 17 track
2046 1074 19 15 to
2074 1073 33 16 the
2116 1073 77 16 summit
2203 1073 20 16 of
2231 1069 82 25 Ngorigj-

1890 1096 45 17 taha
1945 1096 37 16 will
1991 1096 23 16 be
2023 1096 119 16 commenced
2151 1096 19 16 in
2180 1096 58 16 about
2252 1102 12 11 a
2277 1096 39 17 fort-

1890 1119 72 22 night's
1971 1118 51 21 time,
2032 1124 20 12 as
2061 1119 31 17 Mr
2101 1119 72 17 Turner
2182 1119 33 17 has
2222 1118 103 23 completed

1890 1142 29 16 his
1929 1148 81 15 surveys,
2021 1141 37 17 and
2066 1142 34 16 has
2110 1148 42 10 now
2159 1142 46 22 only
2211 1143 20 15 to
2241 1142 43 16 take
2292 1144 34 14 out

1890 1165 33 17 the
1944 1165 107 22 quantities,
2069 1165 33 17 &c.
2139 1165 39 17 The
2202 1165 72 17 natives
2294 1171 31 11 are

1890 1188 95 21 naturally
2003 1189 79 16 anxious
2097 1188 30 17 for
2140 1193 11 12 a
2165 1189 75 21 portion
2257 1188 21 17 of
2293 1189 32 16 the

1890 1211 128 17 construction
2028 1211 58 19 work,
2095 1211 38 17 and
2142 1212 53 16 there
2205 1211 15 17 is
2229 1217 24 11 no

1890 1236 21 15 to
1932 1240 80 16 suppose
2024 1235 43 16 that
2084 1234 32 17 the
2133 1235 54 16 usual
2208 1235 82 21 practice
2306 1235 20 16 of

1891 1257 85 21 dividing
1997 1256 32 19 the
2046 1257 51 17 work
2115 1257 84 17 between
2216 1257 109 23 Europeans

1891 1281 36 16 anil
1937 1281 71 16 natives
2019 1280 37 17 will
2064 1280 24 17 be
2097 1280 91 21 departed
2200 1281 54 16 from.

1914 1312 38 17 The
1961 1312 75 22 netting
2045 1312 19 17 of
2072 1312 35 17 fish
2116 1313 19 16 in
2144 1312 33 17 the
2186 1313 16 16 L
2208 1313 30 16 ike
2252 1313 15 16 is
2283 1318 42 11 now
2335 1312 1 22 1

1890 1335 59 20 being
1956 1334 71 18 carried
2034 1340 24 12 oa
2065 1335 110 23 vigorously
2183 1336 24 20 by
2217 1337 30 16 Hie
2253 1336 72 16 natives

1891 1358 37 17 and
1937 1355 52 26 large
1999 1358 54 16 hauls
2062 1363 31 13 are
2104 1358 54 17 made
2170 1359 83 22 nightly.
2286 1360 39 16 The

1891 1381 127 23 Ngongotahn
2040 1381 36 18 and
2094 1381 81 19 Waitete
2200 1385 78 14 streams
2295 1388 30 12 are

1891 1404 82 22 teeming
1984 1405 43 16 with
2038 1405 34 16 fish
2088 1405 38 16 and
2140 1405 32 16 the
2188 1406 72 16 natives
2278 1409 48 13 state

1891 1428 45 22 they
1945 1428 37 16 will
1992 1428 75 21 destroy
2076 1428 52 17 them
2137 1428 25 17 all
2176 1429 15 16 if
2207 1430 81 20 possible
2305 1437 19 9 as

1891 1452 44 21 they
1945 1457 30 11 are
1982 1451 105 22 devouring
2095 1451 33 18 the
2137 1452 57 17 koura
2203 1452 36 17 and
2249 1452 75 24 inanga.

1891 1475 23 17 In
1924 1475 77 16 relation
2012 1477 18 14 to
2040 1475 37 16 this
2088 1477 73 17 matter,
2173 1475 51 17 what
2241 1476 33 16 has
2291 1477 22 16 be-

1891 1503 51 12 come
1952 1498 19 17 of
1984 1498 32 16 Mr
2028 1498 130 17 Cheeseman's
2173 1499 115 21 proposition
2306 1501 19 15 to

1891 1521 61 16 divide
1966 1521 32 16 the
2015 1520 42 18 lake
2072 1522 42 15 into
2128 1527 52 11 areas
2197 1522 37 16 and
2250 1522 27 17 let
2293 1523 33 16 the

1891 1544 51 21 right
1952 1546 18 14 to
1979 1544 35 16 lish
2024 1544 70 18 therein
2104 1544 8 18 ?

1914 1576 31 16 Mr
1958 1576 64 16 James
2038 1576 20 17 B.
2078 1576 71 21 Hayes,
2167 1576 20 17 in
2204 1577 120 21 conjunction

1891 1599 45 17 with
1946 1598 113 23 MrNaylor,
2069 1605 108 11 announces
2186 1600 80 17 another
2272 1600 19 17 of
2297 1601 28 16 his

1890 1621 87 24 amusing
1995 1623 72 17 variety
2085 1623 156 17 entertainments
2257 1624 19 16 in
2293 1624 32 16 the

1891 1645 84 18 Pukeroa
1985 1645 44 16 Hall
2039 1645 94 23 to-night.
2159 1646 28 17 Oa
2205 1646 69 22 Friday
2288 1647 37 17 and

1891 1668 92 23 Saturday
1993 1668 35 17 last
2038 1669 31 16 the
2079 1669 38 16 hall
2128 1675 38 10 was
2176 1670 70 21 packed
2261 1670 25 21 by
2300 1677 23 10 an

1890 1691 94 22 admiring
1992 1691 61 18 crowd
2064 1692 42 16 who
2115 1698 48 10 were
2176 1692 46 23 kept
2238 1693 19 16 in
2274 1699 51 11 roars

1890 1715 19 17 of
1919 1714 87 24 laughter
2015 1715 24 21 by
2048 1715 32 17 the
2089 1716 60 16 antics
2156 1716 20 16 of
2186 1716 99 22 '-Frisky,"
2293 1717 33 17 the

1891 1738 156 22 wooden-legged
2057 1738 64 19 clown;
2133 1739 37 16 and
2180 1739 32 16 the
2226 1745 98 12 numerous

1890 1762 54 16 other
1953 1762 81 16 features
2044 1762 19 16 of
2069 1768 12 10 a.
2090 1762 67 21 highly
2166 1762 87 21 amusing
2262 1765 51 15 enter-

1890 1784 97 18 tainment.
2026 1785 29 15 An
2076 1784 73 17 outline
2173 1786 19 16 of
2221 1785 102 23 to-night's

1890 1807 100 23 repertoire
2000 1807 37 17 will
2047 1807 22 17 be
2078 1807 59 18 found
2147 1809 19 16 in
2182 1814 34 11 our
2232 1809 81 17 advertis-

1890 1831 33 20 ing
1932 1830 90 17 columns.

1913 1862 39 16 The
1972 1861 53 17 usual
2047 1862 87 22 monthly
2151 1863 83 21 meeting
2255 1863 21 17 of
2292 1865 32 16 the

1891 1885 78 21 Library
1978 1884 112 19 Committee
2100 1885 44 18 took
2160 1885 52 23 place
2220 1891 23 12 on
2253 1886 59 18 Thurs-

1890 1907 36 18 day
1936 1908 55 17 night
2001 1908 52 16 wlaai
2061 1908 52 17 there
2119 1913 49 12 were
2173 1911 72 14 present
2255 1910 68 15 Messrs

1891 1931 70 18 Corlott
1969 1930 73 23 (chair),
2051 1931 99 23 MoAuley,
2158 1931 68 21 Boord,
2236 1932 88 19 Williams

1890 1954 37 17 :iikl
1937 1954 57 17 Watt.
2020 1954 38 17 Tin-
2067 1952 101 20 (Chairman
2179 1955 18 17 in
2207 1962 10 10 a
2228 1956 34 16 feu-
2278 1956 36 18 feel-

1891 1977 33 22 ing
1933 1977 60 17 words
2007 1976 76 19 alluded
2098 1979 20 16 to
2133 1978 31 17 tin;
2182 1978 57 18 death
2256 1979 20 17 of
2292 1980 32 17 the

1891 2000 96 18 President
1997 2001 20 16 of
2025 2000 33 18 the
2070 2001 96 19 Institute,
2183 2002 30 16 Mr
2227 2002 19 16 J.
2260 2002 21 17 C.
2296 2002 27 18 M.

1892 2024 86 18 Mi.'.lfrov,
1988 2023 37 17 mnl
2039 2030 10 10 a
2067 2023 101 19 resolution
2186 2025 21 17 of
2223 2026 100 22 sympathy

1891 2047 43 16 with
1947 2046 38 18 Mrs
1992 2045 85 24 Midfroy
2086 2052 38 13 was
2133 2047 78 18 ordered
2219 2049 21 16 to
2255 2048 22 17 be
2295 2054 18 12 re-

1890 2069 66 18 corded
1966 2070 18 16 in
1995 2070 31 16 (he
2036 2070 86 17 minutes.
2148 2071 16 16 A
2174 2077 82 16 vacancy
2262 2077 24 12 on
2291 2072 32 17 the

1890 2092 111 21 committee,
2012 2092 67 18 caused
2088 2092 26 23 by
2128 2094 31 16 the
2175 2094 115 23 resignation
2304 2096 20 16 of

1890 2116 31 16 Mr
1929 2116 23 16 It.
1962 2115 67 21 Burns,
2040 2121 36 13 was
2087 2116 50 18 filled
2154 2122 26 17 up
2198 2117 25 22 by
2241 2117 31 17 the
2289 2124 22 17 ap-

1890 2139 104 22 pointment
2003 2139 20 17 of
2033 2139 30 17 Mr
2077 2139 52 18 Butt.
2156 2140 38 17 The
2208 2142 38 15 rest
2258 2141 21 17 of
2291 2142 32 16 the

1890 2162 82 17 business
1982 2167 37 12 was
2028 2163 20 16 of
2056 2169 11 10 a
2076 2163 66 16 formal
2156 2164 73 15 nature.

1912 2194 38 17 The
1964 2195 78 16 matters
2055 2194 18 17 in
2091 2194 74 22 dispute
2185 2194 85 19 between
2291 2196 32 17 the

1889 2216 87 18 Urowerti
1986 2217 72 17 natives
2066 2216 38 18 and
2113 2218 32 16 the
2161 2217 127 19 Government
2304 2220 19 16 in

1889 2239 66 23 regard
1961 2241 20 16 to
1990 2240 33 17 the
2031 2240 98 18 extension
2146 2241 20 17 of
2182 2241 31 17 the
2228 2241 84 19 Waikarc-

1889 2268 66 13 inoann
1964 2263 52 21 road,
2027 2263 59 18 which
2104 2264 82 17 resulted
2199 2264 17 17 in
2225 2265 31 16 the
2270 2267 42 21 stop-

1889 2292 47 16 page
1944 2286 18 17 of
1972 2286 32 17 the
2013 2292 67 16 survey
2089 2287 52 16 work
2150 2288 30 15 for
2187 2294 50 10 some
2243 2289 78 18 months,

1889 2309 46 18 have
1952 2315 41 11 now
2013 2309 45 18 been
2074 2310 93 23 amicably
2176 2311 100 22 arranged.
2293 2313 29 15 An

1888 2334 66 16 entente
1971 2333 77 17 cardial*
2061 2338 42 12 now
2119 2333 59 17 exists
2194 2334 84 16 between
2292 2334 31 18 the

1888 2355 127 18 Government
2023 2355 77 19 officials
2109 2356 36 17 and
2153 2357 32 16 the
2198 2357 72 17 natives
2287 2358 37 17 and

1888 2385 24 10 an
1922 2385 32 11 era
1961 2380 19 15 of
1989 2385 57 15 peace
2055 2380 36 16 and
2107 2380 49 22 good
2171 2380 37 17 will
2223 2380 15 17 is
2254 2380 58 19 antici-

1889 2402 61 22 pated.
1983 2402 40 16 The
2048 2408 76 16 surveys
2145 2403 38 17 will
2199 2403 22 16 be
2237 2404 85 17 resumed

1889 2425 103 18 forthwith.
2019 2425 25 17 As
2061 2432 46 11 soon
2121 2427 21 15 at
2157 2427 31 15 Mr
2203 2427 71 16 Turner
2290 2427 34 17 has

1889 2448 104 23 completed
2002 2448 32 17 the
2049 2453 49 12 work
2112 2449 24 17 he
2148 2450 16 16 is
2182 2455 42 11 now
2236 2450 87 23 engaged

1888 2472 19 17 in
1917 2471 42 18 here
1969 2472 22 17 he
2002 2472 35 16 will
2048 2474 64 15 return
2122 2474 19 14 to
2154 2472 116 17 Tuhoeland.

1912 2503 38 17 The
1960 2503 76 21 Sunday
2049 2503 68 18 School
2136 2503 75 18 Pic-nic
2226 2510 38 12 was
2280 2505 44 17 held

1889 2533 23 10 on
1923 2526 46 18 New
1981 2526 60 17 Years
2053 2527 42 21 Day
2110 2528 21 15 at
2147 2528 25 16 Te
2189 2527 61 23 Ngae.
2276 2528 48 17 Over

1891 2551 32 15 100
1933 2548 83 20 children
2034 2549 36 18 and
2080 2550 58 16 about
2147 2550 33 17 the
2189 2556 50 12 same
2246 2550 78 19 number

1889 2574 20 15 of
1917 2573 63 16 adults
1990 2573 89 16 attended
2089 2573 37 17 and
2140 2579 49 11 were
2206 2574 65 16 driven
2281 2580 43 11 over

1889 2596 18 17 in
1917 2595 79 18 vehicles
2011 2595 85 23 supplied
2114 2595 25 23 by
2156 2597 40 16 Mrs
2212 2597 111 18 Robertson.

1889 2620 39 16 The
1942 2619 126 16 oommisariat
2082 2625 37 10 was
2137 2620 45 22 ably
2197 2620 93 23 managed
2300 2621 24 21 by

1890 2642 39 16 Mrs
1938 2642 78 21 Murray
2028 2642 37 17 and
2074 2642 70 17 several
2159 2642 45 23 lady
2220 2643 103 18 assistants.

1889 2666 39 16 The
1937 2665 83 17 children
2039 2665 80 23 enjoyed
2137 2666 111 17 themselves
2265 2669 19 14 to
2293 2667 31 17 the

1890 2689 33 21 top
1932 2688 20 17 of
1968 2688 50 17 their
2034 2688 47 17 bent
2094 2689 29 16 till
2133 2690 9 15 5
2160 2695 46 16 p.m.
2222 2689 54 17 when
2293 2691 31 16 the

1889 2713 48 15 start
1946 2717 37 11 was
1992 2710 54 19 made
2056 2713 29 15 for
2097 2712 62 17 home.
2185 2713 26 16 At
2228 2712 30 17 the
2277 2713 47 17 close

1889 2736 21 15 at
1919 2735 31 17 the
1959 2735 110 22 suggestion
2080 2735 20 17 of
2109 2735 31 17 the
2150 2736 39 16 Rev
2206 2736 31 16 Mr
2252 2736 52 19 Ross,
2315 2743 9 10 a

1889 2758 66 21 hearty
1965 2757 54 18 cheer
2028 2764 37 11 was
2074 2757 57 24 given
2145 2759 30 16 for
2190 2759 32 16 Mr
2235 2759 53 20 Kirk,
2296 2761 28 15 for

1890 2781 32 16 the
1931 2786 32 12 nso
1973 2782 19 15 of
2001 2781 28 16 his
2038 2781 90 22 grounds,
2138 2782 38 16 and
2182 2783 19 16 to
2211 2782 32 16 Mr
2251 2782 72 22 Daudo,

1889 2804 32 16 the
1931 2804 158 16 suoerintendent.

1913 2836 16 16 A
1938 2841 102 15 passenger
2048 2836 25 21 by
2091 2835 84 23 Monday
2187 2836 71 23 night's
2276 2837 48 17 train

1890 2858 80 18 vouches
1984 2858 30 18 for
2027 2858 31 17 the
2072 2865 90 16 accuracy
2171 2860 20 16 of
2206 2860 32 16 the
2251 2860 63 16 follow-

1932 2882 54 16 :As
1996 2887 27 10 we
2038 2887 48 12 were
2095 2882 40 21 just
2143 2883 77 20 getting
2230 2888 33 11 our
2278 2883 35 23 bag-

1890 2910 50 18 gage
1949 2904 56 22 ready
2021 2910 23 11 on
2059 2905 130 23 approaching
2206 2906 33 16 the
2255 2906 69 17 station

1890 2928 33 16 the
1937 2928 60 16 whole
2013 2930 137 19 compar'.ment
2166 2935 38 10 was
2217 2929 24 16 lit
2249 2935 26 15 up
2283 2929 26 21 by
2316 2936 10 10 a

1889 2950 53 17 sheet
1951 2951 19 16 of
1982 2950 48 17 lurid
2044 2951 38 17 tire.
2109 2950 40 18 One
2163 2952 20 16 of
2199 2957 35 11 our
2248 2952 78 17 number

1891 2974 41 16 who
1942 2973 36 17 had
1985 2973 45 17 been
2041 2973 62 23 filling
2119 2975 19 16 in
2147 2975 33 16 the
2194 2975 45 17 time
2253 2981 24 11 on
2293 2976 33 16 the

1891 3003 41 15 way
1941 3002 25 16 up
1981 2997 46 16 with
2042 3004 11 9 a
2069 2997 52 17 vivid
2130 2997 114 23 description
2258 2999 21 16 of
2293 2999 33 16 the

1890 3023 68 13 terrors
1980 3020 20 16 of
2021 3020 87 21 Tikitere,
2126 3020 84 23 dropped
2229 3022 28 16 his
2273 3022 41 22 grip-

1890 3043 50 19 sack,
1951 3043 57 20 gazed
2017 3043 45 17 with
2070 3050 12 10 a
2091 3044 66 16 horror
2164 3044 82 17 stricken
2253 3050 38 16 eye,
2302 3050 24 12 on

1890 3066 29 17 his
1933 3065 75 23 equally
2022 3066 83 17 terrified
2120 3068 128 21 companions,
2265 3067 61 22 yelled

1993 3089 32 16 the
2034 3090 80 16 Inferno
2126 3090 35 17 lias
2169 3090 71 17 broken
2250 3092 33 15 out
2288 3091 19 16 in
2316 3097 10 10 a

1891 3112 49 16 fresh
1955 3112 52 21 place
2015 3112 4 23 ;
2033 3113 36 17 I'm
2079 3113 61 17 oil'"
2152 3113 38 17 and
2197 3114 127 21 disappeared.

1891 3135 39 17 The
1938 3137 38 15 rest
1985 3135 20 17 of
2014 3141 21 11 us
2052 3142 48 10 were
2117 3137 32 16 too
2163 3137 132 21 awe-inspired
2307 3138 19 16 to

1892 3158 63 17 follow
1965 3158 44 20 him,
2020 3159 35 16 hut
2064 3165 24 10 on
2097 3165 35 11 our
2138 3159 40 17 safe
2186 3159 68 18 arrival
2263 3161 20 15 at
2293 3160 32 17 the

1891 3181 70 17 station
1969 3187 27 11 we
2013 3182 88 17 searched
2114 3182 21 17 in
2143 3183 44 16 vuin
2204 3183 30 16 for
2246 3189 33 10 our
2289 3182 37 18 late

1891 3204 63 17 fellow
1963 3210 107 16 passenger.

1914 3232 82 18 WHEN
2004 3233 52 17 THE
2065 3234 71 17 LAND
2143 3234 25 17 IS
2176 3234 82 17 DRIED
2269 3234 33 17 UP

1914 3280 19 16 It
1952 3280 80 22 requires
2050 3280 76 22 copious
2142 3280 56 18 ruins.
2231 3280 59 18 When
2315 3287 10 11 a

1891 3308 43 11 inun
1955 3303 16 17 is
1990 3303 34 16 hot
2043 3303 22 17 he
2089 3303 67 17 should
2178 3303 54 17 drink
2250 3303 75 17 Wolfe's

1891 3324 96 24 Schnapps
2004 3327 20 15 to
2039 3326 72 22 quench
2126 3326 30 17 his
2169 3327 58 16 thirst
2235 3326 37 17 and
2288 3327 37 16 add

1891 3350 38 16 zest
1937 3350 20 16 to
1966 3349 28 17 his
2003 3350 90 21 appetite.

2034 3392 140 17 OBITUARY.

1972 3438 36 17 Me
2022 3438 18 17 J.
2054 3438 20 17 C.
2089 3438 28 17 M.
2133 3438 109 17 Malfeoy.

1915 3469 19 17 It
1942 3469 15 17 is
1966 3469 45 18 with
2021 3471 62 20 regret
2089 3475 28 11 we
2124 3475 98 12 announce
2230 3469 33 17 the
2270 3469 55 17 death

1891 3492 19 17 of
1920 3492 31 17 Mr
1959 3492 17 17 J.
1989 3492 20 17 C.
2017 3492 27 17 M.
2052 3492 90 22 Malfroy,
2149 3492 82 17 resident
2239 3492 87 22 engineer

1891 3515 38 17 and
1942 3511 100 22 Chairman
2051 3515 20 17 of
2079 3516 33 16 the
2120 3516 58 16 Town
2187 3515 70 20 Board,
2263 3515 60 17 which

1891 3539 45 16 took
1945 3538 54 22 place
2006 3539 20 15 at
2034 3538 29 17 his
2071 3538 95 17 residence
2175 3538 44 17 here
2232 3544 23 11 on-

1891 3561 70 22 nesday
1970 3562 81 20 evening
2059 3563 20 15 at
2088 3562 16 15 (J.
2107 3561 22 16 30
2136 3561 75 17 o'clock.
2236 3561 32 16 Mr
2274 3560 37 19 Mal-

1891 3584 43 23 froy
1942 3584 33 17 has
1983 3584 48 16 been
2039 3584 21 16 in
2076 3590 12 11 a
2102 3589 45 16 very
2159 3584 107 22 precarious
2278 3586 48 15 state

1891 3608 20 16 of
1919 3607 64 17 health
1992 3607 30 17 for
2030 3613 51 11 some
2088 3607 45 17 time
2138 3608 44 21 past
2186 3607 38 17 and
2232 3607 83 17 astonish-

1891 3631 52 16 ment
1952 3630 33 17 has
1993 3629 47 18 been
2053 3629 60 23 freely
2129 3629 100 23 expressed
2245 3629 43 18 that
2302 3630 23 17 he

1891 3653 68 17 should
1972 3653 48 16 have
2032 3652 106 22 attempted
2151 3654 20 15 to
2187 3658 53 16 carry
2256 3659 25 10 on
2296 3653 30 16 his

1891 3676 67 18 official
1975 3676 67 19 duties,
2060 3675 62 18 which
2138 3676 19 17 to
2174 3681 11 11 a
2202 3681 44 11 man
2262 3681 20 11 or
2296 3676 29 17 his

1893 3699 136 22 thoroughness
2044 3704 49 11 were
2109 3698 82 18 arduous
2207 3699 20 16 in
2244 3698 32 17 the
2292 3704 22 11 ex-

1891 3723 65 19 treme,
1966 3721 63 18 whilst
2036 3721 85 21 battling
2129 3722 76 22 against
2213 3728 11 10 a
2236 3721 40 17 dire
2289 3721 37 17 and

1891 3745 20 16 in
1919 3745 30 17 his
1957 3750 42 12 case
2006 3744 96 17 incurable
2111 3744 79 17 disease.

1915 3768 32 17 Mr
1955 3768 82 21 Malfroy
2046 3773 39 11 was
2093 3773 12 11 a
2112 3768 64 16 native
2185 3768 20 16 of
2213 3767 71 17 France
2289 3767 37 17 and

1892 3791 72 17 arrived
1974 3791 19 16 in
2002 3791 33 16 the
2042 3790 68 22 colony
2122 3791 21 16 of
2158 3791 85 17 Victoria
2258 3791 20 16 in
2293 3791 33 16 the

2044 3813 37 17 and
2088 3814 95 21 exploited
2192 3813 45 18 with
2247 3813 79 22 varying

1893 3837 75 17 fortune
1981 3836 34 18 the
2030 3836 79 18 historic
2122 3836 54 18 fields
2192 3837 20 17 of
2234 3836 90 22 Bendigo,

1893 3859 84 18 Ballarat
1985 3859 38 17 and
2032 3859 63 17 others
2107 3860 20 16 of
2135 3860 57 17 lesser
2208 3861 50 15 note.
2284 3859 42 17 Still

1892 3882 45 17 bent
1953 3888 23 11 on
1990 3881 45 23 gold
2053 3882 77 22 seeking
2142 3883 24 16 he
2186 3888 51 11 came
2246 3888 44 11 over
2306 3884 20 15 to

1892 3906 46 17 New
1949 3905 81 17 Zealand
2039 3911 51 11 some
2103 3905 46 17 time
2163 3906 19 16 in
2195 3906 33 16 the
2239 3906 38 16 60's
2290 3905 36 17 and

1893 3928 113 17 established
2020 3928 75 17 himself
2110 3934 24 11 on
2145 3928 33 17 the
2194 3928 52 18 West
2262 3928 62 18 Coast.

1893 3951 53 17 Here
1953 3951 24 17 he
1982 3951 82 17 imbibed
2072 3957 12 10 a
2095 3952 49 16 taste
2157 3951 30 17 for
2195 3951 49 17 local
2253 3951 73 22 politics

1893 3974 37 17 and
1940 3980 37 11 was
1986 3974 30 17 for
2024 3979 50 12 some
2091 3974 45 17 time
2152 3975 69 21 Mayor
2237 3975 20 17 of
2274 3974 54 17 Ross-

1893 3997 24 17 In
1926 3997 32 17 the
1966 3997 80 17 Council
2053 4002 38 12 was
2102 3997 34 17 the
2151 3998 77 21 present
2244 3997 82 17 Premier

1893 4021 21 16 of
1928 4020 33 17 the
1977 4020 79 22 Colony,
2070 4020 47 16 with
2140 4021 63 16 whom
2218 4021 25 16 he
2256 4021 70 21 fought

1893 4048 58 17 many
1975 4043 66 21 wordy
2063 4042 77 18 battles.
2170 4043 27 17 Be
2211 4043 44 17 that
2271 4049 20 11 as
2312 4043 16 17 it

1894 4071 43 16 may
1947 4071 27 11 we
1982 4065 40 17 find
2030 4066 32 16 Mr
2068 4065 84 23 Malfroy
2161 4066 19 16 in
2192 4067 44 15 1886
2252 4066 43 17 here
2308 4066 20 17 in

1894 4088 133 17 Rotoruaon
2045 4088 31 17 the
2097 4094 45 16 very
2164 4088 38 22 day
2225 4089 49 17 after
2295 4089 33 17 the

1894 4111 131 21 eruptionas
2043 4111 91 17 Resident
2148 4112 89 22 engineer
2258 4112 20 16 in
2294 4112 27 16 the-

1895 4134 78 17 district.
2004 4133 21 18 It
2034 4134 77 17 became
2119 4136 43 20 part
2171 4135 20 16 of
2208 4135 29 16 his
2246 4134 46 22 duty
2307 4137 20 15 to

2347 141 63 21 report
2420 146 24 11 on
2453 146 38 16 any
2497 141 82 21 changes
2587 139 61 17 which
2660 139 62 22 might
2738 139 43 16 take

2347 163 54 22 place
2414 164 20 15 in
2449 164 32 16 the
2499 164 33 17 hot
2549 164 75 22 springs
2638 162 39 17 and
2698 167 82 16 geysers.

2347 186 60 17 Those
2415 188 21 15 at
2450 186 172 18 Whakarewarewa
2636 185 96 21 naturally
2747 190 23 11 ex-

2347 209 49 17 cited
2405 209 29 17 Ids
2439 211 82 21 greatest
2530 210 77 16 interest
2616 209 38 16 and
2662 209 24 16 he
2695 209 28 15 set
2731 207 38 17 him-

2347 232 35 17 self
2390 233 20 16 to
2420 232 51 17 wdrSc
2483 235 20 14 to
2511 232 101 17 formulate
2621 237 12 12 a
2643 232 67 20 theory
2720 231 60 16 which

2347 254 63 18 would
2427 258 78 14 account
2520 256 29 17 for
2563 256 48 16 their
2624 254 121 22 irregularity
2761 253 20 18 of

2347 278 68 16 action.
2441 278 40 17 The
2487 279 58 17 result
2554 278 20 18 of
2583 284 10 10 a
2602 278 47 21 long
2662 277 36 17 unci
2707 277 73 22 patient

2347 301 129 16 examination
2493 301 71 22 during
2585 300 61 18 which
2660 301 24 16 he
2706 299 64 23 experi-

2347 323 75 18 mented
2433 324 44 17 with
2487 325 70 16 several
2567 324 19 18 of
2594 324 33 17 the
2636 324 61 16 minor
2705 329 76 16 geysers

2346 349 20 14 at
2384 346 174 18 Whakarewarewa
2573 346 38 18 and
2624 346 32 17 the
2670 346 111 17 deductions

2347 369 65 17 drawn
2433 370 102 17 therefrom
2551 376 49 10 were
2613 369 99 18 embodied
2728 369 20 16 in
2770 375 11 10 a

2346 398 59 16 paper
2412 393 45 16 read
2466 393 62 16 before
2537 393 33 18 the
2579 392 99 17 Auckland
2691 392 90 17 Institute'

2346 415 20 17 in
2377 416 49 16 1891.
2453 416 52 16 Since
2516 417 30 16 the!
2556 418 54 19 great
2619 415 80 17 Waikite
2714 421 67 16 geyser

2346 438 76 17 became
2436 439 96 22 quiescent
2549 439 87 22 eighteen
2651 438 76 17 months
2744 444 37 16 ago

2346 461 32 16 Mr
2396 461 84 23 Malfroy
2495 462 38 17 had
2549 468 24 11 an
2590 459 91 20 ambition
2693 463 19 14 to
2728 461 29 16 set
2765 460 16 17 it

2346 489 45 12 once
2400 491 51 10 more
2459 485 18 16 in
2487 491 11 11 a
2507 487 48 15 state
2565 485 19 16 of
2593 484 83 22 activity.
2702 484 44 16 Had
2751 484 30 16 his

2346 507 64 17 health
2419 507 101 23 permitted
2526 508 53 17 there
2588 508 15 16 is
2612 507 50 17 little
2670 507 60 17 doubt
2737 507 43 17 that

2346 530 24 16 he
2379 531 62 16 would
2454 531 47 17 have
2519 529 138 24 accomplished
2664 530 22 16 it.

2369 552 24 19 In
2404 554 44 16 I.S.SS)
2456 554 30 17 Mr
2495 555 84 20 Malfroy
2596 559 38 11 was
2650 552 101 24 appointed
2760 553 21 16 to

2346 578 94 19 represent
2448 576 32 18 the
2489 578 68 21 colony
2565 578 20 15 at
2601 575 32 19 the
2641 576 54 16 Paris
2700 576 68 16 Exhibi-

2346 599 47 19 tion,
2403 599 37 17 and
2450 600 23 16 he
2481 600 46 17 then
2536 599 84 18 received
2636 600 21 16 at
2671 599 32 16 the
2720 599 61 16 hands

2346 622 20 17 of
2375 621 32 18 the
2417 622 72 18 French
2499 623 127 17 Government
2633 622 31 17 the
2671 621 109 18 distinction

2346 645 20 16 of
2376 647 11 7 '
2394 646 98 17 Chevalier
2500 646 24 17 de
2532 647 19 16 la
2561 646 72 22 Legion
2649 644 131 18 d'Honneur."

2346 667 60 19 When
2415 669 18 16 in
2443 669 76 22 Europe
2527 669 23 18 he
2566 668 67 18 visited
2648 670 48 15 most
2711 668 20 16 of
2748 668 32 16 the

2346 691 121 17 Continental
2476 692 37 17 and
2521 692 80 21 English
2611 692 46 21 Spas
2666 691 37 16 and
2713 693 56 14 water-

2346 714 107 22 ing-places
2462 715 37 17 and
2507 721 24 11 on
2541 715 29 17 his
2578 715 63 18 return
2652 713 102 18 submitted
2770 719 11 12 a

2346 740 62 19 report
2427 739 20 16 to
2464 738 32 17 the
2513 738 126 18 Government
2662 736 66 24 giving
2749 738 32 16 the

2346 759 60 19 result
2412 760 22 18 of
2440 760 32 18 Lis
2478 760 112 23 inspection.
2615 760 44 18 This
2676 761 64 21 report
2753 767 28 10 we

2346 783 95 21 reprinted
2451 784 32 16 the
2491 785 54 16 other
2554 785 42 21 clay.
2622 784 23 16 In
2657 784 49 20 1890,
2720 790 24 12 on
2752 786 29 16 his

2346 808 64 15 return
2429 807 49 17 from
2495 808 80 21 Europe,
2594 807 22 17 he
2634 807 98 18 conceived
2749 809 32 16 the

2347 829 41 17 idea
2398 830 19 16 of
2426 831 109 21 converting
2544 831 32 16 the
2586 831 37 17 two
2633 830 73 23 BpringS
2716 831 18 16 in
2749 832 32 16 the;

2347 851 127 19 Orouawhata
2490 854 49 21 pool,
2557 860 46 11 near
2618 854 33 17 the
2667 853 47 17 Blue
2730 854 51 18 Bath

2346 875 41 17 into
2396 876 60 17 active
2465 882 81 16 geysers.
2577 877 38 17 Tiie
2631 875 62 24 object
2707 883 38 11 was
2761 879 20 15 to

2346 898 83 17 increase
2436 900 33 15 the
2478 900 94 22 efficiency
2580 900 21 17 of
2614 900 33 17 the
2660 900 47 16 Blue
2724 901 56 19 Bath,

2347 920 32 19 the
2393 924 127 21 temperature
2533 923 20 17 of
2570 923 60 17 which
2647 922 38 18 had
2701 923 80 18 lowered

2347 945 136 22 considerably.
2515 946 17 16 It
2550 952 37 10 was
2604 953 11 10 a
2632 946 44 18 time
2692 947 19 15 of
2727 948 54 19 great

2347 967 78 23 anxiety
2433 970 20 15 to
2462 969 39 16 him
2518 975 19 11 as
2553 969 23 17 he
2591 969 31 17 did
2639 971 33 14 not
2689 969 57 17 know
2762 972 19 15 at

2348 990 50 17 what
2412 994 83 14 moment
2509 992 22 16 he
2549 992 62 23 might
2627 994 48 15 start
2692 999 8 9 a
2720 998 61 17 power

2349 1014 59 16 which
2417 1014 16 16 it
2442 1015 61 17 would
2513 1016 22 16 be
2546 1014 106 24 impossible
2661 1016 29 16 for
2706 1016 40 17 him
2761 1018 20 15 to

2348 1037 79 17 control.
2453 1038 30 16 Hi?
2499 1040 55 20 spent
2569 1044 56 16 many
2640 1039 57 16 hours
2713 1039 19 16 in
2750 1039 31 17 the

2347 1060 35 17 hot
2390 1061 98 17 steamit
2502 1067 37 12 was
2556 1062 18 16 in
2593 1061 65 17 winter
2674 1061 107 18 timeand

2347 1082 47 19 then
2401 1083 94 24 exposing
2501 1084 77 18 himself
2586 1086 20 16 to
2613 1084 34 18 the
2661 1084 40 18 cold
2716 1086 28 16 air
2758 1086 23 16 he

2347 1107 109 17 contracted
2477 1114 10 10 a
2507 1108 56 16 series
2583 1108 20 16 of
2627 1107 72 18 violent
2723 1108 58 18 colds.

2347 1129 59 17 These
2415 1129 113 19 culminated
2538 1131 19 16 in
2567 1136 23 11 ati
2600 1131 63 17 attack
2673 1131 20 16 of
2709 1131 72 23 plurisy

2347 1152 35 17 but
2390 1153 23 16 he
2423 1153 121 23 successfully
2549 1154 138 22 accomplished
2696 1155 29 16 his
2730 1155 51 17 work

2347 1181 20 11 as
2377 1176 31 16 the
2419 1176 81 23 Malfroy
2510 1176 79 23 Geysers
2598 1177 68 22 to-day
2675 1178 71 18 testifv.

2372 1199 22 17 In
2406 1200 45 16 LS'KJ
2460 1200 30 16 Mr
2500 1201 82 20 Malfroy
2594 1206 37 12 was
2640 1203 40 14 sent
2698 1203 20 14 to
2726 1201 42 17 Han-

2349 1228 38 11 iner
2396 1224 19 15 to
2426 1224 62 21 report
2497 1229 24 10 on
2530 1223 33 17 the
2580 1222 79 24 Springs
2675 1224 58 17 there,
2744 1225 37 16 and

2347 1251 24 10 on
2381 1245 29 16 his
2419 1248 69 16 return,
2500 1246 27 16 Dr
2535 1246 85 17 Gindcrs.
2637 1246 42 18 who
2693 1248 33 15 has
2735 1248 46 16 been

2349 1268 28 16 his
2394 1268 78 18 medical
2495 1269 98 18 attendant
2611 1270 123 23 throughout;
2753 1276 19 11 re-

2349 1291 75 17 marked
2434 1292 42 17 that
2485 1293 28 15 his
2523 1293 62 17 health
2595 1293 73 17 hadi.nl
2678 1293 103 22 improved.

2349 1314 18 17 It
2377 1320 36 11 was
2424 1315 57 16 found
2492 1317 40 15 that
2542 1315 84 18 tubercle
2642 1322 37 10 was
2694 1315 77 24 develop-

2348 1337 34 23 ing
2390 1338 18 16 in
2417 1338 30 16 his
2457 1338 61 23 lungs,
2528 1340 36 15 and
2574 1340 18 16 in
2602 1340 39 16 189-1
2652 1340 22 16 he
2681 1340 100 18 consented

2348 1362 20 15 to
2377 1362 30 21 try
2416 1361 35 18 the
2458 1361 56 23 dryer
2530 1362 75 18 climate
2622 1363 19 17 of
2659 1362 45 19 New
2722 1363 59 18 South

2349 1383 65 18 Wales.
2450 1386 28 15 On
2496 1386 27 16 his
2548 1388 62 14 return
2629 1387 18 15 in
2665 1387 58 16 about
2740 1387 41 17 four

2348 1408 76 17 months
2433 1408 32 17 the
2474 1409 44 21 only
2527 1409 73 21 change
2610 1410 58 16 which
2679 1409 36 18 had
2726 1410 55 17 taken

2347 1430 53 22 place
2417 1437 38 11 was
2473 1431 28 18 for
2516 1432 31 17 the
2565 1438 63 11 worse.
2662 1432 61 18 About
2739 1434 42 15 nine

2348 1454 76 16 months
2433 1460 36 17 ago
2478 1455 14 16 it
2503 1460 36 12 was
2549 1456 58 16 found
2617 1456 40 16 that
2669 1456 33 17 the
2711 1456 70 18 disease

2347 1477 37 16 had
2394 1477 87 18 attacked
2490 1478 33 17 the
2537 1479 52 16 vocal
2599 1478 72 21 chords,
2687 1479 37 17 and
2733 1480 48 16 since

2348 1499 45 18 then
2401 1500 16 17 it
2427 1500 53 18 made
2497 1502 64 20 steely
2579 1502 36 16 and
2634 1502 95 18 relentless
2737 1508 33 17 pro-

2348 1528 52 17 gress
2408 1523 29 18 till
2446 1524 14 17 tl
2500 1524 24 18 nd
2532 1529 52 13 canto
2602 1531 18 10 as
2638 1525 76 22 already
2732 1525 40 18 indi-

2348 1546 59 17 cated.
2436 1547 28 17 He
2473 1547 42 17 diod
2524 1548 20 17 of
2551 1548 54 17 sheer
2611 1548 119 21 exhaustion,
2747 1548 34 18 hut

2349 1569 106 23 painlessly,
2465 1570 18 17 in
2503 1571 114 22 presencoof
2634 1571 28 18 his
2680 1572 48 19 wife,
2739 1573 42 16 who

2348 1592 36 17 had
2394 1593 68 16 nursed
2473 1593 37 17 him
2522 1594 44 17 with
2575 1594 105 17 unwearied
2687 1601 47 14 care,
2745 1595 36 17 and

2347 1622 35 10 oi/e
2391 1622 21 10 or
2429 1619 37 13 two
2486 1616 75 18 friends.
2587 1618 39 16 Mis
2648 1618 83 22 Malfroy
2749 1618 32 17 has

2348 1639 32 16 the
2389 1639 88 17 heartfelt
2486 1640 101 22 sympathy
2595 1641 19 16 of
2622 1641 37 16 this
2666 1641 115 23 community

2347 1662 19 17 in
2375 1663 33 16 her
2416 1662 33 18 sad
2459 1662 135 19 bereavement.

2370 1685 59 18 There
2438 1686 15 16 is
2462 1691 23 12 no
2493 1686 57 17 doubt
2563 1686 38 18 thai
2612 1686 29 18 Mr
2652 1687 82 22 Malfroy
2744 1693 37 11 was

2347 1709 20 16 to
2376 1714 11 12 a
2395 1710 56 20 great
2458 1710 65 17 extent
2531 1716 12 11 a
2558 1712 71 20 martyr
2646 1713 19 14 to
2682 1711 27 16 his
2727 1710 54 22 duty.

2347 1731 30 17 He
2394 1731 90 23 persisted
2502 1733 18 16 in
2539 1732 57 24 doing
2613 1733 51 17 work
2683 1733 53 18 when
2754 1735 27 15 his

2347 1755 59 16 frame!
2415 1761 38 10 was
2462 1756 68 16 unable
2540 1759 19 13 to
2574 1756 43 17 bear
2634 1757 20 16 it.
2681 1756 30 23 Up
2721 1759 20 14 to
2750 1757 31 17 the

2347 1783 43 16 very
2400 1778 36 21 day
2446 1779 20 16 of
2476 1778 26 17 his
2512 1779 55 17 death
2579 1780 21 16 lie
2613 1780 100 16 continued
2723 1782 20 14 to
2752 1780 20 17 in-

2347 1802 58 16 terest
2412 1801 76 18 himself
2497 1802 21 17 in
2525 1802 33 18 the
2567 1806 48 14 worn
2631 1803 17 16 in
2666 1808 88 17 progress
2761 1804 20 16 at

2347 1824 32 17 the
2389 1825 127 18 Sanatorium,
2525 1825 36 17 and
2573 1832 36 10 was
2619 1825 108 24 consulting
2736 1827 45 16 with

2346 1848 29 15 Ins
2385 1853 41 11 men
2435 1848 37 16 and
2483 1848 77 23 making
2570 1849 51 17 notes
2631 1849 36 16 and
2684 1849 69 17 entries
2761 1849 20 17 in

2346 1870 29 17 his
2384 1870 64 18 books.
2475 1871 44 18 Had
2527 1871 24 18 he
2560 1872 87 22 accepted
2665 1872 33 17 the
2714 1873 58 16 retire-

2346 1897 51 13 ment
2408 1894 59 17 which
2478 1900 52 11 yens
2549 1895 19 16 of
2585 1895 52 16 labor
2654 1894 88 17 deserved
2753 1902 28 9 we

2346 1918 35 17 feel
2391 1924 41 10 sure
2442 1918 42 17 that
2495 1924 27 10 we
2531 1919 61 16 would
2603 1921 29 14 not
2645 1919 22 16 be
2676 1925 42 11 now
2728 1919 41 18 writ-

2346 1941 33 21 ing
2386 1940 39 18 this
2432 1946 48 16 poor
2487 1941 72 18 tribute
2566 1942 21 17 to
2601 1942 27 16 his
2644 1948 88 14 memory.

2369 1964 53 16 Since
2440 1965 31 16 Mr
2487 1964 98 23 Malfroy's
2607 1964 75 19 decease
2700 1971 37 11 was
2746 1971 22 12 an-

2345 1987 86 17 nounced
2434 1993 101 12 numerous
2543 1994 91 15 messages
2641 1988 21 18 of
2667 1988 113 19 condolence

2345 2010 47 17 have
2402 2010 45 17 been
2457 2011 90 17 receive!l,
2558 2013 87 21 amongst
2654 2011 63 19 others
2727 2011 48 19 from

2345 2033 33 17 the
2386 2034 85 17 Premier
2486 2035 21 15 of
2525 2035 31 16 the
2572 2034 78 22 colony;
2664 2035 31 17 Mr
2711 2035 27 17 W.
2754 2036 25 18 H,

2345 2056 83 19 Herrios.
2434 2056 88 22 M.H.E.;
2537 2057 35 16 and
2584 2057 29 17 the
2625 2064 64 15 mayor
2698 2058 20 17 of
2726 2058 53 17 Ross.

2345 2080 61 16 Count
2414 2080 109 20 D'Abbans,
2531 2080 33 18 the
2573 2080 70 18 French
2652 2081 116 24 Consul-gen-

2345 2103 39 18 eral
2391 2104 20 16 at
2429 2103 116 23 Wellington
2565 2104 53 16 wired
2636 2110 20 11 as
2670 2105 110 17 follows:

2345 2126 129 23 Exceedingly
2484 2127 75 21 grieved
2570 2126 24 23 by
2605 2127 31 18 the
2641 2127 32 18 sad
2692 2133 50 12 news
2759 2128 21 17 of

2346 2149 31 17 the
2387 2150 54 16 death
2453 2150 20 17 of
2481 2155 47 17 your
2533 2149 87 19 husband
2628 2150 64 18 whose
2705 2151 33 17 life
2747 2152 32 16 did

2344 2173 60 16 honor
2412 2173 45 16 both
2468 2175 19 14 in
2497 2173 28 16 his
2532 2173 63 17 native
2604 2174 35 16 and
2660 2173 28 19 his
2698 2175 81 21 adopted

2345 2199 85 18 country.
2457 2196 8 17 I
2476 2198 60 18 regret
2547 2197 42 16 that:
2599 2197 31 16 tint
2639 2197 84 17 distance
2735 2204 33 16 pre-

2345 2220 54 16 vents
2408 2225 29 11 me
2446 2219 101 20 attending
2556 2219 28 18 his
2590 2219 72 18 funeral
2672 2222 20 15 to
2697 2226 36 17 pay
2744 2221 35 17 due

2345 2246 68 18 respect
2424 2244 18 14 to
2453 2242 31 18 the
2493 2248 82 16 memory
2585 2244 20 15 of
2613 2249 11 10 a
2633 2243 74 23 Knight
2716 2244 20 17 of
2747 2244 33 17 the

2345 2265 70 21 Legion
2427 2266 19 16 of
2567 2265 31 17 Mr
2607 2264 83 20 Gerhard
2700 2267 80 17 Mueller

2344 2288 72 17 arrived
2434 2289 19 16 in
2471 2289 84 16 Rotorua
2569 2295 22 10 on
2607 2289 97 23 Thursday
2724 2291 56 21 night

2345 2312 30 16 for
2391 2311 31 18 the
2432 2317 80 17 purpose
2522 2312 20 17 of
2550 2314 16 14 at
2572 2312 77 21 lending
2658 2314 32 15 the
2700 2314 79 17 funeral.

2478 2343 41 16 Till'
2535 2343 103 18 Fr.\i-:i;.\i

2368 2375 106 21 Yesterday
2483 2375 99 16 afternoon
2592 2375 30 16 Mr
2636 2375 99 24 Malfroy's
2750 2382 20 12 re-

2345 2398 59 17 mains
2414 2404 47 10 were
2468 2397 81 18 interred
2557 2398 16 16 in
2590 2399 30 16 the
2629 2398 44 18 New
2682 2398 98 24 Cemetery

2345 2427 23 10 on
2384 2427 10 10 a
2416 2420 35 18 site
2465 2420 66 18 chosen
2547 2420 24 23 by
2586 2420 74 19 himself
2677 2422 53 17 when
2748 2423 32 17 the

2345 2444 74 21 ground
2429 2449 37 11 was
2476 2443 36 18 laid
2523 2446 29 14 out
2565 2450 10 10 a
2591 2445 34 16 few
2643 2446 75 16 months
2735 2452 43 15 ago.

2345 2467 77 22 Shortly
2431 2468 50 16 after
2498 2467 51 16 three
2564 2467 70 17 o'clock
2651 2468 31 16 the
2699 2470 81 16 remains

2345 2496 47 11 were
2402 2490 58 17 borne
2469 2490 48 17 fiom
2526 2491 33 16 the
2571 2490 98 19 resilience,
2683 2491 32 18 the
2730 2493 40 21 pall-

2345 2514 73 16 bearers
2434 2513 57 22 being
2507 2519 42 11 men
2566 2513 18 17 in
2602 2514 32 17 the
2653 2514 127 19 Government

2345 2536 134 23 employment.
2512 2536 95 21 Amongst
2631 2537 53 17 those
2704 2540 76 20 present

2346 2566 46 10 were
2403 2559 96 18 Monsieur
2504 2559 83 18 Gustavo
2594 2560 81 18 Gabriel.
2684 2561 96 17 Governor

2345 2583 20 16 of
2373 2582 68 19 Tahiti,
2453 2583 138 22 (representing
2599 2583 61 18 Count
2676 2583 103 23 d'Abbans,

2345 2605 161 18 Consul-General
2516 2606 19 16 of
2545 2606 85 22 France),
2646 2606 33 17 the
2694 2608 75 17 aide-de-

2345 2635 55 16 camp
2409 2629 20 17 of
2438 2629 32 17 the
2479 2629 97 16 Governor
2584 2629 36 17 and
2636 2632 37 15 two
2687 2630 58 18 ladies
2760 2632 20 16 of

2345 2652 33 17 the
2398 2654 66 20 party;
2490 2651 64 23 Major
2575 2652 72 18 Harris.
2678 2654 100 20 Brisbane;

2345 2676 69 16 Messrs
2424 2675 17 17 J.
2454 2675 89 22 Malfroy,
2561 2675 57 22 junr.,
2636 2676 64 18 James
2717 2677 62 21 Shaw,

2346 2698 109 23 Kalgoorlie
2462 2704 5 13 ;
2481 2698 20 17 C.
2512 2698 21 18 B.
2544 2698 62 20 Stone,
2623 2699 98 17 Auckland
2729 2698 4 23 ;
2756 2701 23 16 G.

2347 2721 84 21 Mueller,
2451 2721 109 21 Auckland;
2580 2721 99 21 Fountain,
2697 2722 71 20 Queens-

2345 2744 51 19 land,
2406 2745 35 16 and
2452 2750 55 16 many
2518 2744 63 17 others
2596 2745 48 17 from
2662 2751 10 12 a
2690 2746 89 18 distance.

2346 2768 91 17 Tin;local
2446 2767 90 17 residents
2551 2768 72 17 formed
2639 2775 12 10 a
2665 2769 53 21 largo
2734 2775 34 12 con-

2346 2790 75 23 tingent
2431 2797 19 10 so
2459 2790 43 17 that
2511 2790 97 22 following
2617 2791 32 17 the
2655 2792 64 17 hearse
2728 2793 52 17 there

2347 2820 48 10 were
2403 2814 58 16 about
2471 2813 21 18 20
2502 2813 80 17 vehicles
2591 2814 36 16 and
2642 2816 23 15 -10
2682 2815 97 18 horsemen

2346 2837 71 17 besides
2427 2843 11 10 a
2447 2838 54 21 great
2510 2837 80 16 number
2598 2837 41 17 who
2649 2839 102 21 proceeded
2759 2841 21 16 to

2346 2860 32 16 the
2387 2861 92 15 cemetery
2488 2865 24 11 on
2522 2860 46 16 foot.

2370 2884 25 16 At
2412 2883 31 17 the
2459 2887 92 17 cemetery
2568 2882 32 18 the
2617 2884 68 17 service
2702 2884 30 17 for
2749 2885 32 17 the

2347 2906 60 17 burial
2417 2906 19 18 of
2445 2906 32 16 the
2483 2906 46 16 dead
2535 2906 101 22 according
2642 2908 20 16 to
2670 2907 33 18 the
2707 2907 74 25 liturgy

2347 2929 19 17 of
2375 2929 31 17 the
2415 2929 73 17 Cliinch
2499 2929 20 16 of
2529 2928 90 23 England
2636 2936 37 10 was
2690 2930 91 24 feelingly

2347 2952 43 17 read
2400 2952 24 22 by
2433 2952 32 17 the
2474 2951 45 18 Rev.
2530 2952 17 16 S.
2566 2951 60 23 Ingle.
2652 2953 62 23 Major
2729 2954 39 17 Har-

2347 2975 31 20 ris,
2401 2975 82 19 P.G.M.,
2500 2975 127 20 Queensland,
2650 2976 46 18 with
2718 2977 63 18 whom

2347 3004 47 11 were
2414 2998 104 17 associated
2535 2998 22 16 24
2587 2999 91 17 members
2703 3000 21 17 of
2749 3001 32 17 the

2347 3021 84 17 Masonic
2440 3020 60 19 Order
2509 3021 104 17 conducted
2622 3022 32 17 the
2668 3023 61 17 burial
2742 3030 30 10 ser-

2347 3044 39 17 vice
2394 3044 101 22 according-
2504 3045 20 16 to
2533 3044 33 17 the
2575 3045 85 17 Masonic
2673 3046 57 17 ritual
2744 3047 37 16 and

2347 3067 91 17 delivered
2449 3073 24 11 an
2481 3067 74 17 oration
2565 3073 43 12 over
2613 3068 32 17 the
2655 3075 65 16 grave.
2743 3070 39 17 The

2347 3090 85 18 Eotorua
2448 3091 56 16 Brass
2521 3090 55 17 Band
2601 3092 131 22 accompanied
2750 3093 32 17 the

2348 3113 72 18 funeral
2441 3115 75 19 cortege
2533 3113 38 17 and
2589 3114 68 22 played
2680 3115 31 17 the
2729 3116 54 17 Dead

2347 3137 66 17 March
2422 3137 49 16 from
2478 3136 44 17 Baul
2528 3142 22 11 en
2557 3139 53 15 route
2617 3139 21 15 to
2643 3138 32 17 the
2683 3140 98 21 cemetery.

2448 3169 31 13 SIT
2491 3169 39 12 SIM
2544 3169 66 14 TERItA
2622 3170 65 13 LEVIS.

2425 3216 70 17 LAKE
2507 3216 88 17 HOUSE
2609 3217 88 16 HOTEL.

2371 3263 43 16 This
2424 3262 99 22 charming
2532 3262 37 16 and
2578 3263 107 22 pleasantly
2700 3265 84 17 situated

2347 3286 84 22 hostelry
2438 3285 62 16 winch
2509 3285 35 17 has
2553 3285 47 17 been
2613 3286 80 22 steadily
2701 3287 71 18 increas-

2347 3309 34 22 ing
2389 3309 19 16 in
2422 3308 109 23 popularity
2547 3311 89 20 amongst
2652 3310 77 18 tourists
2746 3311 38 17 and

2347 3332 96 16 travellers
2454 3331 97 22 generally
2560 3331 50 17 since
2616 3332 32 17 Mr
2656 3332 38 18 and
2706 3333 41 18 Mrs
2761 3334 21 17 T.

2347 3355 21 16 C.
2379 3354 97 23 Urquhart
2486 3354 87 17 assumed
2582 3355 32 17 the
2623 3355 81 18 conduct
2719 3357 20 16 of
2754 3357 20 17 af-

2347 3378 44 16 fairs
2400 3378 15 16 is
2424 3383 42 11 now
2472 3376 78 23 looking
2556 3378 24 16 its
2588 3378 48 17 best.
2660 3379 124 23 Charmingly

2347 3400 82 18 situated
2438 3406 24 11 on
2471 3400 32 16 the
2512 3400 42 17 lake
2564 3400 53 18 shore
2634 3407 11 11 a
2661 3402 123 23 magnificent

2347 3425 87 20 prospect
2441 3428 44 16 may
2493 3422 25 18 be
2524 3423 88 17 obtained
2622 3425 48 17 from
2678 3425 32 18 the
2716 3432 56 11 veran-

2347 3446 47 17 dahs
2409 3446 37 17 and
2459 3446 94 17 balconies
2572 3447 19 16 of
2608 3447 32 17 the
2657 3449 127 23 surrounding

2348 3472 85 19 country,
2443 3469 38 17 and
2490 3470 19 17 at
2520 3469 31 17 the
2558 3475 50 11 same
2617 3470 45 17 time
2671 3472 33 16 the
2718 3472 66 17 visitor

2348 3492 38 18 will
2394 3492 40 17 find
2442 3492 43 17 that
2493 3493 30 16 his
2529 3492 108 18 immediate
2643 3494 141 18 environments

2347 3522 32 10 are
2387 3516 86 22 pleasant
2482 3515 18 17 in
2511 3515 33 18 the
2552 3517 89 16 extreme.
2666 3517 39 17 The
2711 3518 73 21 garden

2347 3539 46 16 with
2402 3539 24 16 its
2435 3539 80 16 terraces
2523 3538 19 17 of
2550 3538 72 17 flowers
2632 3539 45 17 offer
2685 3546 12 11 a
2713 3541 71 17 wealth

2347 3562 21 16 of
2376 3562 84 21 coloring
2469 3562 61 16 which
2539 3561 33 17 the
2579 3561 47 17 least
2631 3562 153 22 impressionable

2347 3590 35 12 can
2402 3584 81 22 scarcely
2499 3585 35 16 tire
2551 3585 21 15 of
2587 3584 166 25 comtemplating;
2763 3593 21 12 so

2347 3607 43 18 that
2398 3608 19 16 in
2428 3607 53 17 these
2488 3607 36 17 hot
2532 3607 38 17 and
2578 3607 57 23 dusty
2643 3608 85 23 January
2737 3610 47 22 days

2347 3630 16 17 it
2371 3631 15 17 is
2395 3636 44 16 easy
2448 3632 20 15 to
2484 3630 117 17 understand
2615 3631 45 22 why
2674 3632 77 18 visitors
2763 3635 21 16 to

2347 3653 33 17 tho
2389 3653 4 20 '
2401 3653 63 17 Lake'
2474 3653 25 17 do
2507 3655 35 15 not
2550 3659 43 11 care
2598 3654 19 16 to
2623 3655 41 16 tear
2670 3654 112 19 themselves

2348 3682 54 16 away
2423 3677 50 16 from
2493 3676 75 17 charms
2588 3677 60 17 which
2669 3683 21 11 so
2706 3679 78 17 sweetlv

2347 3699 119 18 recommend
2475 3699 112 17 themselves
2595 3701 46 16 unto
2651 3699 49 18 their
2709 3702 75 22 gentler

2347 3727 68 13 senses.
2453 3722 60 17 When
2530 3728 37 11 one
2582 3722 54 18 looks
2652 3723 48 17 back
2722 3730 11 11 a
2747 3725 37 17 few

2348 3745 75 17 months
2433 3745 38 17 and
2477 3745 112 17 remembers
2595 3746 32 16 the
2633 3746 98 23 unsightly
2737 3753 35 11 con-

2347 3767 61 18 dition
2429 3767 61 19 which
2511 3768 53 17 these
2581 3774 50 11 same
2648 3769 80 22 gardens
2746 3771 38 17 and

2347 3791 59 17 lawns
2414 3790 101 23 presented
2523 3792 16 16 it
2545 3797 58 11 seems
2610 3797 20 11 as
2635 3792 15 16 if
2657 3797 10 11 a
2673 3793 110 22 magician's

2347 3814 56 17 wand
2412 3816 51 15 must
2476 3814 47 18 have
2532 3814 47 18 been
2593 3814 65 18 waved
2671 3821 44 11 over
2732 3816 51 18 thorn

2347 3837 19 16 in
2376 3837 32 17 the
2414 3837 89 17 interval.
2532 3837 40 17 The
2587 3837 86 23 gardens,
2689 3838 93 22 however,

2347 3860 25 17 do
2380 3861 34 16 not
2423 3860 57 17 stand
2494 3860 55 17 alone
2563 3861 19 16 in
2598 3861 87 22 showing
2700 3861 32 18 the
2747 3863 24 17 im-

2347 3885 120 20 provements
2476 3884 44 16 that
2527 3884 48 16 have
2583 3884 83 21 recently
2680 3884 47 17 been
2741 3891 31 12 car-

2348 3905 39 17 ried
2396 3908 39 15 out.
2469 3906 52 17 Lake
2537 3907 66 17 House
2618 3907 16 16 is
2650 3907 97 18 fortunate
2763 3909 20 17 in

2347 3929 20 17 in
2377 3929 108 23 possessing
2492 3936 12 11 a
2513 3930 66 22 couple
2587 3930 20 17 of
2615 3930 74 22 springs
2695 3930 88 18 identical

2347 3952 20 17 in
2377 3958 54 16 every
2440 3952 88 17 essential
2536 3952 29 23 (as
2573 3953 34 16 has
2615 3952 46 17 been
2670 3953 71 21 proved
2757 3955 26 21 by

2348 3975 29 17 Sir
2396 3975 64 18 James
2478 3975 88 18 Hector's
2582 3975 88 23 analysis)
2688 3976 46 18 with
2751 3978 32 17 the

2348 3999 73 17 famous
2431 3999 76 17 Priest's
2516 3999 37 17 and
2562 3999 69 17 Eachel
2640 3999 79 22 Springs
2726 4001 19 15 at
2751 4000 32 18 the

2349 4021 127 18 Sanatorium.
2499 4021 72 18 Within
2580 4022 32 17 the
2620 4023 43 21 past
2671 4022 36 17 few
2723 4023 60 17 weeks

2348 4044 32 17 the
2388 4044 116 18 bath-house
2510 4045 34 17 has
2549 4045 47 17 been
2602 4045 89 22 partially
2699 4046 83 17 restored

2348 4067 37 17 and
2394 4068 43 16 four
2441 4068 58 17 baths
2507 4074 32 11 are
2547 4074 43 11 now
2602 4068 91 17 available
2707 4069 30 16 for
2751 4070 31 16 the

2349 4096 32 11 use
2389 4091 21 16 of
2417 4091 82 17 visitors.
2525 4091 54 20 That,
2589 4091 92 20 however,
2690 4091 44 17 does
2749 4094 33 15 not

2347 4113 20 16 in
2374 4119 37 16 any
2418 4119 42 16 way
2467 4115 50 16 meet
2522 4115 75 20 present
2606 4115 133 21 requirements
2747 4115 36 18 but

2349 4141 27 12 we
2384 4136 48 18 have
2440 4142 56 17 every
2505 4142 67 12 reason
2580 4138 20 16 to
2609 4137 71 17 believe
2692 4138 41 17 that
2750 4139 32 16 the

2805 138 60 17 whole
2881 138 46 17 bath
2944 138 108 22 equipment
3070 138 37 16 will
3125 138 70 21 shortly

2803 160 68 21 placed
2886 161 20 16 in
2923 167 23 10 an
2968 161 150 22 irreproachable
3135 161 98 18 condition.

2803 184 39 16 The
2850 185 66 15 waters
2926 183 19 17 of
2954 184 51 16 these
3014 184 12 16 b
3033 184 36 17 itbS
3079 190 31 10 .ire
3121 185 32 16 not
3165 183 4 24 -
3179 183 29 24 ibje
3226 183 3 24 I

2803 209 21 14 to
2833 206 33 17 the
2880 206 102 17 variations
2996 207 19 16 in
3031 208 127 21 temperature
3176 207 55 19 which

2804 230 53 16 those
2866 230 88 15 identical
2966 230 44 15 with
3025 229 50 18 them
3094 233 17 12 at
3132 229 30 18 the
3179 230 41 18 Sana-

2803 251 70 19 torium
2883 251 84 23 undergo
2976 252 37 16 and
3022 252 14 16 it
3047 252 29 16 100
3090 259 7 9 s
3105 252 37 16 like
3151 252 57 23 flying
3216 254 17 17 in

2804 276 18 16 in
2833 275 30 17 the
2874 276 39 15 face
2922 276 19 16 of
2951 273 115 19 Providence
3069 275 40 17 thai
3120 275 111 23 tbeyshould

2803 301 35 14 not
2853 298 24 17 be
2893 298 75 17 utilised
2983 300 20 15 to
3020 298 49 17 their
3087 298 60 17 fullest
3165 303 61 14 extent

2803 322 39 16 The
2851 324 85 14 concrete
2951 321 87 22 pathway
3051 320 76 22 leading
3142 322 46 16 from
3203 323 30 16 tin:

2803 345 58 16 house
2870 346 20 15 to
2899 344 31 18 the
2939 345 56 15 baths
3004 344 15 16 is
3028 345 39 15 also
3083 345 16 15 in
3116 350 83 15 progress
3215 347 17 16 of

2803 367 63 23 repair
2873 367 37 18 and
2921 368 52 16 when
2982 365 80 19 finished
3073 367 37 16 will
3128 367 35 18 add
3181 369 50 17 much

2803 392 19 15 to
2831 390 33 17 the
2873 391 80 16 comfort
2961 391 20 16 of
2993 390 79 16 visitors.
3099 390 80 23 Making
3185 392 48 18 one's

2803 419 42 17 way
2852 419 28 16 up
2887 413 40 18 this
2933 413 48 22 path
2988 412 38 18 and
3034 413 87 22 entering
3135 414 30 16 the
3181 414 52 19 house

2803 437 24 21 by
2838 437 50 16 what
2897 442 35 10 our
2941 435 76 18 Yankee
3024 436 75 17 cousius
3106 440 46 13 term
3159 444 8 8 a

2802 459 46 18 door
2941 459 31 17 the
2981 458 147 24 drawing-room
3137 459 14 18 is
3156 461 79 18 ordered*

2803 482 75 17 Amidst
2895 483 24 16 its
2935 482 28 17 air
2983 483 20 16 of
3024 482 111 17 substantial
3158 485 75 17 nouifort

2803 506 37 16 this
2849 507 107 20 apartment
2969 505 59 17 shows
3037 505 26 22 by
3079 512 56 15 many
3153 508 76 17 iraeafu]

2803 530 78 15 touches
2890 529 42 16 that
2947 527 39 19 Mrs
3001 527 114 24 Urquhart's
3132 527 38 19 deft
3186 529 45 19 hand

2803 552 34 17 has
2853 552 47 17 been
2918 553 19 15 at
2955 552 57 15 work.
3045 552 40 15 The
3101 550 130 23 diniuar-room,

2803 574 61 18 which
2871 574 17 18 is
2895 576 50 16 next
2951 573 82 20 entered,
3043 574 33 18 has
3092 574 40 16 alio
3146 574 43 17 been
3203 582 19 10 ar-

2804 598 71 20 ranged
2882 604 24 10 on
2916 604 11 10 a
2939 598 102 16 somewhat
3056 597 83 17 different
3159 597 41 22 plan
3215 600 18 16 to

2803 621 43 16 that
2855 621 18 16 in
2883 626 61 16 vogue
2954 619 87 23 formerly
3051 625 20 13 bo
3081 620 39 17 that
3132 621 67 21 parties
3215 623 18 16 of

2803 644 71 16 fjiends
2883 649 44 16 may
2934 644 66 16 choose
3006 650 11 10 a
3023 643 51 17 table
3085 643 28 17 for
3119 644 113 18 themselves.

2803 667 17 16 A
2829 666 66 22 glance
2904 668 20 15 at
2934 672 36 12 one
2978 672 21 11 or
3007 668 38 15 two
3054 666 20 17 of
3091 666 32 18 the
3139 665 94 21 bedrooms

2803 690 16 16 is
2827 690 53 22 quite
2888 689 92 17 sufficient
2988 691 20 15 to
3017 689 52 17 show
3081 689 42 17 that
3139 690 31 16 the
3186 696 47 11 sunt

2803 712 119 23 atmosphere
2938 713 20 16 of
2974 712 81 18 comfort
3069 712 108 18 observable
3189 713 35 16 else-

2804 736 61 16 where
2872 736 89 22 pervades
2975 736 32 16 the
3024 735 61 17 whole;
3102 736 62 16 house.
3197 736 36 17 Tin'

2803 759 35 16 bar
2846 765 21 11 or
2876 759 62 22 public
2948 760 41 21 part
2999 759 20 17 of
3026 759 33 16 the
3068 757 50 19 hotel
3129 759 14 16 is
3153 759 40 15 shut
3210 757 25 20 off

2803 781 26 23 by
2838 788 64 11 means
2911 782 19 17 of
2943 781 127 23 swing-doors
3084 781 37 17 and
3135 788 24 10 no
3172 781 47 19 incon-

2803 805 88 18 venience
2905 811 43 16 may
2962 805 22 16 be
2998 804 114 23 anticipated
3131 805 46 17 from
3195 805 38 18 that

2803 834 71 11 source.
2899 828 38 17 The;
2947 828 143 18 billiard-room,
3105 827 98 24 according
3216 831 19 14 to

2805 851 32 17 the
2845 851 71 18 dictum
2926 852 20 16 of
2975 851 40 17 Tim
3141 851 41 16 who
3200 858 34 9 was

2803 875 44 16 here
2855 875 33 16 the
2897 875 54 16 other
2967 875 36 21 day
3020 874 36 16 anil
3077 874 42 16 who
3136 874 15 16 is
3169 877 11 6 '
3187 879 48 12 some

2804 897 81 22 punkins
2913 904 20 10 as
2947 903 24 11 an
2984 897 104 21 authority,
3102 903 9 9 e;
3120 896 65 18 attains
3202 903 33 10 one

2804 921 20 16 of
2833 920 32 17 the
2874 920 40 18 best
2924 920 59 18 tables
2991 921 19 16 in
3020 920 33 17 the
3065 919 73 19 district
3149 919 34 18 and
3193 920 10 16 it
3221 921 12 15 is

2804 944 45 21 only
2858 950 11 10 a
2878 944 41 22 pity
2928 944 42 16 that,
2978 943 32 17 the
3019 945 38 15 rest
3064 943 20 16 of
3092 943 32 16 the
3136 945 99 20 entourage

2805 967 19 16 of
2833 966 32 17 the
2874 969 105 19 apartment
2989 966 16 18 is
3013 968 34 15 not
3061 966 17 17 in
3094 966 82 22 keeping
3192 966 41 17 with

2803 990 22 16 it.
2850 990 39 17 The
2902 990 34 17 bar
2949 990 16 16 is
2977 989 77 17 stocked
3071 989 45 17 witli
3135 989 31 17 the
3183 990 50 16 finest

2804 1013 86 21 vintages
2899 1013 109 22 procurable
3017 1013 19 16 in
3045 1013 31 16 the
3092 1013 71 15 market
3178 1012 55 18 which

2805 1037 102 16 statement
2913 1035 17 19 is
2937 1035 73 18 backed
3018 1041 27 17 up
3053 1035 26 22 by
3094 1042 34 9 our
3142 1041 40 10 own
3198 1041 24 12 ma-

2804 1059 56 18 tured
2884 1059 37 17 and
2941 1059 92 17 infallible;
3054 1058 107 23 judgment.
3198 1058 37 18 The

2805 1082 82 22 sanitary
2897 1083 141 22 arrangements
3051 1082 47 16 have
3115 1081 43 18 been
3173 1081 62 22 placed

2805 1111 24 11 on
2845 1105 33 17 the
2894 1107 48 15 most
2964 1106 118 20 satisfactory
3105 1105 79 21 tooting,
3205 1105 30 16 the

2805 1128 90 21 drainage
2904 1128 56 22 being
2971 1127 173 23 unexceptionable.
3171 1129 27 15 An
3207 1129 19 15 in-

2805 1152 83 21 spection
2906 1152 20 16 of
2942 1152 32 16 the
2991 1152 61 21 yards,
3075 1150 107 21 outhouses,
3198 1151 35 20 &c.,

2805 1174 49 22 fully
2874 1174 135 18 demonstrates
3029 1174 33 17 the
3082 1174 53 18 truth
3155 1176 19 14 of
3194 1175 41 17 this.

2805 1198 33 16 We
2847 1198 47 16 have
2906 1204 24 10 no
2944 1198 59 16 doubt
3018 1198 43 16 that
3077 1198 32 16 the-
3125 1204 49 9 same-
3189 1199 46 19 j_'"nd

2805 1221 75 16 fortune
2902 1221 59 16 which
2982 1220 89 19 attended
3094 1221 31 16 Mr
3145 1220 36 17 and
3199 1221 36 16 Mrs

2805 1244 114 23 Urquhart's
2928 1245 132 22 management
3069 1244 21 16 of
3104 1244 31 16 tin'
3154 1243 81 23 Imperial

2805 1267 64 20 Hotel,
2880 1267 103 20 Auckland,
2994 1267 37 17 and
3040 1267 32 17 the
3081 1266 90 18 Okoroire
3181 1268 44 15 Sana-

2805 1291 75 18 torium,
2900 1290 38 17 will
2959 1290 46 17 wait
3021 1296 50 16 upon
3094 1289 48 18 their
3165 1293 70 19 present

2805 1314 64 16 efforts
2878 1314 19 16 in
2907 1314 89 16 liotorua.

2908 1372 17 16 A
2933 1372 80 16 TRAIN
3026 1372 35 16 ON
3080 1371 67 19 FIRE.

2834 1419 28 17 A:>
2874 1419 100 17 Excitino
2984 1419 99 18 Incident
3092 1420 116 16 oi'TiiAvr.r..

2827 1450 17 18 A
2852 1450 62 18 rather
2923 1450 83 22 exciting
3015 1455 110 13 occurrence
3141 1450 93 24 happened

2805 1479 24 11 on
2844 1473 86 23 Monday
2936 1473 74 23 night's
3015 1473 51 18 train
3076 1474 93 22 supposed
3180 1477 19 15 to
3206 1479 19 12 ar-

2805 1496 38 18 rive
2852 1497 43 17 here
2904 1499 21 15 at
2933 1497 42 18 7.40
2982 1502 45 17 p.m.
3054 1497 25 16 As
3094 1496 54 18 usual
3154 1496 32 18 she
3201 1503 35 11 was

2804 1526 44 11 over
2866 1525 24 12 an
2907 1520 48 16 hour
2974 1519 70 17 behind
3059 1520 45 16 time
3122 1520 36 16 and
3174 1526 51 12 conse-

2804 1543 79 23 quently
2897 1548 12 12 a
2924 1543 49 22 good
2987 1548 57 17 many
3058 1548 77 17 persons
3149 1549 47 11 were
3207 1549 19 11 as-

2805 1566 82 18 sembled
2903 1572 24 11 on
2940 1566 32 17 the
2986 1566 71 17 station
3074 1566 98 22 platform.
3198 1566 38 17 Her

2805 1590 73 16 whistle
2892 1595 38 11 was
2943 1588 57 19 heard
3019 1589 38 17 and
3071 1589 33 17 her
3125 1589 47 18 head
3189 1589 44 24 light

2805 1612 54 18 could
2873 1613 22 16 he
2906 1618 41 11 seen
2961 1612 96 22 rounding
3070 1613 32 17 the
3123 1618 54 12 curve
3193 1618 42 12 near

2804 1635 33 19 the
2845 1635 68 23 engine
2929 1635 51 21 shed,
2996 1635 78 18 whenin
3090 1641 9 12 a
3112 1637 81 16 moment
3205 1635 29 18 the

2805 1659 60 16 whole
2874 1659 48 16 train
2932 1658 92 23 appeared
3034 1660 20 15 to
3068 1658 24 17 be
3105 1658 101 23 enveloped
3218 1658 16 18 ill

2804 1689 11 9 a.
2822 1689 49 10 mass
2880 1683 20 15 of
2909 1682 38 16 lire.
2973 1682 17 16 A
3002 1682 53 16 shrill
3067 1681 49 18 shrie
3130 1682 33 23 ing
3178 1682 55 16 sound

2804 1705 75 17 showed
2887 1705 44 17 that
2938 1710 55 17 every
3002 1705 54 16 valve
3064 1704 38 18 hd
3110 1705 45 17 been
3165 1705 71 18 thrown

2804 1734 48 16 open
2858 1729 58 16 audit
2923 1733 36 13 was
2963 1729 92 21 apparent
3062 1728 40 17 that
3111 1729 31 16 the
3149 1728 47 17 train
3200 1728 35 18 had

2803 1752 47 16 been
2860 1752 84 22 brought
2952 1753 20 15 to
2980 1758 11 10 a
3001 1751 112 17 stand-still.
3127 1751 31 18 Mr
3175 1752 48 17 Wain-

2803 1774 61 18 house
2870 1775 142 17 stationmaster
3017 1774 133 23 accompanied
3167 1774 24 23 by
3206 1774 30 18 the

2804 1798 54 17 other
2878 1798 95 22 employes
2987 1797 37 17 and
3046 1803 56 17 many
3132 1797 104 18 volunteers

2804 1821 68 16 rushed
2881 1821 56 17 down
2944 1821 31 16 the
2990 1821 37 16 line
3041 1826 13 11 a
3058 1820 84 19 distance
3151 1821 21 17 of
3180 1821 53 18 about

2803 1851 11 10 a
2827 1846 77 20 quarter
2926 1844 20 17 of
2959 1850 11 11 a
2993 1844 50 19 mile,
3057 1844 54 16 when
3121 1845 45 21 tiny
3180 1845 54 16 found

2805 1868 66 16 Driver
2880 1867 60 17 Smith
2955 1867 36 17 and
3010 1867 27 16 his
3052 1871 50 13 mate
3112 1867 66 18 OShea
3192 1868 42 16 with

2804 1889 229 23 conductoreerebusily
3039 1890 87 23 engaged
3135 1891 18 16 in
3161 1890 74 24 beating

2803 1915 35 16 out
2843 1914 34 17 the
2882 1914 65 17 flames
2956 1913 40 18 and
3001 1913 106 23 unloading
3122 1921 10 9 a
3147 1914 54 17 truck
3217 1914 18 17 of

2803 1936 51 19 chaff
2860 1936 63 19 which
2926 1936 39 18 had
2972 1936 76 18 become
3056 1936 80 23 ignited.
3162 1938 29 21 By
3205 1936 30 18 the

2803 1961 95 16 exertions
2906 1961 19 15 of
2932 1961 33 15 the
2973 1960 59 16 whole
3045 1962 56 20 party
3113 1960 31 16 the
3159 1960 32 18 fire
3201 1966 36 11 was

2803 1983 76 24 quickly
2892 1982 134 24 extinguished
3034 1982 38 18 and
3078 1983 33 18 the
3125 1984 48 16 train
3189 1986 43 16 wenl

2803 2014 23 10 on
2836 2009 20 15 to
2865 2008 32 16 the
2907 2007 74 16 station.
3006 2006 39 17 The
3051 2006 41 17 first
3100 2008 62 16 action
3172 2008 20 16 of
3205 2008 29 17 the

2803 2030 68 21 driver,
2885 2030 16 17 it
2909 2035 43 17 may
2967 2030 22 16 be
2997 2030 114 19 mentioned,
3121 2036 23 11 on
3163 2031 72 23 pulling

2803 2055 32 16 the
2844 2054 49 16 train
2903 2059 25 16 up
2937 2058 38 12 was
2982 2054 19 16 to
3008 2053 94 21 uncouple
3109 2053 31 17 the
3155 2054 79 23 burning

2803 2077 54 17 truck
2867 2077 47 16 from
2928 2077 32 16 the
2969 2082 41 11 rear
3020 2076 75 22 portion
3112 2077 20 17 of
3146 2077 31 18 the
3187 2078 47 17 train

2803 2100 61 18 which
2874 2106 37 11 was
2920 2099 99 23 composed
3027 2100 20 16 of
3056 2105 11 11 a
3079 2100 102 22 composite
3193 2107 31 16 pas-

2802 2129 67 17 senger
2882 2129 31 11 ear
2933 2123 38 17 and
2988 2123 32 17 the
3039 2123 77 22 guard's
3135 2129 42 15 van,
3193 2124 41 18 thus

2802 2147 87 22 averting
2895 2147 25 17 all
2929 2147 72 22 danger
3010 2147 19 17 of
3039 2147 32 16 the
3089 2147 32 17 lire
3131 2147 102 22 extending

2802 2171 18 16 in
2841 2171 43 16 that
2901 2170 99 22 directing.
3039 2170 39 17 The
3099 2173 132 19 compartment

2803 2194 19 17 of
2843 2194 32 16 the
2899 2194 83 20 carriage
3004 2195 46 15 next
3067 2195 20 15 to
3104 2195 32 16 the
3153 2194 80 23 burning

2802 2217 54 17 truck
2866 2223 38 11 was
2912 2223 12 10 a
2930 2217 40 17 first
2980 2216 46 18 class
3033 2222 34 12 one
3076 2217 19 17 in
3111 2218 59 16 which
3184 2218 50 18 there

2803 2246 47 11 were
2864 2241 38 15 two
2916 2239 113 23 gentlemen.
3056 2240 29 17 On
3099 2241 33 16 the
3149 2241 85 23 bursting

2802 2266 34 15 out
2844 2263 20 17 of
2872 2263 33 17 the
2918 2263 63 18 flames
2990 2263 45 22 they
3051 2263 60 17 found
3125 2264 108 17 themselves

2802 2288 18 15 in
2830 2287 63 16 rather
2902 2293 11 10 a
2922 2286 70 17 critical
3001 2286 88 22 position.
3114 2288 52 21 They
3181 2288 53 17 could

2803 2312 33 15 not
2845 2310 46 16 with
2906 2310 60 21 safety
2975 2315 65 16 escape
3059 2310 26 22 by
3098 2310 32 17 the
3145 2310 86 23 platform

2802 2333 37 17 and
2856 2333 32 17 the
2906 2333 160 24 communicating
3082 2334 46 16 door
3151 2334 81 18 between

2803 2357 42 17 that
2853 2356 37 17 and
2897 2357 32 16 the
2937 2358 46 15 next
2992 2357 138 22 compartment
3140 2363 37 12 was
3184 2358 39 17 lock-

2803 2380 28 17 ed.
2865 2380 41 16 One
2914 2380 21 16 of
2949 2380 57 19 them,
3022 2380 94 19 however,
3135 2382 97 17 succeeded

2802 2404 18 16 in
2831 2403 96 22 smashing
2936 2403 32 17 the
2977 2403 54 22 panel
3039 2404 20 16 of
3067 2404 32 16 the
3109 2404 51 19 door,
3170 2404 34 18 but
3209 2405 24 22 by

2803 2427 37 16 this
2846 2427 45 16 time
2900 2427 32 16 the
2940 2427 50 16 train
3000 2426 37 18 had
3046 2426 46 18 been
3102 2427 84 18 brought
3196 2429 18 17 to
3223 2434 10 11 a

2803 2449 101 21 standstill,
2924 2449 32 18 the
2980 2449 75 18 volume
3073 2450 20 17 of
3112 2449 63 20 flames
3198 2451 35 17 had

2803 2473 105 20 slackened,
2924 2473 37 17 and
2979 2473 33 17 the
3029 2473 84 22 burning
3129 2474 55 17 true'e
3198 2475 35 16 had

2803 2496 46 17 been
2857 2496 64 16 drawn
2931 2496 65 17 ahead.
3029 2497 31 17 An
3073 2498 127 17 examination
3216 2498 18 17 of

2803 2519 33 17 the
2852 2520 84 22 carriage
2950 2520 112 16 afterwards
3076 2521 77 16 showed
3168 2521 40 17 that
3221 2522 12 16 ir

2803 2543 37 16 had
2857 2543 47 16 been
2927 2543 96 21 subjected
3037 2545 20 15 to
3071 2549 10 12 a
3103 2543 125 18 considerable

2804 2568 79 15 amount
2899 2566 20 16 of
2933 2566 105 23 scorching,
3071 2567 39 16 The
3127 2567 107 22 gentleman

2803 2589 43 17 who
2855 2589 58 17 broke
2923 2589 17 17 in
2949 2589 32 17 the
2990 2589 55 22 panel
3054 2590 20 16 of
3084 2590 32 17 the
3130 2590 45 18 door
3189 2596 45 18 gave

2804 2612 29 17 his
2842 2618 55 11 name
2906 2613 20 16 to
2935 2613 32 16 the
2976 2612 61 23 guard
3052 2619 24 11 on
3092 2614 67 16 arrival
3172 2616 19 14 at
3205 2614 30 17 the

2803 2635 68 17 station
2881 2636 19 16 in
2912 2636 53 19 view,
2981 2636 15 16 it
3012 2642 42 16 may
3068 2636 24 18 be
3098 2637 105 21 presumed,
3217 2637 17 18 of

2803 2664 37 16 any
2850 2659 55 17 claim
2913 2659 33 17 the
2955 2658 84 23 Railway
3048 2660 112 17 authorities
3176 2661 57 21 might

2803 2682 54 16 make
2867 2688 23 10 on
2899 2682 40 17 him
2948 2683 29 15 for
2986 2681 105 24 damaging
3104 2683 50 17 their
3167 2684 67 21 rolling

2803 2704 59 18 stock.
2886 2705 21 17 It
2914 2705 16 16 is
2938 2707 34 15 not
2980 2705 58 22 likely
3050 2706 87 17 however
3150 2707 32 16 the
3198 2707 24 17 De-

2803 2729 95 20 partment
2907 2728 37 17 will
2954 2729 73 16 trouble
3036 2729 38 16 him
3085 2730 17 15 in
3109 2730 38 16 this
3158 2733 75 19 respect.

2803 2751 38 17 The
2850 2751 139 22 responsibility
2999 2757 58 12 seems
3064 2754 20 15 to
3098 2752 23 17 be
3135 2753 31 17 the
3184 2754 51 17 other

2803 2779 41 11 way
2853 2775 65 15 about.

2826 2797 59 17 There
2893 2802 49 13 were
2948 2797 53 19 three
3006 2803 91 18 waggons
3113 2799 88 18 attached
3217 2801 18 17 to

2804 2820 31 17 the
2843 2820 69 22 engine
2921 2826 34 11 one
2964 2821 40 17 coal
3013 2822 55 16 truck
3076 2821 38 18 and
3121 2824 38 16 two
3174 2823 61 18 tracks

2804 2844 19 16 of
2838 2843 54 18 chaff.
2925 2844 39 17 The
2981 2844 52 17 chaff
3048 2845 64 18 truck?
3133 2846 37 18 had
3191 2847 44 17 been

2804 2866 83 23 securely
2909 2866 118 24 tarpaulined
3048 2868 62 19 down,
3132 2871 33 15 hut
3185 2870 50 18 there

2804 2896 34 10 can
2846 2889 23 17 be
2878 2896 24 11 no
2914 2890 60 17 doubt
2982 2890 42 18 that
3031 2896 11 12 r.
3060 2892 55 21 spurt
3124 2894 50 16 must
3191 2893 44 18 have

2804 2913 57 17 fallen
2879 2919 23 11 on
2917 2913 33 17 the
2965 2920 42 10 roar
3016 2914 38 17 and
3073 2915 58 17 burnt
3149 2917 23 15 its
3197 2922 38 16 way

2804 2936 83 21 through
2897 2937 37 16 and
2949 2937 44 17 tben
3003 2937 69 18 fanned
3081 2939 25 21 by
3116 2939 32 18 the
3161 2940 44 17 rush
3219 2934 17 22 fit

2804 2960 129 22 aii'suddenly
2939 2960 54 18 burst
3002 2963 34 15 out
3049 2967 20 11 as
3085 2962 101 18 described.
3219 2963 14 16 It

2805 2989 38 11 was
2852 2983 108 22 eventually
2975 2984 59 16 found
3043 2984 42 18 that
3095 2991 44 11 over
3155 2987 22 15 -10
3191 2986 45 21 bags

2804 3005 37 18 had
2856 3006 47 17 been
2913 3006 98 22 destroyed
3020 3008 37 16 and
3067 3008 32 16 the
3115 3014 83 17 waggon
3214 3009 14 16 it-

2804 3029 36 17 self
2870 3035 39 11 was
2932 3030 129 22 considerably
3092 3031 83 18 charred.
3205 3031 33 18 We

2805 3052 116 17 understand
2937 3052 43 18 that
2996 3050 31 21 the
3038 3054 63 17 trucks
3119 3057 18 14 in
3154 3056 83 21 question

2805 3075 38 17 had
2851 3075 39 17 lain
2899 3077 20 15 at
2928 3081 11 12 a
2948 3075 62 24 siding
3019 3077 30 16 for
3057 3078 38 16 two
3102 3083 22 12 or
3132 3078 53 17 three
3194 3078 42 21 days

2806 3099 82 21 exposed
2896 3100 20 15 to
2925 3099 32 17 the
2965 3099 54 18 fierce
3027 3105 44 17 rays
3081 3101 21 16 of
3109 3101 75 17 thesun.
3198 3101 40 17 This

2806 3127 91 16 exposure
2914 3122 63 17 would
2996 3124 98 21 naturally
3112 3124 68 17 render
3195 3124 41 17 both

2806 3145 51 16 chaff
2870 3145 38 17 and
2915 3145 96 22 tarpaulin
3025 3146 27 18 all
3059 3146 34 18 the
3098 3152 53 12 more
3167 3147 60 18 inflam-

2806 3167 68 18 mable.
2908 3168 38 17 The
2955 3168 69 18 drivers
3040 3169 36 17 and
3098 3170 61 23 guard
3174 3171 21 17 of
3209 3170 30 18 the

2806 3191 50 16 train
2873 3197 31 11 are
2920 3193 20 15 to
2955 3191 23 18 be
2993 3193 145 21 complimented
3153 3200 24 10 on
3194 3193 45 18 their

2807 3214 62 17 action
2885 3214 21 17 in
2920 3215 52 17 what
2988 3221 38 11 was
3043 3222 24 10 an
3081 3216 112 19 unforeseen
3205 3216 33 17 ami

2807 3237 38 16 and
2854 3237 70 17 critical
2935 3238 88 16 situation
3031 3237 4 24 ;
3069 3239 46 22 they
3129 3239 54 17 acted
3196 3239 43 18 with

2807 3262 120 20 promptness
2946 3261 38 16 and
3006 3261 102 23 judgment
3125 3263 37 16 and
3179 3261 59 20 would

2807 3283 48 16 have
2872 3284 130 22 undoubtedly
3024 3285 101 17 succeeded
3139 3285 19 17 in
3179 3286 50 17 extin-

2807 3306 92 22 guishing
2913 3306 32 18 the
2961 3306 33 18 fire
3009 3308 82 17 unaided
3108 3308 74 23 though
3206 3308 29 18 the

2807 3327 44 24 help
2860 3329 91 17 rendered
2959 3329 25 23 by
2993 3330 32 18 Mr
3162 3332 37 16 and
3213 3332 25 16 his

2807 3352 122 22 companions
2937 3359 38 11 was
2989 3355 20 15 ot
3026 3360 65 11 course
3106 3356 50 16 most
3173 3355 66 23 oppor-l

2806 3376 53 15 tune.

1116 83 59 19 THE
1203 83 57 20 HOT
1288 81 93 23 LAKES
1410 81 172 23 CHRONICLE,
1611 80 160 23 SATURDAY,
1799 80 138 20 JANUARY
1965 81 18 26 9,
2001 81 49 18 1897

170 239 432 45 iSRHWatMOUSE.

213 303 128 23 (Formerly
348 302 40 18 the
397 301 148 22 Parsonage.)

641 336 249 33 HOTORTXA.

126 404 163 26 SITUATION
307 400 195 28 UNRIVALLED.

259 458 174 28 EXCELLENT
454 456 233 26 TESTIMONIALS.

110 554 57 26 Mrs
183 554 29 25 D.
232 552 199 29 GRIFFITHS,
484 564 11 4 -

291 663 191 19 TARIFF-Two
497 662 102 18 Guineas
611 666 41 18 per
663 660 72 18 week.

536 705 71 18 Weeks
619 708 42 13 and
674 707 104 13 ltwakds.

74 946 113 43 UNION
194 945 146 17 STEAMSHIP
344 943 124 18 COMPANY
472 942 31 18 OF

168 969 58 18 NEW
240 968 120 18 ZEALAND
370 965 87 20 limited.

136 1006 122 16 J'KOl'O-hiJ
271 1004 92 17 PEPaRi
371 1004 66 15 UKlw

207 1036 47 17 JjOK
267 1035 101 17 HYDHh.X.

71 1073 110 19 Waiiioka,
203 1072 84 21 Monday
303 1070 44 19 Jan.
367 1070 26 20 18,
416 1070 10 16 5
433 1074 47 17 p.m.

72 1352 161 42 HUDDAKT,
259 1350 111 19 PARKER,
391 1349 54 17 AND
466 1347 31 18 CO

235 1373 107 25 (LIMITED),

94 1419 95 24 Splendid,
200 1418 161 25 Well-appointed
368 1418 93 18 Steamers
465 1416 39 18 will

71 1443 23 18 be
103 1443 112 22 despatched
226 1443 48 17 from
283 1443 118 19 Auckland,
410 1446 21 11 as
445 1439 59 18 under

69 1465 91 24 (weather
175 1465 38 18 and
233 1467 54 16 other
303 1465 142 18 eircumstances
461 1468 32 16 por-

71 1488 120 23 mitting):

70 1513 41 17 Pol!
118 1512 135 18 GISUORNE,
260 1511 104 17 NAPIER.
372 1509 115 17 WELLING-

92 1535 57 20 TON,
160 1535 158 17 LYTTELTON,
329 1535 14 15 &
352 1531 127 20 DUNEDIN,

71 1559 99 20 Anglian,
179 1559 101 18 Tuesday,
288 1557 43 18 Jan.
346 1557 26 16 12.
381 1557 20 15 12
408 1561 56 10 noon.

71 1582 104 17 Tasmania
194 1582 124 19 ...Tuesday,
324 1580 43 18 Jan.
380 1579 27 20 26,
416 1579 21 16 Pi
445 1582 58 19 nocg

197 1627 51 17 POP
262 1625 112 19 SYDNEY,

115 1650 115 24 (Eeturning
242 1651 19 17 to
271 1648 98 19 Auckland
378 1648 80 28 JJfrect.)

70 1674 92 23 Carrying
183 1674 113 22 Passengers
317 1673 36 20 for.
360 1677 143 16 <;\lkuu>i-i:xk,

81 1697 54 18 other
141 1697 130 17 Australian
279 1691 72 30 Ponvfsj
359 1706 23 11 an
383 1700 13 17 d
402 1699 89 19 Hobabt,

70 1725 105 16 Tasmania
225 1725 62 15 Jloni>
292 1734 32 12 aY>
329 1729 11 16 j
342 1734 23 11 ;m
369 1725 3 23 .
379 1729 25 18 n,
412 1728 41 16 5.30
458 1731 45 17 p.m.

71 1748 101 19 Anglian,
179 1748 3 23 .
190 1748 69 16 .Mo.\r
264 1758 33 12 AV%
308 1752 44 17 j.,,i.
362 1751 28 20 26,
405 1751 40 16 5.30
458 1754 45 17 p.m.

94 1775 31 17 All
135 1775 73 17 Tickets
257 1779 91 19 available
358 1778 38 17 also
410 1777 28 18 for
448 1777 44 22 Stop-

71 1804 44 11 over
123 1804 21 11 or
153 1799 32 16 Ret
189 1799 37 23 in-,
242 1805 24 17 1)V
278 1803 54 17 ANY
349 1801 82 17 UNION
445 1800 59 17 CO.*S

224 1827 36 17 and
269 1826 73 18 bblders
352 1824 19 19 of
380 1823 64 18 U.S.S.
462 1823 42 17 Go's

116 1849 32 18 -Its
168 1856 43 17 may
228 1850 60 17 travel
304 1849 26 22 by
352 1846 114 18 ANGLIAN
483 1851 21 12 or

107 1874 104 18 SMANIA.

170 1903 22 16 L.
206 1902 24 17 D.
240 1900 107 19 NATHAN
361 1899 14 18 &
388 1898 44 21 CO.,

401 1921 78 18 Aeents.

75 1988 220 47 Rotortia
314 1986 184 55 Sights.

73 2068 96 43 11BD?S
193 2067 142 18 ARRANGED
348 2067 20 15 to
389 2065 62 19 ALL
471 2064 30 17 the

135 2091 107 18 SIGHTS
252 2091 20 16 in
280 2090 32 18 the
320 2089 79 18 District
405 2088 24 22 by
439 2087 62 21 coach,

72 2114 137 18 steam-launch
219 2120 21 11 or
249 2114 59 17 horse.

95 2138 90 21 Through
194 2142 88 17 passages
291 2135 73 17 booked
378 2136 20 16 to
411 2134 79 21 Welling-

72 2162 34 15 ton
114 2161 31 17 via
153 2160 99 20 Wairakei,
267 2159 64 22 Taupo
345 2158 36 16 and
397 2157 69 22 Napier
483 2162 17 11 01

72 2183 33 18 the
113 2183 105 18 celebrated
228 2181 106 24 Wanganui
343 2181 55 17 Uiver
407 2181 66 16 Ko\ito.

141 2214 154 26 LOWEST
312 2212 123 26 RATES.

75 2270 94 19 GUIDE
194 2270 102 19 BOOKS
320 2274 30 13 en
375 2268 52 18 Sale
457 2267 44 18 and

165 2293 150 19 distribution
329 2291 79 24 gratis.

148 2340 71 17 TIIOS.
230 2339 69 18 COOK
310 2338 54 17 AND
378 2338 53 19 SOX,

126 2373 100 17 Hixkmoa
246 2372 83 20 Street,
353 2371 102 17 Eotort/a.

284 2632 38 17 ...J-
343 2627 158 24 JEWELLER,

149 2658 60 19 AND
226 2655 197 23 SILVEBSMITB,

74 2693 98 25 QUEEN
192 2691 126 28 STREET,
335 2689 166 27 AUCKLAND.

107 2759 27 24 B.
156 2757 190 26 PETERSEN
362 2757 24 25 &
403 2756 65 31 CO.,

73 2800 63 23 High
156 2799 84 22 Street,
258 2797 242 20 CHRIST/CHURCH.

95 2848 116 17 HIGHEST
224 2846 108 19 AWARDS
341 2846 136 17 OBTAINED.

72 2882 75 23 Sydney
155 2882 117 20 Exhibition,
282 2882 51 18 1879,
342 2881 38 16 and
392 2880 109 17 Melbourne

199 2905 116 19 Exhibition,
327 2904 51 17 1890.

73 3213 428 47 HANCOCKS'

197 3286 182 21 CELEBRATED

251 3338 86 32 xxxx

182 3396 210 50 ALES,

201 3459 58 13 HADE
268 3459 54 13 PROM
332 3458 40 13 THE

79 3488 113 31 FINEST
218 3488 88 31 WALT
327 3487 62 31 AND
407 3486 95 37 HOPS,

114 3576 51 14 FREE
178 3576 54 14 FROM
245 3577 38 12 ALL
297 3575 127 14 ANTISEPTICS
436 3575 25 12 OE

180 3602 139 13 DELETEIiIOL'S
337 3601 63 13 ACIDS.

89 3662 128 35 UPTAIN
240 3665 82 32 CCOK
340 3664 164 36 BREWERY,

179 3708 189 21 NEWMARKET.

85 3932 137 31 Highest
230 3937 119 24 awards
362 3937 33 24 at
407 3942 100 26 every

205 3982 186 29 Exhibition.

117 4020 65 32 Tie
194 4027 96 26 latest
298 4029 28 26 is
339 4030 52 26 the
411 4031 95 26 Cross

85 4059 33 25 of
124 4059 110 26 Honor
247 4061 33 24 at
296 4062 50 25 the
365 4064 122 25 Amster-

83 4092 71 24 dam
163 4092 185 27 Exhibition
355 4096 89 30 1895,
453 4096 53 25 the

81 4124 127 32 highest
215 4125 135 32 possible
359 4129 114 25 award.

527 854 90 45 JOHN

561 854 55 19 OHN
642 854 16 17 I.
688 854 106 17 PHILIPS
825 854 54 16 AND
912 853 45 20 CO.,

637 880 73 15 MIXING
726 881 118 15 ENGINEERS,

575 905 128 14 AUTHORISED
719 904 75 13 MIXING
807 903 42 14 AND
859 904 53 13 LAND

620 927 104 14 TKAXSI'EU
738 926 122 15 SURVEYORS.

528 970 55 17 Head
593 968 67 24 Office:
684 968 105 24 Halyday's
806 969 106 22 Buildings,
931 969 27 19 2G,

597 993 56 17 Short
656 992 49 17 land-
711 994 63 18 street,
784 992 105 17 Auckland.

528 1022 45 17 P.O.
583 1022 42 17 Box
635 1023 39 15 W2.
804 1021 106 21 Telephone
919 1021 40 16 986.

529 1049 56 18 Cable
595 1049 81 17 Address
684 1047 3 21 :
700 1049 136 19 THEODOLITE,
853 1047 106 18 Auckland.

656 1095 74 17 Branch
748 1094 66 18 Offices
822 1094 3 18 :

528 1124 171 20 Whaep-stbeet,
709 1122 138 19 PaeeoaMr
851 1122 22 18 P.
884 1123 23 17 A.
913 1124 35 17 Cut-

552 1150 38 16 ten,
602 1147 52 21 C.E.,
664 1147 76 22 Mining
754 1147 92 21 Surveyor
860 1146 19 17 in
891 1146 68 22 charge

552 1170 20 18 of
580 1171 80 16 district.

529 1194 167 20 BROWN-STREET,
707 1192 139 17 ThamesMr
859 1192 67 17 Albert
940 1188 19 21 Si

552 1216 69 19 Alloni,
632 1217 40 16 Mil
683 1222 26 16 ng
719 1217 93 20 Surveyor
819 1216 20 16 in
856 1215 70 22 charge
941 1215 18 17 of

552 1240 78 16 district.

529 1263 100 16 Kapanga
650 1262 63 20 Boas,
735 1261 138 19 Coeomandel
913 1261 46 18 P.O.

551 1286 43 17 Box
612 1287 26 16 17.
663 1285 32 18 Mr
710 1284 23 19 E.
751 1285 25 16 H.
794 1284 73 23 Hardy,
885 1284 74 22 Mining

552 1308 94 21 Surveyor
654 1308 17 18 in
682 1308 68 21 charge
758 1307 20 18 of
787 1308 78 16 district.

531 1376 97 45 Ehr
632 1375 188 45 enfried
836 1375 121 47 Bros

671 1439 87 20 BBEW
787 1456 5 6 ,
795 1451 19 14 0>

608 1480 53 18 AL]i
664 1480 24 11 v,
693 1481 8 19 V
703 1492 11 10 x
733 1482 147 25 BrtEWERY,

550 1516 38 22 QU
594 1516 94 28 '-;,x.vT
694 1522 11 18 |{
712 1520 56 24 EET,
783 1519 113 21 ATJCKLA
902 1519 38 21 ND

551 1573 67 17 WINE
632 1573 49 16 AND
694 1575 6 13 t
705 1572 68 17 PIRIT
782 1571 155 21 MERCHANTS,

571 1608 122 17 BOTILFRS
705 1608 50 16 AND
773 1607 143 21 IMPORTERS,

547 1715 5 13 t
561 1712 29 16 the
605 1712 90 16 following
711 1710 111 17 Exhibitions
837 1710 28 16 for
872 1716 33 11 our
912 1710 36 17 wall-

624 1733 60 16 known
700 1732 43 16 Hulk
753 1732 32 16 Mid
795 1731 68 17 Bottled

640 1753 48 17 ALE
700 1754 50 15 AND
761 1753 85 16 STOUT:

548 1782 49 15 dnev
606 1781 35 17 Inti
647 1780 84 19 7m,iim.ul
740 1780 106 19 Exhibition,
859 1782 47 15 1879.

548 1803 82 15 elbounie
639 1802 125 16 InteiuniionHl
772 1801 107 19 Exhibition,
889 1802 68 16 1880-81

548 1829 23 11 ew
580 1824 57 16 ZeulHi
644 1824 10 14 d
663 1822 286 22 iiiclubiiiHlExhibitioii,Welliiijf-

571 1850 36 13 ton,

547 1872 24 10 bw
591 1865 74 18 Zenlninl
680 1865 32 16 iir.d
727 1865 53 16 South
794 1866 40 15 Sean
849 1865 108 16 Exhibition.

571 1887 86 16 Dunediii.
670 1888 77 15 IHBM-90.

559 1909 76 16 uddition
644 1910 18 14 to
670 1908 54 16 nbove
732 1908 43 16 liHvn
793 1907 41 17 been
849 1907 80 17 Rwnrded

570 1931 10 14 1
587 1931 88 14 lu-ni'iniiiu
707 1929 108 20 Exhibition,
842 1928 115 21 Luuucchton,

526 2183 105 26 rpoWN
637 2183 57 20 AND
699 2182 52 21 SUB
756 2182 70 21 ORBS
835 2183 34 19 OF
877 2183 65 20 ROTO-

531 2201 24 25 _L
588 2209 59 21 RUA,
667 2209 52 18 HOT
738 2209 82 17 LAKES
833 2209 124 20 DISTRICT,

525 2234 50 16 FOR
586 2233 82 17 LEASE
682 2232 33 18 BY
729 2232 94 18 PUBLIC
837 2232 120 19 AUCTION.

551 2283 73 19 Notice
648 2282 16 19 is
683 2281 75 25 heieby
779 2282 60 25 given
859 2282 46 18 that
924 2281 34 19 the

525 2307 180 21 undermentioned
715 2308 67 22 Town,
792 2307 116 24 Suburban,
919 2307 38 19 ?.nd

525 2335 65 18 Rural
611 2333 88 21 Sections
707 2333 21 19 in
738 2333 36 19 the
783 2333 61 19 Town
866 2334 40 18 and
921 2335 25 16 Su-

525 2360 63 20 burbs
599 2360 21 18 of
633 2360 94 23 Rotorua,
741 2359 38 19 will
793 2359 24 19 be
833 2360 76 18 offered
928 2359 30 19 for

525 2386 63 18 Lease
599 2386 27 24 by
632 2385 69 26 public
711 2385 86 23 unction,
809 2387 32 17 for
847 2392 13 12 a
877 2390 50 14 term
938 2386 20 18 of

525 2411 126 26 ninety-nine
661 2417 64 19 years,
738 2415 19 14 at
771 2411 33 18 tlio
815 2413 58 24 upset
884 2411 74 19 annual

525 2439 64 17 rental
598 2437 60 20 noted
670 2437 69 19 helow.
750 2441 19 14 at
779 2437 35 18 tlie
825 2437 132 23 Courthouse,

525 2463 97 24 Rotorua,
638 2470 24 12 on
679 2463 38 18 TII
722 2462 117 24 JR.-DAY,
860 2463 34 20 the
914 2463 44 20 21st

525 2490 98 24 January,
638 2490 54 22 1897,
705 2491 20 17 at
740 2488 69 21 eleven
818 2489 76 20 o'clock
912 2496 45 12 a.m.

629 2523 62 19 Town
705 2529 24 13 of
748 2523 104 20 Rotoktja.

551 2557 69 19 Block
631 2557 140 19 IXSection
782 2559 17 22 5,
812 2559 25 23 lr,
849 2562 59 21 upset
922 2564 24 13 an-

526 2584 48 19 nual
584 2587 44 15 rent
640 2585 26 17 4
677 2584 4 22 ;
697 2585 16 21 (!,
726 2585 25 20 lr,
768 2584 37 19 3.

551 2610 70 18 Block
631 2609 129 19 XSection
773 2611 18 22 9,
805 2611 27 21 lr,
843 2612 60 22 upset
922 2616 24 12 an-

526 2636 48 19 nual
583 2637 46 17 rent
637 2636 28 17 3
675 2636 4 23 ;
698 2637 27 20 10,
748 2637 26 17 lr.
793 2636 41 22 3;
859 2637 29 19 11,
912 2637 44 22 32p,

526 2663 28 18 1
567 2662 4 25 ;
588 2664 28 20 12,
630 2662 45 24 32p,
691 2662 40 22 3;
755 2663 29 21 13,
801 2662 43 25 32p,
861 2662 40 23 3;
928 2664 28 20 14,

526 2690 45 22 32p,
583 2688 36 19 4.

551 2714 69 18 Block
638 2712 141 19 XlSection
799 2714 15 21 1,
835 2714 45 24 32p,
899 2716 59 20 upfet

525 2739 76 19 annual
612 2742 45 16 rent
668 2740 28 17 4
706 2739 4 25 ;
726 2740 17 21 2,
755 2741 45 23 32p,
811 2739 42 24 3;
877 2741 17 18 3.
912 2741 43 23 32p,

525 2766 30 19 3
567 2765 4 24 ;
585 2768 18 20 5,
617 2768 26 20 lr,
656 2766 30 19 3
695 2765 4 24 ;
717 2767 16 21 8,
749 2767 25 21 lr,
785 2765 28 19 3
825 2765 3 24 ;
844 2768 17 21 9,
874 2767 26 22 lr,
915 2766 28 18 3
952 2773 5 16 ;

525 2794 30 20 20,
569 2793 26 22 lr,
609 2792 35 18 4.

551 2818 67 18 Block
629 2817 160 19 XVlSection
801 2818 29 22 11,
848 2818 33 24 3p,
899 2820 59 22 upset

525 2844 74 18 annual
609 2847 45 15 rent.
664 2843 36 19 5.

551 2870 67 18 Block
631 2869 161 19 XXlSection
802 2869 16 23 1,
827 2871 22 16 2r
857 2870 32 23 2p,
899 2872 58 22 upset

525 2895 75 19 annual
610 2898 45 15 rent.
664 2895 28 19 5
703 2895 3 23 ;
722 2896 16 22 3,
751 2897 21 15 2r
782 2897 44 21 20n,
838 2897 39 17 5.

550 2922 68 18 Block
629 2920 173 20 XXllSection
820 2923 18 21 9,
852 2924 25 20 lr,
898 2923 59 23 upset

525 2947 74 19 annual
610 2951 44 14 rent
664 2947 35 18 4.

550 2973 69 19 Block
628 2972 207 20 XXVlllSection
848 2975 18 21 3,
878 2975 22 16 2r
912 2975 43 23 20p,

550 3025 69 19 Block
629 3025 185 18 XXlXSection
825 3026 17 22 1,
860 3026 26 21 lr,
898 3027 59 22 upset

525 3051 75 19 annual
610 3054 44 15 rent
666 3051 28 18 4
706 3050 4 25 ;
725 3053 19 20 2,
757 3052 26 20 lr,
793 3051 29 18 3
832 3050 4 25 ;
851 3051 18 23 3,
882 3052 28 20 lr,
922 3050 35 23 3;

525 3081 18 19 4,
556 3079 27 21 lr,
595 3077 28 18 3
633 3077 4 23 ;
653 3079 17 21 (!,
685 3079 26 20 lr,
723 3078 40 22 3;
779 3078 18 22 9,
816 3079 26 21 lr,
856 3077 31 19 4
896 3084 5 16 ;
927 3078 29 21 10,

527 3105 26 21 lr,
564 3104 30 19 3
604 3104 4 22 ;
625 3104 30 22 11,
668 3104 26 22 lr,
706 3104 30 18 3
745 3110 5 16 ;
766 3104 30 22 12,
809 3104 26 22 lr,
856 3104 31 19 3
896 3110 5 16 ;
927 3104 29 21 14,

527 3131 26 20 lr,
566 3131 34 18 3.

551 3155 69 18 Block
630 3154 172 19 XXXSection
813 3156 18 22 2,
852 3156 28 21 lr,
898 3156 60 23 upset

525 3181 75 18 annual
612 3182 44 17 rent
667 3180 25 18 4
703 3180 3 25 ;
721 3183 18 20 4,
750 3182 27 22 lr,
789 3180 26 19 i
824 3180 4 25 ;
844 3182 18 23 5,
874 3182 27 22 lr,
918 3180 26 18 i
953 3180 4 25 ;

526 3208 17 21 7,
557 3209 26 20 lr,
598 3207 26 17 4
635 3207 4 23 ;
655 3208 16 19 9,
685 3208 27 22 lr,
725 3209 33 18 4.

551 3232 70 19 Block
630 3232 184 20 XXXlSection
826 3234 16 22 8,
852 3234 28 22 lr,
899 3233 59 24 upset

525 3259 75 18 annual
611 3260 45 17 rent
666 3258 34 19 's.

552 3285 68 19 Block
630 3285 203 19 XXXlVSection
843 3287 18 20 3,
873 3286 23 17 2r
911 3285 46 24 20p,

526 3314 58 21 upset
595 3311 73 19 annual
679 3313 45 16 rent
732 3311 27 19 5
766 3318 5 15 ;
786 3312 18 22 4,
814 3312 22 18 2r
842 3312 46 24 20p,
897 3311 34 19 5.

552 3337 68 19 Block
630 3336 191 20 XXXVSection
832 3339 19 19 4,
864 3339 28 20 lr,
900 3338 58 23 upset

526 3363 73 18 annual
611 3365 45 16 rent
666 3363 27 17 3
701 3363 3 23 ;
720 3365 18 17 5,
752 3364 26 21 lr,
790 3363 38 23 3;
844 3365 18 21 6,
873 3365 27 20 lr,
919 3363 38 22 3;

529 3390 27 22 12,
568 3391 25 19 lr,
607 3389 38 21 3;
663 3389 28 21 13,
703 3390 26 22 lr,
741 3389 33 22 3;
790 3391 28 21 14,
832 3391 27 21 lr,
870 3389 35 18 3.

553 3415 68 17 Block
630 3413 204 20 XXXVlSection
844 3416 17 22 3,
875 3414 27 24 lr,
920 3420 26 19 up-

527 3443 29 16 set
566 3439 75 20 annual
651 3443 45 15 rent.
706 3440 33 18 l.

552 3466 69 18 Block
643 3466 227 19 XXXVlllSection
898 3468 17 22 1,
936 3467 23 18 2r

527 3493 46 23 2Op,
585 3493 59 23 upset
656 3492 73 18 annual
740 3494 45 17 rent
794 3493 26 19 5
830 3493 38 23 ;3,
880 3493 23 18 2r
912 3493 45 24 20p,

527 3518 27 17 5
564 3517 4 23 ;
583 3519 19 20 4,
614 3518 23 17 2r
646 3518 45 22 20p,
702 3517 34 18 5.

554 3543 69 18 Block
632 3542 205 20 XXXlXSection
847 3544 18 22 1,
878 3545 27 21 lr,
922 3550 24 18 up-

529 3570 30 17 et
568 3568 74 19 annual
653 3571 44 16 rent
707 3570 27 17 4
743 3568 4 25 ;
762 3570 18 21 2,
793 3570 27 22 lr,
832 3571 27 18 3
867 3568 3 25 ;
893 3571 18 22 3,
932 3571 26 21 lr,

529 3596 27 17 3
565 3594 4 25 ;
583 3597 19 20 4,
616 3596 26 21 lr,
654 3594 26 18 3
690 3594 4 25 ;
710 3600 17 16 o,
741 3597 26 20 lr,
783 3594 27 19 3
818 3594 4 25 ;
837 3596 19 23 9,
874 3596 29 22 lr,
919 3597 26 18 4
955 3594 4 25 ;

531 3620 29 23 10,
573 3622 27 21 lr,
612 3621 40 22 3;
666 3621 30 22 11,
717 3622 27 22 lr,
762 3622 39 21 3;
823 3622 30 22 12,
872 3622 28 23 lr,
919 3622 40 22 3;

531 3647 29 21 13,
573 3648 27 21 lr,
611 3645 35 19 3.

555 3672 69 19 Block
635 3671 145 19 XLSection
792 3673 17 22 3,
822 3673 27 21 lr,
857 3673 60 24 upset
924 3678 24 12 au-

529 3698 48 18 nual
588 3700 45 16 rent
644 3698 26 18 4
680 3698 4 23 ;
700 3698 17 21 7,
734 3700 26 20 lr,
774 3698 28 18 4
811 3698 4 23 ;
830 3700 18 21 8,
870 3699 26 22 lr,
917 3698 28 19 4
955 3698 4 23 ;

529 3726 19 21 9,
561 3725 27 22 It,
600 3724 28 19 4
639 3724 4 25 ;
659 3725 28 22 10,
710 3725 26 22 lr,
757 3724 29 19 4
794 3724 4 25 ;
820 3725 30 23 1?,
860 3725 46 24 32p,
918 3724 28 19 5
955 3724 4 25 ;

531 3751 29 21 14,
573 3751 45 23 32p,
628 3749 35 19 5.

555 3775 68 19 Block
633 3775 159 19 XLlSection
802 3777 18 20 3,
836 3776 45 24 32p,
901 3776 60 24 upset

530 3801 74 19 snnual
615 3803 50 18 rent,
678 3801 26 19 5
715 3796 4 28 ;
734 3803 18 21 8,
765 3802 27 22 lr,
804 3801 28 19 5
840 3796 4 28 ;
860 3803 17 21 9,
888 3796 71 28 1r,~5.

555 3826 70 19 Block
635 3826 201 19 XLVlllSection
848 3828 17 21 1,
884 3827 26 22 lr,
924 3833 25 18 up-

530 3855 29 16 set
569 3852 76 19 annual
653 3855 45 15 rent
708 3853 28 18 4
747 3852 4 24 ;
766 3853 19 23 2,
797 3854 27 22 lr,
835 3852 28 20 4
871 3852 4 24 ;
896 3854 19 21 3,
934 3853 26 20 lr,

530 3878 28 19 4
567 3885 5 16 ;
586 3880 19 20 4,
619 3880 27 19 lr,
658 3878 35 19 4.

555 3904 70 18 Block
633 3903 71 20 XLIX
705 3903 105 20 Section
823 3906 17 21 1,
860 3906 26 21 lr,
903 3907 58 21 upset

530 3930 75 18 annual
614 3932 46 16 rent
670 3930 29 18 5
708 3930 4 23 ;
729 3931 18 20 2,
760 3931 27 20 lr,
799 3930 28 19 4
837 3930 4 23 ;
855 3932 18 20 3,
926 3930 35 23 4;

529 3958 19 21 4,
562 3958 26 21 lr,
600 3956 26 19 4
637 3956 4 23 ;
656 3956 17 22 5,
687 3956 26 21 lr,
726 3956 27 18 4
762 3956 4 23 ;
781 3957 18 20 G,
813 3957 26 22 lr,
851 3956 36 18 4.

555 3981 70 19 Block
633 3980 17 20 L
650 3980 106 20 Section
767 3983 18 20 6,
804 3983 20 17 lr
843 3983 44 23 lop,
903 3983 58 23 upnet

529 4007 77 19 annual
615 4010 44 15 rent
670 4007 26 19 4
705 4007 3 24 ;
724 4008 17 21 7,
752 4008 22 17 lr
785 4008 42 23 15p,
840 4007 35 19 4.

555 4033 70 19 Block
635 4032 136 19 LlSection
784 4034 16 21 1,
814 4034 26 21 lr,
851 4034 60 23 upset
926 4039 24 12 an-

529 4058 49 19 nual
588 4060 45 17 rent
644 4059 28 18 5
681 4058 4 23 ;
700 4059 19 19 2,
732 4060 27 20 lr,
769 4058 37 23 4;
823 4060 18 21 3,
853 4060 27 18 lr.
893 4059 28 19 4
929 4060 31 21 ;4,

532 4086 27 21 lr,
571 4085 42 22 5;
628 4085 18 21 5,
657 4085 27 22 lr,
696 4083 42 24 4;
753 4086 18 21 6,
791 4085 26 22 lr,
836 4084 40 23 4;
897 4085 18 22 7,
934 4085 26 22 lr,

530 4110 27 19 4
568 4116 5 17 ;
586 4111 19 23 8,
620 4111 27 22 lr,
659 4110 28 18 4
698 4110 4 24 ;
717 4111 18 22 9,
748 4111 27 21 lr,
783 4110 28 19 4
821 4110 4 24 ;
842 4111 30 23 10,
882 4111 26 23 lr,
920 4111 28 18 4
957 4110 4 24 ;

531 4137 30 22 11,
575 4137 27 22 lr,
614 4136 28 19 4
653 4135 4 24 ;
673 4135 30 24 12,
715 4137 28 22 lr,
754 4135 36 21 4.

1007 145 68 19 Block
1093 145 151 20 LllSection
1269 146 17 23 1,
1308 146 27 21 lr,
1353 147 58 22 upset

982 171 74 19 annual
1063 174 44 16 rent
1119 173 41 21 5;
1175 174 18 20 2,
1207 174 26 20 lr,
1246 171 40 23 4;
1301 172 18 21 3,
1333 172 26 19 lr,
1371 171 28 18 4
1409 171 4 23 ;

981 199 19 21 4,
1015 199 26 20 lr,
1053 197 26 19 5
1088 196 4 24 ;
1108 199 18 20 5,
1140 199 27 17 lr.
1185 199 41 21 4;
1246 199 17 20 6,
1284 199 26 19 lr,
1328 196 41 23 4;
1393 197 18 21 7,

983 225 27 20 lr,
1021 224 28 18 4
1058 223 3 23 :
1075 225 18 20 8,
1106 224 27 21 lr,
1147 223 28 19 4
1185 223 4 23 ;
1206 225 18 21 9,
1237 225 26 20 lr,
1277 224 26 18 4
1314 229 5 17 ;
1335 223 29 21 10,
1384 223 27 21 lr,

981 249 42 23 5;
1040 250 28 21 11,
1081 249 26 23 lr,
1119 249 42 23 4;
1177 251 29 20 12,
1225 251 26 19 lr,
1270 250 42 21 1;
1335 249 29 21 13,
1385 249 26 21 lr,

981 275 42 22 4;
1040 276 27 22 14,
1081 276 26 22 lr,
1118 275 44 23 4;
1180 277 29 20 15,
1224 277 26 21 lr,
1268 276 45 21 4;
1336 275 29 21 1(3,
1385 275 26 21 lr,

981 301 37 19 5.

1007 326 67 19 Ik.ocK
1092 326 155 19 LlTSection
1268 328 17 21 3,
1307 327 26 22 lr,
1355 327 58 23 upset

981 352 75 18 annual
1065 357 44 13 rent
1120 353 35 18 4.

1067 386 92 18 SUBURBS
1174 392 25 12 OF
1218 386 105 19 KoToRUA.

1007 419 80 19 Section
1096 421 32 19 40,
1141 421 42 21 10a,
1199 425 58 20 upset
1275 419 75 20 annual
1368 422 45 16 rent

980 445 13 22 L
993 445 28 22 4;
1046 447 31 18 66.
1091 447 40 21 10a,
1142 445 11 25 L
1164 445 11 25 3
1186 445 10 25 ;
1211 448 31 21 67,
1263 448 42 20 lO.i,
1324 446 13 20 L
1337 446 28 20 8;
1381 447 30 21 68,

982 473 41 21 10a,
1034 471 8 27 L
1051 471 8 27 4
1068 471 8 27 ;
1092 472 17 22 7,
1120 473 32 22 sa,
1164 471 11 27 L
1186 471 11 27 7
1208 471 86 27 (aubject
1303 475 20 15 to
1331 472 14 17 L
1345 472 28 17 26
1381 472 32 18 for

980 497 167 25 improvements;
1162 500 32 21 69,
1210 499 36 18 11a
1270 500 21 17 lr
1307 499 43 23 14p,
1373 498 38 22 1.4;

980 523 31 22 70,
1025 524 119 24 llalr!3p,
1161 524 14 22 L
1175 524 29 22 4;
1225 526 30 21 71,
1275 525 37 17 11a
1329 525 21 16 lr
1368 524 43 24 13p,

979 548 8 26 L
996 548 8 26 4
1013 548 8 26 ;
1036 550 31 21 72,
1078 550 25 17 9a
1113 552 23 15 Or
1145 552 33 22 9p,
1195 550 30 18 1,3
1232 557 5 16 ;
1258 552 31 21 73,
1311 551 41 22 10a,
1362 548 10 26 L
1382 548 10 26 3
1402 548 9 26 ;

981 574 30 23 74,
1025 576 42 21 10a,
1076 574 13 24 L
1089 574 28 24 4;
1143 577 30 22 75,
1196 578 42 20 10a,
1255 576 14 23 L
1269 576 29 23 5;
1319 576 30 23 77,
1369 577 41 22 10a,

980 600 8 25 L
997 600 8 25 3
1014 600 8 25 ;
1040 601 29 22 78,
1083 602 42 23 10a,
1136 600 8 25 L
1153 600 8 25 4
1170 600 8 25 ;
1193 603 32 22 79,
1235 604 43 21 10a,
1289 602 11 18 L
1300 602 24 18 5.

1040 635 74 19 Rural
1129 638 102 22 Sections,
1247 637 106 18 Rotorua.

1007 669 79 18 Section
1096 671 31 21 31,
1142 672 44 21 40a,
1204 673 59 22 upset
1278 670 76 19 annual
1368 673 45 16 rent

980 694 42 19 LlO
1031 702 5 16 ;
1048 696 31 22 34,
1091 697 38 17 39a
1141 698 21 16 lr
1173 698 44 22 27p,
1229 694 8 26 L
1245 694 9 26 7
1262 694 8 26 ;
1285 699 31 20 43,
1328 698 43 21 40a,
1383 696 29 21 L
1412 694 1 26 7

981 720 165 25 (improvements
1157 722 13 18 L
1170 722 41 18 243
1224 724 21 17 7s
1255 722 158 25 (idbuildings

981 747 40 19 and
1032 747 102 25 fencing);
1150 750 31 21 45,
1190 750 44 20 23a,
1243 747 8 25 L
1260 747 9 25 5
1278 747 8 25 ;
1299 750 32 21 46,
1338 750 39 17 39a
1384 751 27 21 3r,

981 772 8 28 L
997 772 9 28 7
1014 772 8 28 ;
1041 774 26 21 17,
1079 774 38 18 45a
1128 774 29 23 2r,
1164 773 14 24 L
1178 773 29 24 7;
1222 777 31 20 4H,
1272 776 36 18 33a
1324 776 23 17 2r
1368 776 44 24 lip,

980 799 8 25 L
997 799 8 25 6
1014 799 8 25 ;
1037 800 31 21 51,
1080 800 37 17 35a
1126 801 28 20 2r,
1165 800 30 18 Lo
1203 799 4 25 ;
1221 802 31 21 52,
1268 802 44 21 3Ja,
1323 799 9 25 L
1341 799 8 25 6
1358 799 8 25 ;
1381 802 31 22 53,

983 827 35 16 16a
1030 825 23 19 2r
1064 827 29 22 lp,
1107 825 13 24 L
1120 825 27 24 3;
1161 827 31 22 54,
1207 828 42 21 16a,
1264 827 14 23 L
1278 827 28 23 3;
1328 829 30 20 55,
1379 828 34 18 14a

981 853 28 20 2r,
1020 850 29 18 L2
1059 850 4 27 ;
1077 853 30 20 56,
1117 853 24 17 9a
1150 853 23 17 3r
1184 853 43 24 17p,
1239 853 29 18 L2
1277 860 5 16 ;
1294 854 29 22 57,
1339 854 36 17 12a
1394 855 19 17 lr

981 877 32 24 sp,
1023 876 14 24 L
1037 876 28 24 3;
1081 878 30 22 58,
1126 879 33 17 12a
1172 879 22 17 2r
1209 879 43 24 12p,
1261 878 44 25 L2;
1326 880 30 20 59,
1379 880 34 18 16a

981 904 23 16 Or
1016 903 42 24 14p,
1068 902 41 24 L.i;
1125 905 30 20 60,
1169 905 37 17 19a
1220 906 23 16 2r
1260 907 42 22 15p.
1320 902 8 27 L
1336 902 9 27 4
1353 902 8 27 ;
1382 906 30 23 61,

982 930 37 17 52a
1030 929 28 23 2r,
1067 928 9 27 L
1085 928 10 27 6
1104 928 9 27 ;
1127 931 31 20 63,
1169 931 38 17 59a
1218 931 28 22 2r,
1260 931 13 23 L
1273 931 28 23 0;
1325 932 30 23 64,
1378 932 35 18 14a

982 956 22 17 3r
1014 955 31 25 Bp,
1058 954 40 27 Li;
1113 956 30 23 65,
1159 957 37 17 18a
1206 957 23 18 Or
1242 958 43 23 12p.
1298 957 12 19 L
1310 957 24 19 3.

1111 1007 176 21 CONDITIONS.

1010 1042 15 17 1.
1054 1041 70 19 Terms
1152 1042 21 18 of
1196 1042 59 23 lease,
1289 1044 75 24 ninety
1368 1044 45 19 nine

981 1073 64 18 years.

1009 1094 17 17 2.
1042 1092 65 19 Bents
1117 1100 34 12 aro
1162 1094 87 25 payable
1258 1094 125 27 half-yearly
1392 1097 21 18 in

982 1119 88 18 advance
1093 1122 20 16 to
1134 1120 35 18 the
1195 1121 94 19 Receiver
1311 1122 21 18 of
1357 1121 57 20 Land

981 1144 103 22 Revenue,
1103 1144 119 26 Auckland;
1246 1148 40 18 and
1310 1148 34 18 the
1371 1148 42 20 first

983 1170 123 25 half-yearly
1115 1176 97 21 payment
1222 1173 17 19 is
1249 1176 20 16 to
1282 1174 23 18 be
1316 1174 58 19 mado
1388 1183 25 12 on

983 1197 34 18 the
1027 1197 36 18 fall
1074 1199 20 16 of
1105 1198 33 18 the
1149 1199 97 21 hammer.

1011 1226 16 16 3.
1041 1223 62 19 Town
1120 1225 87 18 sections
1227 1229 19 15 to
1265 1227 26 18 he
1311 1227 101 26 improved

983 1249 70 19 within
1073 1256 37 12 one
1125 1257 49 17 year
1203 1253 50 18 from
1279 1253 35 19 the
1332 1254 46 19 date
1394 1262 19 12 en

982 1275 53 19 lease
1051 1280 21 14 to
1089 1276 33 19 the
1138 1279 60 17 value
1215 1279 22 17 of
1253 1282 33 15 ten
1303 1280 59 18 times
1381 1281 33 19 the

982 1301 76 20 annual
1067 1303 71 19 ,'ental.
1176 1303 64 21 Rural
1251 1305 38 19 and
1306 1306 107 20 Suburban

982 1331 86 16 pecti'.ms
1079 1331 19 15 to
1110 1329 24 18 bo
1145 1330 71 19 fenced
1226 1331 68 19 within
1310 1339 37 12 one
1366 1340 48 18 year

983 1362 49 13 rrom
1059 1355 34 19 the
1118 1356 46 19 date
1182 1358 21 17 of
1227 1358 33 18 (lie
1286 1358 59 19 lease.
1383 1359 31 19 No

982 1382 104 19 valuation
1107 1382 31 19 for
1154 1382 156 27 improvements
1331 1385 40 18 will
1390 1385 24 19 bo

983 1408 84 19 allowed
1082 1412 21 14 at
1122 1409 35 18 the
1176 1409 38 19 end
1232 1409 20 19 of
1272 1410 33 18 the
1328 1415 50 15 term
1394 1413 20 17 of

983 1434 59 19 lease.

1009 1463 18 15 4.
1049 1460 32 17 No
1092 1460 51 19 lease
1155 1464 19 15 to
1190 1462 24 18 be
1226 1463 100 23 assigned,
1341 1463 61 19 under-

983 1486 33 23 let,
1028 1493 21 12 or
1067 1486 33 19 the
1118 1488 112 24 possession
1248 1488 79 19 thereof
1344 1490 69 24 parted

983 1513 48 18 with
1042 1516 69 17 except
1126 1513 47 18 with
1185 1514 33 17 the
1229 1517 81 16 consent
1321 1516 19 17 in
1361 1516 42 17 writ-

983 1539 36 23 ing
1041 1540 21 17 of
1078 1540 34 17 the
1128 1538 156 21 Commissioner
1305 1541 21 18 of
1343 1540 70 20 Crown

983 1564 74 19 Lauds.
1068 1564 113 19 Auckland.

1011 1593 16 16 5.
1042 1590 33 18 All
1086 1594 57 17 rales,
1157 1594 63 20 taxes,
1235 1591 91 27 charges,
1338 1593 39 18 nnrl
1385 1600 20 11 as-

985 1620 107 15 sessments
1109 1617 124 20 whatsoever
1250 1622 20 15 to
1289 1620 23 17 be
1328 1619 47 25 paid
1389 1619 25 26 by

983 1643 34 18 the
1027 1643 68 18 lessee.

1011 1670 16 17 G.
1043 1669 32 18 All
1086 1669 104 24 buildings
1201 1670 76 19 erected
1289 1673 19 17 lo
1326 1671 24 18 be
1366 1672 46 25 kppt

983 1695 19 19 in
1013 1695 50 24 fiood
1075 1695 66 25 repair
1156 1695 38 20 and
1211 1696 108 24 condition,
1339 1697 38 20 and
1394 1700 18 17 in

983 1721 33 19 the
1038 1721 85 19 erecliou
1141 1722 21 18 of
1180 1728 39 19 any
1244 1722 92 25 building
1361 1730 51 19 upon

982 1747 35 19 the
1024 1747 86 19 sections
1121 1748 69 18 within
1202 1748 34 18 the
1244 1750 52 18 town
1308 1749 33 19 the
1352 1750 60 18 lessee

982 1778 50 13 most
1051 1772 59 20 abide
1126 1773 26 25 by
1171 1773 40 19 and
1235 1775 89 19 conform
1341 1778 20 16 to
1381 1776 31 20 the

983 1798 109 25 alignment
1106 1799 20 19 of
1136 1802 73 17 streets
1216 1800 40 19 and
1268 1801 64 20 roads,
1345 1798 3 25 .
1357 1802 25 18 n<l
1394 1805 18 16 to

983 1825 26 18 all
1021 1824 86 25 by-laws
1119 1825 39 18 and
1169 1826 125 24 regulations
1313 1827 56 19 made
1387 1827 25 26 by

983 1851 33 18 the
1025 1850 51 19 local
1084 1851 103 25 authority
1204 1853 99 18 nitrus'ed
1315 1853 46 19 witli
1380 1854 32 19 the

983 1876 160 20 administration
1156 1879 21 17 of
1192 1877 34 19 the
1242 1877 49 20 local
1308 1878 70 20 affairs
1392 1881 20 18 of

982 1903 34 18 tho
1028 1902 106 26 Township
1145 1903 21 19 of
1181 1902 2 26 >
1196 1907 77 16 otorna.

1009 1930 16 17 7.
1042 1928 84 24 Privies,
1138 1929 82 25 ashpits,
1231 1931 39 17 and
1282 1931 57 18 oilier
1348 1931 64 19 works

982 1955 20 18 of
1014 1961 11 12 a
1035 1955 77 18 similar
1120 1955 104 20 character
1234 1959 20 15 to
1265 1957 24 16 tic
1302 1959 99 18 construct

982 1980 24 18 ed
1016 1980 40 19 and
1068 1981 124 19 maintained
1203 1989 22 11 as
1235 1982 87 19 directed
1335 1983 25 18 l>v

982 2006 49 19 local
1071 2006 110 26 authority.
1218 2008 31 17 All
1276 2009 67 17 drains
1371 2010 38 18 and

982 2032 93 19 channels
1093 2033 38 18 and
1151 2034 34 17 the
1202 2034 89 24 sanitary
1301 2037 51 16 state
1373 2036 37 18 and

982 2058 100 19 condition
1092 2059 22 18 of
1120 2058 35 19 the
1172 2060 102 24 premises,
1293 2064 18 13 to
1323 2060 24 17 bo
1364 2062 36 17 sub-

982 2084 38 24 ject
1030 2088 20 15 to
1060 2084 34 19 the
1107 2085 85 24 by-laws
1202 2086 39 18 and
1257 2087 124 23 regulations
1392 2088 20 19 of

982 2110 32 19 the
1025 2109 47 20 local
1086 2111 108 24 authority.

1007 2138 18 16 8.
1039 2137 31 17 Xd
1080 2137 53 18 wells
1145 2142 19 12 to
1177 2134 24 23 be
1218 2138 52 18 sunk
1289 2145 21 11 or
1327 2145 72 13 excava-

982 2162 51 19 tions
1044 2164 20 16 to
1074 2162 24 20 be
1112 2163 58 19 made
1182 2164 85 18 without
1280 2164 34 19 the
1331 2170 79 14 consent

982 2187 19 19 in
1012 2189 81 23 writing
1105 2190 20 17 of
1135 2189 33 19 the
1180 2189 48 19 local
1241 2190 107 22 authority.

1007 2216 17 16 0.
1040 2214 42 18 The
1100 2215 57 18 trade
1174 2222 21 12 or
1215 2215 92 21 business
1314 2218 21 18 of
1354 2225 44 17 soap-

981 2239 68 23 boiler,
1090 2241 67 19 tallow
1171 2253 9 2 -
1192 2242 101 22 chandler,
1333 2246 76 20 tanner,

981 2265 156 26 slaughterman,
1165 2271 53 15 meat
1225 2277 10 6 -
1241 2274 57 13 curer
1322 2276 21 12 or
1367 2276 33 18 pre-

981 2298 72 16 server,
1063 2298 22 13 c-r
1104 2299 38 18 any
1162 2294 64 25 noi-y,
1247 2295 91 24 noxious,
1349 2302 23 12 or
1381 2296 20 19 of-

980 2317 78 20 fensive
1065 2319 57 18 trade
1131 2326 23 12 or
1173 2321 140 19 manufacture
1332 2322 21 18 of
1372 2328 38 18 any

981 2344 47 18 kind
1049 2344 101 19 whatever
1167 2346 40 18 will
1219 2349 31 16 not
1262 2347 24 18 be
1297 2347 112 25 permitted,

1011 2371 28 18 10.
1056 2370 105 19 ]'r.ivisii.n
1178 2373 38 18 will
1237 2372 23 20 be
1270 2373 57 19 made
1338 2374 18 17 in
1378 2373 33 19 the

982 2396 65 19 leases
1057 2396 32 19 for
1098 2397 110 25 inspection
1220 2398 21 19 of
1250 2400 95 23 premises
1354 2403 20 15 at
1385 2400 24 18 all

982 2422 117 18 reasonable
1110 2424 63 18 times.

1007 2449 30 18 11.
1064 2448 60 19 Lease
1154 2450 60 19 Ib.ble
1234 2453 19 16 to
1272 2451 104 18 forfeiture
1395 2452 16 18 if

980 2477 44 14 rent
1034 2473 26 18 bo
1070 2474 63 25 thirty
1143 2476 50 24 days
1201 2476 19 18 in
1233 2483 72 17 arrenr,
1319 2478 38 18 and
1378 2477 32 20 the

982 2499 53 19 lease
1066 2500 40 19 will
1131 2502 79 19 contain
1240 2503 111 25 provisions
1380 2504 31 19 for

980 2528 90 23 ae-entry
1091 2527 38 18 and
1158 2528 30 18 fur
1216 2528 35 19 the
1274 2535 93 19 recovery
1390 2530 21 18 of

980 2555 60 15 rents.

1048 2603 138 21 GEEHAED
1204 2605 139 24 MUFLLEB,

1053 2630 154 20 Commissioner
1225 2634 20 18 of
1256 2632 70 20 Crown
1337 2633 72 19 Lands.

983 2655 82 19 District
1074 2655 57 20 Land
1141 2658 39 18 and
1192 2657 77 26 Survey
1283 2659 65 18 Ofliee.

1034 2681 112 25 Auckland,
1167 2684 117 20 November
1305 2687 26 20 1!),
1355 2686 33 18 189
1388 2686 22 18 C.

1007 2740 35 18 XT
1044 2740 94 20 ANTED.
1179 2743 78 23 Repairs
1275 2744 18 17 to
1317 2744 92 21 Watches,

1015 2768 8 14 T
1068 2763 105 24 Jewellery,
1193 2767 37 19 &c,
1249 2767 40 17 also
1305 2767 63 18 orders
1383 2767 29 18 for

1007 2793 14 10 w
1030 2787 87 18 Watches
1125 2788 37 18 and
1179 2789 105 23 Jewellery,
1302 2791 20 17 to
1338 2790 24 18 be
1378 2791 34 17 loft

1007 2810 17 16 tli
1035 2810 25 17 H.
1071 2811 85 20 Stewart,
1167 2812 83 20 Saddler,
1265 2814 58 22 agent
1340 2814 29 17 for
1385 2814 26 17 11.

1017 2833 98 22 Howden,
1126 2834 132 20 Watchmaker
1267 2836 37 18 and
1318 2836 92 21 Jeweller,

1007 2856 77 18 imilton.

986 2912 245 25 CTT'ANTED.Night
1251 2915 160 24 Porter.Apply

997 2940 8 14 T
1014 2939 9 15 T
1067 2936 73 18 Grand
1153 2937 76 18 Hotel.

1049 2984 40 19 ST.
1100 2984 156 20 PATRICK'S
1271 2986 70 19 DAY.

1010 3030 147 18 PROSPOSED
1171 3032 66 17 RACE
1251 3033 126 17 MEETING.

1105 3076 82 19 desirous
1204 3079 21 16 of
1240 3078 80 23 holding
1335 3084 12 12 a
1363 3080 50 17 Race

987 3095 24 23 JL
1042 3099 87 24 Meeting
1145 3107 23 11 on
1183 3101 66 17 March
1265 3101 44 18 17th
1322 3104 47 15 next
1382 3109 31 11 are

980 3122 98 22 requested
1094 3124 20 16 to
1135 3125 65 16 confer
1219 3125 88 22 together
1327 3127 20 15 at
1363 3125 50 17 Lake

980 3146 8 7 T
990 3146 54 17 Touse
1053 3146 58 17 Hotel
1119 3153 24 10 on
1153 3147 85 18 Tuesday
1247 3150 46 14 next
1307 3149 19 15 at
1341 3149 10 14 ,S
1366 3154 45 16 p.m.

1266 3170 122 18 STANLEY.

1009 3262 144 20 SATURDAY,
1166 3262 123 18 JANUARY
1301 3264 18 19 9,
1330 3264 51 17 1897.

981 3307 103 19 HAYES
1105 3308 64 18 ADD
1182 3308 150 19 NAYLOR'S
1345 3309 67 19 COY.

1040 3353 146 24 Everything
1195 3355 98 23 entirely
1301 3360 58 14 new.

981 3377 47 17 New
1037 3377 67 23 Songs,
1112 3378 47 17 New
1167 3379 80 19 Dances,
1257 3379 46 16 New
1318 3379 93 21 Sketches,

1131 3401 47 17 New
1187 3402 73 17 Farces.

1027 3431 39 18 MR
1078 3432 72 18 CHAS.
1161 3433 106 17 NAYLOR
1278 3433 37 16 will
1324 3433 43 22 sing

1002 3455 59 17 Boom
1143 3455 107 18 "Soldier's
1362 3456 51 23 Song

1093 3479 20 16 of
1122 3478 33 18 the
1268 3480 32 16 &c.

1004 3527 73 22 Prisky,
1087 3527 32 17 the
1128 3527 66 21 clown,
1202 3528 37 17 and
1245 3528 29 16 his
1281 3528 59 22 funny
1346 3528 42 17 trio.

1072 3549 65 18 James
1145 3551 68 21 White,
1228 3551 91 17 baritone.

982 3580 65 19 Look
1061 3582 41 17 out
1111 3581 36 19 for
1159 3582 41 18 the
1213 3582 85 23 Funny
1308 3582 104 18 Contest.

1004 3612 39 17 The
1051 3613 61 17 whole
1120 3614 21 16 to
1150 3614 90 17 conclude
1248 3614 47 17 with
1301 3614 32 17 the
1339 3614 62 17 charm-

981 3635 34 23 ing
1025 3635 83 23 comedy,

1097 3659 76 17 Lett's
1186 3659 110 17 Teoubles.

1059 3686 83 22 Popular
1150 3687 62 17 Prices
1220 3692 6 12 :
1238 3688 20 16 :2s
1266 3687 38 17 and
1312 3687 25 17 Is.

1098 3709 92 18 Overture
1198 3711 20 16 at
1227 3711 10 16 8
1246 3710 62 22 sharp.

982 3756 149 19 ROTORUA
1141 3756 211 20 PROSPECTING-
1366 3756 33 20 AS-

1110 3780 171 18 SOCIATION.

1060 3828 31 17 10
1104 3829 51 17 ALL
1167 3829 169 18 INTERESTED.

983 3873 163 43 MEMBEHS
1160 3876 74 23 failing
1242 3878 21 16 to
1270 3882 40 18 pay
1320 3875 35 19 the
1369 3881 34 19 pre-

1063 3904 44 15 sent
1124 3901 90 19 mouth's
1236 3901 134 24 subscription
1394 3904 21 16 to

984 3925 103 25 Secretary
1098 3933 22 12 or
1129 3927 109 19 Treasurer
1255 3927 69 18 before
1339 3926 64 19 Thurs-

984 3951 45 24 day,
1044 3952 47 18 14th
1100 3953 55 23 inst,
1175 3957 22 14 at
1213 3955 11 15 5
1245 3959 55 18 p.m.,
1320 3958 56 13 cease
1394 3955 21 17 to

983 3977 52 18 have
1042 3984 38 18 any
1091 3978 83 19 interest
1184 3978 21 19 in
1211 3979 35 19 the
1255 3979 132 18 Association.

1009 4002 19 19 A
1039 4003 90 25 meeting
1139 4003 42 20 will
1189 4003 25 20 bfl
1221 4004 47 19 held
1275 4004 20 19 in
1305 4004 34 19 the
1346 4003 69 20 Grand

984 4028 62 19 Hotel
1054 4035 55 13 same
1116 4031 89 23 evening
1214 4033 21 16 at
1245 4032 10 17 8
1265 4029 82 20 o'clock.

1010 4056 112 17 Bvsiness:
1138 4056 130 19 To-consider
1281 4056 34 19 the
1326 4055 89 25 winding

983 4086 28 18 up
1021 4080 21 19 of
1051 4080 35 19 the
1100 4081 132 19 As-sociation.

1095 4106 34 19 V.
1143 4106 25 19 A.
1185 4106 151 23 WILLIAMS,

1279 4133 109 24 Secretary.

983 4225 99 39 Ask
1113 4225 71 38 for
1209 4224 264 39 Hancock's
1515 4225 277 39 Celebrated
1829 4221 186 41 XXXX
2054 4221 111 38 Mts
2193 4223 94 36 and
2314 4222 150 41 Stout,

2889 3428 51 17 ARE
2951 3428 55 17 YOU
3014 3429 148 18 AFFLICTED'

3001 3452 46 17 with

2854 3474 150 20 DYSPEPSIA,

2866 3497 188 18 CONSTIPATION

2878 3520 104 17 KIDNEY
2990 3521 140 21 TROUBLES,

2889 3543 145 20 BACKACHE,

2901 3566 102 18 ACHING
3016 3567 86 19 LIMBS,
3116 3574 23 10 or

2913 3589 81 18 LIVER
3003 3589 151 19 COMPLAINT
3164 3591 8 17 ?

2807 3611 20 17 If
2836 3617 26 14 so,
2872 3612 40 17 safe
2919 3612 90 17 remedies
3017 3619 31 10 are
3057 3613 30 17 vrii
3092 3614 19 16 in
3126 3620 48 11 vour
3187 3620 40 11 reac

2807 3636 20 15 at
2836 3640 10 11 a
2855 3635 84 17 nominal
2947 3637 45 15 cost.
3017 3636 138 18 CLEMENTS
3164 3637 65 17 TONH

2808 3657 37 17 and
2860 3657 150 19 FLETCHFRS
3026 3659 75 17 PILLS
3116 3660 47 17 have
3186 3666 43 12 neve

2807 3682 33 20 yet
2864 3680 58 17 failed
2939 3683 20 15 to
2983 3687 43 12 cure
3051 3683 33 16 the
3109 3684 58 16 worst
3184 3689 45 12 case;

2807 3703 81 17 General
2896 3704 85 22 debility,
2990 3709 129 17 nervousness,
3139 3706 90 17 weakness

2807 3726 38 17 and
2854 3727 77 22 general
2942 3728 111 21 complaints
3071 3729 21 16 of
3099 3729 33 17 the
3149 3729 78 22 digestiv

2806 3749 39 17 and
2852 3755 81 12 nervous
2941 3752 79 20 systems
3033 3757 33 11 are
3078 3752 97 22 promptly
3184 3758 45 11 euro

2806 3772 26 22 by
2840 3772 52 17 these
2900 3773 77 17 reliable
2982 3774 98 17 remedies.
3103 3775 53 21 Tliey
3162 3781 31 12 are
3199 3780 28 18 pre

2806 3795 58 22 pared
2872 3796 26 21 by
2907 3796 89 17 scientific
3005 3803 99 16 processes,
3114 3798 39 16 and
3161 3804 32 11 are
3206 3803 23 12 no

2806 3818 71 22 merely
2885 3819 116 17 mechanical
3017 3821 91 16 mixtures
3125 3821 54 17 made
3196 3821 33 21 onl;

2807 3842 20 15 to
2838 3842 41 20 gull
2888 3842 31 16 the
2936 3842 72 21 public.
3031 3843 40 17 The
3088 3849 75 12 renown
3182 3843 45 18 CLE

2806 3864 88 18 MENTS
2918 3865 78 18 TONIC
3020 3866 38 17 and
3083 3866 136 18 FLETCHER
3221 3864 3 20 -
3227 3864 2 20 :

2806 3887 76 17 PILLS
2886 3887 49 18 have
2943 3894 43 11 won
2993 3889 20 16 in
3022 3889 118 17 Australasia
3154 3890 16 16 is
3186 3895 43 17 proo

2806 3910 21 17 of
2834 3909 33 18 the
2876 3910 39 18 fact
2932 3911 45 17 that
2989 3911 47 22 they
3052 3912 56 17 stand
3123 3914 104 20 preemincn

2806 3933 30 16 for
2849 3933 50 16 their
2908 3934 68 21 special
2985 3934 67 17 classes
3061 3936 19 15 of
3097 3935 87 18 diseases.
3208 3937 21 16 N<

2806 3956 90 17 remedies
2905 3962 42 12 ever
2956 3957 40 17 sold
3006 3963 47 16 gave
3062 3958 45 17 such
3116 3959 60 17 entire
3184 3959 43 17 satis

2806 3979 72 17 faction
2886 3981 21 15 to
2915 3979 50 17 their
2973 3981 83 21 patrons,
3074 3981 38 17 nd
3128 3981 87 18 evidence
3222 3981 5 16 i

2806 4002 128 22 forthcoming
2942 4003 48 17 from
3001 4009 54 16 every
3072 4004 44 22 city,
3134 4005 52 16 town
3202 4010 26 11 am

2806 4025 70 22 village
2885 4026 19 16 to
2913 4031 57 16 prove
2979 4026 48 17 their
3036 4027 77 16 virtues.
3139 4028 30 16 No
3179 4027 47 18 doub

2806 4053 35 11 can
2849 4054 43 10 now
2901 4049 49 17 exist
2958 4055 20 11 as
2986 4050 20 16 to
3015 4049 50 17 their
3070 4049 61 21 value,
3149 4050 36 18 but
3193 4056 33 17 pur

2806 4071 75 17 chasers
2888 4073 51 16 roust
2947 4071 23 18 be
2979 4072 70 17 careful
3058 4074 20 15 to
3087 4073 34 21 get
3128 4073 33 18 the
3178 4078 47 18 genu

2806 4094 30 16 ine
2845 4094 74 17 articles
2929 4101 20 10 as
2958 4101 55 16 many
3019 4096 139 21 unscrupulous
3166 4097 63 16 trader

2806 4117 39 17 will
2854 4118 82 21 attempt
2952 4119 20 15 to
2981 4118 50 22 palm
3043 4118 27 16 eff
3081 4124 12 11 a
3106 4119 102 18 substitute
3220 4112 9 32 i|

2806 4140 85 22 possible,
2901 4140 31 17 for
2939 4140 33 17 the
2980 4140 43 18 sake
3029 4141 21 17 of
3058 4143 54 16 extra
3120 4143 67 21 piofii.
3228 4140 1 24 i
