2440 3900
45 166 27 24 of
91 165 89 24 science
202 165 49 24 had
275 165 140 31 completely
437 165 128 31 dissipated
606 158 2 38 j

46 205 42 24 the
100 205 120 30 primitive
231 213 76 16 errors
317 205 80 23 which
416 205 91 24 formed
526 205 42 23 the

47 251 55 24 very
117 243 143 25 foundation
282 244 27 24 of
329 243 99 25 modern
451 244 117 31 religions,

47 283 74 24 which
133 291 59 16 were
203 283 97 25 neither
312 292 63 15 more
388 292 42 15 nor
442 284 47 24 less
507 283 61 24 than

47 320 101 31 popular
171 322 176 30 superstitions,
381 322 42 24 the
456 321 113 31 religious

48 360 192 30 superstructure
253 359 61 24 built
326 367 63 23 upon
402 359 69 26 those
493 367 76 16 errors

46 404 48 17 was
107 395 50 25 still
173 397 146 24 maintained
341 399 26 22 at
388 403 40 29 aft.
442 404 127 17 enormous

46 439 52 21 cost
109 436 26 23 of
145 435 68 29 time,
226 444 86 23 energy
324 436 47 23 and
393 445 93 22 money.
521 437 50 23 The

44 475 80 24 \vords
145 475 62 26 God,
232 475 108 24 Heaven,
364 476 46 23 and
436 476 64 27 Hell,
535 475 33 24 al-

46 513 90 30 though
148 513 144 31 completely
304 513 111 24 modified
439 513 26 23 in
487 520 82 17 mean-

46 550 50 31 ing,
110 558 60 16 were
192 551 49 23 still
265 550 58 23 used
346 558 27 15 as
395 550 94 31 though
514 550 55 31 they

47 590 108 29 signified
164 589 53 30 juat
228 589 42 24 the
282 589 65 23 ideas
359 597 26 15 as
399 589 56 30 they
478 589 41 23 did
542 592 24 22 to

48 629 41 23 tile
99 628 117 31 primitive
229 628 95 31 peoples
336 635 87 23 among
435 628 81 24 whom
529 629 40 23 the

47 667 157 31 conceptions
214 666 140 32 originated.
389 667 52 24 God
455 668 53 22 vim
521 667 48 24 had

45 706 97 23 become
154 706 40 23 the
206 706 83 23 veriest
301 704 100 24 abstract
414 712 32 17 on
477 706 26 24 in
513 715 3 5 •
535 713 33 16 m-

48 744 150 32 jwhensible
235 744 49 25 and
314 744 178 25 inconceivable
526 753 46 16 was

47 784 50 25 still
119 784 126 25 addressed
274 792 27 16 as
329 791 14 16 a
373 784 72 30 being
470 785 25 24 of
523 784 46 25 like

48 826 67 28 parts
154 824 44 23 and
249 823 110 30 passions
407 824 60 23 wish
517 831 52 16 our-

49 862 84 23 selves.
167 860 98 24 Heaven
289 859 56 25 with
366 860 31 24 its
428 863 85 22 streets
546 861 27 23 of

47 901 62 30 gold,
122 900 32 24 its
166 899 66 25 walls
244 899 26 25 of
276 899 88 31 jasper,
377 900 32 24 its
430 900 73 31 harps
521 900 47 24 and

49 939 32 25 its
93 947 90 17 crowns
195 947 49 17 was
254 946 55 17 now
321 939 118 25 admitted
451 942 24 22 to
488 940 27 24 bo
527 939 42 25 but

49 979 42 23 the
103 978 131 24 barbarous
245 979 140 30 conception
405 979 27 23 of
451 988 15 15 a
488 980 83 30 people

49 1017 82 25 whose
138 1017 66 24 ideas
215 1018 27 24 of
252 1017 84 31 beauty
347 1026 61 16 were
420 1019 110 24 confined
543 1021 26 22 to

49 1058 44 23 the
105 1057 76 30 gilded
201 1057 126 30 splendour
350 1058 47 22 and
420 1058 41 24 the
481 1058 89 31 tawdry

49 1096 76 29 finery
136 1095 27 24 of
183 1103 14 16 a
220 1095 62 30 huge
302 1094 114 31 jewellers
437 1095 67 31 shop.
539 1096 32 23 As

49 1135 38 24 lor
109 1134 58 25 Hell
190 1134 57 25 with
268 1134 33 25 its
324 1134 148 32 everlasting
500 1134 71 25 brim-
603 1147 3 4 ■

51 1177 68 22 stone
127 1174 55 25 fires
194 1174 20 25 it
225 1182 49 17 was
286 1174 90 25 seldom
388 1174 74 25 heard
474 1175 26 24 of
520 1183 51 16 now

51 1223 54 16 save
115 1216 26 21 in
155 1214 40 24 the
204 1214 70 24 ranks
285 1214 26 24 of
321 1214 40 24 the
373 1217 64 22 most
459 1215 114 24 illiterate

51 1254 93 31 portion
157 1254 25 23 of
194 1254 41 25 the
260 1254 121 24 Salvation
406 1255 80 30 Army.
521 1254 52 25 The
597 1267 4 3 -

52 1293 76 24 husks
140 1292 26 26 of
176 1294 40 24 the
227 1293 38 25 old
279 1293 82 24 beliefs
373 1302 59 16 were
451 1294 51 24 still
521 1302 50 22 pre-

53 1333 81 24 served
147 1333 42 24 but
201 1333 60 24 thoir
272 1333 94 24 kernels
377 1333 47 24 had
435 1333 59 31 long
506 1334 67 23 since

51 1371 102 30 decayed
165 1372 48 23 and
235 1371 138 24 mouldered
395 1379 74 23 away.
505 1371 67 31 They

52 1411 95 28 taught,
161 1411 108 24 'Blessed
280 1419 40 16 are
328 1411 41 24 the
378 1411 77 28 meek,
460 1413 5 9 1
477 1411 42 24 but
528 1419 40 16 ex-

51 1451 120 31 emplified
180 1451 31 24 all
220 1451 42 23 the
272 1450 163 29 haughtiness,
444 1459 128 23 arrogance

49 1491 49 22 and
109 1487 66 32 pride
186 1489 25 24 of
226 1487 242 33 self-righteousness.
502 1489 68 31 They

51 1528 48 25 call
107 1529 140 24 themselves
259 1527 129 25 Christians
400 1529 72 24 while
494 1529 74 24 refus-

51 1566 42 29 ing
105 1567 24 22 to
141 1568 43 27 put
195 1567 52 23 into
258 1566 103 30 practice
375 1566 40 23 the
428 1575 56 22 very
495 1567 76 30 plain-

51 1606 37 22 est
100 1604 26 25 of
134 1604 42 24 the
197 1605 146 32 injunctions
366 1605 23 24 of
411 1605 41 25 the
475 1606 95 31 reputed

51 1642 102 24 founder
164 1643 26 23 of
200 1642 61 25 their
271 1643 76 24 creed.
360 1643 67 30 They
434 1644 92 30 profess
548 1647 25 21 to

51 1679 92 24 believe
154 1680 26 23 in
192 1680 40 23 the
244 1680 150 24 blessedness
416 1682 26 23 of
463 1684 107 28 poverty,

53 1719 44 24 but
108 1719 42 23 the
161 1719 62 24 chief
231 1719 80 31 places
318 1719 24 24 in
356 1719 62 24 their
427 1720 99 32 temples
535 1728 39 17 are

51 1756 133 31 invariably
207 1757 107 24 awarded
338 1760 24 20 to
374 1757 70 25 those
455 1760 52 22 who
530 1766 39 17 are

51 1794 76 24 noted
235 1796 39 22 for
296 1795 40 24 the
358 1796 83 30 length
465 1797 25 23 of
512 1796 61 24 their

52 1839 70 24 purse
134 1832 60 24 than
213 1832 40 24 the
275 1832 101 24 breadth
399 1833 25 25 of
444 1831 68 35 theicj
528 1834 45 24 hu-

52 1872 102 29 manity.
188 1872 65 31 They
274 1881 39 14 nre
335 1873 86 30 taught
442 1874 55 23 that
507 1874 67 24 fGod

51 1908 103 24 himself
161 1908 43 24 has
218 1910 102 30 enjoined
333 1909 67 26 them
414 1914 5 10 '
430 1913 40 21 not
491 1913 24 23 to
537 1919 36 16 re-

108 1946 53 27 evil,
174 1948 25 23 to
210 1947 53 31 give
275 1949 25 22 to
312 1955 116 24 everyone
440 1948 55 25 that
517 1949 54 24 a*k-

51 1978 41 28 etli
101 1982 51 24 and
162 1985 24 21 to
199 1984 26 23 be
237 1985 44 21 not
292 1990 102 17 anxious
406 1985 36 23 for
454 1985 41 23 the
508 1992 62 16 mor-
594 1999 4 3 •

51 2030 57 19 row,
122 2022 42 24 but
174 2023 27 23 in
213 2023 33 23 all
258 2023 27 23 of
294 2022 68 25 these
380 2025 100 23 matters
502 2023 72 25 while

49 2060 146 30 pretending
205 2060 135 30 allegiance,
354 2063 24 21 to
399 2068 15 16 a
437 2061 78 25 divine
538 2061 35 24 in-

49 2098 107 22 structor
167 2097 58 30 they
237 2096 59 31 obey
317 2096 42 25 the
380 2099 150 30 promptings
550 2099 26 23 of

49 2133 159 25 self-interest
231 2134 48 24 and
301 2133 42 25 the
366 2135 148 30 injunctions
548 2136 27 24 of

49 2178 116 17 common
176 2179 77 17 sense.
287 2171 65 24 Both
371 2172 24 24 in
420 2181 82 23 prayer
524 2174 49 24 and

49 2209 28 24 in
88 2209 78 32 praise
178 2209 42 25 the
231 2217 65 17 same
305 2210 136 32 insincerity
460 2213 21 23 is
504 2212 69 25 made

49 2249 126 29 appaient.
209 2248 68 31 They
300 2249 83 29 regard
405 2249 74 24 doubt
491 2258 35 20 ,as
560 2258 15 16 a

49 2286 68 23 niost
128 2285 99 24 heinous
237 2286 38 23 sin
289 2286 171 30 and-proclaim
472 2286 49 29 the.i
533 2288 40 24 ab-
593 2300 4 3 •

50 2322 79 23 solute
140 2323 118 31 certainty
270 2323 27 24 of
307 2322 64 25 their
381 2324 122 24 doctrines

49 2361 108 31 dogmas,
168 2363 41 28 yet
221 2362 57 30 they
289 2361 49 25 will
352 2362 82 31 lustily
445 2363 62 31 sing,

50 2403 8 10 *
70 2398 19 24 0
101 2399 70 24 could
185 2408 34 16 we
230 2399 44 24 but
286 2399 69 24 those
368 2400 87 25 doubts
467 2409 105 21 remove,

84 2437 78 23 Those
171 2438 95 30 gloomy
286 2437 80 24 loubts
377 2438 55 24 that
443 2439 64 24 rise.'

52 2475 80 25 While
143 2476 24 24 in
180 2484 83 24 prayer
274 2476 58 32 they
343 2477 49 25 will
404 2479 169 31 unreservedly
582 2505 3 7 (

49 2514 70 24 leave
131 2514 144 25 themselves
286 2516 27 23 in
326 2516 73 24 God's
411 2517 84 28 hands,
519 2517 55 25 who
595 2521 4 5 '

49 2552 52 24 will
112 2552 31 24 do
154 2552 36 24 for
202 2553 64 24 them
281 2557 5 10 '
296 2554 40 22 far
345 2554 75 24 better
431 2555 61 23 than
585 2561 4 19 ;

46 2598 51 16 «an
108 2590 42 23 ask
162 2599 26 16 or
199 2590 86 28 think,'
299 2590 56 32 they
374 2591 49 25 will
445 2592 26 24 in
493 2593 81 24 actual

50 2630 40 25 life
103 2630 54 24 take
169 2633 101 22 matters
281 2631 52 24 iato
346 2631 63 24 their
420 2640 52 15 own
495 2632 78 24 hands

49 2669 50 24 and
111 2670 72 23 stand
194 2678 27 16 or
232 2670 41 25 fiill
286 2672 30 30 by
328 2670 41 24 the
380 2672 85 23 results
476 2671 26 24 of
512 2672 63 24 tiheir

51 2715 51 16 own
134 2714 86 24 energy
253 2708 48 24 and
333 2709 140 31 enterprise.
508 2709 67 31 They

50 2754 57 26 pray
117 2746 53 25 God
182 2749 24 22 to
218 2755 85 16 ensure
314 2749 62 23 their
404 2749 78 31 safety
505 2750 69 24 while

51 2786 127 30 travelling
188 2786 44 24 but
242 2794 41 17 are
301 2788 91 24 careful
413 2790 26 22 to
459 2789 55 24 take
533 2790 42 23 out

51 2823 175 25 aa'accidental
234 2832 3 4 •
247 2824 128 24 insurance
397 2825 75 25 ticket
495 2825 80 26 before

53 2861 111 31 starting.
187 2862 3 5 '
198 2862 55 24 Men
266 2862 85 25 kriovrn
364 2867 24 20 to
401 2863 27 24 be
440 2863 75 31 proud
528 2864 47 24 and

52 2903 113 28 arrogant
176 2901 26 25 in
214 2902 61 31 daily
288 2902 42 25 life
341 2910 95 17 a»sume
459 2912 15 16 a
493 2903 82 25 meek-

51 2948 66 21 ness,
130 2942 46 24 aiid
200 2942 115 32 humility
337 2943 24 24 in
394 2943 42 25 the
469 2944 107 31 meeting

51 2980 86 28 house,-
148 2982 79 24 which
240 2990 40 16 are
435 2984 93 30 foreign
550 2985 27 23 to

51 3018 62 25 their
124 3021 93 22 uature.
252 3019 86 27 Tngse.
354 3028 65 16 same
442 3028 57 17 men
522 3020 49 25 will

51 3056 65 25 often
127 3064 85 17 accuse
221 3057 146 26 themselves
380 3057 75 25 before
475 3058 55 25 God
549 3058 40 25 in:

40 3109 3 3 •
52 3095 72 22 terms
143 3094 81 27 which,
246 3094 87 24 should
356 3102 92 22 anyone
472 3102 42 17 use
535 3103 39 22 ng-
586 3097 6 10 '

32 3140 3 6 •
51 3131 63 24 ainst
127 3131 63 24 them
202 3131 79 25 would
285 3131 123 32 ..certainly
427 3133 95 24 involve
543 3140 32 16 an
594 3132 5 19 ?

31 3182 9 15 .-
51 3170 78 24 action
142 3170 38 24 for
190 3170 57 24 libel
257 3171 46 23 and
314 3178 14 16 a
337 3171 72 23 claim
418 3171 157 30 for'damages

35 3229 5 3 .
52 3209 76 23 under
147 3209 43 25 the
211 3210 53 31 plea
286 3210 24 24 of
333 3217 14 16 a
370 3210 149 24 defamation
552 3210 24 23 of

49 3249 134 24 character.
218 3249 50 24 The
291 3257 54 23 very
350 3264 16 15 4i
368 3257 58 16 man
449 3250 51 24 who
527 3249 48 24 will

32 3300 8 5 ••
50 3286 95 24 confess
157 3289 24 22 to
194 3287 52 24 God
259 3286 96 26 thafcrhe
362 3287 22 24 is
397 3288 56 23 '.the
460 3288 68 23 vilest
550 3287 28 24 of

51 3323 33 24 all
102 3324 98 24 .sinners
209 3325 7 12 '
241 3325 43 23 will
291 3325 3 5 1
314 3324 78 25 knock
424 3333 46 23 you
504 3324 71 25 down

52 3360 95 29 should.
150 3370 48 22 you
210 3363 40 24 tell
264 3362 51 23 him
329 3362 41 24 the
383 3370 66 17 same
465 3363 75 30 thisg.

84 3399 78 25 TlHise
174 3407 40 16 are
227 3399 43 25 but
282 3408 14 16 a
307 3399 45 25 few
363 3401 22 23 oi
398 3400 41 24 the
451 3399 123 25 evidences

51 3436 27 22 of
82 3435 65 25 Cant
157 3437 28 23 in
196 3438 28 22 19
228 3438 37 23 th.
277 3441 101 28 century
397 3438 110 31 religion,
523 3436 52 26 ;but

53 3475 65 30 they.
122 3475 58 30 help
191 3478 25 22 to
227 3477 70 24 show.
303 3478 52 22 how
368 3478 140 30 completely
521 3475 53 25 trie

53 3509 109 34 morality
171 3514 43 23 has
228 3514 54 23 l>een
296 3511 113 27 obscured
421 3514 47 24 and
477 3515 112 28 thwart'-.:

51 3549 70 30 edby
133 3550 40 23 the
185 3551 153 24 substitution
352 3551 27 24 of
388 3551 74 25 belief
470 3552 37 25 for
517 3559 45 17 con
564 3565 9 13 r

52 3587 57 25 duct
121 3595 26 15 as
159 3587 42 24 the
212 3587 142 25 foundation
423 3598 15 15 a
460 3590 113 31 religious

50 3624 50 25 life.
131 3624 78 31 •Truly
221 3626 40 23 the
273 3627 57 29 only
354 3627 102 31 religion
479 3623 92 29 deserv-

49 3662 44 30 ing
112 3661 47 25 tli-fe-
161 3676 8 13 ?
171 3660 75 28 jianie
268 3662 21 25 is
312 3660 54 28 thai
388 3665 25 24 of
435 3664 80 25 deeds'
598 3688 9 7 

46 3700 95 32 ,creeds,
164 3700 93 26 actions
265 3723 3 3 .
279 3704 43 22 not
346 3704 88 28 reliefs,
458 3704 30 31 by
484 3728 5 9 :
522 3705 49 23 this
599 3724 5 3 .

50 3740 70 24 alone
131 3748 44 15 can
182 3764 7 7 r
187 3743 42 21 we*
234 3740 67 25 learn
324 3741 54 25 how
402 3747 23 19 to
448 3743 125 25 eliminate

50 3779 46 24 evil
108 3779 48 24 and
167 3781 77 22 attain
256 3781 25 23 to
303 3780 120 26 universal
446 3791 72 22 peace
540 3791 31 16 on

51 3816 70 25 earth
132 3817 48 24 and
188 3818 63 30 good
262 3818 48 24 will
322 3819 102 25 towards
441 3828 66 17 men.

722 177 95 26 WEST
830 179 136 24 OXFORD
976 179 137 24 SCHOOL.

661 262 171 22 Examination
844 262 37 22 for
893 262 86 22 month
1002 262 27 22 of
1048 262 130 30 February.

661 302 117 23 Standard
792 303 43 24 VI.
901 302 109 25 Possible
1027 304 55 23 1(30.

723 344 69 26 Bella
801 345 73 32 Greig
1132 347 46 23 135

724 387 78 30 Lydia
813 388 103 30 Comyns
999 407 26 6 ...
1133 390 47 24 130

724 430 105 25 Herbert
842 431 120 24 Prichard
1006 450 27 6 ...
1135 433 45 23 122

725 474 107 24 Thomas
849 474 67 25 Dora
1007 494 26 5 ...
1133 477 45 22 121

662 516 121 25 Standard
806 517 31 24 V.
903 517 107 25 Possible
1022 519 61 24 -160.

725 559 85 24 Albert
827 560 112 30 Harding
1005 578 26 7 ...
1133 562 46 22 124

727 602 72 24 Flora
816 602 60 24 Free
1008 621 28 5 ...
1135 605 46 22 114

726 644 73 24 Maud
811 645 111 25 Knowles
986 668 4 6 ,
1006 663 27 6 ...
1133 647 46 22 113

727 687 63 24 Rose
813 687 96 24 Beavan
1010 706 26 6 ...
1137 689 44 24 108

663 729 119 26 Standard
799 731 43 24 TV.
909 731 104 24 Possible
1031 732 55 25 170.

726 773 94 29 George
829 774 100 24 Cleaver
1006 791 28 7 ...
1134 775 47 25 147

726 816 111 24 William
855 816 108 30 Comyns
1009 834 27 7 ...
1135 818 46 22 180

726 858 68 23 John
813 858 82 24 Smith
1011 877 26 6 ...
1138 861 43 24 187

726 900 97 31 Maggie
841 901 82 24 Smith
1008 921 28 5 ...
1137 903 44 23 128

727 943 79 31 Agnes
823 944 75 32 Paget
1008 964 26 5 ...
1136 946 45 24 120

663 986 122 25 Standard
808 987 47 24 111.
921 987 109 25 Possible
1048 990 54 23 185.

726 1028 134 26 Constance
886 1030 77 24 Jones
1009 1049 27 6 ...
1137 1031 44 24 113

727 1072 77 24 Edith
818 1089 4 10 :
830 1072 101 25 Cleaver
1010 1092 27 6 ...
1137 1075 44 23 11l

726 1114 68 26 John
823 1115 117 31 Hennesy
1008 1133 28 6 ...
1135 1117 46 23 108

728 1158 87 28 Fanny
831 1158 69 25 Dora
1010 1177 27 6 ...
1138 1160 43 23 102

756 1306 117 17 OXFORD
888 1306 80 17 ROAD
987 1306 100 17 BOARD.

689 1374 47 21 The
745 1374 104 26 ordinary
858 1374 102 26 monthly
973 1374 99 26 meeting
1093 1374 24 21 of
1138 1374 47 21 this

662 1411 73 21 Board
742 1418 43 13 was
795 1411 53 20 held
856 1418 28 14 on
894 1411 39 21 the
943 1411 43 20 2nd
996 1411 54 24 inst,
1064 1411 31 21 all
1117 1418 66 14 mem-

664 1449 51 20 bers
724 1449 91 25 present
823 1449 79 26 except
910 1449 37 19 Mr
968 1449 21 19 P.
1008 1449 97 26 Wright.

691 1486 99 20 Minutes
799 1486 24 20 of
831 1486 45 21 last
889 1486 99 27 meeting
995 1493 58 14 were
1069 1486 54 22 read
1141 1486 45 22 and

664 1524 124 21 confirmed.
984 1543 5 2 .
1128 1531 3 3 •

690 1561 66 19 Clerk
773 1560 112 26 produced
902 1567 29 13 an
956 1560 130 20 exhaustive
1112 1561 75 24 report

663 1603 59 20 upon
725 1597 44 25 .the
778 1597 54 21 road
842 1598 159 25 requirements
1010 1598 21 20 of
1037 1598 41 20 the
1085 1597 101 21 deferred

663 1635 124 26 payment's
796 1634 55 20 land
858 1635 54 20 with
927 1640 30 14 an
975 1635 139 20 estimate'of
1127 1640 61 14 mon-

665 1672 44 25 ey's
728 1672 66 24 spent
816 1677 27 14 on
862 1672 39 19 the
929 1672 87 19 various
1043 1672 69 24 roads,
1142 1670 46 21 and

665 1715 89 18 moneys
763 1708 106 26 accruing
877 1708 72 19 which
958 1708 73 20 would
1039 1708 30 21 be
1076 1708 111 21 available

663 1746 35 20 for
706 1745 89 21 further
801 1745 54 21 road
860 1745 103 26 forming,
971 1746 45 20 and
1022 1745 164 21 recommended

663 1783 54 20 that
722 1782 42 20 the
772 1783 59 19 work
846 1782 80 20 should
943 1788 28 20 go
986 1788 28 14 on
1032 1783 23 19 in
1071 1782 41 21 the
1128 1782 60 20 most

663 1819 92 21 needful
763 1819 97 25 places/"'
869 1819 84 25 Agreed
971 1820 30 19 to.

693 1857 98 21 Brown's
800 1857 53 20 road
862 1863 73 15 across
953 1855 39 22 the
1010 1857 57 27 Eyre
1086 1857 101 25 required

665 1893 127 27 reforming.
896 1894 24 20 to
929 1894 28 20 be
966 1893 63 22 done.

665 1947 7 3 ..
679 1939 3 15 ;
691 1931 66 23 Clerk
766 1931 102 26 reported
881 1937 58 20 upon
949 1931 39 21 the
997 1931 77 27 injury
1081 1932 24 20 to
1113 1938 73 14 sever-

663 1970 24 19 al
696 1969 60 19 fords
766 1969 44 19 and
818 1969 75 25 groins
903 1969 30 25 by
942 1968 38 20 the
990 1969 44 19 last
1042 1968 67 21 floods
1116 1968 70 20 which

663 2006 30 20 he
700 2005 44 20 had
754 2004 45 21 had
806 2005 108 27 repaired,
940 2004 125 27 Approved.

691 2042 47 20 The
746 2041 50 20 ford
805 2042 25 19 at
839 2042 62 20 Grim
903 2042 79 19 wood's
991 2042 64 20 creek
1063 2048 46 14 was
1126 2048 61 13 com-

663 2078 85 25 pletely
764 2078 122 26 destroyed.
912 2078 99 22 Tenders
1028 2079 24 20 to
1070 2079 28 20 be
1116 2078 72 20 called

665 2115 36 21 for
709 2115 36 23 log
753 2114 56 21 ford.

690 2151 47 21 The
747 2151 109 27 approach
865 2152 24 19 to
902 2151 125 27 footbridge
1045 2158 53 14 over
1116 2151 72 20 Grim-

663 2189 79 21 wood's
752 2190 63 19 creek
825 2195 44 14 was
877 2189 69 26 being
955 2187 98 22 scoured'.
1081 2190 39 20 Cle
1130 2190 26 19 rk
1164 2190 24 19 to

663 2233 66 20 agree
738 2226 55 20 with
808 2227 80 25 Taylor
906 2226 45 20 and
969 2226 106 21 Vallance
1093 2227 24 20 to
1134 2227 53 20 take

663 2263 130 28 preventive
809 2270 115 14 measures.
1107 2262 9 15 ;>

690 2301 66 20 Clerk
765 2300 166 21 recommended
939 2300 39 21 the
992 2301 151 20 construction
1161 2300 24 21 of

663 2337 136 25 footbridges
813 2343 73 14 across
905 2337 108 24 Ingram's
1031 2336 45 21 and
1091 2336 97 21 White's

664 2374 83 21 creeks.
773 2373 31 21 To
814 2373 28 21 be
852 2373 56 21 done

691 2411 73 20 About
773 2411 61 20 100ft
844 2411 24 19 of
877 2410 96 21 Brown's
994 2409 127 27 footbridge
1142 2409 46 21 had

663 2448 56 21 been
727 2448 84 20 carried
820 2454 69 20 away.
917 2447 98 21 Tenders
1024 2448 26 20 to
1058 2448 28 20 be
1095 2447 79 20 called'

692 2485 81 26 Bridge
783 2491 73 14 across
866 2484 62 22 View
942 2484 50 23 Hill
1010 2484 63 21 creek
1090 2484 45 21 had
1150 2484 38 20 be-

663 2529 61 14 come
842 2522 59 21 Ford
908 2523 25 20 to
941 2522 29 20 be
982 2522 42 26 put
1032 2522 31 21 in.

691 2560 82 25 Bridge
783 2566 32 14 on-
822 2559 119 21 Harewood
952 2559 61 20 Road
1021 2560 23 19 to
1058 2559 28 21 be
1095 2559 88 20 rebuilt.

676 2601 5 3 '
690 2598 55 20 Cust
754 2597 86 20 Board's
846 2597 111 20 attention
966 2597 24 19 to
999 2596 27 21 be
1036 2597 71 19 caHed
1115 2597 24 19 to
1147 2597 40 19 the

663 2634 110 26 necessity
791 2634 24 20 of
832 2634 112 26 repairing
968 2633 73 25 bridge
1070 2640 51 13 over
1148 2634 39 19 the

665 2671 70 22 creek,
744 2671 45 20 this
800 2670 74 21 Board
881 2670 106 26 agreeing
996 2671 23 20 to
1027 2670 56 21 bear
1090 2670 48 21 half
1147 2670 40 21 the

665 2714 103 20 expense.

691 2746 68 20 Gorse
768 2745 24 20 to
801 2743 27 22 be
838 2743 86 21 cleared
933 2743 45 21 and
992 2743 74 21 fences
1084 2744 104 21 trimmed

665 2783 24 20 at
699 2781 124 22 Gammon's
836 2781 54 20 road
910 2780 131 26 plantation.

691 2819 62 22 View
771 2818 48 21 Hill
834 2818 75 21 Water
929 2818 55 20 Race
1002 2818 25 20 at
1043 2832 2 7 ■,
1055 2818 133 26 Ferguson's

664 2857 64 26 point
745 2857 26 19 to
779 2855 29 21 be
827 2854 118 22 concreted
954 2874 2 2 .
962 2854 46 21 and
1024 2855 93 21 covered
1134 2856 54 20 with

666 2895 101 20 concrete
782 2893 66 22 slabs.

815 2930 214 21 Correspondence.

669 2981 4 3 •
691 2969 77 20 Letter
773 2968 57 20 from
840 2968 35 20 Mr
893 2967 80 25 Finlay
991 2968 133 25 explaining,
1137 2968 51 20 that

664 3006 29 19 he
703 3004 44 21 had
756 3004 95 20 suffered
860 3004 45 20 loss
923 3003 57 21 from
997 3004 39 20 the
1058 3004 46 21 last
1122 3004 65 24 flood,

661 3043 49 19 .and
734 3042 128 25 requesting
892 3041 149 20 consultation
1067 3041 55 20 with
1149 3042 39 19 the

667 3079 77 19 Board.
773 3078 114 20 Received.

692 3114 128 21 Resolution
828 3114 30 26 by
867 3114 36 20 Mr
913 3114 93 25 Wright,
1016 3114 72 21 notice
1103 3114 85 26 having

666 3152 55 20 been
731 3151 71 26 given.
832 3151 49 20 'All
899 3151 132 20 resolutions
1046 3152 104 25 previous
1164 3152 24 19 to

664 3188 120 21 December
793 3188 58 24 1891,
863 3188 25 19 in
896 3188 87 25 respect
997 3189 25 19 to
1039 3187 41 24 the;
1097 3185 91 23 mainte-

664 3231 70 15 nance
743 3225 25 20 of
777 3224 77 21 Water
862 3224 67 21 Races
947 3224 28 20 be
993 3224 131 22 rescinded.'
1152 3225 36 26 Se,

665 3262 84 25 qemded
762 3262 32 26 by
803 3262 36 20 Mr
848 3261 113 26 Aldridge,
968 3262 45 19 and
1030 3262 92 21 carried.

665 3291 4 18 '■
691 3300 21 19 A
730 3299 111 24 telegram,
864 3304 49 17 was.,
933 3298 101 21 received
1061 3299 57 20 from
1149 3299 39 20 the

665 3336 112 26 Rangiora
787 3336 89 20 Council
885 3335 121 26 informing
1010 3335 40 21 the
1058 3335 72 21 Board
1140 3335 48 21 that

664 3373 62 21 their
735 3372 117 20 Chairman
863 3372 46 20 had
917 3372 60 20 been^
982 3373 124 25 appointed'
1110 3379 14 14 a
1130 3373 58 22 dele-

663 3411 49 23 gate
721 3410 24 19 in
754 3408 131 26 conference;
889 3410 55 19 with
961 3410 39 20 the
1018 3410 89 20 various
1125 3410 62 21 Road

664 3447 90 24 Boards,
766 3453 24 14 re
796 3448 40 19 the
844 3447 150 20 construction
1006 3447 24 20 of
1046 3447 40 21 the
1103 3448 84 26 Ashley

663 3485 54 20 Brid
731 3491 18 13 e.
780 3484 73 20 Board
869 3485 45 19 had
932 3484 107 25 complete
1063 3485 125 20 confidence

659 3522 27 23 .in
696 3522 30 19 its
735 3521 119 25 chairman,
865 3521 45 20 and
919 3521 42 20 left
970 3521 38 20 the
1018 3523 82 19 matter
1108 3522 23 20 in
1150 3521 38 22 his

662 3558 78 20 hands.
1141 3563 17 15 •;.
1187 3561 2 3 '

687 3596 77 19 Letter
777 3594 57 21 from
844 3594 33 21 Mr
887 3594 74 21 fluder
969 3601 24 14 re
1003 3601 64 20 gorse
1081 3596 24 20 in
1123 3596 64 20 View

659 3632 50 21 ■Hill
717 3632 72 20 creek.
816 3632 98 20 Tenders
925 3632 24 20 to
956 3632 27 20 be
1002 3632 77 20 called.

689 3669 20 20 A
726 3669 96 26 petition
839 3675 45 15 was
902 3669 102 21 received
1020 3669 57 21 from
1102 3669 85 21 several

664 3707 126 26 ratepayers
809 3707 80 25 asking
908 3712 28 14 an
954 3707 116 20 extension
1097 3707 24 20 of
1147 3707 40 21 the

660 3744 107 26 Cooper's.
771 3744 69 20 Creek
849 3744 82 20 Water
947 3744 57 20 Race
1023 3744 94 21 district.
1145 3740 42 25 B*e-

660 3780 84 22 ceived.
769 3776 3 10 !
893 3785 3 3 '
937 3784 8 15 '.

687 3817 78 21 Letter
774 3817 56 20 from
839 3817 24 20 R.
874 3817 118 21 Meredith.
1001 3817 52 27 Esq,
1063 3824 25 15 re
1105 3817 80 22 Water

1269 183 58 20 Race
1338 183 91 22 district.
1456 186 31 20 To
1495 186 28 20 be
1545 186 168 26 acknowledged
1735 187 54 20 with

1270 220 87 20 thanks.

1299 257 65 19 From
1373 257 40 21 the
1422 259 114 26 Treasury,
1546 259 134 26 forwarding
1699 261 91 20 amount

1272 294 23 20 of
1306 294 91 21 Board's
1416 296 91 26 subsidy
1521 296 58 21 .£173
1593 297 41 19 10s.

1298 331 87 20 Labour
1394 332 63 21 sheet
1467 333 35 20 for
1516 333 38 20 the
1569 334 77 20 month
1660 335 45 20 £3Q
1718 334 24 22 7s
1756 334 34 21 3d.

1298 369 67 24 Cha^.i
1375 369 50 21 able
1438 369 42 21 Aid
1494 370 77 24 Board,
1631 384 4 3 -
1650 372 46 19 £U
1709 372 36 19 13s
1759 371 34 21 9d.

1298 404 104 27 Hospital
1413 407 76 20 Board.
1645 409 44 20 j>27
1704 410 36 18 10s
1754 408 35 21 Bd.

1383 511 297 27 ODDFELLOWSHIP.

1307 593 52 24 The
1370 594 70 23 usual
1451 595 141 30 fortnightly
1601 595 105 31 meeting
1716 595 28 24 of
1754 595 40 25 the

1275 632 76 31 Loyal
1368 633 41 24 Nil
1437 633 178 31 Desperandum
1643 634 80 30 Lodge
1747 635 45 23 No.
1806 657 2 4 ,

1276 673 62 24 6637
1351 671 33 25 M.
1399 672 39 29 U.,
1452 672 60 25 East
1524 672 95 29 Oxford,
1632 682 47 15 was
1692 673 53 24 held
1763 682 31 15 on

1277 710 119 31 Saturday
1407 710 54 28 last,
1474 717 24 18 at
1511 710 81 28 which,
1605 711 80 31 owing
1707 713 23 22 to
1753 711 42 24 the

1276 748 59 31 busy
1347 755 92 21 season,
1457 748 66 24 there
1540 756 47 16 was
1605 749 53 30 only
1686 757 15 15 a
1723 748 72 24 small

1276 787 150 24 attendance.
1465 788 57 23 Bro.
1540 788 31 27 N,
1591 788 29 23 OJ.
1650 788 28 24 T.
1707 788 89 24 Baxter

1276 826 115 31 presided.
1404 826 56 25 Bro.
1472 826 28 25 P.
1519 822 31 29 G\
1580 826 89 29 Smith,
1698 828 27 23 in
1752 826 42 25 the

1277 865 100 25 absence
1388 865 27 25 of
1424 865 56 25 Bro.
1498 866 149 28 Waterman,
1665 866 54 25 who
1727 889 3 3 .
1747 873 49 18 was

1276 904 94 28 unwell,
1388 905 114 31 occupied
1518 905 42 25 the
1587 905 30 24 V.
1647 905 62 26 G's...
1722 905 72 29 chair,
1801 921 19 9 >.

1276 944 56 25 Bro.
1344 944 27 25 P.
1386 945 30 24 G.
1429 945 78 31 P.ipps
1519 953 45 16 was
1575 945 81 31 acting
1669 946 123 30 secretary,

1277 983 39 24 tire
1327 982 69 24 other
1407 983 92 24 officers
1510 985 95 29 present
1621 982 72 31 being
1714 983 28 26 P.
1763 983 31 24 G.

1276 1021 71 24 Bros.
1358 1021 132 28 Mehrtens,
1509 1021 120 31 Aldridge,
1651 1021 49 24 and
1722 1021 73 24 Zwei-

1279 1060 78 25 bruck.
1392 1060 52 25 The
1455 1061 68 30 lodge
1535 1068 49 17 was
1598 1061 91 30 opened
1705 1061 26 24 in
1751 1061 45 24 due

1277 1099 69 27 form,
1364 1099 61 24 after
1441 1100 78 24 which
1547 1100 42 24 the
1613 1102 115 22 accounts
1749 1100 49 24 and

1277 1139 105 24 minutes
1394 1138 27 25 of
1430 1139 41 24 the
1481 1139 110 31 previous
1610 1139 107 31 meeting
1738 1147 59 17 were

1277 1176 54 25 read
1349 1176 47 24 and
1419 1176 137 25 confirmed.
1591 1176 206 32 Correspondence

1278 1222 48 17 was
1338 1213 58 25 then
1407 1214 57 24 read
1475 1215 46 24 and
1537 1214 65 25 dealt
1624 1212 66 27 With.
1723 1214 74 25 From

1278 1254 71 24 Prov.
1362 1253 27 25 C.
1419 1253 25 25 S.
1469 1253 141 31 concerning
1636 1253 162 31 forthcoming

1278 1291 102 25 District
1392 1290 108 32 Meeting
1510 1291 27 24 in
1549 1290 66 32 April
1627 1293 66 24 next.

1311 1330 74 25 From
1398 1330 65 24 Book
1474 1330 125 32 Inspector
1627 1331 88 31 asking
1742 1330 55 25 that

1278 1371 41 24 the
1330 1370 69 31 lodge
1410 1369 74 26 books
1491 1370 29 24 be
1537 1370 127 25 forwarded
1692 1371 37 24 for
1756 1370 41 25 the

1278 1409 69 26 usual
1360 1410 89 24 annual
1459 1410 144 32 inspection.
1637 1410 75 25 From
1724 1418 14 17 a
1749 1409 49 25 sick

1280 1450 56 24 Bro.
1348 1449 110 31 replying
1469 1452 24 22 to
1502 1458 15 15 a
1532 1450 71 24 letter
1620 1449 127 25 addressed
1774 1451 25 22 to

1279 1488 52 25 him
1343 1495 30 17 on
1391 1487 41 31 the
1461 1488 90 32 subject
1578 1488 24 24 of
1629 1487 42 26 the
1697 1488 102 26 doctor's

1279 1526 220 25 recommendation
1516 1527 52 23 that
1580 1526 31 24 he
1623 1527 28 23 be
1662 1526 101 25 allowed
1773 1527 25 23 to

1279 1564 30 23 do
1321 1563 61 30 light
1390 1563 65 24 work
1467 1564 56 26 and,
1535 1564 127 29 accepting
1672 1564 42 22 the
1725 1564 74 22 terms

1279 1600 87 26 offered
1378 1601 28 31 by
1418 1601 40 24 the
1469 1600 77 32 lodge.
1570 1600 51 25 The
1633 1600 50 25 sick
1695 1600 104 25 visitor's
1805 1621 5 4 .

1279 1642 78 30 report
1368 1647 48 17 was?
1428 1640 105 25 received
1545 1640 80 24 which
1638 1640 94 25 shewed
1743 1640 55 25 that

1279 1680 91 25 several
1377 1679 119 26 members
1505 1687 59 16 were
1573 1679 50 24 still
1631 1687 31 17 on
1671 1680 41 24 the
1719 1677 80 27 funds.

1312 1719 40 25 All
1365 1719 40 24 the
1417 1719 107 31 required
1537 1719 141 24 certificates
1686 1719 73 31 being
1773 1721 26 22 to

1279 1758 66 25 hand
1357 1758 42 25 the
1415 1758 122 30 following
1564 1759 101 23 amount
1690 1758 36 25 for
1748 1757 50 25 sick

1277 1805 47 25 pay
1351 1799 41 24 £9.
1415 1806 49 16 was
1486 1797 87 32 passed
1674 1799 124 30 payment,

1279 1837 42 26 the
1332 1837 102 31 receipts
1441 1837 73 32 being
1526 1837 48 26 Nil.
1603 1837 52 25 The
1663 1837 68 33 lodge
1742 1837 57 25 then

1279 1875 138 32 adjourned.

1343 2001 70 24 THE
1431 2001 158 24 MOERAKI
1605 2001 126 25 DOWNS.

1311 2078 132 30 Agreeable
1454 2081 26 21 to
1486 2086 41 23 my
1534 2079 103 29 promise
1646 2079 24 23 in
1679 2086 61 24 your
1749 2079 49 23 last

1278 2117 72 28 issue,
1362 2117 54 24 that
1427 2117 13 24 I
1451 2117 78 24 wouid
1545 2117 67 31 point
1633 2117 43 24 the
1697 2124 53 24 way
1771 2118 26 23 to

1278 2156 67 25 fresh
1357 2157 47 24 and
1414 2164 51 17 new
1477 2157 139 31 enjoyment
1626 2156 37 25 for
1673 2164 60 24 your
1748 2156 49 25 Ox-

1277 2197 50 24 ford
1341 2196 129 29 Picnicers,
1489 2196 13 24 I
1512 2196 50 25 will
1583 2196 93 32 preface
1698 2204 42 24 my
1760 2204 37 16 re-

1278 2234 80 25 marks
1369 2234 31 31 by
1412 2235 40 24 the
1463 2235 92 30 adyice:
1590 2234 66 25 Start
1667 2235 73 30 early,
1748 2234 50 24 and

1278 2275 21 24 if
1307 2282 48 24 you
1366 2282 45 16 can
1423 2275 60 30 gain,
1494 2275 40 24 the
1555 2274 98 24 summit
1665 2274 26 25 of
1699 2274 42 25 the
1752 2274 47 24 hill

1278 2314 107 31 opposite
1400 2314 37 22 Mr
1449 2314 117 23 Hawkers
1577 2315 80 30 pretty
1678 2313 120 24 residence

1276 2350 51 32 just
1338 2357 26 17 as
1375 2350 83 31 bright
1479 2350 41 25 Sol
1543 2357 107 24 emerges
1671 2350 62 25 from
1755 2350 43 24 the

1278 2389 98 25 shadow
1387 2390 25 24 of
1423 2390 40 24 the
1474 2390 99 28 Downs,
1592 2397 47 23 you
1650 2390 49 25 will
1720 2390 30 24 be
1761 2398 36 16 re-

1277 2427 94 27 warded
1382 2427 30 31 by
1429 2427 102 31 feasting
1552 2435 60 23 your
1623 2435 54 23 eyes
1706 2435 65 23 upon
1783 2435 14 18 a

1278 2467 89 31 picture
1379 2467 79 24 which
1468 2475 33 17 no
1522 2467 94 31 painter
1638 2475 46 16 can
1705 2467 93 25 imitate

1277 2507 48 24 and
1337 2515 30 16 no
1378 2515 46 23 pen
1437 2507 140 31 adequately
1585 2507 112 25 describe.
1731 2507 66 24 Take

1280 2552 58 17 vour
1349 2545 64 30 glass
1425 2543 47 25 arid
1482 2547 64 22 trace
1567 2545 42 24 the
1620 2545 106 31 winding
1736 2545 63 24 Oust

1279 2582 135 29 wandering
1425 2582 106 33 thrjugh
1548 2583 40 25 the
1600 2582 52 26 rich
1664 2583 44 25 flat
1729 2583 69 25 lands

1279 2622 140 29 supporting
1428 2621 75 24 Hooks
1514 2621 48 25 and
1579 2621 72 25 herds
1673 2622 124 24 innumer-

1279 2660 52 24 able
1342 2660 46 23 and
1400 2660 127 31 returning
1537 2660 53 24 rich
1599 2660 110 25 harrests
1720 2663 25 22 to
1757 2661 42 23 the

1279 2700 63 24 tiller
1353 2700 26 23 of
1387 2700 41 23 the
1440 2700 52 28 soil,
1506 2700 79 24 watch
1597 2700 42 24 the
1647 2709 55 16 ever
1710 2700 89 31 chang-

1278 2739 43 30 ing
1340 2738 110 26 shadows
1459 2747 32 17 on
1503 2741 40 23 the
1562 2740 97 24 wooded
1682 2741 78 30 slopes
1777 2740 25 24 of

1280 2776 68 25 those
1371 2777 115 27 beautiful
1508 2777 145 32 undulating
1673 2778 57 25 hills
1752 2778 48 24 and

1279 2816 167 31 acknowledge
1458 2815 68 26 there
1537 2816 22 25 is
1570 2825 67 16 more
1648 2817 27 25 of
1691 2817 109 31 pleasure

1278 2856 27 23 in
1318 2855 49 26 this
1378 2855 117 27 beautiful
1505 2857 73 24 world
1595 2857 60 25 than
1667 2857 57 31 pain
1729 2870 3 8 <
1736 2857 21 24 if
1757 2867 3 12 ■
1766 2865 34 17 we

1347 2893 53 25 take
1424 2894 41 25 the
1487 2894 65 32 right
1573 2902 82 17 course
1666 2897 25 23 to
1703 2895 56 27 seiek
1781 2895 19 26 it

1311 2934 60 24 Now
1383 2934 65 25 drive
1459 2942 68 24 away
1543 2942 79 17 across
1644 2935 83 25 Ellis's
1748 2935 52 29 fiat,

1279 2973 102 25 towai'ds
1400 2973 41 24 the
1452 2973 51 24 foot
1520 2973 28 24 of
1557 2973 42 24 the
1621 2974 91 24 Downs
1734 2976 26 22 at
1771 2975 30 24 its

1278 3010 122 25 Northern
1412 3015 89 27 aspect,
1510 3011 104 31 feasting
1624 3020 60 23 ycur
1696 3018 55 25 eyes
1762 3012 40 24 the

1278 3050 71 24 while
1369 3058 30 16 on
1422 3050 76 30 grand
1515 3050 46 24 and
1574 3051 104 25 variable
1698 3058 103 24 scenery.

1279 3086 59 25 Now
1355 3086 55 24 take
1421 3086 42 25 the
1475 3087 57 24 road
1546 3087 55 25 that
1612 3088 67 24 leads
1690 3089 51 24 into
1759 3088 43 25 the

1280 3124 82 25 saddle
1381 3125 66 23 amid
1468 3124 110 32 pleasant
1600 3126 141 31 hedgerows
1753 3127 49 23 and

1280 3161 74 31 shady
1365 3162 147 31 plantations,
1524 3163 48 23 and
1593 3163 108 32 arriving
1712 3171 31 17 on
1760 3164 42 25 the

1279 3201 50 29 top,
1341 3199 56 25 here
1419 3207 75 23 opens
1517 3208 33 23 up
1570 3208 15 17 a
1606 3201 94 31 picture
1717 3202 84 24 'which

1278 3237 76 26 would
1365 3241 158 30 comppnsate
1534 3248 47 23 you
1599 3241 37 24 for
1658 3249 14 16 a
1693 3241 109 25 hundred

1278 3279 67 23 milos
1357 3279 145 31 pilgrimage
1513 3282 26 22 to
1562 3288 47 16 see.
1644 3281 78 24 Focus
1744 3290 60 22 your

1278 3317 65 29 glass
1355 3317 57 23 and-
1425 3326 51 22 you-
1496 3318 93 24 seethe
1611 3320 84 24 rollers
1715 3320 27 24 of
1761 3321 41 24 the

1279 3356 75 24 Great
1380 3356 92 25 Pacific
1494 3357 134 32 changing;}
1649 3359 52 25 into
1720 3359 82 32 frothy

1279 3392 111 26 breakers
1402 3402 26 16 as
1440 3395 56 31 they
1508 3391 169 29 tiamnier'and
1687 3398 75 30 growl
1774 3399 26 23 at

1277 3432 42 25 the
1331 3433 158 31 impediment
1500 3438 52 21 cast
1564 3435 26 25 in
1609 3436 65 24 their
1695 3446 53 16 wav
1769 3438 30 31 by

1264 3484 2 4 •
1277 3480 45 16 our
1332 3472 65 31 tight
1407 3473 65 24 little
1482 3474 87 24 island.
1593 3477 2 6 '
1606 3475 45 24 See
1655 3472 57 28 'the-'
1727 3476 75 26 farms

1277 3509 48 24 and
1346 3509 108 31 pleasant
1475 3511 103 31 villages
1607 3514 52 23 that
1689 3513 42 25 dot
1761 3514 41 24 the

1264 3547 81 23 -coast
1367 3547 57 28 line,
1447 3547 56 25 look
1520 3550 28 23 at
1568 3557 60 23 your
1649 3551 58 30 city:
1719 3551 26 24 of
1760 3551 42 24 the

1277 3583 82 31 plains
1378 3584 47 24 and
1447 3585 32 24 its
1501 3588 59 22 neat
1582 3587 139 26 Cathedral.
1757 3589 44 24 See

1276 3621 55 25 that
1342 3624 54 21 vast
1407 3622 63 31 heap
1482 3623 27 23 of
1528 3624 63 29 lava,
1607 3624 84 25 Banks
1713 3626 89 24 Penin-

1278 3658 61 28 sula,
1352 3658 47 24 and
1410 3658 107 33 imagine
1528 3660 20 25 if
1557 3669 47 23 you
1621 3669 47 17 can
1689 3663 42 25 the
1753 3665 48 24 ter-

1277 3697 61 24 rible
1360 3697 141 24 convulsion
1531 3698 54 25 that
1618 3700 122 30 produced
1771 3704 28 27 it,

1277 3733 69 25 Look
1357 3735 34 23 to.
1394 3734 43 24 the
1449 3735 84 28 South,
1546 3743 32 17 on
1589 3737 70 25 those
1671 3738 129 26 boundless

1276 3773 95 25 fruitful
1390 3773 88 32 plains,
1502 3775 83 24 dotted
1607 3777 59 25 with
1688 3779 114 29 pleasant

1439 3820 6 23 ;
1473 3821 32 18 on
1529 3813 42 26 the
1592 3815 43 25 left
1657 3817 43 26 the
1730 3822 70 28 great

1877 184 95 28 Pacific,
1983 185 45 23 an^
2040 186 31 27 10,
2084 186 41 25 the
2136 187 62 30 right
2209 189 79 30 bright
2301 191 94 30 sloping

1879 222 103 24 terraces
1993 222 48 24 and
2053 224 125 24 snow-clad
2187 224 115 34 frowning
2310 236 85 15 moun-

1876 258 72 28 tains,
1961 259 48 24 and
2021 268 52 16 now
2083 269 46 22 you
2141 261 60 25 have
2213 271 56 16 seen
2281 264 58 30 afar,
2350 267 45 28 put

1872 305 67 24 away
1959 306 61 23 your
2042 300 123 31 telescope,
2187 309 47 22 you
2266 304 60 22 need
2359 311 34 16 no

1871 336 65 30 glass
1948 337 26 23 to
1985 335 55 26 take
2051 345 13 15 a
2075 345 59 24 peep
2145 338 52 25 into
2219 339 41 25 the
2281 340 111 30 pleasant

1871 375 87 31 village
1969 376 27 23 of
2004 376 41 24 the
2057 377 67 24 Oust.
2158 378 21 23 A
2190 378 110 31 pleasant
2308 380 85 31 village

1872 413 41 25 but
1924 420 32 18 an
1967 414 57 31 ugly
2051 422 80 18 name.
2166 415 36 24 Do
2225 424 46 22 yon
2293 417 44 24 ask
2356 425 41 17 me

1869 450 85 25 what's
1976 451 25 24 in
2023 460 14 16 a
2058 460 73 18 name
2141 455 11 23 ?
2173 453 47 25 and
2242 454 13 24 I
2277 462 90 17 answer
2378 463 15 16 a

1869 495 56 23 very
1936 490 68 29 great
2016 489 61 25 deal.
2112 490 87 25 Would
2211 499 14 16 a
2235 499 54 17 rose
2301 493 26 22 b>-
2336 492 53 30 just

1872 533 27 17 as
1911 528 72 23 sweet
1995 526 30 32 by
2043 535 46 23 any
2111 528 70 24 other
2202 537 74 16 name
2286 531 12 22 ?
2314 530 48 24 and
2382 530 13 24 I

1873 572 98 21 answer,
1981 568 63 23 most
2056 567 169 31 emphatically
2237 577 38 15 no.
2289 568 4 4 '
2310 568 13 24 I
2342 568 52 24 find

1869 611 33 16 no
1914 604 60 25 fault
1987 605 57 24 with
2056 606 39 25 the
2108 606 60 25 Cust
2178 615 28 16 or
2227 608 33 24 its
2282 608 108 24 inhabit-

1868 645 63 24 ants,
1945 649 29 16 on
1987 643 40 23 the
2046 649 118 25 contrary,
2176 645 14 23 I
2209 652 40 17 am
2274 646 78 31 huppy
2372 648 25 21 to

1872 688 49 23 say,
1934 680 54 24 that
2000 681 12 24 I
2030 685 50 22 met
2100 691 71 23 many
2192 684 75 27 there,
2290 685 100 30 socially

1868 718 130 31 agreeable,
2013 721 170 29 enterprising,
2197 721 56 29 high
2274 723 116 28 cultured,

1868 758 47 24 and
1926 759 174 32 commercially
2112 761 54 24 cute
2187 761 75 25 Tib
2279 770 52 19 ozer.
2344 764 49 27 too,

1867 805 49 16 was
1928 797 73 28 there,
2011 799 47 23 and
2076 801 51 23 also
2151 802 51 22 four
2224 802 83 29 legged
2326 802 61 30 pig*,.

1871 834 53 25 Has
1936 841 30 18 en
1976 835 18 24 tl
2004 843 14 17 e
2039 836 48 24 inn
2100 837 66 24 when
2180 838 62 24 theje
2265 841 46 21 t.vo
2337 841 45 22 -ast

1868 873 47 24 will
1927 876 49 24 not.
1981 874 28 25 be
2021 875 110 25 included
2141 876 26 24 in
2180 877 41 24 the
2234 886 66 16 same
2321 879 63 23 cate-

1872 919 67 23 gory.
1973 913 24 23 It
2008 913 22 24 is
2041 916 43 21 not
2102 915 59 23 hard
2181 918 25 20 to
2228 917 101 23 forecast,
2352 918 42 22 the

1872 951 97 32 destiny
1980 952 26 24 of
2013 953 41 24 the
2067 953 67 29 Cuat,
2157 953 99 32 looking
2277 957 26 23 at
2325 956 20 24 it
2366 963 28 17 as

1872 991 43 24 the
1927 993 89 23 central
2029 991 110 26 bininess
2151 993 103 29 position
2266 994 27 24 of
2301 1003 14 16 a
2326 996 68 28 large

1872 1031 48 23 and
1931 1030 51 25 rich
1994 1031 157 30 agricultural
2162 1030 94 26 distiict
2267 1033 128 24 combined

1872 1067 59 25 with
1943 1067 40 25 the
1996 1069 98 30 sterling
2094 1069 136 24 'character
2242 1070 26 23 of
2277 1071 33 24 its
2331 1071 65 23 busi-

1870 1114 57 17 ness
1939 1114 58 16 men
2002 1125 6 9 ,
2020 1107 20 24 it
2049 1109 66 23 must
2134 1108 26 23 in
2183 1109 59 24 time
2263 1109 98 24 become
2383 1118 14 15 a

1871 1147 65 21 town
1947 1144 27 24 of
1979 1153 65 15 some
2064 1146 152 24 commercial
2237 1147 156 30 importance,

1872 1183 49 25 But
1932 1183 33 24 oh
1976 1184 5 23 !
1999 1184 55 24 that
2065 1192 80 20 rame,
2157 1184 55 31 why
2224 1185 87 25 should
2333 1186 59 25 such

1870 1231 14 15 a
1896 1224 78 30 pretty
1986 1224 65 23 town
2063 1223 29 25 be
2111 1224 85 24 cussed
2217 1225 58 24 with
2298 1226 58 24 such
2379 1234 15 16 a

1870 1260 82 25 cussed
1964 1267 56 18 cuss
2030 1268 26 17 as
2079 1262 60 24 Cust
2147 1262 12 23 ?
2192 1262 52 25 The
2265 1271 59 17 man
2343 1263 56 26 who

1870 1300 44 29 put
1926 1298 59 24 such
1997 1307 15 16 a
2023 1307 54 16 cuss
2088 1307 64 23 upon
2164 1299 20 24 it
2195 1302 63 23 must
2271 1301 60 24 have
2345 1302 50 23 had

1873 1336 44 25 but
1927 1336 86 24 cussed
2024 1344 58 23 poor
2096 1339 70 22 taste.

1953 1436 95 25 WEST
2066 1436 107 26 COAST
2197 1437 115 25 NOTES.

1910 1521 3 14 :
1956 1518 39 31 By
2008 1519 37 23 the
2057 1519 48 23 Rev
2117 1519 24 23 J.
2161 1519 25 23 J.
2199 1519 117 30 Pendray.

1907 1561 72 22 Eoss.
2014 1561 61 23 This
2086 1561 68 31 place
2168 1561 21 22 is
2212 1562 120 32 evidently
2354 1564 47 21 not

1875 1604 27 17 so
1913 1597 45 28 fjoll
1970 1597 26 24 of
2004 1598 84 32 people
2100 1606 27 17 as
2133 1598 25 24 'it
2168 1606 60 17 once
2240 1608 49 16 was
2297 1599 47 25 and
2366 1600 33 28 is,,

1874 1637 63 24 from
1959 1636 42 24 the
2023 1645 147 23 appearance
2192 1639 26 24 of
2235 1639 33 24 its
2290 1639 108 24 deserted

1874 1674 92 28 darns,
1978 1676 83 29 einpty
2079 1675 49 23 and
2139 1675 151 31 delapidated
2309 1676 89 24 houses

1875 1719 32 17 on
1920 1710 42 26 the
1984 1712 134 24 downward
2137 1712 78 31 grade.
2251 1713 57 25 Still
2330 1713 69 24 there

1874 1749 22 24 is
1907 1749 54 24 that
1973 1748 74 25 about
2058 1749 20 24 it
2100 1749 80 25 which
2199 1750 67 31 gives
2288 1758 45 17 one
2355 1750 43 25 the

1874 1786 143 32 impression
2030 1787 55 24 that
2104 1787 22 23 it
2145 1795 49 16 was
2217 1796 58 15 once
2297 1796 14 15 a
2333 1796 65 23 pros-

1874 1831 86 24 perous
1971 1824 47 24 and
2031 1824 60 31 good
2103 1825 74 31 place,
2182 1826 25 24 to
2218 1825 47 25 live
2277 1825 34 25 in.
2345 1825 54 25 The

1871 1864 24 22 H
1898 1864 123 24 habitant
2033 1872 39 16 are
2083 1865 89 29 mostly
2194 1873 54 22 very
2270 1865 38 24 old
2330 1865 57 24 resi-

1863 1926 2 2 .
1870 1902 17 24 d
1921 1907 29 21 *s,
1963 1911 9 13 M
1993 1901 18 25 d
2023 1903 62 23 most
2094 1902 24 24 of
2125 1901 30 25 th
2161 1910 34 16 >se
2202 1907 57 19 who
2267 1902 62 25 have
2336 1902 62 25 been

1874 1938 90 26 careful
1977 1942 25 22 of
2012 1940 41 24 the
2063 1940 110 30 earnings
2184 1940 28 24 of
2228 1940 90 24 former
2338 1940 62 31 days

1875 1977 62 24 have
1948 1977 155 24 comfortable
2114 1977 48 23 and
2173 1979 109 29 pleasant
2304 1978 97 24 homes.

1907 2015 51 24 The
1980 2016 96 30 mining
2108 2017 102 23 consists
2241 2017 26 24 of
2297 2017 101 24 alluvial

1874 2055 91 28 claims,
1978 2063 14 16 a
2003 2055 43 24 few
2068 2064 41 15 are
2130 2055 100 24 shallow
2253 2064 26 15 or
2302 2055 96 26 surface-

1873 2095 93 26 claims,
1978 2093 72 25 while
2061 2095 80 23 others
2163 2095 54 23 with
2238 2094 160 25 tremendous-

1871 2140 109 24 pressure
1991 2140 39 16 are
2052 2133 108 31 washing
2182 2141 64 23 away
2268 2133 43 25 the
2333 2131 61 30 hills,

1872 2173 86 30 taking
1968 2171 80 26 before
2057 2172 64 25 their
2137 2172 63 25 faces
2215 2181 35 22 ,as
2272 2173 73 25 much
2367 2181 28 17 as

1867 2216 47 21 two
1926 2220 27 17 or
1971 2211 67 25 three
2060 2211 111 26 hundred
2192 2212 48 26 feet
2259 2213 58 30 high
2342 2213 50 25 and

1868 2260 41 16 are
1919 2252 105 31 actnal'y
2045 2252 22 24 le
2077 2252 82 30 '•*llin«j
2173 2274 2 5 f
2182 2253 38 23 th<*
2242 2253 127 25 mountain
2380 2261 11 19 :,

1875 2290 48 24 and
1935 2290 95 31 getting
2041 2290 55 24 well
2106 2290 57 31 paid
2173 2290 37 24 for
2220 2290 73 31 doing
2304 2292 20 23 it
2366 2294 32 20 in

1874 2328 71 24 other
1952 2335 66 16 cases
2031 2327 57 31 they
2100 2335 40 16 are
2163 2328 106 30 engaged
2290 2328 28 24 in
2339 2328 61 30 deep

1876 2363 97 32 sinking
1984 2364 49 25 and
2044 2363 69 32 bring
2125 2363 41 26 the
2178 2365 48 23 dirt
2238 2366 25 23 to
2283 2365 41 24 the
2347 2372 52 16 sur-

1875 2404 52 25 face
1938 2403 32 32 by
1978 2403 114 28 elevator,
2105 2404 92 24 similar
2208 2408 24 20 to
2250 2405 150 29 thedrelges

1875 2443 61 24 used
1946 2443 37 24 for
1994 2443 132 31 deepening
2145 2443 49 25 and
2217 2444 107 30 clearing
2344 2443 54 24 har-

1872 2483 80 25 bours.
1989 2483 75 25 These
2087 2492 40 17 are
2149 2483 96 25 worked
2267 2483 32 32 by
2331 2479 72 30 conf^

1871 2522 84 30 panies
1966 2523 26 23 at
2003 2530 13 15 a
2027 2523 66 29 large
2105 2521 89 31 outlay,
2207 2521 43 25 but
2276 2530 47 23 pay
2344 2523 56 24 well

1875 2560 37 26 for
1923 2568 83 24 money
2024 2560 117 26 invested.

1907 2600 78 25 There
1997 2609 41 17 are
2047 2609 15 17 a
2083 2601 104 25 number
2209 2601 27 24 of
2255 2602 72 24 small
2347 2601 53 31 dig-

1873 2638 71 31 gings
1956 2638 59 24 such
2027 2646 26 16 as
2071 2638 41 25 the
2135 2638 104 32 Canary,
2262 2639 43 24 t?»e
2324 2638 73 28 Etna,

1873 2678 48 24 and
1930 2677 83 25 others
2024 2677 107 25 between
2143 2678 113 25 Hokitiki
2267 2678 47 25 and
2325 2678 71 28 Ross,

1872 2716 27 24 in
1912 2716 78 24 wbich
2002 2724 11 12 «
2037 2717 101 23 number
2161 2716 25 24 of
2208 2724 54 16 men
2283 2724 41 16 are
2347 2723 51 16 em-

1869 2753 84 32 ployed
1964 2753 47 24 and
2022 2753 68 25 famil
2106 2753 88 31 vskept.
2208 2753 78 25 Some'
2293 2753 26 24 of
2326 2752 46 25 the
2378 2761 19 16 ;e

1874 2801 40 16 are
1925 2793 74 30 doing
2009 2793 70 31 fairly
2091 2793 49 24 well
2153 2793 49 24 and
2213 2792 144 25 othersfind
2368 2800 28 15 as

1872 2831 74 24 much
1960 2838 27 16 as
2006 2831 56 30 they
2085 2839 44 15 can
2151 2831 32 23 do
2203 2832 26 23 to
2250 2829 68 25 wake
2339 2829 63 24 ends

1878 2871 70 22 meet.
2031 2887 1 8 ,

1975 2970 89 24 CURE
2080 2970 63 24 FOR
2161 2968 142 29 CANCER.

1906 3054 53 25 The
1969 3055 122 31 following
2102 3062 39 16 are
2152 3053 43 25 the
2213 3052 144 32 particulars
2373 3052 31 25 of

1877 3103 14 16 a
1903 3094 70 25 novel
1985 3103 56 16 cure
2054 3095 36 24 for
2101 3101 91 20 cancer,
2205 3092 127 32 published
2344 3092 31 31 by
2386 3100 16 17 a

1875 3137 192 28 contemporary.
2103 3134 25 24 It
2136 3140 56 23 May
2201 3132 28 24 be
2238 3132 97 30 pointed
2347 3133 53 26 onfc,

1876 3172 118 27 however,
2022 3172 53 23 that
2094 3166 87 28 'before
2206 3170 127 31 accepting
2357 3169 44 24 the

1877 3212 129 24 statement
2018 3211 22 24 ifc
2049 3210 79 26 would
2140 3210 28 24 be
2175 3217 123 22 necessary
2305 3211 26 23 to
2339 3208 64 25 have

1877 3257 21 25 a,
1902 3248 114 33 qualified
2027 3256 127 17 assurance
2166 3248 53 24 that
2231 3247 41 24 the
2281 3255 55 16 case
2352 3254 50 17 was

1875 3290 77 30 really
1963 3297 44 15 one
2019 3288 27 25 of
2051 3297 86 15 eaoosr
2144 3295 7 16 r
2152 3302 33 4 —
2185 3292 16 10 '*
2213 3287 41 24 Mr
2276 3279 133 47 Sroarfc,^

1875 3327 93 26 farjnts'-,
1981 3326 103 31 residing
2099 3328 59 22 neiir
2180 3326 59 24 Port
2260 3317 149 47 Wakefj|B

1877 3366 49 25 had
1938 3367 59 26 been
2008 3366 40 25 for
2057 3374 67 17 more
2134 3366 60 24 than
2209 3365 54 24 four
2275 3358 134 47 JM^^|

1876 3405 98 24 sufferer
1985 3404 63 25 from
2065 3412 14 17 a
2096 3405 67 29 large
2182 3396 227 47 .cancj^^^^^J

1875 3445 67 31 right
1960 3444 193 28 shoulderblade,
2177 3443 70 24 when

1877 3484 122 25 attention
2006 3492 49 16 was
2067 3483 104 24 directed
2184 3486 24 21 to
2220 3492 16 15 a
2248 3477 161 43 |^^^^^^|

1876 3529 32 17 an
1915 3521 84 25 officer
2013 3530 28 16 m
2068 3521 148 28 California,,
2235 3513 174 47 V^^^^^^l

1877 3561 55 26 that
1940 3560 70 27 three
2020 3561 27 25 of
2056 3561 39 25 his
2108 3568 53 18 own
2185 3552 224 47 ftvni^^^^^^|

1878 3599 55 25 ions
1943 3599 49 25 and
2003 3601 48 24 two
2062 3599 90 25 friends
2167 3600 26 22 of
2214 3590 195 47 h^^^^^^H

1876 3638 73 26 oured
1961 3639 27 23 of
1996 3647 82 16 severe
2089 3647 99 17 cancers
2197 3629 212 47 bj^^^^^^H

1878 3678 41 26 ion
1931 3678 31 26 of.
1965 3679 44 26 the
2019 3679 56 30 yolk
2088 3679 26 24 of
2128 3687 29 16 an
2176 3670 233 47 °gS^^^^^^^|

1866 3718 70 25 -with
1948 3726 28 17 as
1988 3719 72 23 much
2079 3718 47 25 salt
2153 3709 256 47 as^^^^^^^H

1877 3759 70 29 paste
1959 3763 28 17 or
1997 3757 133 28 ointment,
2143 3764 32 17 an
2176 3747 233 47 <^^^^^^^^H

1877 3796 55 30 day.
1967 3796 40 23 Mr
2016 3796 80 25 Smart
2105 3787 304 47 resolj^^^^^^^^H

1877 3832 26 29 it,
1916 3833 49 25 and
1973 3834 27 23 in
2009 3834 68 25 three
2085 3834 61 32 days
2161 3825 248 45 s^^^^^^^^^|

560 49 168 31 OXFORD
767 51 90 30 AND
900 50 103 31 GUST
1046 52 219 33 OBSERVER
1309 56 231 37 SATURDAY,
1583 57 146 31 MARCH
1772 59 28 34 5,
1850 60 86 30 1892.
