2559 4020
1235 49 100 30 THE
1677 37 34 34 -'"
2002 64 7 9 *

79 101 464 130 NEW
645 101 881 135 ZEALAND
1633 109 865 140 GEZETTE

1231 266 101 32 AND

99 527 63 32 No.
185 527 65 39 70.]

2305 543 98 39 [Vol.
2426 546 46 31 11.

606 525 131 32 PORT
759 527 285 39 NICHOLSON,
1067 528 259 33 SATURDAY
1347 529 242 42 MORNING,
1610 536 189 32 AUGUST
1825 541 49 32 14,
1900 542 88 28 1841.

1405 623 156 26 Wanganui
1575 625 76 20 Land
1665 625 121 26 Agency.
1828 614 21 22 *

1305 654 98 47 THE
1427 655 150 27 undersigned
1603 657 85 27 having
1713 658 86 22 resided
1827 666 61 14 some

1371 682 89 21 months
1474 685 24 18 at
1512 682 132 28 Wanganui,
1664 684 40 21 has
1718 685 57 21 been
1792 685 96 21 enabled

1303 708 22 19 to
1336 707 64 22 make
1410 708 92 21 himself
1513 710 134 26 acquainted
1657 710 53 22 with
1723 710 37 22 the
1777 711 50 21 best
1836 712 51 21 sites

1302 732 34 21 for
1345 733 38 22 the
1392 734 106 22 selection
1508 735 26 22 of
1540 739 94 24 country
1642 736 72 28 lands,
1724 737 44 22 and
1778 737 110 22 therefore

1302 759 53 22 with
1369 760 129 23 confidence
1509 762 88 22 tenders
1606 762 35 23 his
1650 764 95 21 services
1757 767 21 18 to
1789 764 99 26 proprie-

1301 787 52 25 tors,
1371 793 23 15 as
1410 794 28 14 an
1454 788 77 26 Agent
1544 789 34 20 for
1594 788 37 23 the
1648 790 113 26 selection,
1771 790 53 27 sale,
1836 798 51 20 pur-

1301 811 73 28 chase,
1385 813 45 21 and
1439 813 86 28 leasing
1534 819 105 23 property
1648 816 24 21 in
1682 816 49 21 that
1740 817 91 21 district.

1293 839 4 13 ;
1300 854 4 4 .
1327 838 86 23 Letters
1423 840 34 21 for
1467 840 37 21 the
1514 841 123 22 subscriber
1650 846 23 17 to
1687 843 28 21 be
1730 843 118 22 addressed
1862 847 23 18 to

1301 864 37 22 the
1348 872 50 15 care
1409 866 25 21 of
1445 867 91 22 Messrs.
1545 868 79 27 Wade,
1636 868 144 28 Wellington.

1544 894 31 21 H.
1593 894 119 28 Churton,
1725 896 132 26 Wanganui.

1300 934 143 47 LAND
1467 938 257 22 AGENCIES.—
1724 939 39 21 TO
1787 939 99 23 LAND-

1377 962 180 23 HOLDERS.—
1557 964 47 22 The
1622 965 156 28 Undersigned
1796 967 45 26 beg
1862 971 23 17 to

1300 988 54 21 offer
1363 988 133 23 themselves
1505 993 23 18 to
1538 990 58 22 their
1603 991 86 22 friends
1698 992 45 21 and
1758 992 36 22 the
1810 993 75 27 public

1299 1021 23 14 as
1333 1014 86 26 Agents
1428 1016 35 21 for
1471 1016 38 21 the
1520 1016 94 28 disposal
1622 1018 26 21 of
1654 1018 69 22 Town
1735 1019 43 21 and
1785 1019 100 28 Country

1299 1040 82 28 Lands,
1392 1042 45 21 and
1447 1045 57 19 trust
1512 1043 58 22 their
1579 1044 96 22 colonial
1686 1046 132 26 experience
1833 1054 52 19 may

1298 1067 78 22 entitle
1385 1068 63 21 them
1456 1072 23 18 to
1490 1076 13 14 a
1514 1070 64 21 share
1589 1070 26 21 of
1624 1070 38 23 the
1671 1072 75 26 public
1754 1075 130 25 patronage.

1298 1119 5 5 m
1324 1093 64 27 They
1397 1095 46 21 will
1451 1096 28 21 be
1488 1095 75 29 happy
1571 1100 23 18 to
1604 1092 93 37 arrange
1711 1098 34 21 for
1754 1098 45 22 and
1809 1106 76 20 super-

1297 1120 80 21 intend
1386 1121 37 22 the
1432 1129 92 20 surveys
1531 1123 45 21 and
1582 1124 159 22 sub-divisions
1749 1125 24 21 of
1779 1125 38 21 the
1823 1126 60 21 land-

1299 1146 88 22 Liberal
1396 1148 111 22 advances
1517 1149 44 22 will
1575 1150 28 21 be
1617 1150 66 22 made
1693 1158 28 14 on
1732 1151 64 22 lands
1805 1152 80 26 placed

1297 1173 22 21 in
1331 1173 57 22 their
1396 1174 71 22 hands
1474 1175 35 22 for
1517 1175 53 22 sale.
1597 1176 65 27 They
1669 1177 44 21 will
1720 1178 46 21 also
1772 1178 29 21 be
1810 1185 74 21 nappy

1298 1202 21 19 to
1330 1200 64 21 assist
1403 1202 135 26 proprietors
1546 1202 24 21 in
1579 1202 88 28 leasing
1677 1203 58 22 their
1742 1204 72 22 lands.

1577 1229 64 22 John
1651 1230 45 21 and
1707 1230 57 22 Geo.
1774 1231 81 22 Wade.

1296 1271 139 47 HOUSE
1445 1272 62 21 FOR
1514 1272 113 22 SALE.—
1628 1273 38 21 An
1673 1274 110 22 excellent
1788 1275 98 22 weather

1383 1298 97 22 boarded
1490 1298 76 28 house,
1576 1300 101 27 recently
1686 1301 63 26 built,
1757 1301 53 21 with
1817 1301 69 23 about

1297 1324 128 22 one-fourth
1436 1326 25 20 of
1471 1332 30 14 an
1511 1333 50 14 acre
1571 1326 26 21 of
1607 1326 84 28 garden
1701 1327 88 27 ground
1804 1329 81 21 fenced

1296 1350 44 21 and
1350 1350 72 28 partly
1432 1352 127 22 cultivated.

1323 1376 44 22 For
1375 1378 131 25 particulars
1516 1379 66 27 apply
1592 1381 21 19 to
1623 1379 26 21 T.
1665 1380 143 27 Honeyman,
1826 1381 59 22 Fife-

1296 1402 69 28 place,
1377 1403 132 29 Hill-street,
1526 1413 24 14 or
1560 1409 22 18 at
1592 1405 35 21 W.
1639 1406 83 27 Lyon's
1739 1407 69 27 Store,
1825 1407 60 22 Wel-

1295 1427 94 29 lington.

1446 1476 39 20 To
1500 1476 33 20 be
1549 1477 65 19 Sold
1630 1482 30 15 or
1674 1478 60 24 Let,

1298 1507 132 33 npHREE
1450 1508 101 22 Wooden
1569 1509 96 27 Houses,
1686 1510 96 22 situated
1801 1518 29 14 on
1844 1511 39 22 the

1305 1530 29 24 JL
1385 1534 183 27 Tinakore-road,
1589 1535 36 22 the
1646 1537 84 21 second,
1752 1545 50 14 acre
1825 1538 58 21 from

1298 1560 92 27 Captain
1408 1561 97 27 Smith's,
1517 1562 130 27 containing
1662 1563 50 21 four
1723 1571 74 14 rooms
1811 1564 44 21 and
1870 1571 14 14 a

1297 1594 98 19 passage,
1417 1587 53 22 each
1488 1588 52 21 with
1558 1588 49 22 zinc
1622 1590 68 26 roofs,
1711 1590 45 21 and
1773 1591 24 21 in
1815 1598 68 20 every

1297 1616 87 24 respect
1401 1614 49 21 well
1468 1614 103 21 finished.
1599 1615 106 22 Terms—
1707 1616 25 21 lf
1746 1616 55 27 sold,
1821 1617 62 22 £150

1298 1639 33 21 for
1347 1639 54 22 each
1415 1640 70 21 house
1493 1649 5 18 ;
1514 1641 21 20 if
1546 1641 38 27 let,
1601 1642 33 21 £1
1651 1649 40 20 per
1700 1643 61 21 week
1778 1643 35 22 for
1827 1644 55 21 each

1297 1665 76 23 house.
1403 1667 77 27 Apply
1491 1672 22 17 to

1684 1695 74 22 James
1772 1696 81 22 Watt.

1323 1718 144 28 Wellington,
1480 1720 54 27 May
1545 1722 32 25 13,
1590 1722 60 20 1841.

1296 1764 122 25 Country
1432 1764 123 21 Sections
1575 1765 42 20 for
1637 1766 60 20 Sale
1718 1773 36 14 on
1772 1767 109 21 Liberal

1539 1792 102 20 Terms.

1298 1822 162 49 SEVERAL
1495 1824 101 22 Sections
1623 1825 27 21 of
1681 1826 98 27 Country
1808 1827 71 26 Land,

1361 1849 89 28 already
1461 1849 81 23 chosen
1552 1851 23 21 in
1587 1851 36 22 the
1638 1852 92 22 Porirua
1744 1853 92 27 district,
1846 1854 35 21 for

1296 1876 56 27 Sale,
1364 1884 73 14 terms
1449 1884 103 14 liberal.
1582 1878 76 27 Apply
1668 1882 22 18 to

1389 1903 25 21 F.
1430 1903 28 21 A.
1473 1904 170 25 Molesworth,
1662 1905 182 28 Murphy-street,
1857 1914 23 14 or

1388 1929 36 21 W.
1440 1930 27 20 V.
1483 1931 107 26 Bkewek,
1601 1931 193 23 Manners-street.

1436 1975 87 20 Town
1537 1976 84 20 Acres
1637 1978 28 18 to
1680 1978 57 19 Let.

1286 2003 187 30 •'"VTUMBERS
1484 2015 28 14 on
1524 2008 36 22 the
1571 2009 239 26 Surveyor-General's
1819 2018 60 17 map.

1532 2035 41 20 553
1655 2037 40 20 627
1776 2037 41 21 775

1321 2059 45 21 For
1375 2059 136 28 particulars,
1524 2061 66 27 apply
1599 2063 23 19 to

1450 2093 35 21 W.
1497 2094 26 21 B.
1533 2094 107 26 Bkjwer,
1651 2095 200 22 barrister-at-law.

1370 2136 133 28 Building
1516 2138 168 21 Allotments
1700 2142 30 17 to
1744 2141 59 21 Let,

1295 2169 92 35 fpHE
1404 2169 200 23 ADVERTISER
1619 2171 65 21 offers
1700 2179 59 20 upon
1775 2172 108 27 Building

1302 2193 39 28 X.
1370 2196 88 26 Leases,
1469 2204 14 14 a
1492 2197 96 21 number
1597 2198 26 21 of
1633 2198 69 21 Town
1712 2199 135 21 Allotments
1857 2200 24 21 in

1295 2222 37 22 the
1342 2226 58 18 most
1410 2222 107 23 desirable
1527 2228 60 22 parts
1597 2225 25 20 of
1633 2224 44 22 this
1688 2225 139 22 Settlement.

1321 2249 48 21 The
1388 2250 109 21 attention
1514 2250 26 21 of
1557 2250 38 22 the
1611 2251 77 27 public
1703 2253 19 19 is
1739 2253 143 26 particularly

1295 2275 71 22 called
1385 2279 23 17 to
1427 2276 37 22 the
1483 2277 123 26 advantage
1626 2277 26 21 of
1669 2278 106 27 Building
1791 2278 90 28 Leases,

1294 2302 72 21 which
1376 2302 37 22 the
1423 2302 151 28 undersigned
1582 2304 19 20 is
1612 2304 96 22 enabled
1717 2309 23 17 to
1749 2309 72 22 grant,
1830 2306 51 26 viz.,

1294 2328 57 22 from
1361 2336 68 14 seven
1439 2332 23 19 to
1479 2333 138 24 twenty-one
1634 2338 71 19 3'ears,
1723 2331 120 28 according
1859 2336 22 18 to

1293 2355 38 21 the
1349 2355 66 22 value
1434 2356 26 21 of
1480 2356 39 22 the
1540 2357 114 26 buildings
1676 2358 109 27 proposed
1807 2362 23 18 to
1853 2359 29 21 be

1295 2382 95 22 erected.
1420 2383 75 27 Apply
1505 2386 24 18 to

1457 2410 22 20 J.
1494 2410 26 21 T.
1535 2409 147 27 Wicksteed,
1694 2418 24 14 or

1455 2436 36 21 W.
1507 2436 29 22 V.
1550 2436 108 27 Brewer,
1674 2437 186 23 Manners-street

1295 2481 116 47 LAND
1427 2481 61 22 POR
1503 2482 114 21 SALE.—
1617 2482 48 21 The
1679 2483 70 21 Town
1758 2483 67 27 Acre,
1841 2485 41 20 884

1370 2515 29 14 on
1410 2507 38 23 the
1457 2509 239 26 Surveyor-General's
1705 2509 52 28 plan
1765 2517 5 20 ;
1787 2510 45 21 and
1842 2510 38 22 the

1295 2534 99 27 Country
1404 2535 76 21 Lands
1494 2535 24 21 in
1533 2535 37 21 the
1587 2535 59 27 right
1662 2535 36 28 off
1700 2536 75 21 choice
1789 2537 27 20 of
1827 2537 54 21 land

1294 2561 76 21 orders
1389 2561 54 21 Nos.
1459 2563 47 25 687,
1524 2562 46 27 726,
1592 2563 60 26 1084,
1672 2562 26 22 of
1700 2568 4 3 •
1713 2563 38 21 the
1768 2563 49 22 first
1835 2564 46 21 and

1295 2587 106 28 principal
1412 2588 133 22 settlement.
1575 2589 44 21 For
1629 2592 68 18 terms
1708 2589 65 27 apply
1784 2592 22 19 to

1544 2615 27 21 R.
1588 2615 27 21 R.
1631 2616 100 26 Strang,
1742 2616 108 22 Solicitor.

1441 2660 40 19 To
1495 2660 34 19 be
1544 2660 65 20 Sold
1625 2665 30 15 or
1670 2660 58 24 Let,
1730 2659 5 13 1

1295 2691 162 49 SEVERAL
1475 2692 69 22 Town
1561 2693 45 21 and
1622 2693 100 27 Country
1741 2693 100 22 Sections
1857 2693 26 22 of

1357 2719 72 21 Land.
1458 2719 77 27 Apply
1544 2723 23 17 to

1608 2745 94 22 Robert
1712 2746 28 21 R.
1752 2747 98 21 Strang.

1292 2789 117 47 LAND
1429 2790 40 21 TO
1493 2790 94 21 LET.—
1587 2790 70 21 Town
1765 2790 45 21 No.
1830 2792 47 25 168,

1370 2817 274 26 156,423,47,561,559,
1663 2817 45 21 and
1720 2824 68 20 many
1803 2817 76 22 others

1291 2841 23 22 in
1325 2842 38 21 the
1373 2846 58 18 most
1439 2843 108 21 desirable
1563 2843 122 22 situations.
1714 2843 55 22 Also
1783 2848 96 23 country

1291 2868 53 22 land
1352 2876 30 14 on
1391 2869 38 22 the
1437 2869 72 21 banks
1521 2869 24 22 of
1553 2870 37 21 the
1601 2870 68 21 River
1679 2869 59 22 Hutt
1747 2870 44 21 and
1801 2878 29 13 on
1841 2871 37 20 the

1293 2895 92 22 Porirua
1393 2895 62 23 road.
1484 2896 76 27 Apply
1571 2900 23 18 to

1679 2923 21 22 J.
1716 2923 35 21 W.
1767 2924 80 21 Child.

1504 2967 39 20 To
1558 2967 34 20 be
1606 2968 58 24 Let,

1294 2999 162 49 SEVERAL
1470 3000 93 22 TOWN
1573 3001 104 31 ACRES,
1687 3001 24 21 in
1720 3001 88 21 various
1817 3004 61 23 parts

1357 3027 27 21 of
1394 3027 144 26 Wellington.
1568 3027 43 21 For
1620 3027 136 27 particulars,
1772 3027 67 28 apply
1853 3031 24 18 to

1467 3054 26 21 E.
1509 3054 142 29 Catchpool,
1664 3054 99 22 Dickson
1775 3057 73 19 street.

1502 3099 38 20 To
1556 3099 34 20 be
1604 3099 59 24 Let,

1295 3130 88 22 HHHE
1397 3133 59 19 town
1474 3138 51 14 acre
1542 3131 42 21 No.
1601 3133 42 19 680
1657 3138 28 14 on
1700 3131 38 21 the
1755 3132 84 26 Survey
1841 3137 37 19 otr

1299 3153 29 24 JL
1367 3158 116 21 General's
1492 3158 60 27 plan,
1563 3158 121 26 belonging
1693 3160 23 19 to
1733 3158 36 21 the
1786 3157 89 22 Church

1291 3184 26 20 of
1328 3184 112 22 Scotland.
1469 3185 45 21 For
1523 3187 73 23 terms,
1607 3184 67 28 apply
1684 3187 23 18 to

1480 3212 93 20 Robert
1584 3212 28 20 R.
1624 3212 99 25 Strang,
1738 3210 108 22 Solicitor.

1310 3255 86 21 Town
1411 3257 54 19 and
1480 3257 122 24 Country
1615 3256 78 20 Land
1706 3257 31 19 to
1751 3256 32 20 be
1801 3257 57 20 Let.

1293 3288 166 47 SECTIONS
1475 3288 46 22 and
1536 3289 100 25 portions
1652 3288 25 22 of
1691 3288 99 22 Sections
1806 3289 24 21 in
1844 3289 31 22 all

1361 3318 61 24 parts
1438 3316 26 21 of
1479 3315 38 22 ihe
1537 3316 66 21 Town
1622 3315 26 21 of
1664 3315 144 27 Wellington,
1828 3316 46 21 also

1291 3341 99 27 Country
1399 3342 101 21 Sections
1514 3342 24 21 in
1549 3342 37 21 the
1603 3342 94 21 districts
1715 3342 25 21 of
1754 3342 35 21 the
1807 3342 65 28 Hutt,

1290 3367 37 21 the
1341 3368 86 26 Kaiori,
1438 3368 37 22 the
1486 3368 76 26 Ohiro,
1574 3368 45 21 and
1631 3368 38 21 the
1683 3368 97 21 Porirua.
1810 3368 64 28 Long

1290 3393 69 22 leases
1370 3394 25 21 of
1402 3395 37 21 the
1457 3398 93 23 country
1560 3394 53 22 land
1629 3394 45 22 will
1691 3395 26 21 be
1733 3395 93 26 granted
1844 3402 29 15 on

1290 3421 129 22 reasonable
1430 3425 74 18 terms.
1533 3420 44 23 For
1585 3420 131 28 particulars
1725 3421 66 27 apply
1801 3424 23 19 to

1480 3448 97 21 Hanson
1589 3448 47 21 and
1649 3448 115 26 Alzdorf,

1513 3474 123 21 Thorndon
1646 3474 71 27 Quay,
1728 3474 143 27 Wellington.

1429 3526 87 20 Town
1530 3526 85 20 Acres
1629 3528 29 18 to
1674 3526 57 20 Let.

1287 3551 180 47 NUMBERS
1478 3559 29 14 on
1517 3552 38 21 the
1564 3553 122 27 Surveyor-
1689 3551 114 22 General's
1812 3559 59 20 map,

1481 3579 42 21 510
1683 3580 41 20 263

1314 3603 44 23 For
1366 3605 131 26 particulars
1505 3605 67 28 apply
1581 3608 23 18 to
1613 3605 106 26 Wallace,
1731 3605 81 26 White,
1828 3604 44 22 and

1286 3629 106 24 Wallace.

1288 3674 88 47 FOR
1389 3675 84 22 SALE.
1474 3686 28 4 —
1502 3675 127 26 Wanganui
1644 3674 103 27 sections,
1759 3674 113 23 Numbers

1361 3700 26 23 of
1398 3701 76 22 choice
1486 3703 40 20 199
1535 3701 45 22 and
1589 3702 48 25 200,
1648 3701 66 27 apply
1723 3705 23 18 to

1603 3728 81 21 Waitt
1699 3728 45 21 and
1758 3728 84 21 Tyser.

1313 3754 145 28 Wellington,
1469 3755 55 27 July
1534 3756 32 25 16,
1578 3756 61 19 1841.

1509 3800 53 19 For
1576 3799 69 24 Sale,

1285 3825 259 46 BACKGAMMON
1567 3825 84 21 Boards
1670 3825 45 21 and
1739 3825 62 27 Men,
1821 3833 49 14 wax

1362 3854 79 24 tapers,
1453 3851 45 21 and
1506 3851 78 22 lucifer
1594 3851 106 22 matches.

1312 3877 99 27 Enquire
1420 3880 24 18 at
1457 3877 36 22 the
1658 3878 78 27 Office,
1749 3878 122 22 Taranaki-

1285 3902 70 28 place.

1921 627 53 37 /^J.
2014 628 98 28 SCOTT,
2139 631 106 28 Cabinet,
2271 633 81 28 Chair,
2377 636 45 21 and
2445 638 59 21 Sofa

1919 656 15 35 )i
1977 665 26 26 *i
2025 656 195 28 Manufacturer,
2246 661 143 30 respectfully
2411 663 93 22 informs

1919 680 37 20 the
1972 680 137 23 inhabitants
2124 684 26 20 of
2156 684 143 29 Wellington,
2311 687 48 21 that
2375 689 27 21 he
2417 689 39 22 has
2474 698 30 14 on

1919 707 59 20 hand
1988 713 28 15 an
2031 713 132 18 assortment
2173 710 25 21 of
2205 712 93 22 Cabinet
2308 713 123 28 Furniture,
2443 723 61 15 com-

1918 738 83 21 prising
2017 734 79 27 chairs,
2107 736 75 26 tables,
2192 738 47 21 sofa
2254 739 125 28 bedsteads,
2393 741 73 23 chests
2480 743 27 21 of

1918 760 100 28 drawers,
2030 761 44 20 and
2083 769 14 13 a
2106 763 84 27 variety
2200 764 25 21 of
2232 764 64 23 other
2306 767 93 22 articles.

1946 791 27 21 G.
1985 792 21 21 S.
2017 792 88 28 having,
2114 794 80 28 during
2201 797 35 21 the
2241 797 45 22 last
2292 799 102 26 eighteen
2404 801 96 22 months,

1918 819 95 20 selected
2023 826 14 14 a
2053 821 61 21 stock
2125 821 25 21 of
2163 823 62 21 wood
2234 824 94 22 suitable
2337 826 35 21 for
2383 826 38 22 the
2431 828 71 22 above

1918 846 114 26 branches,
2045 847 127 24 gentlemen
2183 848 117 29 favouring
2309 851 45 22 him
2365 852 52 22 with
2427 854 75 22 orders

1918 877 41 14 can
1970 872 87 26 depend
2065 880 61 19 upon
2136 875 168 23 well-seasoned
2313 879 118 22 materials.

1944 903 157 24 Willis-struet.

2010 949 114 29 BYRON,
2151 952 85 23 DYER
2260 955 66 21 AND
2354 957 146 28 SCOURER,

1975 986 9 9 •
2050 984 39 14 KAI
2104 985 80 15 WARRA
2198 987 82 15 WARRA
2295 989 66 15 ROAD.

1916 1018 189 47 JFRASER,
2118 1021 180 30 Hair-dresser,
2308 1025 111 24 Lambfcon
2427 1028 71 25 Quay.

1955 1055 10 10 •
1997 1050 55 17 next
2062 1047 68 22 house
2140 1051 23 19 to
2174 1049 36 22 the
2220 1050 124 23 Wakefield
2354 1053 136 24 Club-room.

1916 1087 167 48 ESEED,
2095 1092 57 21 Boot
2159 1093 44 22 and
2212 1094 58 22 Shoe
2285 1096 84 27 Maker,
2379 1097 24 22 in
2413 1101 87 19 return-

1959 1124 21 11 ■*•
1997 1141 5 5 _
2011 1123 40 20 ing
2064 1117 80 23 thanks
2154 1122 23 18 to
2188 1120 36 21 the
2236 1122 129 25 gentlemen
2373 1124 45 21 and
2426 1126 75 26 public

1915 1144 33 17 tor
1958 1144 57 18 their
2024 1146 120 25 patronage
2154 1146 44 21 and
2214 1152 97 23 support,
2322 1149 53 27 begs
2384 1153 24 18 to
2417 1150 82 24 inform

1916 1171 60 17 them
1986 1171 48 19 that
2043 1171 34 19 for
2087 1171 36 21 the
2133 1174 190 23 accommodation
2340 1176 26 21 of
2375 1176 35 22 his
2427 1181 73 19 custo-

1916 1200 57 14 mers
1989 1195 45 21 and
2048 1196 38 21 the
2102 1198 81 27 public,
2200 1199 27 22 he
2245 1200 45 22 will
2305 1202 80 26 always
2401 1203 57 23 have
2469 1212 28 15 on

1915 1223 60 18 hand
1984 1228 28 14 an
2024 1227 133 19 assortment
2167 1227 24 19 of
2201 1227 70 26 ready
2281 1228 64 23 made
2355 1228 71 24 shoes.

1942 1253 56 22 N.B.
2019 1254 29 22 R.
2064 1256 22 21 S.
2102 1257 44 22 will
2162 1258 45 22 also
2221 1260 88 22 furnish
2323 1261 36 22 the
2375 1263 64 22 trade
2454 1265 46 21 and

1914 1281 75 24 public
2006 1282 54 21 with
2072 1282 31 22 all
2119 1287 56 19 sorts
2191 1286 26 21 of
2227 1289 39 19 cut
2274 1287 85 23 leather
2374 1289 45 22 and
2435 1290 65 22 shoe-

1915 1309 87 18 makers
2018 1309 143 28 furnishings,
2173 1312 39 21 &c.
2222 1312 42 22 &c.

1922 1350 37 23 0
1992 1351 167 30 STAFFORD,
2179 1355 95 28 Tailor,
2292 1357 83 29 having
2393 1362 107 21 removed

1916 1402 16 11 n
1962 1402 5 11 1
1979 1404 5 8 »
2010 1381 23 32 £°
2086 1387 49 15 new
2145 1385 68 18 house
2214 1399 6 10 »
2228 1390 16 14 n
2246 1390 39 15 ear
2291 1384 90 23 Messrs.
2389 1386 25 22 T.
2423 1387 44 21 and
2475 1388 21 24 S.

1916 1406 60 18 Oook
1985 1411 9 14 s
2010 1406 80 26 Stores,
2107 1407 54 27 begs
2176 1408 62 22 leave
2253 1413 23 18 to
2290 1414 76 19 return
2380 1413 82 22 thanks
2476 1417 23 18 to

1916 1432 61 19 those
1994 1432 129 25 gentlemen
2142 1434 49 22 who
2206 1435 58 22 have
2278 1436 90 23 favored
2383 1439 48 22 him
2446 1440 53 22 with

1916 1458 57 19 their
1982 1461 96 24 support,
2090 1460 44 21 and
2143 1460 67 27 hopes
2225 1463 30 26 by
2272 1464 62 21 strict
2349 1466 109 21 attention
2476 1470 23 19 to

1916 1484 99 21 business
2025 1487 21 18 to
2057 1486 66 21 merit
2132 1494 13 14 a
2154 1488 148 24 continuance
2313 1491 26 21 of
2349 1491 37 21 the
2396 1499 68 15 same.

1941 1515 57 22 N.B.
1999 1528 29 3 —
2028 1517 22 21 A
2060 1518 104 23 first-rate
2175 1524 37 19 cut
2220 1522 47 21 and
2276 1523 170 29 workmanship.

1916 1560 149 47 CLOCKS,
2081 1562 110 30 Watches,
2208 1566 45 21 and
2269 1567 119 28 Jewellery
2405 1569 93 23 cleaned

1985 1588 46 21 and
2040 1590 101 25 repaired
2154 1591 30 27 by
2196 1592 85 22 Robert
2295 1594 117 28 Sturgeon,
2429 1603 68 20 many

1913 1619 64 19 years
1986 1621 24 14 in
2020 1621 14 14 a
2043 1615 95 22 London
2149 1618 115 28 jewellery
2272 1620 108 22 business.

1940 1645 124 24 Residence
2074 1651 23 19 at
2105 1653 117 23 present—
2222 1655 24 18 at
2255 1653 37 21 the
2302 1653 57 22 back
2366 1654 27 21 of
2405 1655 91 24 Messrs.

1916 1674 84 20 Waters
2011 1674 45 21 and
2065 1675 91 22 Smith's
2166 1677 80 23 Stores.

1912 1715 231 47 JM'GREGOR
2156 1721 52 26 begs
2223 1723 144 27 respectfully
2380 1727 24 19 to
2415 1724 82 24 inform

1952 1753 11 9 •
1981 1745 37 19 the
2027 1748 80 24 gentry
2116 1746 45 22 and
2170 1747 136 24 inhabitants
2312 1750 25 21 of
2345 1750 53 22 Port
2405 1751 92 23 Nichol-

1912 1775 39 14 son
1963 1770 47 20 that
2019 1770 27 22 he
2058 1770 39 23 has
2107 1780 30 13 on
2147 1773 51 26 sale,
2214 1778 22 17 at
2253 1775 35 21 his
2304 1779 126 25 temporary
2444 1779 54 23 resi-

1912 1795 77 27 dence,
2008 1796 24 21 in
2051 1797 37 21 the
2105 1806 51 14 rear
2173 1801 26 20 of
2215 1801 44 22 Dr.
2273 1802 94 28 Knox's,
2387 1811 56 15 near
2459 1805 38 22 the

1912 1823 71 25 .Bank,
2007 1830 29 14 an
2055 1828 133 20 assortment
2206 1828 26 20 of
2252 1828 49 21 best
2324 1829 172 24 London-made

1912 1849 102 27 watches,
2026 1849 76 23 Dutch
2112 1852 80 28 clocks,
2203 1854 40 21 &c.

1938 1881 176 30 Chronometers,
2127 1886 79 27 clocks,
2223 1888 103 27 watches,
2342 1889 45 22 and
2403 1892 94 22 musical

1912 1911 68 18 boxes
1989 1911 108 26 carefully
2107 1911 92 23 cleaned
2209 1914 44 21 and
2264 1916 107 26 repaired.

1918 1952 28 38 T
1983 1952 39 38 R-f
2024 1954 43 21 NN
2065 1954 17 36 /
2084 1954 45 22 NG
2129 1971 6 11 »
2160 1957 93 22 Cabinet
2252 1975 8 10 >
2285 1958 72 29 Chair,
2381 1961 45 21 and
2445 1962 52 21 Sofa

1911 1983 25 15 v
1950 1989 11 10 •
1992 1982 175 27 Manufacturer,
2182 1983 188 30 Lambton-quay.
2381 1986 117 27 adjoining

1910 2004 70 22 Dune
1989 2006 46 21 and
2045 2007 59 22 Co.'s
2118 2009 80 21 Stores.
2360 2030 6 6 .

2067 2041 130 15 TPRNITURE
2216 2043 121 16 REPAIRED.

1912 2075 273 47 RBRADFIELD,
2212 2080 92 23 Saddler
2326 2082 46 22 and
2394 2083 101 23 Harness

1967 2112 10 10 •
2009 2103 86 22 Maker.
2124 2105 91 27 Repairs
2227 2108 78 27 neatly
2318 2108 65 23 done.
2413 2110 83 23 Orders

1912 2128 101 21 received
2024 2133 22 17 at
2057 2130 127 23 Marshall's
2193 2133 161 23 Coffee-house.

1914 2173 319 35 pHARLESJKARVEY,
2245 2178 89 23 Tailor
2344 2180 21 21 &
2375 2180 120 24 Breechbs

1913 2226 12 9 o
2000 2208 26 27 »£
2028 2208 13 14 X
2041 2208 15 27 ,1
2059 2208 12 14 R
2072 2217 7 11 »
2092 2209 53 14 near
2154 2204 81 21 Messrs
2237 2220 4 5 -
2253 2204 87 23 Waters
2350 2207 46 22 and
2406 2208 90 22 Smith's

1913 2227 69 25 Store,
2000 2227 143 28 Wellington,
2159 2230 54 26 begs
2227 2234 23 18 to
2267 2232 81 22 inform
2363 2233 37 22 the
2415 2238 81 22 gentry

1921 2278 5 11 1
1966 2262 53 12 ™
2020 2254 83 22 bitants
2114 2256 25 21 of
2153 2256 135 28 Wellington
2299 2259 45 22 and
2356 2260 29 21 its
2394 2261 100 27 vicinity,

1912 2281 49 19 that
1970 2281 28 19 he
2009 2281 40 21 has
2060 2283 142 22 commenced
2212 2284 100 23 business
2321 2293 24 14 as
2358 2287 78 27 above,
2450 2289 47 21 and

1913 2308 66 19 trusts
1989 2306 49 22 that
2046 2308 79 21 twelve
2142 2310 71 26 years'
2223 2312 131 26 experience
2364 2313 24 21 in
2398 2314 96 22 London

1912 2338 23 15 as
1959 2340 14 13 a
1992 2334 106 25 practical
2123 2339 77 24 cutter,
2223 2338 118 23 combined
2359 2339 54 22 with
2435 2342 59 25 good

1912 2359 112 22 materials
2046 2361 46 21 and
2114 2363 171 29 workmanship,
2309 2365 45 22 and
2380 2366 115 23 moderate

1912 2386 98 26 charges,
2020 2387 45 21 will
2075 2389 78 21 enable
2164 2389 45 22 him
2219 2394 22 17 to
2259 2392 50 25 give
2319 2392 135 23 satisfaction
2469 2398 23 18 to

1912 2413 29 19 all
1952 2413 47 21 who
2010 2420 52 20 may
2070 2414 79 23 favour
2158 2415 46 22 him
2212 2417 54 21 with
2274 2418 58 21 their
2340 2422 129 25 patronage.

2091 2448 84 27 Terms,
2186 2450 52 21 cash
2249 2451 61 27 only.

1973 2491 180 23 Fashionable
2168 2494 106 22 Winter
2286 2497 139 28 Clothing.

1910 2524 184 47 WILLIAM
2135 2527 141 28 MURRAY,
2319 2530 89 23 Tailor
2449 2533 46 22 and

2006 2551 124 28 Clothier,
2142 2554 53 26 begs
2204 2557 22 18 to
2236 2556 44 21 call
2294 2556 40 22 the
2344 2558 109 22 attention
2471 2560 27 21 of

1909 2578 127 25 gentlemen
2046 2578 46 22 and
2101 2579 37 22 the
2149 2580 75 27 public
2239 2585 25 18 to
2279 2582 34 22 his
2323 2583 63 22 stock
2401 2585 27 21 of
2440 2593 55 19 very

1910 2604 98 26 superior
2025 2606 80 21 beaver
2121 2607 45 21 and
2181 2607 54 27 pilot
2255 2609 66 27 cloth,
2339 2610 73 22 whioh
2427 2611 29 23 he
2475 2613 19 21 is

1909 2631 94 20 enabled
2020 2634 23 18 to
2058 2632 65 22 make
2133 2641 30 19 up
2174 2634 46 21 into
2229 2634 127 28 Taglionas,
2367 2644 43 20 pea
2425 2642 67 23 fcoats,

1909 2659 107 25 trowsers,
2027 2658 47 27 &c,
2087 2662 23 18 at
2119 2660 119 27 unusually
2246 2662 45 21 low
2299 2663 78 27 prices,
2387 2664 37 22 for
2433 2665 60 23 cash.

1935 2690 33 21 As
1982 2690 29 22 all
2029 2691 38 21 the
2085 2693 61 21 work
2161 2694 19 20 is
2196 2697 38 19 cut
2249 2698 39 19 out
2302 2696 30 27 by
2342 2696 96 28 himself,
2448 2699 47 22 and

1909 2717 64 21 made
1984 2724 29 21 up
2022 2718 73 22 under
2109 2719 35 23 hk
2159 2728 49 14 own
2220 2723 209 28 superintendance,
2439 2732 55 19 gen-

1909 2743 83 21 tlemen
2010 2752 53 19 may
2081 2745 87 28 depend
2192 2755 27 13 on
2245 2749 59 21 their
2327 2749 75 23 orders
2426 2751 68 26 being

1909 2770 111 28 elegantly
2031 2771 43 21 and
2085 2773 113 28 tastefully
2208 2778 38 23 got
2256 2782 37 20 up.

1909 2803 120 28 Repairing
2039 2806 108 23 executed
2153 2807 52 22 with
2215 2811 103 20 neatness
2327 2810 45 21 and
2378 2810 115 28 despatch.

1908 2848 143 47 JOSHUA
2062 2850 140 29 SCHOLES,
2212 2852 61 22 Boot
2281 2853 44 22 and
2330 2855 60 21 Shoe
2397 2855 95 27 Maker,

1973 2875 187 30 Lambton-quay,
2173 2879 52 26 begs
2241 2882 24 19 to
2279 2880 82 22 inform
2376 2881 38 22 the
2429 2882 64 22 inha-

1909 2903 81 20 bitants
2010 2902 26 21 of
2057 2903 135 28 Wellington
2215 2906 47 21 and
2279 2907 29 21 its
2329 2907 164 29 neighbouring

1909 2928 101 28 districts,
2022 2929 48 22 that
2079 2930 29 22 he
2118 2931 18 21 is
2147 2938 49 16 now
2205 2933 69 27 ready
2285 2937 22 18 to
2314 2934 87 22 receive
2410 2935 82 26 orders,

1908 2954 126 23 which-will
2043 2960 59 18 meet
2114 2958 54 21 with
2182 2959 108 26 punctual
2307 2960 104 27 despatch
2420 2969 6 19 ;
2448 2963 45 21 and

1907 2983 67 20 trusts
1983 2981 57 22 from
2050 2982 35 22 his
2095 2985 130 26 experience
2239 2985 26 22 in
2281 2987 61 21 trade
2358 2990 22 19 to
2397 2989 66 21 merit
2478 2996 14 14 a

1907 3007 64 22 share
1982 3008 26 21 of
2017 3009 75 26 public
2100 3013 127 25 patronage.

1908 3052 157 22 HHHOMAS
2090 3053 93 28 YORK,
2205 3056 151 28 BUTCHER,
2379 3057 55 28 begs
2456 3066 36 15 re-

1915 3078 29 21 X
1981 3079 118 28 spectfully
2114 3084 23 18 to
2155 3082 81 21 inform
2256 3083 37 21 the
2311 3083 137 23 inhabitants
2468 3086 26 21 of

1907 3104 53 22 Port
1987 3105 131 28 Nicholson,
2147 3107 48 22 that
2220 3108 30 22 he
2278 3109 40 22 has
2346 3112 146 22 commenced

1907 3132 99 22 business
2021 3133 24 21 in
2055 3132 38 22 the
2102 3134 70 21 above
2180 3135 52 26 line,
2244 3135 46 22 and
2302 3135 74 29 hopes,
2387 3137 32 27 by
2429 3138 63 22 strict

1906 3159 109 21 attention
2030 3162 22 18 to
2062 3159 34 22 his
2105 3163 127 25 customers,
2244 3165 24 18 to
2284 3166 65 18 merit
2358 3170 14 15 a
2387 3165 104 22 continu-

1906 3192 55 14 ance
1971 3185 25 22 of
2004 3185 58 22 their
2067 3186 97 22 favours.

2077 3220 72 14 FRESH
2163 3221 61 15 MEAT
2238 3222 78 15 DAILY.

1933 3245 189 29 Lambton-quay,
2133 3247 59 22 June
2201 3249 34 26 22,
2249 3250 61 21 1841.

1905 3291 49 46 A
1984 3290 130 27 HEWITT,
2126 3291 160 33 Fishmonger,
2297 3293 111 23 Lambton
2417 3295 71 28 Quay,

1960 3326 10 11 •
1987 3316 145 28 Wellington,
2139 3321 86 18 returns
2234 3318 36 22 his
2279 3319 86 23 sincere
2375 3321 81 23 thanks
2467 3326 21 18 to

1905 3341 37 22 the
1961 3342 137 23 inhabitants
2117 3344 26 21 of
2162 3344 43 22 this
2224 3345 87 28 Colony
2326 3347 35 21 for
2379 3349 38 21 the
2435 3356 55 19 very

1904 3368 78 22 liberal
2000 3373 92 23 support
2107 3370 28 21 he
2149 3370 40 21 has
2204 3371 99 23 hitherto
2316 3374 110 27 received,
2445 3375 45 21 and

1903 3395 54 27 begs
1967 3398 23 19 to
1998 3396 83 21 inform
2092 3396 59 22 them
2162 3397 47 22 that
2223 3398 27 22 he
2261 3398 40 23 has
2310 3400 65 22 made
2384 3408 104 20 arrange-

1904 3424 73 19 ments
1992 3422 35 21 for
2045 3430 15 13 a
2072 3426 104 19 constant
2191 3425 80 27 supply
2290 3426 26 21 of
2335 3426 37 22 the
2391 3427 99 23 choicest

1903 3448 103 22 varieties
2015 3448 26 22 of
2051 3448 48 28 fish,
2117 3450 72 21 which
2205 3451 28 21 he
2250 3452 138 28 confidently
2403 3460 85 16 recom-

1903 3474 79 22 mends
1991 3478 23 19 to
2024 3475 38 22 the
2069 3476 76 26 public
2154 3484 24 14 as
2185 3477 67 27 being
2260 3478 27 22 of
2296 3479 37 21 the
2341 3479 49 22 best
2395 3480 92 27 quality.

1930 3508 83 22 Orders
2022 3508 35 22 for
2065 3509 105 28 shipping
2177 3511 111 28 received,
2303 3512 44 22 and
2356 3514 132 26 punctually

1903 3535 107 21 attended
2018 3539 30 18 to.

2058 3569 97 15 OYSTERS
2170 3570 71 16 FRBSH
2257 3572 76 15 DAILY.

1930 3594 62 27 Also,
2005 3601 13 14 a
2027 3595 80 27 supply
2116 3596 26 21 of
2156 3598 128 25 vegetables
2299 3598 60 22 fresh
2372 3598 59 22 from
2448 3598 38 22 tho

1902 3620 84 27 garden
1996 3621 68 27 daily.

2146 3674 15 14 A
2175 3674 66 14 CARD.

2067 3692 52 21 Mr.
2134 3693 34 20 K.
2182 3694 29 20 B.
2225 3694 98 26 Relph,

2003 3725 104 15 SURGEON
2121 3727 156 20 ACCOUCHEUR,
2293 3727 89 15 PETOWT.

2001 3763 83 20 Chart
2098 3763 31 20 of
2145 3764 65 20 Port
2222 3763 160 23 Nicholson.

1909 3795 85 35 JUST
2017 3796 182 25 PUBLISHED,
2223 3796 46 21 and
2292 3803 29 15 on
2342 3797 45 22 sale
2406 3800 23 19 at
2447 3798 38 22 the

1902 3826 26 17 ♦7
1966 3822 70 21 Office
2046 3823 26 20 of
2083 3822 44 21 this
2136 3830 74 20 paper,
2224 3829 14 14 a
2253 3822 148 29 lithographic
2418 3824 71 23 Chart
2510 3836 4 5 •

1902 3848 26 21 of
1938 3848 54 21 Port
1999 3848 131 27 Nicholson,
2144 3848 57 22 from
2215 3848 38 21 the
2270 3856 81 20 survey
2367 3850 26 21 of
2409 3850 26 22 E.
2450 3852 35 21 M.

1902 3874 106 27 Chaffers,
2025 3875 60 27 Esq.,
2103 3874 66 27 R.N.,
2185 3876 144 21 commander
2343 3876 25 22 of
2381 3876 38 23 the
2429 3876 57 24 New

1902 3900 100 22 Zealand
2013 3902 133 26 Company's
2156 3901 47 27 ship
2215 3903 61 25 Tory.
2277 3913 29 5 —
2306 3902 63 23 Price
2378 3904 32 22 2s.
2420 3904 36 23 6d.

166 619 193 28 Immigration
376 619 185 26 Department.

73 652 204 24 /CLASSIFIED
290 652 39 22 list
338 652 26 22 of
373 652 140 26 immigrants
526 652 98 26 brought
633 654 22 19 to

73 683 40 18 Vy
142 679 137 27 Wellington
299 682 23 19 at
336 679 38 22 the
391 685 95 21 expense
505 679 27 21 of
548 678 38 22 the
600 678 55 22 New

70 706 100 22 Zealand
188 706 123 26 Company,
332 705 25 22 in
372 705 38 22 the
429 705 83 27 barque
534 706 62 26 Tyne,
614 706 41 21 500

70 736 56 24 tons,
137 732 93 28 Captain
240 732 132 27 Robertson,
382 732 59 21 from
451 732 114 22 London.'

358 766 55 17 Male.
455 767 79 16 Female.
597 766 56 17 Total.

96 787 90 27 Adults,
197 786 97 23 married
384 788 26 21 15
491 788 26 21 15
600 788 27 21 30

108 814 53 27 Do.,
197 814 71 27 single
385 815 26 20 16
492 816 27 19 13
601 815 27 20 29

383 870 26 20 31
490 869 29 20 28
600 868 28 21 59

96 893 105 23 Children
211 894 13 23 7
234 898 22 18 to
267 896 26 19 14
301 901 65 21 years
602 894 26 21 17

94 920 45 22 Do.
213 922 11 21 1
235 924 23 19 to
281 922 13 21 7
615 921 13 21 7

94 947 45 22 Do.
176 947 73 23 under
280 949 12 20 1
613 948 14 21 3

202 1000 66 22 Total
600 1002 26 20 86

329 1053 84 17 Married.
455 1052 67 21 Single.
596 1053 57 17 Total.

93 1073 152 28 Agricultural
256 1073 113 23 Labourer
383 1075 107 20 16
613 1073 14 22 7

91 1101 59 21 Boot
158 1100 92 22 Makers
383 1101 12 21 1
477 1101 11 20 1
612 1101 15 20 2

92 1127 141 27 Bricklayers
383 1127 105 21 11
612 1128 15 20 2

93 1154 121 27 Carpenter
383 1155 12 19 1
477 1155 11 19 1
612 1155 15 19 2

94 1180 117 22 Gardener
382 1181 12 20 1
475 1182 14 19 0
613 1181 12 20 1

94 1207 91 21 Glazier
381 1209 16 19 0
477 1207 11 21 1
613 1207 11 20 1

93 1233 114 23 Labourer
382 1235 15 19 6
476 1235 15 19 4
601 1234 25 20 10

93 1260 82 22 Mason
382 1261 13 19 0
477 1261 148 20 11

93 1287 77 21 Miner
380 1288 15 20 3
477 1288 13 20 0
612 1288 15 20 3

93 1313 90 27 Sawyer
383 1315 11 19 1
477 1315 13 19 0
613 1315 12 19 1

92 1339 74 23 Smith
381 1342 14 19 0
476 1341 10 19 1
613 1341 12 20 1

367 1394 27 20 15
463 1394 26 20 16
598 1395 25 19 31

145 1420 135 26 Sempstress
463 1421 24 20 11

145 1446 95 22 Servant
475 1447 10 20 1
598 1447 26 20 12

251 1498 65 23 Total
597 1501 27 20 43

305 1526 31 21 D.
348 1526 137 26 RIDDIFORD,

401 1552 156 27 Immigration
566 1553 83 27 Agent.

92 1580 89 26 August
190 1580 20 25 9=,
222 1580 60 21 1841.

64 1623 90 22 rfIHE
165 1623 150 27 undersigned
324 1623 56 21 have
391 1630 29 15 on
437 1623 51 27 sale,
500 1630 29 15 ex
540 1624 58 25 Tyne
606 1624 44 21 and

71 1644 29 28 JL
138 1649 64 22 other
211 1650 45 21 late
265 1650 99 26 arrivals,

89 1683 111 27 Anchors,
211 1682 78 23 chains
305 1683 45 21 and
366 1682 74 23 cables
456 1683 26 22 of
494 1683 30 22 all
535 1684 56 21 siaes
605 1685 44 22 and

63 1709 143 26 dimensions,
218 1710 43 21 and
277 1710 26 21 of
316 1710 100 27 superior
432 1710 162 27 manufacture,
606 1712 42 21 and

62 1736 144 28 guaranteed,

91 1762 72 22 Prime
174 1762 66 23 India
249 1762 45 22 and
304 1762 57 22 Irish
371 1770 59 14 mess
439 1763 54 22 beef
500 1763 45 22 and
561 1764 56 27 pork
625 1764 23 22 in

62 1788 79 23 tierces
151 1790 46 21 and
205 1789 93 27 barrels,

90 1816 84 26 Paints,
185 1816 47 26 oils,
244 1819 69 23 turps,
324 1815 63 22 sheet
395 1815 56 27 lead,

90 1842 70 26 Coals,
173 1842 125 22 Newcastle
306 1842 147 27 grindstones,
465 1842 40 22 fire
521 1843 74 22 bricks
604 1844 45 21 and

63 1868 55 27 clay,

89 1893 95 29 Raisins,
193 1898 107 23 currants,
312 1895 75 21 Dutch
398 1895 84 27 cheese,
490 1895 72 27 hams,
573 1904 60 20 soap,

89 1921 120 27 Windows,
218 1921 51 22 flint
275 1921 44 22 and
329 1924 37 19 cut
374 1921 60 27 glass
444 1922 42 21 and
496 1922 152 23 earthenware

60 1947 24 22 in
94 1950 63 23 great
167 1948 91 27 variety,

88 1974 84 27 Wines,
181 1974 95 27 brandy,
286 1974 99 27 Geneva,
396 1974 53 21 East
458 1975 45 20 and
510 1975 64 21 West
583 1975 66 22 India

60 2008 57 19 rum,

89 2027 44 21 Bar
141 2026 44 21 and
193 2026 49 22 bolt
252 2025 63 23 sheet
323 2025 45 22 and
378 2026 40 22 rod
427 2027 55 26 iron,

89 2052 104 27 Whaling
202 2060 54 19 gear
265 2053 27 21 of
298 2060 66 19 every
373 2052 142 29 description,

88 2079 79 21 Whale
176 2079 63 26 lines,
247 2079 88 27 Europe
341 2079 46 21 and
397 2079 45 22 coir
447 2087 59 20 rope,
514 2081 85 27 twines,
607 2081 39 22 &c.

88 2107 40 20 600
136 2105 52 28 pipe
197 2109 80 23 staves,

89 2132 121 22 Preserved
225 2136 71 18 meats
296 2143 27 4 —
324 2132 94 27 salmon,
437 2140 87 20 grouse,
545 2134 100 27 venison,

61 2159 40 21 &c.
112 2159 40 21 &c.

87 2185 97 22 Truman
195 2185 45 22 and
255 2185 101 28 Taylor's
364 2185 78 23 brown
454 2189 60 19 stout
524 2186 45 22 and
579 2187 34 22 ale
623 2187 23 22 in

61 2212 52 22 cask
122 2212 47 22 and
178 2211 76 28 bottle,

88 2239 81 26 Claret,
185 2239 139 27 Hermitage,
340 2238 96 28 Chablis,
447 2239 47 28 &c,
505 2240 24 21 in
547 2241 11 21 1
575 2240 71 22 dozen

61 2272 66 19 cases,

87 2291 105 28 Clothing
200 2291 46 23 and
255 2291 67 28 slops,
332 2291 96 28 hosiery,
444 2291 110 29 blankets,
568 2294 77 27 prints,

59 2319 44 21 and
112 2318 90 27 flannel,

87 2345 108 28 Muskets,
206 2344 67 27 flints,
286 2345 160 28 ironmongery
456 2346 26 21 of
488 2353 69 20 every
566 2350 52 23 sort,

87 2372 103 26 Superior
200 2379 53 14 corn
263 2371 67 28 mills,

87 2398 96 27 Shingle,
201 2398 85 27 batten,
300 2398 83 27 paling,
399 2398 45 22 and
460 2399 63 28 spike
540 2400 64 27 nails,
613 2400 33 28 pit

60 2425 43 21 and
113 2428 109 19 cross-cut
230 2432 62 19 saws,

87 2451 63 27 Hats,
162 2459 59 19 caps,
232 2451 45 22 and
287 2451 77 22 ladies'
373 2451 102 28 bonnets,

86 2477 90 26 Linens,
187 2478 93 27 diapers,
293 2478 92 22 damask
395 2479 58 21 table
463 2486 85 21 covers,
559 2479 84 28 doilies,

61 2504 43 22 and
113 2505 103 27 napkins,

86 2531 43 21 Tar
129 2547 7 16 ?
147 2531 68 26 pitch,
225 2531 68 22 black
301 2531 45 22 and
355 2531 76 23 brown
441 2532 99 28 varnish,

87 2557 106 28 Weights,
204 2557 78 27 scales,
293 2558 128 27 steelyards,
432 2559 56 27 shot,

87 2584 94 22 Refined
191 2592 72 19 sugar,
275 2585 57 21 wine
343 2585 71 27 corks,
426 2586 129 27 stationery,

87 2612 11 20 1
109 2618 50 14 case
169 2611 152 22 india-robber
331 2611 106 28 clothing,

87 2638 115 26 Superfine
211 2637 45 22 and
265 2637 57 28 pilot
331 2638 78 27 cloths,
420 2639 132 28 cashmeres,

87 2665 11 20 1
108 2671 50 15 case
169 2664 98 22 assorted
277 2665 77 27 snuffs,
364 2665 100 28 tobaoco,

86 2690 135 23 Bandannas
239 2691 45 22 and
301 2691 91 28 Turkey
409 2692 40 22 red
467 2692 177 29 handkerchiefs,

61 2717 63 22 Swiss
134 2718 101 27 sewings,

87 2744 93 27 Pickles,
191 2745 107 27 mustard,
307 2745 100 27 vinegar,
424 2745 85 23 bottled
519 2745 72 28 fruits,
602 2746 44 22 and

61 2777 82 20 sauces,

86 2796 50 28 Ink,
147 2797 111 27 blacking,

85 2823 66 22 Floor
160 2824 61 22 cloth
230 2819 30 27 all
269 2824 65 27 sizes,

84 2851 14 20 2
107 2857 62 15 cases
178 2850 77 22 ladies'
264 2850 72 28 shoes,
348 2852 9 20 1
369 2858 51 15 case
428 2852 72 21 men's
512 2855 78 24 strong
601 2852 43 28 do.,

86 2878 11 20 1
107 2884 50 14 case
167 2876 77 22 ladies'
254 2880 66 24 stays,

86 2903 126 27 Furniture,
223 2903 66 22 white
298 2903 104 22 feathers.

417 2930 89 22 Willis
521 2931 45 22 and
580 2932 38 21 Co.

86 2956 127 27 Wellingte,
225 2956 89 28 August
322 2958 21 25 9,
354 2958 61 20 1841.

60 3000 90 48 THE
163 2999 152 28 undersigned
331 3007 37 15 are
378 3000 130 27 purchasers
522 3001 26 21 of
554 3001 37 22 Oil
601 3001 45 22 and

132 3027 70 27 Bone,
213 3027 46 22 and
269 3027 45 22 will
323 3027 65 21 make
398 3027 78 22 liberal
489 3027 113 23 advances
615 3035 29 15 on

60 3058 43 21 any
111 3053 128 28 Consigned
247 3057 23 18 to
286 3053 57 23 their
355 3053 92 28 friends,
458 3054 92 22 Messrs.
561 3054 85 23 Arthur

59 3079 76 28 Willis,
147 3081 63 27 Sons,
221 3080 45 22 and
276 3081 46 26 Co.,
334 3080 27 22 of
365 3080 103 22 London.

413 3107 88 23 Willis
515 3107 47 23 and
578 3109 38 21 Co.

84 3132 145 29 Wellington,
240 3133 90 26 August
338 3135 21 26 9,
369 3135 62 21 1841.

279 3179 54 20 For
347 3178 69 26 Sale,

60 3210 48 49 A
122 3210 163 24 PORTABLE
298 3212 114 22 WATER
431 3213 121 27 CLOSET,
570 3213 46 22 also
631 3221 13 14 a

135 3238 83 22 Patent
227 3238 102 28 Cooking
342 3239 67 22 Stove
422 3239 119 30 complete.
569 3240 33 22 To
615 3240 27 22 be

60 3269 51 16 seen
119 3267 24 19 at
152 3265 92 22 Messrs.
253 3265 102 23 Waters
364 3265 46 22 and
420 3267 93 21 Smith's
524 3267 82 21 Stores.

61 3306 166 48 TENDERS
246 3309 47 23 will
305 3310 29 22 be
347 3310 103 22 received
466 3310 35 22 for
515 3311 101 27 erecting
630 3318 13 15 a

146 3335 183 28 dwelling-house
352 3344 29 14 on
403 3337 238 28 Wellington-terrace.

61 3359 39 23 All
108 3359 38 23 the
154 3363 113 22 materials
275 3363 45 22 will
330 3363 29 23 be
370 3363 114 28 provided.
514 3364 69 22 Plans
598 3364 44 22 and

62 3387 159 26 specifications
230 3396 42 16 can
281 3390 29 22 be
320 3397 53 15 seen
385 3393 24 19 at
416 3391 38 21 the
465 3390 63 22 office
540 3391 26 21 of

87 3438 19 4 _
107 3439 8 7 T
380 3417 83 22 Waitt
474 3417 45 22 and
528 3417 85 23 Tyser.

87 3439 142 30 Wellington,
240 3442 39 22 6th
289 3443 96 27 August,
396 3445 60 21 1841.

58 3482 210 50 WANTED,—
268 3486 67 23 Plans
348 3488 47 21 and
408 3488 166 26 Specifications
586 3488 35 23 for
630 3496 12 15 a

152 3511 95 29 Church,
258 3513 92 28 capable
360 3514 26 22 of
395 3514 91 28 holding
494 3516 44 21 400
547 3515 93 28 sittings,

59 3537 43 21 and
110 3537 117 29 admitting
235 3540 26 21 of
271 3540 68 26 being
350 3541 113 27 enlarged,
479 3542 22 21 if
516 3549 125 21 necessary.

58 3562 73 28 Apply
144 3567 24 19 to
183 3565 91 23 Messrs.
289 3566 87 23 Robert
390 3568 70 21 Waitt
474 3568 45 22 and
535 3568 106 23 Kenneth

57 3590 107 28 Uethune,
174 3598 25 15 or
207 3595 23 18 to
240 3593 28 21 R.
277 3593 30 22 R.
317 3594 89 26 Strang,
419 3594 105 23 solicitor.

61 3643 17 2 _
86 3615 141 30 Wellington,
237 3619 89 27 August
334 3622 20 24 6,
366 3622 61 19 1841.

197 3662 157 28 Wanganui
367 3664 131 21 Sections.

60 3690 172 50 WANTED
242 3695 40 23 TO
292 3695 169 28 PURCHASE,
470 3704 12 14 a
489 3697 43 22 few
536 3689 101 36 sections)

152 3728 29 15 on
190 3722 130 22 reasonable
331 3725 75 24 terms,
416 3723 34 21 for
458 3724 70 27 ready
537 3732 90 20 money.

86 3751 73 29 Apply
167 3754 32 28 by
206 3755 67 22 letter
282 3758 23 19 to
315 3755 25 22 B.
352 3755 31 27 C,
395 3758 23 19 at
427 3756 37 21 the
479 3756 64 22 office
560 3758 26 20 of
603 3758 36 21 the

63 3777 88 28 Gazette,
160 3782 66 21 when
236 3789 14 14 a
264 3781 103 28 personal
381 3782 156 27 appointment
552 3784 45 21 will
613 3785 26 21 be

59 3805 70 22 made.

60 3858 19 2 __
85 3831 87 28 August
180 3835 33 25 12,
227 3835 60 21 1841.

61 3873 113 48 BILLS
188 3878 39 22 OF
243 3878 123 22 LADING
381 3886 28 14 on
425 3879 45 21 sale
486 3882 24 18 at
521 3879 38 21 the
569 3880 19 20 O
596 3880 41 22 lice

134 3904 25 21 of
171 3904 42 22 this
222 3913 74 19 paper.

687 618 203 48 NOTICE.—
889 619 48 22 The
959 620 78 22 Public
1059 628 37 14 are
1113 621 91 22 advised
1227 620 48 22 that

755 645 85 22 Robert
846 646 54 27 Tod,
909 647 125 26 Merchant,
1041 647 23 21 in
1072 647 143 27 Wellington,
1223 646 50 23 who

686 672 82 24 agreed
776 675 23 18 to
813 673 109 26 purchase
931 674 58 21 from
999 673 45 21 Mr.
1055 673 76 22 Shand
1143 677 51 24 part
1203 673 26 22 of
1238 673 34 21 his

686 698 70 22 Town
772 698 66 27 Acre,
855 699 123 23 numbered
992 701 42 20 489
1050 707 29 14 on
1098 700 38 22 the
1153 701 120 26 Surveyor-

686 724 116 23 General's
811 726 60 27 plan,
881 726 44 22 still
931 726 83 22 refuses
1023 729 23 19 to
1056 726 64 22 settle
1129 734 14 14 a
1149 727 94 22 balance
1250 725 27 22 of

684 750 35 22 his
729 755 101 19 account.
860 752 44 22 For
914 757 59 20 want
982 753 26 21 of
1018 760 14 14 a
1041 754 68 21 Court
1118 753 25 22 of
1155 753 115 27 Requests,

684 785 26 14 or
719 785 45 20 any
772 778 59 26 legal
846 779 141 26 compulsitor
1000 787 60 20 upon
1076 779 52 28 him,
1140 780 44 22 Mr.
1196 779 76 22 Shand

685 805 123 21 consented
825 809 23 18 to
864 806 52 22 take
934 806 42 22 Mr.
994 806 67 22 Tod's
1078 806 51 21 oath
1152 814 23 14 as
1193 809 23 19 to
1232 805 38 22 the

685 834 77 18 extent
772 832 27 21 of
809 832 38 21 the
856 832 94 22 balance
958 833 49 26 due,
1016 833 46 21 and
1070 833 43 21 Mr.
1121 833 66 21 Tod's
1195 833 76 25 Agent

684 858 122 26 appointed
823 859 54 21 time
896 859 44 21 and
957 859 63 27 place
1037 860 35 21 for
1089 860 44 20 Mr.
1154 859 76 24 Shand
1247 862 22 18 to

684 885 87 21 receive
786 885 24 27 it,
825 886 41 20 but
883 886 44 22 Mr.
936 886 49 21 Tod
1001 886 40 22 has
1055 886 61 22 since
1131 886 102 21 declined
1246 888 23 18 to

683 911 52 26 give
744 910 34 22 his
788 912 61 22 oath.

745 952 3 5 ■
1070 939 29 21 A.
1109 938 35 22 W.
1156 939 85 21 Shand.

917 983 123 19 Re-ward.

684 1013 142 48 STOLEN
834 1014 106 28 recently,
949 1015 57 21 from
1015 1015 38 22 the
1063 1016 74 21 Stores
1147 1016 24 21 of
1179 1016 90 22 Hunter

750 1040 44 21 and
812 1041 46 25 Co.,
872 1048 14 14 a
902 1041 102 22 valuable
1018 1042 57 26 rifle,
1091 1042 95 22 maker's
1203 1050 66 14 name

684 1065 35 22 'J.
736 1066 85 27 Marsh,
837 1067 169 27 Birmingham.'
1034 1069 22 20 A
1072 1068 85 21 reward
1173 1070 26 20 of
1214 1070 54 21 Five

684 1093 99 22 Guineas
798 1094 46 21 will
853 1094 28 21 be
898 1094 53 27 paid
964 1101 61 21 upon
1040 1094 38 22 the
1095 1095 113 27 discovery
1224 1096 45 21 and

682 1120 133 21 restoration
826 1120 27 21 of
865 1120 38 22 the
917 1127 53 20 gun,
981 1121 44 22 and
1036 1121 52 22 Five
1100 1122 97 21 Guineas
1207 1129 61 15 more

682 1153 62 19 upon
755 1146 36 22 the
801 1146 127 23 conviction
942 1148 45 21 and
1002 1148 171 26 transportation
1190 1149 27 21 of
1230 1149 37 22 the

682 1172 65 22 thief.

710 1199 190 28 Lambton-quay,
910 1200 89 27 August
1008 1202 33 26 12,
1051 1202 61 21 1841.

877 1241 58 25 £20
949 1246 124 20 Reward.

684 1277 92 47 THE
785 1277 150 28 undersigned
944 1278 44 22 will
997 1279 50 26 give
1058 1279 37 22 the
1105 1280 70 21 above
1182 1280 85 21 reward

758 1307 22 19 to
790 1312 46 19 any
848 1312 80 19 person
944 1312 25 14 or
983 1312 93 19 persons
1091 1306 49 21 who
1156 1307 45 20 will
1216 1307 51 26 give

682 1329 55 23 such
747 1331 144 21 information
901 1338 25 15 as
935 1331 44 22 will
987 1332 51 22 lead
1051 1335 23 19 to
1089 1333 37 21 the
1140 1333 125 21 conviction

682 1357 27 21 of
719 1364 45 20 any
773 1365 81 20 person
864 1365 25 14 or
898 1365 91 20 persons
998 1359 133 28 feloniously
1138 1359 77 28 taking
1222 1359 43 22 and

682 1383 80 28 killing
771 1391 45 20 any
825 1384 38 28 pig
873 1391 25 15 or
907 1385 49 27 pigs
965 1385 100 22 branded
1076 1385 20 22 G
1105 1386 30 21 D.

1044 1412 95 22 George
1150 1413 89 21 Duppa.

681 1455 165 26 Prospectus
853 1456 29 20 of
889 1456 46 20 the
966 1456 68 20 New
1038 1456 121 21 Zealand
1165 1457 102 20 Herald

789 1482 56 20 and
855 1482 146 21 Auckland

683 1515 29 19 To
723 1515 24 19 be
751 1516 111 24 published
870 1522 61 19 every
940 1516 113 25 Saturday,
1067 1519 22 17 at
1103 1517 117 24 Auckland,
1232 1517 34 20 the

749 1543 83 25 Capital
840 1543 27 25 of
877 1544 35 18 the
924 1543 73 25 Colony
1007 1543 28 25 of
1043 1544 52 20 New
1105 1545 98 20 Zealand.

681 1575 52 48 A
748 1576 153 22 COMPANY
916 1576 40 23 has
971 1577 57 22 been
1043 1577 85 22 formed
1142 1578 73 21 under
1230 1578 37 22 the

761 1602 56 27 style
834 1603 23 21 of
874 1603 39 22 the
928 1611 119 14 Auckland
1063 1611 141 20 newspaper,
1222 1613 45 14 and

681 1635 111 15 printing
809 1637 108 14 company
924 1638 5 18 ;
950 1630 29 21 its
994 1630 48 21 first
1058 1631 73 26 object
1145 1631 74 27 being,
1230 1631 37 22 the

681 1655 168 22 establishment
865 1656 27 21 of
909 1664 14 14 a
938 1656 142 32 Newspaper,
1097 1657 45 21 and
1160 1657 109 28 affording

681 1688 69 20 every
762 1689 120 20 necessary
895 1683 45 21 and
955 1684 72 21 useful
1039 1684 150 26 information,
1206 1691 61 19 upon

681 1707 30 22 all
726 1708 70 27 topics
811 1709 125 22 connected
950 1709 54 22 with
1018 1710 40 21 the
1076 1710 85 27 Colony
1175 1710 27 21 of
1212 1710 55 23 New

681 1735 107 22 Zealand.

707 1768 48 21 The
764 1768 138 28 Newspaper
910 1769 44 21 will
970 1769 27 21 be
1008 1769 118 27 published
1141 1770 93 27 weekly,
1244 1773 24 19 at

681 1794 127 27 Auckland,
820 1795 44 21 and
874 1795 44 21 will
928 1796 26 21 be
969 1796 124 22 conducted
1103 1796 94 27 entirely
1206 1804 59 19 upon

679 1820 155 28 independent
848 1822 118 26 principles
973 1831 5 18 ;
979 1834 28 3 —
1008 1826 22 18 to
1040 1823 28 21 be
1082 1823 94 21 devoted
1192 1826 23 18 to
1230 1823 36 22 the

680 1847 173 28 disseminating
861 1849 26 21 of
897 1848 30 22 all
936 1856 61 14 news
1004 1849 105 27 affecting
1117 1849 39 21 the
1164 1850 103 21 interests

680 1874 27 21 of
716 1874 39 21 the
765 1875 93 27 Colony,
868 1875 46 21 and
923 1875 107 22 residents
1039 1876 24 21 in
1074 1876 55 21 New
1140 1876 99 22 Zealand
1239 1888 28 3 —

679 1903 23 18 to
718 1901 85 30 uphold
818 1901 38 21 the
869 1902 43 21 law
912 1914 27 3 —
940 1906 90 23 support
1047 1902 46 22 and
1108 1902 98 22 advance
1229 1903 36 22 the

678 1926 106 27 religions
794 1928 45 21 and
848 1928 71 21 moral
929 1928 112 22 character
1051 1929 26 21 of
1087 1929 89 26 society,
1189 1929 44 21 and
1241 1930 24 21 in

679 1960 66 24 every
756 1957 87 23 respect
857 1954 65 27 have,
934 1962 23 14 as
967 1962 41 15 one
1023 1955 26 21 of
1060 1955 28 21 its
1102 1955 62 21 chief
1174 1956 90 27 objects,
1274 1971 3 7 ,

679 1978 38 22 the
731 1984 165 22 improvement
909 1981 45 21 and
971 1982 133 20 civilization
1119 1982 26 20 of
1153 1983 4 12 :
1161 1982 37 21 the
1213 1983 53 21 abo-

677 2005 82 26 riginal
773 2007 137 26 population.
948 2007 23 21 It
986 2007 57 22 shall
1063 2008 89 21 contain
1167 2015 30 14 no
1214 2009 53 20 mis-

678 2033 183 25 representation,
886 2034 163 25 exaggeration,
1070 2041 25 14 or
1114 2034 81 26 abuse;
1222 2034 45 21 and

678 2065 51 14 care
739 2058 56 21 shall
804 2058 28 22 be
843 2059 66 21 taken
921 2062 21 18 to
953 2060 63 21 avoid
1026 2067 45 19 any
1081 2060 109 26 approach
1201 2063 22 18 to
1234 2061 32 21 of-

677 2084 87 22 fensive
773 2085 161 31 personalities.
963 2086 21 21 It
994 2086 43 21 will
1047 2086 28 21 be
1086 2093 13 14 a
1107 2093 68 20 paper
1183 2086 35 22 for
1228 2086 37 22 the

677 2110 138 27 publication
825 2112 27 21 of
861 2112 30 21 all
900 2112 183 23 advertisements
1099 2113 34 21 for
1149 2112 74 27 public
1232 2114 34 21 in-

677 2137 129 28 formation,
807 2150 29 4 —
836 2138 24 22 in
873 2138 48 22 fact
936 2146 13 14 a
971 2140 159 26 Commercial,
1145 2140 118 27 Shipping,

677 2164 192 28 Agricultural,
880 2166 45 21 and
935 2166 110 21 General
1056 2166 159 21 Newspaper-
1227 2182 6 5 

706 2198 63 22 Price
780 2199 26 21 of
817 2199 38 21 the
870 2206 76 21 paper,
957 2202 37 19 ten
1009 2199 102 28 shillings
1129 2207 39 20 per
1177 2203 90 24 quarter

677 2225 95 26 payable
782 2225 23 22 in
822 2225 106 28 advance,
939 2234 25 14 or
980 2233 42 15 one
1039 2226 90 28 shilling
1143 2227 35 21 for
1194 2227 70 28 single

679 2251 113 23 numbers.

705 2285 200 28 Advertisements,
915 2286 38 22 the
961 2294 59 15 same
1031 2294 25 15 as
1065 2287 24 22 in
1103 2286 37 23 the
1150 2288 53 19 New
1212 2289 52 19 Zea-

677 2312 51 20 land
739 2313 93 22 Gazette.

705 2366 85 22 Parties
806 2366 99 26 desiring
922 2369 22 19 to
960 2367 91 22 become
1069 2367 140 27 subscribers,
1229 2375 36 14 are

676 2393 118 27 requested
804 2396 23 19 to
843 2394 55 21 send
907 2394 24 21 in
947 2393 57 22 their
1012 2401 78 14 names
1103 2394 159 28 immediately,

677 2422 23 19 to
710 2419 39 22 the
759 2420 64 21 office
832 2420 27 21 of
869 2420 44 21 this
922 2427 75 20 paper.

703 2452 146 28 Wellington,
861 2453 54 27 July
924 2455 33 25 28,
969 2455 60 20 1841.

678 2497 89 48 FOR
783 2497 84 27 SALE,
886 2500 23 19 at
926 2497 36 22 the
983 2498 75 21 Stores
1081 2498 26 21 of
1123 2498 38 22 the
1182 2498 82 22 under-

739 2523 82 27 signed
827 2531 5 14 :—:
834 2535 29 4 —

705 2556 60 22 First
774 2557 65 27 flour,

705 2584 63 26 Rice,

705 2610 91 27 Brandy
804 2610 24 22 in
838 2610 69 28 pipes,
918 2610 72 28 hhds.,
1002 2611 44 22 and
1056 2613 89 26 quarter
1155 2611 71 27 casks,

705 2637 59 21 Rum
775 2637 23 21 in
808 2637 74 27 hhds.,

705 2664 46 21 Gin
760 2664 23 21 in
794 2671 51 15 case
855 2664 45 22 and
909 2664 69 27 wood,

705 2690 87 22 Elliot's
802 2694 60 18 stout
870 2691 24 21 in
904 2691 72 26 hhds.,

705 2717 114 28 Barclay's
828 2721 60 18 stout
895 2717 24 22 in
929 2717 77 25 bottle,

705 2744 101 27 Taylor's
816 2744 49 27 pale
875 2744 35 22 ale
921 2744 23 22 in
954 2744 76 27 bottle,

705 2770 54 22 Port
768 2771 45 21 and
823 2771 77 27 sherry
909 2771 24 21 in
942 2771 75 26 bottle,

705 2796 82 28 Sherry
796 2797 25 21 in
830 2797 57 28 butt,
896 2797 65 27 hhds,
973 2797 43 22 and
1026 2805 69 20 cases,

705 2824 60 26 Cape
775 2824 57 21 wine
842 2824 22 22 in
876 2824 70 26 wood,

705 2850 96 27 Pickles,
811 2857 84 20 sauces,
907 2851 45 21 and
961 2851 107 27 mustard,

705 2876 141 22 Arrow-root
855 2879 45 19 and
909 2884 60 20 sago,

705 2902 115 28 Blankets,
837 2903 129 27 moleskins,
983 2903 60 27 silks,
1058 2904 98 27 ribbons,
1173 2904 86 27 shawls,

677 2928 173 28 haberdashery,
860 2930 57 26 hats,
928 2930 97 21 assorted
1034 2930 66 28 slops,

705 2955 65 22 Pitch
780 2956 46 21 and
834 2959 41 25 tar,

704 2982 57 21 Fine
770 2982 50 27 salt,

704 3008 50 22 Ash
763 3016 57 20 oars,

705 3035 72 22 Cedar
785 3036 89 22 boards.

978 3062 83 23 Waitt
1070 3063 45 22 and
1123 3064 84 21 Ttser.

675 3088 147 27 Wellington,
832 3088 56 28 July
895 3090 26 21 31
925 3090 78 26 1841.

790 3133 146 21 Contracts
949 3133 43 21 for
1006 3135 138 21 Potatoes.

675 3166 146 48 WAITT
834 3166 45 22 and
892 3166 99 23 TYSER
1006 3167 44 22 will
1067 3168 87 21 receive
1171 3167 89 22 tenders

772 3193 36 22 for
816 3196 44 19 two
867 3193 103 22 hundred
978 3197 51 18 tons
1039 3194 92 26 English
1141 3194 119 22 cultivated

674 3222 109 24 potatoes,
802 3219 93 28 packed,
915 3220 134 22 deliverable
1068 3224 23 18 at
1108 3220 59 23 their
1187 3222 73 21 Stores

675 3246 82 26 during
766 3246 38 21 the
813 3249 92 25 potatoe
913 3254 86 15 season.

701 3272 145 28 Wellington,
858 3272 54 28 July
922 3274 32 26 15,
966 3274 59 21 1841.

701 3316 31 21 T.
743 3317 38 20 M.
790 3317 144 27 Partridge
943 3318 22 19 &
974 3318 45 20 Co.
1031 3318 66 21 offer
1107 3318 42 21 for
1161 3318 69 24 Sale,

674 3349 172 50 BOTTLED
868 3353 76 24 porter
967 3351 44 22 and
1029 3351 50 28 pale
1098 3351 35 22 ale
1150 3351 25 22 in
1197 3351 61 21 three

752 3376 71 22 dozen
837 3376 72 27 casks,

703 3403 66 23 Good
778 3403 80 28 sherry,
864 3403 25 22 in
898 3406 89 25 quarter
999 3404 71 27 casks,

701 3430 81 22 Mould
790 3429 99 28 candles,

700 3457 112 26 Windsor,
823 3456 92 28 toilette,
927 3457 45 21 and
980 3457 81 28 yellow
1069 3465 60 20 soap,

699 3483 103 23 Window
811 3483 58 27 glass
879 3485 26 20 13
914 3484 29 27 by
954 3485 20 26 9,

700 3510 159 23 Earthenware
867 3510 25 22 in
903 3513 77 24 crates,

700 3537 106 28 Cooper's
815 3544 66 19 ware,

700 3564 83 25 Paints,
794 3563 100 27 brushes,
906 3564 48 27 &c,

700 3591 54 33 Slop
762 3590 106 27 clothing,

700 3617 94 27 Pickles,
804 3624 85 20 sauces,
900 3617 87 22 French
997 3624 83 21 capers,
1095 3624 100 20 cayenne
1204 3622 58 21 pep-

672 3652 46 20 per,
729 3643 109 27 mustard,

700 3671 67 21 India
775 3670 83 22 rubber
865 3669 112 28 blacking,
989 3670 40 22 &c.
1039 3670 41 22 &c.

699 3697 55 21 And
762 3704 51 14 now
822 3696 100 27 landing,
932 3697 57 21 from
997 3697 37 21 the
1041 3697 116 20 Katherine
1164 3697 91 19 Stewart

670 3725 84 25 Forbes,

699 3749 116 28 Superfine
825 3749 97 22 Dantzic
929 3749 48 22 kiln
987 3749 49 21 drie
1043 3749 17 23 d
1063 3749 60 26 flour,

698 3778 12 19 5
721 3780 50 18 tons
782 3776 57 26 zinc,
849 3775 35 21 for
893 3775 92 26 roofing.

672 3820 99 47 SEED
787 3819 122 26 WHEAT,
921 3826 73 19 grown
1005 3826 29 14 on
1045 3819 44 21 Mr.
1100 3818 78 22 Watt's
1188 3818 63 26 farm,

737 3852 27 14 on
776 3845 46 21 sale
830 3845 31 27 by
870 3845 38 21 the
917 3845 157 26 undersigned,

1032 3877 36 21 W.
1083 3878 26 20 B.
1124 3877 102 23 Rhodes.

700 3904 87 26 August
795 3904 21 26 5,
828 3904 60 21 1841.
1262 3904 7 16 •
