2559 4020
1919 3875 73 16 Printed
1997 3875 35 16 and
2038 3874 95 21 published
2140 3878 54 16 every
2201 3873 89 21 Saturday
2295 3872 92 21 morning,
2394 3872 24 20 by
2424 3872 12 15 S
2439 3873 67 14 amueh

1940 3896 87 18 Rkvavs,
2039 3898 20 13 at
2069 3896 31 15 the
2114 3895 54 17 Office
2179 3894 20 16 of
2212 3894 30 16 the
2255 3894 48 16 New
2310 3894 98 16 Zealand
2416 3893 90 15 Gaxetm

1940 3920 42 13 and
1989 3916 136 17 Wellington
2132 3916 120 17 Spectator,
2261 3914 154 20 Taranaki-place,
2425 3912 81 19 Welling-

1939 3938 38 17 ton,
1986 3938 43 15 Pert
2038 3936 104 19 Xicholsoß,
2151 3936 45 17 New
2204 3936 87 16 Zealand.

515 43 100 31 THE
633 43 113 31 NEW
763 42 229 32 ZEALAND
1010 40 226 33 GAZETTE
1255 37 100 33 AND
1375 33 328 35 WELLINGTON
1726 29 297 34 SPECTATOR.

1384 120 71 20 New
1468 117 120 22 Zealand
1604 117 150 25 Company.

1279 153 92 28 Capital,
1386 152 119 26 £100,000,
1519 151 24 21 in
1552 152 54 20 4000
1615 149 82 22 Shares
1705 147 27 22 of
1801 145 63 28 each,

1502 177 31 22 all
1541 176 51 28 paid
1601 183 38 20 up.

1411 213 102 16 Governor:
1528 211 73 16 Joseph
1609 210 72 17 Somes,
1689 208 43 20 E»q.

1341 240 182 21 Deputy-Govornor:
1535 238 47 17 Hon.
1586 237 75 16 Francis
1668 236 73 19 Baring,
1749 234 54 19 M.P.,

1514 268 115 14 directors:

1363 294 90 16 Viscount
1459 294 86 20 Ingestre,
1553 292 51 19 M.P.,

1364 314 47 17 Lord
1418 315 58 18 Petre,

1364 336 62 20 Henry
1435 335 21 16 A.
1464 333 93 21 Aglionby,
1566 333 47 19 Esq.,
1620 331 56 21 M.P.,

1363 356 47 16 John
1418 356 83 16 Ellorker
1507 354 88 17 Boulcott,
1606 353 50 20 Esq.,

1364 377 49 16 John
1420 376 79 16 William
1507 374 73 20 Buckle,
1585 374 49 20 Esq.,

1366 397 72 17 Russell
1446 396 63 19 Ellice,
1517 396 48 19 Esq.,

1364 418 61 16 James
1434 417 66 17 Robert
1507 417 71 18 Gowe«i,
1585 415 50 21 Esq.,

1364 439 48 16 John
1420 438 55 19 Hine,
1483 437 48 20 Esq.,

1365 459 81 16 William
1451 458 55 19 Hutt,
1514 458 48 19 Esq.,
1574 457 53 19 M.P.,

1365 480 75 17 Stewart
1447 478 128 20 Majoribanks,
1585 477 51 21 Esq.,

1365 500 104 17 Alexander
1476 499 62 18 Nairn,
1546 498 47 20 Esq.,

1365 521 48 17 John
1420 520 54 20 Pirie,
1483 521 48 19 Esq.,
1539 519 104 18 Alderman,

1366 542 28 17 Sir
1401 542 68 19 George
1477 540 80 19 Sinclair,
1565 540 54 19 Bart.,
1627 539 55 19 M.P.,

1367 563 29 16 Sir
1402 562 28 17 W.
1438 561 57 17 Moles
1498 561 61 19 worth,
1567 560 53 19 Bart.,
1629 560 54 19 M.P.,

1366 583 48 16 John
1421 583 46 16 Abel
1473 582 64 19 Smith,
1545 582 48 19 Esq.,
1604 581 54 19 M.P.,

1366 604 47 16 ■YVm.
1424 603 110 21 Thompson,
1548 603 47 19 Esq.,
1610 601 105 18 Alderman,
1731 599 54 21 M.P.,

1366 624 49 17 Hon.
1422 624 97 17 Frederick
1525 623 37 16 Jas.
1570 622 119 20 Tollemache,
1700 621 53 20 M.P.,

1367 644 77 18 Edward
1451 645 22 16 G.
1480 643 103 19 Wakefield,
1587 644 38 20 Esq
1632 654 5 9 ,

1367 665 29 18 Sir
1402 665 64 21 Henry
1474 665 61 18 Webb,
1544 665 53 19 Bart.,

1367 686 70 17 Arthur
1444 686 63 19 Willis,
1516 686 48 19 Esq.,

1368 707 69 21 George
1444 706 98 17 Frederick
1549 705 69 20 Young,
1626 704 44 20 Esq.

1430 735 102 19 Secretary:
1543 733 51 16 John
1603 732 70 19 Ward,
1682 731 43 21 Esq.

1285 761 91 49 THE
1385 761 61 22 main
1455 761 97 21 features
1560 760 27 20 of
1590 759 38 22 the
1636 762 85 23 system
1728 757 26 22 of
1761 757 113 22 coloniza-

1359 789 47 21 tion
1417 787 97 28 adopted
1523 787 29 26 by
1562 786 35 22 the
1611 786 125 25 Company,
1752 791 45 19 are,
1799 796 30 4 —
1833 785 39 25 Ist,

1285 815 37 22 the
1331 815 47 22 sale
1388 815 26 21 of
1423 814 72 27 lands,
1510 817 23 17 at
1547 820 28 14 an
1589 811 99 23 uniform
1703 810 45 22 and
1762 810 114 22 sufficient

1285 842 71 27 price;
1375 841 45 23 and
1433 840 76 27 2ndly,
1526 839 37 22 the
1578 838 155 29 employment
1747 837 26 22 of
1785 844 14 14 a
1812 836 62 28 large

1285 869 88 26 portion
1383 869 25 21 of
1414 868 38 21 the
1462 866 208 29 purchase-money,
1682 872 23 14 as
1716 871 29 15 an
1756 864 119 26 Immigra-

1285 896 46 21 tion
1342 895 73 22 Fund.
1444 894 29 22 In
1483 894 62 21 these
1554 895 103 25 respects,
1673 891 39 22 the
1721 890 122 28 principles
1853 891 25 21 of

1285 922 71 22 South
1369 921 114 23 Australia
1497 921 57 21 have
1568 919 57 22 been
1639 918 106 22 followed
1758 925 24 14 as
1796 918 80 27 nearly

1286 956 23 14 as
1327 949 173 21 circumstances
1514 946 80 27 would,
1613 947 24 21 in
1653 945 38 22 the
1709 947 92 26 present
1816 951 58 21 case,

1286 975 89 28 permit.

1312 1002 48 22 The
1374 1001 73 28 grand
1462 1001 74 27 object
1550 999 26 23 of
1590 999 36 23 the
1641 1006 57 19 new,
1712 1005 27 15 or
1749 998 125 27 improved,

1286 1032 84 24 system
1380 1029 26 21 of
1416 1028 38 22 the
1465 1027 95 28 disposal
1575 1027 25 21 of
1616 1025 98 23 colonial
1727 1024 72 27 lands,
1817 1025 20 21 is
1853 1027 23 19 to

1286 1055 99 28 regulate
1401 1055 36 22 the
1453 1055 80 26 supply
1549 1053 25 23 of
1589 1060 48 15 new
1652 1052 62 26 land,
1731 1052 31 26 by
1777 1049 38 24 the
1829 1052 47 20 real

1286 1086 71 18 wants
1370 1081 25 23 of
1408 1082 39 22 the
1462 1081 116 26 Colonists,
1594 1087 24 15 so
1632 1079 51 21 that
1697 1079 38 21 the
1744 1076 60 26 -land
1819 1078 58 22 shall

1286 1116 69 15 never
1372 1109 29 21 be
1418 1108 72 22 either
1508 1107 189 28 superabundant,
1719 1112 25 15 or
1763 1105 112 28 deficient,

1286 1135 72 23 either
1373 1139 37 18 too
1427 1135 77 28 cheap,
1523 1142 24 14 or
1565 1139 36 16 too
1620 1134 61 21 dear.
1719 1132 23 22 It
1758 1132 42 22 has
1818 1132 59 22 been

1286 1162 77 22 shown
1373 1162 49 22 that
1430 1162 39 22 the
1479 1161 43 22 due
1534 1161 129 28 proportion
1677 1160 103 21 between
1795 1159 82 28 people

1287 1189 45 22 and
1338 1189 56 22 land
1399 1196 52 20 may
1457 1189 27 21 be
1493 1188 125 26 constantly
1624 1186 93 23 secured
1724 1186 30 27 by
1759 1186 118 22 abandon-

1288 1217 38 26 ing
1335 1216 38 22 the
1383 1215 38 23 old
1430 1219 84 24 system
1525 1215 27 21 of
1562 1222 95 19 grants,
1668 1213 45 22 and
1722 1213 118 32 requiring
1848 1220 28 14 an

1288 1243 99 22 uniform
1395 1243 61 27 price
1465 1249 40 21 per
1514 1248 57 20 acre,
1586 1241 34 22 for
1629 1241 30 21 all
1668 1248 50 14 new
1727 1239 73 27 lands,
1812 1239 66 22 with-

1289 1270 173 27 outexception.
1491 1268 25 22 If
1526 1267 38 22 the
1573 1267 61 28 price
1643 1267 30 22 be
1688 1270 40 18 not
1742 1269 38 19 too
1792 1266 52 27 low,
1860 1267 19 21 it

1288 1296 74 22 deters
1369 1296 138 27 speculators
1514 1295 59 21 from
1587 1293 117 28 obtaining
1717 1293 63 27 land,
1795 1289 56 26 with
1865 1301 14 14 a

1288 1324 55 21 view
1350 1326 25 18 to
1385 1323 91 26 leaving
1484 1322 58 21 their
1550 1324 105 25 property
1663 1321 25 21 in
1698 1328 14 14 a
1723 1319 75 23 desert
1811 1323 66 24 state,

1288 1350 45 22 and
1345 1350 52 22 thus
1411 1352 105 25 prevents
1525 1348 108 27 injurious
1643 1347 125 28 dispersion
1774 1354 6 19 ;
1794 1346 19 22 it
1822 1347 55 27 also,

1289 1377 29 27 fay
1327 1377 136 28 compelling
1471 1382 67 20 every
1545 1375 102 22 labourer
1654 1377 24 19 to
1685 1373 62 23 work
1754 1374 35 21 for
1796 1380 81 21 wages,

1289 1404 54 21 until
1354 1403 29 23 he
1393 1403 41 21 has
1442 1402 69 22 saved
1524 1402 38 21 the
1572 1401 53 28 only
1634 1408 80 14 means
1724 1401 27 21 of
1761 1401 118 26 obtaining

1289 1431 60 26 land,
1359 1431 86 21 insures
1461 1437 14 13 a
1489 1428 79 28 supply
1583 1428 25 22 of
1618 1427 80 23 labour
1712 1428 36 21 for
1761 1427 57 21 hire.
1848 1427 29 28 If,

1289 1465 28 14 on
1328 1457 38 21 the
1376 1457 63 21 other
1448 1456 69 26 hand,
1534 1455 36 22 the
1580 1455 59 27 price
1648 1455 29 21 be
1688 1457 40 19 not
1737 1457 38 19 too
1784 1453 63 28 high,
1861 1454 18 22 it

1289 1484 87 22 neither
1385 1483 101 22 confines
1493 1482 40 22 the
1542 1482 86 22 settlers
1642 1481 79 22 within
1735 1488 15 14 a
1763 1488 66 20 space
1844 1481 35 21 in-

1289 1510 159 27 conveniently
1463 1516 95 19 narrow,
1573 1516 40 14 nor
1629 1507 55 23 does
1697 1507 19 22 it
1730 1510 97 24 prevent
1840 1507 39 23 the

1289 1537 78 28 thrifty
1381 1537 104 22 labourer
1498 1537 59 21 from
1569 1535 121 27 becoming
1704 1542 13 14 a
1728 1535 150 27 land-owner,

1289 1565 57 21 after
1356 1563 101 28 working
1466 1570 62 15 some
1539 1563 53 21 time
1602 1562 34 22 for
1645 1569 81 20 wages.

1318 1591 20 21 A
1355 1590 119 27 sufficient,
1491 1590 42 22 but
1550 1593 40 18 not
1606 1596 64 14 more
1690 1589 54 21 than
1764 1587 115 23 sufficient

1290 1619 59 26 price
1360 1618 35 22 for
1407 1617 30 22 all
1450 1624 50 14 new
1513 1616 61 27 land,
1590 1616 18 21 is
1623 1615 38 22 the
1677 1616 62 21 main
1754 1615 87 22 feature
1857 1615 26 21 of

1290 1644 36 22 the
1345 1652 51 14 new
1410 1647 83 23 system
1509 1643 25 21 of
1551 1643 156 21 colonization.
1740 1642 23 22 It
1778 1641 101 22 obviates

1289 1678 67 20 every
1367 1678 85 21 species
1467 1670 26 22 of
1505 1669 113 28 bondage;
1638 1669 31 28 by
1684 1669 120 28 providing
1819 1676 62 14 com-

1290 1697 88 23 binable
1388 1698 84 25 labour,
1484 1696 18 22 it
1510 1696 91 22 renders
1608 1695 104 28 industry
1719 1703 55 20 very
1783 1695 97 28 produc-

1291 1725 50 26 tive,
1352 1725 45 21 and
1406 1723 121 23 maintains
1537 1723 53 21 both
1599 1723 54 27 high
1669 1730 80 19 wages,
1765 1721 46 23 and
1825 1721 55 28 high

1290 1752 87 27 profits;
1399 1751 19 21 it
1432 1750 78 22 makes
1528 1750 38 21 the
1584 1749 80 27 colony
1681 1756 24 14 as
1721 1749 118 21 attractive
1856 1756 24 14 as

1291 1778 101 28 possible,
1407 1777 56 22 both
1477 1780 23 18 to
1516 1777 119 27 capitalists
1650 1776 47 22 and
1712 1779 23 19 to
1749 1776 116 21 labourers
1873 1784 5 19 ;

1290 1805 45 21 and
1344 1808 41 18 not
1394 1803 84 28 merely
1488 1807 22 18 to
1520 1803 69 27 these,
1601 1803 42 21 but
1651 1802 55 27 also,
1716 1803 31 26 by
1756 1803 125 26 bestowing

1290 1839 29 15 on
1334 1832 37 21 the
1383 1831 87 27 colony,
1488 1831 37 21 the
1536 1831 72 21 better
1620 1829 119 22 attributes
1755 1829 27 22 of
1797 1836 30 15 an
1843 1829 38 22 old

1290 1859 90 26 society,
1392 1861 23 18 to
1422 1857 64 22 those
1493 1857 50 22 who
1550 1857 57 21 have
1613 1864 14 14 a
1634 1856 92 22 distaste
1733 1856 35 22 for
1773 1855 62 23 what
1839 1856 42 22 has

1291 1885 124 22 heretofore
1423 1885 60 21 been
1493 1884 37 22 the
1544 1883 111 28 primitive
1665 1883 118 22 condition
1793 1883 27 21 of
1830 1890 51 15 new

1291 1912 106 22 colonies.

1316 1939 48 21 The
1373 1941 64 24 great
1446 1937 74 28 object
1529 1937 27 21 of
1565 1936 37 22 the
1611 1937 61 27 price
1681 1937 19 22 is
1713 1939 23 20 to
1750 1944 79 14 secure
1842 1936 39 22 the

1293 1969 56 18 most
1358 1965 109 21 desirable
1476 1964 139 27 proportions
1624 1964 102 21 between
1740 1963 82 28 people
1836 1963 46 22 and

1292 1992 52 22 land
1350 2000 5 19 ;
1371 1993 41 20 but
1421 1991 37 21 the
1469 1991 53 27 plan
1532 1991 41 21 has
1582 1990 36 22 the
1625 1990 89 22 further
1719 1990 72 22 result
1797 1991 27 20 of
1831 1998 51 19 pro-

1292 2019 83 25 ducing
1384 2025 14 14 a
1407 2024 105 19 revenue,
1529 2017 72 21 which
1615 2017 45 20 will
1675 2019 42 18 not
1731 2016 56 27 only
1800 2016 82 27 supply

1293 2045 36 21 the
1340 2044 106 27 requisite
1460 2043 68 28 profit
1541 2046 23 18 to
1578 2042 37 22 the
1630 2042 157 22 shareholders
1801 2043 26 21 of
1843 2042 38 22 the

1293 2072 122 25 Company,
1438 2071 42 21 but
1502 2069 111 22 furnishes
1635 2069 38 22 the
1697 2076 78 14 means
1793 2069 36 21 for
1853 2076 28 14 an

1294 2098 153 27 Immigration
1458 2095 73 28 Fund,
1532 2108 31 5 —
1564 2103 14 14 a
1583 2095 56 22 fund
1647 2095 128 28 constantly
1784 2095 98 28 applica-

1293 2125 35 22 ble
1344 2128 23 19 to
1383 2124 38 22 the
1436 2130 97 21 purpose
1550 2123 26 21 of
1587 2122 106 27 bringing
1707 2122 80 22 labour
1803 2126 24 18 to
1843 2122 39 22 the

1292 2152 81 25 colony
1373 2163 31 5 —
1406 2151 49 21 that
1468 2151 26 26 is,
1510 2150 24 22 in
1552 2149 92 27 causing
1659 2149 39 22 the
1715 2150 51 21 best
1782 2156 58 15 sort
1860 2150 27 21 of

1293 2178 149 23 colonization
1452 2180 24 18 to
1484 2176 97 32 proceed
1590 2179 23 18 at
1622 2177 38 21 the
1673 2179 100 24 greatest
1785 2176 98 27 possible

1292 2209 54 19 rate.
1375 2204 55 22 And
1436 2204 45 22 this
1488 2211 19 15 is
1513 2203 39 22 the
1559 2203 82 22 second
1649 2203 88 22 feature
1747 2203 26 22 of
1785 2203 38 22 the
1832 2210 51 16 new

1291 2235 92 25 system.

1317 2259 49 23 The
1376 2257 155 29 employment
1539 2257 27 21 of
1580 2256 37 22 the
1629 2256 214 29 purchase-money,
1859 2264 24 14 or

1292 2286 38 22 the
1339 2285 111 28 principal
1458 2287 51 24 part
1517 2285 27 20 of
1554 2284 24 26 it,
1587 2284 24 21 in
1621 2284 128 27 conveying
1758 2284 88 22 settlers
1860 2287 23 19 to

1293 2313 36 21 the
1340 2313 88 26 colony,
1439 2311 41 22 has
1490 2311 37 21 the
1537 2311 113 27 following
1659 2311 85 22 effects.
1773 2311 23 21 It
1805 2311 78 22 makes

1293 2339 37 22 the
1344 2341 133 26 purchasers
1492 2338 26 22 of
1533 2337 53 22 land
1601 2345 35 15 see
1651 2337 93 28 plainly,
1760 2337 50 22 that
1824 2337 60 23 their

1293 2374 83 19 money
1385 2365 45 23 will
1438 2366 29 21 be
1476 2365 107 22 returned
1591 2365 25 21 in
1628 2365 38 21 the
1680 2365 69 27 shape
1763 2365 27 21 of
1803 2365 81 21 labour

1293 2393 46 22 and
1347 2392 137 29 population.
1514 2392 23 22 It
1545 2391 72 27 tends,
1630 2392 25 21 in
1665 2391 53 28 fact,
1734 2395 23 18 to
1766 2391 70 22 lower
1845 2392 38 22 the

1293 2427 118 20 necessary
1429 2418 108 22 standard
1556 2419 25 21 of
1595 2418 68 28 price,
1678 2419 104 26 because,
1801 2418 55 22 with
1871 2426 13 14 a

1292 2450 106 19 constant
1405 2445 74 23 influx
1488 2445 27 22 of
1524 2444 79 29 people
1613 2448 21 19 to
1644 2445 39 22 the
1693 2445 89 28 colony,
1791 2445 39 22 the
1841 2445 43 22 due

1292 2474 129 28 proportion
1425 2473 103 22 between
1535 2478 79 22 people
1622 2471 43 23 and
1671 2472 57 22 land
1735 2480 52 19 may
1794 2473 28 21 be
1829 2472 56 28 kept

1293 2509 29 20 up
1331 2501 32 26 by
1372 2508 14 14 a
1394 2500 69 22 lower
1471 2499 68 27 price,
1552 2499 54 21 than
1615 2499 19 21 if
1646 2499 64 22 there
1720 2506 58 15 were
1787 2507 30 14 no
1827 2499 56 22 such

1293 2527 150 28 immigration
1450 2542 5 6 .
1472 2525 26 23 It
1507 2526 110 22 therefore
1623 2525 131 23 diminishes
1761 2525 38 23 the
1806 2527 77 26 period

1293 2555 82 27 during
1383 2553 74 23 which
1465 2553 39 21 the
1512 2553 105 21 labourer
1628 2555 62 19 must
1702 2553 61 21 work
1777 2553 35 22 for
1826 2553 57 24 hire,

1293 2582 45 21 and
1347 2581 31 28 by
1387 2580 38 22 the
1439 2579 65 28 rapid
1517 2586 101 20 progress
1632 2579 74 22 which
1720 2580 18 21 it
1752 2580 94 27 imparts
1861 2584 23 17 to

1294 2609 36 21 the
1339 2608 51 21 best
1399 2609 45 20 sort
1453 2607 27 21 of
1490 2605 156 28 colonization,
1661 2606 19 22 it
1695 2605 102 29 explains
1812 2609 24 19 to
1846 2607 38 21 the

1294 2635 117 26 labouring
1420 2633 57 23 class
1486 2633 27 21 of
1517 2633 147 26 immigrants,
1674 2633 52 21 that
1735 2640 66 20 every
1810 2640 43 15 one
1862 2634 26 21 of

1294 2663 62 21 them
1367 2661 50 22 who
1433 2661 20 21 is
1467 2659 137 23 industrious
1620 2659 45 22 and
1681 2659 87 28 thrifty,
1785 2667 54 18 may
1855 2661 29 21 be

1293 2697 50 14 sure
1352 2692 23 18 to
1385 2689 92 21 become
1490 2689 41 19 not
1545 2686 84 27 merely
1643 2694 28 14 an
1688 2694 77 14 owner
1779 2686 27 22 of
1820 2687 63 26 land,

1293 2717 40 21 but
1349 2715 47 22 also
1411 2715 25 21 in
1455 2714 35 22 his
1510 2716 59 23 turn,
1590 2720 28 14 an
1637 2713 118 28 employer
1773 2714 27 21 of
1818 2713 67 23 hired

1294 2743 121 24 labourers,
1426 2748 13 15 a
1448 2743 83 19 master
1541 2740 27 22 of
1577 2743 107 19 servants.

1321 2770 67 21 From
1397 2767 63 23 these
1470 2767 181 27 considerations,
1667 2766 39 22 the
1716 2767 118 28 Company
1843 2767 42 22 has

1294 2795 97 28 adopted
1410 2795 38 21 the
1463 2801 63 15 same
1542 2796 82 25 system
1640 2793 27 22 of
1683 2793 116 28 disposing
1813 2794 28 22 of
1855 2795 31 21 its

1294 2826 67 19 waste
1372 2822 74 26 lands,
1462 2828 24 14 as
1500 2821 42 21 has
1556 2820 89 27 already
1659 2820 86 28 proved
1759 2820 81 28 highly
1852 2822 34 21 fa-

1294 2849 106 22 vourable
1414 2851 23 19 to
1451 2847 39 22 the
1503 2847 183 28 productiveness
1700 2847 27 23 of
1741 2847 106 28 industry
1860 2849 25 21 in
1891 2842 2 35 ]

1293 2876 71 23 South
1373 2874 122 23 Australia.
1525 2874 28 22 In
1564 2882 13 14 a
1588 2881 48 15 new
1646 2874 91 32 colony,
1750 2875 97 31 planted
1859 2876 26 21 in

1293 2911 13 14 a
1316 2903 73 22 fertile
1399 2901 45 22 and
1459 2901 116 22 extensive
1589 2901 111 28 territory,
1716 2904 19 18 it
1748 2909 20 14 is
1783 2902 101 27 obvious,

1294 2930 48 22 that
1361 2929 37 22 the
1415 2927 170 24 establishment
1599 2928 26 22 of
1639 2927 57 23 such
1711 2935 14 14 a
1739 2931 84 25 system
1837 2929 21 21 is
1873 2936 13 15 a

1294 2960 80 19 matter
1390 2956 28 21 of
1434 2955 38 21 the
1489 2955 92 28 deepest
1597 2958 102 18 moment
1715 2958 23 19 to
1756 2955 37 22 the
1810 2956 76 21 future

1295 2984 87 22 welfare
1394 2983 26 21 of
1433 2982 92 27 society.
1657 2982 19 21 it
1690 2981 39 22 the
1744 2982 50 22 best
1809 2983 78 22 effects

1294 3018 51 22 may
1354 3009 55 23 with
1418 3009 131 22 confidence
1557 3009 30 21 be
1596 3009 137 27 anticipated
1740 3016 5 14 :
1760 3016 15 14 a
1781 3012 107 19 constant

1295 3037 43 22 md
1347 3036 89 28 regular
1445 3035 81 28 supply
1536 3035 27 22 of
1573 3042 49 15 new
1631 3035 55 22 land
1695 3036 25 21 in
1735 3035 44 22 due
1792 3044 96 20 propor-

1293 3065 47 22 tion
1349 3066 23 19 to
1382 3063 38 22 the
1439 3066 71 18 wants
1519 3062 26 22 of
1554 3069 15 15 a
1576 3062 131 28 population
1718 3063 130 28 increasing
1856 3064 32 27 by

1293 3091 70 22 births
1373 3090 46 21 and
1432 3089 152 27 immigration
1590 3097 6 19 ;
1613 3089 30 22 all
1657 3089 39 22 the
1711 3089 139 28 advantages
1864 3094 23 18 to

1294 3117 72 23 which
1375 3116 102 22 facilities
1487 3117 27 20 of
1523 3118 113 26 transport
1641 3116 46 21 and
1694 3117 193 22 communication

1294 3152 37 15 are
1341 3143 105 23 essential
1453 3151 5 19 ;
1474 3143 112 26 certainty
1599 3143 26 21 of
1635 3143 75 27 limits,
1728 3143 45 22 and
1788 3144 100 27 security

1295 3172 24 21 of
1330 3171 49 22 title
1389 3174 24 18 to
1423 3173 105 29 property
1535 3170 25 21 in
1571 3165 58 26 land
1634 3177 5 19 ;
1654 3170 39 21 the
1702 3173 100 24 greatest
1814 3171 74 22 facili-

1295 3200 40 21 ties
1344 3205 29 14 on
1383 3197 118 27 acquiring
1510 3197 37 21 the
1559 3196 43 22 due
1611 3197 116 27 quantity;
1742 3197 38 22 the
1789 3200 101 24 greatest

1295 3228 189 23 encouragement
1497 3226 23 19 to
1528 3223 150 27 immigration
1689 3223 48 22 and
1745 3224 131 23 settlement
1881 3233 5 19 ;

1295 3252 45 22 and
1353 3251 38 23 the
1406 3254 59 18 most
1477 3250 65 28 rapid
1557 3257 101 21 progress
1672 3251 28 20 of
1715 3250 39 22 the
1766 3251 83 27 people
1862 3252 25 22 in

1296 3277 100 24 material
1406 3277 96 22 comfort
1510 3277 46 22 and
1564 3277 70 22 social

1340 3321 94 23 ÜBLIC
1448 3320 123 23 NOTICE.
1587 3320 61 23 -The
1658 3322 93 22 Settlers
1757 3329 39 15 are
1801 3322 87 27 hereby

1367 3348 113 23 informed
1498 3348 49 22 that
1564 3348 39 22 the
1622 3348 55 22 New
1699 3348 102 23 Zealand
1820 3350 68 21 Com-

1296 3376 78 28 pany's
1383 3375 58 22 flour
1450 3374 45 22 will
1504 3374 119 28 hereafter,
1634 3374 57 23 until
1700 3375 88 22 further
1796 3375 92 23 intima-

1296 3404 54 25 tion,
1371 3402 28 22 be
1418 3402 49 21 sold
1485 3404 24 19 at
1528 3409 147 15 threepence
1694 3409 43 20 per
1757 3402 85 28 pound,
1862 3402 26 22 in

1296 3429 120 29 quantities
1425 3428 26 22 of
1456 3436 14 14 a
1479 3428 80 28 barrel,
1568 3430 28 21 28
1605 3428 48 27 lbs.,
1663 3430 28 21 56
1700 3429 51 27 lbs.,
1761 3430 28 21 84
1801 3429 34 22 lbs
1836 3445 15 16 v
1862 3436 26 15 or

1298 3458 38 20 112
1342 3456 51 27 lbs.,
1403 3454 96 29 payable
1507 3455 24 22 in
1542 3455 54 22 cash
1606 3463 28 14 on
1644 3456 107 26 delivery.
1780 3456 108 27 Applica-

1298 3484 57 21 tions
1365 3485 23 20 to
1397 3482 29 22 be
1439 3481 65 23 made
1515 3482 52 26 only
1578 3485 23 18 at
1610 3482 36 21 the
1657 3482 136 28 Company's
1803 3483 83 27 Stores,

1296 3511 100 21 between
1406 3508 38 22 the
1453 3508 70 23 hours
1532 3509 26 22 of
1564 3510 27 21 10
1601 3508 44 23 and
1652 3510 16 20 4
1677 3508 93 23 o'clock.

1429 3541 57 23 Geo.
1502 3541 108 28 Hunter,
1623 3541 264 28 Storekeeper-General.

1324 3569 146 27 Wellington,
1481 3569 52 22 17th
1543 3569 71 27 April,
1626 3570 60 20 1841.

1299 3614 102 49 NOT.
1406 3613 45 22 CE.
1453 3624 28 4 —
1482 3613 96 22 Persons
1583 3612 98 23 desirous
1689 3612 27 21 of
1719 3612 68 27 being
1791 3612 99 22 married

1378 3641 31 27 by
1422 3640 37 22 the
1469 3640 57 21 Rev.
1537 3639 61 22 John
1608 3639 136 26 M'Farlane,
1756 3639 48 22 first
1810 3639 80 22 minis-

1299 3672 34 19 ter
1342 3668 26 21 of
1379 3668 37 21 the
1425 3666 82 23 Scotch
1516 3665 90 23 Church
1613 3666 24 22 in
1652 3666 57 22 New
1726 3665 107 27 Zealand,
1850 3673 40 14 are

1300 3694 118 28 requested
1427 3698 23 17 to
1459 3693 93 27 register
1562 3693 58 22 their
1633 3699 78 15 names
1726 3692 54 21 with
1794 3692 38 22 the
1845 3699 45 15 un-

1300 3720 118 28 dersigned
1427 3724 23 19 at
1458 3720 68 23 latest
1533 3719 38 22 the
1582 3719 107 27 Saturday
1698 3719 106 27 previous
1817 3722 24 19 to
1851 3719 39 22 the

1300 3755 128 21 ceremony,
1438 3746 24 23 in
1472 3746 65 23 order
1545 3749 22 18 to
1575 3746 161 28 proclamation
1744 3746 25 21 of
1776 3746 73 21 banns
1859 3753 30 14 on

1300 3774 104 23 Sabbath.
1434 3774 96 21 Persons
1538 3773 47 21 also
1592 3772 98 23 desirous
1700 3772 28 22 of
1738 3772 85 27 having
1832 3772 59 22 their

1300 3801 100 23 children
1420 3800 108 28 baptised,
1546 3802 61 19 must
1622 3800 104 27 previous
1743 3799 86 22 thereto
1837 3800 53 26 give

1300 3829 37 22 the
1347 3828 105 28 requisite
1462 3826 144 23 information
1616 3826 23 22 in
1650 3826 64 22 order
1724 3828 23 19 to
1762 3826 95 28 registry
1867 3830 23 17 to

1570 3860 93 22 Robert
1677 3860 28 22 R.
1721 3860 101 27 Strang,

1361 3895 109 27 Solicitor,
1486 3894 115 28 Registrar
1610 3894 34 21 for
1653 3893 37 22 the
1701 3894 82 21 Scotch
1792 3894 97 22 Church.

1298 3929 232 28 Wooleombe-street,
1540 3927 52 23 19th
1603 3927 65 27 June,
1681 3929 61 20 1841.

2076 109 66 20 Just
2156 108 146 25 Received,

1894 143 70 49 AT
1977 142 65 22 THE
2056 141 111 22 OFFICE
2182 140 38 23 OF
2243 140 73 23 THIS
2331 140 110 26 PAPER,
2457 147 29 15 an

1980 168 115 23 extensive
2112 168 101 22 addition
2231 167 26 22 of
2272 167 90 22 various
2380 166 67 23 kinds
2464 168 27 21 of

1895 197 134 26 Stationery,
2039 195 124 26 consisting
2173 194 34 21 of:
2208 205 28 4 —

1921 222 99 28 Ledgers
2030 221 45 22 and
2081 224 98 19 account
2186 220 78 27 books,
2276 220 89 21 various
2375 220 66 26 sizes,

1923 248 85 23 Pocket
2015 248 87 27 ledgers
2113 247 46 22 and
2168 246 174 23 memorandum
2354 246 84 31 books,_
2450 272 5 5 _

1923 275 109 27 Foolscap
2041 274 45 22 and
2096 274 91 26 writing
2194 281 77 20 paper,
2283 274 88 21 various
2377 272 112 28 qualities,

1923 301 121 28 Engraved
2053 308 58 19 copy
2120 307 54 21 sups
2184 302 46 20 and
2239 300 79 26 books,

1923 329 54 22 Best
1987 327 80 22 Welch
2076 328 74 26 slates,
2161 326 63 28 large
2236 326 46 23 and
2292 325 73 28 small,

1924 354 64 23 Lead
1996 354 47 22 and
2052 354 55 22 slate
2116 353 95 28 pencils,

1923 381 89 27 Rulers,
2022 380 75 23 round
2105 380 46 22 and
2160 380 50 26 flat,

1924 409 98 27 Sponge,
2032 407 80 22 wafers
2121 406 24 22 in
2153 408 15 19 2
2178 413 36 15 oz.
2228 406 77 26 boxes,
2323 404 66 23 India
2401 405 91 27 rubber,

1898 435 83 22 Albata
1991 433 151 29 pen-holders,
2154 440 56 20 very
2219 432 102 28 superior
2332 432 87 27 sealing
2434 439 57 19 wax,

1899 462 98 26 blotting
2006 467 75 21 paper,
2090 460 41 22 &c.
2144 460 40 22 &c.

2041 493 138 16 WHOLESALE
2194 493 47 14 AND
2257 493 91 14 RETAIL.

1953 525 49 22 EW
2017 524 152 23 ZEALAND
2180 523 155 27 JOURNAL,
2342 523 120 27 published
2468 523 25 21 in

1968 551 96 23 London
2075 550 178 27 semi-monthly,
2265 552 24 19 at
2299 550 45 21 13s.
2352 556 40 21 per
2399 556 94 15 annum.

1900 580 77 26 Agent
1977 590 28 4 —
2006 578 39 23 the
2058 579 54 20 New
2128 578 94 20 Zealand
2241 578 87 20 Gazette
2347 575 72 28 office,
2439 576 54 21 Port

1900 606 132 22 Nicholson.

1900 657 221 24 WHOLESALE
2152 656 126 25 PRICES
2312 653 180 25 CURRENT.

1973 696 132 15 CORRECTED
2121 695 29 15 UP
2164 695 30 15 TO
2208 694 87 15 FRIDAY
2309 693 110 16 EVENING.

2243 714 17 17 £
2283 718 15 12 s.
2323 713 18 17 d.
2396 712 17 17 £
2435 716 17 12 s.
2475 712 22 16 d.

1902 736 64 22 Ale:
1982 735 29 23 In
2020 735 77 28 bottle,
2112 735 115 28 perdoz..
2246 738 15 19 0
2275 736 27 20 13
2330 737 14 19 0
2362 748 18 6 ..
2399 735 14 20 0
2441 735 14 19 0
2481 735 15 19 0

1983 762 102 27 Taylor's
2245 763 55 21 510
2328 763 51 19 0..
2396 762 15 20 0
2439 761 15 20 0
2480 761 15 20 0

1904 789 98 22 Arrack
2010 796 6 14 :
2031 789 43 21 Per
2083 788 76 27 gallon
2185 790 78 20 ....0
2290 789 13 21 3
2331 788 82 21 3..0
2439 788 16 20 0
2481 791 14 19 0

1902 816 94 21 Bread:
2013 815 42 22 Per
2064 815 44 22 2lb.
2120 815 52 21 loaf
2185 829 46 6 ....
2249 817 15 19 0
2291 817 13 19 0
2332 816 12 20 8
2363 827 18 7 ..
2399 815 14 20 0
2441 815 14 19 0
2481 815 15 19 0

1904 843 73 21 Beef:
1994 842 76 26 Fresh,
2090 849 90 15 carcase
2196 848 40 21 per

2020 869 25 21 lb
2246 870 14 20 0
2288 869 12 19 0
2316 869 26 20 10
2360 880 19 7 ..
2397 868 15 20 0
2440 867 12 21 1
2479 868 16 20 0

2011 895 55 27 Salt,
2076 902 41 21 per
2130 895 69 22 tierce
2214 910 5 4 .
2226 909 5 5 .
2250 895 14 21 7
2292 897 13 19 0
2333 896 14 20 0
2364 909 5 5 .
2377 908 5 5 .
2401 895 15 20 0
2441 895 16 19 0
2483 895 15 19 0

2011 922 46 22 Do.
2067 929 40 23 per
2119 921 76 23 barrel
2212 937 6 5 .
2225 936 5 6 .
2249 923 14 20 5
2292 923 13 21 0
2333 923 14 19 0
2364 935 5 6 .
2377 935 5 5 .
2399 922 16 20 0
2441 921 16 20 0
2482 921 15 20 0

1904 949 106 23 Buttbs.:
2027 948 64 28 Irish,
2101 949 81 27 perlb.
2214 951 51 19 ..0
2293 950 11 20 1
2333 949 14 20 9
2365 961 18 7 ..
2401 949 14 19 0
2442 947 57 21 2-0

2026 976 68 22 Fresh
2251 978 14 20 0
2292 975 15 22 4
2333 976 15 20 6
2365 988 19 6 ..
2401 975 15 20 0
2443 975 15 20 0
2483 975 16 19 0

1904 1003 98 21 Brandy
2008 1010 6 14 :
2030 1002 58 22 First
2094 1003 95 27 quality,
2197 1009 40 21 per

2053 1029 77 28 gallon
2250 1031 14 19 0
2292 1031 13 19 6
2333 1029 82 21 0..0
2442 1028 15 20 9
2483 1029 15 19 0

1904 1057 87 21 Brown
2010 1056 87 22 Stout:
2122 1064 40 20 per
2177 1056 54 22 hhd.
2246 1057 14 20 5
2276 1057 28 20 10
2331 1057 13 19 0
2362 1068 19 7 ..
2401 1056 16 20 0
2443 1056 15 19 0
2484 1055 15 19 0

1905 1084 100 21 Cigars:
2016 1083 103 27 Manilla,
2127 1090 39 20 per
2173 1085 61 25 1000,
2250 1083 55 21 310
2333 1084 49 20 o.•
2400 1082 13 20 5
2441 1082 16 20 0
2483 1082 15 20 0

2013 1110 98 22 Inferior
2206 1113 25 17 \.
2250 1111 14 20 2
2292 1111 13 20 0
2332 1111 14 19 0
2363 1121 19 7 ..
2401 1109 14 21 0
2441 1109 16 20 0
2483 1109 14 19 0

2014 1136 137 28 Havannah,
2157 1137 78 27 perlb.
2250 1138 14 20 0
2278 1137 27 21 12
2333 1137 13 20 0
2363 1148 19 7 ..
2401 1136 14 20 0
2441 1136 16 19 0
2483 1136 14 20 0

2013 1163 127 22 Chinsurah
2252 1164 10 20 1
2279 1163 26 21 15
2333 1164 14 20 0
2365 1175 18 7 ..
2401 1163 14 20 0
2441 1163 16 19 0
2483 1163 14 19 0

2013 1190 156 22 Alexandrian
2249 1191 11 21 1
2277 1191 27 20 10
2331 1191 14 19 0
2362 1201 20 8 ..
2399 1189 15 21 0
2441 1189 15 20 0
2482 1189 15 20 0

1905 1217 89 22 Coffee
2001 1224 5 15 :
2017 1217 64 27 Java,
2091 1225 42 20 per
2141 1217 23 21 lb
2250 1219 14 19 0
2293 1217 12 21 1
2333 1217 14 20 0
2365 1229 5 6 .
2377 1229 6 6 .
2401 1216 15 20 0
2443 1215 12 20 1
2483 1216 14 20 3

1906 1245 103 21 Cheese:
2025 1243 107 23 Cheshire
2251 1245 14 20 0
2293 1245 11 19 1
2333 1244 83 20 8..0
2443 1243 15 19 0
2483 1243 15 20 0

2023 1271 56 21 Pine
2090 1270 74 28 Apple
2252 1272 13 20 0
2293 1272 14 19 0
2334 1271 14 19 0
2365 1283 19 7 ..
2402 1271 15 19 0
2444 1269 11 20 1
2484 1270 14 20 6

2024 1297 75 22 Dutch
2253 1299 13 19 0
2293 1299 14 19 0
2334 1298 14 20 0
2365 1310 19 6 ..
2402 1297 15 21 0
2444 1296 13 20 1
2485 1297 14 19 0

1906 1325 107 22 Candles
2020 1332 5 13 :
2032 1324 95 26 English
2134 1330 58 21 wax,
2198 1330 41 21 per

2051 1351 24 21 lb
2252 1352 14 20 0
2293 1352 15 20 0
2334 1351 15 20 0
2366 1363 19 7 ..
2403 1351 14 20 0
2444 1350 16 20 0
2485 1351 14 19 0

2038 1377 81 22 Mould
2250 1379 15 20 0
2293 1379 12 19 1
2333 1378 15 20 0
2366 1390 19 7 ..
2403 1378 14 20 0
2445 1377 12 19 1
2485 1377 14 20 2

2038 1405 69 27 Dips.
2250 1406 14 20 0
2292 1406 14 20 0
2320 1405 27 20 10
2365 1417 19 7 ..
2402 1405 15 20 0
2444 1404 15 19 0
2485 1405 14 19 0

1909 1431 93 22 Flour:
2011 1431 132 27 lstquality,
2154 1434 84 24 perton

2032 1459 26 21 of
2067 1459 56 21 2000
2132 1458 34 22 lbs
2237 1459 28 20 30
2293 1459 15 20 0
2334 1459 15 19 0
2366 1457 51 21 ..35
2445 1457 14 20 0
2486 1459 13 19 0

2008 1485 111 22 2ndditto
2239 1486 28 20 26
2293 1486 16 20 0
2335 1486 14 19 0
2366 1485 51 21 ..28
2445 1485 15 19 0
2486 1485 14 20 0

1909 1512 59 22 Gin:
1989 1512 55 21 Pale
2252 1514 15 19 0
2293 1513 15 19 6
2335 1513 14 19 0
2366 1525 19 6 ..
2403 1513 14 19 0
2445 1510 14 21 7
2485 1511 14 21 6

1989 1539 62 26 Case,
2066 1540 15 20 4
2095 1538 88 27 gallons
2191 1540 47 20 4-5.
2253 1540 11 20 1
2282 1540 27 20 10
2335 1539 15 20 0
2367 1552 6 6 .
2380 1551 6 7 .
2405 1539 10 20 1
2432 1537 27 21 13
2486 1539 14 19 0

1908 1565 69 22 Hams
1984 1573 7 14 :
2006 1565 129 28 Yorkshire,
2151 1573 40 20 per
2200 1565 24 22 lb
2232 1581 6 5 .
2252 1567 14 19 0
2293 1567 16 19 0
2335 1566 15 20 0
2367 1579 6 5 .
2380 1578 6 7 .
2404 1566 14 20 0
2446 1565 11 19 1
2486 1565 14 20 2

1907 1593 115 21 Mustard
2030 1600 5 13 :
2051 1593 43 21 Per
2102 1593 73 21 dozen
2253 1593 12 20 1
2294 1593 15 20 2
2335 1593 84 20 0..0
2446 1592 14 20 0
2487 1593 13 19 0

1907 1620 115 21 Mutton:
2045 1619 93 22 Carcase
2147 1627 42 20 per
2197 1619 23 22 lb
2232 1635 6 6 .
2252 1620 14 20 0
2293 1621 16 19 0
2335 1620 14 20 9
2366 1632 20 6 ..
2404 1620 14 20 0
2446 1619 13 19 0
2474 1619 23 20 11

1907 1647 124 21 Muskets:
2047 1646 93 22 Walnut
2146 1646 94 22 stocked
2253 1647 14 20 0
2294 1648 15 19 0
2335 1647 15 19 0
2367 1659 19 7 ..
2405 1647 13 19 0
2433 1645 26 21 15
2487 1647 13 19 0

1908 1673 77 22 Milk.
2002 1673 99 27 Perpint
2252 1674 15 20 0
2294 1674 15 19 0
2335 1673 14 20 5
2367 1687 19 5 ..
2405 1674 14 19 0
2446 1673 13 19 0
2486 1673 14 19 0

1909 1700 43 21 Oil
1959 1707 5 14 :
1980 1700 105 26 Linseed,
2097 1707 39 20 per
2144 1700 77 27 gallon
2232 1701 35 20 .0
2293 1700 15 20 5
2336 1701 14 19 0
2367 1713 6 6 .
2380 1713 6 6 .
2405 1701 13 19 0
2447 1697 12 23 7
2488 1700 14 19 0

1982 1727 78 26 Black,
2065 1727 23 21 in
2094 1726 175 28 cask,pertonl6
2295 1728 16 19 0
2337 1728 14 19 0
2368 1740 19 6 ..
2405 1728 14 19 0
2448 1727 12 19 0
2487 1727 13 19 0

1909 1753 76 22 Pork:
2001 1753 78 27 Fresh,
2095 1761 90 14 carcase
2201 1760 40 20 per
2292 1767 7 9 r

2025 1780 24 21 lb
2252 1781 15 20 0
2294 1782 15 19 0
2335 1780 14 20 5
2367 1794 20 6 ..
2404 1781 14 20 0
2446 1780 13 20 0
2486 1780 14 20 6

1909 1806 76 22 Pork:
2003 1807 66 26 Irish,
2079 1814 40 19 per
2128 1807 75 22 barrel
2216 1821 19 6 ..
2252 1808 14 20 5
2294 1808 15 20 0
2335 1808 15 20 0
2367 1821 19 6 ..
2404 1807 13 20 5
2434 1807 25 20 10
2487 1807 14 20 0

1909 1833 132 22 Potatoes:
2061 1834 57 21 New
2132 1834 109 27 Zealand,

2086 1868 40 19 per
2135 1864 38 18 ton
2253 1862 14 20 6
2295 1862 14 19 0
2336 1862 37 20 0.
2380 1874 7 7 .
2405 1862 12 20 8
2446 1862 13 19 0
2486 1861 14 19 0

1910 1887 94 22 Porter
2013 1894 5 13 :
2048 1887 103 27 Dunhar,
2161 1888 25 21 in
2194 1888 47 21 bot.

2078 1921 39 20 per
2128 1914 42 21 doz
2253 1916 15 20 0
2283 1916 26 19 13
2336 1916 83 19 0..0
2446 1915 14 20 0
2488 1915 14 19 0

1910 1941 98 22 Pickles
2020 1948 5 13 :
2057 1941 116 27 Assorted,
2203 1948 40 20 per

2083 1967 57 27 doz.,
2165 1972 78 23 quarts
2256 1969 12 20 1
2298 1968 12 21 1
2338 1970 14 19 0
2370 1982 19 6 ..
2407 1969 13 20 0
2448 1968 14 20 0
2488 1968 14 20 0

1911 1994 72 22 Pitch
1996 2001 5 14 :
2034 1994 139 27 Stockholm,
2202 2002 41 19 per

2060 2021 71 23 barrel
2255 2023 15 20 0
2297 2023 14 19 0
2338 2023 14 19 0
2369 2035 20 6 ..
2407 2022 10 20 1
2435 2021 25 20 15
2488 2022 15 19 0

1911 2047 80 21 Plank
1999 2054 5 14 :
2032 2047 55 21 Port
2109 2047 134 27 Nicholson,

2060 2080 40 21 per
2109 2075 42 20 100
2159 2074 47 21 feet
2219 2088 19 6 ..
2255 2075 56 21 019
2338 2075 14 20 0
2369 2088 19 6 ..
2407 2075 10 20 1
2448 2074 11 20 1
2488 2075 14 19 0

1911 2099 69 22 Rice:
1993 2100 111 22 Common
2112 2108 42 20 per
2159 2104 50 19 cwt.
2220 2116 19 5 ..
2257 2103 15 20 0
2299 2103 14 19 0
2339 2102 15 20 0
2371 2115 19 6 ..
2408 2102 14 20 0
2449 2102 13 19 0
2489 2102 14 19 0

1992 2127 68 21 Good
2256 2130 11 19 1
2297 2129 14 20 2
2337 2130 15 19 0
2369 2142 19 6 ..
2407 2129 10 20 1
2446 2128 14 19 5
2487 2129 15 19 0

1911 2153 54 22 Rum
1973 2161 5 14 :
1994 2154 26 21 P.
2031 2154 27 21 B.
2069 2154 33 27 P.,
2116 2161 41 21 per
2165 2155 78 27 gallon
2256 2156 15 20 0
2297 2156 14 19 5
2339 2156 14 19 6
2370 2169 19 5 ..
2407 2156 14 20 0
2448 2155 14 19 9
2488 2156 14 19 0

1911 2181 88 22 Sugar:
2015 2181 120 22 Mauritius
2144 2189 41 19 per
2191 2185 51 18 cwt.
2256 2184 15 19 0
2298 2184 14 19 0
2339 2183 14 20 0
2370 2196 19 5 ..
2406 2184 15 19 0
2448 2182 13 19 0
2488 2183 15 18 0

2020 2208 82 21 Brown
2177 2205 61 24 ?....
2255 2210 14 21 2
2297 2210 14 20 0
2338 2210 15 20 0
2370 2223 5 6 .
2382 2222 7 6 .
2406 2210 15 20 0
2448 2209 14 20 0
2488 2210 14 19 0

2020 2235 96 22 Refined
2132 2235 53 27 loaf,
2204 2243 41 20 per

2046 2261 24 22 lb
2257 2264 14 21 0
2299 2264 13 19 0
2340 2261 14 23 7
2371 2276 19 6 ..
2408 2264 14 19 0
2449 2263 14 20 0
2490 2262 14 20 0

2021 2288 97 23 Manilla
2255 2292 14 19 0
2298 2291 13 19 0
2339 2290 83 20 0..2
2448 2289 14 20 5
2489 2290 14 19 0

1912 2315 59 22 Salt
1978 2323 6 14 :
2001 2315 126 29 Liverpool,
2137 2323 41 20 per
2187 2320 40 18 ton
2236 2333 5 5 .
2257 2318 55 19 210
2339 2318 13 19 0
2371 2330 5 6 .
2384 2330 6 6 .
2408 2317 14 20 4
2449 2317 14 20 0
2490 2317 14 19 0

1912 2343 59 21 Soap
1980 2350 5 14 :
2013 2342 103 23 Hawes's
2138 2343 107 27 London,

2038 2373 85 23 perton
2241 2372 28 20 36
2297 2372 14 19 0
2338 2370 82 21 0..42
2448 2370 14 20 0
2489 2371 13 19 0

1912 2396 105 22 Starch:
2032 2396 75 23 Perlb
2258 2399 14 20 0
2300 2399 13 19 0
2340 2398 14 20 9
2372 2411 19 6 ..
2409 2398 14 20 0
2452 2397 10 20 1
2491 2398 14 19 0

1912 2424 144 21 Scantling:
2072 2424 43 21 Per
2121 2426 42 20 100
2171 2424 68 22 feet..
2259 2426 13 20 0
2287 2423 27 22 17
2341 2426 14 19 0
2373 2438 18 5 ..
2409 2426 14 19 0
2438 2424 26 21 18
2491 2425 13 19 0

1913 2451 115 21 Shingles
2036 2459 4 13 :
2057 2451 43 21 Per
2107 2452 61 26 1000,
2178 2451 29 22 N.
2217 2451 26 22 Z.
2259 2453 10 20 1
2300 2451 13 22 7
2340 2452 14 20 0
2372 2465 5 6 .
2385 2465 6 6 .
2410 2452 13 19 0
2450 2452 14 19 0
2491 2452 14 19 0

2043 2478 71 27 Ditto,
2134 2478 30 21 V.
2175 2478 30 22 D.
2217 2478 26 21 L.
2257 2479 14 20 2
2299 2478 12 21 5
2340 2480 14 19 0
2372 2492 5 5 .
2386 2492 5 5 .
2409 2479 14 19 0
2450 2479 14 19 0
2491 2479 13 19 0

1912 2504 62 23 Tar:
1990 2504 55 22 Coal
2259 2507 9 20 1
2286 2506 26 20 15
2341 2506 14 20 0
2373 2519 19 6 ..
2411 2506 14 19 0
2452 2506 14 19 0
2492 2506 14 19 0

1994 2531 130 22 Stockholm
2260 2533 54 20 115
2342 2532 82 21 0..0
2451 2532 55 19 00

1912 2558 48 22 Tea
1969 2566 5 14 :
1992 2558 90 28 Hyson,
2091 2565 41 21 per
2142 2558 64 23 chest
2222 2574 6 5 .
2236 2573 5 6 .
2260 2561 13 20 0
2301 2560 13 20 0
2342 2560 13 20 0
2373 2572 6 7 .
2386 2573 6 6 .
2398 2559 26 20 15
2439 2558 26 21 15
2492 2560 14 19 0

1912 2585 105 22 Tobacco
2025 2593 6 14 :
2045 2585 144 27 Negrohead,
2206 2593 42 19 per

2071 2612 25 21 lb
2203 2627 38 6 -..
2260 2614 14 20 0
2303 2614 9 19 1
2342 2613 14 20 3
2373 2626 19 6 ..
2411 2614 14 19 0
2453 2612 11 21 1
2493 2613 13 20 6

1912 2638 165 23 Turpentine:
2093 2639 43 21 Per
2140 2639 100 27 gallon..
2260 2642 13 19 0
2302 2641 12 19 8
2343 2640 13 20 0
2374 2653 19 6 ..
2412 2640 14 20 0
2453 2640 14 19 0
2493 2641 14 19 0

1912 2664 163 23 Whalebone:
2091 2666 43 21 Per
2144 2669 96 18 t0n....
2245 2668 28 19 90
2301 2668 13 19 0
2342 2668 14 19 0
2373 2680 19 5 ..
2411 2667 15 20 0
2452 2667 14 20 0
2493 2668 13 19 0

1913 2691 81 22 Wine:
2011 2692 90 28 Sherry,
2111 2699 41 21 per
2158 2692 53 28 pipe
2223 2694 49 20 ..28
2301 2694 13 20 0
2342 2694 14 20 0
2373 2694 53 19 ..40
2452 2694 15 19 0
2493 2694 13 19 0

2022 2719 72 27 Ditto,
2109 2727 40 20 per
2163 2719 81 22 dozen.
2261 2721 10 20 1
2300 2720 15 21 4
2342 2721 14 20 0
2373 2734 19 5 ..
2411 2720 14 21 2
2452 2721 15 20 0
2494 2722 13 19 0

1914 2772 122 23 Poultry:
2051 2772 79 28 Fowls,
2137 2780 42 20 per
2185 2773 50 27 pair
2241 2789 5 6 .
2262 2775 13 20 0
2303 2774 13 20 8
2344 2774 14 20 0
2375 2787 19 6 ..
2412 2774 15 20 0
2441 2774 27 20 16
2495 2774 13 20 0

2049 2799 85 28 Ducks,
2146 2800 56 21 ditto
2223 2814 6 6 .
2236 2814 7 6 .
2262 2802 9 20 1
2302 2802 14 19 0
2344 2802 14 19 0
2375 2814 6 6 .
2388 2814 6 6 .
2414 2801 10 20 1
2441 2800 28 21 10
2495 2801 13 20 0

2051 2827 80 27 Geese,
2142 2826 57 23 ditto
2224 2841 5 6 .
2236 2841 7 6 .
2261 2828 13 20 2
2302 2828 14 20 0
2344 2828 14 20 0
2375 2841 5 6 .
2387 2842 7 5 .
2412 2828 14 20 0
2453 2828 18 19 0-
2495 2828 12 19 0

2049 2853 104 28 Turkeys
2169 2868 74 6 ......
2262 2855 13 20 2
2304 2855 13 20 0
2344 2855 83 20 0..0
2454 2854 15 21 0
2495 2855 12 20 0

2051 2880 105 27 Pigeons,
2166 2880 80 28 (wild,)

2077 2915 41 20 per
2126 2908 50 28 pair
2262 2909 14 20 0
2304 2908 13 21 3
2344 2908 15 21 0
2377 2922 19 6 ..
2413 2909 15 20 0
2453 2908 16 20 0
2495 2908 13 20 0

2050 2934 85 28 Ducks,
2144 2934 37 22 do.
2192 2935 53 22 do..
2263 2936 13 21 0
2304 2935 13 20 5
2345 2936 14 20 0
2377 2948 19 7 ..
2413 2936 14 20 0
2453 2935 16 20 0
2495 2935 12 20 0

1915 2961 75 23 Eggs:
2005 2961 45 22 Per
2059 2961 73 22 dozen
2264 2963 13 20 0
2305 2963 13 20 6
2345 2963 14 20 0
2377 2976 19 6 ..
2413 2963 15 20 0
2453 2962 16 20 0
2495 2962 13 19 0

1916 3015 76 22 Cows:
2006 3014 74 23 Milch
2249 3016 27 21 20
2304 3016 14 21 0
2345 3016 14 21 0
2376 3016 51 21 ..30
2453 3016 14 20 0
2494 3016 13 19 0

1916 3042 95 22 Mares:
2027 3042 77 22 Brood
2247 3043 28 21 50
2302 3044 15 19 0
2344 3044 14 20 0
2375 3043 52 20 ..90
2453 3043 14 20 0
2494 3042 13 20 0

1916 3069 117 22 Working
2049 3069 133 22 Bollocks:
2204 3068 46 23 Per

1941 3096 50 27 pair
2249 3097 28 20 40
2303 3097 15 20 0
2345 3097 14 20 0
2377 3096 51 21 :.6O
2454 3096 15 21 0
2495 3096 12 19 0

1916 3122 64 22 Hire
1991 3129 26 15 of
2027 3129 70 14 ditto
2103 3130 5 13 :
2124 3122 44 22 Per
2175 3122 52 28 day,
2236 3129 14 15 a

1942 3153 61 18 team
2011 3149 47 22 and
2065 3148 73 23 driver
2264 3150 10 21 1
2304 3150 14 20 0
2345 3151 14 20 0
2377 3163 19 6 ..
2414 3150 13 21 2
2454 3150 14 21 0
2494 3150 13 19 0

1916 3176 87 22 Sheep:
2018 3175 63 22 Each
2262 3177 9 20 1
2301 3177 15 20 6
2344 3176 122 21 0..115
2493 3176 14 21 0

1916 3204 64 21 Boat
1989 3203 65 22 Hire
2058 3210 6 14 :
2079 3202 43 22 Per
2128 3202 50 31 day,
2184 3202 66 22 with-

2107 3233 40 19 out
2154 3229 75 22 hands
2239 3231 35 20 .0
2289 3231 29 21 10
2344 3231 14 20 0
2375 3244 6 6 .
2388 3244 6 7 .
2413 3231 11 20 1
2453 3231 14 21 0
2493 3230 14 19 0

1916 3284 87 22 Wages
2008 3291 6 15 :
2043 3282 141 29 Mechanics,
2208 3291 44 20 per

2069 3310 64 22 week
2263 3311 14 20 2
2290 3311 30 21 14
2345 3311 14 21 0
2377 3324 19 7 ..
2413 3311 15 21 3
2455 3311 14 21 6
2493 3310 15 20 0

2052 3336 128 23 Labourers
2197 3351 47 13 ..,..
2263 3338 11 20 1
2290 3339 28 20 10
2345 3339 13 19 0
2377 3351 18 7 ..
2414 3339 12 19 1
2441 3338 26 20 16
2493 3338 14 19 0

1936 3395 39 17 The
1986 3395 49 17 New
2046 3395 98 17 Zealand
2155 3395 94 16 Gazette
2260 3394 43 20 will,
2314 3395 30 16 for
2354 3395 32 16 the
2396 3396 78 20 present,

1915 3416 96 21 published
2017 3416 75 20 weekly,
2100 3420 54 16 every
2160 3416 90 21 Saturday
2257 3415 92 22 morning.
2370 3416 24 17 So
2398 3420 44 13 soon
2448 3420 21 13 as
2473 3414 20 17 iti

1916 3437 108 21 sufficiently
2030 3437 105 21 supported,
2143 3437 16 15 it
2165 3436 39 16 will
2213 3437 23 15 be
2243 3436 63 17 issued
2312 3437 131 21 semi-weekly.
2464 3437 44 16 Sub-

1913 3458 63 20 joined
1983 3462 30 12 are
2020 3457 32 16 the
2058 3459 57 14 terms
2119 3461 4 12 :
2125 3465 22 3 —

1937 3478 62 16 Price
2006 3482 25 12 of
2038 3482 41 12 the
2086 3477 98 17 Paper.—
2184 3477 56 21 Forty
2245 3477 85 21 shillings
2336 3482 34 17 per
2379 3482 75 16 annum,
2465 3480 44 18 pay-

1916 3498 39 17 able
1961 3499 21 16 in
1987 3498 81 17 advance
2073 3504 5 13 ;
2089 3502 20 12 or
2116 3502 33 13 one
2156 3498 78 20 shilling
2241 3498 28 17 for
2275 3499 58 21 single
2341 3499 92 17 numbers.

1937 3520 188 16 Advertisements.
2125 3527 22 4 —
2147 3519 34 17 Six
2190 3518 49 18 lines
2250 3519 36 17 and
2295 3520 66 19 under,
2372 3520 26 16 3s.
2406 3520 29 16 Gd.
2441 3519 28 17 for
2474 3518 32 16 the

1916 3540 40 16 first
1966 3540 94 20 insertion,
2072 3540 37 16 and
2120 3544 33 12 one
2165 3539 77 22 shilling
2247 3540 29 17 for
2281 3541 46 16 each
2333 3541 112 20 subsequent
2450 3540 57 16 inser-

1916 3560 39 17 tion
1959 3565 5 15 ;
1975 3560 47 17 from
2029 3561 30 16 six
2065 3561 20 16 to
2091 3562 32 15 ten
2129 3560 55 20 lines,
2191 3561 36 16 five
2234 3560 87 22 shillings
2326 3562 33 16 -for
2370 3562 32 16 the
2413 3562 44 18 first,
2469 3559 37 17 and

1916 3586 34 12 one
1961 3581 75 21 shilling
2046 3581 37 17 and
2093 3581 88 21 sixpence
2191 3582 28 16 for
2231 3582 45 17 each
2285 3583 113 19 subsequent
2408 3580 87 18 insertion
2500 3584 6 15 ;

1916 3603 56 15 above
1984 3603 29 16 ten
2023 3602 55 19 lines,
2090 3602 35 17 five
2136 3602 85 21 shillings
2232 3603 29 16 for
2272 3602 30 17 ths
2312 3603 42 16 first
2363 3604 32 15 ten
2405 3602 53 19 linei,
2469 3600 37 18 and

1916 3623 96 20 fourpence
2018 3627 33 16 per
2058 3623 37 17 line
2102 3623 28 16 for
2136 3623 32 17 the
2175 3627 65 13 excess
2246 3624 22 16 of
2276 3623 41 17 that
2323 3625 86 17 number;
2420 3623 37 17 and
2463 3624 43 15 two-

1916 3647 57 18 pence
1975 3648 36 19 jer
2016 3644 39 16 line
2061 3644 29 16 for
2096 3644 44 16 each
2147 3644 114 21 subsequent
2267 3644 95 17 insertion.

1937 3664 156 17 Advertisements
2100 3665 38 16 will
2144 3666 33 15 not
2184 3669 66 16 appear
2260 3665 20 16 in
2290 3665 33 17 the
2333 3663 80 21 ensuing
2424 3663 82 18 number,

1916 3684 17 17 if
1940 3685 84 17 received
2030 3685 46 17 later
2083 3685 45 17 than
2139 3685 72 21 Friday,
2223 3686 21 16 10
2254 3685 75 20 o'clock,
2339 3689 43 12 a.m.
2403 3683 104 18 Advertise-

1917 3708 60 14 ments
1984 3706 36 17 will
2027 3706 23 16 be
2057 3706 98 17 continued
2161 3707 38 16 and
2206 3706 78 20 charged
2287 3706 49 17 until
2340 3704 165 18 counter-ordered;

1918 3727 45 16 such
1970 3727 51 17 order
2027 3728 52 16 must
2084 3728 23 16 be
2114 3729 40 15 sent
2161 3729 20 14 to
2188 3727 30 17 the
2224 3727 56 17 Office
2286 3727 52 17 three
2345 3727 44 20 days
2396 3726 59 16 before
2461 3726 46 20 pub-

1916 3748 81 19 lication,
2004 3748 37 16 and
2047 3749 51 15 must
2105 3749 22 16 be
2134 3748 20 17 in
2160 3748 81 20 writing.
2262 3747 156 17 Advertisementt
2424 3745 81 18 received

1918 3768 52 21 after
1977 3769 20 17 10
2004 3768 67 17 o'clock
2078 3773 24 13 on
2114 3769 64 20 Friday
2189 3768 87 21 morning
2285 3768 38 17 will
2333 3769 23 16 be
2367 3767 76 19 charged
2454 3766 51 16 twice

1918 3789 31 17 the
1957 3789 51 17 usual
2017 3791 53 15 rates.

1938 3810 31 16 All
1975 3810 67 19 orders,
2053 3810 159 18 advertisementi,
2222 3809 38 17 and
2271 3808 163 17 communications
2445 3808 19 15 to
2474 3806 32 17 th«

1918 3831 69 19 Editor,
1994 3835 29 12 are
2029 3831 98 20 requested
2133 3832 18 15 to
2159 3831 22 16 be
2188 3829 98 17 addressed
2292 3831 19 15 to
2318 3830 38 16 this
2363 3829 61 17 Office.

223 131 43 20 Ea:
280 129 175 21 '"Transfer."

51 164 71 48 ON
138 164 43 22 sale
193 168 22 17 at
230 164 35 21 the
275 164 75 21 Stores
360 163 24 20 of
398 161 36 21 the
444 159 188 27 undersigned:—

129 190 115 27 Superfine
254 197 47 14 new
313 189 94 22 colonial
418 188 63 25 flour,

77 218 98 21 Seconds
256 216 35 21 do.
350 215 34 22 do.
440 214 37 21 do.

77 244 74 21 Coffee
161 244 22 21 in
195 243 57 27 good
263 243 121 24 condition,

78 270 95 21 Refined
182 270 50 21 loaf
237 276 65 19 sugar
311 270 23 21 in
346 269 63 21 hhds.

77 297 69 21 Moist
153 303 66 20 sugar
228 296 22 21 in
261 296 60 27 bags,

78 324 82 26 Cigars,
172 323 69 27 prime
253 322 99 25 Manilla,
362 321 49 21 first
420 319 92 29 quality,

77 350 98 27 Brandy,
189 351 8 19 i
210 349 51 22 hhd.
273 356 54 19 very
336 348 106 27 superior,

79 377 101 20 Jamaica
190 383 49 14 rum
294 375 36 22 do.
382 374 36 21 do.

78 403 53 22 Pale
141 403 38 26 gin
190 403 23 20 in
223 402 64 21 hhds.

77 431 40 20 150
127 436 61 15 cases
199 429 26 21 of
232 428 109 26 Hollands,

75 458 42 19 300
129 456 78 21 cheese
217 456 22 21 in
249 455 59 27 good
318 453 70 27 order,

77 483 54 21 Port
140 482 43 22 and
194 482 76 27 sherry
279 482 24 21 in
313 481 66 21 wood
388 479 44 23 and
441 478 78 27 bottle,

77 509 144 26 Champagne
230 509 23 21 in
264 510 13 20 6
286 508 73 21 dozen
369 514 68 19 cases,

77 535 91 22 Bottled
177 535 34 22 ale
222 535 45 21 and
275 537 82 25 porter,

78 562 70 22 Black
157 566 37 18 tea
204 562 22 21 in
237 563 25 21 35
272 561 30 22 lb.
313 560 118 28 packages,

78 589 93 27 Ginger,
185 588 86 27 raisins,
288 591 73 18 castor
380 586 36 27 oil,
432 585 66 23 white
514 591 85 20 pepper
611 590 19 14 ir

49 615 61 26 bags,
279 615 8 10 '

79 643 130 21 Arrowroot
218 641 22 21 in
252 641 129 26 cannisters,

79 669 91 26 Shingle
180 667 63 28 nails,
255 667 45 22 and
316 674 28 15 an
360 667 133 21 assortment
508 665 27 21 of
547 664 57 21 nails
614 663 23 21 of

51 695 29 21 all
92 695 152 27 descriptions,

79 721 71 28 Large
159 728 60 21 rugs,
226 723 9 19 1
240 722 36 20 0-4
282 720 105 22 blankets
392 719 73 26 heavy
471 717 45 22 and
524 716 112 27 coloured,

79 748 167 27 Counterpanes
255 747 22 21 in
287 747 70 26 bales,
367 747 49 21 best
426 748 86 24 regatta
522 744 73 27 shirts,

79 775 125 26 Osnaburg,
216 776 52 20 1000
277 773 67 28 yards
354 773 35 22 for
399 773 73 25 lining
481 771 87 27 houses,

80 801 79 26 Prints,
185 809 13 13 a
221 804 62 24 great
305 801 93 26 variety,
423 799 45 22 and
496 796 141 23 fashionable

51 831 106 24 patterns,

80 855 112 26 Sheeting,
204 853 100 28 shirting,
316 853 45 22 and
371 851 138 24 unbleached
520 850 77 28 calico,

79 881 76 22 Men's
165 881 65 21 white
240 881 72 26 shirts,
324 880 71 26 socks,
407 879 61 22 linen
479 878 76 26 check,

79 908 75 22 Men's
164 907 95 22 woollen
269 907 73 26 shirts,

79 934 114 22 Moleskin
204 933 45 22 and
258 933 53 22 cord
320 936 109 22 trowsers,
439 930 148 28 bed-ticking,

80 961 109 26 Flushing
198 963 101 19 trowsers
317 959 98 27 monkey
423 959 92 26 jackets,

80 988 46 21 Pea
131 987 95 26 jackets,
238 986 93 22 woollen
342 987 102 25 drawers,

80 1012 68 24 Duck
157 1013 81 25 frocks,
250 1013 137 26 comforters,
397 1012 45 22 and
451 1015 110 22 trowsers,

82 1041 87 26 Chintz,
182 1040 102 22 coloured
295 1040 46 21 and
350 1039 66 22 black
425 1038 105 26 merinos,

82 1067 47 23 Kid
137 1067 78 27 gloves
223 1067 26 21 of
255 1067 29 21 all
294 1066 154 27 descriptions,

82 1094 58 22 Rich
150 1093 85 28 figured
244 1093 96 28 poplins,

82 1120 64 27 Long
155 1120 62 22 scarf
227 1119 86 28 shawls,
322 1119 56 22 dark
384 1116 252 25 mousselane-de-laine

55 1147 94 27 dresses,

82 1174 62 22 Satin
155 1173 75 27 scarfs,
239 1173 59 22 book
306 1173 91 26 muslin,

82 1200 71 22 Black
162 1200 45 22 and
216 1200 104 22 coloured
329 1207 52 19 gros
392 1198 37 28 de'
429 1198 89 28 Naples,

82 1227 120 22 Cashmere
227 1227 85 26 shawls,
335 1226 79 22 ladies'
430 1227 46 21 and
498 1225 54 27 girls
574 1227 63 19 straw

53 1253 106 28 bonnets,
169 1254 56 27 boys
233 1253 74 23 velvet
316 1260 59 20 caps,

82 1280 71 22 Black
164 1287 71 20 crape,
244 1280 77 22 ladies'
333 1279 45 22 and
386 1279 54 28 girls
451 1283 66 23 stays,

82 1307 117 22 Women's
205 1307 62 27 hose,
278 1314 13 14 a
299 1307 86 26 variety
396 1306 25 22 of
427 1307 98 25 ribbons,

82 1335 28 21 10
119 1334 74 27 pieces
203 1333 66 22 India
277 1333 43 22 silk
328 1333 179 26 handkerchiefs,

82 1360 77 22 Men's
168 1361 136 26 comforters,
315 1360 81 22 lamb's
405 1359 57 22 wool
472 1359 73 27 shirts,

84 1387 156 22 Gentlemen's
249 1390 64 22 vests,
326 1386 48 22 first
385 1386 92 27 quality,

84 1413 156 22 Gentlemen's
254 1412 66 23 black
334 1413 85 22 beaver
427 1413 56 27 hats,
493 1411 149 28 gentlemen's

56 1439 81 23 oilskin
146 1440 58 27 hats,
216 1440 94 22 Manilla
319 1439 59 27 hats,

84 1466 134 27 Umbrellas,
242 1466 82 22 tailors'
344 1466 134 27 trimmings,
494 1465 46 22 and
561 1464 81 22 haber-

56 1493 95 28 dashery
162 1493 26 22 of
199 1492 30 23 all
237 1496 62 23 sorts,

85 1520 66 22 India
159 1520 82 22 rubber
250 1520 45 22 and
305 1522 76 19 cotton
390 1520 85 26 braces,
481 1545 5 6 _

84 1547 155 21 Gentlemen's
267 1547 100 27 superior
393 1545 111 23 buckskin
531 1548 110 24 trowsers,

56 1573 60 28 good
126 1574 74 27 shape,

85 1601 81 21 Cotton
176 1600 172 22 handkerchiefs
357 1600 25 20 in
391 1599 81 27 pieces,

84 1627 106 28 Superior
219 1626 141 23 broad-cloth
388 1626 46 21 and
462 1625 121 23 Cashmere
609 1624 35 22 for

57 1656 109 25 trowsers,

83 1681 14 20 3
106 1680 63 22 bales
178 1680 26 22 of
210 1680 53 27 sole,
275 1679 44 27 kip,
331 1679 46 22 and
386 1679 47 22 calf
440 1678 94 28 leather,

84 1707 59 21 Boat
151 1707 58 22 nails
220 1707 23 21 of
251 1706 31 22 all
291 1706 155 27 descriptions,

84 1734 77 22 Men's,
167 1737 77 24 strong
253 1734 70 26 boots,
333 1733 64 27 boy's
408 1732 45 22 and
463 1732 106 22 women's
580 1731 34 22 do.

85 1761 155 21 Gentlemen's
263 1759 99 28 superior
388 1759 115 27 kangaroo
531 1758 112 27 bluchers,

57 1787 67 22 made
133 1791 22 17 to
167 1787 71 25 order.

84 1814 80 22 Mould
174 1814 98 27 candies,

84 1841 58 21 Boat
151 1840 102 27 anchors,

85 1867 104 28 Superior
197 1867 110 22 furniture
317 1866 24 22 of
350 1866 30 22 all
390 1866 153 28 descriptions,

84 1894 136 27 Negrohead
228 1894 99 26 tobacco,

84 1921 50 21 One
146 1921 49 27 pipe
205 1920 56 27 light
273 1923 51 24 port
332 1920 64 22 wine.

315 1953 35 22 W.
367 1954 28 21 B.
411 1953 94 22 Rhodes
519 1953 47 21 and
580 1953 38 21 Co.

103 1999 100 20 Choice
213 1998 153 24 Furniture,
377 2004 37 15 ex

59 2031 72 49 ON
141 2031 85 26 SALE,
235 2038 30 14 an
272 2033 134 19 assortment
413 2030 26 22 of
445 2030 76 22 choice
529 2029 117 28 furniture,

123 2057 121 28 consisting
254 2057 33 22 of:

138 2091 61 22 Four
207 2092 75 26 4-post
289 2090 126 28 bedsteads,

138 2118 61 22 Four
207 2118 57 21 wool
273 2121 135 23 mattrasses,

138 2145 59 22 Four
208 2144 89 22 Marina
306 2148 135 23 mattrasses,

138 2172 60 21 Four
207 2171 70 22 railed
287 2170 103 28 couches,

137 2198 73 22 Three
221 2197 130 23 wash-hand
361 2198 83 27 stands,

137 2225 73 22 Three
220 2224 99 28 dressing
329 2224 78 28 tables,

136 2252 74 22 Three
219 2254 44 20 sets
273 2252 21 21 D
305 2251 78 28 tables,

126 2277 85 24 'Three
220 2282 44 19 sets
275 2278 101 26 drawers,

136 2305 90 22 Twelve
236 2308 135 24 mattrasses,

136 2332 89 22 Twelve
234 2332 92 27 pillows,

138 2360 49 21 One
197 2363 33 18 set
240 2358 89 28 dummy
340 2358 66 28 table,

136 2386 89 21 Twelve
235 2385 78 27 chairs,

136 2412 80 26 Thirty
224 2419 69 15 seven
302 2419 59 21 rugs,

138 2440 54 21 Five
201 2438 50 23 hair
260 2439 102 27 couches,

138 2466 72 23 Three
218 2466 125 22 bedsteads.

82 2501 34 22 At
126 2501 36 21 the
173 2501 74 21 Stores
257 2500 27 22 of

409 2527 23 22 J.
444 2527 45 22 and
500 2527 27 22 G.
536 2527 82 22 Wade.

134 2573 61 20 Tan
211 2572 136 21 Disman's
361 2573 78 21 Land
453 2572 118 21 Timber.

77 2609 13 19 4
119 2607 106 22 LARGE
240 2607 102 27 quantity
352 2607 26 21 of
392 2606 52 22 Van
454 2606 118 22 Dieman's
582 2605 65 23 Land

59 2628 50 28 A
138 2635 80 21 timber
237 2634 25 21 of
280 2634 87 22 various
385 2633 137 22 dimensions
532 2641 4 18 ;
562 2633 54 27 also,
633 2640 13 14 a

58 2661 61 27 large
129 2661 101 28 quantity
241 2661 26 21 of
279 2659 99 23 Colonial
388 2660 87 27 timber,
492 2659 122 28 consisting
624 2659 24 22 of

59 2689 103 26 weather,
173 2688 80 26 lining,
268 2687 45 22 and
322 2687 96 27 flooring
427 2687 80 22 boards
517 2686 46 23 and
573 2690 74 18 scant-

57 2715 48 27 ling
115 2715 25 21 of
151 2714 30 22 all
192 2715 55 21 sizes
258 2714 44 22 and
310 2713 90 27 lengths
407 2722 6 19 ;
434 2721 51 15 now
498 2721 30 15 on
543 2713 63 23 hand
623 2717 23 19 at

58 2743 39 21 the
106 2746 70 17 stoics
187 2742 26 21 of
220 2741 38 21 the
266 2741 161 27 undersigned.

84 2775 64 27 They
158 2774 45 22 will
213 2774 47 22 also
268 2775 28 21 be
311 2774 76 28 happy
397 2777 23 18 to
431 2774 80 28 supply
521 2774 64 22 those
595 2774 51 22 who

58 2802 80 22 intend
147 2801 98 27 erecting
254 2801 112 27 buildings
376 2801 53 22 with
439 2801 38 21 the
482 2800 70 23 above
560 2802 84 26 article,

59 2832 38 18 cut
115 2833 24 17 to
159 2828 71 27 order,
253 2828 24 21 of
300 2835 45 20 any
366 2828 138 21 dimensions
524 2828 54 27 they
595 2835 51 20 may

58 2856 94 27 require,
173 2855 45 22 and
239 2854 134 23 deliverable
393 2857 23 19 at
435 2862 45 20 any
498 2858 50 24 part
567 2855 27 22 of
609 2854 37 23 the

58 2883 72 21 beach
141 2889 28 15 on
181 2882 39 21 the
228 2882 95 21 shortest
330 2881 84 22 notice.

320 2915 64 21 John
400 2922 47 14 and
461 2915 60 21 Geo.
536 2914 82 22 Wade.

59 2962 41 19 To
122 2961 44 20 the
188 2960 167 24 Merchants,
378 2959 196 26 Skip-owners,
592 2960 55 20 and

155 2988 93 19 others
268 2987 29 20 of
310 2987 66 20 Port
389 2986 161 21 Nicholson.

61 3021 160 49 MESSRS.
243 3020 99 22 PRATT
362 3019 46 22 and
427 3019 107 22 BEVAN
554 3020 46 27 beg
612 3027 36 15 re-

152 3047 117 28 spectfully
297 3050 22 18 to
341 3046 84 22 inform
449 3046 37 22 the
510 3047 136 26 merchants,

60 3075 154 27 ship-owners,
232 3074 45 22 and
294 3073 81 27 others,
390 3073 50 22 that
454 3073 53 27 they
523 3073 58 22 have
596 3081 51 14 now

61 3101 145 22 commenced
224 3101 37 21 the
280 3100 156 22 manufacture
460 3100 26 22 of
500 3108 61 20 rope,
581 3100 64 25 lines,

60 3129 68 21 twine
143 3128 25 22 of
175 3128 29 22 all
219 3127 151 28 descriptions,
385 3131 57 17 mats
458 3127 25 22 of
496 3127 30 21 all
541 3128 65 26 sizes,
618 3127 30 22 oil

61 3155 78 26 cloths,
159 3155 39 21 &c.
207 3162 5 18 ;
228 3154 82 27 fishing
326 3157 49 19 nets
391 3153 67 23 made
474 3154 45 21 and
537 3153 108 28 repaired,

61 3181 45 22 and
124 3188 66 21 everjr
200 3181 133 28 description
354 3181 26 22 of
395 3181 77 21 article
487 3181 24 21 in
529 3180 37 22 the
577 3181 71 21 above

60 3208 55 26 line,
133 3208 28 22 all
176 3208 58 22 from
251 3208 55 22 New
320 3207 101 22 Zealand
437 3207 52 27 flax,
506 3207 44 23 and
565 3214 30 16 on
611 3208 37 21 the

61 3238 59 18 most
128 3235 130 21 reasonable
268 3234 99 27 charges.
395 3235 77 26 Apply
481 3238 24 18 to

278 3268 91 23 Messrs.
385 3268 78 21 Pratt
478 3268 44 21 and
538 3268 87 27 Bevan,

61 3302 45 22 No.
124 3303 19 25 1,
167 3301 230 27 Molesworth-street,
424 3301 146 27 Wellington,
595 3301 54 23 Port

289 3328 132 22 Nicholson.

63 3373 160 49 MESSRS.
237 3372 144 22 JOHNSON
397 3372 46 22 and
463 3372 110 23 MOORE
592 3372 57 23 have

155 3399 109 26 received,
275 3407 28 14 ex
313 3399 102 26 Transfer
425 3407 5 12 :—:
432 3411 29 3 —

91 3433 59 22 Pilot
159 3435 67 23 coats,
237 3439 42 20 pea
285 3432 93 27 jackets,

90 3460 56 22 Blue
153 3459 94 27 jackets,
256 3459 94 28 monkey
362 3460 63 27 ditto,

91 3485 108 27 Flushing
209 3489 107 23 trowsers,
325 3486 40 22 red
374 3487 73 25 shirts,

91 3513 63 23 Dark
164 3513 66 26 fancy
240 3512 70 27 prints
320 3513 43 21 and
373 3520 59 20 navy
442 3514 71 27 blues,

91 3539 104 29 Superior
204 3539 111 26 blankets,
327 3539 94 23 Manilla
430 3541 57 26 hats,

91 3567 108 25 Ribbons,
208 3565 100 22 artificial
319 3565 91 28 flowers,

91 3593 70 23 Black
171 3593 43 21 silk
223 3592 177 27 handkerchiefs,
411 3597 75 19 cotton
497 3594 62 28 ditto,

91 3621 71 21 Wash
169 3619 104 26 leathers,
284 3626 100 20 sponges,

92 3648 88 25 Combs,
192 3646 100 26 shaving,
302 3646 65 27 teeth,
380 3646 44 21 and
432 3646 49 22 hair
489 3647 101 28 brushes,

93 3674 95 26 Violins,
199 3673 60 21 bows
270 3673 44 21 and
323 3673 87 26 strings,

93 3701 64 23 Deed
167 3700 46 22 and
221 3699 54 22 oash
286 3700 74 25 boxes,

92 3729 77 26 20,000
179 3727 101 27 superior
288 3726 93 21 Manilla
391 3727 78 26 cigars,

94 3755 70 22 Black
174 3758 37 17 tea
218 3753 24 21 in
253 3753 50 21 half
316 3753 79 26 chests,
410 3753 45 22 and
467 3754 42 22 fine
518 3755 83 26 butter,
618 3755 35 21 &c

67 3783 48 26 &c,
127 3787 103 17 common
243 3780 112 21 tumblers.

95 3816 36 21 On
141 3814 46 23 sale
203 3814 51 21 with
271 3813 37 22 the
324 3814 77 25 above,
413 3820 14 14 a
439 3814 102 28 quantity
551 3814 25 21 of
588 3814 66 21 hard-

68 3850 58 15 ware
136 3841 45 22 and
190 3840 142 28 agricultural
341 3840 150 27 implements.

94 3877 22 21 A
136 3882 54 20 very
209 3874 100 32 superior
327 3874 33 21 six
377 3873 68 22 oared
466 3873 112 23 Canadian
600 3873 55 23 built

68 3902 71 22 whale
148 3903 61 25 boat,
216 3901 52 22 with
277 3901 62 21 brass
346 3901 115 27 rowlocks,
474 3908 53 20 oai'B,
539 3904 65 24 mast,
612 3901 43 22 and

65 3929 46 22 sail.

862 126 80 21 Sank
957 126 30 20 of
1004 123 150 22 Australia.

663 160 94 22 London
776 160 92 25 Office,
884 158 45 22 No.
943 159 37 25 3S,
998 157 50 22 Old
1064 157 185 21 Broad-street.

717 192 94 28 Capital,
821 192 121 26 £800,000;
964 190 51 28 paid
1023 197 39 21 up,
1077 189 120 27 £500,000.

897 228 111 13 DIRECTORS
1012 229 4 5 ■

769 253 68 20 George
844 253 38 16 Fife
889 253 68 19 Angus,
965 252 49 20 Esq.,

768 274 68 16 Robert
843 274 74 18 Brooks,
929 273 48 20 Esq.,

768 295 62 16 James
837 294 48 16 John
893 294 100 18 Cummins,
1002 293 47 19 Esq.,

769 316 68 15 Robert
844 314 96 19 Gardener,
952 314 49 19 Esq.,
1012 312 123 19 Manchester,

769 336 48 16 John
825 336 45 15 Gore
887 335 49 19 Esq.,

769 356 48 17 John
825 356 80 16 William
911 355 75 18 Buckle,
993 354 47 21 Esq.,

769 376 95 21 Benjamin
872 377 21 15 E.
900 375 64 19 Lindo,
972 375 48 19 Esq.,

770 397 72 17 Charles
850 397 77 16 Edward
935 396 86 20 Mangles,
1029 395 50 20 Esq.,

770 418 114 20 Christopher
891 417 84 19 Rawson,
984 417 47 19 Esq.,
1043 415 83 19 Halifax,

769 437 79 18 Thomas
855 438 64 19 Sands,
927 437 49 20 Esq.,
983 436 101 21 Liverpool,

769 460 62 16 James
838 458 55 21 Bogle
902 458 64 19 Smith,
972 458 48 19 Esq.,

769 480 63 17 James
838 479 79 17 Ruddell
924 477 57 20 Todd,
989 477 41 21 Esq.

664 508 86 16 Trustees
755 512 5 12 :
776 507 81 17 George
868 506 57 17 Carr
936 505 61 19 Gltn,
1010 505 48 19 Esq.,
1068 504 54 17 John
1134 503 62 19 Gore,
1205 503 48 20 Esq.,

812 528 36 16 and
855 527 66 17 James
928 526 17 17 J.
952 526 101 18 Commins,
1063 525 43 20 Esq.

693 555 81 17 Bankers
779 560 4 11 :
795 554 75 17 Messrs.
877 554 62 19 Glyn,
950 554 18 16 H
971 556 94 15 allifax,
1073 552 71 18 Mills,
1153 550 37 17 and
1197 550 31 16 Co.

785 583 100 20 Secretary:
897 582 85 16 Samuei.
987 581 95 18 Jackson,
1090 579 43 20 Esq.

756 610 80 17 Colonial
842 609 103 21 Inspector:
958 608 17 16 J.
983 608 19 16 C.
1009 607 103 19 M'Laren,
1120 606 43 21 Esq.

787 658 69 20 New
873 656 124 21 Zealand
1015 654 116 22 Branch.

665 691 54 17 Local
726 691 90 17 Directors
823 696 4 11 :
843 690 46 17 Geo.
901 690 18 17 S.
930 690 74 17 Evans,
1016 689 49 20 Esq.,
1076 687 71 20 D.C.L.,
1161 687 36 17 and
1209 687 46 17 Geo.

887 711 91 18 Hunter,
991 709 42 21 Esq.

665 740 87 20 Manager
757 744 5 12 :
774 739 47 17 John
830 738 70 20 Smith,
910 738 48 19 Esq.,
967 737 37 16 late
1011 737 19 15 of
1039 736 31 16 the
1077 735 119 17 Commercial
1203 734 53 17 Bank

835 759 20 17 of
863 759 88 20 England,
964 758 122 17 Manchester.

776 786 114 24 Branches
900 789 24 19 at
940 785 95 27 Sydney,

940 812 89 22 llobart
1035 811 78 27 Town,

942 839 8 22 1
958 841 132 24 ,aunceston,
1101 837 47 22 and

941 866 10 22 I
961 868 34 20 ort
1004 865 80 27 Philip.

667 895 54 23 Port
730 894 131 27 Nicholson,
872 893 80 23 March
962 893 35 26 24,
1009 893 61 21 1840.

668 949 92 30 rpiHE
777 948 114 22 Directors
907 946 27 22 of
949 945 40 22 the
1006 945 56 22 New
1077 944 101 22 Zealand
1192 944 65 22 Land

675 968 31 29 X
743 976 117 26 Company
874 973 83 27 hereby
974 972 51 27 give
1041 972 82 26 notice,
1141 971 49 21 that
1205 972 58 26 they.

666 1002 59 22 have
732 1008 114 16 EFFECTED
855 1008 29 14 AN
895 1006 173 16 ARRANGEMENT
1076 998 53 22 with
1136 998 37 21 the
1182 998 74 21 Union

667 1029 66 21 Bank
748 1029 25 21 of
789 1027 120 26 Australia,
926 1026 45 22 No.
988 1027 34 25 38,
1037 1025 44 21 Old
1098 1024 158 27 Broad-street,

668 1055 103 26 London,
781 1055 34 21 for
825 1054 38 22 the
875 1053 169 22 establishment
1058 1052 26 22 of
1098 1058 12 15 a
1128 1051 130 22 BRANCH

668 1082 89 22 BANK
772 1081 34 22 IN
821 1080 72 22 NEW
907 1079 159 27 ZEALAND,
1079 1078 97 27 through
1187 1078 71 22 which

668 1109 39 21 the
715 1109 102 21 business
829 1108 27 21 of
868 1107 38 22 the
924 1107 57 21 New
997 1105 101 23 Zealand
1110 1105 66 21 Land
1194 1105 64 21 Com-

667 1143 61 20 pany
737 1135 46 22 will
791 1135 27 21 be
828 1133 134 23 transacted.
992 1132 47 22 The
1054 1132 117 22 Directors
1186 1131 73 22 there-

667 1163 48 21 fore
724 1161 146 23 recommend
878 1165 23 18 to
919 1159 111 23 Colonists
1045 1159 38 21 the
1102 1158 75 22 Union
1194 1158 65 22 Bank

668 1189 27 21 of
714 1188 113 22 Australia
845 1194 23 16 as
886 1195 29 14 an
942 1186 169 22 establishment
1133 1185 127 27 possessing

668 1215 58 22 their
742 1215 71 23 entire
835 1214 138 27 confidence,
994 1213 45 22 and
1057 1213 50 21 able
1126 1215 24 19 to
1168 1212 92 27 provide

668 1242 127 27 effectually
809 1241 37 22 for
861 1241 37 22 the
912 1240 108 22 financial
1033 1243 71 19 wants
1121 1238 26 23 of
1157 1241 39 19 the
1213 1239 47 21 first

668 1269 136 22 settlement.

837 1295 35 27 By
881 1293 67 23 order
956 1293 27 22 of
994 1293 37 22 the
1041 1292 81 27 Board,

914 1328 86 22 JOHN
1015 1327 103 27 WARD,
1135 1327 124 27 Secretary.

670 1357 56 22 New
735 1356 101 23 Zealand
846 1355 64 22 Land
920 1355 135 31 Company's
1065 1353 78 27 Office,

698 1386 19 22 1,
728 1384 159 26 Adam-street,
899 1382 105 27 Adelphi,
1015 1380 54 23 2nh
1077 1380 69 26 Aug.,
1157 1381 62 20 1839.

840 1428 67 20 Port
922 1426 31 21 of
969 1427 126 20 London.

725 1462 88 21 Notice
833 1468 28 15 to
881 1467 46 15 the
948 1460 93 21 Public.
1042 1471 29 3 —
1071 1458 126 22 Travellers
1218 1459 43 21 and

670 1488 75 22 others
755 1488 49 21 who
814 1487 56 22 send
878 1488 108 26 baggage,
998 1486 71 21 works
1079 1486 26 21 of
1116 1489 41 23 art,
1165 1492 25 14 or
1198 1485 63 21 other

671 1515 66 22 value
747 1518 105 24 property
862 1518 22 18 to
894 1513 113 27 England,
1024 1513 81 21 should
1119 1512 94 27 consign
1224 1512 37 21 the

671 1541 110 28 packages
793 1545 22 18 to
825 1540 38 23 the
874 1548 50 15 care
931 1540 26 22 of
962 1547 14 14 a
982 1539 99 22 licensed
1089 1539 172 22 Custom-house

671 1572 74 24 agent,
762 1575 24 14 as
802 1568 87 21 articles
905 1575 38 14 are
959 1566 129 28 frequently
1101 1565 98 28 injured,
1217 1565 45 22 and

671 1596 103 21 needless
783 1601 98 21 expense
896 1593 112 27 incurred,
1025 1594 34 21 for
1075 1593 37 21 the
1129 1596 60 18 want
1206 1593 26 20 of
1249 1600 13 13 a

671 1629 82 20 proper
762 1629 80 19 person
854 1624 22 19 to
887 1621 51 22 take
948 1620 81 27 charge
1040 1620 25 21 of
1081 1620 61 21 them
1159 1626 28 15 on
1205 1619 58 21 their

672 1649 87 25 arrival,
770 1648 45 22 and
825 1655 37 15 see
876 1648 62 21 them
957 1647 97 26 entered,
1074 1646 125 27 examined,
1218 1646 44 21 and

672 1676 108 26 carefully
795 1674 117 28 repacked.
947 1674 48 21 The
1016 1673 80 27 charge
1113 1673 18 22 is
1146 1673 39 22 the
1201 1680 61 14 same

672 1702 99 23 whether
780 1709 24 15 so
816 1701 122 27 consigned
947 1708 25 14 or

724 1735 170 23 Custom-house
905 1734 118 26 Chamber,
1035 1734 103 27 London,

674 1796 140 49 DEVOY
823 1795 45 22 and
879 1796 54 24 CO.,
947 1796 45 19 who
1006 1802 37 13 are
1060 1796 35 19 the
1109 1795 153 20 LICENSED

755 1824 124 20 AGENTS
888 1823 27 25 of
924 1824 47 19 Her
978 1824 97 24 Majesty'
1075 1826 14 17 's
1097 1823 166 20 Commissioners

673 1852 29 24 of
714 1852 99 24 Customs,
823 1851 43 20 and
879 1852 66 19 under
955 1852 64 24 heavy
1027 1851 63 20 bonds
1097 1850 42 25 for
1149 1851 36 18 the
1193 1850 69 25 safety

674 1879 28 25 of
707 1881 102 24 property
826 1878 110 26 consigned
950 1880 21 19 to
987 1880 62 22 them,
1069 1878 45 26 beg
1132 1876 63 22 those
1213 1876 49 22 who

674 1906 57 21 send
740 1906 109 27 packages
861 1909 21 18 to
892 1905 58 22 their
961 1913 56 19 care,
1034 1909 21 18 to
1065 1911 37 15 see
1112 1904 49 21 that
1171 1903 55 22 each
1235 1904 28 21 be

674 1932 114 27 distinctly
808 1932 92 22 marked
1047 1931 45 22 and
1111 1932 47 24 Co.,
1180 1930 91 21 Lower.

673 1960 201 25 Thames-street,
1016 1958 86 21 andthe
1109 1957 39 22 bill
1156 1957 26 21 of
1187 1957 84 27 lading,

674 1993 26 14 or
713 1986 86 26 receipt
812 1985 125 22 forwarded
954 1989 22 18 to
996 1986 61 21 them
1075 1984 71 22 direct
1161 1984 29 25 by
1206 1987 56 24 post,

674 2012 55 21 with
737 2012 143 21 instructions
890 2012 50 21 how
950 2012 56 21 such
1016 2012 68 25 goods
1095 2018 36 14 are
1142 2014 22 17 to
1178 2010 85 23 betdis-
1270 2018 2 7 1

674 2038 69 26 posed
752 2038 28 22 of
790 2045 29 14 on
829 2038 78 21 arrival
917 2046 5 18 ;
939 2037 43 22 and
991 2045 24 14 as
1023 2045 66 19 every
1098 2036 98 28 package
1204 2041 60 17 must

673 2065 30 22 be
720 2064 86 28 opened
827 2068 23 18 at
868 2064 37 21 the
923 2064 179 26 Custom-house,
1122 2064 20 21 if
1162 2070 46 20 any
1226 2071 37 14 are

674 2092 87 27 locked,
773 2092 37 21 the
820 2092 55 26 keys
884 2090 80 23 should
974 2092 27 20 be
1012 2090 130 23 forwarded.

703 2119 77 22 Goods
790 2118 44 22 and
844 2118 110 28 packages
964 2125 37 14 are
1011 2117 123 22 forwarded
1143 2118 31 26 by
1184 2116 80 28 Devoy

675 2146 46 21 and
731 2146 38 21 Co.
779 2148 23 19 to
813 2144 29 23 all
856 2149 60 23 parts
929 2145 26 21 of
969 2145 37 21 the
1023 2144 128 26 Continent,
1163 2143 36 22 the
1211 2144 54 21 East

675 2172 46 22 and
731 2172 63 22 West
802 2172 81 25 Indies,
893 2171 110 27 Colonies,
1015 2172 40 21 &c.
1066 2172 40 21 &c.
1116 2179 5 17 ;
1134 2170 53 26 and,
1197 2170 20 21 if
1230 2177 35 15 re-

675 2199 86 27 quired,
772 2202 51 19 sent
836 2202 24 18 to
870 2198 37 22 the
919 2205 51 15 care
985 2198 27 21 of
1022 2198 137 27 responsible
1177 2204 86 20 nouses,

675 2226 51 21 who
741 2226 44 21 will
801 2233 36 14 see
855 2225 37 22 the
908 2225 145 22 instructions
1067 2228 53 18 sent
1133 2224 55 22 with
1203 2224 62 22 them

675 2252 132 29 punctually
817 2252 105 22 attended
933 2255 29 18 to.

703 2280 39 21 All
751 2279 69 28 goods
830 2279 45 22 and
885 2278 109 28 packages
1004 2279 35 21 for
1048 2278 113 27 shipment
1168 2281 61 18 must
1237 2278 28 21 be

675 2306 161 28 accompanied
845 2306 30 28 by
891 2306 87 21 written
994 2306 151 26 instructions,
1156 2304 54 22 with
1227 2304 38 23 the

675 2341 68 14 name
752 2333 45 22 and
807 2332 89 23 address
905 2332 26 22 of
945 2332 37 22 the
992 2332 82 27 parties
1081 2332 31 27 by
1124 2332 72 21 whom
1212 2332 55 25 they

675 2367 39 15 are
727 2363 56 24 sent,
801 2360 45 21 and
862 2359 37 22 the
912 2362 105 19 contents
1029 2359 45 22 and
1089 2358 67 23 value
1172 2358 26 22 of
1211 2357 55 24 each

675 2387 100 27 package
785 2386 80 23 stated.
893 2386 48 22 The
956 2386 55 27 duty
1021 2386 110 21 outwards
1145 2386 19 21 is
1176 2387 42 20 10s.
1227 2393 40 20 per

675 2414 63 22 £100
752 2413 73 22 value.
863 2412 47 23 The
926 2416 49 18 rate
990 2413 27 21 of
1029 2413 119 22 insurance
1166 2412 100 28 depends

674 2448 63 20 upon
747 2441 181 21 circumstances.
957 2440 44 21 For
1018 2440 87 21 further
1119 2440 146 24 information

675 2468 68 27 apply
768 2470 23 19 to
815 2468 43 21 Mr.
879 2468 93 21 Samuel
998 2466 100 27 Revans,
1118 2466 146 28 Wellington,

675 2494 54 22 Port
740 2494 130 22 Nicholson.

725 2538 112 22 ONDON
855 2537 165 23 AGENCY.—
1020 2537 47 23 The
1077 2537 38 23 old
1131 2538 135 22 established

740 2565 48 22 firm
806 2565 26 21 of
845 2564 36 22 W.
898 2565 103 21 Hickson
1017 2564 45 22 and
1078 2565 62 26 Sons,
1152 2566 34 25 20,
1203 2565 64 22 West

675 2592 133 27 Smithfield,
821 2591 101 28 London,
931 2592 138 26 transacting
1079 2598 13 15 a
1101 2591 61 28 large
1173 2596 94 18 amount

675 2619 26 22 of
707 2619 97 27 Foreign
820 2619 109 26 business,
943 2618 44 22 will
1002 2619 86 21 receive
1098 2619 168 26 consignments

675 2645 26 23 of
718 2646 57 22 New
793 2645 101 23 Zealand
911 2645 106 28 produce,
1038 2645 44 22 and
1100 2645 125 22 undertake
1244 2649 21 18 to

674 2673 68 22 effect
750 2672 58 23 sales
816 2680 63 19 upon
888 2671 38 23 the
940 2675 61 19 most
1016 2672 167 27 advantageous
1198 2676 68 18 terms

675 2699 50 22 that
733 2706 43 15 can
791 2700 29 22 be
837 2698 106 23 obtained
952 2699 24 21 in
991 2699 104 27 London,
1105 2699 121 27 according
1244 2703 21 18 to

674 2726 39 22 the
729 2729 58 19 state
804 2726 26 22 of
843 2726 39 22 the
898 2726 94 22 market.
1024 2726 33 22 As
1072 2726 155 22 land-owners
1243 2727 22 21 in

675 2753 54 21 Port
740 2753 130 27 Nicholson,
882 2753 53 31 they
943 2752 59 22 have
1019 2759 29 15 an
1065 2753 93 22 interest
1173 2753 24 21 in
1213 2760 53 21 pro-
1272 2750 2 26 i

674 2780 88 26 moting
775 2780 38 22 the
828 2782 125 25 prosperity
962 2779 27 21 of
1001 2779 38 22 the
1056 2779 92 28 Colony,
1160 2780 46 22 and
1222 2781 45 21 will

674 2807 58 21 have
742 2810 63 23 great
813 2809 102 25 pleasure
925 2807 24 21 in
959 2805 143 28 discharging
1112 2810 37 19 the
1161 2807 71 23 duties
1244 2807 25 22 of

675 2834 145 26 Consignees.

702 2860 63 26 They
776 2860 59 22 refer
843 2859 24 23 in
885 2859 56 23 New
959 2859 102 23 Zealand
1074 2863 23 19 to
1112 2861 45 21 Mr.
1175 2861 91 21 Revans

675 2887 46 22 and
731 2887 44 22 Mr.
786 2887 33 21 St.
829 2887 57 21 Hill.
919 2887 29 21 In
958 2886 96 22 London
1062 2890 22 19 to
1093 2887 59 23 their
1161 2888 104 27 bankers,

675 2914 92 22 Messrs.
778 2913 108 27 Prescott,
896 2913 78 26 Grote,
985 2913 46 22 and
1041 2915 38 21 Co.

888 2958 163 21 Education.

677 2991 108 49 MRS.
805 2990 45 22 and
869 2991 71 22 MISS
964 2991 191 23 WAKEFIELD
1178 2993 87 22 receive

766 3017 75 28 pupils
851 3025 29 14 on
890 3017 37 22 the
936 3017 117 28 following
1062 3021 67 19 terms
1135 3026 5 14 :
1142 3030 28 5 —

703 3045 45 23 For
765 3045 77 26 board,
862 3044 53 22 with
933 3044 101 28 washing
1049 3045 44 21 and
1108 3045 35 22 in-

731 3072 108 22 struction
843 3071 24 22 in
872 3071 91 27 general
970 3071 94 28 English
1069 3072 74 22 litera-

731 3102 56 23 ture,
804 3099 94 26 writing,
912 3098 47 22 and
970 3098 117 28 aritmetic,
1103 3106 40 20 per

731 3128 91 25 quarter
1143 3128 13 20 8
1183 3128 14 20 8
1225 3129 14 20 0

702 3152 80 22 Under
791 3153 12 21 7
812 3159 65 20 years
888 3151 25 23 of
923 3159 42 20 age
1143 3155 13 21 7
1183 3153 15 23 7
1225 3156 14 19 0

702 3179 54 28 Day
764 3179 106 22 boarders
1143 3182 14 20 4
1183 3181 16 21 4
1225 3183 14 19 0

703 3206 54 27 Day
765 3205 73 28 pupils
1143 3209 14 19 2
1184 3209 14 19 2
1225 3210 14 19 0

703 3233 82 22 Junior
795 3232 56 22 ditto
1145 3235 51 21 11l
1225 3237 14 19 6

677 3259 96 28 French,
788 3259 90 28 Italian,
893 3259 45 23 and
952 3259 116 28 Drawing,
1077 3259 33 23 £1
1126 3261 44 21 11s.
1180 3261 36 22 6d.
1227 3268 40 21 per

922 3289 98 25 quarter.

704 3313 90 22 Private
804 3313 86 22 lessons
898 3313 23 21 in
931 3313 79 26 music,
1023 3320 25 14 or
1058 3320 44 20 any
1112 3313 26 22 of
1149 3313 37 23 the
1196 3315 71 21 above

677 3339 111 23 branches
797 3340 27 21 of
835 3339 126 26 education,
976 3346 44 15 one
1034 3339 76 23 hour's
1124 3341 141 28 instruction,

677 3367 51 22 four
736 3367 87 22 lessons
840 3366 35 22 for
885 3373 43 15 one
936 3366 91 27 guinea.

704 3400 137 22 References
851 3403 21 18 to
883 3399 38 22 the
928 3400 117 27 following
1049 3400 129 28 gentlemen
1189 3401 79 28 kindly

677 3426 122 30 permitted
806 3435 5 14 :
813 3438 28 4 —

706 3461 64 27 Capt.
779 3459 36 23 W.
827 3459 33 23 M.
872 3459 78 28 Smith,
961 3460 68 28 R.A.,
1039 3461 228 29 Surveyor-General,

705 3487 28 22 T.
746 3487 30 21 M.
789 3487 123 27 Partridge,
923 3487 54 28 Esq.

707 3515 22 21 S.
740 3514 98 27 Revans,
849 3513 53 28 Esq.

921 3558 107 21 Notice.

681 3592 163 49 PERSONS
855 3591 106 23 indebted
971 3594 23 18 to
1004 3591 37 22 the
1050 3592 151 28 undersigned
1211 3594 59 27 prior

754 3623 23 18 to
788 3619 38 21 the
842 3620 34 20 Ist
885 3619 26 21 of
917 3621 90 24 August
1016 3626 38 14 are
1064 3620 120 27 requested
1194 3623 23 19 to
1226 3628 44 19 pay

682 3646 37 22 the
736 3649 94 19 amount
844 3645 160 27 immediately,
1024 3645 46 21 and
1085 3646 83 27 parties
1187 3646 84 29 having

682 3673 78 22 claims
776 3673 87 26 against
879 3672 60 22 them
956 3679 38 14 are
1008 3672 120 27 requested
1140 3677 22 18 to
1168 3673 5 6 '
1182 3673 88 23 furnish

682 3699 58 23 their
747 3704 114 17 accounts.

940 3724 36 22 W.
992 3725 25 21 B.
1033 3725 95 23 Rhodes
1142 3727 46 21 and
1204 3727 39 22 Co.

708 3759 49 22 The
768 3760 37 21 old
814 3759 63 22 stock
887 3762 23 19 to
919 3759 28 22 be
959 3758 49 22 sold
1023 3766 55 20 very
1088 3759 77 27 cheap,
1178 3761 93 22 consist-

682 3787 39 26 ing
736 3786 28 21 of
776 3786 80 28 spirits,
874 3786 99 25 tobacco,
990 3786 65 26 nails,
1070 3793 61 20 soap,
1148 3787 121 28 hardware,

684 3813 109 27 tin-ware,
813 3817 55 23 pots,
889 3812 84 28 striped
994 3812 74 28 shirts,
1088 3813 75 22 Dutch
1187 3814 82 27 clocks,

684 3840 66 21 whits
764 3839 57 27 lead,
838 3840 69 31 paint,
922 3839 35 27 oil,
976 3839 101 27 clothing
1090 3840 27 21 of
1130 3839 90 24 various
1233 3841 38 22 de-

684 3866 123 27 scriptions,
825 3861 70 27 claret
909 3866 24 21 in
950 3872 43 15 one
1009 3865 72 23 dozen
1096 3873 68 21 cases,
1178 3868 93 23 double-

684 3893 109 22 barrelled
804 3893 50 21 flint
862 3900 66 20 guns.

712 3926 118 27 Augusts,
842 3928 61 20 1841.
