3390 5810
411 874 48 28 ago
482 873 15 18 a

404 948 41 29 till
459 948 50 29 last
529 946 98 30 Thurs-

359 990 65 30 with
436 990 74 29 40oz.
524 988 30 29 of
564 988 63 40 gold

232 1035 52 29 and
296 1035 64 29 then
375 1038 68 25 went
458 1032 67 30 back
539 1036 27 24 to
582 1031 45 29 the

189 1079 22 29 A
225 1077 75 31 small
314 1077 62 30 rush
390 1076 199 41 proportionate
600 1079 27 24 to

217 1121 62 29 took
293 1120 73 38 place
378 1131 7 24 ;
404 1118 45 30 the
472 1116 155 40 Wanganui

166 1165 91 38 pretty
281 1162 60 31 well
369 1159 184 41 depopulated,
575 1158 51 30 and

171 1206 97 31 betook
281 1205 158 30 themselves
463 1208 27 25 to
505 1203 43 29 the
569 1212 58 21 new

179 1251 85 29 These
296 1259 42 19 are
368 1247 118 31 situated
508 1246 119 31 between

166 1293 52 29 and
239 1292 85 39 thirty
338 1290 77 31 miles
437 1300 37 28 up
486 1289 47 29 the
552 1289 73 35 river,

0 1322 95 57 jjßhe
109 1336 61 39 gold
185 1336 46 28 has
244 1334 67 30 been
326 1333 82 29 found
418 1333 27 28 in
457 1342 15 19 a
483 1331 80 29 beach
573 1330 54 30 and

0 1367 131 47 IBcreek
145 1378 80 29 about
246 1385 47 22 ten
314 1376 78 30 miles
415 1379 84 35 apart.
558 1372 68 32 Gold

0 1416 110 35 ■been
124 1420 88 31 struck
227 1429 33 20 on
274 1418 45 32 the
333 1418 77 30 north
424 1416 92 35 beach,
534 1426 35 20 on
583 1416 44 29 the

0 1451 62 50 Kh
196 1463 51 30 and
271 1472 35 29 up
328 1462 46 30 the
398 1461 67 30 river
479 1471 7 25 ;
514 1459 61 33 and,
600 1459 27 29 in

136 1507 22 28 is
177 1504 170 40 everywhere.
406 1504 54 29 The
483 1501 61 40 gold
559 1502 22 29 is
601 1502 26 28 of

0 1536 107 55 Eerent
125 1548 182 43 descriptions,
333 1547 47 31 but
393 1545 166 41 everywhere
578 1554 48 20 cau

5 1579 17 42 I
39 1598 55 35 got,
152 1593 44 28 On
214 1592 44 28 the
279 1601 43 18 sea
342 1591 82 28 beach
449 1592 21 27 it
484 1589 22 28 is
519 1588 59 35 fine,
599 1597 28 18 as

0 1622 150 54 lerywhere
164 1633 54 31 else
231 1644 33 19 ou
278 1632 44 30 the
335 1637 80 31 coast,
431 1630 52 31 and
497 1640 47 20 can
565 1628 62 40 only

0 1666 20 49 I
30 1677 110 31 secured
154 1676 35 39 by
202 1676 45 29 the
261 1686 70 19 same
354 1685 99 19 means.
514 1672 45 31 On
578 1671 48 29 the

0 1705 53 62 Jer
66 1720 82 31 beach
162 1719 22 28 it
197 1719 23 29 is
234 1720 53 35 flat,
302 1719 79 40 scaly,
396 1717 52 29 and
463 1717 79 37 large,
556 1724 71 19 some

0 1750 83 52 l&he
104 1763 86 39 pieces
216 1760 80 39 being
321 1760 92 38 nearly
427 1770 28 19 as
480 1759 72 38 large
570 1767 29 18 as
612 1767 15 18 a

0 1799 117 45 ■pence,
132 1804 47 30 but
192 1814 15 18 a
219 1809 75 35 great
308 1802 60 31 deal
385 1802 118 29 thinner.
557 1800 28 29 It
605 1799 22 29 is

0 1835 39 50 Be
61 1847 46 32 the
128 1847 96 30 Totara
244 1846 72 39 gold,
344 1846 50 29 and
410 1845 22 29 is
457 1842 92 40 totally
573 1841 54 31 free

0 1877 51 52 Km
72 1893 101 36 quartz.
232 1888 46 38 Up
300 1888 47 32 the
361 1888 98 30 creeks,
483 1887 46 28 the
543 1885 69 28 tribu-

0 1918 64 56 tes
77 1932 28 30 of
116 1931 45 31 the
173 1930 139 32 Karameai
323 1930 21 30 it
353 1938 118 22 assumes
479 1938 14 19 a
504 1927 122 47 different

0 1971 126 40 ■racter.
166 1975 26 30 It
205 1975 24 30 is
241 1975 59 36 fine,
314 1973 54 36 flat,
382 1971 160 39 beautifully
550 1981 74 30 pure,

0 2013 39 47 H.
50 2028 66 32 very
129 2016 93 40 heavy.
262 2017 31 29 In
313 2016 46 30 the
371 2026 45 20 sea
432 2014 111 31 beaches
563 2013 21 29 it
604 2013 21 29 is

102 2071 28 18 as
144 2060 27 29 in
184 2060 45 29 the
243 2060 76 30 other
330 2060 109 29 beaches
450 2068 34 19 on
489 2058 44 28 the
545 2060 79 26 coast.

0 2092 98 49 Be
119 2101 70 32 river
211 2103 112 30 beaches
338 2101 20 31 it
380 2103 23 30 is
416 2106 46 35 got
484 2111 28 20 as
526 2109 34 20 on
581 2099 44 29 the

163 2157 33 19 on
210 2158 15 20 a
237 2147 105 38 granite
363 2145 142 31 formation
519 2143 53 30 and
592 2153 33 20 on

191 2190 62 28 This
267 2190 22 28 is
302 2189 89 29 rather
402 2192 123 35 contrary
538 2190 27 24 to
577 2187 38 27 Dr

130 2230 94 42 theory
251 2231 47 30 but
325 2231 13 30 I
363 2235 97 26 cannot
484 2228 61 39 help
558 2227 67 32 facts

166 2275 104 29 science
283 2279 26 24 at
323 2274 83 28 times.
447 2272 55 30 The
521 2270 63 40 gold
603 2271 22 28 is

160 2325 84 20 scores
257 2316 31 30 of
305 2315 93 41 people
420 2324 47 21 can
485 2313 92 41 testify
596 2317 29 24 to

140 2357 74 31 With
238 2362 102 37 respect
363 2364 27 23 to
404 2358 44 29 the
471 2355 86 35 creek,
579 2355 45 29 the

218 2400 47 30 has
288 2401 66 29 been
368 2404 48 35 got
439 2401 29 27 in
482 2408 33 20 an
539 2397 84 30 elbow

191 2444 110 37 existed,
323 2443 52 31 and
390 2443 67 36 here,
481 2452 29 20 as
523 2451 33 19 on
578 2440 46 30 the

157 2487 84 30 found
252 2497 34 20 on
300 2486 46 30 the
356 2487 108 29 surface.
492 2484 55 30 The
558 2482 66 31 beds

200 2529 79 35 tried,
300 2529 48 31 but
362 2529 45 31 the
420 2528 64 41 gold
507 2526 116 31 hitherto

220 2575 52 29 and
284 2574 100 28 several
397 2573 89 41 proofs
500 2572 29 27 of
547 2571 22 28 it

171 2616 60 30 boat
246 2616 55 30 that
316 2615 75 31 takes
404 2616 53 29 this
476 2613 144 31 communi-

211 2659 98 30 Maoris
323 2660 75 28 boast
420 2660 58 28 that
490 2657 64 39 they
575 2666 47 18 can

211 2743 48 33 the
272 2755 58 20 case
356 2745 87 38 surely
469 2743 153 39 Europeans

244 2788 34 28 do
291 2798 79 19 more.
410 2788 55 29 The
478 2786 106 35 Maoris,
594 2794 28 19 as

295 2829 69 31 been
377 2827 167 41 desperately
556 2826 66 30 hard

226 2871 53 31 and
297 2882 36 20 no
346 2882 49 20 one
418 2871 65 30 need
498 2869 77 31 think
594 2869 31 29 of

298 2919 96 26 cannot
419 2914 84 39 hump
525 2923 15 19 a
552 2912 69 40 good

337 2958 54 28 The
401 2961 114 27 country
525 2954 23 30 is
558 2965 63 30 very

559 2997 4 37 ,
568 2997 53 27 and

312 3040 46 31 the
373 3045 107 27 utmost.
502 3041 25 28 A
537 3037 83 32 bridle

342 3084 85 39 might
441 3082 112 31 without
573 3081 36 29 dif-

356 3126 95 32 would,
473 3125 13 29 I
510 3124 108 36 believe,

367 3167 140 40 goldfields
521 3176 33 19 on
575 3165 53 42 the,

284 3216 106 34 present
412 3211 44 30 the
479 3209 63 30 road
564 3218 42 29 pre-

278 3244 129 46 faculties,
421 3253 54 31 and
488 3262 70 21 none
574 3253 46 28 but

330 3302 140 24 encounter
483 3295 80 29 them.
592 3293 29 31 If

314 3338 46 30 the
374 3339 72 39 right

311 3381 82 30 result
414 3385 29 26 to

410 3424 11 29 I
436 3423 67 30 have
523 3421 95 36 stated,

337 3467 139 29 otherwise
489 3465 46 29 has
555 3464 63 39 only

363 3517 202 29 consequences.
605 3506 13 29 I

360 3550 59 31 who
431 3550 67 30 have
512 3548 106 39 already

349 3598 28 26 to
390 3599 94 25 return
502 3592 116 39 through

422 3636 63 38 they
498 3644 47 30 gay
555 3633 63 40 they

326 3689 16 20 a
368 3678 78 31 much
472 3677 86 41 larger
579 3677 39 30 lot

351 3721 137 42 generally
513 3721 29 31 in
575 3720 43 30 the

422 3764 118 29 abounds
554 3763 63 29 with

473 3847 61 31 food

417 3895 48 27 not
479 3891 56 29 fear
553 3895 64 24 star.

469 3942 70 31 epen

465 3976 86 30 where
570 3976 47 30 the

425 4063 53 29 and

419 4105 47 30 the
488 4105 131 30 Karamea

427 4189 66 29 have
508 4199 34 19 no

561 4231 43 29 tho-

536 4326 36 32 up
585 4316 33 42 by

456 4401 47 30 the

532 4673 27 28 in
580 4673 44 29 the

514 4756 111 39 offering

526 4798 93 36 stated,

521 4841 54 39 gin,
597 4852 28 18 or

556 4883 69 30 That

572 4925 56 38 this.

565 4979 30 19 i)ii
599 4968 6 30 1

589 5095 37 30 ith

1117 691 180 38 —'-Evening

652 739 72 32 Mail.

687 783 180 31 Newspaper
901 780 128 30 Postage
1059 788 34 21 by
1124 778 173 30 Panama.—

651 826 56 30 The
763 823 124 31 Hawke's
911 823 56 37 Bay
1135 821 28 28 of
1177 820 45 30 the
1243 819 53 29 2nd

650 870 108 32 instant,
769 878 76 29 says:
848 866 91 29 —The
953 865 113 29 Panama
1076 863 62 30 mail
1150 863 145 29 forwarded

650 909 149 42 yesterday,
815 907 141 32 contained
972 907 25 30 in
1009 907 34 31 all
1059 906 146 39 thirty-two
1217 915 64 20 news-

652 965 92 29 papers
756 956 5 26 !
820 953 24 28 A
871 952 115 37 striking
1013 950 160 30 illustration
1200 949 27 27 of
1250 948 47 28 the

652 995 109 32 baneful
775 995 76 31 effect
865 994 30 29 of
906 994 44 29 the
965 1002 57 20 new
1032 990 84 42 postal
1124 989 173 42 regulations,

652 1039 93 36 which,
770 1039 35 39 by
820 1037 108 40 putting
947 1046 15 19 a
982 1035 165 39 prohibitory
1160 1039 45 24 tax
1224 1043 71 29 upon

652 1082 45 30 the
719 1081 186 31 transmission
926 1079 30 29 of
980 1088 171 32 newspapers,
1173 1076 124 40 virtually

651 1124 162 31 annihilates
826 1135 15 18 a
854 1122 125 39 powerful
997 1120 180 40 immigration
1188 1129 107 28 agency,

652 1168 52 29 and
718 1167 74 40 gives
804 1166 46 31 the
864 1166 57 29 first
939 1164 67 30 blow
1020 1168 26 26 to
1065 1163 44 30 the
1124 1161 134 42 efficiency
1269 1161 28 30 of

652 1211 44 30 the
711 1211 116 30 Panama
839 1215 82 24 route.
963 1208 23 28 It
1001 1208 21 29 is
1046 1207 45 30 the
1104 1209 69 27 most
1196 1205 92 39 deplor

652 1254 62 39 ably
728 1251 190 41 short-sighted
932 1250 87 41 policy
1034 1260 39 20 we
1086 1260 61 19 ever
1160 1248 80 30 heard
1260 1249 35 29 of.

653 1296 44 32 On
711 1296 55 30 this
778 1296 46 29 the
872 1294 163 37 Wellington
1052 1291 158 30 Advertiser
1255 1300 27 20 re-

653 1337 197 31 marks:—We
864 1340 77 29 must,
959 1335 131 31 however,
1111 1333 106 39 explain
1237 1331 58 32 that

652 1382 43 29 the
711 1380 182 30 Government
915 1379 45 29 has
975 1378 63 28 been
1062 1376 88 30 forced
1165 1375 55 29 into
1241 1375 53 29 this

1006 1418 33 43 by
1055 1418 46 32 the
1114 1418 88 31 action
1213 1417 30 31 of
1250 1417 47 32 the

654 1469 116 30 Panama
795 1465 120 40 Railway
944 1465 146 37 Company,
1118 1462 58 29 who
1202 1460 94 40 charge

652 1511 74 29 them
749 1516 26 22 at
791 1510 44 28 the
859 1514 55 24 rate
928 1508 28 27 <»f
977 1507 158 38 threepence
1149 1515 45 28 per
1214 1515 65 18 news-

652 1564 80 29 paper
745 1553 40 30 for
798 1562 130 28 everyone
943 1556 56 24 sent
1014 1560 87 20 across
1114 1547 46 31 the
1175 1547 120 31 isthmus.

654 1597 36 28 As
712 1606 33 19 an
761 1595 120 39 example
904 1594 28 28 of
951 1593 46 29 the
1023 1599 140 23 enormous
1187 1590 110 39 charges

652 1639 74 30 made
753 1637 35 40 by
802 1637 54 30 this
879 1646 128 29 company
1025 1646 38 18 we
1090 1645 60 29 may
1176 1634 119 28 mention

652 1682 60 28 that
738 1681 44 29 the
808 1680 70 30 book
904 1678 130 41 packages
1059 1682 60 25 sent
1151 1677 78 29 home
1262 1676 33 38 by

652 1724 180 30 Government
867 1723 34 38 by
926 1721 56 30 this
1010 1731 13 19 r
1039 1724 46 26 ute
1111 1721 27 29 in
1166 1720 42 29 the
1241 1720 55 28 first

650 1771 116 26 steamer
779 1770 55 25 cost
847 1764 152 39 something
1014 1763 53 29 like
1088 1763 71 29 £IBO
1173 1763 42 29 for
1225 1765 56 37 post-

650 1819 57 29 age,
721 1808 52 31 and
789 1808 75 30 those
879 1808 27 28 in
925 1806 45 30 the
991 1805 95 31 second
1107 1805 82 31 about
1209 1805 84 31 £250.

651 1852 54 30 The
733 1852 179 32 Government
939 1849 47 31 has
1011 1848 189 41 consequently
1222 1849 73 30 since

650 1896 63 27 then
735 1898 60 25 sent
809 1895 34 27 all
867 1893 63 29 such
954 1891 197 39 packages—of
1173 1891 87 30 which
1281 1902 15 18 a

651 1937 70 41 large
745 1936 110 31 number
876 1946 42 20 are
933 1933 145 32 forwarded
1102 1933 34 42 by
1151 1933 63 31 each
1234 1933 59 31 mail

650 1981 155 37 containing
830 1980 168 30 voluminous
1019 1978 155 29 documents
1192 1978 40 28 for
1250 1978 45 29 the

652 2025 86 30 Home
766 2024 183 30 Government
952 2020 70 41 —by
1047 2020 46 31 the
1118 2020 66 30 Suez
1207 2025 86 32 route,

650 2067 51 31 and
715 2066 116 31 receives
843 2065 61 30 blue
919 2064 89 33 books,
1024 2065 55 32 «i-c.,
1093 2064 67 29 from
1175 2064 76 29 home
1260 2064 35 38 by

649 2111 44 29 the
712 2119 72 20 same
797 2112 86 27 route.
925 2106 50 31 We
989 2107 100 30 believe
1112 2106 59 30 that
1183 2116 28 20 as
1231 2117 64 20 soon

649 2165 28 19 as
691 2164 59 20 ever
763 2153 45 30 the
826 2152 83 39 heavy
933 2155 108 36 postage
1067 2161 35 20 on
1130 2161 165 30 newspapers

649 2206 86 20 across
748 2196 44 29 the
806 2195 119 29 Isthmus
936 2194 32 29 of
978 2194 115 28 Panama
1107 2193 22 28 is
1144 2193 121 33 reduced,
1280 2204 15 18 a

649 2238 210 40 corresponding
890 2236 138 31 reduction
1066 2234 26 30 in
1125 2235 44 30 the
1207 2236 86 40 postal

649 2282 108 36 charges
770 2280 54 29 will
838 2279 31 29 be
890 2279 75 28 made
979 2278 69 30 here.

685 2323 39 29 As
749 2333 35 19 an
810 2322 118 29 instance
942 2321 28 29 of
992 2320 47 30 the
1065 2320 102 31 decline
1193 2320 28 31 in
1247 2319 46 32 the

648 2365 77 29 value
739 2366 27 28 of
780 2368 124 37 property
917 2365 27 27 in
957 2373 73 20 some
1040 2369 73 34 parts
1123 2365 28 27 of
1164 2364 127 35 Victoria,

648 2408 47 30 the
721 2406 92 42 Argus
836 2406 134 31 mentions
995 2405 58 30 that
1080 2405 45 30 the
1144 2405 148 31 Lockwood

650 2450 91 35 Hotel,
763 2450 55 32 ar.d
831 2450 46 31 the
892 2450 62 29 land
980 2460 35 19 on
1039 2448 87 30 which
1140 2450 21 29 it
1175 2449 21 30 is
1212 2447 79 38 built,

648 2504 32 19 on
697 2494 43 29 the
755 2493 71 30 main
852 2492 64 30 road
930 2497 27 25 to
972 2492 157 33 Sandhurst,
1154 2502 68 19 were
1235 2492 57 29 sold

647 2549 15 18 a
676 2538 49 29 few
739 2537 65 39 days
817 2548 51 29 ago
881 2536 41 30 for
947 2537 70 30 £,'2o.
1072 2535 53 30 The
1145 2535 72 31 hotel
1241 2546 52 20 was

647 2580 69 30 built
729 2591 15 18 a
758 2580 50 28 few
821 2589 78 29 years
912 2589 58 29 ago,
989 2583 27 24 at
1029 2589 16 19 a
1058 2582 56 26 cost
1125 2579 30 29 of
1172 2579 119 29 between

646 2622 105 38 £6,000
766 2622 51 31 aud
832 2621 114 38 £7,000,
961 2621 53 31 and
1029 2631 52 20 was
1096 2621 94 32 owned
1204 2620 34 41 by
1252 2621 41 31 Mr

646 2667 32 29 G.
701 2666 119 35 Dodson,
835 2676 60 19 now
909 2666 28 28 of
958 2665 64 29 Port
1036 2664 144 29 Chalmers.

683 2708 70 30 New
791 2707 115 32 School
946 2715 50 22 for
1035 2706 257 33 Manners.—The

646 2752 157 31 Melbourne
823 2751 203 40 correspondent
1043 2749 31 31 of
1092 2750 45 30 the
1191 2751 85 29 Adver-

757 2793 114 40 writing
883 2794 29 29 of
922 2794 44 28 the
983 2793 144 38 aboriginai
1142 2793 149 33 cricketers,

645 2847 60 29 says
718 2847 5 19 :
790 2835 57 31 Our
872 2835 74 31 sable
968 2835 99 30 friends
1082 2845 42 20 are
1147 2835 145 31 somewhat

646 2879 175 31 Chesterfield
824 2880 45 29 Lin
890 2878 27 29 in
940 2878 69 29 their
1031 2878 80 36 ideas,
1138 2888 28 20 as
1180 2878 45 30 the
1245 2878 36 29 fol-

646 2922 98 38 lowing
756 2922 119 30 incident
888 2921 56 30 will
961 2921 79 30 show.
1082 2920 150 40 Yesterday
1245 2921 46 30 the

645 2965 14 29 4
659 2965 28 29 0l
702 2964 94 39 polloi'
819 2975 71 19 were
900 2965 125 38 crushing
1033 2963 86 30 round
1128 2964 71 29 them
1212 2963 79 30 while

645 3010 27 25 at
687 3005 124 40 practice,
838 3005 76 28 when
931 3014 50 20 one
994 3003 30 30 of
1041 3004 82 34 them,
1147 3005 108 34 Cusens,
1277 3003 13 28 I

645 3047 107 37 believe,
767 3046 135 30 remarked
916 3053 29 23 to
960 3047 141 38 Bullocky,
1123 3049 7 13 '
1140 3046 70 30 Dese
1224 3045 48 30 Mel-

645 3092 99 29 bourne
758 3089 94 41 people
866 3094 47 34 got
931 3099 33 20 no
987 3088 139 31 manners.'
1167 3088 57 31 The
1243 3088 47 32 ht-
1296 3078 1 64 j

645 3138 48 32 ter,
709 3134 59 27 who
782 3134 22 27 is
818 3132 46 29 the
878 3132 86 38 funny
977 3142 62 19 man
1052 3132 28 29 of
1092 3132 46 29 the
1158 3135 77 33 team,
1250 3142 27 19 re-

645 3175 81 42 plied,
749 3178 6 12 1
767 3174 140 31 Manners!
947 3174 72 30 How
1040 3174 62 39 they
1117 3174 79 31 know
1215 3174 5 12 ?
1223 3174 67 29 bout

646 3218 140 30 manners?
806 3218 63 38 they
883 3228 77 19 never
973 3228 33 19 on
1021 3228 15 19 a

907 3261 22 28 is
942 3271 33 19 an
989 3260 135 29 abolished
1134 3260 154 30 institution

643 3304 28 28 in
686 3302 159 32 Southland.
885 3302 32 30 In
932 3303 45 30 the
1004 3302 149 32 Southland
1180 3302 92 30 Provin-

643 3346 50 30 cial
707 3346 109 29 Council
829 3356 35 19 au
887 3346 142 29 ordinance
1043 3346 46 29 has
1117 3346 65 29 been
1201 3346 70 29 intro-

643 3388 83 30 duced
740 3393 28 26 to
780 3388 97 31 amend
891 3388 46 30 the
965 3389 139 39 Licensing
1128 3388 159 34 Ordinance,

646 3431 79 30 1865.
765 3431 55 31 The
830 3431 136 41 following
979 3433 22 29 is
1015 3443 49 19 one
1077 3433 28 29 of
1118 3432 44 29 the
1177 3432 111 31 clauses:

643 3475 144 38 —''Every
802 3475 93 29 holder
908 3475 29 28 of
947 3487 16 17 a
977 3475 99 30 license
1090 3475 59 28 who
1160 3475 67 29 shall
1241 3474 47 30 sell

643 3516 141 30 otherwise
799 3516 63 29 than
877 3516 40 28 for
930 3516 80 39 ready
1024 3527 95 28 money
1132 3527 51 29 any
1201 3516 87 40 liquor

642 3563 28 26 to
693 3570 52 28 any
770 3570 95 31 person
891 3558 40 31 for
970 3560 188 41 consumption
1183 3570 34 19 on
1243 3559 45 30 the

643 3602 136 38 premises,
801 3602 67 29 shall
881 3602 92 30 forfeit
995 3603 53 29 aud
1069 3612 52 30 pay
1143 3603 43 29 for
1211 3612 77 28 every

642 3645 64 29 such
719 3644 100 31 offence
834 3649 48 25 not
896 3644 50 30 less
960 3645 66 30 than
1039 3650 46 25 ten
1100 3644 124 41 shillings
1236 3644 52 31 and

643 3690 46 26 not
702 3697 71 20 more
787 3688 63 30 than
866 3687 50 31 five
927 3687 111 40 pounds.
1080 3687 133 31 Provided
1227 3688 60 30 that

641 3742 52 28 any
719 3730 53 30 sale
798 3731 28 31 of
847 3730 100 40 liquors
969 3732 40 29 for
1022 3731 186 39 consumption
1223 3730 65 30 with

642 3773 80 29 meals
744 3773 122 40 supplied
879 3778 28 24 to
928 3783 52 27 any
995 3783 95 28 person
1132 3773 68 29 bona
1213 3773 51 29 tide

643 3814 109 40 lodging
765 3816 29 29 in
808 3814 46 31 the
869 3815 82 29 house
964 3815 30 29 of
1017 3814 47 31 the
1078 3814 94 30 holder
1185 3815 28 29 of
1240 3814 45 30 the

642 3857 96 31 license
761 3857 69 31 shall
857 3862 50 27 not
932 3857 33 32 be
991 3857 113 32 deemed
1131 3868 34 19 an
1189 3857 99 31 offence

642 3900 93 29 within
749 3901 45 29 the
809 3901 126 38 meaning
947 3901 28 28 of
1001 3901 53 29 this

678 3978 77 29 Feat
768 3987 31 20 in
815 3979 212 29 Oratory.—A
1056 3977 117 30 member
1187 3977 29 30 of
1243 3977 45 29 the

644 4021 159 40 Legislative
814 4021 142 40 Assembly
967 4022 27 30 of
1005 4021 180 31 Vancouver's
1196 4020 92 31 Island

643 4064 82 39 spoke
739 4066 28 28 in
782 4066 57 27 that
857 4064 89 30 House
960 4064 116 39 recently
1090 4064 40 29 for
1143 4068 145 26 seventeen

643 4106 88 37 hours,
761 4107 28 29 in
803 4107 75 29 order
900 4111 27 25 to
941 4111 110 35 prevent
1070 4118 15 18 a
1101 4106 45 30 bill
1160 4107 28 29 of
1211 4106 78 30 much

644 4149 65 30 local
723 4150 110 29 interest
848 4150 67 29 from
928 4151 107 37 passing
1047 4149 93 30 before
1154 4150 46 28 the
1217 4150 69 28 close

643 4191 29 28 of
683 4201 14 18 a
711 4191 141 39 particular
865 4192 51 38 day
932 4193 82 28 which
1029 4191 52 30 had
1102 4192 64 29 been
1179 4191 94 39 appoin-

644 4233 44 30 ted
702 4244 28 19 as
744 4234 45 30 the
803 4234 71 30 limit
887 4234 28 29 of
928 4235 65 29 time
1007 4235 39 29 for
1059 4233 111 40 making
1189 4234 98 29 certain

645 4282 146 32 payments.
831 4277 56 28 The
909 4277 50 29 last
981 4277 169 38 twenty-four
1165 4277 82 29 hours
1260 4276 28 30 of

645 4318 44 30 the
714 4320 190 30 twelvemonth
931 4319 77 32 alone
1042 4320 142 36 remained,
1213 4318 76 31 when

645 4361 54 30 this
725 4362 158 37 gentleman,
907 4362 56 29 Mr.
988 4362 130 36 M'Clure,
1138 4362 85 37 began
1250 4362 40 28 his

645 4403 104 37 speech.
787 4404 58 29 The
1054 4414 59 27 says
1137 4414 5 19 :

646 4445 75 30 effort
735 4456 53 19 was
801 4445 77 30 made
892 4444 34 40 by
940 4445 46 30 the
1000 4445 124 40 majority
1138 4451 28 25 to
1178 4450 48 37 put
1236 4445 53 30 him

645 4489 79 28 down
738 4488 51 30 and
803 4488 49 29 tire
872 4488 55 29 him
942 4492 56 26 out.
1038 4489 73 29 With
1130 4500 16 18 a
1159 4488 133 30 merciless

646 4531 150 40 unanimity
822 4531 63 38 they
911 4530 104 30 refused
1041 4536 28 25 to
1092 4531 76 30 allow
1195 4531 54 29 him
1263 4535 28 25 to

647 4574 58 30 lean
719 4574 103 39 against
835 4574 45 29 the
893 4572 81 38 table,
987 4578 28 26 to
1029 4579 50 35 put
1093 4574 41 30 his
1147 4574 56 30 foot
1218 4584 69 29 upon

647 4628 15 19 a
672 4618 72 29 chair
770 4617 40 29 for
822 4628 13 19 a
855 4621 127 33 moment,
1010 4622 28 26 to
1064 4618 94 30 relieve
1185 4616 110 31 himself

648 4661 66 28 from
741 4660 44 29 the
813 4660 174 29 irksomeness
1004 4661 29 28 of
1050 4661 42 30 his
1118 4661 112 38 position
1258 4661 33 37 by

648 4702 99 37 resting
770 4703 41 27 his
837 4703 84 28 hands
946 4713 71 28 upon
1046 4706 73 28 anvtl
1133 4704 54 37 ing,
1215 4713 30 18 or
1264 4707 27 24 to

649 4743 89 38 speak,
753 4743 28 30 in
795 4742 81 34 short,
892 4743 26 29 in
927 4752 57 28 any
1004 4744 76 28 other
1090 4745 64 28 than
1168 4757 14 15 a
1196 4744 97 39 rigidly

648 4789 70 25 erect
737 4785 52 29 and
815 4785 184 40 unsupported
1021 4785 115 29 attitude
1187 4786 105 39 During

649 4827 44 30 the
712 4827 82 30 whole
808 4828 28 28 of
862 4827 47 31 the
923 4827 63 29 time
1012 4826 63 40 they
1101 4827 113 31 relieved
1229 4828 63 30 each

649 4870 76 30 other
738 4875 27 24 at
779 4870 137 33 intervals,
929 4870 81 41 going
1024 4875 46 25 out
1085 4870 52 30 aud
1151 4870 141 39 procuring:

649 4913 64 30 such
746 4912 189 31 refreshments
961 4924 28 17 as
1017 4913 61 37 they
1104 4913 110 32 needed,
1240 4913 52 29 and

641 4954 1 40 I
648 4955 97 38 always
772 4954 104 40 leaving
895 4965 15 18 a
929 4965 112 28 quorum
1062 4955 25 28 in
1111 4955 45 29 the
1190 4955 98 31 House.

641 4989 1 37 '
651 4997 82 29 When
762 4997 116 29 M'Clure
900 4997 65 28 sank
991 4997 145 29 exhausted
1163 4999 56 27 into
1252 4996 40 30 his

651 5045 63 31 seat,
743 5039 50 30 Mr.
822 5040 40 29 I)e
888 5039 94 30 Comos
1008 5051 65 21 rose,
1102 5040 52 30 and
1181 5040 40 29 for
1247 5039 43 29 the

651 5082 147 38 remaining
810 5091 80 21 seven
916 5082 77 30 hours
1007 5083 27 28 of
1059 5082 44 30 the
1123 5082 170 38 twenty-four

641 5124 1 39 i
652 5125 90 30 talked
767 5125 105 38 against
897 5125 71 29 time.
1010 5127 43 28 On
1080 5126 90 37 rising,
1194 5124 98 29 amidst

641 5160 1 48 I
650 5167 44 30 the
710 5178 94 22 groans
817 5167 53 31 and
884 5166 84 32 hisses
981 5167 27 30 of
1031 5166 45 31 the
1090 5167 137 41 disgusted
1240 5166 52 31 and

1045 5211 32 28 he
1136 5210 152 35 exclaimed,

1071 5347 118 23 manner,
1258 5335 33 31 he

1092 5421 109 32 Gabriel

1198 5464 80 31 endur-

1107 5550 73 33 clock

1070 5637 159 42 pardonable

1825 471 136 40 publishes

1522 517 28 29 of
1650 518 103 30 muider
1776 516 28 30 of
1829 527 15 17 a
1865 513 96 40 jockey

1320 551 96 41 BBid
1443 559 140 29 M'Keever
1722 571 14 17 a
1749 558 87 31 match
1858 562 27 24 at
1902 557 48 30 Clii-

1320 591 64 52 fago
1423 601 123 33 between
1583 607 7 25 t
1601 612 34 17 .v.»
1670 601 146 31 'i.-'ebratod
1848 599 114 40 trotting

1321 648 88 29 horses
1436 646 94 29 named
1552 645 98 38 Cooky
1665 655 50 20 ana
1733 645 112 29 General
1861 642 98 31 Butler.

1322 690 108 38 Cooley,
1442 699 15 19 a
1473 688 117 30 Western
1605 688 83 36 horse,
1703 697 48 19 was
1764 688 44 28 the
1821 687 139 35 favourite,

1321 733 53 30 and
1390 742 56 20 won
1462 731 44 30 the
1527 730 57 31 first
1598 733 54 27 two
1667 728 50 32 hea
1728 741 12 19 s
1754 728 90 42 easily.
1887 727 72 30 Then

1323 776 149 32 M'Keever,
1496 774 46 31 the
1562 783 89 21 owner
1673 774 30 29 of
1729 772 108 31 General
1860 770 99 36 Butler,

1322 817 153 41 suspecting
1489 817 56 29 foul
1560 816 69 39 play,
1636 815 158 31 determined
1804 825 33 20 on
1852 814 97 39 displac-

1322 863 45 35 ing
1378 861 47 29 the
1435 861 96 36 jockey
1546 860 34 36 by
1604 859 87 30 whom
1699 859 40 28 hib
1747 860 75 28 horse
1834 856 50 31 had
1897 858 64 27 been

1322 903 103 33 driven,
1438 902 51 30 and
1503 912 35 20 oil
1552 900 108 41 driving
1672 901 42 30 the
1727 900 98 33 animal
1845 899 116 33 himself,

1322 949 45 28 the
1391 946 82 30 result
1496 956 52 18 was
1562 944 59 30 that
1647 945 44 28 the
1703 944 107 31 General
1825 954 60 19 won
1917 943 45 29 the

1323 992 62 28 next
1400 995 52 24 two
1474 988 80 29 heats.
1597 986 38 39 By
1658 986 44 30 the
1725 989 61 28 time
1812 985 45 31 the
1871 986 90 30 horses

1322 1043 68 21 were
1403 1031 81 40 ready
1499 1036 27 25 to
1540 1033 66 26 start
1621 1030 39 28 for
1674 1029 44 30 the
1732 1029 119 39 deciding
1865 1029 61 30 heat
1940 1029 20 28 it

1323 1087 52 19 was
1387 1075 95 30 almost
1492 1073 67 31 dark
1571 1084 7 26 ;
1597 1073 45 30 the
1669 1073 85 30 crowd
1768 1073 25 28 of
1812 1072 98 39 roughs
1923 1082 26 19 as-

1321 1118 119 31 sembled
1466 1127 52 19 was
1539 1116 135 35 immense,
1701 1115 51 29 and
1773 1115 66 29 Mieir
1864 1115 83 29 excite-

1322 1164 72 27 ment
1409 1158 209 35 indescribable;
1640 1158 41 30 for
1699 1157 93 39 Cooley
1820 1157 51 31 had
1893 1157 67 31 been

1323 1205 46 31 the
1382 1203 132 31 favourite
1527 1206 27 27 at
1567 1202 46 30 the
1626 1201 126 40 begining
1765 1202 48 30 and
1826 1201 51 30 had
1891 1201 70 32 been

1322 1247 100 31 backed
1436 1245 112 40 heavily.
1588 1245 58 30 The
1673 1249 108 25 trotters
1802 1244 99 30 started
1923 1242 39 30 for

1322 1290 46 30 the
1382 1289 59 30 fifth
1456 1289 63 29 heat
1568 1287 85 38 Riley,
1663 1287 46 29 the
1719 1287 83 29 driver
1811 1286 30 29 of
1853 1285 106 39 Cooley,

1322 1332 63 31 took
1411 1331 45 31 the
1477 1329 105 32 outside
1602 1329 82 36 track,
1708 1328 52 30 and
1783 1338 47 21 was
1856 1339 62 21 seen
1933 1334 28 24 to

1322 1376 61 30 bear
1409 1374 93 38 hardly
1525 1383 33 20 on
1582 1372 114 30 General
1719 1371 98 36 Butler,
1839 1382 28 19 so
1881 1382 28 19 as
1932 1374 29 26 to

1322 1419 69 30 force
1405 1417 41 30 his
1459 1416 153 41 antagonist
1623 1415 68 30 close
1706 1417 27 28 to
1747 1414 44 30 the
1802 1414 82 31 inside
1900 1413 47 30 rail

1322 1463 58 40 ingy
1395 1461 27 29 of
1435 1460 45 30 the
1494 1470 100 20 course.
1635 1458 169 31 M'Keever's
1825 1459 70 30 voice
1910 1466 51 21 was

1322 1504 80 30 heard
1416 1503 129 39 shouting
1557 1506 28 26 to
1599 1501 81 42 Riley
1694 1506 28 25 to
1735 1501 59 39 give
1806 1501 52 29 him
1872 1510 71 20 room
1955 1511 6 27 ;

1323 1548 66 31 then
1403 1557 71 20 came
1488 1558 15 18 a
1519 1544 73 32 crash
1620 1545 52 31 and
1686 1556 15 19 a
1714 1555 52 28 cry,
1781 1543 52 32 and
1845 1544 112 32 General

1323 1591 93 29 Butler
1439 1589 120 39 emerged
1580 1593 48 24 out
1641 1588 29 29 of
1690 1588 45 28 the
1756 1586 133 38 darkness,
1909 1586 52 30 and

1322 1635 70 28 went
1406 1632 132 39 steaming
1549 1635 59 35 past
1621 1630 45 30 the
1682 1628 96 33 Grand
1793 1629 80 30 Stand
1887 1628 60 31 with-

1322 1681 46 25 out
1385 1686 16 19 a
1421 1675 97 34 driver,
1540 1673 124 31 followed
1677 1672 36 40 by
1736 1671 105 40 Cooley,
1852 1671 110 40 steadily

1322 1720 94 30 driven
1437 1718 35 39 by
1496 1717 87 39 Riley,
1606 1716 60 29 who
1686 1715 111 30 claimed
1809 1715 44 29 the
1866 1714 95 31 stakes.

1324 1763 55 30 But
1390 1762 23 29 it
1423 1771 52 20 was
1489 1759 155 31 discovered
1663 1758 58 30 that
1735 1769 15 18 a
1762 1762 59 35 trap
1833 1757 48 30 Lid
1895 1758 66 30 been

1321 1804 172 39 successfully
1508 1803 53 30 laid
1582 1803 40 28 for
1635 1802 47 29 the
1696 1801 91 30 driver

1322 1849 103 34 Butler,
1450 1848 35 39 by
1510 1858 29 20 so
1573 1846 142 39 arranging
1741 1856 16 19 a

1322 1892 66 28 from
1400 1902 15 18 a
1429 1890 198 39 neighbouring
1647 1890 75 28 fence
1747 1887 59 29 that

1321 1934 81 30 strike
1416 1933 55 31 him
1482 1943 86 21 across
1582 1931 46 31 the
1648 1931 57 31 face
1718 1941 28 19 as
1757 1929 33 31 he

1320 1978 80 39 along
1413 1978 46 29 the
1472 1977 87 29 inside
1573 1976 28 28 of
1615 1976 46 29 the
1680 1985 97 19 course.

1320 2019 129 32 therefore
1463 2019 120 32 declared
1596 2018 45 31 the
1664 2027 58 21 race
1735 2019 29 28 to
1778 2017 32 30 be

1321 2064 79 39 Riley
1423 2063 52 30 and
1489 2067 53 26 two
1556 2060 172 40 accomplices

1321 2117 67 22 were
1401 2106 118 32 arrested
1534 2116 33 20 on
1582 2115 15 19 a
1610 2104 95 39 charge
1717 2103 28 31 of
1758 2094 174 49 murd(^^B

2410 253 183 58 3

518 299 842 49 CHARLESTON
1444 299 421 49 ARGUS

1422 2216 217 31 WEDNESDAY,
1666 2218 47 23 6th
1740 2215 105 27 MARC]

1516 2314 36 25 At
1563 2315 13 23 2
1593 2312 89 33 o,clock
1693 2312 93 34 sharp.'

1368 2519 121 27 FINE
1550 2517 369 34 INVESTMENT.

1318 2714 84 32 Hotel
1411 2714 53 32 and
1477 2714 91 32 Dance
1579 2714 91 33 Room.
1710 2716 87 41 Right
1806 2717 29 30 to
1849 2715 104 33 Section

1555 2934 45 39 >S.
1656 2935 159 51 DWAN,

1314 3030 133 27 Instructed
1457 3028 80 36 hyrnr
1547 3030 71 26 Thos.
1630 3028 94 32 Jolliffe,
1736 3029 46 26 will
1794 3031 42 27 sell
1884 3027 72 35 public

1832 3094 5 5 •
1847 3081 30 21 A.

1314 3105 100 33 auction,
1427 3114 30 17 on
1468 3105 42 26 the
1529 3104 120 33 premises,
1661 3112 30 18 on
1702 3104 155 32 Wednesday,
1869 3103 39 32 tftf
1921 3102 35 26 6th

1314 3179 90 31 March,
1416 3182 24 22 at
1452 3182 13 22 2
1476 3177 91 27 o'clock
1583 3178 75 33 sharp,
1675 3178 100 26 without
1792 3178 40 26 the
1852 3178 104 33 slightest

1314 3325 65 26 THE
1397 3325 104 27 UNION
1518 3326 117 32 HOTEL,
1648 3326 70 26 AND
1736 3326 110 26 DANCE
1863 3327 93 32 ROOM,

1478 3400 158 32 Main-street,
1649 3400 145 28 Charleston.

1373 3479 51 25 The
1445 3479 64 25 hotel
1526 3480 19 24 is
1568 3479 52 25 well
1639 3481 46 23 and
1707 3480 165 32 substantially
1894 3481 62 31 built,

1434 3545 45 26 and
1507 3545 108 27 contains
1635 3546 48 30 bar,
1710 3545 133 35 bar-parlor,
1878 3549 78 32 sitting

1435 3624 72 22 room,
1531 3615 87 26 several
1637 3615 137 31 bed-rooms,
1792 3616 45 26 and
1858 3617 98 33 kitchen,

1374 3758 118 31 Together
1514 3758 56 24 with
1591 3757 30 25 all
1649 3759 40 23 the
1710 3758 125 31 furniture,
1862 3759 94 32 cooking

1433 3826 106 31 utensils,
1551 3826 48 26 and
1611 3827 66 27 stock
1689 3827 24 26 in
1724 3827 71 27 trade.

1545 4038 83 25 Terms
1639 4043 25 20 at
1676 4038 59 26 Sale.
1935 4041 21 23 7c

1548 4133 28 30 T.
1603 4133 125 38 DWAN,

1315 4198 170 35 Auctioneer,
1521 4198 184 38 Commission,
1739 4199 51 30 and
1829 4200 127 44 Shipping

1519 4254 98 40 Agent,
1641 4255 102 30 Pakihi.

1331 4365 86 31 Money
1428 4365 119 26 advanced
1559 4374 29 17 on
1835 4368 37 24 for
1883 4368 60 25 Sale.

1414 4457 37 29 To
1472 4457 122 31 Builders
1608 4430 243 94 and^^itractors.

1317 4549 180 29 TPEXDERS
1509 4551 47 27 will
1568 4553 26 26 be
1615 4554 104 27 received
1727 4559 44 28 Hip
1790 4557 25 23 to
1827 4557 12 22 2
1855 4563 62 27 p.m.,
1929 4564 27 18 on

1941 4614 15 19 /

1316 4642 132 34 Thursday,
1472 4643 40 26 7th
1537 4644 97 32 instant,
1657 4647 38 25 for
1715 4647 39 26 the
1774 4646 100 28 erection
1895 4648 39 23 of>'
1947 4659 9 17 a

1316 4711 107 26 Catholic
1435 4711 101 33 Church,
1548 4718 24 20 at
1584 4714 145 32 Charleston,
1743 4717 93 27 Pakihi.
1842 4715 36 46 y

1347 4779 71 24 Plans
1439 4781 45 23 and
1507 4781 174 33 Specifications
1703 4788 22 21 to
1746 4787 26 24 be
1794 4795 54 17 seen
1869 4793 26 22 at
1916 4791 40 24 Mr.

1316 4848 86 25 Tobias
1423 4849 138 33 Glennon's,
1583 4856 54 21 next
1651 4852 117 36 Ilennelly
1787 4856 45 26 and
1854 4857 102 30 Millens

1317 4916 74 29 Store,
1402 4918 167 26 Beach-street.

1347 4986 51 22 The
1418 4986 81 23 lowest
1510 4994 25 16 or
1556 4995 48 24 uny
1615 4991 80 26 tender
1713 4998 40 20 not
1771 4998 139 33 necessarily
1921 5007 24 18 ac-

1315 5052 88 34 cepted.
1917 5072 39 23 25c

1318 5129 177 66 fjnEXDERS
1522 5130 100 28 Wanted
1644 5135 36 24 for
1700 5138 39 26 the
1765 5142 101 25 erection
1893 5145 25 24 of
1944 5154 12 16 a

1317 5219 118 33 Building.
1467 5218 104 26 Tenders
1596 5217 46 28 will
1660 5219 26 25 k
1706 5228 103 29 received
1827 5230 36 28 till
1880 5236 13 23 4
1911 5243 20 27 p.
1934 5243 22 19 m

1317 5297 29 17 on
1359 5289 109 31 Monday,
1480 5289 39 23 the
1531 5289 40 24 4tli
1584 5289 96 24 instant.

1347 5371 50 25 The
1408 5369 81 27 lowest
1510 5378 26 17 or
1547 5377 47 25 any
1605 5371 80 25 tender
1706 5376 39 22 not
1768 5381 135 28 ne:csso*fy

1348 5530 72 28 Plans
1429 5531 45 28 and
1486 5532 175 33 Specifications
1673 5542 52 23 may
1738 5535 26 25 be
1776 5542 53 19 seen
1842 5543 11 17 p

1823 5565 40 59 J

1418 5626 147 28 M'NULTY
1583 5628 19 25 &
1620 5626 81 34 CO.'s,
1712 5617 151 47 BootmrJ^,

2010 421 170 42 GRAND
2218 419 211 41 OPENING
2470 417 136 43 BALL.

1986 623 209 32 CREED'S
2234 619 192 33 FAMILY
2463 619 166 36 HOTBI.,

2135 732 178 35 Main-street,
2329 730 163 31 Charleston.

1985 919 22 27 J.
2026 919 106 27 CREED
2143 920 43 25 has
2202 920 40 25 the
2259 920 74 25 honor
2351 922 25 23 to
2387 927 121 18 announce
2528 918 53 26 that
2602 918 30 24 he

1985 1015 47 27 will
2043 1016 53 33 give
2106 1023 31 18 an
2149 1015 109 34 Opening
2270 1013 52 27 Ball

2033 1122 54 39 On
2110 1122 127 51 Friday
2259 1126 93 41 next,
2373 1120 59 37 Bth
2451 1119 132 47 March,

1986 1228 66 25 when
2064 1228 29 26 he
2104 1227 48 26 will
2162 1228 26 26 be
2200 1227 54 33 glad
2265 1232 24 21 to
2300 1226 109 26 welcome
2426 1227 38 24 his
2482 1227 89 26 friends
2587 1227 45 25 and

1986 1307 39 24 the
2036 1305 79 34 public
2125 1306 25 25 in
2162 1305 36 26 his
2210 1313 51 17 new
2272 1305 79 24 house.

2014 1390 25 24 A
2056 1387 123 26 first-class
2196 1388 62 25 band
2275 1388 42 24 has
2334 1388 57 25 been
2405 1388 112 32 engaged,
2535 1388 46 25 and
2593 1388 39 25 the

1985 1481 63 18 room
2060 1472 20 26 is
2091 1473 39 25 the
2141 1472 72 26 finest
2225 1472 24 25 in
2259 1471 40 26 the
2310 1472 88 26 Pakihi
2413 1472 97 26 district.

2023 1656 123 38 Dancing
2159 1659 28 27 to
2199 1666 149 19 commence
2364 1660 28 25 at
2406 1656 15 28 9
2437 1655 106 30 o'clock.
2583 1656 49 29 24c

2204 1756 211 39 HATCH'S

2231 1884 55 25 PIE
2302 1883 46 25 and
2372 1883 124 26 COFFEE
2517 1883 117 31 HOUSE,

2126 2011 190 39 Beach-street,
2332 2011 163 32 Charleston.

1989 2219 86 27 Orders
2088 2218 139 35 punctually
2238 2218 110 26 attended
2358 2222 31 22 to.
2442 2218 102 26 Dinners
2554 2217 81 27 Baked

2243 2330 71 25 every
2325 2322 52 33 day.
2595 2324 40 23 22c

2124 2404 173 40 PAKIHI
2337 2404 161 42 DAIRY.

1989 2565 113 70 JOHN
2116 2566 105 26 LEWIS
2243 2567 46 25 and
2310 2565 43 27 Co.
2376 2566 44 33 beg
2441 2569 24 22 to
2485 2566 89 25 inform
2594 2566 41 26 the

1988 2653 77 37 public
2076 2654 26 24 of
2117 2652 138 27 Charleston
2277 2653 46 25 and
2339 2654 41 24 the
2398 2653 102 26 District
2511 2654 52 25 that
2577 2654 57 33 they

1998 2688 23 26 *1

1989 2733 38 18 art
2037 2723 110 36 prepared
2158 2726 25 24 to
2194 2723 84 36 supply
2339 2733 15 14 *

2025 2754 10 45 \

1997 2791 14 24 T
2031 2792 107 44 iMilk
2164 2795 40 38 of
2224 2794 57 39 the
2306 2795 102 39 finest
2432 2796 145 51 quality,

2041 2845 3 18 .
2378 2845 2 18 '

2292 2875 117 25 moderate
2415 2867 77 33 Wms

2001 2943 127 41 JNtfethe
2145 2945 74 29 Addr'
2220 2959 35 20 esg
2258 2950 131 27 —LEWIS
2406 2952 50 30 &c.,
2475 2952 104 32 opposite
2596 2953 40 24 the

1986 2999 81 42 Campl
2077 3009 150 29 Charleston.
2594 3015 42 23 23c

1989 3088 165 63 /7^2®ILL

2177 3089 46 27 and
2246 3091 170 32 GOTHARD,
2434 3092 134 27 Wholesale
2589 3094 46 25 and

2199 3180 78 28 Retail
2287 3182 124 34 Butchers,

2100 3246 123 40 Diggers'
2236 3246 93 39 Street,
2351 3245 164 34 Charleston.

1985 3344 110 26 Families
2116 3344 45 26 ahd
2182 3346 41 26 the
2241 3345 65 26 trade
2327 3345 106 35 supplied
2450 3349 24 22 at
2491 3347 41 25 the
2552 3346 81 26 lowest

2212 3384 94 22 current
2319 3384 69 22 rates.
2582 3384 50 23 -31
2634 3384 2 23 c

1987 3462 193 66 PROFFITT
2195 3462 46 24 and
2258 3462 47 26 Co..
2331 3462 135 26 Wholesale
2488 3464 46 24 and
2554 3463 79 25 Retail

2068 3509 124 31 Butchers,
2204 3516 40 17 are
2260 3508 111 35 prepared
2393 3512 25 22 to
2438 3509 84 35 supply
2533 3513 63 23 meat
2607 3511 27 26 of

1985 3572 40 26 the
2036 3572 97 33 primest
2145 3570 99 33 quality,
2251 3574 27 22 at
2288 3571 40 26 the
2338 3570 82 27 lowest
2427 3575 95 23 current
2533 3575 69 23 rates.

2015 3631 111 28 Families
2148 3631 84 27 waited
2252 3640 30 19 on
2304 3633 38 26 for
2362 3632 84 33 orderg.
2495 3633 51 26 The
2567 3633 65 26 trade

1985 3693 111 35 supplied.
2129 3692 74 28 Small
2212 3693 72 34 goods
2291 3693 89 35 always
2390 3703 31 18 on
2433 3695 69 28 hand.
2591 3700 42 23 26c

1987 3784 251 66 pEKRETT
2285 3786 22 29 <fe
2356 3786 276 38 BRONNLIE,

2102 3871 134 26 Wholesale
2244 3872 46 26 and
2300 3871 78 27 Retail
2393 3873 123 31 Butchers,

2098 3940 113 42 Diggers
2232 3941 96 34 Street,
2351 3942 165 32 Charleston.

1985 4018 112 27 Families
2108 4019 84 27 waited
2204 4026 30 18 on
2245 4019 34 27 for
2286 4021 84 25 orders.
2387 4021 52 26 The
2447 4021 65 26 trade
2520 4021 111 34 supplied.

2589 4060 42 22 32c

2288 4131 343 36 BROTHERS,

1984 4222 115 32 General
2145 4221 193 41 Storekeepers,
2385 4223 149 31 Wholesale
2579 4226 52 29 ancl

2262 4306 98 37 Retail,

2305 4330 56 8 ~
2425 4339 26 22 r

2154 4387 70 25 Main
2247 4388 103 32 Street,
2366 4389 101 25 Pakihi.
2590 4391 42 24 27c

1988 4466 331 35 QAMUEL
2403 4471 226 31 WEST.

2090 4591 141 34 Fruiterer,
2252 4591 187 40 Greengrocer,
2462 4591 54 38 <kc.,

1984 4668 106 31 Main
2136 4669 160 37 Street,
2345 4668 284 39 Charleston,

1985 4798 53 69 A
2103 4802 29 64 1

2242 4799 389 39 BAKERY,

2113 4901 89 29 Beach
2217 4901 92 36 Street,
2331 4900 167 31 Charleston.

1985 4986 75 25 Bread
2071 4985 114 26 delivered
2196 4986 143 31 throughout
2351 4985 40 25 the
2399 4985 115 33 diggings.
2547 4987 84 25 Orders

1981 5026 107 35 deceived
2109 5038 24 21 at
2149 5034 40 25 the
2208 5033 100 32 Bakery,
2330 5037 24 21 at
2377 5034 39 25 the
2438 5035 71 24 above
2531 5034 100 27 address.

1982 5070 32 24 8.
2027 5068 134 26 MTarland
2173 5068 19 24 &
2206 5068 51 28 Co.,
2271 5068 149 33 Pioprietors.
2587 5073 42 22 35c

1987 5141 49 38 fs)
2044 5148 109 28 ANSON
2177 5148 45 25 and
2253 5148 112 27 CLARK
2391 5148 59 26 have
2476 5157 26 18 on
2533 5149 52 27 Sale

2040 5277 5 8 r
2046 5276 113 30 Vj)ngued
2171 5275 46 24 and
2229 5275 99 30 grooved
2342 5275 80 25 boards

2044 5310 79 26 ®oors
2123 5330 9 13 g
2143 5308 88 31 sashes,
2241 5307 139 34 mouldings,
2391 5310 41 25 &c.

2038 5343 86 34 Maper
2134 5343 117 33 hangings
2262 5343 24 26 in
2297 5349 66 27 great
2374 5344 90 33 variety

2128 5391 176 34 Main-street,
2319 5392 163 31 Charleston.
2583 5395 49 29 21c

2049 5479 135 30 7ANTED
2206 5480 138 34 Employers
2365 5485 25 21 to
2412 5480 67 26 know
2503 5482 51 24 that
2576 5482 56 32 they

1990 5583 43 17 can
2044 5575 28 24 be
2083 5572 103 35 supplied
2198 5573 57 24 with
2267 5572 113 26 Servants
2392 5574 30 31 by
2434 5573 113 32 applying
2557 5579 24 20 to
2594 5575 38 24 the

1991 5621 147 35 Greymouth
2164 5619 112 34 Registry
2304 5621 78 31 Office,
2413 5619 220 36 Boundary-street,

2330 5668 28 25 R.
2376 5668 165 32 SHANNON,

2136 5715 84 29 Orderi
2231 5716 31 33 by
2274 5720 51 29 post
2337 5716 110 27 attended
2458 5719 31 24 to.
2592 5721 42 23 30c

2715 415 42 26 LB
2760 414 55 26 lON
2843 414 109 26 HOTEL
2975 414 70 26 AND

2829 531 137 26 Charleston
2978 531 45 25 and
3034 532 35 24 Pa

2746 656 109 27 FOYNE
2872 656 19 25 &
2910 654 116 33 STUKT,
3043 655 68 25 Prop

2657 906 57 25 This
2724 905 131 27 unrivalled
2870 905 178 27 establishment
3065 903 88 32 having
3169 901 71 34 lately

2655 987 101 34 dergone
2764 996 55 25 very
2827 989 121 25 extensive
2956 986 137 28 alterations
3104 986 39 25 the
3156 984 120 35 Proprieto

2657 1071 46 26 feel
2724 1072 141 26 themselves
2883 1071 107 33 justified
3011 1071 24 25 in
3056 1068 190 33 recommending
3260 1067 28 27 th

2656 1155 72 25 above
2740 1154 63 27 hotel
2815 1163 24 18 as
2850 1156 41 25 the

2693 1265 30 25 N
2745 1266 24 24 E
2825 1264 170 26 PLUS
3054 1261 216 28 ULTRA

2830 1375 26 25 of
2872 1374 40 24 the
2932 1374 67 24 West
3017 1374 77 24 Coast.

2687 1603 50 25 The
2757 1602 88 33 liquors
2862 1603 26 25 of
2903 1602 32 26 all
2951 1602 154 35 descriptions
3125 1609 38 19 are
3185 1598 115 35 carefully

2657 1685 107 33 selected,
2787 1686 23 24 in
2835 1687 41 24 the
2900 1684 137 27 Melbourne
3069 1684 101 33 Market,
3191 1684 26 26 of
3244 1691 57 25 very

2658 1770 103 33 superior
2781 1769 92 31 brands,
2884 1767 45 26 and
2950 1776 14 16 a
2985 1771 110 22 constant
3116 1766 82 36 supply
3219 1766 26 25 of
3261 1765 39 26 th«

2658 1852 57 25 New
2726 1852 76 31 Brew,
2814 1852 26 25 of
2856 1852 52 25 that
2919 1859 52 16 now
2982 1849 129 26 celebrated

2761 1934 102 31 Nelson
2877 1935 50 30 Aie
2946 1934 98 41 always
3063 1944 35 20 on
3118 1932 82 33 hand.

2708 2171 73 38 The
2806 2172 211 38 Restaurant
3033 2172 225 53 Department

2658 2296 70 33 being
2738 2297 74 27 under
2827 2298 40 26 the
2888 2298 99 34 especial
3008 2299 143 35 supervision
3172 2301 27 26 of
3213 2308 44 19 one
3278 2303 25 24 of

2658 2392 42 26 the
2715 2392 154 36 Proprietors.
2902 2394 101 28 Patrons
3019 2397 27 25 of
3061 2395 48 26 this
3126 2395 177 28 establishment

2658 2494 39 19 are
2702 2486 95 27 assured
2818 2487 52 27 that
2881 2488 57 34 they
2949 2487 48 28 will
3008 2489 90 27 receive
3108 2496 71 28 every
3187 2489 110 28 comfort.

2658 2584 136 33 Attention,
2806 2584 105 35 Civility,
2921 2585 47 27 aud
2978 2585 144 28 Cleanliness
3130 2588 128 28 combined.

2675 2808 110 39 Meals
2815 2810 68 38 and
2911 2810 90 40 Beds
3026 2818 37 33 at
3086 2813 45 38 all
3156 2814 128 42 Hours.

2663 2955 242 68 gHANNON
2957 2958 121 29 VIEW
3137 2962 166 33 HOTEL,

2781 3088 87 31 Beach
2888 3088 94 40 Street,
3004 3091 167 40 Charleston,

3224 3145 10 15 V

3271 3166 8 12 ✓

2747 3197 146 28 PATRICK
2909 3199 146 34 HANNEY,
3071 3202 138 34 Proprietor.
3262 3208 42 23 28c

2660 3265 285 66 gOATMAN'S
2988 3269 117 33 ARMS
3153 3272 149 40 HOTEL,

2763 3357 91 32 Beach
2874 3359 94 40 Street,
2990 3360 162 34 Charleston.

2806 3503 89 28 JOHN
2910 3505 80 33 HAY,
3001 3506 140 35 Proprietor,
3262 3514 42 24 29c

2659 3569 266 67 JgMEKALD
2974 3574 110 32 ISLE
3123 3578 176 37 HOTEL,

2788 3695 87 31 Beach
2895 3696 95 39 Street,
3006 3697 165 34 Charleston.

2672 3848 118 26 JOHN
2821 3849 234 34 McGRATH,
3086 3853 140 34 Proprietor.
3261 3858 43 24 33c

2668 3917 21 66 J
2836 3916 466 35 WILLIAMS'S

2795 4009 95 41 Blow
2926 4010 89 40 Hole
3046 4012 115 49 Hotel,

2656 4107 86 26 Pakilii
2753 4107 72 26 Road.
2834 4107 78 26 Stores
2923 4107 26 26 of
2964 4107 32 26 all
3002 4107 152 35 descriptions
3163 4111 136 34 constantly

2656 4176 30 18 on
2696 4168 68 26 hand.
3259 4176 44 23 20c

2656 4241 113 26 STEAM
2787 4241 42 26 TO
2847 4241 127 31 PAKIHI,
2995 4243 101 31 FOX'S,
3119 4244 95 32 GREY,
3229 4244 72 27 AND

2896 4276 173 27 HOKITIKA.

2657 4479 95 68 fJIHE
2783 4478 50 25 fast
2864 4477 48 25 and
2943 4476 101 26 favorite
3076 4478 87 26 Paddle
3196 4480 107 29 Steamer

2674 4565 159 32 TASM
2852 4562 107 34 ANI
2978 4563 25 31 A
3022 4563 27 31 N
3105 4565 75 33 Ml
3199 4566 84 40 ID,

2701 4606 57 28 Will
2769 4609 26 26 be
2807 4606 140 35 despatched
2958 4607 37 24 for
3004 4606 40 26 the
3062 4608 73 26 above
3144 4612 72 30 ports,
3226 4618 31 18 on

2821 4650 48 26 AN
2906 4648 112 28 EARLY
3056 4650 79 27 DAY.

2655 4699 24 24 Is
2689 4696 112 35 prepared
2811 4699 25 22 to
2848 4695 74 25 TOW
2938 4693 141 26 VESSELS
3089 4702 31 17 on
3130 4693 81 28 liberal
3221 4699 81 25 terms.

2655 4776 47 24 For
2711 4773 88 32 freight
2811 4781 26 17 or
2846 4780 98 26 passage
2954 4772 71 34 apply
3035 4775 25 22 to

2927 4829 140 26 THOMAS
3083 4830 127 33 ASKEW,

2659 4885 40 21 105
3196 4879 90 32 Agent.

2709 4951 221 28 DISSOLUTION
2946 4951 42 26 OF
3004 4950 240 28 PARTNERSHIP.

2660 5026 245 31 VOTICE.—The
2920 5029 153 33 Partnership
3083 5027 103 26 hitherto
3197 5028 105 33 existing

2745 5065 104 25 between
2862 5065 90 30 George
2964 5063 81 25 White
3055 5062 45 25 and
3116 5063 64 25 John
3197 5062 90 27 Hender-

2656 5108 49 21 son,
2717 5099 167 33 hotelkecpcrs,
2896 5099 20 24 is
2928 5099 46 24 this
2986 5099 44 31 day
3042 5095 114 27 dissolved
3168 5098 31 31 by
3210 5097 92 26 mutual

2656 5137 103 23 consent.
2807 5133 91 31 George
2916 5132 79 25 White
3010 5130 47 26 will
3069 5139 66 24 cany
3147 5139 29 17 on
3189 5132 40 24 the
3241 5132 48 25 busi-

2657 5179 59 17 ness.
2735 5177 45 25 pay
2792 5168 30 26 all
2839 5168 65 25 debts
2916 5167 44 26 due
2977 5168 37 31 by,
3025 5165 46 26 and
3088 5167 90 25 receive
3189 5166 31 25 all
3236 5167 66 26 debts

2656 5204 44 24 due
2712 5207 31 27 to,
2756 5203 39 24 the
2807 5202 59 24 firm.

2687 5237 75 28 Dated
2792 5237 47 27 this
2865 5236 165 33 twenty-sixth
3051 5234 45 34 day
3117 5236 26 26 of
3174 5236 128 34 February,

2660 5276 61 21 1867.

2958 5303 132 28 GEORGE
3105 5303 119 32 WHITE,

2955 5339 87 27 JOHN
3062 5339 207 27 HENDERSON.

2686 5376 161 26 Witness—P.
2860 5375 37 26 W.
2909 5375 86 26 Moore.
3162 5375 4 27 *
3217 5389 6 5 *
3260 5377 39 24 121

2911 5455 130 28 NOTICE.

2791 5528 135 30 CHUKCH
2943 5528 41 28 OF
3000 5528 167 28 ENGLAND.

2658 5580 94 68 THE
2768 5580 57 24 Rev.
2844 5579 38 24 W.
2898 5577 103 25 LEWIS
3023 5577 48 24 will
3091 5577 114 27 celebrate
3215 5579 88 26 Divine

2775 5626 99 31 Service,
2905 5628 24 23 at
2965 5624 85 27 Jervis'
3084 5626 105 27 Auction
3219 5627 82 33 Room,

2657 5673 127 32 Westport,
2799 5673 142 28 to-morrow,
2952 5668 96 33 Sunday
3059 5669 25 26 in
3101 5669 41 26 the
3153 5670 108 34 morning
3277 5675 25 22 at

2660 5720 23 22 11
2705 5714 89 28 o'clock
2804 5713 46 27 and
2860 5713 24 26 in
2896 5713 40 26 the
2947 5713 102 32 evening
3059 5717 25 22 at
3096 5715 11 25 7
3119 5712 95 31 o'clock.
