2530 4010
55 52 2422 33 THE

61 106 459 132 NEW
630 95 871 150 ZEALAND
1613 116 861 139 GAZETTE

1220 273 101 33 AND

55 306 1154 146 WELLINGTON
1324 306 1153 146 SPECTATOR.

49 535 62 32 No.
134 534 65 40 51.]

612 534 129 32 PORT
764 536 289 40 NICHOLSON,
1075 538 261 32 SATURDAY
1357 539 242 41 MORNING,
1621 544 150 33 APRIL
1794 550 31 32 3,
1849 549 88 29 1841.

2327 550 101 41 [Vol.
2449 550 28 32 1.

2021 638 96 22 MOST
2142 640 220 23 IMPORTANT.

2002 673 173 25 representative
2185 674 28 21 of
2223 673 38 23 the
2271 674 69 22 house
2351 676 26 21 of
2390 676 95 22 Messrs.

1907 695 29 22 J-
1975 697 34 22 W.
2027 698 26 22 B.
2065 699 90 22 Rhodes
2171 701 45 21 and
2233 701 39 21 Co.
2290 701 67 28 being
2371 703 70 22 about
2460 705 24 19 to

1899 722 52 22 visit
1961 724 89 28 Sydney
2052 725 58 25 ,'"lias
2119 727 123 22 instructed

2075 760 112 21 Messrs.
2203 761 106 21 WADE

1898 789 32 22 To
1941 790 47 22 Sell
2002 791 30 26 by
2044 792 105 26 Auction,
2166 800 107 15 without
2289 802 106 19 reserve,
2411 798 25 19 at
2449 795 37 22 the

1898 816 76 22 Stores
1991 817 25 21 of
2027 817 35 22 W.
2073 819 25 21 B.
2111 819 91 22 Rhodes
2219 820 44 21 and
2282 821 45 28 Co.,
2338 829 29 15 on
2380 821 104 28 Tuesday

1897 846 63 24 next,
1972 844 36 21 the
2017 844 39 22 6th
2066 845 91 27 instant,
2169 851 23 16 at
2202 847 25 21 12
2238 847 86 23 o'clock
2337 848 116 28 precisely.

1924 877 14 20 6
1947 876 64 23 hhdsi
2022 878 45 22 and
2077 880 9 19 1
2098 878 74 23 barrel
2182 880 41 27 ale,

1924 903 14 20 2
1948 903 36 22 do.
1995 904 100 27 Taylor's
2105 909 65 24 stout,

1925 931 14 19 9
1948 929 65 23 hhds.
2025 931 86 26 arrack,

1924 957 14 20 8
1948 957 37 22 do.
1996 957 62 22 West
2068 958 67 22 India
2144 966 58 20 rum,

1924 983 14 21 4
1948 983 62 28 pipes
2020 985 85 21 cordial
2114 986 45 26 gin,
2171 986 118 28 excellent,

1925 1010 10 20 1
1948 1009 37 22 do.
1995 1010 111 28 Hollands,
2118 1012 118 28 excellent,

1923 1037 27 20 25
1961 1044 60 14 cases
2030 1038 45 27 do.,
2087 1038 117 28 excellent,

1924 1063 15 21 4
1948 1063 72 22 chests
2035 1068 42 24 tea,

1924 1090 27 20 35
1962 1089 68 24 boxes
2044 1099 61 20 soap,

1924 1117 28 20 10
1962 1117 62 22 casks
2035 1118 62 27 pork,

1925 1143 10 20 1
1948 1143 37 21 do.
1995 1144 64 27 tripe,

1926 1170 27 20 10
1959 1169 46 27 jars
2013 1170 69 28 dates,

1926 1197 9 20 1
1948 1196 44 27 bag
1999 1198 89 25 ground
2097 1198 68 28 spice,

1926 1224 10 20 1
1950 1222 36 23 do.
1996 1223 98 29 allspice,

1913 1269 3 2 .
1925 1250 15 20 2
1950 1249 35 23 do.
1996 1258 88 20 pepper,

1925 1277 11 20 1
1948 1276 49 23 bale
2007 1277 110 29 blankets,

1924 1303 12 21 1
1948 1310 50 15 case
2007 1304 82 27 clocks,

1925 1330 28 21 10
1963 1329 201 26 double-barrelled
2174 1332 51 23 flint
2232 1339 65 21 guns,

1924 1357 30 21 50
1963 1363 60 20 gross
2032 1358 72 27 corks,

1926 1383 26 21 10
1962 1382 53 29 kegs
2025 1384 63 27 spike
2098 1385 64 27 nails,
2173 1386 90 22 various
2272 1386 64 28 sizes,

1924 1411 14 19 6
1949 1409 79 23 tierces
2038 1411 112 22 excellent
2159 1412 57 27 beef,

1925 1435 90 23 Bottled
2025 1437 34 22 ale
2068 1439 24 20 m
2102 1440 20 25 3,
2133 1440 20 26 4,
2164 1439 45 22 and
2218 1440 14 21 6
2243 1439 49 22 doz.
2302 1439 117 29 packages,

1924 1462 45 22 Do.
1980 1468 76 23 porter
2064 1465 24 21 m
2099 1465 43 26 do.,

1925 1490 23 20 A
1957 1489 61 28 large
2029 1492 104 27 quantity
2143 1492 26 21 of
2176 1492 92 28 pickles,

1926 1515 120 24 Mauritius
2055 1525 74 20 sugar,

1926 1544 15 20 2
1951 1544 63 22 casks
2024 1545 104 28 oatmeal,

1923 1570 30 21 20
1962 1574 49 18 tons
2021 1571 50 26 salt,

1926 1597 10 20 1
1948 1604 49 14 case
2008 1598 84 27 pistols,

1926 1622 88 24 Ladies'
2026 1625 59 22 twist
2092 1625 100 28 tobacco,

1926 1649 129 24 Gambroon
2063 1652 71 27 jacket
2134 1652 24 27 3,

1926 1676 103 24 Summer
2042 1679 131 27 waistcoats,

1926 1704 10 21 1
1948 1706 54 20 tent.

1926 1729 66 23 After
2008 1731 80 27 which,
2105 1733 14 20 2
2135 1733 111 22 excellent
2262 1733 62 27 dairy
2335 1742 57 15 cows
2408 1735 23 22 m
2445 1733 43 24 full

1898 1756 62 27 milk,
1969 1757 44 22 and
2024 1759 22 21 m
2057 1759 48 21 calf
2113 1763 22 17 to
2145 1760 44 21 Mr.
2198 1760 113 23 Sinclair's
2321 1761 45 22 bull
2375 1770 5 19 ;
2392 1763 14 21 2
2416 1760 69 24 brood

1897 1790 74 15 mares
1981 1785 21 21 m
2013 1785 52 22 foal.

1925 1811 56 21 Also
1997 1811 53 22 land
2051 1823 28 4 —
2079 1813 12 20 5
2110 1813 101 27 building
2227 1813 135 29 allotments,
2373 1821 15 15 a
2396 1814 90 28 portion

1897 1836 26 22 of
1929 1840 59 20 town
1998 1845 51 15 acre
2058 1839 45 22 No.
2114 1840 47 27 552,
2175 1840 142 28 delightfully
2328 1841 95 22 situated
2434 1848 28 15 on
2473 1848 14 15 a

1896 1863 77 27 gentle
1987 1866 125 27 eminence,
2131 1870 22 18 at
2170 1867 38 22 the
2227 1867 55 22 back
2299 1869 25 20 of
2336 1868 40 22 Dr.
2393 1868 95 23 Evans's

1896 1898 51 14 new
1957 1890 75 24 house.

2117 1927 74 15 TERMS
2206 1928 65 15 CASH.

1896 1973 118 21 SMALL
2028 1974 86 21 LOTS
2136 1976 68 21 FOR
2227 1976 132 22 HOUSES
2379 1978 44 21 TO
2443 1977 46 22 BE

2077 2002 68 19 X.ET
2161 2002 140 21 OS.ATIS.

1897 2032 45 35 rp
1947 2032 73 22 OWN
2032 2030 84 25 ACRE
2130 2035 95 21 number
2234 2036 48 26 480,
2300 2043 29 15 on
2347 2036 140 27 Wellington

1905 2056 29 25 JL
1972 2059 101 27 Terrace,
2093 2060 154 29 immediately
2263 2062 23 22 m
2298 2062 37 22 the
2345 2070 51 14 rear
2411 2064 27 21 of
2448 2063 39 21 the

1897 2085 74 22 mauri
1980 2086 69 22 house
2059 2086 70 28 lately
2138 2088 106 27 occupied
2255 2089 30 27 by
2296 2089 44 23 Mr.
2352 2090 82 27 Minet,
2441 2089 47 23 will

1889 2112 35 21 ■he
1935 2112 33 21 let
1977 2112 22 22 m
2009 2113 65 21 small
2084 2114 44 21 lots
2137 2115 35 21 for
2187 2115 102 28 building
2297 2116 35 22 for
2342 2116 63 23 three
2416 2116 73 29 year's

1896 2139 48 22 free
1955 2139 26 22 of
1991 2143 57 18 rent.
2079 2140 77 29 Apply
2166 2145 23 17 to

2197 2168 25 22 F.
2237 2169 31 22 A.
2282 2169 177 23 Molesworth.

1924 2192 64 27 April
1997 2194 21 26 2,
2030 2194 63 22 1841.

2023 2248 100 22 JAMKS
2138 2249 30 22 H.
2184 2249 172 28 JOHNSTON,

1920 2284 157 21 CABINET
2092 2286 130 21 MAKER
2237 2288 76 20 AND
2328 2288 139 26 JOINER,

2089 2321 39 19 TE
2139 2321 63 19 ARO
2215 2321 83 20 FFLAtT
2295 2336 5 10 t

1898 2354 53 48 IN
1962 2354 115 28 returning
2088 2355 81 22 thanks
2177 2359 22 18 to
2209 2355 35 23 his
2255 2357 132 27 Employers
2396 2358 43 22 and
2449 2357 39 23 the

1956 2380 78 23 Public
2043 2382 35 21 for
2088 2382 37 22 the
2138 2387 92 23 support
2241 2383 28 21 he
2285 2383 40 23 has
2342 2385 97 22 hitherto
2455 2392 34 14 re-

1898 2407 85 27 ceived,
1992 2408 53 27 begs
2054 2413 22 17 to
2084 2409 82 21 inform
2176 2410 61 22 them
2246 2410 47 22 that
2301 2411 27 22 he
2336 2411 40 22 has
2383 2411 108 23 removed

1898 2434 57 22 from
1969 2435 77 21 Petoni
2060 2439 22 18 to
2098 2436 31 21 Te
2140 2436 47 21 Aro
2204 2436 59 27 Flat,
2272 2437 81 28 where,
2368 2439 24 21 m
2406 2440 82 25 future,

1898 2460 29 22 he
1938 2461 43 21 will
1998 2468 64 21 carry
2077 2469 30 15 on
2124 2462 38 22 the
2178 2463 71 22 above
2265 2463 109 24 branches
2383 2466 26 21 of
2418 2464 71 27 trade,

1899 2488 45 21 and
1955 2488 27 22 he
1992 2488 54 22 feels
2057 2489 116 22 confident
2182 2489 48 23 that
2242 2498 46 20 any
2300 2491 61 22 work
2375 2491 116 23 entrusted

1899 2517 23 19 to
1932 2515 53 26 him,
1997 2515 44 21 will
2055 2515 27 22 be
2098 2516 109 22 executed
2221 2521 23 18 to
2259 2519 37 21 the
2314 2518 137 23 satisfaction
2467 2518 27 22 of

1899 2541 36 22 his
1946 2542 140 27 Employers.

1927 2568 22 22 J.
1961 2569 30 21 H.
2002 2568 23 22 J.
2037 2569 117 22 continues
2170 2572 22 18 to
2209 2578 93 20 prepare
2317 2571 72 28 plans,
2404 2571 88 28 specifi-

1899 2595 91 27 cations,
2002 2595 45 22 and
2057 2596 113 22 estimates
2184 2596 35 24 for
2236 2604 67 21 every
2314 2599 135 28 description
2467 2599 27 21 of

1899 2622 108 27 building.

1962 2677 239 22 WELLINGTON
2216 2679 209 24 EXCHANGE,

1898 2709 92 48 THE
2005 2709 112 22 PUBLIC
2135 2717 38 16 are
2189 2711 112 22 informed
2317 2712 49 22 that
2380 2712 38 23 the
2432 2715 58 20 tem-

1973 2743 80 21 porary
2070 2736 83 23 Rooms
2168 2738 26 21 of
2209 2738 37 22 the
2267 2739 130 22 Institution
2414 2747 37 15 are
2465 2743 24 18 at

1898 2763 39 22 the
1954 2763 73 22 Stores
2044 2764 26 21 of
2083 2764 43 21 Mr.
2142 2764 93 23 Robert
2253 2765 90 28 Waitt,
2359 2766 75 23 where
2449 2766 39 23 the

1896 2789 68 22 latest
1973 2789 100 27 English,
2083 2790 135 28 Australian,
2225 2792 45 22 and
2278 2793 121 23 American
2409 2794 79 22 News-

1897 2823 81 21 papers
1996 2816 46 22 and
2060 2817 132 27 Magazines
2211 2818 46 22 will
2276 2820 29 21 he
2323 2819 78 24 found.
2439 2820 49 22 The

1898 2843 153 27 Subscription
2060 2844 19 22 is
2089 2845 40 22 £2.
2143 2846 33 21 2s.
2187 2853 39 20 per
2239 2853 93 19 annum,
2352 2847 96 28 payable
2462 2848 25 21 m

1898 2870 108 22 advance.

2092 2898 28 22 G.
2136 2898 26 22 B.
2178 2898 72 29 Earp,

2135 2925 121 22 Chairman
2266 2927 27 21 of
2298 2927 38 22 the
2347 2928 142 22 Committee.

1963 2978 239 23 WELLINGTON
2218 2980 207 23 EXCHANGE.

1900 3011 92 49 THE
2008 3011 214 23 PROPRIETORS
2233 3013 27 22 of
2265 3013 38 23 the
2314 3014 177 23 EXCHANGE

1975 3045 37 15 are
2035 3039 87 21 invited
2145 3042 24 18 to
2192 3043 61 19 meet
2274 3043 23 19 at
2317 3040 37 22 the
2375 3042 74 21 Stores
2469 3042 26 21 of

1898 3065 91 22 Messrs.
2001 3064 131 28 Ridgways,
2152 3066 106 27 Guyton,
2269 3067 46 22 and
2330 3067 72 28 Earp,
2413 3074 30 16 on
2452 3067 39 23 the

1899 3092 40 22 7th
1948 3091 26 23 of
1980 3091 66 28 April
2063 3095 61 24 next,
2136 3092 36 22 for
2182 3093 37 21 the
2234 3101 101 20 purpose,
2345 3095 28 21 of
2385 3095 107 27 adopting

1900 3118 68 22 Plans
1977 3119 46 21 and
2032 3118 120 23 Estimates
2164 3119 24 22 of
2195 3119 40 23 the,
2242 3120 108 22 intended
2358 3121 116 28 Building.

2093 3146 28 21 G.
2136 3146 26 22 B.
2178 3147 73 27 Earp,

2138 3172 120 23 Chairman
2269 3173 26 23 of
2302 3174 38 22 the
2350 3174 141 23 Committee.

1963 3227 240 21 WELLINGTON
2220 3229 207 22 EXCHANGE.

2092 3262 36 20 TO
2142 3262 160 22 BUILDERS.

1901 3295 204 22 T7STIMATES
2120 3295 46 22 and
2180 3295 100 23 PLANS
2295 3304 38 15 are
2343 3297 104 28 required
2456 3297 35 22 for

1900 3317 48 26 J_i
1968 3321 38 22 the
2016 3321 160 23 Wellington
2187 3323 136 28 Exchange,
2332 3328 22 17 to
2364 3324 28 21 be
2402 3324 89 22 erected

1900 3355 60 21 upon
1975 3348 37 22 the
2023 3348 40 22 flat
2080 3352 23 18 at
2119 3349 33 22 Te
2167 3349 56 22 Aro.
2253 3350 47 22 The
2317 3351 136 22 dimensions
2467 3350 26 23 of

1900 3375 38 22 the
1954 3375 111 27 Building,
2082 3377 28 21 40
2125 3375 48 23 feet
2186 3377 25 21 m
2227 3377 80 27 length
2321 3378 31 26 by
2368 3379 26 21 22
2410 3378 46 21 feet
2467 3377 24 22 m

1899 3401 69 23 front.
1995 3401 49 23 The
2062 3402 61 22 front
2136 3406 23 18 to
2175 3403 28 22 be
2220 3403 86 28 lighted
2314 3404 54 22 with
2384 3408 43 19 two
2437 3403 54 22 win-

1901 3428 66 27 dows,
1985 3428 45 22 and
2048 3429 120 22 decorated
2183 3430 54 22 with
2253 3432 140 26 appropriate
2410 3431 82 22 Archi-

1901 3455 94 22 tectural
2012 3455 143 23 Ornaments.
2185 3457 50 22 One
2247 3457 28 22 of
2284 3457 37 22 the
2332 3458 58 21 sides
2401 3457 52 28 only
2469 3460 22 19 to

1900 3482 89 22 contain
2008 3482 52 22 four
2069 3483 107 22 windows
2183 3491 5 20 ;
2205 3483 38 22 the
2253 3484 61 22 front
2329 3488 22 18 to
2363 3485 27 21 be
2401 3483 90 23 dressed

1901 3509 46 21 and
1956 3509 121 28 pannelled
2084 3509 52 22 with
2143 3509 135 29 thoroughly
2285 3511 108 22 seasoned
2403 3511 86 26 timber,

1901 3535 38 22 the
1948 3539 45 18 rest
2002 3539 23 19 to
2039 3535 29 23 be
2084 3537 214 27 weather-hoarded,
2310 3538 52 21 with
2378 3538 37 21 the
2425 3537 66 22 doors

1900 3563 28 21 of
1933 3562 73 22 cedar.

1929 3589 82 28 Apply,
2023 3589 30 28 by
2062 3589 67 23 letter
2142 3590 61 28 only,
2215 3594 24 18 to
2253 3591 44 21 Mr.
2309 3591 28 21 G.
2347 3591 28 22 B.
2385 3591 71 26 Earp,
2468 3592 23 20 at

1899 3615 33 22 Te
1947 3616 54 27 Aro,
2020 3623 28 15 on
2066 3624 25 14 or
2106 3617 76 22 before
2199 3617 37 22 the
2253 3617 38 22 6th
2309 3617 26 21 of
2347 3617 64 28 April
2427 3620 62 19 next.

1900 3642 49 22 The
1967 3643 108 28 Building
2091 3644 44 21 will
2155 3644 27 21 be
2198 3643 104 28 required
2319 3646 21 19 to
2357 3644 28 21 be
2402 3643 89 23 erected

1900 3669 161 28 immediately,
2073 3671 45 22 and
2128 3671 38 22 the
2175 3670 134 28 proprietors
2319 3670 28 22 do
2357 3674 42 18 not
2408 3670 78 28 pledge

1899 3695 135 23 themselves
2044 3701 22 17 to
2075 3701 79 24 accept
2162 3697 37 22 the
2208 3697 78 22 lowest
2294 3697 107 22 Tenders.

2127 3751 45 21 TO
2185 3750 77 25 LET,

1900 3777 52 48 A
1966 3777 214 22 SUBSTANTIAL
2191 3778 75 21 native
2275 3777 57 22 built
2338 3777 77 28 house,
2422 3778 68 22 situa-

1979 3804 39 21 ted
2032 3804 26 21 m
2075 3804 37 21 the
2128 3811 50 14 rear
2195 3803 27 22 of
2232 3803 137 28 Wellington
2386 3805 103 22 Terrace.

1899 3830 49 22 The
1957 3830 70 22 house
2045 3831 102 22 contains
2157 3830 63 22 three
2230 3838 74 14 rooms
2314 3831 45 22 and
2368 3838 14 15 a
2390 3831 99 24 kitchen.

1900 3857 49 21 The
1967 3857 72 22 whole
2057 3857 46 22 will
2121 3857 29 22 be
2168 3860 41 23 put
2227 3857 23 21 m
2275 3858 111 27 complete
2408 3858 81 28 repair.

1899 3883 72 22 There
1987 3883 20 22 is
2023 3883 48 23 also
2087 3891 14 15 a
2109 3883 65 23 small
2190 3883 84 27 garden
2291 3884 105 23 attached
2411 3887 24 20 to
2451 3884 40 23 the

1899 3910 115 27 premises.
2042 3910 46 22 For
2103 3910 120 22 directions
2239 3910 66 28 apply
2321 3914 23 19 at
2361 3911 45 23 this
2419 3910 70 29 office,

1901 3936 46 23 and
1955 3937 34 21 for
1999 3937 130 28 particulars
2138 3940 24 18 to
2173 3937 43 22 Mr.
2230 3937 28 22 A.
2270 3937 83 23 Millar.

1335 633 238 21 COMMERCIAL
1588 634 75 25 INN,
1675 634 44 21 TE
1732 635 82 20 ARO.

1280 663 176 49 KICHARD
1479 666 114 22 BROWN
1616 667 55 27 begs
1693 670 22 19 to
1733 667 85 22 inform
1834 667 34 23 his

1359 692 85 22 friends
1453 693 44 21 and
1507 693 37 21 the
1554 693 75 28 public
1640 694 26 21 of
1677 694 52 21 Port
1736 694 131 28 Nicholson,

1279 717 49 22 that
1336 717 30 23 he
1376 718 40 22 has
1426 719 87 27 opened
1522 719 37 22 the
1569 720 71 21 above
1649 720 77 27 house,
1742 721 45 21 and
1799 721 69 27 hopes

1278 743 31 28 by
1319 745 62 21 strict
1390 745 108 22 attention
1515 749 23 19 to
1552 747 111 27 business,
1681 747 118 22 combined
1815 748 52 21 with

1279 771 132 27 superiority
1421 773 26 21 of
1457 772 77 22 article
1543 773 45 21 and
1597 774 115 21 moderate
1727 774 100 27 charges,
1846 778 22 18 to

1279 797 67 22 merit
1355 805 13 14 a
1378 798 64 22 share
1452 799 25 21 of
1490 799 56 22 their
1555 804 99 23 support.

1279 851 192 22 BARRETT'S
1485 853 125 25 HOTEL,
1621 854 246 21 WELLINGTON.

1280 883 171 48 UHUNT
1474 886 55 27 begs
1538 888 22 20 to
1571 893 120 15 announce
1701 889 23 19 to
1740 887 34 21 his
1783 887 84 22 friends

1338 922 10 10 •
1381 911 44 22 and
1435 912 37 22 the
1482 912 83 28 public,
1584 912 49 23 that
1644 913 28 22 he
1687 913 39 22 has
1743 914 124 22 succeeded

1279 936 45 23 Mr.
1336 937 28 22 R.
1375 938 89 22 Barrett
1472 938 23 22 m
1506 939 37 22 the
1553 940 71 21 above
1635 940 177 26 establishment,
1823 941 44 21 and

1279 966 67 19 trusts
1357 964 48 22 that
1413 965 31 27 by
1453 966 109 21 attention
1573 969 22 18 to
1606 973 76 15 secure
1692 974 13 14 a
1715 966 77 22 liberal
1802 967 65 22 share

1279 990 27 23 of
1316 994 91 24 support
1416 992 57 21 from
1484 992 62 22 those
1554 992 50 23 who
1611 1000 53 20 may
1672 993 79 22 favour
1757 993 47 22 him
1815 994 52 22 with

1279 1016 58 23 their
1345 1020 130 25 patronage.

1306 1043 85 29 Wines,
1411 1045 80 28 spirits,
1509 1046 42 27 ale,
1563 1046 46 22 and
1617 1049 83 25 porter,
1720 1046 27 23 of
1762 1047 37 22 the
1818 1047 49 22 best

1279 1070 109 28 qualities.

1290 1098 53 31 >An
1355 1098 105 28 ordinary
1469 1101 24 19 at
1501 1100 13 20 2
1525 1098 86 23 o'clock
1626 1099 68 27 daily.
1732 1100 56 22 Cold
1799 1100 68 22 colla-

1279 1123 58 22 tions
1346 1124 84 28 always
1444 1125 76 34 ready.
1549 1126 79 21 Public
1645 1126 91 22 dinners
1751 1127 115 27 provided.

1307 1151 65 22 Good
1385 1151 61 27 beds,
1463 1152 45 22 and
1523 1153 85 27 private
1625 1156 137 24 apartments
1780 1154 36 21 for
1828 1153 39 23 the

1279 1184 38 15 use
1327 1178 27 21 of
1364 1178 103 22 families.

1463 1205 53 22 Feb.
1528 1206 32 26 19,
1574 1207 61 21 1841.

1327 1258 195 22 BARRETT'S
1537 1260 116 21 HOTEL
1668 1260 21 21 &
1703 1261 119 26 STORE,

1482 1293 179 23 TARANAKI.

1280 1324 174 49 RICHARD
1468 1326 146 23 BARRETT
1630 1328 54 26 begs
1698 1331 22 18 to
1735 1328 81 22 inform
1830 1328 37 22 the

1357 1352 139 23 inhabitants
1508 1354 26 21 of
1550 1354 54 21 Port
1619 1354 131 28 Nicholson,
1769 1356 45 21 and
1830 1356 37 22 the

1279 1378 115 28 adjoining
1404 1380 148 28 Settlements,
1564 1380 49 22 that
1621 1380 28 22 he
1665 1380 88 23 intends
1770 1383 98 26 opening

1280 1412 28 15 on
1318 1405 37 22 the
1367 1407 33 20 Ist
1410 1406 25 21 of
1447 1406 80 22 March
1537 1410 62 24 next,
1614 1407 39 22 the
1663 1409 70 21 above
1744 1408 70 22 Hotel
1823 1410 45 21 and

1280 1432 96 22 General
1387 1433 70 26 Store,
1468 1434 52 21 with
1531 1441 14 14 a
1554 1434 159 22 well-selected
1730 1436 45 21 and
1791 1436 76 22 choice

1279 1458 62 23 stock
1360 1460 27 21 of
1402 1460 75 27 wines,
1500 1460 80 28 spirits,
1600 1461 35 22 ale
1659 1462 44 21 and
1722 1466 82 24 porter,
1823 1463 45 21 and

1279 1485 90 27 general
1379 1490 134 19 assortment
1520 1487 25 22 of
1550 1488 70 26 goods
1630 1488 93 22 suitable
1731 1488 35 22 for
1773 1490 92 26 settlers,

1280 1516 21 17 at
1311 1519 54 21 very
1374 1512 113 23 moderate
1502 1514 72 28 prices
1582 1523 5 17 ;
1606 1514 45 22 and
1667 1518 67 18 trusts
1749 1516 29 27 by
1795 1519 72 19 atten-

1279 1539 45 22 tion
1344 1543 23 18 to
1386 1539 38 22 the
1442 1541 152 22 convenience
1613 1542 45 21 and
1677 1542 95 22 comfort
1788 1543 26 21 of
1834 1543 34 22 his

1279 1569 73 23 guests
1362 1570 23 17 to
1394 1567 67 21 merit
1470 1575 13 14 a
1493 1567 64 22 share
1568 1568 26 21 of
1605 1568 58 22 their
1672 1569 80 21 favors.

1306 1599 56 22 N.B.
1364 1610 26 4 —
1393 1599 65 22 Good
1480 1600 54 22 beds
1558 1601 45 21 and
1621 1602 193 22 accommodation
1834 1603 34 22 for

1280 1626 119 27 travellers,
1410 1627 45 21 and
1464 1627 84 27 private
1559 1630 137 24 apartments
1707 1629 36 21 for
1751 1629 102 22 families.

1280 1680 275 48 RBRADFIELD,
1582 1681 93 23 Saddler
1698 1683 45 22 and
1767 1684 100 23 Harness

1334 1718 12 10 •
1377 1707 86 22 Maker.
1493 1708 93 27 Repairs
1599 1709 76 27 neatly
1690 1710 65 22 done.
1785 1710 83 23 Orders

1279 1733 103 23 received
1392 1737 23 18 at
1425 1734 127 22 Marshall's
1562 1735 164 23 Coffee-house.

1279 1789 50 47 A
1357 1788 44 22 HE
1404 1788 85 27 WITT,
1501 1789 161 26 Fishmonger,
1673 1790 110 23 Lambton
1793 1792 72 28 Quay,

1334 1826 10 10 ■
1362 1815 144 28 Wellington,
1514 1819 88 19 returns
1611 1817 35 22 his
1656 1817 86 22 sincere
1752 1818 82 23 thanks
1844 1824 23 17 to

1279 1841 36 22 the
1334 1841 138 23 inhabitants
1491 1844 26 20 of
1537 1843 44 22 this
1600 1844 87 28 Colony
1703 1844 40 23 for-
1757 1845 37 22 the
1813 1853 54 21 very

1278 1867 78 24 liberal
1375 1872 91 28 support
1482 1869 29 22 he
1524 1869 42 22 has
1581 1870 98 23 hithert)
1694 1872 110 26 received,
1822 1873 45 22 and

1279 1895 52 27 begs
1341 1899 23 18 to
1372 1897 84 20 inform
1465 1896 61 22 them
1538 1897 47 21 that
1600 1897 28 21 he
1637 1897 40 22 has
1687 1898 65 21 made
1762 1906 105 20 arrange-

1279 1926 73 18 ments
1366 1923 36 21 for
1421 1930 13 14 a
1448 1926 104 19 constant
1567 1924 81 27 supply
1667 1924 26 21 of
1712 1925 38 22 the
1769 1925 99 24 choicest

1279 1949 101 22 varieties
1390 1949 26 22 of
1426 1949 49 27 fish,
1493 1950 72 21 which
1582 1951 28 20 he
1627 1951 138 27 confidently
1780 1959 87 16 recom-

1271 1993 9 11 v
1279 1976 78 22 mends
1366 1979 22 19 to
1399 1976 37 22 the
1445 1976 75 27 public
1530 1984 23 14 as
1561 1977 68 27 being
1636 1977 27 22 of
1673 1978 37 21 the
1718 1978 49 22 best
1773 1979 92 28 quality.

1397 2009 149 27 forshijiping
1552 2008 113 29 received,
1679 2011 45 21 and
1734 2006 134 34 punctually.

1271 2056 6 4 ,
1280 2034 106 23 attended
1394 2038 31 19 to.

1432 2069 98 15 OYSTEBS
1545 2070 73 15 FRESH
1633 2071 77 15 DAILY.

1305 2093 62 28 Also,
1379 2102 14 14 a
1402 2095 80 28 supply
1492 2096 26 22 of
1533 2096 128 27 vegetables
1677 2097 61 22 fresh
1752 2098 59 22 from
1828 2098 38 23 the

1279 2121 83 27 garden
1372 2121 67 28 daily.

1279 2176 34 49 J
1346 2175 147 23 CANNING
1508 2177 44 21 and
1569 2177 27 22 R.
1615 2177 140 28 HARVEY,
1773 2180 94 21 Cabinet

1318 2213 10 11 •
1360 2202 44 22 and
1423 2203 171 28 Chair-makers,
1618 2205 189 28 Lambton-quay,
1828 2207 39 21 ad-

1276 2229 88 27 joining
1374 2229 88 23 Dune's
1473 2231 80 25 Stores,
1572 2231 44 27 beg
1626 2234 22 19 to
1660 2232 79 22 inform
1748 2233 37 21 the
1802 2232 65 23 inha-

1280 2257 80 21 bitants
1367 2257 26 21 of
1398 2256 136 28 Wellington
1542 2258 48 21 that
1597 2258 54 28 they
1658 2258 56 22 have
1722 2260 144 22 commenced

1279 2283 99 22 business
1396 2283 24 22 m
1439 2283 37 22 the
1496 2285 70 20 above
1587 2285 53 27 line,
1661 2285 44 22 and
1722 2286 144 28 respectfully

1279 2309 72 23 solicit
1366 2318 12 12 a
1393 2309 65 23 share
1476 2311 25 21 of
1519 2311 38 22 the
1571 2312 76 27 public
1663 2316 122 24 patronage
1795 2321 6 19 ;
1822 2314 43 21 and

1280 2339 55 19 *rust
1343 2337 31 26 by
1384 2337 128 28 combining
1529 2338 78 21 liberal
1624 2339 71 27 prices
1712 2339 45 22 and
1771 2344 96 22 punctu-

1279 2363 60 27 ality,
1356 2367 22 18 to
1394 2364 50 26 give
1461 2365 138 21 satisfaction
1620 2369 22 18 to
1660 2366 61 22 those
1738 2366 129 27 gentlemen

1279 2390 48 22 who
1339 2398 51 19 may
1400 2390 63 22 favor
1472 2391 62 22 them
1543 2391 54 22 with
1607 2392 83 22 orders.

1306 2423 48 22 P.S.
1356 2435 28 4 —
1385 2424 86 27 Sashes,
1491 2425 122 27 pannelled
1632 2425 71 28 doors,
1724 2427 49 27 &c,
1793 2427 74 28 made,

1279 2450 44 22 and
1332 2451 110 22 furniture
1451 2452 109 27 repaired.

1359 2506 92 22 JOHN
1475 2507 124 26 LODGE,
1622 2508 164 25 BUILDER,

1280 2540 106 50 BEGS
1401 2544 23 19 to
1433 2541 81 22 inform
1526 2541 38 22 the
1573 2542 139 22 inhabitants
1722 2543 26 22 of
1759 2543 109 27 Welling-

1341 2572 46 22 ton,
1399 2567 47 22 that
1456 2568 84 28 having
1549 2569 57 22 been
1618 2576 68 20 many
1696 2577 64 24 years
1768 2570 100 27 engaged

1280 2602 22 14 as
1312 2594 102 23 foreman
1423 2594 23 23 m
1461 2595 38 22 the
1514 2596 98 21 erection
1629 2596 27 21 of
1668 2596 120 28 buildings,
1806 2597 28 21 he
1849 2597 19 22 is

1279 2629 50 14 now
1338 2622 108 27 prepared
1456 2626 23 18 to
1489 2622 65 23 make
1564 2622 64 28 plans
1643 2623 46 22 and
1705 2623 113 22 estimates
1834 2624 34 21 for

1280 2656 43 19 any
1334 2648 133 28 description
1483 2650 25 21 of
1520 2649 120 27 buildings,
1659 2649 44 22 and
1720 2653 93 19 execute
1830 2650 38 23 the

1280 2683 59 14 same
1350 2682 29 15 on
1388 2676 131 22 reasonable
1529 2679 75 25 terms,
1616 2676 53 22 with
1677 2677 59 27 good
1743 2676 125 23 workman-

1280 2702 55 27 ship.

1306 2736 58 22 N.B.
1366 2748 27 3 —
1393 2735 22 23 A
1431 2736 93 23 -wooden
1540 2737 72 23 house
1627 2740 26 19 to
1666 2737 30 23 be
1715 2737 105 27 disposed
1837 2737 30 27 of,

1281 2763 51 22 20ft.
1344 2763 30 28 by
1384 2765 53 21 14ft.

1305 2797 123 23 Thorndon
1439 2798 73 27 Quay,
1523 2796 53 23 Jan.
1586 2799 35 26 21,
1633 2800 62 20 1841.

1270 2843 2 40 j
1468 2853 214 21 EDUCATION.

1282 2885 106 49 MRS.
1409 2885 44 22 and
1473 2886 70 22 MISS
1567 2885 192 23 WAKEFIELD
1782 2886 86 23 receive

1371 2913 73 27 pupils
1453 2920 29 15 on
1494 2913 37 22 the
1540 2913 117 27 following
1665 2917 68 18 terms
1738 2921 6 14 :
1746 2924 28 4 —

1306 2944 45 23 For
1368 2946 77 26 board,
1465 2946 54 22 with
1536 2946 102 27 washing
1653 2946 44 22 and
1713 2946 34 22 in-

1334 2973 107 22 struction
1446 2973 23 21 m
1474 2973 92 27 general
1573 2973 93 27 English
1672 2974 75 21 litera-

1334 3002 56 25 ture,
1407 3000 94 27 writing,
1515 3000 46 22 and
1574 3000 116 27 aritmetic,
1707 3007 41 20 per

1334 3029 91 25 quarter
1747 3029 12 19 8
1787 3029 13 20 8
1828 3028 13 21 0

1305 3053 79 22 Under
1393 3054 13 21 7
1415 3061 64 20 years
1489 3054 26 22 of
1526 3061 41 20 age
1746 3054 14 22 7
1787 3054 14 22 7
1828 3055 13 20 0

1305 3080 53 27 Day
1367 3080 105 22 boarders
1746 3081 14 21 4
1787 3081 15 21 4
1828 3082 13 20 0

1307 3106 51 28 Day
1367 3107 73 28 pupils
1746 3109 14 19 2
1787 3109 14 19 2
1828 3109 13 19 0

1306 3133 81 23 Junior
1397 3134 55 22 ditto
1747 3135 11 21 1
1774 3135 25 21 11
1827 3135 14 21 6

1280 3167 93 28 French,
1390 3167 89 28 Italian,
1495 3167 44 23 and
1554 3167 115 27 Drawing,
1680 3167 31 22 £1
1728 3168 45 21 11s.
1784 3167 34 22 6d.
1829 3175 39 20 per

1523 3198 98 24 quarter.

1306 3226 90 23 Private
1405 3228 86 22 lessons
1499 3228 23 22 m
1533 3228 78 27 music,
1624 3235 26 15 or
1658 3235 46 20 any
1714 3228 26 22 of
1750 3228 38 21 the
1798 3228 70 22 above

1279 3254 109 22 branches
1399 3255 26 21 of
1436 3254 126 26 education,
1578 3261 44 15 one
1637 3255 75 22 hour's
1727 3255 140 26 instruction,

1280 3281 49 23 four
1337 3281 86 23 lessons
1440 3281 36 23 for
1485 3288 43 15 one
1537 3281 91 28 guinea.
1675 3280 9 19 *'

1306 3315 135 22 References
1451 3318 22 19 to
1483 3315 38 22 the
1530 3315 116 27 following
1652 3315 129 27 gentlemen
1790 3315 78 28 kindly

1279 3341 120 29 permitted
1407 3349 5 14 :
1413 3353 29 4 —

1307 3375 63 27 Capt.
1381 3375 35 22 W.
1428 3375 34 23 M.
1473 3375 80 27 Smith,
1564 3375 69 28 R.A.,
1644 3375 224 29 Surveyor-General

1306 3401 26 23 T.
1345 3404 37 22 M..
1389 3402 122 28 Partridge,
1524 3402 52 30 Esq.

1307 3429 22 21 S.
1341 3429 96 27 Revans,
1449 3429 52 28 Esq.

1280 3462 184 28 Tinakore-road,
1480 3462 81 23 March
1572 3464 34 26 10,
1617 3464 62 21 1841.

1292 3517 230 21 DISSOLUTION
1537 3518 43 19 OF
1595 3517 259 22 PARTNERSHIP.

1280 3549 146 49 NOTICE
1446 3550 28 22 IS
1496 3549 128 23 HEREBY
1645 3549 107 28 GIVEN,
1769 3549 49 23 that
1832 3549 36 23 the

1360 3577 141 28 partnership
1520 3577 122 26 subsisting
1659 3577 101 22 between
1779 3584 33 20 us,
1832 3577 36 21 the

1280 3603 62 22 Hon.
1360 3603 32 22 H.
1409 3603 35 22 W.
1461 3603 72 25 Petre,
1555 3603 47 22 and
1621 3604 26 21 F.
1666 3603 29 22 A.
1718 3603 150 28 Molesworth,

1280 3630 89 27 trading
1378 3629 101 28 together
1489 3633 23 19 at
1522 3630 87 27 Petoni,
1626 3631 23 21 m
1668 3630 54 22 Port
1737 3629 131 28 Nicholson,

1280 3664 24 14 as
1313 3656 91 28 general
1419 3661 84 22 agents,
1522 3656 92 28 dealers,
1633 3657 45 21 and
1694 3656 118 28 chapmen,
1829 3656 39 23 has

1280 3683 43 23 this
1333 3683 43 28 day
1386 3683 57 22 been
1454 3683 112 23 dissolved
1573 3683 32 28 by
1613 3683 85 22 mutual
1714 3687 100 18 consent.

1590 3717 25 22 F.
1628 3718 29 20 A.
1668 3716 172 27 Molesworth,

1590 3744 86 22 Henry
1686 3743 36 22 W.
1734 3743 84 22 Petre.

1271 3794 3 11 ,
1280 3777 99 23 Witness
1379 3788 28 5 —
1407 3777 35 22 W.
1453 3777 30 22 V.
1491 3777 95 28 Brewer,
1599 3776 199 29 barrister-at-law,
1813 3777 55 23 New

1272 3821 3 9 ;
1444 3804 108 22 Zealand.

1411 3831 25 21 T.
1448 3831 34 21 M.
1492 3830 123 27 Partridge.

1290 3876 9 8 rf
1306 3857 115 28 February
1429 3859 34 26 25,
1480 3858 60 21 1841.

1280 3908 119 51 BILLS
1413 3909 40 21 OF
1467 3908 126 23 LADING
1607 3916 31 15 on
1654 3908 46 23 sale
1716 3912 24 18 at
1749 3909 38 22 the
1798 3909 70 23 Office

1359 3936 27 22 of
1396 3936 43 22 this
1448 3943 74 21 paper.

698 629 115 21 UNION
828 629 102 22 BANK
943 631 44 20 OF
1002 631 219 21 AUSTRALIA.

661 661 96 22 London
775 662 93 26 Office,
885 662 44 23 No.
943 664 36 26 33,
999 664 48 21 Old
1064 664 185 23 Broad-street.

715 695 94 27 Capital,
819 695 123 28 £500,000;
963 697 53 27 paid
1023 704 38 21 up,
1075 697 120 28 £300,000.

897 734 119 13 directors:

767 756 69 21 George
843 756 39 18 Fife
889 758 66 20 Angas,
964 758 50 21 Esq.,

767 776 68 18 Robert
842 777 75 21 Brooks,
927 779 48 20 Esq.,

765 797 64 18 James
836 798 49 17 John
892 799 100 20 Cummins,
1000 800 48 20 Esq.,

765 818 69 17 Robert
841 819 97 21 Gardener,
950 821 49 19 Esq.,
1011 820 120 20 Manchester,

766 839 49 16 John
823 840 46 16 Gore
886 840 48 21 Esq.,

765 859 50 17 John
823 861 80 17 William
910 861 74 19 Buckle,
990 861 48 21 Esq.,

766 880 96 21 Benjamin
870 882 21 17 E.
898 881 63 20 Lindo,
969 882 48 20 Esq.,

766 901 73 17 Charles
851 902 74 16 Edward
932 902 86 21 Mangles,
1027 902 48 21 Esq.,

766 921 116 21 Christopher
889 922 84 20 Rawson,
981 923 48 20 Esq.,
1041 923 81 20 Halifax,

765 942 80 16 Thomas
852 943 64 19 Sands,
925 944 47 20 Esq.,
980 943 99 21 Liverpool,

765 962 63 17 James
835 963 55 21 Bogle
898 963 64 20 Smith,
969 964 48 20 Esq.,

765 982 63 18 James
835 984 80 16 Ruddell
922 984 54 19 Todd,
985 984 43 21 Esq.

659 1009 95 17 Trustees:
771 1010 82 17 George
865 1012 57 16 Carr
932 1011 61 19 Glyn,
1006 1012 48 20 Esq.,
1065 1012 53 17 John
1129 1012 61 21 Gore,
1200 1012 48 21 Esq.,

806 1031 38 16 and
851 1031 66 17 James
924 1032 16 16 J.
948 1033 99 19 Cummins,
1059 1033 42 21 Esq.

687 1057 91 17 Bankers:
790 1057 75 18 Messrs.
873 1058 61 20 Glyn,
945 1059 114 20 Hallifax,
1068 1060 72 20 Mills,
1147 1060 37 17 and
1191 1061 30 16 Co.

779 1086 102 20 Secretary:
893 1087 83 17 Samuel
983 1087 94 20 Jackson,
1085 1088 43 20 Esq.

750 1112 81 18 Colonial
837 1113 104 22 Inspector:
953 1115 17 15 J.
978 1114 19 17 C.
1004 1115 102 20 M'Laren,
1114 1115 43 21 Esq.

781 1161 70 21 New
868 1162 124 21 Zealand
1011 1163 114 21 Branch.

658 1193 54 17 Local
719 1193 92 17 Directors
817 1200 5 10 :
837 1195 48 17 Geo.
897 1195 18 17 S.
927 1195 72 20 Evans,
1012 1196 47 21 Esq.,
1073 1196 69 21 D.C.L.,
1155 1197 36 17 and
1203 1198 45 16 Geo.

882 1215 91 21 Hunter,
985 1217 42 20 Esq.

659 1242 96 21 Manager:
766 1242 49 17 John
824 1243 72 19 Smith,
905 1244 47 20 Esq.,
961 1243 37 18 late
1006 1244 20 17 of
1035 1244 30 17 the
1073 1244 117 18 Commercial
1197 1245 52 17 Bank

828 1264 21 17 of
858 1264 88 21 England,
959 1265 121 17 Manchester.

769 1290 115 25 Branches
894 1295 25 19 at
932 1292 98 28 Sydney,

933 1318 173 30 llobartTown,

934 1345 9 22 1
955 1350 127 24 aunceston,
1094 1346 47 23 and

933 1372 10 22 I
953 1376 35 19 ort
997 1373 80 29 Philip.

658 1405 54 23 Port
720 1405 132 29 Nicholson,
864 1406 79 23 March
954 1408 35 25 24,
1000 1409 61 20 1840.

658 1459 92 21 rnHE
767 1459 115 23 Directors
899 1461 27 21 of
939 1461 40 21 (he
997 1461 56 22 New
1069 1461 100 23 Zealand
1183 1462 65 22 Land

665 1482 29 26 JL
732 1487 119 27 Company
865 1487 81 28 hereby
966 1487 50 28 give
1033 1489 80 26 notice,
1133 1489 48 22 that
1195 1490 52 26 they

656 1512 57 22 have
721 1520 114 15 EFFECTED
847 1521 28 15 AN
887 1522 171 14 ARRANGEMENT
1066 1515 53 22 with
1127 1516 37 21 the
1173 1516 73 22 Ullioi)

656 1539 64 22 Bank
736 1540 26 21 of
778 1541 121 25 Australia,
918 1541 42 21 No.
978 1543 33 25 38,
1027 1541 45 22 Old
1087 1542 159 27 Broad-street,

657 1565 102 28 London,
771 1567 34 21 for
816 1567 36 21 the
866 1567 169 22 establishment
1048 1568 26 22 of
1087 1576 14 14 a
1117 1569 130 22 BRANCH

656 1593 89 22 BANK
760 1593 35 22 IN
810 1593 73 23 NEW
898 1595 157 27 ZEALAND,
1069 1595 97 28 through
1176 1596 71 22 which

656 1619 38 22 the
702 1620 104 22 business
819 1621 27 21 of
858 1621 39 22 the
914 1621 57 22 New
986 1621 100 22 Zealand
1100 1622 66 23 Land
1183 1623 65 22 Com-

655 1654 60 20 pany
725 1647 45 21 will
779 1647 28 22 be
818 1647 134 23 transacted.
981 1647 47 23 The
1044 1649 114 22 Directors
1175 1649 72 22 there-

656 1673 46 22 fore
712 1674 147 22 recommend
868 1678 23 18 to
908 1675 110 22 Colonists
1034 1675 38 22 the
1088 1676 78 24 .Union
1183 1676 64 23 Bank

656 1700 26 21 of
700 1700 116 22 Australia
833 1708 24 15 as
876 1709 29 14 an
931 1701 169 23 establishment
1122 1704 126 26 possessing

656 1727 57 21 their
729 1727 71 22 entire
824 1728 137 27 confidence,
983 1729 44 21 and
1046 1729 49 22 able
1114 1733 24 18 to
1155 1730 92 26 provide

655 1753 127 28 effectually
798 1754 36 22 for
850 1755 37 22 the
902 1755 105 22 financial
1022 1759 69 19 wants
1109 1757 27 21 of
1147 1757 36 21 the
1201 1757 48 22 first

655 1780 136 23 settlement.

825 1814 34 28 By
870 1816 66 21 order
945 1816 27 22 of
982 1816 37 22 the
1029 1816 80 27 Board,

903 1849 85 22 JOHN
1003 1849 103 28 WARD,
1124 1850 123 28 Secretary.

655 1881 56 22 New
721 1881 101 23 Zealand
832 1882 66 22 Land
908 1884 134 26 Company's
1053 1884 78 27 Office,

684 1910 17 24 1,
713 1909 162 26 Adam-street,
886 1910 105 27 Adelphi,
1002 1911 52 21 27th
1065 1911 68 26 Aug.,
1144 1913 62 21 1839.

745 1963 258 21 IMMIGRATION
1022 1965 132 20 OFFICE.

656 1996 29 21 T
705 1995 63 22 ISTS
779 1996 26 21 of
812 1997 74 25 newly
896 1997 87 21 arrived
993 1997 146 26 Immigrants
1148 2005 38 14 are
1195 1998 61 27 kept-
1256 2005 3 8 1

654 2021 47 22 -JLJ
732 2025 23 18 at
773 2022 45 22 this
838 2022 78 27 Office,
936 2023 73 22 where
1029 2024 83 27 parties
1131 2024 116 28 requiring

655 2049 114 21 workmen
780 2056 26 14 or
821 2052 101 19 servants
932 2057 42 14 can
991 2050 86 21 receive
1091 2051 153 27 information,

655 2075 45 21 and
712 2075 69 22 those
798 2079 39 18 out
851 2076 26 21 of
889 2076 151 27 employment
1054 2084 42 15 can
1113 2077 58 22 have
1188 2077 58 22 their

654 2108 78 16 names
743 2103 129 26 registered,
884 2110 29 14 on
923 2103 107 27 applying
1039 2106 23 19 to

833 2129 93 22 Daniel
941 2131 138 26 Riddiford,

984 2157 157 27 Immigration
1159 2158 85 27 Agent.

682 2182 75 22 Thorn
760 2182 45 22 don
816 2183 73 28 Quay,
901 2183 144 28 Wellington,

750 2209 128 22 December
891 2212 32 25 30,
940 2211 60 21 1840.

789 2264 215 21 WAKEFIELD
1019 2265 97 22 CLUB.

654 2296 52 49 A
721 2296 152 22 GENERAL
893 2297 145 22 MEETING
1059 2298 25 22 of
1102 2298 38 22 the
1162 2299 85 22 MEM-

734 2323 78 22 BERS
823 2324 44 21 will
878 2324 50 22 take
939 2324 62 27 place
1012 2329 23 17 at
1044 2325 37 22 the
1093 2325 55 22 Club
1160 2325 85 27 House,

654 2358 29 14 on
701 2350 109 28 Monday,
828 2350 38 22 the
881 2351 39 22 sth
929 2351 66 28 April
1011 2355 59 24 next,
1087 2355 23 19 at
1120 2354 26 20 12
1161 2353 86 22 o'clock

654 2378 117 27 precisely.

920 2404 109 24 Richard
1043 2405 88 27 Baker,

991 2432 120 28 Honorary
1122 2433 124 27 Secretary.

682 2458 148 27 Wellington,
842 2458 79 22 March
931 2459 35 26 25,
977 2460 60 21 1841.

655 2512 155 50 NOTICE.
811 2524 29 4 —
840 2512 95 22 Persons
943 2513 99 22 desirous
1047 2513 25 22 of
1076 2513 68 28 being
1152 2515 96 21 marriod

719 2539 29 28 by
760 2539 38 23 the
809 2540 55 22 Rev.
876 2540 60 22 John
948 2540 138 27 M'Farlane,
1098 2540 58 23 First
1166 2541 82 22 Minis-

655 2570 33 18 ter
697 2566 27 22 of
735 2566 37 22 the
783 2567 82 21 Scotch
875 2566 89 22 Church
974 2566 22 23 m
1014 2567 55 22 New
1079 2567 111 28 Zealand,
1210 2576 38 14 are

655 2593 118 28 requested
783 2597 24 18 to
815 2594 95 27 register
919 2593 59 22 their
988 2601 77 15 names
1081 2594 54 22 with
1152 2599 39 18 the
1206 2603 43 14 un-

655 2620 120 27 dersigned
783 2624 24 18 at
815 2621 68 21 latest
892 2621 37 21 the
939 2621 110 27 Saturday
1059 2622 104 30 previous
1178 2625 22 18 to
1210 2622 37 22 the

656 2654 126 21 ceremony,
794 2648 24 21 m
830 2647 65 22 order
902 2651 22 19 to
934 2647 160 28 proclamation
1105 2649 24 21 of
1136 2649 73 22 banns
1219 2656 28 15 on

654 2674 105 22 Sabbath.
790 2675 96 21 Persons
897 2675 45 21 also
953 2674 100 22 desirous
1063 2675 26 22 of
1094 2675 87 28 having
1190 2676 58 22 their

654 2701 101 22 children
774 2701 110 28 baptised,
904 2705 61 19 must
979 2702 104 27 previous
1099 2701 88 23 thereto
1197 2703 51 27 give

655 2727 37 23 the
703 2727 106 29 requisite
819 2728 146 22 information
974 2728 24 22 m
1013 2729 64 21 order
1087 2732 25 18 to
1121 2730 95 27 registry
1225 2733 24 19 to

950 2755 94 23 Robert
1054 2755 28 23 R.
1093 2756 102 27 Strang,

682 2781 103 23 Solicitor
794 2781 45 22 and
851 2781 115 28 Registrar
974 2783 35 21 for
1018 2783 38 21 the
1063 2782 81 23 Scotch
1151 2783 96 23 Church.

655 2807 227 28 Woollcomb-street,
893 2809 52 21 24th
955 2809 80 22 March
1046 2811 61 20 1841.

800 2863 169 21 GENERAL
983 2863 119 21 STORE.

656 2888 94 49 MR.
764 2889 146 22 TELFORD
923 2889 85 28 having
1020 2890 102 28 recently
1134 2891 66 22 made
1210 2899 39 14 ex-

748 2915 87 22 tensive
852 2915 127 28 purchases,
998 2917 53 27 begs
1061 2920 23 19 to
1094 2924 120 17 announce
1225 2922 22 19 to

656 2942 33 22 his
699 2942 87 22 friends
796 2942 48 22 that
852 2943 30 21 he
892 2942 40 23 has
943 2950 29 15 on
983 2943 52 28 sale,

683 2969 189 23 HARDWARE
887 2970 25 22 of
922 2969 39 23 the
970 2970 48 22 first
1027 2970 93 29 quality,
1131 2972 118 28 including

656 3003 14 15 a
677 2999 64 24 great
748 2996 87 27 variety
845 2997 27 21 of
882 2997 64 23 nails.

682 3023 106 22 FLOUR
799 3024 26 21 of
835 3023 49 22 first
893 3023 45 23 and
948 3024 83 22 second
1040 3023 94 29 quality.

682 3050 271 29 GROCERIES.--Tea,
968 3058 84 21 sugars,
1070 3051 77 27 coffee,
1164 3053 82 26 butter,

655 3084 60 20 soap,
728 3077 98 28 candles,
837 3077 54 27 rice,
906 3085 66 20 curry
987 3078 97 29 powder,
1101 3079 87 28 pickles
1202 3080 46 22 and

656 3111 83 19 sauces,
751 3104 112 28 spiceries,
875 3105 38 21 &c.

682 3130 102 22 WINES
799 3131 67 22 AND
877 3131 156 23 SPlßlTS.—
1034 3132 93 22 Besides
1135 3132 39 23 the
1184 3133 64 22 usual

656 3157 80 28 supply
746 3158 26 21 of
782 3157 70 23 wines
861 3159 46 21 and
916 3158 81 28 spirits,
1011 3159 62 22 there
1083 3159 20 21 is
1112 3166 14 15 a
1134 3160 115 21 consider-

655 3184 49 22 able
710 3185 106 27 quantity
820 3185 26 21 of
854 3185 87 22 Scotch
950 3185 112 22 Whiskey
1071 3194 6 19 ;
1089 3186 45 22 and
1141 3194 14 14 a
1160 3187 89 22 limited

655 3211 104 28 quantity
769 3212 27 21 of
805 3212 118 22 Colonial
934 3211 121 23 Whiskey.

681 3238 100 22 BOOTS
796 3238 68 22 AND
880 3238 136 22 SHOES.—
1016 3239 74 22 There
1099 3239 41 22 has
1147 3239 59 23 been
1213 3247 36 15 re-

655 3265 79 22 ceived
752 3272 13 14 a
784 3266 104 27 quantity
909 3265 27 22 of
956 3265 139 28 Wellington
1118 3267 66 22 boots
1202 3268 47 21 and

656 3291 113 23 Warren's
776 3292 115 28 blacking.

681 3319 174 22 BLANKETS.
856 3331 32 5 —
890 3319 69 22 Fresh
974 3319 92 22 arrivals
1082 3319 58 22 have
1151 3327 63 16 come
1225 3323 23 20 to

655 3345 61 23 hand
725 3346 25 22 m
759 3347 40 21 8-4
807 3346 46 22 and
864 3347 56 27 11-4,
939 3345 27 23 of
978 3347 88 22 various
1082 3347 105 27 qualities
1202 3348 46 21 and

655 3373 80 28 prices.

682 3399 301 23 HABERDASHERY.—
983 3399 73 23 There
1071 3400 20 22 is
1107 3408 13 14 a
1129 3401 70 22 select
1207 3401 43 22 but

654 3426 88 23 limited
767 3427 105 27 quantity
896 3434 29 15 on
950 3427 68 27 hand,
1041 3427 118 28 including
1178 3430 69 26 tapes,

656 3453 97 27 threads,
764 3451 67 24 black
842 3453 47 22 and
902 3453 105 22 coloured
1022 3461 88 15 sewing
1125 3461 64 15 silks
1203 3454 47 23 and

655 3481 65 26 twist,
742 3480 98 28 darning
858 3484 84 24 cotton,
960 3480 97 28 needles,
1077 3481 83 27 combs,
1183 3481 67 23 India

654 3507 42 22 silk
705 3507 45 22 and
757 3510 77 19 cotton
842 3507 181 28 handkerchiefs,
1030 3508 86 27 braces,
1125 3508 40 21 &c.

680 3534 192 23 DRAPERY.—
873 3535 75 22 White
969 3537 77 20 cotton
1066 3535 105 27 shirting,
1190 3537 61 20 stout

654 3561 143 22 unbleached
811 3564 84 26 cotton,
908 3562 61 21 40in.
984 3561 64 27 wide,
1065 3564 78 19 cotton
1157 3561 91 28 checks,

656 3588 54 22 dark
720 3588 80 27 prints,
806 3588 46 23 -&c.
865 3589 39 22 &c.

682 3615 56 22 OIL
758 3615 69 22 AND
851 3615 144 22 LAMPS.—
995 3614 55 23 This
1066 3614 69 23 latter
1153 3614 41 23 has
1212 3622 37 15 re-

655 3642 78 22 ceived
742 3649 30 15 an
782 3642 101 23 increase
893 3642 26 22 of
929 3642 38 22 the
976 3642 49 21 best
1040 3642 86 28 quality
1143 3642 49 22 that
1207 3641 42 23 has

654 3672 38 24 yet
701 3669 59 22 been
771 3668 85 23 offered
865 3668 24 23 m
899 3668 38 23 the
948 3668 94 28 Colony.

680 3695 73 23 There
764 3696 41 22 has
815 3696 47 22 also
873 3703 63 15 come
946 3699 23 18 to
987 3695 62 22 hand
1066 3702 14 15 a
1096 3695 65 22 small
1175 3695 33 22 lot
1225 3695 28 22 of

654 3725 66 19 straw
739 3722 58 26 hats,
823 3722 49 23 sou*
896 3726 96 24 westers,
1016 3721 82 23 Scotch
1117 3726 60 23 caps,
1197 3729 52 16 um-

654 3749 89 27 brellas,
753 3750 42 21 &C.
1239 3760 5 10 i
1245 3771 6 7 y

725 3803 149 20 THOMAS
888 3804 20 20 &
928 3802 145 22 SAMUEL
1089 3802 92 21 COOK

654 3829 92 48 BEG
756 3833 23 18 to
789 3829 83 22 inform
882 3829 129 28 thepublic,
1023 3829 48 21 that
1086 3828 86 27 having
1186 3835 61 16 com-

730 3855 77 28 pleted
824 3856 59 21 their
905 3856 114 21 extensive
1039 3855 208 22 weather-boarded

654 3882 70 27 Store,
736 3881 54 28 they
799 3881 58 23 have
875 3889 67 20 every
958 3881 152 22 convenience
1126 3881 36 22 for
1177 3889 70 15 ware-

652 3908 97 25 housing
757 3909 77 26 goods,
846 3911 24 20 at
879 3916 13 14 a
899 3916 56 24 very
964 3908 114 22 moderate
1089 3909 90 27 charge.

682 3935 111 21 Lambton
805 3935 72 27 Quay,
889 3935 144 27 Wellington,
1047 3934 53 23 Jan.
1111 3936 33 26 29,
1156 3936 60 22 1841.

94 627 83 21 NEW
195 627 172 21 ZEALAND
386 627 187 21 COMPANY.

40 660 91 29 Capital,
146 660 117 27 £100,000,
278 660 25 21 m
313 662 56 20 4000
379 660 82 22 Shares
470 660 26 22 of
506 660 48 22 £25
564 660 64 28 each,

261 687 31 21 all
301 687 54 27 paid
364 694 38 20 up.

171 721 91 16 Governor
266 725 5 12 :
287 720 76 17 Joseph
371 721 71 19 Somes,
451 721 43 21 Esq.

100 748 171 22 Deputy-Governor
276 753 5 12 :
293 748 50 16 Hon.
348 748 73 17 Francis
429 748 74 22 Baring,
510 749 54 19 M.P.,

271 779 113 13 directors
389 780 5 11 :

121 802 88 17 Viscount
216 802 88 21 Ingestre,
313 803 53 20 M.P.,
456 808 12 11 *

121 823 48 17 Lord
176 823 58 20 Petre,

120 844 64 20 Henry
191 844 21 17 A.
220 843 96 21 Aglionby,
325 845 49 20 Esq.,
382 845 54 20 M.P.,

119 865 48 16 John
176 865 81 16 Ellorker
264 865 91 20 Bouicott,
366 866 49 21 Esq.,

120 886 50 16 John
177 885 79 17 William
263 886 76 20 Buckle,
345 887 50 20 Esq.,

121 906 74 17 Russell
202 906 62 19 Ellice,
273 907 50 20 Esq.,

120 927 66 17 James.
190 927 67 16 Robert
264 927 73 20 Gowen,
344 927 51 21 Esq.,

120 948 49 16 John
176 948 54 18 Hine,
238 948 48 19 Esq.,

120 967 80 17 William
206 967 54 19 Hutt,
268 968 50 20 Esq.,

120 989 75 16 Stewart
202 988 130 20 Majoribanks,
343 988 50 21 Esq.,

118 1009 103 17 Alexander
230 1008 62 20 Nairn,
301 1009 49 20 Esq.,

118 1030 50 17 John
176 1029 52 19 Pirie,
236 1029 48 21 Esq.,
292 1030 106 18 Alderman,

120 1051 29 16 Sir
156 1050 67 20 George
230 1050 82 19 Sinclair,
322 1050 56 19 Bart.,
385 1050 53 19 M.P.,

120 1071 29 17 Sir
157 1071 26 16 W.
191 1071 57 16 Moles
252 1071 61 19 worth,
322 1071 55 19 Bart.,
386 1071 53 19 M.P.,

118 1092 50 16 John
175 1092 43 16 Abel
226 1092 65 19 Smith,
299 1092 51 20 Esq.,
360 1092 54 19 M.P.,

120 1113 47 16 Wm.
178 1113 109 19 Thompson,
303 1113 48 19 Esq.,
367 1113 105 17 Alderman,
488 1112 53 20 M.P.,

120 1133 49 17 Hon.
176 1133 94 16 Frederick
278 1133 39 16 Jas.
325 1134 120 19 Tollemache,
456 1133 53 20 M.P.,

120 1155 75 16 Edward
204 1154 20 16 G.
233 1154 104 19 Wakeneld,
343 1154 38 20 Esq
388 1165 5 9 ,

120 1175 29 16 Sir
156 1175 62 20 Henry
226 1175 61 18 Webb,
297 1174 56 20 Bart.,

118 1195 70 17 Arthur
195 1195 63 19 Willis,
266 1196 51 19 Esq.,

120 1217 68 19 George
196 1215 97 18 Frederick
301 1215 72 22 Young,
381 1216 43 21 Esq.

181 1244 91 18 Secretary
277 1249 5 10 :
294 1243 55 16 John
357 1243 69 19 Ward,
435 1243 43 21 Esq.

39 1271 87 22 rTIHE
135 1271 61 22 main
205 1271 98 21 features
312 1271 26 21 of
344 1271 37 21 the
390 1275 84 23 system
482 1271 26 21 of
515 1271 112 22 coloniza-

45 1293 28 27 JL
110 1298 47 21 tion
168 1297 95 28 adopted
272 1297 31 27 by
313 1297 38 22 the
364 1298 125 27 Company,
505 1305 46 19 are,
553 1310 30 5 —
585 1299 40 26 Ist,

38 1325 35 22 the
84 1325 43 21 sale
137 1325 28 21 of
174 1324 71 27 lands,
259 1327 23 18 at
296 1331 31 15 an
341 1324 99 22 uniform
454 1325 47 21 and
515 1324 111 23 sufficient

39 1353 67 26 price;
124 1351 46 22 and
183 1350 74 27 2ndly,
275 1350 40 22 the
330 1351 155 28 employment
499 1352 27 21 of
539 1359 13 14 a
564 1352 62 27 large

38 1379 83 26 portion
131 1378 27 22 of
164 1377 36 22 the
209 1377 212 28 purchase-money,
433 1386 25 14 as
468 1386 28 14 an
507 1379 119 26 Immigra-

38 1406 43 21 tion
92 1405 72 22 Fund.
192 1404 28 22 In
231 1404 63 22 these
303 1408 105 23 respects,
425 1405 39 21 the
473 1405 120 28 principles
605 1406 25 22 of

38 1432 66 22 South
117 1431 114 22 Australia
244 1430 59 22 have
318 1431 58 21 been
391 1431 106 23 followed
510 1439 24 15 as
548 1432 78 29 nearly

36 1467 21 13 as
77 1459 170 21 circumstances
261 1457 82 28 would,
364 1459 24 21 m
403 1458 38 22 the
459 1462 92 24 present
567 1466 57 21 case,

38 1486 84 27 permit.

61 1519 46 22 The
121 1518 71 27 grand
207 1518 75 27 object
297 1518 28 21 of
338 1518 38 22 the
391 1526 58 20 new,
464 1526 25 15 or
499 1520 125 27 improved,

35 1550 81 23 system
126 1546 26 21 of
162 1545 36 22 the
209 1544 99 28 disposal
323 1545 27 21 of
366 1545 97 22 colonial
477 1546 72 27 lands,
566 1548 19 21 is
602 1551 22 18 to

35 1572 96 28 regulate
146 1572 37 21 the
197 1572 81 27 supply
294 1572 28 21 of
336 1579 51 15 new
401 1572 63 26 land,
480 1573 31 31 by
526 1573 38 22 the
578 1574 47 21 real

35 1603 67 18 wants
115 1599 26 21 of
154 1598 37 22 the
206 1598 119 27 Colonists,
342 1606 25 15 so
382 1598 49 22 that
445 1599 39 22 the
498 1600 55 22 land
567 1600 58 23 shall

35 1633 65 14 never
118 1626 27 21 be
164 1626 70 21 either
252 1626 193 27 superabundant,
467 1634 25 14 or
511 1627 112 27 deficient,

35 1654 68 20 either
118 1656 37 18 too
171 1652 77 28 cheap,
266 1659 26 15 or
311 1658 38 16 too
368 1653 60 22 dear.
468 1653 22 22 It
507 1653 41 22 has
566 1654 58 22 been

34 1680 74 21 shown
118 1679 49 22 that
175 1680 37 21 the
223 1679 43 22 due
278 1680 132 27 proportion
424 1680 105 23 between
545 1682 79 26 people

35 1706 43 22 and
85 1706 52 21 land
144 1713 51 20 may
200 1706 29 22 be
236 1706 130 27 constantly
371 1706 94 23 secured
472 1707 31 27 by
508 1708 117 22 abandon-

35 1734 37 26 ing
81 1734 36 21 the
127 1732 38 23 old
174 1736 82 24 system
269 1732 26 22 of
307 1741 97 19 grants,
415 1734 46 21 and
470 1734 116 28 requiring
596 1743 27 14 an

35 1760 95 22 uniform
139 1760 60 27 price
209 1767 40 21 per
258 1767 60 20 acre,
332 1760 35 22 for
377 1760 30 22 all
416 1768 50 14 new
476 1761 72 27 lands,
560 1762 65 22 with-

38 1787 168 27 outexception.
235 1786 26 22 If
271 1786 39 22 the
320 1788 61 26 price
392 1788 28 21 be
435 1791 40 18 not
489 1791 38 19 too
541 1788 51 27 low,
607 1790 19 20 it

36 1814 70 21 deters
114 1813 136 27 speculators
259 1814 60 21 from
334 1814 118 28 obtaining
465 1814 62 28 land,
543 1816 54 21 with
613 1823 13 15 a

37 1841 52 21 view
96 1844 24 18 to
130 1840 89 27 leaving
228 1840 59 21 their
295 1845 107 26 property
410 1841 24 22 m
446 1849 14 14 a
470 1841 76 22 desert
558 1845 65 25 state,

35 1868 44 21 and
90 1868 52 21 thus
156 1870 103 25 prevents
269 1867 112 26 injurious
391 1868 124 28 dispersion
522 1877 5 18 ;
543 1868 17 22 it
570 1869 53 27 also,

37 1895 26 27 by
73 1894 133 28 compelling
214 1901 68 20 every
288 1894 107 23 labourer
401 1899 23 17 to
433 1896 61 21 work
501 1896 35 21 for
544 1903 79 20 wages,

35 1921 53 22 until
98 1921 27 22 he
136 1921 40 21 has
184 1920 68 23 saved
268 1920 39 22 the
318 1922 54 26 only
382 1929 79 14 means
470 1922 27 21 of
508 1922 118 27 obtaining

35 1948 57 26 land,
102 1949 86 20 insures
202 1955 14 13 a
230 1947 83 27 supply
327 1948 27 21 of
365 1948 79 21 labour
459 1948 34 22 for
508 1948 56 22 hire.
593 1949 29 27 If,

33 1982 29 14 on
72 1975 36 21 the
118 1974 63 21 other
190 1974 67 25 hand,
275 1974 38 21 the
323 1974 61 26 price
395 1974 26 21 be
432 1977 41 19 not
482 1978 38 19 too
530 1975 62 27 high,
607 1976 18 21 it

35 2000 83 23 neither
127 2000 99 22 confines
236 2000 37 21 the
284 1997 88 25 settlers
388 2001 77 22 within
481 2009 13 14 a
509 2009 65 19 space
590 2002 35 22 in-

35 2026 154 27 conveniently
204 2033 96 19 narrow,
317 2033 43 15 nor
374 2026 54 22 does
442 2027 19 22 it
476 2031 96 23 prevent
585 2028 39 22 the

35 2054 74 26 thrifty
124 2053 102 21 labourer
239 2052 60 22 from
313 2053 122 27 becoming
449 2061 13 14 a
473 2054 150 28 land-owner,

37 2081 53 20 after
99 2080 98 26 working
207 2087 61 14 some
280 2080 56 21 time
345 2080 36 21 for
390 2087 81 21 wages.

65 2115 18 21 A
99 2113 116 27 sufficient,
232 2113 42 22 but
292 2117 42 18 not
351 2121 64 15 more
435 2115 54 22 than
511 2115 114 23 sufficient

37 2142 55 26 price
103 2141 34 21 for
150 2140 28 22 all
191 2148 49 14 new
255 2140 62 28 land,
334 2141 19 21 is
368 2141 37 21 the
422 2142 62 22 main
500 2143 86 21 feature
602 2143 26 21 of

38 2168 34 21 the
90 2176 47 13 new
153 2171 81 27 system
249 2167 27 21 of
292 2167 160 23 colonization.
486 2169 23 21 It
524 2169 101 22 obviates

37 2202 62 20 every
110 2202 82 20 species
209 2194 24 22 of
247 2194 104 27 bondage
358 2202 5 19 ;
383 2195 31 27 by
428 2195 121 28 providing
564 2204 61 14 com-

37 2222 82 21 binable
129 2221 83 26 labour,
224 2221 17 21 it
250 2221 93 22 renders
353 2221 105 28 industry
465 2230 55 20 very
529 2223 95 28 produc-

37 2249 48 25 tive,
96 2249 43 21 and
148 2248 120 22 maintains
277 2248 56 22 both
342 2248 55 27 high
412 2256 82 21 wages,
511 2249 45 22 and
569 2250 55 28 high

37 2275 82 27 profits;
141 2276 17 20 it
173 2275 76 21 makes
268 2275 40 21 the
327 2276 82 27 colony
425 2284 24 14 as
466 2277 117 22 attractive
600 2285 24 14 as

36 2302 97 27 possible,
149 2301 53 22 both
217 2305 23 18 to
256 2302 124 27 capitalists
394 2303 46 21 and
456 2306 23 18 to
493 2303 130 28 labourers;

36 2329 42 21 and
88 2332 37 18 not
134 2328 84 27 merely
227 2332 22 18 to
259 2328 72 27 these,
344 2329 42 22 but
395 2329 55 28 also,
459 2330 32 27 by
500 2330 125 28 bestowing

35 2363 28 15 on
77 2356 35 22 the
124 2356 86 27 colony,
226 2355 38 21 the
275 2355 75 23 better
364 2356 119 22 attributes
499 2357 27 22 of
541 2365 30 14 an
586 2358 39 22 old

35 2383 86 27 society,
132 2386 23 18 to
162 2383 62 21 those
233 2382 50 22 who
290 2381 59 23 have
357 2390 14 14 a
377 2382 92 23 distaste
477 2384 34 21 for
518 2384 61 22 what
584 2385 41 22 has

35 2409 119 22 heretofore
162 2409 59 22 been
231 2409 38 23 the
284 2409 114 28 primitive
409 2410 116 23 condition
537 2412 26 21 of
572 2419 52 15 new

35 2436 101 22 colonies.

60 2463 44 22 The
114 2466 62 25 great
184 2463 75 28 object
268 2463 28 21 of
306 2463 38 22 the
354 2463 60 28 price
424 2464 20 22 is
456 2467 30 20 to>
494 2472 78 15 secure
586 2465 39 22 the

35 2494 54 18 most
99 2490 106 22 desirable
214 2491 144 27 proportions
366 2491 103 22 between
483 2492 81 28 people
579 2493 46 22 and

35 2516 50 23 land
92 2525 4 19 ;
111 2517 40 22 but
160 2517 37 21 the
208 2517 51 28 plan
270 2517 43 22 has
322 2517 38 22 the
368 2517 88 23 further
462 2519 71 22 result
540 2520 26 21 of
572 2527 53 20 pro-

37 2544 78 27 ducing
125 2552 12 13 a
146 2551 104 19 revenue,
266 2543 75 22 which
357 2544 45 22 will
417 2548 42 19 not
474 2546 55 27 only
543 2546 81 28 supply

36 2571 35 21 the
82 2571 102 28 requisite
198 2571 68 27 profit
280 2574 24 19 to
317 2571 40 22 the
372 2571 157 24 shareholders
543 2573 26 21 of
585 2573 38 22 the

37 2598 117 27 Company,
177 2598 41 21 but
240 2597 115 23 furnishes
377 2599 37 22 the
438 2606 80 15 means
535 2600 36 21 for
595 2607 28 15 an

37 2623 148 28 Immigration
196 2624 72 28 Fund,
270 2637 33 4 —
304 2632 13 14 a
324 2625 57 22 fund
388 2626 130 28 constantly
525 2626 99 28 applica-

35 2650 35 22 ble
85 2655 21 18 to
122 2651 36 22 the
175 2659 95 20 purpose
287 2652 27 21 of
326 2652 108 28 bringing
448 2653 80 22 labour
544 2657 23 18 to
585 2654 38 22 the

36 2678 75 28 colony
112 2691 31 3 —
144 2678 47 21 that
205 2679 25 26 is,
247 2679 25 21 m
290 2679 94 26 causing
399 2679 39 22 the
454 2680 52 22 best
524 2688 57 15 sort
600 2680 26 23 of

36 2705 142 22 colonization
188 2708 23 18 to
221 2705 97 31 proceed
328 2709 24 18 at
362 2706 38 22 the
412 2710 101 23 greatest
524 2708 98 26 possible

35 2735 49 18 rate.
112 2732 55 21 And
173 2732 44 21 this
223 2739 19 14 is
249 2732 40 22 the
296 2733 85 22 second
389 2734 88 22 feature
487 2735 28 20 of
525 2734 38 23 the
572 2742 51 15 new

36 2762 85 24 system.

59 2792 45 22 The
114 2792 153 27 employment
276 2793 28 21 of
317 2792 40 22 the
370 2793 213 28 purchase-money,
600 2802 25 14 or

36 2818 34 22 the
78 2819 106 28 principal
195 2822 49 24 part
254 2819 27 22 of
291 2819 24 27 it,
326 2819 24 22 m
361 2821 129 27 conveying
499 2821 87 22 settlers
601 2824 22 19 to

36 2845 34 22 the
80 2846 86 27 colony,
175 2846 42 22 has
226 2846 38 22 the
273 2846 117 28 following
400 2847 84 22 effects.
515 2848 22 21 It
546 2848 79 22 makes

37 2872 33 21 the
82 2873 132 27 purchasers
228 2872 27 22 of
270 2872 56 22 land
339 2880 38 15 see
391 2873 94 28 plainly,
502 2874 49 22 that
565 2875 60 21 their

38 2905 75 22 money
123 2899 44 22 will
176 2900 29 20 be
213 2899 110 21 returned
331 2899 24 22 m
370 2899 37 22 the
421 2901 71 27 shape
505 2901 26 21 of
544 2901 81 23 labour

38 2926 40 21 and
85 2926 137 28 population.
251 2926 24 22 It
284 2926 73 27 tends,
372 2926 24 22 m
406 2927 53 27 fact,
475 2931 24 18 to
508 2927 69 23 lower
586 2928 38 22 the

38 2959 110 22 necessary
166 2952 107 22 standard
293 2953 27 21 of
334 2953 70 28 price,
419 2953 105 29 because,
541 2954 56 22 with
611 2962 14 14 a

38 2983 97 19 constant
143 2980 72 21 influx
225 2980 26 20 of
261 2979 82 28 people
353 2983 23 19 to
385 2980 39 22 the
434 2981 90 28 colony,
532 2981 39 23 the
581 2982 43 22 due

38 3007 120 26 proportion
271 3012 82 22 people
361 3007 45 22 and
412 3007 56 23 land
475 3016 53 19 may
534 3009 28 21 be
569 3009 56 28 kept

40 3039 25 21 up
73 3033 28 28 by
110 3041 14 13 a
131 3033 69 22 lower
207 3033 68 27 price,
289 3033 56 22 than
353 3033 23 22 if
385 3034 65 22 there
460 3042 58 15 were
528 3043 30 14 no
567 3036 56 22 such

39 3058 140 29 immigration
186 3076 5 6 .
209 3061 24 21 It
242 3060 114 22 therefore
362 3061 133 23 diminishes
502 3062 37 22 the
546 3062 79 29 period

40 3085 73 29 during
122 3087 71 22 which
202 3087 37 21 the
249 3087 106 23 labourer
369 3091 61 19 must
441 3089 63 22 work
517 3089 36 22 for
567 3089 56 28 hire,

41 3113 38 21 and
87 3114 30 27 by
125 3114 37 21 the
175 3114 63 27 rapid
252 3122 105 20 progress
372 3115 73 22 which
459 3116 19 22 it
492 3116 95 28 imparts
600 3120 24 18 to

40 3138 33 22 the
80 3140 48 22 best
137 3144 44 18 sort
190 3141 26 21 of
226 3142 159 27 colonization,
401 3142 19 22 it
434 3143 103 28 explains
552 3147 24 18 to
586 3143 37 23 the

42 3166 106 29 labouring
157 3168 55 22 class
223 3168 26 21 of
253 3168 151 27 immigrants,
415 3169 50 22 that
474 3178 68 19 every
550 3178 43 14 one
601 3170 27 23 of

42 3192 53 23 them
107 3194 47 22 who
170 3195 19 21 is
204 3194 139 24 industrious
360 3195 45 23 and
423 3196 86 28 thrifty,
526 3204 54 20 may
595 3197 29 23 be

40 3226 44 16 sure
93 3223 21 19 to
123 3221 90 22 become
226 3225 42 19 not
281 3222 88 28 merely
383 3230 30 14 an
428 3230 77 15 owner
520 3224 26 22 of
560 3225 63 25 land,

42 3246 34 21 but
89 3247 45 22 also
148 3248 23 22 m
191 3248 34 22 his
245 3251 59 26 turn,
326 3256 31 15 an
378 3250 118 27 employer
513 3251 27 21 of
558 3251 67 23 hired

40 3272 111 28 labourers,
163 3283 12 14 a
183 3278 84 19 master
277 3277 27 21 of
314 3280 110 18 servants.

65 3300 61 22 From
136 3297 60 27 these
205 3302 185 29 considerations,
405 3303 40 22 the
455 3304 118 28 Company
583 3305 41 22 has

42 3325 87 29 adopted
146 3328 37 23 the
200 3336 61 15 same
278 3333 84 24 system
379 3329 27 23 of
422 3331 116 28 disposing
553 3331 28 22 of
594 3332 30 22 its

42 3357 59 18 waste
111 3354 70 29 lands,
197 3362 24 15 as
235 3355 42 23 has
292 3357 92 27 already
398 3358 87 27 proved
498 3357 81 29 highly
591 3359 33 22 fa-

42 3381 96 22 vourable
151 3385 21 19 to
187 3382 37 22 the
237 3383 187 28 productiveness
440 3384 26 22 of
479 3385 107 28 industry
598 3386 25 22 m

41 3405 63 23 South
114 3408 117 23 Australia.
261 3410 29 22 In
300 3418 14 14 a
324 3418 50 15 new
385 3410 90 29 colony,
491 3412 95 27 planted
597 3413 26 22 m

40 3439 12 14 a
60 3433 67 23 fertile
137 3435 43 23 and
195 3437 116 22 extensive
325 3437 114 29 territory,
454 3439 20 21 it
487 3446 20 14 is
522 3439 101 28 obvious,

41 3460 43 21 that
101 3461 36 23 the
151 3463 170 23 establishment
336 3465 27 21 of
378 3467 57 20 such
449 3472 14 14 a
477 3469 84 24 system
577 3467 18 21 is
611 3473 13 15 a

42 3489 72 20 matter
129 3489 25 21 of
170 3489 37 22 the
224 3489 93 29 deepest
334 3496 104 18 moment
453 3496 24 18 to
494 3492 38 22 the
548 3493 76 22 future

41 3513 79 22 welfare
132 3515 25 22 of
169 3516 92 28 society.
394 3519 20 21 it
428 3519 38 22 the
481 3519 51 22 best
547 3520 77 22 effects

41 3545 44 16 may
94 3541 50 22 with
153 3543 131 23 confidence
293 3545 29 21 be
331 3545 139 28 anticipated
477 3554 5 13 :
498 3554 13 14 a
518 3550 106 19 constant

41 3566 37 22 wid
87 3569 84 26 regular
180 3570 81 28 supply
271 3571 26 21 of
308 3578 51 15 new
368 3571 55 23 land
433 3573 24 21 m
471 3573 46 22 due
529 3581 95 20 propor-

38 3594 40 21 tion
87 3597 21 18 to
117 3595 37 21 the
172 3600 70 18 wants
252 3597 28 22 of
289 3605 13 14 a
310 3598 133 28 population
455 3599 130 28 increasing
594 3601 31 27 by

56 3626 19 32 I-
88 3628 13 30 I
110 3622 43 32 an^
162 3630 10 24 ?
173 3630 46 15 mm
221 3624 23 26 is
244 3631 11 14 r
256 3624 62 22 ation
324 3632 6 19 ;
349 3625 30 22 all
395 3625 38 23 the
447 3626 140 29 advantages
600 3631 24 18 to

40 3648 63 20 which
111 3648 100 24 facilities
220 3651 25 21 of
256 3654 116 25 transport
378 3652 46 22 and
431 3654 192 22 communication

39 3677 32 16 are
80 3675 99 23 essential
186 3684 6 19 ;
207 3677 113 27 certainty
334 3679 27 21 of
370 3678 77 28 limits,
464 3680 46 22 and
524 3681 100 27 security

40 3700 21 19 of
70 3700 45 22 title
124 3705 22 18 to
155 3707 105 28 property
268 3702 32 24 inl
304 3700 70 31 and;
390 3705 39 23 the
439 3709 100 24 greatest
550 3708 73 21 facili-

37 3728 37 18 ties
82 3734 27 15 on
118 3730 113 27 acquiring
240 3731 40 21 the
292 3731 44 23 due
344 3733 107 27 quantity
456 3740 5 19 ;
478 3733 38 22 the
525 3737 100 23 greatest

39 3757 177 25 encouragement
228 3760 23 18 to
260 3757 154 28 immigration
425 3759 47 22 and
481 3760 130 23 settlement
617 3770 6 19 ;

40 3781 38 19 and
90 3781 37 21 the
140 3787 57 17 most
209 3784 65 27 rapid
289 3792 105 21 progress
409 3785 26 22 of
450 3785 39 23 the
503 3787 81 27 people
597 3789 25 21 m

39 3807 90 22 material
139 3810 92 22 comfort
240 3811 48 21 and
296 3811 71 23 social

41 3873 55 47 1^
135 3853 95 22 BILLS
244 3855 46 21 OP
304 3855 210 22 EXCHANGE.

66 3876 127 26 >RINTED
207 3881 106 22 FORMS
328 3882 62 22 FOR
405 3882 81 23 SALE
500 3883 43 22 AT
557 3884 65 22 THE

65 3927 6 2 _
75 3929 9 8 T
106 3904 105 25 OFFICE
225 3908 40 21 OF
280 3909 201 24 THISJPAPER.

66 3931 119 23 November
193 3935 20 26 4,
227 3936 62 21 1840.
630 3946 3 15 I
