2530 4010
56 128 227 24 AUSTRALIND
299 134 90 17 under
401 115 64 40 the
465 115 172 40 WESTERN

139 160 226 24 AUSTRALIAN
383 159 176 24 COMPANY.

89 209 128 32 Thursday,
231 210 100 23 October
350 208 49 29 Bth,
411 209 68 30 being
490 209 37 23 the
542 209 44 30 day
595 216 42 22 ap-

54 243 94 30 pointed
165 242 31 31 by
207 242 37 24 the
256 242 118 24 Directors
385 242 35 23 for
432 242 111 30 deciding,
554 241 30 30 by
595 240 40 28 lot,

55 275 38 23 the
115 276 95 30 priority
225 275 25 23 of
269 275 76 23 choice
368 275 25 23 of
413 275 38 23 the
473 274 45 24 five
534 273 103 24 hundred

54 308 129 23 allotments
195 308 25 23 of
235 308 61 23 rural
313 307 54 23 land
378 308 23 22 m
419 307 37 23 the
468 306 129 24 settlement
614 306 27 23 of

54 340 144 29 Australind,
218 340 75 23 which
311 339 46 23 had
376 339 58 23 been
451 339 106 31 disposed
576 339 29 28 of,
624 346 13 15 a

52 380 55 23 very
121 372 62 32 large
202 373 141 30 assemblage
362 372 24 23 of
406 372 38 23 the
461 371 135 32 purchasers
614 371 26 23 of

53 405 64 23 these
129 405 127 23 allotments
274 405 44 23 and
330 404 76 24 others
418 404 122 24 interested
557 405 24 22 m
598 404 39 22 the

52 445 50 16 new
125 438 87 30 colony,
378 438 25 22 m
432 437 37 23 the
500 437 136 30 Company's

51 470 80 29 house,
150 478 30 16 on
199 471 36 23 the
251 470 102 31 Adelphi
372 470 105 28 Terrace,
503 469 77 23 before
597 469 38 23 the

52 503 57 23 hour
122 503 118 31 appointed
259 504 35 22 for
305 503 39 23 the
357 503 108 30 drawing.
501 502 100 30 Exactly
613 506 24 19 at

52 543 42 15 one
102 536 95 28 o'clock,
204 536 39 22 the
254 536 57 23 hour
322 536 128 30 appointed,
463 534 49 24 Mr.
521 534 113 31 Booking,

52 567 47 25 Mr.
114 568 97 29 Buckle,
231 568 48 24 Mr.
300 568 118 30 Enderby,
437 567 49 24 Mr.
499 567 135 28 Wakefield,

53 601 45 23 and
109 601 48 24 Mr.
171 600 87 32 Irving,
268 602 43 22 five
323 601 25 23 of
357 600 39 24 the
407 600 126 29 Directors,
545 600 90 23 entered

52 633 38 23 the
108 642 70 19 room,
202 633 105 24 attended
325 633 32 30 by
375 633 59 23 their
456 637 114 26 secretary
592 633 43 23 and

52 671 143 19 accountant.
241 666 29 24 In
294 674 42 15 one
361 666 70 23 wheel
459 666 45 23 five
532 665 103 24 hundred

52 699 64 23 cards
134 707 58 15 were
209 699 80 31 placed
305 699 96 30 bearing
419 699 37 23 the
475 706 66 16 name
555 698 26 23 of
595 698 39 23 the

49 731 123 31 purchaser
185 732 42 23 and
239 732 37 23 the
288 732 96 23 number
399 731 74 24 which
486 731 36 23 his
534 731 100 31 applica-

51 766 47 21 tion
117 764 65 24 stood
200 772 28 16 on
246 765 39 23 the
300 764 47 24 list.
383 764 30 24 Iv
431 764 38 23 the
489 764 63 23 other
563 764 72 23 wheel

51 797 43 23 five
114 797 104 24 hundred
236 797 72 29 cards,
329 797 55 23 each
400 797 96 30 bearing
515 805 13 15 a
539 797 96 23 number

50 830 58 23 from
120 838 42 15 one
174 835 23 18 to
208 830 43 24 five
263 830 111 29 hundred,
387 834 23 19 to
423 830 77 23 decide
517 830 38 23 the
567 837 67 16 num-

50 863 41 23 ber
108 863 74 23 which
194 863 54 23 each
260 863 132 23 land-order
409 870 46 16 was
469 868 24 18 to
512 863 61 29 bear,
590 862 44 24 and

51 895 53 23 thus
117 900 22 19 to
151 896 77 23 decide
240 896 38 23 the
289 896 96 31 priority
397 896 25 22 of
431 895 85 24 choice.

82 928 91 29 Before,
186 929 110 28 however,
309 929 38 23 the
366 929 75 23 actual
458 929 101 30 drawing
572 936 61 16 com-

50 961 102 29 menced,
176 961 47 24 Mr.
245 961 129 24 Wakefield
397 962 49 22 said
465 962 50 23 that
536 961 29 23 he
587 969 47 16 was

48 994 121 31 requested
180 995 30 30 by
222 994 38 24 his
270 994 93 24 brother
374 994 119 24 Directors
505 999 21 18 to
541 994 68 23 make
621 1002 13 15 a

49 1026 42 24 few
108 1027 162 24 observations.
307 1027 40 23 He
370 1027 74 23 stated
465 1028 50 23 that
536 1027 30 23 he
587 1035 47 15 was

48 1060 77 31 happy
136 1065 23 17 to
171 1061 81 22 inform
267 1060 62 23 them
341 1060 49 23 that
401 1060 64 23 there
475 1068 47 15 was
532 1065 42 18 not
592 1068 42 15 one

51 1093 71 30 single
135 1093 109 23 defaulter
255 1094 24 22 m
292 1093 37 23 the
347 1098 107 26 payment
465 1094 24 22 m
501 1093 42 23 full
555 1100 30 16 on
595 1093 39 23 the

48 1126 129 22 allotments
190 1126 104 31 disposed
306 1126 36 29 of;
363 1126 49 22 that
424 1126 25 24 of
465 1126 38 23 the
514 1126 43 23 five
573 1126 60 23 hun-

49 1159 55 22 dred
124 1159 136 29 allotments,
279 1159 111 29 however,
410 1167 13 15 a
435 1160 85 22 certain
537 1159 97 23 number

47 1191 42 23 has
100 1192 58 22 been
174 1197 42 26 put
233 1193 47 22 into
293 1192 38 23 the
342 1199 78 16 names
433 1192 25 22 of
466 1196 105 25 trustees,
589 1192 45 23 and

47 1225 52 22 thus
122 1225 105 23 reserved
249 1225 71 23 under
340 1225 38 22 the
397 1225 117 30 following
536 1226 97 22 circum-

48 1261 97 19 stances.
183 1258 29 23 In
223 1258 38 23 the
279 1266 106 23 progress
397 1258 26 22 of
431 1258 38 22 the
488 1258 55 29 sale,
555 1258 29 23 he
595 1267 39 14 re-

46 1290 102 29 marked,
162 1291 38 23 the
221 1291 119 23 Directors
360 1291 46 23 had
424 1291 110 23 observed
553 1291 49 23 that
620 1300 14 14 a

45 1323 63 31 large
120 1324 130 30 proportion
263 1324 24 23 of
302 1324 39 23 the
359 1324 54 23 land
432 1324 106 31 disposed
549 1324 26 23 of
588 1324 46 23 had

46 1364 59 23 gone
117 1357 47 22 into
176 1357 39 23 the
225 1357 73 23 hands
312 1357 26 23 of
353 1357 125 31 capitalists
497 1357 44 23 and
557 1357 76 23 others

46 1390 24 22 m
83 1390 46 22 this
140 1394 102 26 country,
254 1390 49 23 who
315 1390 99 31 perhaps
425 1390 45 23 had
481 1398 29 15 no
522 1391 112 22 intention

46 1427 23 18 to
87 1431 30 22 go
136 1427 39 19 out
194 1423 143 29 themselves,
350 1431 25 15 or
394 1427 23 19 to
428 1423 68 23 make
508 1431 30 15 an
550 1423 81 23 imme-

46 1455 59 24 diate
118 1456 77 31 outlay
206 1464 29 15 on
246 1456 39 23 the
295 1456 67 23 lands
373 1456 54 30 they
434 1456 45 23 had
489 1456 128 32 purchased
625 1466 5 19 ;

46 1489 45 23 and
102 1496 25 16 as
143 1489 38 23 the
194 1497 91 15 success
297 1489 25 23 of
339 1489 37 23 the
390 1489 73 23 whole
481 1489 153 31 undertaking

46 1522 45 23 and
103 1522 25 23 of
136 1522 38 23 the
193 1522 75 23 future
289 1522 81 31 colony
381 1522 74 24 would
467 1522 87 31 depend
572 1531 62 23 upon

46 1554 63 24 there
120 1555 71 32 being
209 1564 12 14 a
239 1556 62 30 large
320 1555 60 31 body
393 1555 25 23 of
439 1555 74 24 actual
534 1555 98 30 settlers,

47 1588 37 23 the
97 1588 76 23 Board
185 1588 43 23 had
240 1588 42 24 felt
294 1589 19 22 it
330 1596 121 24 necessary
463 1594 23 18 to
506 1588 72 24 check
595 1589 39 23 the

46 1621 97 31 rapidity
156 1621 25 23 of
197 1622 37 23 the
253 1621 67 29 sales,
334 1622 45 22 and
396 1630 79 15 secure
487 1621 50 24 that
550 1622 82 31 object,

44 1654 31 31 by
87 1655 117 31 reserving
221 1663 14 15 a
254 1656 84 22 certain
351 1655 95 23 number
464 1655 56 23 both
532 1655 25 23 of
571 1655 62 24 rural

45 1688 44 22 and
101 1693 60 18 town
173 1688 136 29 allotments,
322 1693 23 18 to
364 1688 28 23 be
404 1688 49 23 sold
465 1688 54 31 only
529 1693 24 18 to
568 1688 64 24 those

47 1721 49 23 who
108 1721 45 22 had
172 1729 14 16 a
197 1721 47 23 real
255 1722 112 23 intention
378 1721 26 24 of
411 1721 137 32 proceeding
559 1726 24 19 to
594 1722 38 23 the

46 1754 80 31 colony
138 1754 142 29 themselves,
300 1755 55 23 with
376 1762 80 16 means
477 1755 113 23 sufficient
609 1759 23 19 to

44 1787 93 24 become
159 1788 104 23 valuable
286 1788 98 23 settlers.
420 1788 88 30 Acting
536 1795 30 16 on
586 1788 46 23 this

44 1820 120 31 principle,
177 1821 44 23 and
232 1821 55 23 with
298 1821 39 23 the
348 1822 57 22 view
421 1822 72 30 solely
505 1822 25 22 of
539 1821 94 31 thereby

45 1854 84 30 adding
150 1858 22 19 to
192 1854 38 23 the
248 1854 66 23 value
334 1855 25 22 of
374 1854 39 23 the
431 1855 66 22 lands
509 1854 45 23 and
573 1859 59 19 town

44 1888 98 22 sections
165 1887 88 31 bought
273 1888 32 30 by
329 1887 84 29 others,
432 1888 38 23 the
488 1888 77 23 Board
587 1887 45 24 had

43 1920 81 31 placed
141 1921 25 22 m
178 1926 58 17 trust
248 1929 43 15 one
301 1921 105 22 hundred
418 1921 61 23 rural
493 1921 137 29 allotments,

43 1953 55 23 with
120 1953 59 24 their
199 1954 102 23 annexed
320 1959 60 18 town
403 1955 107 27 sections,
527 1954 46 23 and
588 1954 44 23 five

42 1986 104 23 hundred
165 1992 102 26 separate
279 1992 60 17 town
355 1988 105 27 sections,
473 1987 75 22 which
558 1987 75 23 would

43 2023 96 19 account
149 2019 37 23 for
197 2020 38 22 the
246 2027 78 15 names
338 2020 25 22 of
373 2019 97 24 Messrs.
481 2019 94 31 Wright
587 2020 45 22 and

44 2051 156 31 Jerningham,
213 2052 38 24 the
270 2057 105 24 trustees,
396 2053 120 30 occurring
527 2060 25 16 so
572 2053 60 23 often

44 2093 25 16 as
91 2085 54 31 they
162 2086 75 23 would
258 2086 24 23 m
305 2086 38 23 the
363 2086 108 31 drawing.
508 2086 55 28 But,
582 2086 48 24 Mr.

43 2118 130 24 Wakefield
201 2119 80 28 added,
305 2119 46 23 this
374 2124 160 26 arrangement
555 2119 77 24 would

43 2152 68 23 make
134 2160 30 15 no
187 2152 119 23 difference
330 2153 25 22 m
377 2152 39 23 the
439 2157 94 19 amount
553 2152 25 24 of
593 2153 39 23 the

44 2186 134 30 emigration
189 2186 56 23 fund
258 2194 24 15 or
293 2185 57 24 fund
360 2185 35 24 for
414 2186 176 31 improvements
607 2187 25 22 m

43 2218 39 24 the
94 2223 67 25 town,
174 2227 25 15 as
211 2219 38 23 the
260 2218 77 30 board,
349 2219 31 30 by
392 2218 64 25 these
468 2223 106 25 trustees,
586 2219 44 24 had

44 2252 98 31 actually
157 2252 54 31 paid
229 2260 53 16 over
299 2256 23 20 to
341 2252 65 23 these
423 2252 77 29 funds,
518 2252 59 24 from
594 2253 38 23 the

45 2285 82 31 capital
150 2285 25 24 of
195 2286 38 23 the
258 2286 125 31 Company,
408 2284 39 25 the
474 2293 63 16 sums
559 2285 73 24 which

43 2319 76 23 would
136 2319 59 23 arise
213 2319 31 30 by
260 2319 38 23 the
317 2319 47 23 sale
383 2319 26 23 of
421 2319 65 23 these
505 2319 44 23 lots
567 2319 66 23 when

44 2352 99 31 actually
154 2352 106 31 disposed
272 2352 31 24 of.

79 2385 48 24 Mr.
146 2385 148 24 Wakefield's
324 2389 122 20 statement
467 2385 114 33 appeared
607 2390 25 19 to

44 2418 72 24 afford
138 2423 65 26 great
225 2419 148 24 satisfaction.
410 2418 30 25 In
463 2427 88 16 answer
573 2424 23 19 to
620 2427 13 16 a

46 2452 104 31 question
161 2451 59 25 from
232 2460 13 15 a
263 2451 130 32 gentleman
404 2453 25 23 m
440 2453 38 23 the
496 2460 74 21 room,
583 2453 47 23 Mr.

44 2484 130 25 Wakefield
193 2486 80 28 stated,
291 2486 49 23 that
358 2486 24 23 m
400 2485 39 24 the
458 2486 47 23 sale
528 2486 26 24 of
569 2486 63 23 these

44 2518 106 24 reserved
161 2518 45 24 lots
218 2523 22 19 to
252 2519 75 23 actual
345 2519 98 29 settlers,
456 2519 39 24 the
515 2519 118 31 Company

44 2552 75 23 would
131 2556 40 19 not
182 2552 75 23 derive
265 2560 44 24 any
316 2552 126 32 advantage
452 2557 25 20 to
487 2552 145 30 themselves,

44 2585 59 23 their
122 2585 52 31 only
188 2585 73 32 object
277 2586 70 31 being
358 2590 22 19 to
400 2586 72 24 afford
488 2587 106 23 facilities
608 2591 24 19 to

44 2626 96 24 persons
167 2619 72 31 really
266 2619 121 31 intending
414 2624 24 19 to
468 2627 30 24 go
520 2624 40 19 out
588 2620 44 23 and

46 2651 109 25 establish
166 2652 137 24 themselves
314 2653 25 23 m
350 2652 38 24 the
400 2653 89 31 colony,
502 2653 45 23 and
557 2653 76 24 there-

45 2685 31 31 by
87 2690 23 19 to
123 2686 51 30 give
193 2686 122 23 additional
327 2686 66 23 value
412 2690 22 20 to
446 2686 39 24 the
504 2687 130 23 allotments

46 2718 127 32 absolutely
185 2719 55 29 sold,
253 2719 45 24 and
311 2723 24 19 to
354 2727 67 23 every
433 2721 87 30 species
540 2721 25 23 of
580 2728 54 23 pro-

46 2756 66 28 perty
122 2753 24 22 m
158 2752 39 23 the
209 2752 137 24 settlement.

81 2785 52 24 The
151 2785 102 32 drawing
272 2786 56 23 then
351 2786 152 30 commenced,
523 2786 46 24 and
587 2795 47 15 was

47 2818 125 23 conducted
190 2819 54 23 with
263 2818 65 25 order
346 2820 45 23 and
401 2820 133 31 regularity,
548 2820 44 24 and
611 2825 24 18 at

46 2851 38 24 the
106 2859 63 16 same
191 2853 54 23 time
267 2852 55 24 with
345 2857 65 27 great
428 2853 116 32 despatch.
581 2853 52 24 The

47 2885 65 23 cards
132 2893 58 16 were
209 2886 75 23 drawn
303 2894 42 15 one
362 2886 31 31 by
412 2894 41 16 one
472 2888 31 30 by
516 2887 119 24 blue-coat

47 2918 66 31 boys.
148 2918 51 24 The
210 2926 67 16 name
289 2919 24 23 of
323 2919 39 23 the
372 2920 124 31 purchaser
508 2920 44 24 and
565 2928 69 16 num-

46 2951 42 24 ber
106 2951 76 24 which
199 2952 37 24 his
247 2952 138 32 application
393 2952 62 30 bore,
467 2961 59 16 were
541 2953 94 32 audibly

47 2985 72 23 called
131 2989 39 19 out
181 2985 30 32 by
222 2994 43 16 one
278 2986 103 29 director,
394 2987 46 23 and
449 2986 56 24 then
516 2987 38 23 the
566 2995 68 15 num-

46 3018 41 23 ber
106 3026 29 15 on
153 3018 39 24 the
211 3019 52 24 card
278 3019 76 24 drawn
371 3020 59 23 from
448 3020 39 23 the
506 3020 65 24 other
587 3020 48 25 box

47 3052 90 30 against
148 3052 39 24 the
199 3053 54 23 card
264 3053 76 23 drawn
352 3053 59 23 from
423 3053 37 24 the
471 3053 51 25 first
533 3054 47 24 box
587 3062 47 16 was

46 3085 73 23 called
137 3090 39 19 out
193 3086 31 31 by
242 3086 94 24 another
355 3086 105 25 director.
496 3087 51 24 The
562 3087 72 25 whole

46 3118 44 23 five
108 3118 104 25 hundred
229 3119 45 24 lots
292 3128 59 15 were
369 3119 78 25 drawn
464 3121 25 23 m
503 3121 70 23 about
588 3125 44 20 two

46 3151 69 23 hours
125 3160 6 20 ;
157 3152 96 24 number
275 3161 42 16 one
340 3153 40 24 fell
402 3158 24 19 to
444 3154 39 23 the
501 3154 34 23 lot
554 3154 25 24 of
594 3154 39 24 the

46 3189 106 19 trustees.
189 3185 57 25 This
255 3186 43 24 and
307 3194 69 23 many
383 3187 65 23 other
454 3187 60 31 good
524 3188 109 24 numbers

46 3218 47 23 will
103 3218 30 23 be
145 3226 13 15 a
165 3222 78 28 strong
255 3220 144 23 inducement
411 3224 22 20 to
445 3220 39 24 the
496 3221 137 31 emigration

47 3252 26 22 of
82 3251 74 23 actual
167 3252 90 23 settlers
268 3253 72 23 under
351 3253 39 24 the
407 3253 140 32 regulations
559 3255 75 23 which

47 3284 39 23 the
97 3285 109 24 directors
225 3293 38 16 are
274 3290 23 19 to
308 3286 69 23 make
388 3286 36 25 for
442 3287 39 24 the
493 3287 100 31 disposal
611 3288 26 23 of

46 3318 65 23 these
130 3326 110 16 reserves.
278 3319 50 23 The
346 3319 101 32 drawing
463 3321 37 23 for
517 3321 39 23 the
573 3326 61 19 town

46 3352 99 22 sections
157 3351 56 24 took
230 3351 64 32 place
306 3360 30 15 on
350 3353 85 32 Friday
447 3354 46 23 and
512 3354 120 32 Saturday,

46 3385 46 23 and
109 3393 46 15 was
175 3385 125 23 conducted
317 3386 24 22 m
359 3386 39 24 the
416 3394 63 17 same
490 3388 144 31 satisfactory

46 3426 95 15 manner
154 3427 6 19 ;
197 3418 44 23 and
270 3419 108 31 although
408 3419 38 25 the
474 3420 73 25 whole
577 3421 58 24 fund

47 3452 98 30 actually
152 3452 54 30 paid
212 3452 35 23 for
254 3452 53 23 land
313 3452 25 23 m
346 3460 14 16 a
367 3452 43 24 few
414 3453 77 24 weeks
499 3459 104 19 amounts
611 3459 23 20 to

47 3484 120 30 70,000/.,
176 3486 19 23 it
205 3486 19 22 is
230 3485 104 24 believed
340 3485 50 24 that
399 3486 21 23 if
427 3486 38 25 the
472 3486 110 25 directors
588 3488 47 24 had

47 3518 84 24 offered
139 3518 81 24 double
228 3518 39 24 the
280 3520 110 29 quantity,
398 3520 18 22 it
423 3520 75 24 would
505 3521 26 23 m
539 3521 32 25 all
580 3530 55 23 pro-

46 3552 95 31 bability
148 3552 58 23 have
213 3552 58 23 been
279 3552 106 32 disposed
393 3553 25 22 of
421 3554 24 22 m
452 3553 39 24 the
499 3562 61 16 same
571 3556 62 24 time.

46 3585 105 25 Number
175 3594 41 15 one
239 3586 69 31 again
330 3585 40 23 fell
392 3590 23 18 to
439 3586 38 24 the
499 3587 33 23 lot
555 3589 25 23 of
596 3589 39 24 the

46 3623 106 24 trustees,
166 3619 105 31 together
283 3618 55 23 with
350 3627 14 15 a
379 3619 155 25 considerable
545 3622 91 30 portion

47 3652 23 24 of
82 3652 111 24 desirable
204 3652 116 24 numbers.
360 3651 103 25 Colonial
477 3653 101 25 Gazette.

518 42 99 31 THE
634 42 113 31 NEW
762 41 230 32 ZEALAND
1009 36 225 37 G&XETTE
1252 40 101 33 AND
1370 39 328 34 WELLINGTON
1721 38 291 34 SPECTATOR.

1907 3886 75 17 Printed
1987 3886 37 16 and
2028 3886 97 21 published
2132 3890 55 16 every
2194 3885 88 21 Saturday
2289 3884 89 20 morning,
2385 3883 22 19 by
2414 3882 75 15 Samubi.

1928 3907 91 18 Revavs,
2031 3908 20 15 at
2061 3907 32 16 the
2105 3907 56 17 Office
2171 3907 21 16 of
2202 3907 33 16 the
2247 3906 48 17 New
2302 3906 97 16 Zealand
2406 3902 39 17 Gaz
2447 3902 42 15 extb

1929 3932 42 13 and
1979 3928 138 16 Wellingtok
2124 3929 122 17 Spectator,
2254 3925 152 22 Taranaki-place,
2415 3924 69 17 welling

1929 3951 37 17 ton,
1978 3949 42 17 Pert
2028 3949 106 19 Nicholson,
2143 3949 45 17 Kw
2197 3948 83 18 Zealand.

1895 120 69 21 THE
1992 120 93 21 HOPE
2110 120 132 21 COFFEE
2265 120 56 21 and
2344 119 139 22 EATING

2128 147 121 20 HOUSE.

1896 180 31 47 S
1961 179 176 22 MARSHALL
2151 180 53 26 begs
2222 179 64 22 leave
2305 181 24 19 to
2345 178 84 22 inform
2447 176 36 23 his

1975 206 85 21 friends
2071 206 45 21 and
2125 206 38 21 the
2173 206 75 27 public
2257 206 24 21 m
2290 204 99 28 general,
2398 204 50 21 that
2453 203 29 22 he

1893 232 39 22 has
1942 232 88 27 opened
2039 232 38 21 the
2087 232 70 21 above
2166 232 77 26 house,
2251 232 46 21 and
2303 231 69 27 hopes
2381 229 30 27 by
2420 230 65 21 strict

1894 258 109 22 attention
2013 261 23 18 to
2047 265 109 20 economy
2166 258 45 21 and
2220 258 93 28 quality,
2330 257 50 22 that
2394 256 29 22 he
2438 256 47 22 will

1893 285 87 21 receive
1990 291 14 14 a
2013 284 65 21 share
2088 284 26 21 of
2124 284 59 22 their
2192 287 98 25 support.

1920 317 50 21 Hot
1979 317 72 26 joints
2062 317 69 27 ready
2144 317 59 21 from
2217 318 27 20 12
2253 317 35 21 till
2295 318 22 20 2.
2345 315 58 23 Cold
2413 315 72 27 joints

1894 343 82 27 always
1985 342 77 27 ready.

2097 394 69 20 FOR
2182 394 96 24 SALE,

1895 426 73 48 AN
1982 425 188 23 EXCELLENT
2182 425 148 23 CANTEEN
2338 434 6 17 ;
2365 424 74 24 would
2455 424 28 22 be

1972 453 74 21 useful
2055 456 23 18 to
2088 460 45 19 any
2142 460 43 14 one
2197 452 177 27 accompanying
2384 451 36 21 the
2431 451 53 21 Sur-

1895 486 85 20 veyors.
2010 479 99 27 Enquire
2118 482 24 18 at
2152 479 37 21 the
2226 479 95 21 Gazette
2358 477 78 23 Office.

2119 524 139 21 NOTICE.

1896 557 95 47 ANY
2008 564 82 21 perscm
2107 557 99 21 desirous
2222 557 27 21 of
2265 555 104 28 building
2385 562 28 14 on
2430 554 55 22 land

1973 583 117 28 adjoining
2099 583 38 23 the
2147 587 66 22 town,
2232 590 40 14 can
2283 590 94 20 procure
2385 582 56 21 land
2450 582 35 21 for

1896 609 36 21 the
1942 617 95 20 purpose
2044 610 48 22 free
2103 611 26 21 of
2138 613 58 24 rent,
2211 610 31 27 by
2258 609 107 28 applying
2374 611 23 18 to
2407 608 78 22 James

1896 635 67 27 Watt,
1975 636 54 27 Esq.

1895 695 220 25 WHOLESALE
2145 697 124 24 PRICES
2304 695 179 25 CURRENT.

1966 734 133 15 CORRECTED
2114 736 28 14 UP
2157 736 29 14 TO
2200 735 85 15 FRIDAY
2300 735 110 15 EVENING.

2274 759 14 12 s.
2314 754 19 16 d.
2426 757 17 12 s.
2467 752 19 17 d.

1896 773 63 23 Ale:
1975 773 29 21 In
2013 774 78 27 bottle,
2105 775 114 27 perdoz..
2238 777 13 19 0
2266 776 26 20 12
2321 777 13 19 6
2352 789 18 7 ..
2389 776 14 20 0
2417 775 28 20 14
2471 775 15 20 0

1975 800 160 27 Taylor's....
2236 801 13 22 7
2276 803 14 19 0
2318 802 13 20 0
2349 816 19 6 ..
2386 801 13 21 7
2427 802 14 19 0
2468 802 15 20 0

1897 826 113 22 Arrack:
2025 826 127 27 Pergallon
2177 829 78 20 ....0
2281 829 14 19 3
2323 829 82 19 6..0
2431 828 14 20 0
2472 832 14 19 0

1896 853 93 21 Bread:
2006 853 43 21 Per
2057 853 45 22 2lb.
2114 854 50 21 loaf
2178 868 45 6 ....
2242 855 95 21 009
2354 855 51 20 ..0
2432 855 14 19 0
2473 855 14 19 0

1897 879 73 22 Beef:
1985 879 78 28 Fresh,
2083 887 89 15 carcase
2188 888 40 19 per

2013 906 23 22 lb
2239 909 14 19 0
2281 909 10 19 1
2322 909 14 20 0
2353 921 18 7 ..
2390 908 15 20 0
2432 907 11 20 1
2472 907 14 21 3

1895 933 94 22 Butter
1996 940 5 14 :
2018 933 65 26 Irish,
2093 941 40 20 per
2141 934 31 22 lb.
2203 949 6 5 .
2217 949 4 5 .
2241 936 14 20 0
2281 935 14 21 3
2323 936 14 20 0
2354 949 5 6 .
2367 949 5 6 .
2391 935 14 19 0
2432 934 14 20 0
2473 935 15 19 0

2018 960 69 22 Fresh
2241 963 14 19 0
2281 961 14 21 5
2323 963 14 19 0
2354 975 19 7 ..
2391 962 14 20 0
2432 961 14 20 0
2473 961 14 20 0

1895 986 98 22 Brandy
2000 994 6 14 :
2022 987 58 21 First
2087 987 92 28 quality,
2187 995 40 20 per

2044 1013 75 28 gallon
2239 1016 55 20 012
2322 1016 14 20 0
2353 1029 6 6 .
2366 1029 6 6 .
2390 1014 56 20 014
2473 1015 14 19 0

1895 1040 87 22 Brown
2001 1041 88 21 Stout:
2113 1041 114 22 Trueman

2133 1068 45 21 and
2186 1069 38 21 Co.
2240 1069 13 20 6
2267 1068 26 20 15
2322 1069 14 19 0
2353 1081 19 7 ..
2391 1065 14 23 7
2431 1067 15 20 0
2472 1068 14 19 0

1896 1094 86 22 Cigars
1990 1102 6 14 :
2007 1093 103 28 Manilla,
2118 1102 41 20 per
2166 1096 59 26 1000,
2241 1095 54 21 310
2323 1096 14 19 0
2354 1108 5 6 .
2367 1108 5 6 .
2390 1094 15 20 4
2432 1094 14 20 0
2473 1095 14 19 0

2004 1120 98 22 Inferior
2239 1122 14 20 2
2281 1123 14 19 0
2323 1121 81 21 0..0
2431 1121 15 19 0
2472 1121 14 19 0

2005 1147 135 28 Havannah,
2147 1148 77 27 perlb.
2239 1149 14 20 0
2267 1149 28 19 14
2321 1149 15 19 0
2352 1161 19 7 ..
2390 1148 14 19 0
2431 1147 15 20 0
2472 1148 14 20 0

2004 1173 127 23 Chinsurah
2147 1179 73 16 .;....
2239 1175 14 20 2
2267 1175 28 21 10
2323 1175 81 20 0..0
2431 1174 14 20 0
2472 1175 13 19 0

2004 1200 156 22 Alexandrian
2238 1202 55 20 110
2321 1201 82 21 0..0
2431 1201 14 19 0
2472 1201 14 20 0

1896 1227 87 21 Coffee
1990 1234 6 14 :
2008 1227 64 26 Java,
2083 1234 40 20 per
2131 1227 23 22 lb
2240 1229 13 20 0
2282 1229 9 19 1
2323 1229 13 19 0
2354 1241 5 6 .
2366 1241 6 7 .
2391 1227 14 20 0
2432 1227 11 20 1
2472 1227 14 21 3

1896 1254 103 22 Cheese:
2015 1253 106 23 Cheshire
2240 1256 13 19 0
2281 1255 11 20 1
2322 1254 83 20 3..0
2433 1254 54 20 110

2013 1280 56 22 Pine
2080 1281 74 27 Apple
2176 1283 78 19 ....0
2283 1282 10 20 1
2323 1281 82 21 4..0
2432 1281 14 19 2
2472 1281 14 20 0

2013 1307 77 21 Dutch
2241 1309 14 20 0
2283 1309 10 19 1
2323 1309 14 20 0
2354 1322 18 6 ..
2391 1308 14 20 0
2432 1307 12 21 1
2472 1307 14 21 3

1897 1335 105 21 Candles
2010 1341 5 13 :
2022 1333 94 27 English
2124 1341 56 20 wax,
2188 1341 40 20 per

2040 1360 23 22 lb
2240 1363 14 19 0
2281 1362 56 20 210
2354 1375 5 7 .
2367 1375 5 6 .
2391 1361 14 20 0
2432 1361 14 20 3
2474 1361 13 20 0

2026 1387 81 22 Mould
2239 1389 14 21 0
2282 1389 9 20 1
2322 1389 14 19 0
2353 1402 18 6 ..
2391 1389 14 19 0
2433 1387 10 21 1
2472 1388 14 20 4

2027 1413 70 28 Dips.
2238 1417 14 19 0
2279 1417 14 19 0
2308 1416 26 20 10
2352 1429 18 6 ..
2389 1415 14 19 0
2432 1414 11 20 1
2471 1415 14 20 0

1899 1441 91 21 Flour:
2000 1441 131 27 lstquality,
2144 1444 82 25 perton

2020 1467 25 21 of
2055 1469 55 21 2000
2119 1468 35 22 lbs
2223 1470 28 20 30
2279 1470 14 20 0
2321 1470 13 20 0
2352 1467 51 21 ..35
2431 1468 14 20 0
2472 1469 13 20 0

1995 1494 46 22 2nd
2051 1494 56 22 ditto
2226 1497 28 19 26
2281 1497 14 19 0
2322 1495 83 21 0..30
2432 1495 13 19 0
2472 1496 13 19 0

1897 1521 59 21 Gin:
1977 1521 54 21 Pale
2240 1523 14 20 0
2280 1523 13 19 5
2323 1523 13 20 6
2354 1536 18 6 ..
2391 1522 13 20 0
2432 1521 13 20 9
2472 1523 13 19 0

1979 1548 62 26 Case,
2056 1549 13 20 3
2084 1548 87 27 gallons
2180 1550 45 20 4-5.
2243 1550 10 20 1
2282 1550 14 20 3
2325 1550 13 20 0
2355 1563 19 5 ..
2394 1549 10 19 1
2433 1548 13 20 8
2473 1549 13 19 0

1897 1574 82 22 Hams:
1994 1574 130 27 Yorkshire,
2139 1575 85 28 perlb.
2241 1577 13 19 0
2283 1577 11 19 1
2324 1577 13 19 0
2354 1590 19 6 ..
2392 1576 14 20 0
2434 1575 11 20 1
2474 1575 10 21 1

1897 1601 115 22 Mustard
2020 1609 4 13 :
2040 1601 44 22 Per
2093 1602 71 22 dozen
2243 1603 10 20 1
2283 1604 13 20 8
2325 1603 81 20 0..0
2433 1602 14 20 0
2474 1603 13 19 0

1897 1628 101 22 Mutton
2006 1636 5 14 :
2033 1629 94 21 Carcase
2137 1636 40 20 per
2187 1629 22 21 lb
2219 1646 6 4 .
2241 1631 14 19 0
2283 1631 9 19 1
2323 1630 14 20 0
2354 1643 19 6 ..
2392 1629 14 20 0
2434 1629 10 20 1
2472 1629 13 20 2

1897 1655 123 21 Muskets:
2036 1655 93 23 Walnut
2135 1655 94 23 stocked
2242 1657 55 20 014
2324 1657 13 20 0
2354 1671 6 5 .
2368 1671 5 5 .
2394 1656 9 20 1
2433 1656 13 20 8
2473 1657 13 19 0

1897 1681 78 23 Milk:
1992 1682 42 21 Per
2041 1682 71 27 pint..
2241 1685 14 19 0
2282 1685 14 19 0
2325 1683 12 21 7
2354 1697 19 6 ..
2392 1684 14 19 0
2432 1683 14 20 0
2473 1684 13 19 0

1898 1708 42 22 Oil
1948 1716 5 14 :
1970 1708 104 27 Linseed,
2085 1716 40 20 per
2133 1709 76 27 gallon
2219 1711 36 20 .0
2282 1711 14 20 6
2324 1711 13 19 0
2355 1724 6 6 .
2368 1725 6 5 .
2392 1711 14 19 0
2433 1709 13 21 8
2472 1711 14 19 6

1971 1735 78 26 Black,
2054 1735 23 21 in
2083 1736 174 27 cask,perton2o
2283 1738 15 20 0
2325 1737 13 21 0
2356 1751 18 6 ..
2392 1738 14 19 0
2433 1737 14 20 0
2472 1737 14 20 0

1898 1761 63 22 Pork
1968 1769 5 14 :
1989 1762 78 27 Fresh,
2084 1769 89 15 carcase
2189 1770 40 21 per

2015 1789 22 21 lb
2241 1791 14 20 0
2283 1791 13 20 0
2323 1791 15 20 4
2356 1805 18 6 ..
2392 1791 14 20 0
2433 1791 14 19 0
2473 1791 13 19 0

1898 1815 63 21 Pork
1969 1822 5 14 :
1990 1815 67 27 Irish,
2068 1823 40 19 per
2117 1816 74 22 barrel
2204 1831 5 5 .
2217 1831 4 6 .
2241 1817 13 21 5
2282 1818 15 20 0
2324 1818 13 20 0
2355 1832 5 6 .
2368 1832 5 6 .
2392 1818 14 20 0
2432 1818 14 20 0
2473 1818 13 19 0

1898 1842 131 22 Potatoes:
2050 1842 56 22 New
2120 1843 108 28 Zealand,

2074 1877 40 19 per
2124 1874 37 18 ton
2239 1871 15 21 2
2281 1872 15 20 0
2323 1872 14 20 0
2354 1885 5 7 .
2368 1885 5 7 .
2391 1871 14 20 5
2432 1871 14 20 0
2472 1872 14 20 0

1898 1895 92 23 Porter
2000 1903 5 14 :
2034 1896 103 28 Dunbar,
2149 1897 24 22 m
2182 1898 44 21 bot.

2065 1930 40 20 per
2114 1924 43 21 doz
2241 1925 55 20 012
2323 1926 14 20 0
2354 1939 5 6 .
2368 1939 5 6 .
2392 1925 55 20 014
2472 1925 14 20 0

1898 1949 96 22 Pickles
2006 1957 5 14 :
2043 1950 116 27 Assorted,
2190 1958 40 19 per

2069 1976 58 26 doz.,
2152 1980 76 24 quarts
2243 1979 10 19 1
2283 1979 14 19 8
2325 1979 13 19 0
2356 1991 19 7 ..
2394 1977 11 21 1
2421 1977 27 21 16
2474 1977 13 21 0

1898 2002 72 21 Pitch
1983 2010 6 12 :
2022 2003 137 26 Stockholm,
2190 2011 40 19 per

2047 2028 72 22 barrel
2244 2031 10 20 1
2271 2031 27 20 10
2326 2032 12 19 0
2357 2044 18 7 ..
2407 2031 13 19 2
2435 2031 13 20 0
2474 2031 13 19 0

1898 2054 80 22 Plank
1986 2062 6 14 :
2020 2055 54 21 Port
2097 2055 132 28 Nicholson,

2048 2089 40 20 per
2098 2084 39 20 100
2147 2083 46 22 feet
2206 2098 18 6 ..
2244 2085 11 19 1
2284 2084 13 20 5
2326 2086 13 19 0
2357 2099 5 5 .
2370 2098 5 6 .
2395 2085 10 19 1
2422 2085 26 19 10
2474 2085 13 19 0

2020 2109 122 28 Hokianga
2243 2112 14 20 2
2283 2111 14 20 5
2326 2112 12 20 0
2356 2125 19 7 ..
2393 2112 13 20 2
2422 2111 26 21 10
2474 2112 13 20 0

1898 2135 70 23 Rice:
1980 2136 111 21 Common
2100 2144 40 19 per
2146 2140 49 18 cwt.
2207 2152 18 6 ..
2244 2139 14 19 0
2272 2139 28 20 14
2326 2139 13 20 0
2358 2152 18 7 ..
2396 2139 10 19 1
2434 2139 14 19 0
2474 2139 12 19 0

1980 2163 66 21 Good
2243 2166 11 20 1
2283 2166 15 20 4
2326 2166 12 20 0
2356 2179 18 7 ..
2394 2165 10 21 1
2420 2165 26 21 10
2473 2166 13 20 0

1899 2189 53 23 Rum
1959 2197 6 14 :
1982 2190 25 21 P.
2018 2190 26 21 B.
2056 2190 33 26 P.,
2105 2190 56 29 duty
2174 2191 55 27 free,

2006 2224 40 19 per
2055 2217 76 26 gallon
2244 2220 14 19 0
2284 2219 14 20 5
2326 2220 82 19 6..0
2422 2219 25 20 13
2474 2220 13 19 0

1898 2243 89 23 Sugar:
2003 2244 120 22 Mauritius
2133 2252 40 21 per
2180 2249 49 18 cwt.
2244 2246 13 21 2
2284 2247 15 20 0
2326 2247 13 20 0
2358 2260 17 6 ..
2394 2246 13 20 2
2422 2246 25 20 10
2474 2246 12 20 0

2007 2271 82 21 Brown
2243 2274 14 19 0
2284 2274 14 20 0
2326 2274 49 20 0..
2394 2273 52 20 115
2473 2274 13 19 0

2008 2298 97 22 Refined
2121 2299 53 27 loaf,
2192 2307 40 20 per

2034 2325 22 21 lb
2244 2328 14 19 0
2285 2328 14 19 0
2327 2328 12 19 8
2358 2340 18 7 ..
2394 2328 14 19 0
2435 2327 13 20 0
2475 2327 12 20 9

2008 2351 97 22 Manilla
2245 2354 9 20 1
2272 2355 26 20 13
2326 2355 13 20 0
2357 2368 19 6 ..
2395 2354 10 20 1
2422 2354 26 20 18
2474 2354 13 19 0

1898 2379 59 21 Salt
1965 2386 5 14 :
1987 2379 127 27 Liverpool,
2125 2387 41 19 per
2175 2384 38 18 ton
2222 2382 35 20 .6
2284 2382 14 20 0
2326 2382 13 20 0
2357 2396 6 5 .
2370 2394 6 7 .
2394 2381 13 20 8
2434 2382 13 20 0
2474 2381 12 20 0

1898 2406 59 21 Soap
1966 2413 5 14 :
1999 2405 103 22 Hawes's
2126 2407 104 27 London,

2025 2437 86 26 perton
2228 2436 29 20 42
2283 2436 15 20 0
2326 2436 12 20 0
2357 2434 50 21 ..50
2434 2435 13 20 0
2474 2435 12 19 0

1899 2459 91 22 Starch
1997 2467 6 14 :
2019 2459 43 22 Per
2071 2460 23 21 lb
2246 2464 13 19 0
2287 2463 11 20 1
2328 2464 13 19 9
2359 2476 5 6 .
2371 2476 6 5 .
2395 2462 14 20 0
2435 2461 13 20 2
2475 2462 12 19 0

1899 2487 143 21 Scantling:
2058 2487 44 22 Per
2109 2489 40 21 100
2158 2488 67 23 feet..
2247 2490 10 20 1
2285 2490 15 20 2
2328 2490 13 21 0
2359 2503 18 6 ..
2396 2489 10 20 1
2435 2488 13 20 5
2475 2489 12 19 0

1899 2514 128 21 Shingles:
2043 2514 44 21 Per
2094 2516 55 21 1000
2246 2517 11 20 1
2274 2516 26 21 15
2328 2518 14 19 0
2359 2530 19 6 ..
2396 2516 14 21 2
2436 2515 12 20 5
2476 2516 12 19 0

1898 2540 49 22 Tar
1955 2549 4 13 :
1977 2540 54 22 Coal
2246 2543 53 21 115
2328 2545 50 19 0..
2396 2544 14 19 0
2437 2543 13 20 0
2476 2543 12 19 0

1981 2567 130 22 Stockholm
2248 2572 54 19 110
2329 2570 81 21 0..2
2438 2570 12 19 0
2476 2570 12 19 0

1899 2594 60 22 Tea:
1978 2594 89 28 Hyson,
2079 2603 39 19 per
2128 2596 63 22 chest
2208 2598 51 20 ..8
2286 2598 15 20 0
2328 2598 14 20 0
2359 2597 49 20 ..11
2425 2596 23 21 11
2476 2596 12 20 0

1898 2622 105 21 Tobacco
2011 2629 6 14 :
2032 2622 143 28 Negrohead,
2192 2631 41 20 per

2058 2649 23 21 lb
2246 2652 14 19 0
2288 2652 11 20 1
2329 2647 14 25 6
2360 2664 18 7 ..
2398 2652 13 19 0
2438 2650 10 21 1
2477 2650 11 20 3

1899 2675 165 22 Turpentine:
2081 2676 146 28 Pergallon..
2246 2679 14 20 0
2287 2679 15 20 8
2330 2678 12 21 6
2361 2691 18 7 ..
2398 2678 13 20 0
2438 2678 14 20 0
2477 2678 12 19 0

1900 2702 162 22 Whalebone:
2079 2703 43 22 Per
2131 2707 39 18 ton
2182 2719 17 6 ..
2208 2706 52 20 .-.90
2287 2706 15 20 0
2329 2706 13 20 0
2361 2705 64 20 ..100
2438 2705 13 20 0
2477 2704 11 21 0

1900 2729 82 22 Wine:
1998 2730 90 27 Sherry,
2099 2737 39 21 per
2147 2731 51 27 pipe
2209 2733 51 20 ..28
2287 2733 15 20 0
2330 2732 81 21 0..40
2438 2732 14 20 0
2477 2732 12 19 0

2010 2757 71 27 Ditto,
2097 2765 39 20 per
2151 2758 80 21 dozen.
2247 2760 10 20 1
2285 2760 17 20 4
2329 2760 14 20 0
2360 2772 19 7 ..
2397 2758 14 21 2
2438 2759 14 20 0
2478 2759 12 19 0

1902 2810 121 23 Poultry:
2039 2811 79 28 Fowls,
2126 2819 40 20 per
2173 2812 48 28 pair
2227 2828 6 6 .
2248 2814 13 20 0
2276 2814 28 20 10
2331 2814 13 19 0
2361 2826 19 7 ..
2399 2813 13 20 0
2427 2812 25 21 18
2478 2812 12 19 0

2036 2838 86 28 Ducks,
2133 2839 57 22 ditto
2210 2854 5 5 .
2222 2854 6 5 .
2247 2840 55 21 015
2330 2841 14 20 0
2361 2854 5 5 .
2374 2852 6 6 .
2399 2839 10 20 1
2438 2838 13 21 5
2478 2839 12 19 0

2039 2865 80 27 Geese,
2131 2866 56 22 ditto
2210 2868 48 20 ..1
2288 2867 14 20 5
2330 2868 14 20 0
2361 2880 18 7 ..
2398 2866 13 21 0
2438 2866 13 20 0
2478 2866 11 20 0

2036 2892 104 28 Turkeys
2248 2901 61 14 none
2318 2893 24 22 m
2351 2893 38 22 the
2399 2891 91 22 market.

2038 2919 105 28 Pigeons,
2154 2920 78 28 (wild,)

2065 2954 40 20 per
2114 2948 50 27 pair
2250 2949 12 19 0
2290 2948 14 20 3
2331 2948 82 20 0..0
2440 2947 13 20 0
2478 2946 13 21 0

2037 2973 86 28 Ducks,
2133 2974 35 22 do.
2180 2974 51 22 do..
2250 2976 12 20 0
2290 2975 14 20 5
2332 2975 14 20 0
2364 2988 17 7 ..
2400 2975 13 20 0
2440 2974 13 20 0
2478 2973 13 20 0

1902 3000 62 22 Eggs
1971 3007 6 15 :
1992 3000 44 22 Per
2046 3000 73 22 dozen
2250 3003 13 19 0
2291 3003 14 19 6
2332 3002 14 20 0
2364 3015 18 7 ..
2400 3001 13 20 0
2441 3001 12 20 0
2479 3000 12 19 0

1903 3054 75 21 Cows:
1994 3053 73 22 Milch
2236 3055 26 20 25
2291 3056 14 20 0
2332 3055 13 20 0
2363 3055 50 20 ..30
2440 3054 13 21 0
2478 3053 12 20 0

1903 3081 96 21 Mares:
2015 3080 75 22 Brood
2234 3082 27 21 50
2288 3083 16 20 0
2330 3082 83 20 0..90
2439 3082 14 19 0
2478 3080 12 20 0

1902 3108 117 21 Working
2036 3108 120 22 Bullocks
2165 3116 5 14 :
2192 3108 44 22 Per

1927 3135 51 27 pair
2236 3136 27 22 50
2291 3137 14 20 0
2333 3137 14 20 0
2365 3136 49 20 ..60
2441 3135 13 20 0
2481 3132 12 21 0

1903 3162 64 22 Hire
1978 3169 27 14 of
2016 3169 68 14 ditto
2092 3169 5 13 :
2112 3162 44 22 Per
2164 3162 50 28 day,
2224 3170 14 14 a

1929 3192 61 18 team
2001 3188 45 22 and
2053 3188 84 23 driver.
2145 3205 5 5 .
2251 3191 11 20 1
2279 3191 27 21 10
2333 3191 14 20 0
2365 3203 17 7 ..
2401 3189 13 21 2
2441 3189 12 20 0

1904 3216 87 22 Sheep:
2008 3215 61 23 Each
2249 3218 13 21 2
2290 3219 15 20 0
2332 3219 49 23 0...
2399 3216 14 21 2
2439 3215 13 21 5

1903 3243 64 22 Boat
1978 3242 75 23 Hire:
2068 3243 43 22 Per
2117 3243 51 28 day,
2173 3244 65 22 with-

2097 3274 40 19 out
2145 3271 73 22 hands
2229 3287 5 6 .
2250 3273 13 21 0
2278 3273 27 20 10
2333 3273 14 20 0
2364 3285 6 7 .
2377 3284 5 6 .
2401 3270 10 21 1
2440 3270 13 20 0

1904 3324 87 24 Wages
1998 3332 6 14 :
2032 3324 141 29 Mechanics,
2199 3333 42 20 per

2058 3351 64 23 week
2251 3354 13 20 2
2280 3354 28 20 14
2333 3354 14 20 0
2365 3367 5 6 .
2378 3365 5 7 .
2401 3351 13 21 3
2441 3351 12 20 6

2041 3378 128 24 Labourers
2186 3395 46 6 ....
2252 3381 10 21 1
2279 3381 27 21 10
2333 3381 14 20 0
2365 3393 17 7 ..
2401 3379 12 20 2
2440 3377 13 21 2

1924 3436 40 17 The
1977 3436 48 17 New
2036 3436 98 17 Zealand
2146 3437 93 17 Gazette
2250 3437 43 19 will,
2304 3436 27 18 for
2342 3436 32 17 the
2383 3435 76 21 present,
2469 3433 21 16 be

1904 3457 97 21 published
2008 3457 75 21 weekly,
2090 3462 55 16 every
2151 3459 88 19 Saturday
2248 3458 89 20 morning.
2359 3458 22 16 So
2385 3460 42 13 soon
2436 3459 17 12 as
2459 3455 13 15 it
2476 3457 14 12 is

1905 3478 110 21 sufficiently
2021 3478 103 21 supported,
2134 3479 16 17 it
2157 3479 37 17 will
2204 3480 23 16 be
2233 3479 64 17 issued
2304 3476 125 21 semi-weekly.
2449 3475 41 16 Sub-

1903 3499 62 21 joined
1972 3504 31 11 are
2011 3499 30 16 the
2048 3501 57 15 terms
2111 3504 3 12 :

1925 3520 65 17 Price
1997 3524 25 12 of
2029 3524 41 13 the
2077 3520 75 17 Papeb.
2175 3520 56 21 Forty
2236 3520 85 21 shillings
2327 3524 32 17 per
2368 3522 73 15 annum,
2452 3520 39 17 pay-

1905 3541 39 17 able
1951 3541 20 16 m
1978 3541 81 17 advance
2064 3546 5 14 ;
2081 3546 19 12 or
2107 3546 35 12 one
2149 3541 76 22 shilling
2231 3543 27 15 for
2265 3541 59 21 single
2331 3541 89 16 numbers.

1924 3562 215 17 Advertisements.
2139 3563 33 16 Six
2182 3563 48 16 lines
2240 3563 37 16 and
2286 3562 64 19 under,
2363 3562 24 16 3s.
2394 3560 29 16 6d.
2429 3559 26 17 for
2461 3558 28 16 the

1905 3583 39 16 first
1955 3583 95 19 insertion,
2062 3583 37 17 and
2111 3588 33 12 one
2156 3584 76 21 shilling
2238 3584 27 16 for
2271 3583 45 17 each
2323 3581 108 21 subsequent
2437 3580 53 16 inser-

1905 3604 38 16 tion
1949 3609 3 14 ;
1964 3604 50 16 from
2020 3604 30 17 six
2057 3605 19 16 to
2083 3605 30 16 ten
2121 3605 54 19 lines,
2183 3605 34 16 five
2225 3604 84 20 shillings
2321 3604 28 16 for
2359 3603 31 16 the
2401 3602 42 17 first,
2455 3602 33 14 ana

1905 3629 34 12 one
1950 3624 77 21 shilling
2037 3625 37 17 and
2086 3625 85 22 sixpence
2182 3626 29 16 for
2221 3626 44 16 each
2276 3625 111 20 subsequent
2397 3621 91 17 insertion;

1905 3646 56 16 above
1973 3647 31 16 ten
2015 3646 54 19 lines,
2080 3646 36 17 five
2128 3647 84 20 shillings
2223 3647 28 16 for
2262 3647 31 16 ths
2304 3646 38 16 first
2353 3647 31 15 ten
2393 3643 52 18 lines,
2456 3642 33 15 and

1905 3666 98 21 fourpence
2010 3671 32 21 p^er
2048 3667 38 16 line
2093 3668 28 16 for
2128 3668 32 16 the
2167 3672 64 12 excess
2238 3668 20 15 of
2265 3667 41 16 that
2313 3666 84 18 number;
2408 3663 36 17 and
2450 3664 39 14 two-

1905 3692 56 16 pence
1968 3692 33 16 per
2007 3687 38 17 line
2051 3688 30 16 for
2088 3689 43 16 each
2139 3689 113 20 subsequent
2258 3687 94 17 insertion.

1926 3708 158 17 Advertisements
2091 3710 38 16 will
2135 3711 33 15 not
2175 3713 66 17 appear
2251 3708 19 17 m
2281 3709 32 16 the
2325 3706 77 21 ensuing
2411 3704 77 17 number,

1906 3729 15 17 if
1930 3729 84 17 received
2021 3730 46 16 later
2074 3730 45 17 than
2130 3730 71 21 JJriday,
2213 3731 21 15 10
2245 3729 73 19 o'clock,
2330 3733 41 12 a.m.
2392 3727 98 16 Advertise-

1905 3753 61 14 ments
1974 3751 37 16 will
2018 3751 22 16 be
2047 3751 99 17 continued
2153 3752 37 16 and
2196 3751 78 19 charged
2278 3750 49 17 until
2330 3746 158 20 counter-ordered;

1906 3772 45 16 such
1958 3772 53 16 order
2018 3773 51 15 must
2075 3773 22 15 be
2105 3774 41 16 sent
2152 3774 19 15 to
2179 3772 31 16 the
2214 3772 55 16 Office
2276 3772 52 16 three
2335 3771 43 20 days
2385 3768 58 16 before
2450 3767 40 20 pub-

1906 3792 81 20 lication,
1994 3793 36 16 and
2038 3795 52 15 must
2096 3794 22 16 be
2125 3793 20 17 m
2152 3793 80 21 writing.

1926 3813 31 17 All
1964 3814 67 19 orders,
2044 3814 157 19 advertisements,
2213 3814 37 16 and
2260 3810 163 20 communications
2434 3810 18 14 to
2462 3809 27 15 tne

1907 3835 68 19 Editor,
1983 3840 30 12 are
2020 3835 97 21 requested
2124 3837 19 15 to
2150 3836 21 15 be
2179 3834 98 17 addressed
2283 3836 19 14 to
2309 3833 36 16 this
2352 3831 60 18 Office.

1251 132 2 13 i
1281 119 148 35 JMLOCKS,
1446 122 111 25 Watches,
1574 122 45 21 ahl
1639 121 117 27 Jewellery
1774 120 94 21 cleaned

1281 151 41 18 \_v
1350 147 46 22 arid
1404 148 103 27 repaired
1514 148 34 26 'by
1562 147 87 22 Robert
1665 148 115 26 Sturgecu,
1798 154 69 20 many

1278 181 64 21 years
1351 175 23 20 m
1385 181 14 15 a
1407 174 96 22 London
1515 173 116 28 jewellery
1642 174 107 21 business.

1251 211 2 12 >
1305 200 124 22 Residence
1439 205 23 17 at
1472 206 87 26 present
1590 204 23 17 at
1623 201 38 21 the
1672 200 56 21 back
1735 200 26 21 of
1773 199 92 22 Messrs.

1279 227 86 21 Waters
1376 227 46 21 and
1432 227 92 21 Smith's
1535 228 81 20 Store:].

1280 280 71 48 ON
1369 280 85 25 SALE,
1470 284 23 18 at
1503 281 37 20 the
1552 283 57 18 store
1620 281 27 20 of
1659 280 38 21 the
1707 279 157 28 undersigned,

1356 306 37 22 the
1409 307 113 27 following
1532 307 174 28 consignments,
1717 313 28 15 ex
1754 306 37 22 the
1805 306 62 26 Lady

1251 341 2 7 >
1277 334 87 24 Nugent
1373 341 6 12 :

1307 366 130 28 Edinburgh
1448 366 47 22 and
1505 366 66 22 Alloa
1579 366 87 22 bottled
1675 366 42 27 ale,

1305 392 82 27 Sherry
1396 393 24 21 m
1428 393 69 26 butts,

1304 418 95 28 Pickles,
1409 419 105 27 mustard,
1525 419 44 22 and
1578 419 111 27 spiceries,

1305 445 90 27 Cheese,
1407 446 104 26 oatmeal,
1522 446 115 21 molasses*

1304 471 96 27 Raisins,
1411 475 108 24 currants,
1529 472 48 21 best
1586 472 95 28 English
1689 472 80 28 honey,

1303 498 52 25 Tea,
1367 498 75 27 coffee,
1455 498 46 22 and
1508 506 72 19 sugar,

1305 524 47 21 Silk
1360 524 46 21 and
1416 528 77 18 cotton
1503 524 178 28 handkerchiefs,

1304 550 234 23 Mousselin-de-laine
1548 551 46 22 and
1602 552 92 27 Saxony
1703 551 89 27 dresses,

1251 582 2 13 ;
1303 577 143 22 Assortment
1456 578 26 21 of
1489 578 32 21 tin
1531 585 64 19 ware,

1305 603 97 27 Hosiery
1411 604 26 21 of
1442 604 31 21 all
1482 604 72 27 kinds,

1304 629 113 27 Blankets,
1428 637 59 20 rugs,
1499 631 44 21 and
1553 634 169 24 counterpanes,

1304 656 67 21 Paint
1378 656 100 27 brushes,
1489 657 84 22 clothes
1581 658 101 26 brushes,

1303 682 80 22 Planes
1395 683 44 21 and
1448 684 133 26 carpenters'
1590 684 64 27 tools,
1666 684 27 21 of
1699 683 29 22 all
1736 682 73 28 kinds,

1305 709 42 26 Pit,
1358 713 109 18 cross-cut
1477 710 45 21 and
1529 710 59 21 hand
1598 717 63 19 saws,

1304 736 103 21 Window
1415 736 67 27 glass,
1493 736 64 27 nails,

1251 776 2 12 i
1303 762 125 22 Umbrellas
1445 762 46 22 and
1507 769 13 15 a
1534 762 61 27 large
1610 766 134 19 assortment
1762 762 26 22 of
1802 761 66 23 small

1277 796 75 19 wares,

1304 816 39 20 An
1353 818 135 19 assortment
1498 815 24 21 of
1529 815 129 28 stationery,

1305 842 52 27 Salt,
1369 849 59 20 soap,
1441 842 46 21 and
1493 841 142 28 gunpowder,

1305 869 154 21 Gentlemen's
1468 869 98 26 wearing
1575 869 97 26 apparel,

1303 895 97 26 Regatta
1407 895 44 22 and
1461 895 70 22 calico
1540 894 73 28 shirts,

1303 921 105 22 Sheffield
1418 922 92 27 cutlery,
1522 921 41 22 fish
1572 921 78 28 hooks,

1303 949 56 26 Caps
1370 949 45 21 and
1424 949 95 21 London
1529 948 56 27 hats,

1251 974 2 32 |
1303 975 124 28 Tumblers,
1438 976 58 21 wine
1506 975 89 27 glasses,

1251 999 2 30 \
1303 1002 21 20 A
1340 1002 65 21 small
1423 1005 134 18 assortment
1574 1001 27 22 of
1615 1002 71 28 seeds,
1706 1010 58 20 rape,
1785 1002 81 27 wheat,

1251 1024 2 28 I
1276 1027 83 28 barley,
1370 1035 46 20 rye,
1428 1032 54 24 oats,
1494 1036 58 20 peas,
1562 1029 78 22 beans.

1642 1056 110 22 William
1765 1056 75 22 Lyon.

1303 1081 193 28 Taranaki-place,
1506 1082 32 21 Te
1548 1082 47 21 Aro
1602 1082 55 23 Pah.

1278 1135 73 49 ON
1374 1136 86 27 SALE,
1472 1136 37 21 the
1533 1136 70 22 entire
1623 1143 67 21 cargo
1710 1137 24 21 of
1750 1137 37 21 the
1805 1138 62 25 Lady

1341 1163 86 25 Nugent
1433 1172 6 10 .

1315 1196 28 21 50
1352 1196 83 22 barrels
1446 1196 59 22 Irish
1514 1196 61 27 pork,

1316 1224 27 20 50
1353 1222 35 22 do.
1400 1223 103 21 Hambro
1512 1223 57 26 beef,

1303 1250 40 20 150
1353 1257 61 14 cases
1423 1250 85 27 pickles
1519 1249 43 21 and
1571 1257 84 20 sauces,

1329 1277 14 20 6
1353 1276 36 22 do.
1400 1276 87 22 bottled
1497 1276 70 26 fruits,

1316 1304 27 20 36
1353 1303 35 21 do.
1400 1303 128 21 maccaroni
1538 1302 44 22 and
1592 1304 130 27 vermicelli,

1318 1331 26 20 10
1353 1330 54 26 kegs
1418 1330 63 27 tripe,

1317 1358 26 20 10
1353 1356 35 21 do.
1400 1360 102 23 tongues,

1317 1384 26 20 10
1349 1383 48 27 jars
1404 1383 38 21 red
1453 1383 108 27 herrings,

1315 1411 28 20 24
1353 1410 53 27 kegs
1416 1410 85 26 barley,
1514 1410 101 28 oatmeal,
1625 1411 51 27 split
1686 1418 59 20 peas,
1755 1415 82 24 groats,

1302 1438 41 20 100
1353 1436 61 22 York
1423 1437 46 21 and
1476 1436 137 29 Westphalia
1623 1437 71 28 hams,

1328 1465 14 19 2
1352 1470 61 14 cases
1426 1464 80 26 bacon,

1316 1491 27 21 10
1353 1497 60 14 cases
1423 1490 50 21 loaf
1479 1490 45 21 and
1533 1490 51 28 pine
1589 1490 87 28 cheese,
1685 1498 53 21 very
1746 1492 106 27 superior,

1329 1518 14 20 8
1352 1516 65 22 hhd3.
1428 1517 46 21 and
1484 1519 24 19 18
1519 1524 32 20 qr.
1562 1517 63 21 casks
1640 1519 83 26 sherry,

1317 1545 26 20 60
1353 1551 61 14 cases
1423 1544 101 27 superior
1534 1545 100 26 Geneva,

1251 1570 2 12 ;
1316 1571 27 21 40
1353 1573 51 19 tons
1414 1570 45 22 fine
1470 1571 49 26 salt,

1316 1598 27 20 50
1352 1597 84 21 barrels
1444 1597 128 21 Stockholm
1583 1601 40 23 tar,

1316 1625 27 20 25
1353 1624 37 21 do.
1400 1624 68 27 pitch,

1303 1651 76 26 15,000
1388 1651 49 21 best
1447 1650 63 22 stock
1519 1650 81 27 bricks,

1331 1679 9 19 1
1353 1685 49 14 case
1413 1678 100 27 superior
1522 1678 202 23 double-barrelled
1738 1679 49 22 flint
1801 1686 66 20 guns,

1302 1706 55 20 8000
1366 1704 46 22 feet
1421 1706 10 19 1
1443 1704 54 22 inch
1508 1704 70 22 Baltic
1588 1705 88 27 boards,

1303 1733 54 19 ICOO
1376 1731 49 21 doz.
1446 1731 26 21 of
1487 1731 100 27 Taylor's
1607 1731 67 23 India
1697 1732 50 28 pale
1763 1732 35 22 ale
1823 1732 45 22 and

1275 1761 82 25 porter.
1365 1778 3 3 .

1585 1784 84 23 Waitt
1680 1785 45 22 and
1733 1786 108 22 Tinline.

1303 1812 146 27 Wellington,
1460 1812 55 21 25th
1524 1812 87 26 March,
1623 1814 61 20 1841.

1279 1869 71 49 ON
1374 1869 86 27 SALE,
1483 1873 23 18 at
1525 1870 37 22 the
1580 1870 77 22 Stores
1677 1871 26 21 of
1724 1870 35 22 the
1778 1870 90 22 Under-

1355 1896 79 27 signed
1442 1905 4 13 :

1304 1931 91 27 Pomy's
1405 1931 84 21 Medoc
1499 1930 74 28 claret,
1583 1931 24 21 m
1620 1939 68 19 cases,
1701 1933 11 19 1
1723 1931 48 22 doz.
1783 1930 63 22 each.

1386 1958 63 21 Ditto
1587 1957 57 22 ditto
1699 1959 13 20 2
1748 1958 63 21 ditto.

1305 1983 61 27 Very
1376 1985 100 25 superior
1485 1987 51 24 port
1546 1984 63 25 wine,
1621 1984 56 22 ditto
1700 1986 14 19 3
1749 1984 62 22 ditto.

1386 2010 64 21 Ditto
1586 2010 65 26 ditto,
1661 2011 25 20 m
1697 2014 88 22 quarter
1796 2010 70 21 casks.

1305 2036 82 27 Sherry
1414 2037 86 27 brown,
1519 2036 59 27 gold,
1597 2036 57 28 pale,
1675 2037 39 22 old
1735 2037 84 27 brown,
1844 2037 23 21 m

1279 2066 89 24 quai-ter
1378 2063 70 22 casks.

1306 2089 97 28 Brandy,
1414 2090 23 21 m
1449 2097 63 15 cases
1522 2090 25 21 of
1558 2091 10 20 1
1580 2089 50 22 doz.
1642 2090 63 22 each.

1388 2117 64 21 Ditto
1560 2118 13 19 .3
1613 2116 62 28 ditto,

1306 2143 67 27 Rum,
1389 2144 23 21 m
1427 2144 67 21 hhds.
1509 2144 25 21 of
1545 2145 26 20 43
1580 2143 96 27 gallons.

1388 2171 63 22 Ditto
1547 2170 26 23 47
1611 2170 64 23 ditto.

1307 2197 52 26 Gin,
1370 2197 51 22 half
1432 2205 69 17 cases,
1514 2199 10 20 1
1536 2197 71 22 dozen
1618 2198 63 22 each.

1305 2224 102 27 Taylor's
1416 2229 68 22 stout,
1496 2224 23 22 m
1529 2224 70 22 wood.

1324 2251 63 22 Ditto
1415 2252 51 27 pale
1477 2252 42 26 ale,
1532 2251 62 22 ditto.

1325 2278 62 22 Ditto
1416 2282 66 23 stout,
1494 2279 23 21 m
1526 2278 75 28 bottle,
1614 2279 64 22 casks
1685 2279 27 22 of
1717 2281 12 20 3
1738 2279 47 21 doz.
1795 2278 63 23 each.

1307 2305 177 22 Hebblewhite's
1494 2309 65 24 stout,
1570 2306 57 21 ditto
1736 2306 63 22 ditto.

1352 2332 64 22 Ditto
1493 2332 41 28 ale,
1569 2332 56 22 ditto
1735 2333 63 22 ditto.

1552 2367 109 21 Richard
1671 2367 86 26 Baker,

1498 2393 127 22 Wholesale
1637 2394 65 22 Wine
1714 2393 125 23 Merchant.

1306 2417 147 30 Wellington,
1465 2420 54 22 Feb.
1530 2422 33 25 18,
1574 2421 62 22 1841.

1501 2477 148 22 TIMBER.

1281 2503 184 50 SEASONED
1474 2504 88 27 boards,
1573 2506 10 19 1
1595 2504 40 28 m.,
1647 2506 11 24 f
1668 2505 40 27 in.,
1719 2504 42 23 and
1773 2504 52 27 Jm.

1360 2530 107 23 Weather
1476 2531 88 22 boards.

1361 2558 118 27 Scantling
1489 2558 26 21 of
1526 2558 28 21 all
1564 2558 64 22 sizes.

1360 2584 100 28 Norway
1470 2585 69 22 deals.

1360 2612 103 22 Battens.

1360 2640 29 21 50
1398 2639 59 28 pairs
1467 2638 88 23 French
1564 2639 113 29 windows,
1688 2643 43 19 two
1741 2640 63 22 sizes.

1362 2665 126 23 Pannelled
1498 2666 71 22 doors.

1500 2693 26 21 T.
1541 2693 33 21 M.
1590 2693 136 22 Partridge
1741 2694 44 22 and
1801 2694 40 21 Co.

1252 2761 5 21 f
1487 2749 69 21 FOR
1570 2749 96 27 SALE,

1282 2782 119 49 GOOD
1411 2782 86 27 sherry,
1508 2782 24 21 m
1543 2786 90 24 quarter
1642 2782 72 23 casks.

1364 2809 112 27 Crockery
1487 2809 45 22 and
1540 2810 125 21 iron-stone
1676 2817 64 16 ware.

1308 2835 124 28 Eight-day
1441 2836 46 21 and
1497 2836 75 22 Dutch
1583 2836 83 23 clocks.

1252 2868 2 22 I
1308 2862 101 28 Fowling
1418 2863 82 27 pieces,
1510 2863 105 26 muskets,
1627 2864 47 21 and
1682 2864 127 22 umbrellas,

1252 2896 5 22 f
1308 2890 105 26 Cooper's
1423 2897 67 20 ware,
1501 2890 54 22 such
1566 2897 24 15 as
1598 2890 103 28 buckets,
1713 2891 88 28 churns,
1813 2891 57 27 tubs,

1252 2935 2 4 .
1281 2917 114 27 kneading
1404 2917 99 27 troughs,
1515 2918 40 21 &c.
1566 2918 40 21 &c.
1618 2918 41 23 &c.

1308 2943 98 23 Brushes
1416 2944 26 21 of
1453 2944 31 22 all
1493 2944 73 22 kinds.

1395 2979 45 14 AND
1451 2979 111 14 RECEIVED
1571 2979 28 14 BY
1609 2979 58 15 LATE
1679 2980 64 15 SHIPS
1750 2980 7 14 :

1310 2998 75 21 Prime
1397 2998 60 22 Cork
1465 2998 83 27 butter,

1252 3031 6 22 f
1308 3025 91 22 Bottled
1409 3028 77 23 porter
1496 3025 45 22 and
1550 3025 50 27 pale
1611 3025 42 27 ale,
1664 3028 13 19 3
1689 3026 47 22 doz.
1748 3033 69 20 cases,

1252 3066 2 14 j
1308 3052 77 22 Dutch
1395 3052 86 26 cheese,
1495 3052 102 26 oatmeal,
1609 3053 45 21 and
1664 3052 77 28 barley
1751 3052 67 28 meal,

1309 3078 93 28 Pickles,
1415 3078 109 28 mustard,
1535 3086 85 20 sauces,
1633 3079 71 22 salted
1715 3080 92 27 salmon,

1309 3106 90 21 Hawes'
1420 3105 97 23 London
1534 3113 60 20 soap,
1614 3106 80 22 mould
1703 3106 97 28 candles,
1823 3107 49 27 &c,

1282 3134 42 21 &c.

1523 3160 25 22 T.
1560 3160 34 22 M.
1604 3160 137 22 Partridge
1751 3161 46 22 and
1807 3161 39 21 Co.

1252 3235 1 6 .
1486 3215 68 21 FOR
1568 3215 97 21 SALE.

1252 3262 3 9 r
1298 3250 18 21 A
1347 3249 107 22 LARGE
1465 3249 50 22 well
1528 3249 57 22 built
1593 3253 65 24 punt,
1668 3250 73 23 which
1755 3250 46 23 will
1811 3258 65 20 carry

1252 3289 2 14 i
1280 3276 53 22 iJL
1359 3276 69 22 about
1438 3276 62 28 eight
1514 3279 56 24 tons,
1581 3283 26 15 or
1622 3278 57 22 4000
1688 3278 46 22 feet
1749 3278 25 22 of
1786 3278 89 22 timber.

1281 3303 63 27 Sails,
1353 3309 57 21 oars,
1418 3304 40 21 &c.
1467 3303 116 27 complete.

1252 3349 2 13 r
1308 3330 44 22 For
1357 3330 132 28 particulars
1496 3330 66 28 apply
1572 3333 23 19 to

1395 3361 30 13 ''
1529 3358 23 21 I.
1564 3358 33 21 Mi
1607 3357 136 25 Partridge
1753 3360 45 22 and
1808 3360 40 22 Co.

1252 3385 1 11 '
1280 3391 3 7 '
1308 3384 81 22 March
1393 3384 64 28 -26tb,
1468 3385 61 21 1841.

1252 3412 1 11 >

1252 3431 2 35 I
1507 3439 44 22 For
1571 3439 58 28 Sale,
1649 3441 40 22 the
1710 3448 63 20 cargo
1794 3440 26 23 of
1838 3440 39 23 the

1282 3465 30 24 JL
1356 3466 109 23 schooner
1476 3468 84 20 Jewess.

1367 3498 11 6 -'
1397 3492 6 7 '
1558 3494 114 22 Bethune
1683 3494 45 22 and
1738 3494 110 23 Hunter.

1397 3534 7 7 >
1431 3518 17 32 ;f
1489 3524 12 25 'I
1504 3536 3 5 :
1524 3526 8 8 '
1555 3521 26 22 T.
1591 3521 33 20 M.
1636 3521 136 23 Partridge
1782 3522 46 22 and
1836 3522 40 22 Co.

1284 3577 45 20 TO
1340 3576 222 21 GENTLEMEN
1571 3576 115 21 GOING
1697 3577 43 20 TO
1751 3577 126 21 WANG-

1252 3600 3 20 I
1403 3603 93 21 ANUI
1511 3603 46 21 OR
1571 3603 72 21 THE
1658 3603 97 21 BUSH.

1285 3636 89 49 FOR
1388 3636 87 27 SALE,
1493 3638 22 19 at
1533 3636 37 21 the
1590 3637 77 21 Stores
1686 3636 26 22 of
1731 3636 38 22 the
1787 3636 90 22 Under-

1358 3663 86 27 signed,
1456 3670 14 15 a
1479 3663 62 27 large
1557 3664 103 27 quantity
1677 3663 28 22 of
1715 3663 53 27 first,
1784 3663 92 27 second,

1252 3702 9 10 r
1284 3690 46 22 and
1353 3689 60 22 third
1435 3690 88 28 quality
1541 3689 92 28 biscuit,
1653 3690 125 22 warranted
1803 3690 74 27 newly

1252 3736 5 15 g
1282 3717 82 27 baked,
1376 3717 45 22 and
1431 3720 23 19 at
1463 3717 114 22 moderate
1588 3717 80 27 prices.
1710 3715 12 9 *

1313 3751 54 28 Any
1376 3751 131 28 gentleman
1519 3758 41 15 can
1569 3750 59 22 have
1639 3750 35 23 his
1684 3758 48 15 own
1740 3750 57 23 flour
1803 3750 75 23 baked

1252 3790 5 14 b
1284 3779 49 22 into
1341 3779 87 27 biscuit,
1440 3779 22 21 if
1472 3778 111 29 required.

1555 3806 146 21 Archabald
1711 3805 135 22 Anderson.

1312 3833 146 27 Wellington,
1470 3832 79 23 March
1560 3834 33 25 18,
1603 3833 63 21 Itf4l.

1252 3903 4 6 -
1296 3889 78 23 li^O
1393 3889 87 26 SALE,
1501 3896 14 14 a
1533 3888 64 23 small
1614 3889 105 26 quantity
1734 3889 27 21 of
1778 3888 101 27 superior

1257 3912 6 26 i
1286 3911 33 26 -IT
1359 3915 79 23 SEED
1453 3915 123 23 WHEAT.
1607 3915 78 29 Apply
1701 3920 23 18 to
1740 3915 45 23 Mr.
1800 3915 79 24 James

1256 3939 2 23 I
1287 3941 68 28 Watt,
1366 3942 162 32 Wellington.^

667 124 190 48 FOR'SALE.'
871 124 37 21 the
922 121 51 24 best
988 124 75 21 native
1077 123 57 21 built
1143 122 70 23 house
1223 131 15 14 oi

738 150 37 22 the
790 150 79 27 beach,
884 151 28 21 54
928 150 46 22 feet
988 150 32 27 by
1033 151 33 26 20,
1084 157 54 19 very
1154 150 84 27 superio:

667 176 56 22 roof.

693 202 132 22 Immediate
834 203 125 26 possession
969 209 42 15 can
1020 202 29 21 be
1057 202 74 27 given.
1147 202 75 27 Apply
1229 205 9 18 t<

972 228 81 22 Waitt
1063 228 46 22 and
1117 228 108 22 Tinline.

691 255 144 27 Wellington,
845 254 79 23 March
934 256 33 26 18,
979 256 62 21 1841.

666 308 133 33 rpHREE
813 307 172 22 THOUSAND
999 307 79 22 FEET
1087 308 100 26 superior
1195 307 43 21 half

672 329 29 28 JL
738 334 54 23 inch
810 334 79 26 Cedar,
907 334 36 21 for
959 334 102 26 building
1079 335 45 20 and
1140 334 98 27 repairing

667 362 69 21 boats.

971 385 82 22 Waitt
1063 385 46 22 and
1117 385 106 23 Tinline.

692 413 143 27 Wellington,
847 412 123 28 March'J-8,
982 414 60 19 1841.

665 467 89 48 FOR
776 466 86 27 SALE,
883 473 14 14 a
914 466 104 28 quantity
1034 466 25 21 of
1079 466 53 21 OIL
1149 466 89 22 BUTTS

737 493 77 27 Apply
824 496 23 18 to

835 519 132 27 Ridgways,
979 518 106 27 Guyton,
1096 518 46 22 and
1151 519 72 22 Earp.

665 576 67 46 TO
754 574 39 22 BE
814 574 60 22 LET
888 574 43 22 ON
950 574 87 26 HIRE,
1057 581 14 14 a
1090 574 83 26 Strong
1191 574 47 22 Buil

740 602 79 26 Barge,
839 600 91 27 capable
950 600 26 21 of
990 600 104 27 carrying
1110 600 54 21 Two
1183 600 55 22 Tons

665 628 76 27 Apply
750 632 23 17 at
781 628 39 21 the
830 628 75 21 Stores
915 626 26 23 of

921 654 95 21 Robert
1030 653 57 27 Tod,
1103 652 135 28 Wellington

662 707 54 25 [TO
734 707 247 20 LANDOWNERS
1004 708 75 20 AND
1093 706 145 22 AGENTS.

662 739 177 49 WANTED
854 739 32 27 by
895 739 36 22 the
948 739 66 22 Land
1030 740 148 27 Association,
1192 743 46 19 towr

745 773 61 14 acres
816 766 23 21 m
851 766 129 22 favourable
992 767 124 26 situations,
1128 767 46 21 and
1183 770 55 19 term:

662 793 18 22 if
688 792 130 23 reasonable
828 792 46 22 will
882 797 60 17 meet
950 793 128 22 immediate
1097 793 116 23 attention.

769 819 28 21 R.
809 819 77 27 Davis,
949 820 12 20 I

772 846 107 26 G.Scott,
955 847 12 28 J.
985 846 111 22 Trustees.

770 872 36 22 W.
814 872 28 22 A.
850 873 91 27 Cooper.
948 868 11 31 J

859 906 36 21 W.
905 907 31 22 H.
947 907 147 27 Bottomley,
1104 908 118 25 Secretary.

662 960 143 47 LAND
829 960 259 22 AGENCIES.
1088 960 40 22 TO
1152 961 86 22 LAND

738 986 182 22 HOLDERS.
920 986 48 23 The
987 986 156 28 Undersigned
1161 988 44 26 beg
1228 991 10 18 t<

663 1013 55 22 offer
726 1013 134 22 themselves
870 1016 23 18 to
902 1013 58 22 their
968 1013 86 22 friends
1064 1013 45 22 and
1122 1013 38 22 the
1176 1014 62 27 publi<

662 1047 24 14 as
696 1040 86 26 Agents
792 1040 35 21 for
835 1039 39 22 the
884 1039 95 28 disposal
987 1040 27 21 of
1020 1040 69 21 Town
1099 1040 44 21 and
1151 1040 87 28 Countrj

663 1066 82 27 Lands,
756 1066 45 21 and
809 1070 60 18 trust
877 1066 58 22 their
944 1066 97 22 colonial
1052 1066 133 32 experience
1199 1075 39 20 maj

663 1093 77 22 entitle
750 1093 62 21 them
821 1096 23 18 to
855 1100 13 14 a
880 1093 63 22 share
954 1093 26 21 of
990 1093 38 22 the
1037 1093 75 27 public
1121 1097 117 24 patronage

689 1119 63 28 They
761 1119 45 22 will
815 1120 28 21 be
853 1119 74 28 happy
937 1123 23 18 to
969 1127 94 20 arrange
1076 1120 36 21 for
1120 1120 46 21 and
1176 1128 62 20 super-

662 1146 78 21 intend
750 1146 38 21 the
797 1153 93 20 surveys
897 1147 44 20 and
948 1147 159 21 sub-divisions
1115 1147 25 20 of
1147 1147 37 21 the
1189 1147 49 22 land

663 1173 89 21 Liberal
761 1173 112 21 advances
882 1173 44 22 will
940 1173 28 22 be
983 1173 65 22 made
1058 1180 30 15 on
1097 1173 65 22 lands
1172 1174 66 26 placec

662 1199 22 22 m
695 1199 57 22 their
760 1199 73 22 hands
840 1200 35 21 for
882 1200 53 21 sale.
964 1199 64 28 They
1034 1199 45 22 will
1086 1199 46 22 also
1139 1200 29 21 be
1173 1200 65 28 happj

662 1229 22 18 to
695 1227 64 20 assist
768 1226 135 28 proprietors
912 1227 24 20 m
945 1226 88 27 leasing
1044 1227 57 20 their
1109 1227 73 21 lands.

943 1253 63 22 John
1017 1253 45 22 and
1072 1253 58 22 Geo.
1140 1253 82 22 Wade.

689 1279 145 28 Wellington,
846 1280 51 21 Oct.
908 1280 19 27 7,
938 1281 61 20 1840.

799 1334 169 20 COUNTRY
986 1334 124 20 LANDS.

664 1366 163 49 SEVERAL
839 1367 99 27 Country
949 1366 101 22 Sections
1058 1370 23 18 to
1089 1366 43 22 Let
1140 1366 22 22 m
1173 1367 65 21 Farms

714 1393 26 21 of
747 1395 38 20 100
802 1401 69 19 acres,
883 1400 24 14 or
919 1396 51 24 part
979 1394 45 20 will
1033 1394 27 20 be
1074 1393 144 23 sub-divided
1227 1397 11 19 tc

662 1420 45 22 suit
717 1420 126 22 Gardeners
855 1419 45 22 and
909 1420 81 22 others.
1022 1420 74 27 Apply
1106 1423 22 18 to

1005 1446 86 22 Henry
1102 1447 36 21 St.
1149 1447 71 21 Hill.

662 1501 174 20 BUILDING
869 1501 236 21 ALLOTMENTS
1133 1501 45 21 TO
1205 1501 33 21 BE

918 1528 75 20 LET.

662 1561 52 48 A
727 1561 136 21 NUMBER
882 1561 25 21 of
921 1561 71 22 Town
1009 1561 72 21 Acres
1097 1561 24 21 m
1137 1561 39 22 the
1193 1569 45 14 mos:

741 1587 110 22 desirable
862 1587 117 22 situations
995 1588 24 21 m
1030 1587 145 28 Wellington,
1187 1592 22 18 to
1222 1589 16 21 bt

663 1615 30 20 let
710 1621 29 14 on
755 1614 61 21 lease
835 1621 27 14 or
881 1615 123 25 otherwise,
1026 1615 44 21 and
1088 1615 45 20 will
1152 1616 29 21 be
1200 1616 38 21 sub-

662 1641 90 21 divided
759 1644 23 18 to
798 1641 45 22 suit
852 1644 96 18 tenants.
978 1641 68 22 Plans
1060 1641 45 22 and
1118 1642 120 26 particulars

662 1675 52 20 may
724 1668 27 21 be
761 1668 73 21 learnt
844 1675 30 14 on
884 1668 134 27 application
1030 1671 22 18 to

1008 1695 86 21 Henry
1105 1695 35 22 St.
1152 1695 70 22 Hill.

765 1750 106 20 TOWN
886 1750 112 20 ACRES
1013 1751 43 20 TO
1071 1750 74 21 LET.

662 1783 179 49 NUMBERS
853 1790 30 14 on
893 1783 36 22 the
940 1783 241 28 Surveyor-General's
1191 1791 47 20 map

801 1811 41 21 510
950 1812 42 20 2G3
1102 1812 26 20 98

688 1844 44 22 For
740 1844 132 28 particulars
881 1845 66 27 apply
957 1848 23 19 to
990 1844 107 28 Wallace,
1108 1844 83 28 White,
1206 1853 32 14 anc

662 1871 106 22 Wallace.

811 1920 44 20 TO
875 1919 70 21 THE
965 1920 135 20 PUBLIC.

663 1952 119 35 rpOWN
799 1953 105 26 ACRES,
915 1961 26 14 or
948 1953 101 27 portions
1063 1954 26 21 of
1102 1953 69 22 Town
1182 1961 56 14 acres

669 1975 29 27 X
723 1983 22 18 to
754 1980 29 21 be
792 1980 37 26 let,
846 1980 35 21 for
889 1979 54 27 long
961 1987 24 14 or
994 1980 62 21 short
1066 1983 67 18 terms
1143 1981 26 21 of
1180 1987 58 20 years

662 2006 22 21 m
702 2013 67 19 every
779 2009 49 24 part
846 2006 26 21 of
886 2006 146 26 Wellington.

688 2032 44 23 For
748 2032 131 28 particulars
893 2032 67 28 apply
971 2036 21 18 to

819 2065 36 23 W.
868 2066 28 21 V.
907 2067 108 26 Brewer,
1025 2066 199 22 barrister-at-law.

689 2100 195 26 Manners-street,
896 2100 146 27 Wellington,

769 2126 80 22 March
861 2128 32 26 19,
905 2128 61 21 1841.

766 2182 106 20 TOWN
888 2182 113 21 ACRES
1016 2182 44 21 TO
1075 2182 74 21 LET.

663 2215 178 49 NUMBERS
853 2222 29 15 on
893 2215 36 22 the
941 2216 241 27 Surveyor-General's
1192 2222 46 21 map

777 2244 43 20 438
901 2243 41 21 553
1027 2243 39 22 627
1148 2245 42 21 775

689 2270 44 21 For
742 2269 139 28 particulars,
893 2270 67 27 apply
970 2272 22 19 to

818 2303 37 21 W.
867 2303 26 21 B.
903 2303 109 27 Brswer,
1022 2303 202 24 barrister-at-law.

766 2358 106 21 TOWN
887 2359 114 21 ACRES
1015 2360 45 20 TO
1074 2361 75 24 LET,

662 2392 179 49 NUMBERS
857 2399 30 15 on
896 2392 37 22 the
943 2393 240 28 Surveyor-General's
1193 2402 45 19 map

797 2420 40 21 199
933 2422 42 20 470
1070 2422 41 21 288

797 2448 41 20 168
933 2448 42 20 559
1070 2449 43 20 314

797 2474 41 20 156
935 2475 41 20 196
1070 2475 42 22 310

796 2501 42 21 423
934 2502 42 21 306
1070 2502 44 21 424

810 2527 29 22 47
934 2528 41 21 305
1072 2528 40 22 723

796 2555 39 21 561
935 2556 41 21 167
1070 2556 42 21 343

689 2580 54 23 And
752 2589 70 20 many
832 2580 75 23 others
915 2582 25 21 m
950 2582 38 21 the
999 2584 59 19 most
1071 2582 109 24 desirable
1194 2587 44 24 pari

662 2608 26 22 of
698 2608 38 21 the
747 2611 67 20 town.
843 2608 45 22 For
896 2609 134 27 particulars
1044 2609 68 28 apply
1121 2613 22 18 to

1064 2643 22 22 J.
1097 2643 35 22 W.
1144 2644 81 23 Child.

690 2668 86 28 Petoni,
788 2668 60 22 Nov.
858 2670 35 25 30,
904 2670 62 21 1840.

781 2724 44 20 TO
840 2724 45 20 BE
900 2724 85 23 SOLD
999 2725 47 20 OR
1060 2725 76 26 LET,

665 2757 164 49 SEVERAL
848 2757 69 22 Town
935 2758 45 22 and
997 2758 101 28 Country
1116 2759 100 23 Sections
1232 2768 6 14 o

729 2784 73 22 Land.
830 2784 78 27 Apply
917 2787 24 19 to

983 2811 95 23 Robert
1088 2812 27 23 R.
1127 2813 100 23 Strang.

664 2866 91 48 THE
778 2865 159 27 Undersigned
954 2866 59 22 have
1031 2867 70 22 Town
1120 2867 72 23 Acres
1209 2876 29 14 am

738 2893 100 27 portions
859 2893 26 21 of
901 2900 63 15 acres
980 2897 24 18 to
1018 2893 33 23 let
1063 2894 25 22 m
1107 2894 29 22 all
1152 2898 61 25 parts
1232 2904 6 14 o

663 2919 147 28 Wellington.
823 2919 49 23 The
884 2923 66 19 terms
958 2921 45 21 will
1007 2921 28 22 be
1042 2921 67 26 given
1116 2929 61 20 upon
1185 2923 53 28 appli

663 2947 84 21 cation.

939 2974 99 22 Hanson
1049 2975 47 22 and
1109 2975 117 23 Alzdorf.

664 3027 165 49 SEVERAL
843 3028 71 22 Town
929 3029 109 27 Sections,
1055 3029 46 22 and
1116 3031 100 26 portions
1233 3039 5 14 o

728 3055 108 28 Sections,
847 3055 25 22 m
890 3059 58 19 most
965 3055 109 23 desirable
1090 3057 124 28 situations,
1232 3062 6 17 t

662 3082 27 22 be
700 3082 31 22 let
740 3090 29 14 on
780 3082 68 22 lease.

689 3109 44 23 For
741 3109 67 28 plans
817 3109 46 22 and
872 3109 139 28 particulars,
1023 3109 66 29 apply
1100 3114 22 18 to

1088 3137 29 22 R.
1132 3138 94 23 Stokes.

689 3163 146 28 Wellington,
846 3163 80 23 March
937 3165 32 26 18,
982 3165 61 21 1841.

662 3219 174 20 BUILDING
855 3219 238 20 ALLOTMENTS
1116 3219 45 22 TO
1178 3220 60 21 LET

663 3252 91 48 THE
773 3252 202 22 ADVERTISER
990 3252 66 22 offers
1072 3260 60 20 upon
1148 3253 90 28 Buildinj

738 3279 89 27 Leases,
839 3286 14 14 a
863 3280 96 22 number
968 3279 26 22 of
1005 3279 70 22 Town
1084 3279 138 24 Allotments
1230 3281 8 22 ii

662 3306 38 22 the
710 3310 59 18 most
778 3306 110 22 desirable
897 3309 62 25 parts
968 3306 26 22 of
1005 3306 44 22 this
1060 3306 139 24 Settlement.

688 3340 49 21 The
755 3340 113 21 attention
885 3340 25 22 of
927 3340 39 21 the
982 3339 77 29 public
1075 3340 20 21 is
1110 3341 128 31 particular!;

662 3366 73 23 called
752 3370 24 18 to
795 3367 39 22 the
853 3366 125 28 advantage
998 3366 27 22 of
1041 3366 106 28 Building
1164 3368 74 23 Leases

662 3393 74 23 which
745 3393 38 23 the
792 3393 153 28 undersigned
954 3394 19 21 is
984 3393 97 22 enabled
1089 3397 23 19 to
1121 3398 73 24 grant,
1202 3396 36 21 viz.

662 3421 58 22 from
730 3428 69 15 seven
809 3424 23 18 to
849 3424 139 25 twenty-one
1006 3428 72 20 years,
1096 3422 121 28 according
1232 3426 6 19 t

663 3448 38 21 the
719 3448 66 22 value
804 3448 26 21 of
851 3448 38 22 the
911 3448 116 28 buildings
1047 3449 112 27 proposed
1180 3452 23 20 to
1226 3450 12 23 b

663 3475 96 22 erected.

966 3502 26 22 F.
1008 3502 29 22 A.
1053 3502 174 24 MOLESWORTH.

893 3557 45 21 TO
952 3557 76 21 LET.

663 3590 190 50 BUILDING
870 3591 209 22 ALLOTMENTS
1087 3599 34 14 :
1121 3592 14 22 7
1153 3593 85 26 buildinj

740 3617 139 28 allotments,
890 3625 29 15 on
929 3618 127 28 improving
1065 3619 78 28 leases,
1154 3620 24 21 m
1188 3620 50 23 Well

663 3645 80 27 ington
752 3645 104 22 Terrace.
885 3644 86 27 Terms,
982 3652 56 25 very
1046 3645 86 23 liberal.

691 3672 63 27 Also,
774 3671 66 22 small
856 3671 77 28 farms,
949 3673 14 20 3
978 3673 96 21 sections
1085 3673 26 22 of
1121 3673 55 22 land
1185 3674 23 21 m
1219 3674 19 22 th

663 3698 24 22 m
707 3699 38 21 the
763 3698 85 22 second
866 3698 74 27 series,
959 3702 22 18 to
995 3699 29 22 be
1041 3699 31 22 let
1081 3700 22 21 m
1115 3701 100 27 portions
1232 3709 6 14 o

663 3728 42 19 not
713 3725 42 22 less
766 3725 54 22 than
830 3727 28 20 25
868 3733 68 20 acres,
948 3733 30 15 on
993 3726 128 28 improving
1137 3727 81 29 leases,
1234 3736 4 14 a

664 3760 57 14 soon
731 3760 24 14 as
765 3752 107 22 selected.

693 3779 124 22 Particular
827 3779 111 22 attention
947 3780 19 22 is
976 3779 73 23 called
1056 3782 23 20 to
1087 3780 37 23 the
1132 3781 106 29 advantag

665 3806 26 22 of
701 3806 128 28 improving
838 3807 78 22 leases.

830 3833 78 28 Apply
917 3836 23 19 to
950 3834 64 22 John
1025 3834 46 22 and
1081 3834 58 23 Geo.
1147 3836 82 23 Wade.

665 3887 97 49 JUST.
773 3887 134 27 OPENED,
924 3888 91 23 various
1030 3888 67 25 kinds
1112 3890 27 22 of
1155 3890 83 24 WRAI

729 3914 79 24 PING
820 3914 111 23 PAPER.

816 3941 15 25 '
846 3941 78 25 Office,
937 3942 51 22 Jan.
1001 3942 19 24 7,
1034 3944 59 21 1841.

79 3704 139 24 Rational
230 3704 170 23 Amusement
409 3711 30 16 of
447 3703 187 27 Legislators.

80 3737 35 24 At
120 3737 250 31 Marlborough-street
374 3736 73 32 police
453 3737 73 30 office,
533 3738 30 24 T.
571 3739 64 23 Red-

46 3772 88 30 ington,
156 3770 59 31 Esq.
232 3770 78 30 M.P.,
331 3770 45 24 and
394 3770 49 25 Mr.
463 3770 101 31 Morgan
576 3772 61 24 John

46 3803 140 30 O'Connell,
209 3804 96 32 nephew
317 3804 28 23 of
366 3803 47 24 Mr.
439 3804 33 24 D.
498 3804 137 30 O'Connell,

47 3838 80 29 M.P-i
134 3845 59 16 were
204 3837 100 32 brought
314 3837 78 24 before
400 3838 48 24 Mr.
458 3837 83 32 Laing,
554 3838 83 32 charg-

46 3873 29 23 ed
86 3871 55 23 with
152 3871 85 31 having
248 3879 61 23 rung
320 3871 39 24 the
369 3871 61 24 bells
442 3875 24 20 at
477 3871 38 24 the
535 3871 67 24 doors
614 3873 24 23 of

46 3914 15 15 a
71 3904 97 24 number
185 3904 25 24 of
223 3905 86 23 houses
333 3904 24 24 m
381 3904 188 33 Jermyn-street,
592 3906 46 24 and

47 3937 62 24 fined
122 3939 53 22 40s.
186 3937 64 24 each.
