2550 4060
1391 1325 158 27 Wednesday,
1567 1327 87 21 March
1670 1329 19 24 9,
1707 1329 60 21 1342.

1940 1260 52 24 The
2014 1260 105 31 building
2140 1265 23 19 to
2180 1261 29 23 be
2228 1261 89 23 erected
2334 1259 31 31 by
2383 1259 38 25 the
2442 1260 57 24 New

1906 1293 103 24 Zealand
2028 1293 125 32 Company,
2165 1294 35 23 for
2218 1294 38 23 the
2272 1294 122 30 reception'
2402 1294 26 23 of
2443 1296 56 22 enri-'

1906 1332 87 26 grants,
2007 1328 19 22 is
2039 1332 22 18 to
2076 1327 27 24 be
2117 1328 25 22 of
2159 1327 64 24 brick
2237 1332 40 18 not
2289 1327 70 28 wood,
2379 1334 25 16 as
2416 1331 23 19 at
2449 1328 50 24 first

1907 1360 116 24 intended.
2061 1360 94 24 Several
2163 1361 137 24 substantial
2308 1360 66 24 brick
2383 1360 115 32 buildings

1906 1402 37 16 are
1956 1402 51 15 now
2025 1394 72 31 rising
2109 1394 58 24 from
2181 1394 59 24 their
2252 1394 147 24 foundations
2417 1395 24 22 in
2454 1394 43 24 dif-

1905 1428 74 23 ferent
1992 1432 62 26 parts
2066 1428 25 23 of
2105 1428 38 23 the
2157 1433 58 18 town
2226 1437 6 20 ;
2252 1428 45 23 and
2310 1436 23 15 as
2347 1427 38 23 the
2397 1435 99 24 expense

1906 1461 26 23 of
1939 1461 79 23 bricks
2035 1461 21 23 is
2068 1461 53 31 only
2133 1469 43 16 one
2195 1461 61 24 third
2273 1465 90 27 greater
2381 1460 54 24 tban
2447 1461 49 24 that

1906 1495 26 22 of
1946 1494 72 29 wood,
2038 1495 20 22 it
2071 1495 19 22 is
2103 1500 22 17 to
2137 1494 29 25 be
2184 1494 75 32 hoped
2272 1496 48 22 that
2334 1496 25 22 in
2372 1494 75 24 future
2461 1495 36 24 the

1906 1536 62 15 more
1986 1528 49 24 safe
2053 1528 45 23 and
2117 1527 101 30 durable,
2233 1528 44 24 and
2295 1529 24 23 in
2335 1527 39 24 the
2395 1527 50 26 end,
2464 1529 34 23 far

1906 1561 96 30 cheaper
2014 1561 111 29 material,
2138 1561 47 24 will
2198 1561 28 24 be
2237 1560 124 31 preferred.

1941 1623 51 23 Our
2009 1622 60 31 good
2087 1623 91 30 opinion
2193 1623 25 23 of
2228 1622 38 24 the
2283 1624 123 30 emigrants
2418 1623 31 31 by
2461 1623 37 24 the

1905 1656 97 23 Birman
2023 1656 41 23 has
2083 1656 60 23 been
2162 1656 125 24 confirmed
2297 1666 6 20 ;
2326 1664 68 23 many
2413 1656 83 32 having

1907 1690 69 22 taken
1987 1689 61 31 plots
2059 1690 25 23 of
2092 1694 61 19 town
2165 1689 54 24 land
2232 1691 43 23 and
2287 1689 145 24 commenced
2444 1698 53 22 pre-

1906 1723 116 30 parations
2040 1723 36 23 for
2094 1723 95 31 fencing
2207 1723 63 24 them
2292 1724 25 23 iv
2334 1722 44 25 and
2399 1724 99 31 erecting,

1907 1760 110 25 cottages.
2049 1776 3 4 .

909 330 110 14 IMPORTS.

697 358 28 23 Ix
738 365 46 15 the
820 358 84 21 Maria
1073 364 63 14 fiiom
1153 358 102 24 Boston,

667 388 34 19 via
711 387 83 20 Hobart
802 386 72 21 Town.
892 386 96 25 Original
996 391 64 21 cargo
1063 386 62 24 from
1134 386 79 19 Boston
1221 393 8 12 :—:
1230 396 26 4 —

668 415 25 19 25
705 414 78 20 barrels
794 419 52 17 rum,
859 414 24 19 10
894 414 62 21 hhds.
969 414 43 24 do.,
1024 414 26 20 61
1064 414 77 19 barrels
1152 413 53 23 beef,
1212 413 43 25 ,211

666 441 80 20 barrels
763 441 59 26 pork,
834 441 27 19 45
876 440 73 21 drums
966 441 43 19 hak
1019 441 48 23 fish,
1080 442 24 19 92
1122 440 64 20 boxes
1200 440 56 23 kids,

667 469 41 20 205
721 469 66 19 sticks
804 468 131 21 block-wood,
946 470 12 18 2
973 468 79 20 barrels
1067 468 61 20 naval
1143 470 76 21 stores,
1230 468 26 19 44

666 496 64 19 boxes
746 501 71 21 syrup,
828 496 26 20 32
873 495 34 20 do.
1029 496 13 19 2
1060 496 35 20 do.
1104 494 100 26 ketchup,
1217 494 39 21 192

667 523 78 20 barrels
765 523 60 23 flour,
844 523 27 19 35
890 522 65 21 boxes
976 522 117 24 chocolate,
1109 522 27 20 31
1155 522 101 26 packages

666 550 64 24 snuff,
742 551 11 19 1
765 550 67 20 barrel
842 550 72 26 spirits
930 550 130 25 turpentine,
1073 550 26 20 23
1116 550 61 19 boxes
1188 555 69 20 sperm

666 577 92 25 candles,
768 578 13 19 2
799 577 33 20 do.
844 583 57 19 soap,
915 577 75 22 15,000
1009 577 48 26 pipe
1075 579 74 21 staves,
1162 576 27 20 43
1205 576 52 26 kegs

666 604 53 24 lard,
729 606 13 18 4
759 605 63 19 boxes
838 604 64 24 cider,
920 605 13 19 3
948 604 79 20 barrels
1043 604 60 20 dried
1118 602 88 28 apples,'
1216 604 40 19 119

666 632 36 20 do.
713 632 54 24 pilot
869 632 26 19 55
913 631 103 26 packages
1032 631 136 23 domesticks,
1178 631 13 19 4
1206 631 51 25 kegs

666 659 79 24 butter,
758 659 12 20 7
789 659 61 19 boxes
868 659 76 25 cigars,
954 659 28 20 86
993 664 55 18 oars,
1059 659 27 20 87
1101 658 101 27 packages
1212 658 45 20 fur-

667 687 77 23 niture,
756 686 26 20 18
798 686 34 20 do.
843 686 87 20 wooden
947 692 62 17 ware,
1021 687 10 19 1
1043 685 42 21 box
1101 691 59 15 razor
1177 687 79 24 strops

666 715 13 19 4
690 716 57 17 nests
757 713 57 21 work
824 713 70 24 boxes,
908 714 9 19 1
936 713 92 26 package
1045 713 94 24 tobacco,
1149 713 28 19 33
1192 712 64 26 pack-

667 747 49 19 ages
725 741 75 26 cigars,
815 741 13 19 2
839 741 60 19 casks
909 741 70 24 shoes,
993 741 23 19 T.
1029 741 25 19 S.
1065 741 92 24 Hooper.
1158 750 27 4 —
1190 740 67 20 Goods

666 769 87 24 shipped
770 769 23 19 at
810 768 84 20 Hobart
916 769 68 19 Town.
988 778 26 5 —
1016 767 40 21 126
1076 767 56 21 bales
1148 767 63 24 wool,
1230 767 25 20 24

666 796 47 20 half
724 796 53 24 kegs
786 795 93 21 tobacco.
880 806 28 4 —
909 796 58 20 John
981 795 71 24 Wade,
1061 795 76 25 Agent.

694 830 29 20 In
738 835 47 15 the
897 829 70 21 York
982 829 102 23 Packet,
1088 831 4 9 1
1097 829 4 8 '
1116 835 63 14 from
1193 829 63 20 Lon-

668 863 54 15 dow.
725 868 26 3 —
752 858 65 22 Hort,
829 857 102 24 Mocatta,
942 857 18 25 Sf
970 853 43 30 &0.,
1021 858 88 24 Agents.
1110 867 28 4 —
1139 856 39 21 340
1189 857 66 22 deals,

669 884 74 21 Order.
745 896 27 3 —
774 885 38 19 915
824 884 48 20 bars
885 885 57 23 iron,
952 884 28 20 46
996 885 60 19 casks
1068 884 78 20 bottled
1160 884 57 24 beer,
1228 884 27 20 40

668 912 59 21 hhds.
739 912 56 24 beer,
807 912 26 20 80
843 911 51 27 kegs
902 912 63 20 white
975 911 54 25 lead,
1041 912 28 19 22
1079 911 50 26 kegs
1140 911 66 26 paint,
1214 911 41 21 550

668 939 45 21 iron
725 941 56 24 pots,
791 939 37 20 160
838 939 64 20 boxes
912 945 59 20 soap,
979 940 12 19 5
1002 939 57 20 bales
1072 939 26 21 19
1108 945 57 13 cases
1176 938 80 21 British

666 966 73 26 good*,
765 968 12 19 4
800 967 124 23 millstones,
946 968 23 18 11
996 967 60 19 casks
1080 967 51 26 gin,.
1147 967 24 19 11
1197 972 58 14 cases

668 994 104 24 sundries,
783 995 12 19 7
809 993 60 21 casks
886 995 67 21 hams,
965 994 14 20 6
994 994 51 25 kegs
1061 994 77 25 barley.
1148 994 28 20 50
1194 994 62 20 casks

668 1021 60 26 pork,
736 1023 27 18 20
774 1021 60 21 casks
843 1021 60 24 wine,
912 1022 13 20 9
935 1025 67 17 crates
1014 1023 13 19 2
1036 1021 63 21 casks
1106 1021 152 24 earthenware,'

669 1050 101 25 Gregory.
778 1049 63 20 —350
858 1054 58 15 cases
930 1049 44 26 gin,
985 1049 12 20 8
1012 1049 63 20 casks
1090 1049 86 20 tobacco
1186 1049 68 25 pipes,

668 1077 12 20 8
692 1077 60 20 bhds.
768 1077 56 22 beer,
836 1077 9 19 1
862 1075 51 22 cask
927 1077 66 25 paint,
1003 1077 13 19 4
1028 1077 49 24 jugs
1092 1077 12 19 3
1118 1075 61 22 casks
1189 1076 38 25 oil,
1242 1077 12 19 5

668 1110 57 14 cas^s
736 1104 11 19 1
763 1103 76 21 bundle
853 1104 103 24 sundries,
971 1105 13 19 3
998 1103 58 21 bales
1071 1103 43 24 do.,
1134 1104 10 19 1
1162 1105 68 23 stone,
1243 1104 11 20 1

667 1132 52 20 hhd.
728 1131 155 26 ironmongery,
892 1132 12 19 4
913 1131 83 21 trucks.
1004 1132 13 19 6
1029 1131 45 26 pair
1082 1131 81 23 wheels,
1174 1138 11 12 v
1197 1137 57 14 cases

669 1160 55 22 shot,
734 1160 14 19 2
758 1158 50 20 rolls
818 1158 53 24 lead,
886 1159 26 19 21
925 1165 57 14 cases
993 1158 104 25 sundries,
1108 1158 26 20 20
1146 1158 87 21 bundles
1242 1160 12 18 4

668 1186 60 21 casks
747 1187 27 19 20
789 1185 49 26 kegs
854 1186 62 24 ditto,
931 1186 14 20 3
961 1186 76 21 trunks
1056 1186 24 20 11
1092 1192 56 13 cases
1160 1186 10 19 1
1186 1186 45 20 bale
1244 1187 10 18 1

668 1214 50 21 cask
733 1214 12 19 C)
767 1213 85 20 bundles
868 1214 61 23 ditto,
949 1214 31 19 61.
993 1220 57 13 cases
1068 1214 162 25 British.goods,
1243 1214 11 19 I

668 1241 50 20 cask
728 1242 12 19 2
751 1240 70 25 hhds.,
832 1242 11 19 8
855 1247 66 16 cases,
930 1242 14 19 4
956 1242 63 23 bales,
1031 1243 12 18 2
1056 1240 57 27 kegs,
1125 1241 9 19 1
1153 1240 101 27 package,

669 1270 10 19 1
692 1268 72 24 trunk,
777 1268 12 20 6
802 1274 64 18 cases,
879 1269 9 19 1
901 1268 85 24 bundle,
1000 1270 9 18 I
1021 1275 56 20 spar,
1090 1269 24 20 17
1126 1274 56 14 cases
1192 1269 62 24 wine,

668 1297 12 20 9
691 1298 75 18 tierces
777 1296 52 24 beef,
840 1296 10 20 1
862 1296 65 20 tierce
942 1299 39 20 tar,
994 1296 10 20 7
1016 1303 57 14 c«&es
1091 1296 80 20 British
1180 1297 74 24 goods,

668 1325 26 20 3i)
709 1330 58 13 cases
784 1324 60 24 nails,
854 1324 14 19 3
878 1324 57 20 balet
950 1324 80 19 British
1039 1324 74 25 goods,
1125 1324 11 19 1
1146 1329 47 14 case
1208 1324 46 24 do.,

668 1352 12 19 2
692 1352 64 26 butts,
770 1352 10 19 1
791 1357 52 20 case,
855 1352 13 19 4
879 1351 65 23 bales,
956 1352 24 19 10
1000 1352 61 19 hhds.
1073 1352 55 23 beer,
1141 1352 24 19 15
1177 1351 78 21 barrels

668 1380 12 19 2
692 1385 56 14 cases
766 1379 26 20 20
810 1378 60 21 casks
881 1379 56 24 beer,
949 1379 25 20 95
993 1385 57 14 cases
1068 1378 81 21 bottled
1158 1379 44 23 do.,
1215 1380 39 20 100

668 1406 60 21 casks
744 1406 61 26 pork,
821 1407 24 19 10
864 1406 61 21 casks
942 1407 25 19 20
988 1410 86 22 quarter
1089 1406 59 20 casks
1164 1406 62 26 wine,
1243 1408 11 19 1

668 1440 55 17 case,
741 1433 72 21 Order.
815 1444 27 4 —
843 1433 12 19 2
876 1433 61 21 casks
955 1435 12 19 2
985 1440 64 19 cases,
1071 1435 9 19 1
1096 1437 63 21 crate,
1176 1434 10 20 8
1203 1433 52 28 kegs

668 1461 95 23 tobacco,
788 1461 120 21 Wicksteed.
909 1472 28 3 —
938 1463 13 18 2
970 1461 63 21 hhds.
1054 1463 12 19 8
1087 1464 84 24 quarter
1193 1463 63 20 uasks

668 1490 60 22 wine,
742 1489 143 20 Greenwad.—
892 1489 12 19 6
920 1491 84 24 quarter
1021 1489 62 21 casks
1101 1489 59 24 vine,
1169 1489 57 26 Day.
1228 1501 29 4 —

671 1517 7 19 I
692 1523 46 13 case
749 1517 79 19 British
838 1517 72 25 goods,
923 1517 30 20 H.
967 1517 42 19 and
1021 1517 24 21 T.
1062 1517 61 19 Cook.
1127 1527 24 4 —
1154 1517 10 19 1
1177 1516 54 25 bale,
1243 1519 10 19 1

668 1543 58 24 cask,
742 1545 13 19 2
770 1544 76 23 chests,
862 1545 13 18 2
889 1550 59 14 cases
965 1544 82 20 British
1060 1545 73 24 goods,
1149 1545 27 19 25
1191 1545 64 21 hhds.

668 1573 55 20 beer,
742 1572 70 20 Willis
826 1571 42 21 and
885 1570 25 21 Cq
912 1584 5 7 44
922 1582 26 4 —
949 1573 13 19 3
977 1578 65 19 cases,
1062 1573 73 25 Spain.
1137 1583 28 3 —
1167 1573 10 19 1
1195 1573 59 24 cask,

669 1599 118 26 Catchpool.
794 1609 28 5 —
829 1600 12 20 2
861 1597 90 23 bundles
974 1600 105 24 sundries,
1104 1599 91 25 Telford.
1203 1611 30 4 —
1242 1602 13 18 2

667 1627 61 20 casks
743 1627 43 26 do.,
806 1627 91 25 Denyer.
898 1637 29 4 —
929 1628 17 18 1.
960 1626 71 27 truck,
1049 1627 10 19 1
1080 1627 45 26 pair
1143 1627 83 27 wheels,
1243 1629 10 18 1

666 1660 55 20 case,
727 1658 3 5 '
744 1660 4 4 '
753 1656 12 18 2
794 1654 89 21 bundles
913 1654 82 21 British
1024 1655 75 25 goods,
1124 1655 69 20 Yates.
1205 1666 28 4 —
1242 1658 14 18 4

667 1688 58 14 cases
746 1682 80 20 British
853 1682 74 25 goods,
949 1684 11 19 2
981 1682 61 20 hhds.
1062 1682 56 26 beer,
1136 1682 91 21 Ludlam
1229 1694 28 4 —

668 1710 26 19 II
719 1716 58 13 cases
801 1709 122 26 stationery,
949 1710 100 20 Collector
1075 1710 29 24 of
1127 1710 129 21 Customs.—

668 1738 40 19 151
728 1737 53 26 kegs
796 1737 60 22 nails,
867 1752 4 3 -
877 1738 83 19 Waters
980 1738 18 26 Sf
1016 1738 78 20 Smith.
1096 1748 27 4 —
1124 1738 12 19 3
1156 1744 66 18 cases,
1243 1740 13 19 2

666 1764 56 21 bales
732 1764 103 26 sundries,
845 1764 113 26 Ridgways
969 1764 18 27 Sf
999 1766 34 19 Co.
1038 1776 24 4 —
1064 1766 12 18 5
1089 1765 62 25 bales,
1162 1766 14 19 4
1189 1768 69 23 cases,'

669 1792 133 21 Warburlon,
805 1803 26 4 —
833 1792 26 21 f>9
883 1798 58 14 cases
964 1793 62 23 wine,
1047 1793 27 19 60
1092 1799 56 14 cases
1166 1793 90 27 brandy,

669 1820 67 20 Waitt
747 1820 18 26 8f
777 1820 68 26 Tyser.
848 1830 28 4 —
876 1821 12 19 2
900 1820 63 24 bales,
974 1820 13 19 6
996 1827 65 17 cases,
1075 1821 10 19 I
1097 1821 40 25 keg
1151 1821 104 24 sundries,

666 1847 10 20 1
688 1848 87 26 plough,
789 1847 106 21 Williams.
898 1858 29 3 —
927 1849 12 18 2
949 1854 56 14 cases
1019 1847 82 21 British
1109 1848 71 25 goods,
1191 1849 66 20 Bart-

666 1875 38 25 ley.
707 1886 27 4 —
734 1877 12 18 5
758 1882 57 13 cases
826 1876 60 20 boots
893 1875 119 26 and^hoes,
1024 1877 22 19 T.
1056 1876 88 25 Knight.
1146 1886 28 4 —
1174 1877 13 19 3
1195 1877 62 20 casks

665 1903 40 19 215
718 1909 57 14 cases
785 1903 43 25 gin,
848 1903 13 19 2
878 1903 61 19 casks
955 1903 67 24 l;.-.ms,
1043 1903 11 19 1
1072 1910 46 14 case
1136 1904 73 24 snuffs,
1229 1905 27 20 23

665 1937 58 13 cases
732 1931 12 19 3
756 1931 58 20 bales
832 1931 158 20 manufactured
1000 1931 76 25 goods,
1089 1931 24 20 12
1124 1931 60 21 casks
1193 1932 63 24 wine,

665 1959 26 19 20
700 1958 62 20 hhds.
775 1959 27 19 16
810 1961 84 24 quarter
904 1959 61 19 casks
977 1959 60 23 wive,
1050 1959 26 19 12
1092 1959 61 20 casks
1170 1960 13 20 8
1198 1966 59 14 cases

665 1986 88 26 brandy,
766 1987 13 19 6
786 1992 56 14 cases
852 1985 37 25 oil,
901 1987 27 19 32
935 1992 57 14 cases
1000 1987 61 22 wine,
1073 1987 13 19 3
1094 1987 61 20 hhds.
1162 1987 94 26 vinegar,

665 2014 13 20 2
699 2020 59 14 cases
775 2014 122 25 stationery,
919 2013 27 21 HO
965 2020 59 14 cases
1041 2014 51 20 beer
1106 2014 41 20 and
1162 2014 65 25 cidei^
1243 2016 14 19 6

664 2041 99 25 hampers
781 2042 134 25 champagne,
936 2042 13 18 4
969 2042 61 18 casks
1050 2042 11 18 1
1081 2042 39 24 bag
1139 2042 41 19 285
1198 2045 59 18 fcSses

665 2068 105 24 sundries,
791 2068 12 20 6
823 2074 58 14 cases
900 2068 70 24 shoes,
995 2068 12 19 6
1027 2068 63 20 bhds.
1109 2070 60 24 pork,
1183 2069 11 19 4
1205 2068 53 28 kegs

664 2099 98 22 tongues,
773 2096 27 19 50
810 2095 75 21 firkins
895 2096 79 23 butter,
984 2096 11 19 1
1007 2094 50 22 cask
1067 2101 105 20 sausages,
1184 2096 10 19 1
1206 2097 52 21 cask

665 2123 73 22 bacon,
751 2124 12 19 5
774 2124 75 19 tierces
866 2123 54 24 beef,
937 2124 11 19 1
964 2123 65 20 tierce
1045 2127 105 18 currants.
1169 2124 13 19 6
1198 2130 59 15 cases

664 2150 104 26 sundries,
782 2152 11 19 1
803 2151 64 20 tierce
878 2151 43 23 do.,
931 2151 60 20 Hort
999 2150 18 26 if
1026 2151 35 20 Co.

1941 1811 33 23 At
1986 1810 39 24 the
2037 1811 80 24 Police
2131 1811 76 24 Office
2217 1812 129 31 yesterday,
2362 1811 49 23 Mr.
2426 1811 72 23 Hals-

1908 1844 50 23 well
1969 1844 118 31 presiding
2098 1846 24 22 in
2131 1845 38 23 the
2181 1846 98 23 absence
2292 1846 25 22 of
2326 1844 50 24 Mr.
2387 1844 110 31 Murphy,

1910 1878 96 30 Captain
2020 1878 57 27 Cox,
2095 1879 24 22 of
2132 1879 37 23 the
2190 1874 96 34 Clifton,
2299 1886 47 16 was
2358 1878 61 23 fined
2437 1878 61 23 three

1908 1911 89 31 pound's
2009 1912 33 22 for
2055 1919 29 15 an
2103 1912 88 23 assault
2202 1920 30 15 on
2244 1920 29 16 an
2292 1913 113 30 emigrant
2416 1912 81 23 named

1910 1945 122 28 Millvvard,
2052 1945 53 23 with
2117 1945 84 31 liberty
2214 1950 23 19 to
2249 1946 72 31 speak
2333 1950 23 18 to
2369 1945 38 22 the
2419 1953 77 23 prose-

1908 1983 73 19 cutor.
2019 1978 24 24 It
2054 1979 114 31 appeared
2186 1979 51 24 that
2254 1978 125 29 Millward,
2392 1978 50 24 who
2455 1987 43 15 was

1908 2012 146 28 intoxicated,
2078 2020 46 15 was
2155 2013 108 31 standing
2289 2021 56 15 near
2374 2011 37 24 the
2437 2013 60 22 main

1908 2044 126 31 hatchway,
2047 2044 57 23 after
2117 2045 38 22 the
2168 2046 126 29 emigrants
2307 2045 45 23 had
2362 2045 59 22 been
2435 2045 61 22 three

1909 2078 65 22 times
1987 2077 95 23 ordered
2094 2082 23 18 to
2129 2077 64 23 leave
2207 2078 38 22 the
2265 2077 58 23 deck
2334 2075 46 25 and
2391 2084 30 23 go
2433 2076 63 24 down

1908 2110 78 29 below,
1997 2111 24 23 in
2033 2118 156 23 consequence
2202 2110 26 23 of
2244 2119 14 15 a
2268 2115 88 19 muster
2367 2117 30 16 on
2408 2109 58 24 deck
2477 2111 22 22 of

1910 2143 37 24 the
1965 2152 67 21 crew,
2049 2143 50 24 who
2119 2143 46 24 had
2188 2144 118 24 exhibited
2323 2143 135 24 indications
2477 2144 22 23 of

1908 2178 97 30 mutiny.
2042 2177 51 24 The
2106 2177 100 32 Captain
2217 2177 91 32 pushed
2319 2177 121 29 Millward,
2449 2177 47 23 who

1909 2210 39 24 fell
1967 2211 113 31 headlong
2097 2212 48 22 into
2159 2211 38 23 the
2211 2216 111 26 steerage,
2335 2210 74 24 where
2421 2211 28 23 he
2461 2218 33 16 re-

1910 2244 90 24 mained
2020 2244 123 24 insensible
2162 2245 35 23 for
2217 2252 29 16 an
2265 2244 58 24 hour
2341 2244 45 24 and
2409 2253 13 14 a
2441 2244 53 24 half.

1910 2277 40 24 He
1963 2286 44 15 was
2020 2279 132 22 afterwards
2165 2278 72 24 taken
2248 2279 48 23 into
2309 2278 38 24 the
2360 2277 80 32 cuddy,
2453 2277 41 24 and

1910 2312 83 23 treated
2014 2312 79 31 kindly
2109 2312 31 31 by
2153 2312 39 23 the
2205 2312 107 31 Captain,
2330 2311 45 25 and
2391 2311 37 24 the
2444 2316 52 18 next

1909 2345 43 31 day
1964 2353 45 16 was
2029 2345 50 24 able
2092 2350 22 19 to
2134 2345 60 24 walk
2214 2346 85 29 about,,
2304 2346 41 23 but
2360 2344 136 32 complained

1909 2378 25 23 of
1950 2379 127 29 weakness,
2098 2379 44 23 and
2162 2380 30 22 he
2210 2387 49 16 now
2279 2380 114 30 professes
2409 2378 90 23 himself

1910 2412 80 23 unable
2009 2420 23 16 to
2045 2413 63 23 work
2120 2417 24 18 at
2163 2413 36 23 his
2212 2413 107 24 business
2337 2412 25 24 of
2379 2420 14 15 a
2404 2418 89 24 sawyer.

1910 2446 97 31 Captain
2026 2446 51 24 Cox
2087 2446 46 24 had
2150 2446 106 24 received
2266 2451 65 26 great
2342 2446 149 32 provocation,

1908 2479 42 23 but
1960 2486 40 17 not
2012 2481 24 22 in
2048 2480 38 23 the
2098 2481 93 30 opinion
2204 2481 26 22 of
2246 2480 39 23 the
2298 2480 73 23 Court
2385 2479 110 24 sufficient

1908 2516 24 20 to
1939 2513 85 30 justify
2036 2522 29 15 an
2077 2514 97 24 assault.

817 2211 113 15 INWARDS
932 2216 27 4 —
961 2211 143 15 COASTWISE.

694 2241 29 20 IS
741 2247 48 14 THH
949 2246 65 15 FROM
1036 2241 149 21 WaNGANUI.
1231 2242 26 21 G.

666 2269 113 25 Schroder,
796 2269 76 26 Agent,
875 2279 26 5 —
903 2268 28 24 GJ
951 2272 49 17 tons
1022 2273 99 23 potatoes
1145 2269 43 20 and
1209 2270 49 20 iron

665 2297 66 18 work.

692 2331 30 21 In
745 2338 49 13 the
1191 2338 66 15 from

666 2359 105 25 Sydney,
787 2359 34 20 via
834 2360 141 20 Auckland.
978 2369 27 5 —
1010 2358 70 22 Wiliis
1090 2361 19 25 8f
1118 2361 42 26 Co.,
1167 2359 90 26 Agents.

664 2397 29 4 —
695 2387 10 20 1
717 2390 38 16 ton
765 2387 84 23 onions,
862 2387 75 21 Order.

694 2421 29 21 Iv
733 2427 48 14 the
917 2427 67 15 from
996 2421 91 22 Otago.
1090 2433 27 4 —
1119 2423 40 19 116
1168 2423 89 21 bundles

664 2449 49 20 iron
723 2449 64 26 hoop,
794 2450 26 19 45
827 2449 62 20 casks
894 2450 22 20 in
925 2449 87 25 sliooks,
1019 2451 26 19 20
1056 2450 89 20 bundles
1153 2451 104 23 sundries,

667 2477 24 19 10
703 2477 89 19 bundles
801 2477 129 23 whalebone,
939 2478 12 19 5
963 2477 33 21 do.
1007 2477 49 23 flax,
1071 2477 74 21 Order.

692 2511 30 20 la
735 2517 49 15 the
917 2517 65 15 from
998 2512 106 25 Nelson,
1116 2514 33 19 via
1162 2512 94 22 Rangi-

666 2544 66 15 toto.
734 2550 28 4 —
766 2540 69 20 Willis
852 2539 20 26 Sf
892 2540 43 23 Co.,
950 2540 86 25 Agents.
1039 2551 27 4 —
1069 2541 25 20 10
1109 2541 54 26 pigs,
1179 2536 13 24 S
1207 2544 49 17 tons

665 2569 105 23 potatoes,
781 2568 14 19 3
803 2567 61 20 casks
871 2567 61 23 wine,
944 2568 14 19 5
974 2568 78 20 barrels
1063 2571 40 21 tar,
1116 2568 12 21 7
1139 2569 49 25 kegs
1199 2575 58 20 pow-

666 2594 43 24 der,
733 2595 23 20 11
778 2601 57 14 cases
859 2596 130 26 turpentine,
1012 2596 25 20 17
1062 2596 53 26 kegs
1137 2597 75 25 paint,'
1231 2597 26 20 20

664 2622 103 26 packages
777 2623 129 26 passengers'
915 2622 95 26 luggage.
1145 2632 3 2 •
1212 2628 3 4 ■
1228 2618 3 7 '
1256 2620 2 5 '

813 2683 139 18 OUTWARDS,
965 2684 143 16 COA3TWISE.

692 2712 28 21 In
736 2719 48 14 tub
923 2719 47 14 for
984 2712 87 22 MaSa.
1071 2724 30 5 —
1104 2714 70 21 Willis
1183 2714 16 28 tf
1212 2715 45 23 Co.,

664 2740 87 26 Agents.
753 2752 28 4 —
782 2742 25 19 15
819 2741 30 20 oil
857 2740 67 24 butts,
936 2742 26 19 12
972 2741 49 20 bars
1027 2743 55 25 iron,
1090 2742 14 20 4
1116 2742 141 25 grindstones,

667 2768 10 19 1
688 2768 47 20 bale
744 2775 58 19 rugs,
812 2769 14 20 4
843 2769 51 20 cask
902 2769 127 26 provisions,
1042 2769 26 20 10
1087 2770 101 26 packages
1199 2771 60 25 paint

666 2796 42 20 and
716 2796 37 25 oil,
767 2797 26 19 10
802 2797 33 20 do,
845 2796 160 26 ironmongery,
1014 2797 88 25 Fr'azer,
1113 2798 109 20 Brothers.

694 2830 29 21 In
742 2837 49 14 the
841 2830 94 21 Bright
1103 2838 45 15 for
1169 2832 90 21 Kapiti

666 2863 50 15 and
732 2858 128 21 Southern
876 2858 86 21 Coast.
965 2870 26 4 —
991 2860 57 20 John
1069 2856 70 28 Wade',
1149 2861 79 25 Agent.
1230 2871 28 5 —
1259 2872 3 6 .

668 2886 23 19 10
714 2886 79 21 barrels
808 2887 39 20 225
862 2886 51 26 bags
929 2886 62 24 flour,
1009 2888 11 19 5
1038 2893 59 14 cases
1114 2888 38 24 ale,
1163 2889 13 19 5
1188 2889 71 20 chests

665 2916 41 21 tea,
716 2914 13 19 5
740 2914 51 26 bags
805 2914 49 24 rice,
872 2915 13 18 2
900 2914 63 20 casks
979 2916 13 19 2
1008 2914 56 21 bales
1080 2916 65 25 slops,
1162 2916 26 20 12
1203 2917 56 19 coils

666 2947 57 20 rope,
734 2942 28 20 47
772 2942 61 20 casks
845 2941 96 25 beef,jl9
956 2942 34 20 do.
1001 2943 62 26 pork,
1080 2943 27 20 50
1123 2943 49 27 bags
1188 2950 70 20 sugar,

668 2969 76 19 Order.

693 3003 30 20 In
737 3009 47 14 the
990 3010 46 14 for
1051 3004 64 22 Port
1125 3005 104 22 Nelson.
1230 3016 29 5 —

669 3031 69 20 Waitt
755 3031 19 27 if
787 3032 70 25 Tyser,
868 3032 88 24 Agents.
958 3043 28 4 —
987 3032 11 19 2
1010 3039 58 13 cases
1079 3034 61 24 wioe,
1155 3034 73 21 Order.
1230 3044 29 5 —

666 3059 12 19 4
690 3058 61 21 hhds.
763 3060 13 19 4
791 3058 78 21 barrels
886 3060 13 19 2
915 3065 59 15 cases
984 3060 62 24 wine,
1062 3061 29 19 40
1106 3062 78 20 barrels
1195 3062 62 23 flour,

668 3086 9 20 1
689 3093 47 14 case
743 3100 3 4 •
752 3086 105 24 sundries,
874 3087 10 19 1
902 3087 53 21 hhd.
967 3088 96 24 oatmeal,
1080 3089 57 20 4423
1151 3090 85 24 timber,
1245 3090 13 19 3

666 3120 58 15 cases
734 3114 71 24 shoes,
817 3114 67 21 Waitt
894 3114 18 28 if
923 3115 65 20 Co.—
989 3116 13 19 B
1017 3115 80 22 barrels
1106 3120 40 20 tar,
1158 3117 25 20 15
1198 3118 61 20 casks

666 3145 87 23 porter,-
758 3143 10 19 1
781 3142 41 20 hen
832 3148 61 20 coop,
906 3143 10 19 1
927 3143 33 20 tin
972 3149 55 18 case,
1037 3144 11 19 1
1064 3144 52 20 cask
1125 3145 68 26 pipes,
1203 3145 56 21 1607

666 3170 43 20 feet
723 3170 84 23 timber,
823 3170 83 25 Wright
924 3170 19 25 Sf
961 3171 84 19 Clarke.
1047 3181 28 4 —
1076 3171 11 19 1
1106 3172 50 22 bbd.
1174 3178 56 18 rum,
1245 3173 14 20 2

666 3197 60 27 pipes
736 3197 62 24 wine,
806 3198 9 19 1
828 3197 45 21 half
880 3198 49 26 pipe
941 3197 87 27 brandy,
1035 3199 14 20 4
1056 3205 59 15 cases
1124 3200 42 25 gin,
1174 3201 13 19 3
1196 3201 61 20 hhds.

667 3228 78 23 porter,
765 3227 14 19 2
798 3225 77 20 barrels
890 3225 105 24 sundries,
1013 3227 9 19 1
1040 3227 39 24 bag
1096 3227 60 25 flour,
1179 3228 12 20 1
1207 3228 52 20 cask

667 3253 61 26 pork,
741 3253 9 19 1
762 3253 41 25 bag
814 3253 48 24 rice,
878 3254 13 19 2
908 3253 36 20 do.
960 3260 70 19 sugar,
1042 3255 11 19 1
1065 3255 51 20 cask
1126 3255 103 25 sundries,
1247 3257 10 18 1

666 3281 60 19 chest
735 3283 42 22 tea,
789 3281 9 19 1
812 3280 67 21 barrel
889 3281 71 24 bread,
972 3282 10 20 1
995 3284 46 17 teut
1049 3283 41 19 and
1102 3283 65 26 poles,
1179 3284 13 19 5
1201 3289 58 15 cases

666 3307 105 25 sundries,
781 3309 41 19 400
833 3308 43 20 feet
886 3309 84 24 timber,
982 3309 34 20 W.
1024 3310 124 21 Bannister.

1316 1383 43 23 We
1384 1383 58 24 have
1471 1384 103 23 received
1598 1384 126 23 Auckland
1749 1393 81 23 papers
1854 1390 24 19 to

1284 1416 120 31 February
1416 1418 64 28 16th,
1493 1418 41 22 but
1548 1418 36 22 the
1593 1418 50 23 files
1653 1426 38 16 are
1699 1423 40 18 not
1749 1419 110 31 complete
1869 1429 6 20 ;

1285 1449 43 24 and
1339 1458 25 15 as
1382 1458 60 15 none
1454 1451 25 22 of
1497 1450 37 24 the
1548 1451 59 23 Bills
1624 1451 83 31 passed
1727 1452 99 31 through
1838 1452 40 24 the

1285 1483 102 29 Council,
1400 1483 59 24 have
1471 1484 57 24 been
1539 1489 52 19 sent
1604 1489 21 19 to
1640 1484 57 24 Port
1710 1485 126 25 Nicholson
1848 1487 29 30 by

1283 1517 39 22 the
1332 1517 88 24 vessels
1440 1517 44 24 last
1496 1518 95 28 arrived,
1612 1526 33 15 we
1664 1527 39 14 are
1715 1524 24 18 at
1750 1528 14 14 a
1783 1519 45 23 loss
1842 1519 35 24 for

1283 1551 39 22 the
1341 1551 115 23 materials
1469 1551 25 23 of
1511 1560 15 14 a
1544 1552 125 23 connected
1681 1557 97 19 account
1797 1553 26 23 of
1836 1553 39 23 the

1284 1583 140 31 Legislative
1436 1585 159 31 proceedings.

1319 1615 41 25 We
1372 1625 42 15 can
1424 1623 66 23 state,
1503 1618 110 29 however,
1633 1618 51 24 that
1695 1617 39 25 the
1747 1619 130 32 Municipal

1285 1651 150 31 Corporation
1445 1651 47 23 Bill
1504 1651 42 23 has
1557 1652 58 23 been
1626 1653 66 23 made
1702 1661 13 15 a
1724 1653 50 29 law,
1788 1654 43 23 and
1844 1661 33 16 we

1283 1692 108 23 presume
1407 1685 94 23 without
1522 1686 103 23 material
1645 1686 159 24 amendments
1813 1693 13 22 ;i
1842 1687 35 23 for

1285 1717 47 24 Mr.
1345 1717 65 32 Earp
1428 1718 43 23 has
1483 1719 92 23 entered
1593 1727 14 15 a
1617 1719 55 31 long
1684 1724 87 27 protest
1789 1722 89 28 against

1284 1752 26 28 it,
1328 1751 72 23 which
1414 1759 32 16 we
1466 1753 71 22 insert
1556 1753 80 23 entire.
1674 1753 24 23 It
1715 1761 95 23 appears
1829 1753 49 24 that

1285 1792 42 15 one
1340 1785 23 23 of
1381 1785 47 24 Mr.
1443 1785 85 31 Earp's
1544 1786 113 31 principal
1669 1787 125 30 objections
1806 1788 20 22 is
1839 1787 39 24 the

1287 1819 135 23 democratic
1442 1818 112 31 tendency
1567 1819 24 23 of
1609 1820 38 22 the
1659 1827 113 17 measure,
1809 1821 69 23 Some

1287 1851 25 24 of
1329 1851 62 24 these
1405 1860 37 15 are
1464 1852 49 23 well
1531 1857 48 27 put,
1602 1853 42 23 but
1663 1852 59 24 until
1739 1861 32 16 we
1783 1858 40 26 get
1840 1854 39 23 the

1286 1885 130 24 Ordinance
1428 1886 69 28 itself,
1511 1893 32 16 we
1557 1893 82 17 cannot
1650 1887 129 23 undertake
1792 1894 22 16 to
1824 1887 54 32 give

1287 1927 14 15 a
1311 1919 93 30 general
1417 1920 93 30 opinion
1522 1927 29 15 on
1563 1919 38 24 the
1612 1925 97 26 protest.

1319 1952 50 24 The
1382 1952 67 24 Land
1468 1953 94 23 Claims'.
1583 1953 46 24 Bill
1645 1954 135 24 introduced
1798 1954 31 31 by
1842 1954 37 24 the

1284 1986 238 30 Attorney-General,
1534 1987 41 23 has
1585 1987 59 24 been
1656 1987 134 24 withdrawn
1802 1994 77 17 osten-

1285 2019 59 30 sibly
1363 2020 23 22 in
1407 2020 118 22 deference
1545 2025 23 18 to
1588 2021 37 23 the
1645 2021 129 30 opposition
1794 2021 26 23 of
1841 2021 38 23 the

1285 2053 64 22 three
1360 2052 144 23 non-official
1519 2052 118 23 Members
1656 2054 26 21 of
1705 2053 39 23 the
1765 2054 110 28 Council;

1286 2085 41 23 but
1337 2085 80 31 really,
1435 2093 33 15 we
1487 2090 99 26 suspect,
1607 2094 30 15 on
1654 2091 97 19 account
1771 2087 24 22 of
1818 2094 61 16 some

1287 2119 54 31 split
1351 2126 85 23 among
1445 2118 40 25 the
1493 2122 3 3 '
1504 2119 82 24 official
1605 2119 132 31 gentlemen
1746 2129 6 19 ;
1776 2120 35 23 for
1830 2120 48 23 Mr.

1287 2153 120 30 Secretary
1428 2152 125 24 Shortland
1571 2152 41 24 has
1631 2153 135 23 introduced
1786 2153 94 24 another

1287 2186 46 23 Bill
1344 2186 35 23 for
1388 2186 37 23 the
1439 2194 62 15 same
1509 2194 106 24 purpose,
1624 2186 74 23 which
1708 2187 38 23 the
1753 2187 127 31 Attorney-

1288 2220 100 23 General
1399 2219 124 24 disclaims.
1567 2220 39 23 An
1626 2220 79 24 article
1724 2228 29 15 on
1775 2220 37 24 the
1831 2228 49 16 new

1288 2253 55 29 Bill,
1355 2254 24 22 in
1390 2253 37 24 the
1440 2253 121 24 Auckland
1581 2252 102 31 Herald,
1696 2253 115 24 describes
1824 2256 18 22 it
1854 2262 24 15 as

1311 2288 112 29 infinitely
1435 2295 72 15 worse
1521 2287 53 23 than
1590 2288 38 22 the
1645 2295 44 15 one
1708 2288 87 23 thrown

1287 2320 171 28 Nevertheless,
1480 2321 49 23 Mr.
1548 2321 104 24 Clendon
1671 2321 46 23 and
1738 2321 48 24 Mr.
1798 2321 82 24 Porter

1285 2362 58 23 gave
1361 2354 18 24 it
1398 2354 59 23 their
1475 2359 97 26 support
1580 2364 7 19 ;
1607 2354 45 24 and
1670 2363 40 15 are
1728 2355 96 30 smartly
1843 2363 37 15 re-

1286 2388 77 23 buked
1391 2387 35 24 for
1450 2387 59 24 their
1529 2387 89 32 ratting
1640 2388 32 30 by
1694 2388 38 23 the
1756 2388 124 24 Auckland

1286 2421 90 24 Editor,
1414 2420 39 24 Mr
1455 2438 12 13 v
1477 2421 123 24 Clendon's
1618 2422 99 23 conduct
1734 2423 21 22 is
1771 2422 37 23 the
1824 2422 55 23 sub-

1283 2455 49 31 ject
1343 2455 24 23 of
1382 2454 39 23 the
1431 2454 118 32 following
1560 2455 105 23 remarks
1674 2464 6 15 :
1683 2467 34 5 —

1322 3441 54 24 Itis
1388 3443 130 23 insinuated
1532 3443 51 24 tliat
1597 3443 48 24 Mr.
1661 3444 85 24 Porter
1763 3444 116 32 has-been

1286 3478 86 29 sopped
1379 3474 33 32 by
1423 3475 64 25 leave
1499 3481 23 19 to
1533 3477 119 24 introduce
1668 3486 15 15 a
1703 3478 77 24 clause
1791 3479 36 23 for
1842 3476 37 26 tlie

1286 3511 62 22 issue
1360 3508 26 24 of
1401 3509 55 24 land
1475 3511 68 31 scrip,
1555 3510 75 24 which
1647 3512 77 30 might
1742 3512 81 23 enable
1842 3512 37 24 the

1287 3542 78 24 holder
1381 3547 24 18 to
1427 3544 81 23 obtain*
1522 3544 131 32 something
1664 3552 51 16 now
1728 3545 36 23 for
1776 3545 40 24 the'
1825 3546 54 24 land

1287 3575 29 24 he
1327 3584 52 23 may
1390 3576 82 32 be-put
1490 3577 23 23 in
1531 3578 133 30 possession
1684 3579 24 24 of
1726 3586 63 16 some
1807 3580 71 30 years'

1287 3610 80 22 hence.
1505 3613 4 9 '
1553 3614 4 4 '
1607 3607 2 6 '
1677 3631 2 1 .
1754 3625 4 5 .
1784 3618 2 4 •

1313 2494 39 20 We
1362 2500 35 14 are
1406 2500 68 20 sorry,
1485 2494 47 20 that
1544 2495 55 19 after
1609 2495 78 26 having
1700 2495 132 26 throughout
1842 2495 37 20 the

1287 2522 83 21 Session
1383 2521 107 22 remained
1504 2525 47 17 true
1561 2524 22 18 to
1592 2522 36 20 the
1635 2528 62 15 cause
1706 2523 24 19 of
1743 2523 35 20 the
1790 2522 88 27 Colony,

1286 2550 44 20 Mr.
1341 2549 96 20 Clendon
1447 2555 87 20 appears
1544 2552 23 17 to
1577 2550 52 20 have
1640 2550 92 26 thought
1742 2551 25 20 fit
1778 2552 20 18 to
1810 2550 70 21 desert

1285 2578 37 21 the
1332 2578 82 19 settlers
1428 2578 24 19 in
1463 2578 54 19 their
1550 2578 54 19 hour
1615 2578 24 19 of
1743 2578 41 20 and
1795 2580 21 18 to
1827 2579 53 19 have

1286 2606 51 20 been
1347 2604 76 26 gained
1432 2611 51 14 over
1492 2605 28 26 by
1530 2605 35 20 the
1579 2604 145 22 Government
1734 2608 70 24 party.
1833 2606 45 20 Mr.

1286 2633 95 20 Clendon
1392 2632 36 20 has
1440 2632 106 21 doubtless
1557 2632 33 21 his
1600 2639 87 14 reasons
1698 2634 35 19 for
1741 2634 50 23 this,
1798 2634 82 25 though

1285 2667 31 14 we
1327 2663 54 18 must
1391 2660 84 20 confess
1487 2667 28 14 we
1525 2663 79 17 cannot
1614 2667 34 14 see
1659 2662 56 19 what
1725 2661 61 20 those
1795 2667 84 14 reasons

1285 2695 43 14 are.
1357 2688 34 20 He
1405 2688 38 20 has
1459 2693 48 15 now
1522 2690 38 24 got
1575 2688 32 20 his
1618 2688 51 20 land
1684 2689 22 20 in
1723 2689 106 25 exchange
1845 2688 35 21 for

1285 2717 37 19 the
1330 2716 90 26 hopeful
1426 2715 106 26 township
1543 2716 23 20 of
1579 2716 92 23 Russell,
1688 2717 106 19 therefore
1803 2716 28 20 he
1840 2723 40 13 can

1285 2743 152 26 have'uothing
1445 2745 22 18 to
1477 2743 44 20 fear
1530 2743 55 20 from
1594 2743 36 20 the
1640 2742 144 22 Government
1793 2751 5 17 ;
1813 2743 41 21 and
1862 2744 19 19 if

1285 2773 28 19 he
1319 2771 90 26 imagine
1415 2771 46 19 that
1467 2771 26 20 he
1499 2771 38 19 has
1543 2771 102 26 anything
1651 2773 22 17 to
1682 2771 55 26 hope
1745 2772 55 20 from
1809 2771 57 20 them
1873 2779 6 16 ;

1285 2800 34 20 his
1336 2799 52 20 faith
1403 2799 23 19 in
1437 2799 59 19 them
1510 2799 19 19 is
1539 2799 105 26 infinitely
1660 2802 84 22 greater
1760 2800 51 19 than
1821 2806 58 13 ours.

1287 2826 40 21 His
1335 2829 60 23 grant
1401 2826 29 20 'of
1442 2826 50 20 laud
1500 2827 65 25 ought
1576 2829 21 17 to
1605 2827 52 19 have
1666 2823 61 23 made
1733 2827 45 20 him
1787 2827 22 19 in
1818 2833 62 19 every

1286 2861 60 14 sense
1367 2854 23 20 of
1409 2854 37 20 the
1466 2854 56 20 word
1542 2861 26 13 an
1588 2854 144 27 independent
1753 2862 48 12 man
1810 2862 6 17 ;
1845 2857 36 17 ten

1287 2882 103 21 thousand
1395 2887 59 15 acres
1463 2881 26 20 of
1500 2882 55 25 good
1563 2882 49 20 land
1619 2882 145 27 immediately
1771 2882 110 27 adjoining

1286 2910 36 20 the
1332 2909 77 26 capital
1423 2909 18 20 is
1451 2916 28 13 no
1494 2910 42 20 bad
1544 2910 107 26 exchange
1664 2910 35 20 for
1714 2910 58 20 three
1786 2910 96 21 hundred

1286 2943 60 15 acres
1360 2937 26 20 of
1402 2936 137 21 inaccessible
1558 2937 52 20 rock
1628 2940 22 18 at
1670 2938 36 20 the
1718 2950 2 6 .
1752 2938 128 21 Governor's

1400 2964 82 26 Surely,
1486 2966 35 19 the
1532 2965 50 20 hon.
1595 2966 121 24 gentleman
1725 2966 19 19 is
1755 2968 38 18 not
1802 2966 76 24 afraid,

1286 2993 48 20 that
1348 2993 17 19 if
1377 2992 26 20 he
1414 2992 26 21 do
1457 2996 39 17 not
1505 2996 90 23 support
1609 2994 36 19 the
1661 2993 144 21 Government
1823 2999 58 21 upon

1286 3026 57 20 upon
1353 3021 35 19 the
1405 3020 51 20 land
1473 3021 105 25 question,
1595 3022 36 19 the
1650 3021 79 20 Home:
1737 3022 143 19 Government

1286 3048 43 21 -will
1337 3048 68 20 refuse
1414 3050 23 18 to
1445 3048 62 26 ratify
1517 3048 89 27 Captain
1615 3048 110 21 Hobson's
1734 3049 87 26 bargain
1829 3048 51 21 with

1287 3076 52 20 him.
1355 3092 3 4 .
1367 3075 68 21 There
1445 3076 18 19 is
1474 3082 27 15 no
1515 3076 71 21 doubt,
1591 3076 46 21 that
1647 3077 37 20 the
1700 3077 57 25 good
1766 3077 74 26 people
1858 3077 25 20 of

1287 3104 181 25 Downing-street
1482 3104 43 22 will
1535 3107 55 17 stare
1605 3107 60 17 not.a
1679 3104 65 24 little,
1755 3104 61 20 when
1830 3105 49 25 they

1287 3137 35 15 see
1339 3131 52 20 land,
1397 3131 77 20 .worth
1490 3130 25 24 i?
1515 3130 75 24 20,000
1606 3132 63 25 given
1685 3132 34 24 in,
1725 3133 106 25 exchange
1847 3132 35 20 for

1287 3159 61 20 other
1356 3157 49 21 land
1423 3161 37 17 not
1471 3159 66 21 worth
1553 3159 37 20 the
1599 3165 57 14 same
1668 3159 88 20 number
1769 3160 24 20 of
1805 3166 74 19 pence,

1287 3185 42 21 and
1338 3186 17 20 it
1364 3186 18 20 is
1390 3185 45 26 just
1451 3186 92 26 possible
1552 3187 53 24 that,
1609 3187 50 26 they
1669 3193 50 20 may
1728 3194 52 14 even
1793 3192 89 16 venture

1287 3217 23 17 to
1334 3214 37 20 ask
1389 3214 40 20 his.
1443 3213 156 27 Excellency,—
1599 3215 56 26 ;why
1671 3215 54 20 such
1748 3215 71 26 things
1838 3216 25 20 be
1871 3216 9 20 ?

1287 3241 49 21 Still
1355 3241 42 20 Mr.
1415 3241 96 21 Clendon
1527 3242 38 20 has
1582 3242 96 26 nothing,
1689 3245 25 18 to
1731 3243 45 20 fear
1792 3250 29 14 on
1837 3244 44 20 this

1287 3271 96 21 account,
1395 3269 109 21 inasmuch
1515 3276 28 17 as,
1548 3269 71 21 before
1630 3270 56 20 their
1698 3270 97 27 pleasure
1805 3277 28 14 on
1844 3271 36 20 the

1287 3297 86 24 subject-
1377 3303 39 13 can
1428 3298 24 18 be
1462 3297 85 24 kuown,
1559 3297 43 20 Mr.
1621 3297 98 21 Clendon
1735 3298 43 21 will
1787 3298 50 21 hold
1847 3299 33 20 his

1287 3324 50 21 land
1346 3330 57 20 upon
1414 3324 46 20 that
1470 3327 55 18 most
1535 3325 95 20 valuable
1639 3325 24 20 of
1677 3325 28 21 all
1720 3326 56 26 legal
1786 3328 93 23 tenures,

1287 3352 120 26 possession
1413 3359 6 17 ;
1433 3352 44 20 and
1486 3353 36 20 the
1539 3352 116 25 Governor,
1668 3356 40 17 not
1721 3353 43 21 Mr.
1776 3353 102 25 Clendon,

1287 3379 128 24 must.stand
1425 3380 36 19 the
1473 3380 66 20 brunt
1554 3382 25 19 of
1590 3380 38 21 the
1647 3381 94 27 inquiry,
1759 3382 59 20 there
1831 3382 50 21 -will

1287 3408 102 23 certainly
1398 3406 33 21 be.
1484 3420 4 7 t

1322 3642 47 24 Mr.
1374 3642 74 32 -Earp
1468 3645 100 22 remains
1587 3645 26 22 in
1636 3646 140 30 opposition,
1804 3646 43 24 and
1859 3646 20 23 is

1286 3676 89 31 greatly
1392 3676 107 31 glorified
1515 3677 31 32 by
1557 3678 35 23 his
1611 3678 83 29 friend,
1705 3681 2 6 '
1714 3678 40 24 the
1770 3677 110 25 Herald's

1407 3711 35 22 for
1541 3711 180 31 independence.
1765 3707 115 30 'Conduct

1287 3742 116 33 generally
1421 3744 125 24 attributed
1565 3744 31 31 by
1679 3745 90 32 OEarp's
1793 3747 86 23 consti-

1287 3781 76 20 tuents
1376 3781 22 19 to
1410 3777 128 31 instability
1550 3778 24 23 of
1706 3778 38 24 the
1754 3779 126 24 Auckland

1287 3810 82 24 Editor
1388 3810 43 23 has
1450 3810 134 25 discovered
1604 3816 22 18 to
1647 3812 28 23 be.
1688 3812 39 24 the
1739 3812 106 32 working
1857 3813 24 23 of

1287 3843 114 26 profound
1412 3843 87 26 policy,
1511 3843 3 5 '
1676 3846 2 4 '
1694 3849 15 20 /

1322 3907 57 25 This
1396 3907 95 32 journal
1514 3909 19 23 is
1553 3909 111 31 tolerably
1684 3909 92 32 regular
1794 3911 24 23 in
1840 3911 40 24 ad-

1287 3942 145 31 ministering
1442 3942 136 31 castigatipn
1591 3947 23 19 to
1628 3943 37 24 the
1680 3943 101 32 jobbing
1791 3945 89 30 gentle-

1286 3983 54 16 men
1362 3975 24 24 of
1408 3976 116 25 Shouraki
1535 3986 6 18 ;
1569 3977 47 24 but/
1617 3981 3 8 I
1620 3972 7 9 '
1634 3985 32 16 we
1691 3985 40 16 are
1754 3978 56 23 mild
1838 3979 42 23 and

1897 2591 2 18 I
1943 2573 76 24 There
2031 2580 38 16 are
2078 2580 51 16 now
2141 2573 71 23 about
2223 2574 63 30 sixty
2297 2573 116 31 prisoners
2426 2572 24 23 in
2461 2571 35 23 the

2061 2606 60 31 gaol,
2139 2607 84 30 chiefly
2243 2608 116 22 mutinous
2378 2613 26 16 or
2419 2613 78 16 run-a-

1908 2648 47 23 way
1969 2640 81 23 sailors
2059 2648 6 20 ;
2084 2640 41 23 but
2136 2640 65 23 there
2210 2648 38 15 are
2257 2648 64 15 some
2327 2639 74 24 felons
2409 2639 44 23 and
2459 2646 39 15 one

1906 2681 82 24 person
2003 2679 22 17 at
2032 2673 58 23 least
2100 2673 111 23 confined-
2217 2674 34 22 for
2266 2674 54 22 debt
2329 2673 62 30 only.
2434 2672 62 30 They

1907 2714 39 16 are
1964 2707 29 23 all
2009 2706 100 23 huddled
2128 2706 105 31 together
2246 2707 23 22 in
2281 2714 14 15 a
2306 2705 113 25 wretched
2430 2705 69 24 maori

1907 2740 112 30 building,
2042 2740 63 30 large
2125 2740 93 30 enough
2235 2740 37 23 for
2292 2740 80 23 twelve
2389 2747 25 16 or
2422 2740 76 23 fifteen

1908 2773 85 24 human
2006 2773 81 31 beings
2099 2777 23 19 at
2129 2773 38 23 the
2176 2778 70 19 most.
2280 2772 45 24 We
2337 2780 38 16 are
2389 2773 55 28 told,
2457 2772 41 23 and

1908 2807 45 23 and
1965 2815 42 15 can
2019 2806 72 31 easily
2102 2806 95 30 believe,
2211 2808 50 22 that
2272 2807 39 23 the
2324 2806 143 31 atmosphere
2477 2805 23 23 of

1908 2841 46 23 this
1978 2840 120 24 miserable
2124 2840 62 29 hole,
2213 2841 67 22 when
2302 2841 30 22 its
2355 2839 143 24 unfortunate

1908 2875 97 23 inmates
2019 2882 37 16 are
2068 2878 42 27 put
2120 2882 30 23 up
2167 2874 37 23 for
2222 2874 39 24 the
2279 2873 74 31 night,
2377 2873 21 23 is
2421 2873 78 23 almost

1909 2909 143 30 suffocating,
2073 2907 44 24 and
2178 2907 128 32 pestilence'
2325 2907 82 24 should
2430 2905 67 25 break

1909 2947 40 19 out
1965 2945 106 28 amongst
2085 2941 70 29 them,
2173 2941 95 33 nobody,
2277 2940 87 25 will-be
2375 2938 121 33 surprized.

1909 2975 40 24 An
1960 2975 176 24 advertisement
2147 2975 36 24 for
2194 2975 94 24 tenders
2299 2974 86 24 for^the
2403 2974 93 23 erection

1909 3010 25 23 of
1951 3009 95 24 another
2057 3009 52 31 gaol
2120 3009 43 23 has
2180 3009 113 31 appeared
2305 3008 25 24 in
2348 3008 47 24 this
2413 3011 95 28 paper*;'

1908 3043 94 24 but-we-
2012 3043 56 23 hear
2078 3043 50 23 that
2139 3042 41 24 the
2190 3050 54 17 sum
2254 3042 75 23 which
2343 3049 41 16 our
2397 3041 99 31 precious

2080 3084 41 16 can
2134 3076 73 24 afford
2218 3077 36 23 for
2271 3076 38 24 the
2326 3083 97 24 purpose
2434 3075 19 22 is
2472 3081 23 15 so

1910 3110 80 28 small,'
1996 3110 51 23 that
2054 3117 30 16 no
2096 3114 102 19 contract
2209 3110 43 24 has
2262 3110 61 23 been
2331 3108 83 25 offered
2423 3107 71 23 within

1910 3144 38 23 the
1965 3144 133 31 prescribed
2113 3144 80 24 limits.
2236 3144 60 24 This
2308 3147 58 19 state
2381 3142 25 23 of
2414 3141 77 29 things,
2518 3138 1 33 \

1910 3185 24 16 so
1944 3177 142 31 disgraceful
2098 3182 22 19 to
2134 3185 42 16 our
2188 3177 84 29 rulers,
2288 3175 28 26 is',
2326 3175 122 31 absolutely
2461 3174 33 23 the

1898 3220 3 3 •
1910 3211 89 32 subject
2016 3211 26 24 of
2051 3212 134 23 merriment
2196 3216 25 18 to
2232 3211 48 23 him
2294 3210 50 24 who
2358 3210 20 22 is
2391 3207 103 32 spending

1909 3244 116 25 hundreds
2042 3246 45 23 and
2110 3244 127 25 thousands
2257 3244 25 23 of
2298 3243 60 24 Port
2376 3241 117 25 Nicholson

1899 3282 3 4 '
1909 3286 82 23 money
2000 3286 30 16 on
2043 3278 35 24 his
2090 3278 110 24 kitchens'
2208 3277 46 24 and
2263 3276 136 25 verandahs.

1902 3312 22 9 ""'
1971 3312 89 24 'decent
2070 3312 106 30 building
2185 3311 37 24 for
2235 3319 16 14 a
2266 3309 138 26 Post-office
2420 3309 20 23 is
2451 3307 42 24 also

1910 3345 123 32 especially
2044 3345 114 32 required.
2171 3367 4 3 .
2195 3345 41 23 On
2249 3344 94 31 Sunday
2355 3344 45 24 last
2410 3351 32 15 we
2453 3347 39 17 saw

1910 3379 48 24 Mr.
1978 3377 100 26 Man'tell
2098 3377 98 31 'stuffing
2219 3386 30 16 an
2272 3378 38 24 old
2334 3381 89 29 potatoe
2442 3373 49 25 sack

1908 3418 107 25 amongst
2034 3412 37 24 the
2088 3411 65 25 reeds
2167 3411 25 24 of
2200 3411 47 27 .the
2259 3410 139 33 dilapidated
2413 3410 39 22 hut
2468 3407 24 23 Be

1909 3447 105 31 occupies
2027 3453 24 16 as
2065 3445 152 29 Postmaster,
2235 3450 33 21 to,
2275 3449 96 28 prevent
2393 3443 36 24 the
2442 3439 51 26 wind

1978 3479 100 31 blowing
2085 3479 45 28 the,
2131 3479 81 23 letters
2223 3479 33 24 off
2264 3479 39 23 the
2310 3478 68 29 table,
2392 3485 28 15 on
2427 3474 66 26 Which

1908 3513 29 24 he
1948 3512 45 25 had
2005 3512 103 24 assorted
2117 3512 63 23 them
2187 3512 36 24 for
2357 3507 94 37 Jttyn*
2459 3516 12 15 a
2472 3516 11 21 *<
2483 3514 9 15 e

1908 3555 29 15 no
1945 3561 4 4 •
1957 3543 161 27 conveniences
2136 3546 36 23 for
2190 3546 39 23 the
2249 3546 157 31 performance
2424 3543 24 23 of
2462 3541 32 24 his

1902 3580 88 28 •duties,
2012 3579 45 24 and
2074 3580 24 23 it-
2105 3580 20 22 is
2144 3579 72 31 really
2221 3582 4 12 !
2227 3580 81 23 unfair'
2313 3580 4 13 r
2322 3585 23 18 to
2348 3581 97 27 '.expect
2461 3582 32 16 re-

1907 3613 98 32 gularity
2021 3612 52 29 and.
2084 3613 107 31 despatch
2210 3613 61 24 from
2321 3612 85 33 public,
2416 3609 78 26 officer,

1908 3652 23 19 to
1944 3647 73 24 whom
2030 3646 38 24 the
2076 3652 143 18 commonest
2228 3646 107 25 facilities
2341 3646 36 25 for
2384 3643 110 29 discharge
2513 3657 5 3 -

1908 3682 40 30 ing
1955 3680 39 24 .his
2007 3679 75 25 duties
2093 3687 39 16 are
2144 3680 91 25 denied.

1941 3714 73 23 What
2021 3713 80 24 makes
2112 3713 38 24 the
2161 3714 93 31 neglect
2263 3714 23 23 of
2299 3714 37 23 the
2346 3711 149 26 Government
2511 3715 5 18 ;

1908 3751 23 20 to
1940 3746 91 24 furnish
2039 3755 13 16 a
2067 3746 59 32 good
2140 3747 160 26 Policer-office
2312 3747 45 23 and
2366 3742 129 28 Post-office
2510 3742 9 21 *?

1908 3785 60 19 most
1980 3780 160 25 discreditable
2147 3780 45 25 and
2200 3781 88 32 unjust,
2299 3782 20 23 is
2327 3780 39 24 the
2373 3776 121 25 undoubted
2512 3793 5 6 ,

1906 3813 56 30 fact,
1983 3813 52 25 that
2053 3813 39 25 the
2109 3813 58 25 Port
2189 3815 130 23 Nicholson
2338 3810 158 28 contributions
2500 3835 5 10 (

1909 3852 23 19 to
1945 3847 38 24 the
1994 3847 78 32 public
2080 3869 3 6 ,
2090 3852 104 27 treasury
2207 3855 96 17 amount
2312 3868 1 6 ,
2320 3852 22 19 to
2355 3853 67 23 many
2434 3843 61 24 thou-

1909 3881 69 24 sands
1988 3889 43 23 per
2042 3889 94 17 annum.
2174 3882 53 24 One
2233 3881 110 24 -fifteenth
2360 3883 52 28 part
2423 3877 25 24 of
2461 3874 33 25 the
2494 3883 2 5 1
2512 3895 5 5 ,

1910 3923 97 16 revenue
2019 3914 110 25 collected
2145 3915 56 24 here
2213 3914 53 25 and.
2270 3913 106 26 remitted
2386 3917 23 18 to
2419 3907 77 28 Auck-

1909 3948 63 30 land,
1982 3948 83 25 would.
2068 3949 80 24 suffice
2159 3949 35 23 for
2212 3948 40 24 the
2268 3947 118 32 buildings
2397 3942 81 26 needed
2487 3949 6 19 ;

1911 3983 40 23 but
1969 3982 46 24 this
2027 3987 83 19 cannot
2126 3982 28 24 be
2166 3982 53 28 had,
2235 3982 97 23 because
2345 3980 26 25 of
2385 3979 36 23 the
2435 3980 61 20 waste

546 52 100 33 THE
668 52 108 33 NEW
798 50 227 34 ZEALAND
1051 45 225 38 GAZBTifE
1298 50 100 32 AND
1424 49 326 33 WELLINGTON
1776 48 299 34 SPKCTArOR.

694 136 124 26 Passengers
833 142 38 20 per
880 133 127 28 -Vanguard,
1021 132 40 26 ,/or
1071 134 51 21 Port
1137 134 90 21 Nelson.
1229 144 27 5 —

667 163 88 21 Messrs.
766 163 86 20 W-..and
859 163 22 19 J.
893 163 119 23 Bannister,
1022 162 27 20 Gr.
1061 162 69 24 Drew,
1140 162 27 20 A.
1178 160 76 25 Mann,

667 190 102 27 Midgley,
780 190 82 24 Clarke,
877 189 56 21 Mrs.
949 189 129 25 M'Farlane,
1097 189 40 20 and
1154 192 41 17 two
1212 195 43 14 ser-

668 222 67 16 vants.
865 218 18 14 s
1041 223 30 21 j-
1171 213 5 14 '•

839 270 121 20 CUSTOM
977 270 110 20 HOUSE.

1905 133 104 24 merciful
2028 134 25 23 in
2077 135 144 31 comparison
2240 129 115 29 Withiour
2371 131 128 27 'Auckland

1905 172 181 26 contemporary,
2096 163 120 28 who'thus
2226 168 129 24 derfounces
2366 164 134 27 th'e'ofiicJal

1896 199 129 26 .Members
2038 200 23 23 ot
2077 200 39 24 the
2129 200 133 31 Cpuucilf-
2317 203 3 5 '
2337 228 5 3 _
2371 197 24 34 /'

1932 235 151 30 Wednesday's
2092 239 113 21 'shameful
2219 238 117 23 disclosure
2350 237 38 23 ttit*
2403 236 96 30 stamped

1905 266 55 19 them
1972 266 49 20 with
2030 273 13 13 a
2055 273 67 18 name,
2132 267 43 20 and
2185 268 111 20 conferred
2305 275 28 13 on
2347 268 57 19 them
2419 273 13 14 a
2447 268 53 19 cha*

1904 295 67 18 racter
1982 296 37 17 not
2032 296 21 17 to
2064 295 25 20 be
2099 295 76 20 envied
2193 295 29 25 by
2238 295 100 27 ordinary
2347 294 152 21 Had'comtaoxt

1903 326 55 14 men.
1994 321 20 19 A.
2033 327 60 14 name
2105 322 67 21 which
2183 322 55 21 shall
2247 328 63 15 never
2320 323 26 19 be
2355 321 106 25 forgotten
2473 322 24 20 ill

1904 346 51 22 New
1965 347 101 22 Zealand.
2077 365 3 7 ,
2093 349 46 20 The
2149 352 76 23 events,
2232 350 24 19 of
2268 348 132 26 Wednesday
2407 349 54 20 shall
2470 350 30 20 btf

1903 374 119 27 intimately
2044 377 116 19 connected
2186 377 53 20 with
2261 383 63 20 every
2347 382 52 20 page
2416 376 24 20 of
2459 376 41 21 her*

1903 402 90 25 history,
2004 409 22 14 as
2037 403 35 20 the
2087 404 78 20 reward
2182 404 25 20 of
2228 407 98 23 arrogant
2343 403 153 27 presumption,

1904 429 41 20 and
1964 430 113 19 shameless
2096 431 97 25 political
2211 432 120 25 deception:
2369 430 58 26 They
2445 431 55 20 havtf

1904 456 121 27 obtainedjja
2040 463 68 18 name,
2113 454 8 7 *
2126 460 6 10 •
2141 459 70 19 which
2225 461 90 24 tyranny
2328 458 54 21 shall
2392 457 68 27 qu^ke
2474 460 24 18 to

1905 483 66 23 hear,'
1983 487 22 17 at
2014 484 53 20 least
2073 484 23 20 in
2106 485 52 21 New
2168 485 102 21 Zealand.

1932 511 26 19 In
1976 518 39 13 our
2029 511 79 20 former
2122 513 90 20 number
2221 520 30 13 we
2266 514 73 26 gently
2353 511 93 22 touched
2461 513 38 19 the*

1906 538 61 26 whip.
1997 539 39 20 We
2051 539 54 20 shall
2119 539 105 22 hereafter
2239 542 49 19 take
2305 542 36 20 the
2356 540 144 20 stock-man'*

1905 568 74 23 strong
1997 565 41 20 and
2052 565 51 26 long
2116 564 46 23 lash
2181 566 29 27 (if
2223 572 85 17 matters
2318 569 27 19 do
2355 569 38 19 not
2403 567 91 26 speedily
2494 569 4 8 1

1905 593 80 25 change
1993 593 35 20 for
2037 593 36 20 the
2082 594 86 27 better,)
2183 595 29 26 by
2227 602 71 14 means
2313 595 25 21 of
2355 601 73 20 every,
2433 594 65 22 crack

1906 620 24 20 of
1942 621 68 19 which
2019 626 31 15 we
2058 621 53 19 shall
2122 621 60 21 make
2199 629 12 13 a
2228 628 47 15 sore
2276 633 27 5 —
2303 623 69 21 which
2388 623 55 20 shall
2459 625 42 18 not

1905 649 51 26 only
1965 648 109 20 bleed'but
2082 649 73 21 fester.

107 2609 167 22 SHIPPING
293 2609 279 23 INTELLIGENCE.

266 2670 146 20 ARRIVED.

72 2702 77 22 March
166 2705 20 24 5,
199 2705 68 19 cutter
285 2704 110 20 Catherine
408 2705 121 23 Johnstone,
541 2705 27 20 20
579 2707 57 23 tons,

45 2731 85 26 Taylor,
142 2731 54 21 from
207 2731 118 21 Auckland.

73 2759 76 20 March
161 2760 20 23 6,
191 2759 53 26 brig,
254 2760 73 20 Maria
345 2761 96 23 Theresa,
452 2761 42 20 229
504 2763 56 21 tons,
574 2760 62 27 Capt.

46 2787 35 21 W.
98 2787 24 19 F.
140 2786 72 25 Clark,
227 2788 54 20 from
297 2787 89 25 Boston,
404 2789 34 19 via
456 2787 83 21 Hobart
554 2788 67 21 Town
631 2796 5 17 ;

45 2814 86 27 general
149 2821 69 18 cargo.
238 2836 9 5 _
256 2814 123 27 Passengers
380 2826 29 4 —
409 2816 55 20 Mrs.
484 2816 93 20 Masters
595 2817 41 19 and

45 2846 42 17 two
104 2842 103 24 children,
219 2842 85 21 Messrs.
316 2843 23 20 S.
353 2843 24 20 T.
389 2843 96 27 Hooper,
503 2843 26 20 R.
541 2843 95 27 Hyrons,

46 2870 40 20 and
97 2870 23 20 J.
128 2870 122 20 Acthieson.

74 2897 62 20 Same
146 2898 47 26 day,
203 2898 103 20 schooner
313 2898 99 25 Looi-in,
425 2900 34 23 82,
471 2898 98 26 Cannon,
579 2898 57 22 from

46 2926 35 20 the
92 2925 91 26 whaling
191 2926 75 19 station
278 2926 22 19 in
312 2925 87 21 Palliser
410 2926 51 26 Bay.

73 2952 62 21 Same
145 2953 47 26 day,
200 2952 77 28 barque
287 2954 54 20 New
351 2954 57 20 York
418 2954 88 24 Packet,
515 2954 49 24 259,
574 2954 62 28 Capt.

33 3002 5 3 .
46 2980 102 27 Gregory,
173 2982 54 19 from
252 2980 89 22 London
349 2989 6 17 ;
385 2988 70 20 cargo,
480 2983 156 20 merchandize.

46 3008 125 26 Passengers
172 3018 26 5 —
198 3009 45 20 Mr.
254 3009 116 27 Sheppard,
382 3008 108 28 (Colonial
503 3010 133 27 Treasurer,)

46 3036 54 21 Mrs.
114 3036 115 27 Sheppard,
240 3037 78 20 Misses
335 3037 106 26 Sheppard
454 3037 39 26 (4,)
504 3038 41 20 and
556 3038 80 20 Master

47 3063 114 27 Sheppard,
181 3063 85 22 Messrs.
284 3064 27 20 A.
328 3065 34 21 W.
380 3065 63 26 Hort,
463 3065 132 25 Heathorne,
614 3066 22 21 J.

47 3091 120 26 Constable,
184 3091 116 26 Robinson,
311 3093 42 20 and
369 3093 105 21 Brewster
481 3100 7 17 ;
503 3104 28 5 —
541 3093 95 28 Nugent,

46 3118 61 27 Esq.,
120 3124 97 20 surgeon.

74 3146 61 20 Same
153 3146 47 26 day,
217 3147 102 21 schooner
335 3148 103 25 Minerva,
450 3149 47 24 129,
511 3149 60 25 Reid,
582 3149 54 21 from

32 3193 2 8 t
47 3172 59 22 Port,
110 3173 75 27 Phillip
194 3175 41 19 and
244 3175 112 21 Auckland
365 3178 12 21 ;'
386 3177 85 25 general
485 3183 71 20 cargo.
587 3177 49 21 Pas-

47 3207 74 19 senger
122 3211 26 4 —
151 3201 43 21 Mr.
206 3201 114 26 Campbell.

73 3228 52 20 Last
140 3229 68 25 night,
226 3231 103 19 Bchooner
346 3231 66 25 Kate,
433 3231 130 26 M'Farlane,
581 3232 55 22 from

46 3255 82 22 Nelson
142 3256 80 21 Haven.

151 3326 10 3 -
283 3315 117 22 SAILED.

73 3349 76 21 March
161 3349 21 24 6,
311 3351 72 24 Mama,
394 3352 35 26 21,
441 3351 65 27 Wild,
517 3352 34 22 for
561 3354 75 26 Mana,

45 3378 51 21 •with
106 3378 91 25 whaling
207 3380 74 18 stores.

236 3436 71 22 'IN
322 3438 85 22 PORT.

100 3473 85 27 Barque
197 3472 112 27 Clydeside,
321 3472 130 23 Matnieson.
465 3479 3 7 '

91 3501 119 20 -Schooner
222 3502 105 19 Governor
334 3502 93 24 Hobson,
440 3502 96 21 Skelton.

227 3529 64 25 Mary
304 3529 50 20 Ann
371 3530 71 24 Wade,
457 3530 80 21 Tulett.
551 3545 3 4 .

220 3556 61 26 Lady
288 3556 77 26 Leigh,
375 3556 84 22 Roche.-
583 3557 15 23 f
611 3575 3 7 ,

101 3584 53 26 Ship
167 3584 85 25 Clifton,
468 3601 6 2 .
549 3592 8 2 -
580 3592 5 3 -

101 3612 109 20 Schooner
219 3612 81 26 Henry,
311 3611 121 27 Daymond.

100 3639 86 26 Barque
194 3639 213 26 Boltonyßobinson.

102 3667 108 21 Schooner
222 3667 56 24 Gem,
290 3666 97 27 Phillips.

98 3694 86 27 Barque
193 3695 94 23 Birman,
299 3694 95 20 Cleland.

82 3740 2 6 ,
102 3722 108 20 Schooner
219 3722 77 21 Nehon
299 3728 3 5 1
309 3722 84 25 Packet,
403 3722 103 22 Jackson.
526 3737 6 3 -

168 3761 4 10 :
222 3751 68 22 Anne,
300 3749 97 21 Browne.

222 3779 100 21 Blossom,
332 3777 100 21 Tullock.
532 3780 6 9 '

169 3816 16 8 w.
185 3815 29 5 —
221 3806 67 23 Jane,,
291 3805 86 20 Fabien.
635 3807 1 12 '

100 3832 77 21 Cutter
189 3833 108 20 Catherine
305 3832 122 27 Johnstone,
438 3832 85 27 Taylor.

59 3875 6 3 -
90 3859 63 26 .Brig
159 3861 74 19 Maria
241 3861 106 23 Theresa;-
354 3860 72 21 Clark.

85 3896 3 5 '
101 3886 109 21 Schooner
219 3888 97 26 Look-in,
329 3888 97 20 Cannon.

36 3919 6 13 ■-
48 3922 9 11 •-
79 3923 3 2 •
100 3914 85 26 Barque
193 3915 52 20 New
255 3916 154 26 YorJcr'-Packet,
421 3915 102 27 Gregory.

33 3949 34 19 -•y-
74 3954 3 5 .
88 3956 4 3 .
101 3942 109 21 Schooner
219 3943 103 24 Minerva,
335 3943 60 21 Reid.

49 3968 8 9 '
222 3971 63 21 Kate,
295 3970 130 22 M'FarlaDe.

1967 906 95 25 Therjs
2083 915 22 16 is
2129 916 36 16 an
2187 916 133 16 admitted
2345 915 154 17 exhausted

1907 947 135 17 treasury
2079 948 34 17 no
2131 949 181 16 agriculture
2331 948 29 17 in
2373 948 126 17 progres*

1906 981 59 16 sion
2001 981 51 16 not
2073 981 15 17 a
2117 982 105 16 plough
2240 983 30 15 in
2299 981 52 17 the
2375 982 123 22 ground-;

1906 1014 52 17 the
1980 1015 73 16 ships
2070 1015 70 16 have
2166 1015 139 17 forsaken
2326 1015 52 16 our
2401 1015 78 16 ports
2491 1017 7 20 ;

1906 1048 54 16 and
1973 1049 40 15 we
2028 1048 69 16 have
2112 1049 34 15 no

1941 701 106 30 Captain'
2053 700 106 31 Clayton,
2175 710 15 14 a
2201 709 83 23 person
2304 702 49 23 well
2372 701 84 25 known
2474 707 25 19 at

1906 733 39 23 the
1957 734 51 30 Bay
2021 734 24 23 of
2056 734 150 33 Islands^arrd
2218 734 132 29 Auckland,
2362 736 81 23 moved

1907 766 25 24 of
1941 767 38 23 the
1990 767 135 24 resolutions
2135 768 84 30 passed
2228 772 23 19 at
2262 768 39 23 the
2312 767 77 32 public
2397 769 103 30 meeting

1906 799 91 31 against
2009 800 37 23 the
2059 800 68 24 Land
2141 800 98 26 Claims'
2249 801 56 29 Bill,
2317 801 46 23 and
2375 802 125 23 conducted

1906 833 35 23 his
1954 834 84 30 speech
2049 835 64 23 with'
2122 843 37 15 an.
2169 835 83 23 honest
2272 834 129 24 confession
2419 835 26 23 of
2460 834 40 24 the

1908 866 45 23 real
1965 871 59 19 state
2037 867 24 23 of
2071 867 76 23 affairs
2160 869 23 21 in
2195 868 65 22 those
2273 868 101 22 districts
2383 875 7 15 :—:
2392 880 33 4 —

1468 130 219 23 POSTSCRIPT.

1311 174 58 28 ,Gur
1380 175 115 31 shipping.
1498 174 41 24 list
1556 174 46 24 this
1619 175 109 29 morning
1737 175 138 22 'announces

1287 208 34 23 the
1321 217 2 7 r
1333 207 84 24 arrival
1428 208 26 23 of
1470 208 38 23 the
1520 206 68 29 Kate,
1597 207 47 22 late
1665 207 46 22 last
1731 206 73 31 nighty
1817 207 58 22 from

1287 240 85 24 Nelson
1396 241 89 27 Haven,
1504 240 86 30 having
1612 240 73 23 sailed
1709 248 29 15 on
1762 239 113 30 Saturday

1287 274 49 23 last.
1373 273 48 24 She
1431 274 80 30 brings
1524 282 27 14 us
1563 273 145 30 intelligence
1727 273 28 23 of
1771 273 45 23 the'
1821 273 54 23 total

1287 306 73 24 wreck
1373 306 26 23 of
1414 307 37 23 the
1461 308 85 29 barque
1564 304 127 30 Fifeshire,
1703 313 30 16 on
1745 306 37 23 the
1794 306 81 23 Arrow

1287 339 61 29 rock,
1378 344 24 18 at
1434 339 38 24 the
1477 363 13 7 -r
1501 343 120 22 entrance,
1637 338 27 23 of
1697 338 38 23 the
1768 339 107 23 harbour.

1287 372 110 30 Through
1418 373 44 28 the,
1477 377 104 26 courtesy
1599 372 25 23 of
1640 372 68 31 Capt.
1730 371 145 29 M'Farlane,

1287 413 31 15 we
1330 413 38 16 are
1381 405 95 24 enabled
1490 410 22 19 to
1523 405 70 31 place'
1600 405 38 23 the
1649 405 119 31 following
1779 405 96 23 authen-

1287 440 29 22 tic
1327 438 136 31 particulars
1475 438 77 23 before
1564 446 41 15 our
1617 438 92 23 readers
1721 447 5 15 :

1320 471 50 24 The
1381 471 118 29 Fifeshire
1511 475 41 27 got
1568 471 148 30 uuderweigh
1731 471 52 23 with
1796 479 14 15 a
1821 470 54 32 pilot

1287 512 27 16 on
1327 504 75 28 board,
1416 503 45 24 arrd
1473 504 64 23 when
1549 504 42 23 she
1605 509 40 25 got
1657 505 47 22 into
1719 504 37 23 the
1769 504 106 23 Narrows

1287 539 101 30 opposite
1409 537 47 26 the.
1467 537 81 24 Arrow
1565 537 63 29 rock,
1642 537 38 24 the
1694 537 59 23 wind
1766 537 109 30 suddenly

1287 570 49 24 died
1347 578 71 22 away,
1431 571 44 23 and
1488 569 37 25 the
1538 571 45 23 tide
1602 570 83 24 drifted
1705 570 41 24 her
1765 578 60 24 upon
1838 570 37 23 the

1287 604 75 24 rocks.
1398 604 24 22 It
1441 610 44 16 was
1505 604 54 23 then
1578 604 39 23 the
1635 608 39 27 top
1687 604 25 23 of
1732 604 56 31 high
1799 607 76 25 water,*

1287 638 77 30 spring
1381 637 54 29 tide,
1456 637 44 23 and
1517 642 22 18 at
1558 637 43 23 low
1621 642 71 19 water
1711 637 42 23 she
1771 644 46 16 was
1835 637 40 23 left

1287 671 59 30 quite
1368 670 49 30 dry.
1461 669 30 24 In
1510 678 155 23 consequence
1675 670 36 26 .of
1732 671 41 23 her
1783 670 92 31 Vesting

1287 711 59 23 upon
1358 708 44 19 two
1414 703 78 30 ledges
1509 702 27 24 of
1550 703 67 24 rocks
1637 703 70 24 about
1718 703 42 23 her
1774 703 47 23 fore
1833 703 42 23 and

1287 737 59 23 main
1367 736 89 28 chains,
1476 736 45 24 and
1541 736 93 31 having,
1643 744 30 15 no
1678 758 4 6 ,
1696 736 64 24 other
1783 741 92 26 support

1287 770 68 23 under
1368 769 40 23 her
1418 769 59 29 keel,
1490 771 19 22 it
1521 769 19 24 is
1548 769 89 24 broken
1649 771 24 22 in
1685 774 44 19 two
1738 770 84 30 places,
1833 769 42 24 and

1287 802 131 31 altogether,
1433 810 32 15 we
1487 807 75 26 regret
1575 807 22 19 to
1617 807 67 25 state,
1698 802 40 24 she
1751 804 20 22 is
1791 811 14 15 a
1823 802 52 24 total

1287 835 83 20 wreck.

1320 869 104 31 Happily
1437 877 29 15 no
1477 869 58 24 lives
1548 877 59 15 were
1619 869 54 24 lost.

1319 902 97 24 Vessels
1435 908 24 17 at
1478 903 85 24 anchor
1585 903 24 23 in
1626 902 59 24 Port
1704 902 89 23 Nelson
1813 901 64 24 when

1285 935 38 24 the
1334 935 65 23 Kate
1409 936 73 24 sailed
1490 946 41 15 :t-

1350 968 93 32 Barque
1456 965 67 28 JCofd
1531 969 128 28 Auckland,
1673 969 103 24 Jardine.

1456 1001 71 33 Mary
1541 1003 72 28 Anne,
1627 1002 94 24 Bolton.

1406 1035 4 17 '■
1410 1048 46 4 —
1456 1035 94 31 Lloyds,
1564 1037 86 23 Green.

1353 1068 246 31 Brigantine.S/sters,
1614 1070 94 23 Clarke.

1506 1102 115 30 Cheerful,
1636 1102 105 25 Patrick.

1353 1135 120 23 Schooner
1484 1135 79 28 Eliza,
1577 1136 124 24 Sheridan.
1724 1143 3 3 '

1939 1099 45 23 We
1993 1099 61 24 refer
2065 1099 56 23 with'
2136 1100 107 31 pleasure
2256 1105 23 18 to
2292 1107 40 16 our
2345 1098 109 32 shipping
2464 1099 35 23 in-

1906 1132 120 32 telligence
2042 1133 24 23 of
2082 1133 117 31 Saturday
2207 1133 46 24 and
2270 1134 45 23 this
2329 1132 51 31 day,
2392 1132 36 23 for
2440 1132 59 23 indi-

1906 1166 88 23 cations
2004 1166 24 23 of
2035 1166 38 24 the
2085 1167 147 23 commercial
2240 1168 140 30 importance
2392 1165 46 24 and
2445 1173 54 24 pro-

1906 1200 87 29 sperity
2005 1200 26 22 of
2040 1199 45 24 this
2098 1205 61 24 port.

1278 1207 95 65 New
1404 1207 220 65 Zealand
1655 1207 220 65 Gazette

1329 1272 65 22 AND
1411 1272 212 22 WELLINGTON
1638 1273 187 24 SPECTATOR.

2488 101 5 17 *

2397 105 2 12 X

758 3370 125 20 AGENTS
895 3370 59 21 FOR
970 3371 72 20 THIS
1055 3371 110 21 PAPER.

687 3396 38 17 Mr.
737 3396 126 18 BURCHAM
873 3391 15 22 .:
958 3397 75 18 Petoni.

687 3417 38 18 Mr.
739 3417 17 17 F.
770 3417 23 18 G.
806 3417 87 18 MOORE
958 3418 74 18 Nelson
1040 3418 76 20 Haven.

686 3438 39 18 Mr.
737 3438 23 17 R.
772 3438 115 18 BARRETT
963 3439 47 18 New
1017 3439 111 23 Plymouth,
1134 3440 104 19 Taranaki.

687 3460 38 18 Mr.
737 3460 26 18 H.
774 3459 122 19 CHUUTON
963 3460 114 23 Wanganui.

687 3481 38 17 Mr.
728 3498 6 3 .
736 3481 30 17 W.
779 3480 33 18 Wl
816 3480 61 18 LSON
960 3481 40 22 Bay
1007 3482 22 18 of
1039 3482 85 19 Islands.

686 3529 41 18 Thtt
734 3528 97 23 following
838 3533 32 13 are
878 3528 32 18 the
918 3530 80 21 quarter
1009 3528 47 23 days
1064 3530 23 17 of
1096 3530 40 18 this
1144 3535 58 17 paper
1209 3537 4 12 :
1215 3539 24 5 —

772 3549 68 19 March
1103 3553 48 16 31st.

772 3571 52 18 Juno
1103 3573 51 18 30th;
1177 3584 9 3 -

772 3591 111 22 September
1104 3594 51 18 30th.

772 3614 106 17 December
1103 3617 61 20 31st.,

685 3634 85 18 Persons
775 3634 110 23 previously
892 3636 19 17 to
925 3634 148 24 discontinuing
1085 3636 51 18 their
1144 3640 67 18 paper?
1219 3636 38 18 and

665 3655 167 23 advertisements,
840 3657 53 17 must
899 3656 59 18 settle
965 3657 33 17 the
1009 3658 94 17 accounts
1111 3657 38 18 due
1156 3662 25 17 up
1194 3659 27 18 to,
1225 3658 34 18 the

666 3675 51 19 date.
751 3687 3 6 .
1146 3691 3 4 -
1162 3691 3 5 '
1183 3692 13 10 f
1208 3695 3 6 ,
1245 3683 5 11 '

835 3718 123 20 LATEST
976 3718 108 20 DATES.
1153 3704 31 3 ~

675 3742 78 18 London
841 3744 49 18 Nov.
925 3745 18 16 6.
972 3744 42 22 Bay
1021 3745 21 17 of
1052 3744 84 19 Islands.
1141 3757 5 5 .
1152 3745 44 18 Feb.
1228 3748 18 15 4.

675 3763 76 22 Sydney
767 3766 17 16 .;
842 3765 45 18 Feb.
924 3766 20 16 3.
965 3778 3 6 v
972 3765 82 18 Thames
1150 3766 57 18 Feb./
1230 3769 17 16 7.

675 3782 42 20 Van
742 3785 98 18 Diemati's
974 3787 45 17 Port
1027 3787 72 21 Phillip
1113 3787 90 18 ....Nov.
1217 3789 30 17 23.

695 3806 55 18 Land
842 3806 44 19 Jan.
925 3808 19 17 6.
972 3808 92 18 Adelaide
1153 3809 43 18 Oct.
1228 3811 18 17 9.

788 3859 98 22 Notice
902 3862 29 19 to
948 3859 189 26 Subscribers..

664 3892 82 26 Papers
759 3888 48 24 will
817 3894 36 20 not
867 3893 30 25 be.
904 3896 47 19 sent
968 3897 20 19 to
1000 3901 90 20 persons
1104 3896 65 26 living
1182 3897 36 21 out
1235 3896 28 25 of

690 3921 57 19 Port
755 3921 123 24 Nicholson,
893 3923 69 20 unless
977 3925 157 24 arrangements
1148 3930 36 15 are
1199 3925 60 20 made

663 3968 10 5 _
686 3947 40 25 for
735 3948 35 20 the
775 3950 101 25 payment
885 3950 28 25 of
918 3950 37 20 the
963 3956 63 21 same,
1038 3951 92 27 through
1139 3958 28 14 an
1179 3952 78 26 Agent,

690 3977 24 19 at
727 3976 132 26 Wellington.

276 136 239 28 Surveyor-G«TiejraVs
531 136 80 26 Office,

342 157 85 29 jMarch
436 163 92 26 5,-1842.

48 207 7 7 »
91 202 4 3 '
182 197 183 24 JLandownexs
380 196 56 21 and
450 196 116 27 Agent*.

267 228 129 24 HEREBY
414 228 107 27 GIVEN,
542 223 49 27 tliat
610 236 28 14 on

133 257 122 26 Thursday,
267 257 39 22 7th
316 257 64 28 April
391 261 59 21 next,
462 255 98 22 sections
569 255 23 22 in
602 256 37 21 the

52 283 99 23 districts
163 284 31 22 .of
210 284 135 25 Manewatu,
367 283 91 25 Oharin,
480 281 43 22 and
548 282 92 21 Porirua

53 310 43 22 will
113 310 27 22 be
156 310 81 22 offered
255 311 36 21 for
306 310 106 22 selection
429 312 23 18 at
468 308 43 22 this
528 308 72 22 Office
617 306 23 24 at

52 337 24 21 11
89 336 86 22 o'clock
185 345 46 15 a.m.
260 337 139 27 Proprietors
412 339 41 18 not
467 334 85 27 having
562 339 78 22 agents

52 368 90 22 present
158 368 22 17 at
196 363 37 22 the
250 363 53 22 time
319 363 26 21 of
357 362 107 22 selection
481 360 44 23 will
542 362 28 21 be
586 369 54 14 con-

52 390 87 22 sidered
154 394 23 18 to
187 391 54 21 have
252 389 104 23 reserved
365 390 57 20 their
432 388 88 22 choices
529 388 36 22 for
573 388 65 22 lands

51 423 10 20 3
61 424 5 7 r
68 421 22 17 et
106 417 147 26 unsurveyed.
284 416 66 22 Plans
367 416 26 21 of
404 416 37 20 the
457 414 96 22 sections
568 415 23 21 in
603 414 37 22 the

52 443 87 22 district
150 444 26 20 of
184 444 132 24 Manewatu,
325 450 50 18 may
386 444 27 19 be
422 448 54 15 seen
485 445 23 17 at
519 440 44 23 this
568 441 71 22 Office

52 477 29 14 on
93 470 101 26 Monday
203 473 54 17 next
271 469 45 21 and
332 468 113 27 following
455 470 54 24 days
516 475 6 19 ;
538 467 64 22 those
615 468 23 21 in

51 496 39 22 the
100 496 94 22 districts
205 496 25 21 of
243 496 94 21 PorirUa
344 495 45 22 and
400 495 85 22 Ohariu
497 501 29 14 on
538 494 100 28 Monday

52 523 52 22 Mth
115 523 45 22 and
169 522 113 26 following
293 523 60 25 days.

215 555 35 22 W.
265 555 33 22 M.
315 555 83 26 Smith,
414 555 62 26 Capt.
488 554 27 21 It.
521 553 35 27 A.,

381 587 230 26 Surveyor-General.

127 633 76 22 Xioan
218 633 118 21 Wanted
350 639 37 15 on
405 633 156 26 Mortgage.

49 666 180 49 WANTED
244 665 39 22 the
299 673 48 15 sum
366 666 25 21 of
407 666 61 22 £300
478 673 26 14 on
521 666 119 27 Mortgage

147 700 28 15 on
193 700 13 14 a
220 692 103 23 valuable
339 694 102 26 frontage
458 696 112 23 propertj',
586 693 52 21 with

50 720 59 26 good
125 719 109 22 erections
250 719 98 27 thereon,
365 720 35 21 for
416 727 13 14 a
444 722 55 19 term
516 720 27 20 of
556 726 44 15 one
615 727 25 14 or

51 747 62 22 three
123 753 70 21 ye«rs,
205 746 33 22 for
248 746 72 22 which
331 754 13 14 a
358 746 79 22 liberal
454 745 93 22 interest
558 746 44 21 will
612 746 28 22 be

48 774 75 26 given.
153 773 74 27 Apply
236 774 28 25 by
271 773 66 22 fetter
346 777 22 18 to
379 773 63 26 A.C.,
451 772 44 22 Mr.
503 772 136 23 Brandon's

50 800 129 26 Chambers,
193 800 186 27 Lambton-qxtay.
487 817 3 2 .

177 847 170 21 Allotments
362 846 30 21 of
408 847 89 20 Land.

50 880 90 49 FOR.
153 880 83 26 SALE,
255 880 129 21 allotments
399 879 25 22 of
440 879 52 22 land
503 886 29 15 on
548 877 31 24 Te
591 880 48 21 Aro

110 907 56 27 Plat,
177 907 52 22 with
238 907 113 27 frontages
361 912 22 16 to
394 906 63 22 Cuba
466 906 174 22 andGhuznee-

50 939 87 17 streets.
167 934 42 22 No.
221 934 24 21 of
257 941 57 19 acre,
328 936 45 19 154.

59 989 5 4 .
76 968 46 21 For
130 967 64 28 plans
205 966 44 23 and
259 967 139 27 particulars,
409 965 67 29 apply
487 969 21 19 to

458 1000 29 21 A.
504 1000 106 22 Ludlam.

59 1023 3 3 '
77 1027 156 26 Willis-street,
245 1026 52 23 Jan.
309 1028 33 26 12,
356 1029 59 20 1842.
439 1048 3 4 .

199 1073 38 20 To
252 1072 34 21 be
302 1072 65 20 Sold
387 1078 31 14 or
431 1072 57 20 Let.

47 1104 10 13 r
64 1103 78 22 ff^WO
156 1103 99 22 Wooden
267 1103 94 26 Houses,
373 1110 30 14 on
411 1102 227 29 the'Finakore-road,

57 1124 26 28 X
127 1131 37 22 the
182 1129 82 23 second
283 1137 50 15 acre
352 1130 58 21 from
429 1130 93 26 Captain
540 1130 98 27 Smith's,

93 1158 130 26 containing
237 1157 50 21 four
296 1164 73 14 rooms
379 1156 45 22 and
440 1164 14 13 a
468 1164 98 20 passage,
582 1157 58 22 each

48 1185 54 21 with
120 1185 51 22 zinc
190 1184 66 24 roofs,
281 1183 46 22 and
350 1184 22 21 in
398 1190 68 19 every
484 1189 88 22 respect
590 1184 48 21 well

48 1212 103 21 finished.
179 1211 105 22 Terms—
285 1210 25 22 lf
317 1208 55 29 sold,
383 1211 61 21 £150
455 1210 34 22 for
495 1211 55 21 each
558 1211 68 21 house
633 1219 6 20 ;

48 1239 19 20 if
80 1239 37 26 let,
129 1239 31 22 £l
172 1245 40 21 per
222 1237 60 22 week
292 1238 35 21 for
337 1233 59 26 eacbT
401 1237 79 22 house.
507 1237 74 28 Apply
595 1241 22 18 to

441 1271 76 21 James
532 1271 80 22 Watt.

73 1298 144 28 Wellington,
227 1298 58 22 Nov.
295 1298 34 25 27,
340 1299 60 20 1841.

48 1345 124 26 Country
186 1343 123 22 Sections
329 1344 43 20 fox
391 1343 61 21 Sale
474 1349 35 15 on
529 1343 110 21 Liberal

294 1371 101 21 Terms.

49 1404 165 50 SEVERAL
248 1404 102 22 Sections
377 1404 28 21 of
435 1403 101 27 Country
565 1404 72 27 Land,

113 1431 90 27 already
214 1430 81 22 chosen
306 1432 22 21 in
341 1432 36 21 the
392 1432 94 20 Porirua
500 1431 92 27 district,
605 1431 35 21 for

48 1457 58 29 Sale,
117 1466 76 14 terms
203 1465 104 15 LiBEiiAL.
338 1458 75 28 Apply
424 1462 22 17 to

144 1491 24 22 F.
182 1491 29 22 A.
226 1492 171 26 Molesworth,
415 1491 186 28 Murphy-street,
614 1499 24 14 or

140 1526 37 21 W.
194 1526 26 21 V.
236 1526 108 27 BaewEß,
355 1526 196 22 Manners-street.

123 1571 131 27 Building
267 1571 173 21 Allotments
455 1572 29 19 to
500 1571 60 22 Let.

48 1605 91 21 mHE
158 1604 200 23 ADVERTISER
372 1604 66 22 offers
454 1611 60 21 upon
531 1604 109 28 Building

53 1626 30 28 JL
125 1632 86 26 Leases,
222 1639 14 14 a
245 1632 96 21 number
351 1632 25 21 of
386 1632 71 21 Town
466 1632 139 21 Allotments
614 1633 23 20 in

46 1659 38 21 the
93 1663 61 18 most
163 1658 106 22 desirable
278 1661 63 24 parts
350 1659 25 21 of
386 1658 45 22 this
442 1658 140 22 Settlement.

72 1693 49 22 The
139 1693 109 22 attention
266 1693 27 20 of
310 1691 38 23 the
364 1692 76 28 public
457 1693 19 20 is
492 1693 146 27 particularly

46 1720 72 23 called
137 1724 23 17 to
179 1719 38 22 the
234 1719 125 27 advantage
379 1720 26 21 of
423 1719 106 28 Building
546 1720 90 27 Leases,

45 1747 73 22 which
130 1747 37 22 the
176 1746 151 27 undersigned
336 1747 18 21 is
365 1746 97 22 enabled
471 1750 23 18 to
502 1750 75 23 grant,
584 1747 52 27 viz.,

45 1774 57 22 from
113 1781 68 14 seven
193 1777 21 18 to
231 1778 139 22 twenty-one
386 1780 73 20 years,
477 1774 122 26 according
615 1778 22 17 to

46 1800 37 23 the
102 1800 66 23 value
187 1800 25 21 of
233 1800 36 21 the
292 1800 115 27 buildings
429 1800 110 28 proposed
563 1804 22 18 to
609 1800 28 23 be

46 1827 96 22 erected.
172 1827 75 28 Apply
257 1830 23 18 to

209 1861 22 22 J.
245 1861 28 22 T.
287 1861 147 26 Wicksteed,
447 1868 26 14 or

208 1896 35 22 W.
259 1893 29 24 V.
302 1896 109 27 Brewer,
427 1896 195 22 Manners-street.

47 1942 69 48 TO
133 1941 38 22 BE
186 1941 65 26 LET,
269 1940 38 22 the
325 1944 60 19 town
404 1948 51 15 acre
473 1941 43 22 No.
528 1942 50 27 210,
589 1947 30 17 oh

120 1968 102 27 building
231 1968 67 27 lease,
307 1967 36 23 for
351 1969 103 21 fourteen
467 1975 72 20 years.

71 2002 34 22 To
115 2002 28 22 be
153 2002 32 22 let
193 2009 24 15 or
225 2002 55 26 sold,
292 2002 38 22 the
341 2006 59 18 town
409 2010 51 14 acre
471 2002 42 23 No.
525 2004 49 21 642.

318 2035 23 23 J.
356 2036 26 22 T.
399 2036 145 27 Wicksteed,

384 2069 224 27 Hawkstone-street,

274 2115 128 25 Wanted,

60 2142 18 28 A
110 2148 134 22 NUMBER
258 2148 40 22 OF
316 2148 155 23 WHALERS
481 2152 23 18 to
514 2155 86 21 engage
612 2149 23 22 in

44 2171 51 27 XjL
123 2174 107 23 Barrett's
241 2174 93 28 Fishery
344 2180 23 17 at
376 2175 120 22 Taranaki.
526 2176 75 27 Apply
612 2180 23 17 to

201 2210 131 27 RiDQWAYs,
349 2209 107 27 Guyto:*,
472 2209 44 22 and
532 2209 75 23 Earp.

234 2263 94 21 James
342 2262 101 27 Spiers,

45 2296 193 23 PROSPECT
259 2296 215 23 BOARDING
497 2296 138 30 HOUSE,

127 2338 128 15 GUILDFORD
270 2338 110 20 TERRACE,
393 2339 54 14 HILL
462 2338 94 21 STREET,

99 2366 27 20 In
145 2366 37 20 the
200 2372 48 14 rear
266 2366 28 24 of
307 2366 42 20 Dr.
368 2366 91 21 Evans's
473 2366 112 21 residence.

226 2407 74 15 TERMS
315 2407 131 15 MODERATE.

127 2461 2 6 ,
163 2446 40 21 To
217 2446 120 21 Masters
353 2445 30 21 of
394 2445 121 21 Vessels.

46 2479 70 48 ON
141 2479 85 26 SALE,
250 2482 23 18 at
292 2479 39 22 the
350 2478 71 23 Office
445 2479 27 21 of
491 2478 44 22 this
558 2487 77 20 paper,

197 2505 152 23 SEAMEN'S
365 2506 158 22 ARTICLES.

56 2547 4 4 •
72 2540 15 10 *'
95 2541 93 21 Gazette
220 2540 77 27 Office,
309 2540 54 22 Feb.
372 2542 36 26 25,
421 2542 60 20 1842.
