2550 3999
1281 135 52 25 may
1354 127 29 24 be
1406 128 92 31 applied
1517 129 37 22 for
1571 127 61 31 daily
1650 132 24 19 at
1690 126 40 24 the
1741 127 128 30 Surveyor-

1283 168 119 23 General's
1415 168 83 23 Office.

1314 228 65 31 Very
1396 229 44 23 few
1462 229 80 23 letters
1564 229 46 23 and
1631 237 83 23 papers
1735 229 59 23 have
1810 229 60 23 been

1281 269 103 24 received
1394 269 56 24 here
1461 270 59 23 from
1532 269 116 31 England,
1662 270 61 23 since
1735 269 39 23 the
1787 269 83 24 arrival

1283 309 24 23 of
1314 309 39 23 the
1509 309 74 24 which
1589 310 42 23 left
1637 309 66 23 home
1710 310 25 22 in
1741 309 126 31 February,

1282 348 66 24 while
1358 355 35 17 we
1405 348 57 24 have
1474 348 101 32 English
1592 349 64 23 dates
1674 349 37 23 via
1730 348 94 31 Sydney
1846 353 23 19 to

1282 388 38 23 the
1333 388 58 24 18th
1403 388 67 31 May.
1509 388 45 24 We
1574 388 143 24 recommend
1735 388 65 23 those
1818 388 51 23 who

1283 428 55 24 have
1349 428 87 23 friends
1446 428 63 30 here,
1522 428 44 24 and
1584 436 39 16 are
1641 428 123 23 interested
1780 428 25 23 in
1822 427 47 24 this

1283 468 137 30 settlement,
1433 473 23 19 to
1467 469 64 23 write
1541 469 32 30 by
1584 468 95 31 Sydney
1686 468 96 28 vessels,
1790 468 79 23 unless

1282 516 25 16 as
1318 515 34 16 we
1359 508 69 31 hope,
1439 509 51 23 that
1497 508 58 24 from
1562 508 60 24 June
1628 508 96 24 forward
1730 508 85 23 vessels
1822 508 47 23 will

1281 548 63 23 leave
1356 547 110 32 England
1483 548 104 31 monthly
1604 548 36 24 for
1658 548 57 24 Port
1732 548 136 24 Nicholson.

1281 587 44 24 We
1342 588 69 23 know
1430 588 49 24 that
1494 588 65 24 those
1575 588 25 23 in
1618 588 108 31 England
1742 587 52 24 who
1811 587 58 24 have

1281 627 85 24 friends
1375 627 57 24 here
1443 635 39 16 are
1500 628 98 23 anxious
1617 632 24 19 to
1658 628 54 23 hear
1731 627 61 24 often
1810 627 59 24 from

1282 667 69 28 them,
1364 668 46 23 and
1420 668 39 24 the
1470 676 50 23 way
1531 673 24 18 to
1568 676 78 16 secure
1659 668 57 24 their
1728 668 75 31 object
1813 668 21 23 is
1846 672 23 19 to

1281 708 63 23 write
1354 708 139 30 frequently,
1505 716 25 15 as
1542 708 38 23 the
1592 709 85 30 receipt
1688 708 26 23 of
1722 716 14 15 a
1746 707 67 24 letter
1824 708 21 23 is
1857 716 13 15 a

1281 752 64 27 great
1356 748 144 23 inducement
1513 753 23 19 to
1547 748 55 24 take
1613 755 45 24 pen
1669 748 24 23 in
1705 747 70 24 hand.

1316 825 50 24 The
1389 824 147 24 landholders
1557 825 87 30 having
1666 825 45 22 and
1730 829 80 26 agents
1832 825 36 24 for

1282 864 89 24 choices
1383 864 85 24 within
1490 864 39 23 the
1550 865 53 22 first
1623 865 60 30 forty
1705 865 116 29 numbers,
1846 866 24 23 in

1282 905 136 31 conformity
1429 905 55 23 with
1496 905 38 23 the
1545 905 79 31 public
1636 906 81 28 notice,
1730 910 48 19 met
1790 910 22 19 at
1831 906 38 24 the

1282 945 250 31 Surveyor-General's
1544 945 66 24 office
1622 953 29 15 on
1663 945 104 31 Monday
1778 946 52 29 last,
1846 951 23 18 to

1281 985 144 31 appropriate
1435 985 39 23 the
1486 985 53 23 land
1557 992 59 24 open
1635 989 22 19 to
1676 985 116 24 selection.
1837 987 33 24 Of

1281 1025 38 24 the
1331 1025 72 31 thirty
1414 1026 99 23 sections
1524 1026 25 23 in
1561 1025 39 24 the
1611 1025 88 24 district
1710 1026 25 23 of
1745 1026 39 23 the
1797 1027 70 29 Hutt,

1281 1065 142 31 twenty-five
1445 1073 59 16 were
1527 1065 85 24 chosen
1622 1075 7 19 ;
1649 1065 44 24 and
1711 1067 26 22 of
1761 1066 39 24 the
1830 1071 39 20 ten

1279 1106 25 23 in
1332 1105 39 24 the
1403 1110 61 19 town
1488 1105 97 29 district,
1613 1106 51 23 four
1691 1114 61 16 were
1782 1107 71 24 taken
1861 1117 6 19 ;

1280 1145 63 24 three
1355 1145 89 24 availed
1462 1145 137 24 themselves
1622 1145 26 24 of
1662 1146 38 23 the
1718 1147 110 31 privilege
1847 1148 23 24 of

1280 1186 110 32 selecting
1402 1186 112 24 detached
1532 1187 100 22 sections
1644 1194 29 16 on
1690 1187 40 23 the
1749 1187 78 24 shores
1847 1188 23 23 of

1281 1227 38 24 the
1325 1227 101 27 harbour
1433 1236 7 20 ;
1450 1235 43 16 one
1501 1227 98 24 situated
1606 1232 24 19 at
1636 1227 38 24 the
1680 1227 60 24 back
1747 1228 28 23 of
1777 1228 46 32 pah
1831 1228 38 25 Ke

1280 1267 69 29 Wav,
1357 1268 96 23 another
1460 1272 24 19 at
1492 1267 123 24 Kaiwurra
1620 1275 81 21 wurra,
1710 1268 46 23 and
1763 1268 37 24 the
1808 1268 62 25 third

1280 1312 23 19 at
1315 1308 174 31 Gnahourauga
1497 1317 6 19 ;
1517 1308 63 31 eight
1592 1308 105 23 reserved
1708 1308 61 23 their
1779 1309 90 24 choices

1281 1352 22 19 to
1315 1357 14 15 a
1340 1348 77 24 future
1427 1349 87 31 period,
1538 1348 164 32 consequently
1721 1348 78 25 eleven
1817 1357 52 16 sec-

1281 1389 59 23 tions
1369 1389 89 24 remain
1485 1388 198 32 unappropriated.
1737 1388 45 25 We
1809 1389 60 32 hope

1280 1429 76 24 before
1368 1429 56 31 long
1434 1437 69 23 many
1514 1437 63 16 more
1589 1429 97 24 sections
1705 1430 23 22 in
1741 1429 39 24 the
1798 1429 69 31 Hutt,

1281 1469 44 24 and
1336 1470 24 22 in
1371 1469 40 24 the
1423 1469 46 24 fine
1480 1470 63 30 piece
1556 1469 25 24 of
1596 1469 54 24 land
1660 1477 50 16 now
1726 1470 73 23 under
1817 1478 52 16 sur-

1280 1517 41 24 vey
1332 1510 25 23 in
1367 1517 52 16 rear
1431 1510 25 23 of
1470 1510 39 23 the
1521 1514 61 19 town
1590 1510 47 23 will
1648 1510 27 23 be
1688 1517 58 24 open
1757 1514 23 19 to
1794 1510 73 24 selec-

1281 1550 55 23 tion.

1313 1589 44 24 We
1375 1590 59 23 have
1453 1590 84 24 visited
1554 1590 45 24 the-
1613 1594 96 27 country
1726 1598 52 16 now
1799 1591 71 31 being

1279 1630 113 30 surveyed
1401 1638 55 15 near
1468 1630 37 24 the
1517 1635 68 25 town,
1599 1630 45 25 and
1655 1630 105 32 strongly
1778 1639 90 16 recom-

1279 1669 67 24 mend
1357 1670 20 23 it
1387 1674 25 19 to
1431 1670 39 23 the
1490 1671 112 23 attention
1621 1670 25 24 of
1660 1671 65 24 those
1744 1672 125 23 interested

1279 1710 23 23 in
1314 1709 63 24 land.
1415 1709 24 24 It
1450 1711 19 22 is
1482 1718 14 15 a
1506 1711 46 22 fine
1563 1710 74 30 basin,
1650 1711 47 24 free
1707 1711 60 24 from
1775 1719 93 24 swamp,

1279 1750 43 23 and
1335 1750 95 23 covered
1442 1750 54 23 with
1507 1759 14 15 a
1531 1751 89 31 variety
1632 1752 26 23 of
1672 1752 65 23 wood
1750 1752 26 23 of
1789 1751 80 24 mode-

1279 1793 48 20 rate
1338 1789 97 31 growth,
1444 1798 83 24 among
1535 1790 75 25 which
1625 1799 36 16 are
1674 1799 13 16 a
1698 1791 63 31 large
1773 1792 96 24 number

1279 1830 26 23 of
1317 1830 106 32 splendid
1435 1839 72 24 spars,
1526 1832 76 23 which
1621 1839 32 17 we
1674 1832 70 24 doubt
1763 1837 42 19 not
1823 1833 47 23 will

1278 1878 69 24 prove
1358 1878 57 24 very
1425 1872 113 24 valuable.

1279 1947 16 17 \
1311 1947 44 21 We
1368 1954 38 15 are
1418 1947 77 29 happy
1505 1952 23 17 to
1540 1948 56 21 hear
1608 1949 49 22 that
1667 1953 63 25 steps
1742 1957 39 14 are
1801 1950 69 23 about

1278 1988 23 19 to
1311 1985 29 23 be
1352 1985 71 24 taken
1434 1985 155 31 immediately
1600 1990 24 19 to
1632 1987 108 23 establish
1748 1995 14 15 a
1770 1987 99 33 savings'

1277 2024 71 24 bank.

1312 2084 51 25 The
1375 2085 61 24 Rev.
1446 2086 22 23 J.
1479 2086 28 23 F.
1519 2086 106 24 Churton
1632 2086 40 24 has
1678 2088 59 23 been
1745 2089 125 31 appointed

1277 2124 32 31 by
1320 2124 38 24 the
1371 2124 88 33 Bishop
1479 2126 25 23 of
1519 2126 128 30 Australia,
1666 2136 13 15 a
1698 2133 119 26 surrogate
1836 2129 34 23 for

1279 2166 38 24 the
1339 2167 111 31 granting
1472 2167 26 23 of
1511 2169 113 31 marriage
1644 2169 96 23 licenses
1764 2170 25 23 in
1811 2170 58 24 New

1280 2206 110 24 Zealand.

1313 2267 24 24 It
1348 2267 46 24 will
1405 2268 30 23 be
1446 2276 55 15 seen
1511 2269 31 31 by
1554 2277 42 16 our
1608 2270 139 32 advertising
1766 2271 103 24 columns

1279 2307 50 24 that
1340 2307 59 24 their
1417 2316 39 15 are
1479 2316 49 15 now
1547 2313 44 20 two
1610 2309 63 24 clubs
1686 2310 24 23 in
1728 2310 122 25 Britannia
1858 2321 7 19 ;

1282 2347 60 24 their
1354 2347 89 31 objects
1455 2356 39 15 are
1505 2353 40 19 not
1556 2350 111 31 precisely
1679 2350 39 24 the
1730 2359 70 21 same,
1816 2352 53 31 they

1279 2387 50 24 will
1340 2387 99 31 proceed
1451 2389 24 22 in
1486 2389 119 31 harmony,
1618 2390 44 23 and
1672 2399 54 23 may
1744 2391 30 24 be
1791 2396 78 20 mutu-

1279 2427 47 31 ally
1336 2427 86 24 useful.
1460 2428 50 24 The
1528 2429 130 24 Wakefield
1674 2430 60 24 Club
1753 2431 42 24 has
1813 2439 56 24 pur-

1279 2467 84 24 chased
1375 2467 48 24 Mr.
1438 2468 29 24 F.
1481 2469 123 24 Johnson's
1611 2470 71 24 house
1694 2470 35 24 for
1741 2476 129 27 temporary

1278 2515 49 22 use,
1347 2507 43 24 but
1412 2516 34 16 we
1463 2509 141 24 understand
1621 2511 55 23 both
1695 2512 26 23 of
1735 2511 39 24 the
1797 2512 73 24 Clubs

1279 2555 38 16 are
1335 2547 75 33 likely
1429 2552 22 19 to
1470 2553 60 19 erect
1552 2550 115 32 buildings
1686 2551 73 24 which
1778 2551 46 24 will
1842 2552 28 24 be

1279 2596 14 15 a
1304 2587 71 24 credit
1388 2592 23 19 to
1422 2587 39 24 the
1473 2589 138 25 settlement.

1314 2658 24 24 It
1349 2658 48 24 will
1408 2658 28 24 he
1449 2667 53 15 seen
1514 2660 31 30 by
1554 2668 29 16 an
1600 2661 175 25 advertisement
1792 2664 25 22 in
1836 2667 34 20 to-

1279 2697 64 33 day's
1354 2706 72 24 paper
1434 2698 50 24 that
1495 2699 38 24 the
1542 2700 156 25 Government
1709 2702 47 23 sale
1765 2702 25 24 of
1799 2702 71 24 Town

1279 2738 66 23 lands
1369 2743 24 19 at
1415 2738 97 25 Russell
1533 2740 22 23 is
1571 2741 127 31 postponed
1713 2742 60 24 until
1784 2742 86 25 further

1278 2778 83 23 notice.

1267 2845 90 24 LIST
1371 2845 44 25 OF
1428 2846 176 26 LICENSED
1622 2848 198 26 PUBLICANS
1833 2851 35 24 IN

1409 2880 93 24 PORT
1526 2881 214 26 NICHOLSON.

1312 2939 103 25 Richard
1422 2940 99 30 Barrett,
1530 2942 113 25 Barrett's
1650 2943 80 29 Hotel,
1740 2944 126 29 Britannia.

1312 2972 93 32 George
1427 2973 78 25 White
1528 2975 109 30 Bennett,
1660 2977 108 24 Durham
1788 2979 78 33 Arms,

1278 3005 131 25 Britannia.

1312 3038 93 31 George
1423 3040 93 30 Clarke,
1547 3041 92 31 George
1660 3043 54 29 Inn,
1740 3043 126 26 Britannia.

1310 3071 104 24 William
1434 3072 98 32 Couper,
1552 3074 96 31 Thistle,
1667 3076 129 25 Britannia.

1311 3104 88 32 Joseph
1411 3105 94 30 Howes,
1524 3107 103 26 Queen's
1646 3109 75 29 Head,
1741 3110 125 25 Britannia.

1312 3137 91 24 Robert
1410 3139 106 30 Jenkins,
1525 3140 59 24 New
1592 3141 134 30 Zealander,
1740 3142 126 26 Britannia.

1310 3170 106 25 William
1427 3172 133 31 Bannister,
1573 3173 116 25 Lambton
1702 3175 100 30 Tavern,
1815 3177 51 24 Bri-

1278 3204 86 23 tannia.

1312 3236 61 24 Mrs.
1387 3237 90 30 Pierce,
1496 3239 121 24 Britannia
1627 3239 80 31 Hotel,
1726 3241 91 25 Petoni.

1311 3269 105 25 William
1427 3271 51 24 Pitt
1495 3271 97 31 Harvie,
1613 3273 139 26 Caledonian
1770 3275 96 31 Tavern,

1279 3302 92 25 Petoni.

1311 3335 105 25 William
1429 3337 97 29 Garrad,
1545 3338 92 32 Plough
1648 3339 54 30 Inn,
1721 3340 92 25 Petoni.

1313 3368 93 32 George
1418 3369 35 30 H,
1467 3370 96 31 Coglan,
1581 3372 142 31 Australian,
1744 3374 91 25 Petoni.

1312 3402 72 24 Jabez
1408 3402 80 31 Allen,
1507 3404 58 23 Port
1583 3405 127 25 Nicholson
1728 3407 75 25 Hotel
1825 3409 41 24 and

1279 3435 100 30 Tavern,
1389 3436 92 24 Petoni.

1266 3480 162 49 FISHING
1447 3505 179 30 STATIONS,
1651 3507 77 26 OCT.
1751 3511 20 28 1,
1792 3513 71 23 1840.

1312 3565 73 24 Thos.
1400 3565 87 30 Evans,
1509 3567 90 31 Kapiti,
1619 3570 32 25 27
1670 3569 56 30 fish,
1749 3573 47 23 150
1816 3577 50 19 tuns

1280 3599 39 29 oil,
1332 3601 15 22 6
1361 3603 52 19 tons
1424 3599 67 24 bone.

1313 3633 62 23 John
1392 3632 106 32 Medary,
1512 3633 89 31 Kapiti,
1615 3636 14 22 8
1641 3635 52 31 fish,
1707 3639 32 22 50
1757 3641 54 20 tuns
1832 3640 34 28 oil,

1282 3664 32 33 1\
1327 3669 52 20 tons
1390 3666 68 24 bone.

1314 3699 124 31 Daymond
1456 3699 45 25 and
1518 3699 62 32 Ray,
1598 3700 88 34 Kapiti,
1707 3706 32 22 50
1759 3708 53 20 tuns
1832 3706 34 29 oil,

1281 3734 33 30 2g
1326 3737 52 19 tons
1389 3732 69 24 bone.

1314 3765 92 29 Fraser,
1420 3765 79 30 Mana,
1513 3768 32 23 35
1558 3770 53 21 tuns
1624 3768 38 30 oil,
1676 3771 15 22 2
1705 3774 51 19 tons
1767 3771 68 24 bone.

1317 3798 98 31 Captain
1430 3799 101 30 Daniell,
1552 3800 80 30 Mana,
1656 3804 28 22 11
1705 3803 54 29 fish,
1773 3805 31 24 70
1818 3809 48 19 tuns

1281 3831 39 28 oil,
1334 3833 14 22 3
1361 3836 52 19 tons
1424 3832 67 24 bone.

1316 3863 62 28 Eko,
1392 3866 14 20 2
1419 3864 52 28 fish,
1484 3867 14 20 8
1510 3869 54 19 tuns
1577 3866 38 28 oil,
1634 3866 12 31 \
1661 3871 41 20 ton
1711 3869 67 24 bone.

1316 3895 50 23 The
1402 3895 38 23 Sir
1451 3896 102 22 William
1716 3899 29 29 \\
1766 3902 52 27 fisl.,
1841 3905 10 20 \
1856 3906 10 19 2

1283 3931 51 19 Urns
1347 3926 38 22 oil.
1620 3930 9 19 i

702 134 26 28 7,
740 132 111 25 schooner
985 131 123 27 Williams,
1115 129 138 31 Wanganui.

670 167 150 29 Passengers,
838 165 99 23 Messrs.
957 164 31 24 E.
1003 164 22 23 J.
1041 162 137 29 Wakefield,
1197 162 58 24 Bid-

668 198 59 29 well,
741 198 106 28 Sinclair,
860 197 44 24 and
915 196 108 25 Mantell.

702 233 24 27 8,
745 230 110 24 schooner
1049 228 97 30 Barker,
1166 227 89 24 Banks'

669 263 135 25 Peninsula.

894 313 36 20 IN
947 313 84 19 PORT.

702 348 83 23 Cutter
976 345 138 25 Lockwood.

701 380 93 31 Barque
1015 378 139 24 Kettlewell.

702 413 118 24 Schooner

861 445 64 30 Sally
1037 444 127 24 Cummins.

701 512 59 30 Brig

836 574 252 24 THERMOMETER.

843 911 118 19 LATEST
975 910 109 20 DATES.

727 1201 68 22 AND
811 1200 179 23 BRITANNIA
1005 1200 186 24 SPECTATOR.

798 1255 130 27 Saturday,
945 1254 55 22 Oct.
1015 1256 33 25 10,
1065 1256 61 21 1840.

698 1310 45 24 We
765 1310 59 24 have
845 1310 60 24 been
926 1310 82 32 kindly
1031 1310 109 25 favoured
1159 1312 32 30 by
1204 1311 49 24 Mr.

666 1351 79 23 Shand
757 1352 56 22 with
827 1351 38 23 the
873 1351 100 23 London
1006 1351 99 32 Weekly
1114 1352 120 24 Chronicle
1241 1352 13 13 '

665 1392 24 23 of
699 1391 40 24 the
754 1392 58 24 10th
822 1392 66 31 May,
908 1392 132 31 containing
1049 1392 56 31 long
1123 1392 45 24 and
1185 1393 69 23 inter-

665 1432 74 31 esting
750 1436 99 20 extracts
860 1433 59 23 from
933 1432 95 24 Colonel
1039 1432 150 24 Wakefield's
1204 1433 49 23 des-

664 1473 95 30 patches
771 1477 23 19 to
808 1472 37 24 the
863 1472 59 24 New
933 1472 103 24 Zealand
1047 1473 119 31 Company
1184 1474 25 22 of
1217 1474 38 23 the

668 1512 57 24 10th
740 1513 26 23 of
775 1513 101 24 October
883 1513 53 28 last,
948 1514 146 30 announcing
1100 1513 38 24 the
1145 1514 108 30 purchase

665 1553 25 23 of
698 1552 46 24 this
756 1553 138 29 settlement,
907 1553 75 23 which
993 1561 58 16 were
1063 1554 103 23 received
1176 1562 30 16 on
1217 1554 36 24 the

666 1592 44 24 3rd
721 1592 67 31 May.
825 1592 50 24 The
896 1600 63 16 same
971 1601 70 24 paper
1060 1594 102 23 contains
1175 1602 29 15 an
1215 1594 38 23 ad-

665 1633 148 23 vertisement
834 1632 31 31 by
882 1632 39 24 the
940 1632 118 24 Directors
1076 1633 36 23 for
1130 1641 14 15 a
1162 1633 51 32 ship
1230 1637 22 20 to

665 1679 85 24 convey
761 1672 60 24 from
833 1674 49 22 150
900 1676 24 20 to
944 1674 49 22 200
1012 1674 124 30 emigrants
1155 1677 24 19 to
1198 1674 55 23 Port

664 1712 134 30 Nicholson,
818 1716 23 19 to
867 1712 43 23 sail
928 1720 31 15 on
975 1713 39 23 the
1035 1713 58 23 15th
1112 1714 73 29 June;
1205 1714 47 23 also

663 1752 34 24 for
708 1752 98 24 another
817 1752 74 23 vessel
903 1756 23 19 to
940 1760 86 23 convey
1037 1761 13 15 a
1059 1754 88 22 similar
1157 1754 96 23 number

664 1792 25 23 of
697 1800 97 23 persons
808 1797 20 19 to
841 1792 39 24 the
892 1800 63 16 same
975 1793 72 32 place,
1068 1794 46 23 and
1129 1799 23 19 to
1172 1794 41 24 sail
1225 1802 27 16 on

664 1832 36 24 the
714 1835 13 21 1
733 1832 40 24 5th
784 1832 62 31 July.
883 1832 52 24 Our
945 1833 46 23 last
1001 1834 97 24 number
1116 1835 74 23 stated
1204 1835 48 23 that

663 1872 37 24 the
713 1872 108 32 shipping
831 1872 39 24 list
883 1872 25 24 of
921 1873 59 23 18th
997 1874 58 31 May
1071 1874 133 24 announced
1215 1874 36 24 the

663 1912 91 23 charter
778 1912 25 24 of
823 1912 39 24 the
1070 1914 46 23 and

819 1950 74 22 which
916 1950 117 23 doubtless
1050 1958 60 15 were
1128 1951 122 27 chartered,

663 1997 25 16 as
700 1997 33 16 we
746 1989 81 29 stated,
846 1990 25 23 in
884 1997 154 23 consequence
1050 1990 25 23 of
1084 1989 38 24 the
1133 1990 85 32 receipt
1229 1989 24 26 of

663 2030 144 30 satisfactory
818 2029 147 24 information
976 2030 59 23 from
1058 2029 94 24 Colonel
1164 2030 86 24 Wake-

662 2069 62 24 field.

696 2109 77 24 There
795 2110 21 23 is
838 2110 48 24 also
903 2118 31 15 an
944 2110 176 25 advertisement
1131 2110 121 25 addressed

663 2152 22 20 to
695 2156 97 24 persons
806 2149 101 24 desirous
920 2149 27 24 of
956 2150 80 30 taking
1047 2150 125 31 advantage
1184 2151 25 24 of
1214 2150 37 25 the

663 2191 147 30 opportunity
821 2189 25 24 of
856 2190 118 31 obtaining
985 2191 48 23 free
1043 2199 109 23 passages
1165 2195 22 20 to
1206 2191 45 24 this

663 2234 104 27 country.

695 2269 108 25 Another
837 2270 177 25 advertisement
1044 2272 91 23 notifies
1164 2276 22 20 to
1215 2272 37 25 the

663 2309 158 24 shareholders
832 2309 50 24 that
901 2318 14 16 a
933 2311 92 30 general
1042 2312 101 30 meeting
1163 2312 45 23 will
1224 2312 28 24 be

663 2349 84 24 holden
759 2354 24 19 at
794 2350 38 23 the
845 2350 140 32 Company's
997 2351 91 29 House,
1100 2352 78 24 Broad
1184 2356 69 20 street

665 2390 125 31 buildings,
800 2398 28 16 on
839 2390 38 24 the
887 2391 58 24 14th
952 2391 66 32 May,
1030 2396 23 19 to
1064 2394 88 22 receive
1159 2392 38 25 the
1204 2393 49 24 first

663 2435 78 26 report
753 2430 26 23 of
788 2430 39 24 the
838 2430 128 25 Directors.
1001 2432 78 24 When
1090 2440 34 16 we
1141 2434 88 23 receive
1240 2441 13 16 a

664 2478 58 24 copy
744 2470 26 24 of
788 2471 47 23 this
853 2471 130 30 document,
999 2480 34 15 we
1044 2472 47 24 will
1102 2472 55 24 take
1169 2481 51 16 care
1230 2478 22 19 to

663 2511 37 31 lay
712 2511 38 24 the
769 2516 61 19 most
848 2512 136 32 interesting
998 2514 103 30 portions
1119 2514 76 24 before
1213 2522 39 16 our

663 2551 91 24 readers
766 2552 36 24 for
812 2552 60 24 their
882 2553 100 31 perusal.

665 2633 5 5 .
700 2615 50 25 The
763 2615 111 25 schooner
1063 2618 61 24 from
1132 2618 120 24 Launces-

664 2660 47 25 ton,
731 2657 39 23 via
787 2657 51 31 Bay
856 2657 26 24 of
898 2657 91 25 Islands
1013 2658 45 24 and
1080 2658 39 25 the
1143 2658 108 30 Thames,

663 2697 90 24 arrived
764 2697 127 31 yesterday,
903 2697 44 24 but
959 2698 38 23 did
1008 2704 41 18 not
1060 2699 68 31 bring
1138 2707 30 16 us
1183 2700 70 23 either

663 2738 54 25 Van
728 2738 120 24 Dieman's
855 2738 69 25 Land
931 2747 26 16 or
962 2739 53 32 Bay
1023 2740 25 23 of
1056 2740 93 24 Islands
1156 2749 91 23 papers.

663 2778 25 25 A
697 2778 69 25 letter
777 2779 58 23 from
847 2779 39 24 the
898 2779 52 31 Bay
962 2779 68 24 dated
1046 2780 40 24 the
1104 2781 64 24 22nd
1187 2782 63 31 Sept.

745 2818 52 25 that
808 2819 48 24 His
879 2819 143 33 Excellency
1039 2821 97 31 Captain
1156 2821 95 24 Hobson

663 2867 47 16 was
723 2859 89 31 shortly
823 2864 23 19 to
857 2860 100 31 proceed
968 2860 25 24 in
1004 2860 75 25 H.M.
1090 2861 52 32 brig-

662 2900 44 23 rite
773 2900 39 23 the
823 2899 110 25 Thames.
977 2900 48 25 She
1042 2901 47 24 had
1107 2906 40 19 not
1165 2902 86 24 arrived

663 2944 23 19 at
697 2939 39 25 the
747 2939 101 25 Thames
859 2940 69 24 when
938 2940 39 25 the
1012 2941 123 24 Elizabeth
1173 2942 77 29 sailed,

661 2980 43 23 but
726 2987 34 17 we
780 2988 38 16 are
841 2980 114 25 informed
975 2981 52 24 that
1048 2982 39 23 the
1110 2982 61 24 Rev.
1202 2982 47 24 Mr.

662 3020 90 29 Butler,
771 3020 51 24 who
839 3022 21 23 is
872 3029 14 15 a
896 3029 133 24 passenger,
1041 3027 90 26 reports
1143 3022 50 24 that
1206 3022 45 24 His

662 3059 151 31 Excellency,
826 3060 57 24 after
895 3068 15 15 a
921 3060 64 24 short
997 3065 51 27 stay
1060 3065 24 20 at
1095 3061 38 24 the
1144 3060 116 25 intended'

663 3104 49 19 seat
723 3099 26 24 of
762 3099 39 24 his
813 3100 165 30 Government,
986 3100 76 25 would
1073 3109 63 16 come
1148 3100 67 25 down
1226 3101 25 24 in

662 3139 39 23 the
875 3145 23 18 to
910 3140 56 23 visit
977 3140 58 24 Port
1047 3141 135 24 Nicholson.

696 3203 44 24 We
764 3203 43 24 call
818 3203 113 24 attention
952 3207 23 20 to
994 3212 15 15 a
1025 3205 77 23 notice
1117 3205 24 23 in
1154 3205 97 32 to-day's

661 3251 79 25 paper,
747 3243 60 24 from
813 3243 39 24 the
860 3243 252 31 Surveyor-General's
1124 3245 84 30 Office,
1222 3253 29 16 on

661 3284 40 23 the
712 3283 91 33 subject
813 3283 26 24 of
846 3283 109 31 marking
967 3285 46 22 out*
1025 3283 38 25 the
1082 3285 136 25 boundaries
1229 3286 25 24 of

662 3324 74 24 Town
747 3324 75 24 Acres
834 3324 46 23 and
898 3324 104 32 Country
1022 3325 113 24 Sections.
1171 3326 26 24 It
1207 3326 42 24 has

660 3364 61 23 been
743 3363 73 24 called
830 3363 62 24 forth
909 3365 27 22 in
954 3372 155 23 consequence
1126 3365 26 24 of
1167 3366 84 24 several

661 3405 151 30 applications
823 3408 25 19 to
857 3405 68 30 point
936 3408 40 20 out
985 3412 64 16 more
1068 3405 54 25 than
1141 3414 56 17 once
1215 3407 36 24 the

661 3444 73 23 limits
757 3444 26 23 of
802 3443 39 24 the
864 3451 63 16 same
945 3448 61 19 town
1027 3452 72 17 acres.
1134 3446 59 25 Now
1204 3447 19 24 it
1232 3445 19 25 is

661 3483 93 24 evident
764 3483 50 24 that
825 3483 39 24 the
875 3483 54 24 task
941 3484 75 23 would
1026 3484 29 25 be
1074 3486 90 24 endless
1180 3487 22 23 if
1214 3487 37 24 the

663 3523 140 31 Company's
815 3530 122 24 surveyors
950 3531 37 16 are
999 3528 23 19 to
1033 3532 29 24 go
1075 3533 52 16 over
1135 3528 67 29 again
1209 3527 44 24 and

662 3565 69 29 again
752 3563 40 24 the
815 3570 62 17 same
900 3564 94 23 section.
1042 3565 51 24 The
1115 3567 136 24 boundaries

661 3603 87 30 having
759 3603 59 23 been
829 3610 56 16 once
893 3603 111 31 correctly
1011 3604 101 30 marked,
1124 3607 19 22 it
1150 3606 102 24 becomes

662 3642 39 24 the
714 3642 55 31 duty
781 3643 26 23 of
823 3642 40 24 the
875 3650 89 17 owners
976 3652 25 15 or
1020 3649 82 26 agents
1121 3650 24 19 at
1164 3654 54 16 once
1229 3650 23 20 to

663 3683 56 23 affix
729 3682 80 24 marks
820 3682 31 32 by
862 3682 75 24 which
948 3683 54 31 they
1014 3692 42 15 can
1067 3686 70 30 easily
1156 3687 48 22 find
1214 3692 39 18 out

663 3722 60 24 their
735 3730 52 16 own
797 3723 61 28 land,
871 3723 46 23 and
927 3723 21 23 if
957 3723 46 23 this
1015 3723 28 24 be
1061 3728 41 20 not
1119 3725 67 30 done,
1204 3727 19 22 it
1233 3727 20 23 is

664 3763 92 23 evident
767 3763 50 24 that
828 3763 140 31 subsequent
980 3763 174 31 demarcations,
1171 3766 81 23 should

663 3802 30 24 be
703 3803 73 29 made,
789 3803 31 31 by
830 3803 89 31 private
929 3811 129 24 surveyors,
1072 3810 24 18 at
1107 3805 39 24 the
1155 3813 98 24 expence

665 3842 26 24 of
698 3844 148 30 proprietors.

700 3882 51 23 The
773 3889 62 16 same
858 3882 176 25 advertisement
1056 3893 129 16 announces
1206 3884 49 24 that

668 3920 317 32 clevensection^arestill
1006 3930 56 18 open
1082 3928 21 20 to
1116 3925 88 27 choice,;
1211 3925 42 23 an-1

116 3351 167 24 SHIPPING
302 3351 271 28 INTELLIGENCE.

273 3410 148 23 ARRIVED.

99 3446 100 24 October
222 3447 24 26 3,
273 3446 108 23 schooner
595 3450 39 28 90,

53 3479 97 30 Barker,
155 3480 61 22 from
222 3478 40 24 the
270 3478 90 24 Straits.
380 3479 148 32 Passengers,
537 3481 97 25 Messrs.

53 3512 127 24 Machattie
192 3511 45 24 and
249 3511 70 24 Hair.

87 3554 25 26 8,
130 3552 110 24 schooner
283 3551 65 31 Sally
457 3553 40 29 70,
510 3553 124 31 Cummins,

53 3585 60 24 from
124 3585 70 24 Blind
204 3585 67 31 Bay;
289 3593 75 23 cargo,
377 3587 32 23 39
426 3586 53 31 pigs
496 3586 44 24 and
553 3589 16 21 2
586 3591 49 20 tons

53 3622 111 28 potatoes.

87 3659 25 27 9*
124 3657 111 25 schooner
443 3657 59 24 from
520 3659 116 24 Launces-

53 3695 48 25 ton,
115 3690 49 31 Bay
175 3690 26 24 of
216 3690 100 30 Islands,
329 3691 44 23 and
383 3690 39 24 the
435 3691 108 25 Thames.
579 3692 57 24 Pas-

53 3730 90 25 senger,
155 3723 39 24 the
205 3723 61 24 Rev.
279 3723 22 24 J.
315 3724 31 24 G.
359 3724 90 24 Butler.

290 3785 119 20 SAILED.

87 3816 101 25 October
213 3819 25 26 4,
258 3817 51 31 ship
562 3819 73 32 Ryan,

53 3849 38 25 for
102 3849 112 31 Bombay.

90 3889 116 24 Schooner
399 3892 40 27 28,
459 3890 135 39 M'Grpoyr,
606 3892 33 22 for

2015 125 141 24 SYDNEY
2173 125 193 24 EXTRACTS.

1898 178 23 9 -^
1931 165 61 24 New
2010 165 126 24 Zealand
2156 165 120 25 Mission.
2313 167 100 23 Extract
2427 166 63 24 from

1897 206 14 15 a
1921 198 67 23 letter
1999 198 59 24 from
2070 198 88 32 Bishop
2170 198 148 32 Pompallier,
2330 198 71 25 Vicar
2408 198 80 32 Apos-

1897 231 54 23 tolic
1962 231 25 23 of
1997 231 56 24 New
2065 231 108 29 Zealand,
2187 231 67 24 dated
2264 232 59 24 29th
2332 231 63 32 July,
2410 234 80 24 1840:

1932 263 53 24 God
2002 264 43 23 has
2060 264 79 23 shown
2154 264 37 23 his
2208 266 96 23 mercies
2324 272 62 24 upon
2396 272 38 24 my
2447 273 42 16 ex-

1897 298 88 22 tensive
1997 296 70 24 flock.
2102 296 14 24 1
2126 297 60 23 have
2198 298 110 29 received,
2321 298 109 31 recently,
2445 303 45 19 two

1896 331 84 29 priests
2003 329 45 24 and
2070 334 43 19 two
2136 330 129 25 catechists.
2314 331 13 24 I
2358 330 57 24 have
2438 338 52 17 now

1897 363 80 23 twelve
1987 363 84 31 priests
2083 362 44 24 and
2140 362 63 31 eight
2210 364 129 24 catechists.
2377 364 36 22 Of
2417 363 73 30 these,

1897 395 64 24 three
1971 397 84 30 priests
2067 395 44 24 and
2121 395 64 24 three
2198 397 120 23 catechists
2331 404 38 16 are
2386 397 25 22 in
2427 398 63 23 vari-

1898 436 41 16 ous
1951 428 87 24 islands
2045 437 6 21 ;
2070 428 39 24 the
2119 433 47 19 rest
2179 437 38 15 are
2229 430 54 23 with
2294 429 88 32 myself
2390 430 25 23 in
2431 430 59 24 New

1897 461 109 24 Zealand.
2043 461 13 24 I
2078 461 57 24 have
2150 461 51 31 just
2219 467 51 19 sent
2286 468 46 18 two
2349 463 84 29 priests
2445 463 47 24 and

1898 502 42 16 one
1952 494 126 24 chatechist
2088 499 23 18 to
2123 494 90 24 Middle
2225 494 88 30 Island,
2333 495 100 24 wherein
2451 496 41 24 the

1897 527 134 24 Protestant
2041 527 155 24 missionaries
2206 528 58 24 have
2275 534 41 19 not
2333 532 40 28 yet
2390 529 102 31 brought

1898 560 38 23 the
1948 560 111 31 kingdom
2070 560 25 23 of
2105 560 59 23 their
2175 569 51 15 own
2238 561 114 30 interests,
2366 561 74 24 which
2447 562 44 24 has

1897 593 126 24 succeeded
2045 601 24 15 so
2091 593 52 24 well
2165 593 36 24 for
2222 593 63 25 them
2307 595 26 23 in
2356 593 39 25 the
2413 594 79 25 North

1898 626 87 25 Island.
2024 626 52 24 God
2097 626 42 24 has
2159 628 72 29 given
2252 635 36 16 me
2312 628 38 23 the
2369 627 62 24 souls
2443 628 47 24 and

1897 659 77 23 hearts
1985 660 27 23 of
2018 659 39 24 the
2068 659 57 24 New
2137 660 137 24 Zealanders
2283 660 36 24 for
2331 660 95 24 himself
2444 661 47 24 and

1898 692 59 23 their
1964 693 135 23 salvation
2101 693 77 24 others
2188 698 40 26 get
2238 694 59 23 their
2309 692 75 25 lands.
2420 694 70 25 Since

1897 733 39 23 my
1944 726 130 23 settlement
2080 731 23 17 at
2110 726 38 24 the
2159 726 46 31 Bay
2213 726 25 24 of
2244 727 100 29 Islands,
2353 726 39 24 the
2396 727 94 24 labours

1898 760 23 21 ot
1928 766 38 23 my
1977 759 96 24 mission
2078 759 58 23 have
2143 759 112 24 extended
2262 760 69 24 much
2339 767 63 17 more
2410 760 82 32 widely

1897 792 57 22 than
1960 792 54 29 they
2022 792 65 23 could
2093 792 57 24 have
2157 792 56 24 done
2221 797 24 19 at
2252 793 136 30 Hokianga.
2419 793 73 24 Com-

1897 826 152 22 munications
2060 825 101 23 between
2173 826 45 22 this
2230 826 64 30 place
2302 827 45 23 and
2354 826 65 23 other
2425 831 66 26 parts

1897 865 39 15 are
1947 858 112 30 frequent,
2072 858 43 23 and
2126 858 40 23 the
2177 859 88 23 natives
2276 860 26 22 of
2318 866 69 23 every
2404 865 53 25 part
2469 859 26 24 of

1898 890 58 23 New
1968 890 101 24 Zealand
2079 890 58 23 have
2150 892 164 30 opportunities
2326 896 24 19 to
2363 899 38 16 see
2413 893 46 22 and
2465 897 24 19 to

1897 922 55 25 hear
1963 924 117 31 somthing
2086 924 25 23 of
2119 924 40 23 the
2172 924 103 24 Catholic
2283 924 96 24 church.
2415 925 75 30 Here,

1897 957 57 29 also,
1978 957 13 24 I
2010 957 56 23 have
2084 965 69 23 many
2172 957 96 24 chances
2287 959 26 22 of
2321 959 101 30 meeting
2434 959 57 23 with

1897 990 38 24 the
1958 998 79 16 means
2060 991 25 23 of
2105 999 141 23 conveyance
2269 995 23 19 to
2311 992 87 23 distant
2410 992 80 24 tribes.

1898 1023 122 31 Recently,
2043 1024 14 23 I
2067 1024 58 23 have
2142 1024 68 29 been,
2234 1024 83 32 during
2335 1030 45 18 two
2398 1025 94 23 months

1897 1056 46 24 and
1954 1065 13 15 a
1978 1057 56 28 half,
2046 1061 106 26 amongst
2163 1056 38 24 the
2213 1058 70 22 tribes
2295 1058 26 23 of
2330 1057 39 24 the
2381 1058 111 24 southern

1896 1094 53 26 part
1961 1090 26 23 of
1996 1089 45 24 this
2053 1090 74 23 island
2134 1099 5 19 ;
2161 1090 45 23 and
2217 1089 31 25 all
2259 1091 66 23 those
2337 1090 14 24 I
2370 1094 47 20 met
2434 1091 57 23 with

1896 1122 59 24 have
1966 1122 120 24 embraced
2097 1123 38 23 the
2147 1123 104 24 Catholic
2259 1124 65 28 faith,
2340 1123 46 24 and
2392 1131 38 16 are
2438 1132 52 16 now

1896 1157 125 30 preparing
2032 1159 23 20 to
2066 1156 88 24 receive
2165 1156 40 24 the
2216 1161 128 19 sacrament
2352 1156 26 24 of
2381 1157 109 31 baptism.

1897 1188 67 32 They
1977 1188 67 24 know
2057 1189 38 23 the
2109 1189 113 31 principal
2239 1190 78 31 points
2336 1189 25 24 of
2377 1198 40 15 our
2436 1190 56 31 holy

1896 1221 66 30 faith,
1987 1222 45 24 and
2054 1230 66 24 every
2144 1222 43 31 day
2205 1223 54 31 they
2276 1230 63 17 meet
2349 1223 105 31 together
2466 1225 25 22 in

1897 1255 57 24 each
1964 1256 67 28 tribe,
2044 1260 23 19 to
2080 1256 71 23 recite
2163 1256 59 23 their
2233 1257 107 30 morning
2358 1256 45 23 and
2420 1264 70 17 even-

1897 1289 41 30 ing
1948 1296 102 24 prayers,
2062 1293 23 19 to
2095 1289 54 23 read
2161 1297 14 15 a
2186 1289 123 24 catechism
2321 1289 75 24 which
2408 1289 12 24 I
2429 1289 61 25 have

1897 1323 90 22 written
1999 1323 23 22 in
2034 1322 58 23 their
2109 1322 122 32 language,
2251 1323 45 23 and
2314 1327 24 20 to
2357 1323 53 31 sing
2427 1331 64 16 some

1897 1355 80 24 sacred
1987 1355 91 31 hymns,
2090 1359 22 20 to
2124 1356 98 31 impress
2236 1356 36 23 the
2285 1356 110 24 essential
2413 1356 77 24 truths

1897 1388 27 24 of
1943 1388 96 31 religion
2061 1396 30 15 on
2112 1388 61 24 their
2184 1390 129 24 memories.
2351 1388 52 24 The
2418 1390 72 23 tribes

1897 1421 74 23 which
1982 1421 58 24 have
2051 1421 58 24 been
2121 1422 121 23 converted
2259 1430 37 16 are
2313 1430 26 16 so
2357 1429 133 23 numerous,

1897 1454 50 24 that
1959 1454 13 24 I
1985 1460 83 18 cannot
2078 1455 81 31 satisfy
2170 1455 59 24 their
2240 1460 73 19 wants
2324 1456 31 30 by
2362 1463 39 23 my
2408 1456 83 23 minis-

1897 1493 45 26 try.
1978 1488 14 23 I
2005 1492 68 19 count
2086 1489 47 25 170
2145 1488 74 24 which
2238 1489 14 23 I
2270 1489 59 23 have
2348 1489 84 23 visited
2444 1489 46 24 and

1897 1521 81 31 taught
1991 1521 82 31 during
2084 1521 37 24 the
2132 1522 44 23 few
2188 1522 55 30 days
2262 1522 12 23 I
2293 1522 117 24 remained
2418 1531 7 19 ;
2446 1522 46 24 and

1898 1562 43 16 one
1952 1554 67 31 thing
2031 1554 19 24 is
2061 1554 150 31 providential
2246 1563 70 24 many
2334 1555 65 24 other
2410 1556 79 29 tribes,

1896 1592 42 19 not
1959 1592 40 26 yet
2020 1587 89 29 visited,
2134 1595 39 16 are
2191 1588 31 31 by
2239 1597 80 15 means
2338 1588 26 23 of
2373 1588 37 23 the
2423 1589 68 24 small

1898 1621 124 23 catechism
2044 1621 78 32 nearly
2144 1628 26 16 as
2187 1622 94 23 learned
2292 1630 26 16 as
2330 1621 66 25 those
2406 1622 14 23 I
2432 1622 60 24 have

1896 1653 91 29 visited,
2010 1654 85 30 having
2111 1655 60 22 been
2189 1655 47 22 also
2254 1656 82 30 taught
2347 1655 32 30 by
2391 1655 38 23 the
2442 1656 48 23 oral

1897 1687 108 23 tradition
2029 1688 24 22 of
2068 1687 64 24 those
2151 1688 50 23 who
2219 1688 69 24 heard
2305 1695 37 17 me
2355 1696 26 15 or
2392 1696 63 16 some
2469 1689 26 23 of

1897 1728 39 23 my
1947 1721 91 30 priests.
2081 1721 77 24 These
2169 1721 74 23 follow
2255 1721 38 24 the
2306 1729 63 16 same
2377 1723 115 22 exercises

1898 1761 25 15 as
1947 1753 54 31 they
2020 1753 28 24 do
2066 1754 74 23 whom
2158 1754 12 23 I
2182 1755 58 23 have
2250 1755 59 23 been
2321 1754 63 29 with,
2398 1754 45 24 and
2453 1759 40 26 yet

1897 1787 54 30 they
1970 1787 57 23 have
2045 1792 40 18 not
2102 1795 55 16 seen
2175 1788 38 23 the
2232 1788 48 23 face
2293 1789 26 22 of
2329 1795 45 23 any
2386 1787 106 24 Catholic

1897 1820 145 31 missionary.
2090 1820 50 24 Oh!
2161 1820 123 24 wonderful
2307 1828 76 25 power
2406 1821 25 23 of
2452 1822 40 23 the

1898 1860 67 24 grace
1977 1853 26 23 of
2013 1861 41 16 our
2065 1853 71 29 Lord,
2149 1854 51 23 who
2212 1855 81 22 assists
2305 1855 39 23 the
2356 1854 93 23 labours
2468 1855 26 23 of

1898 1886 37 23 his
1947 1886 78 23 lawful
2035 1888 116 22 ministers
2163 1888 70 22 above
2252 1888 38 22 the
2309 1886 183 33 understanding

1899 1919 25 23 of
1933 1927 61 21 men,
2007 1920 45 23 and
2062 1920 70 23 fulfils
2145 1920 49 23 that
2211 1925 60 19 most
2289 1921 130 24 efficacious
2437 1929 55 23 pro-

2093 1959 42 21 ego
2152 1953 117 22 vobiscum
2281 1960 60 19 sum,
2459 1954 36 21 At

1898 1985 93 26 present
2013 1981 82 23 almost
2116 1982 33 23 all
2159 1983 39 23 the
2222 1984 88 22 natives
2329 1983 25 23 of
2363 1983 38 23 the
2414 1983 77 23 North

1900 2013 80 24 Island
1991 2014 83 31 belong
2085 2019 22 19 to
2119 2015 40 23 the
2172 2015 104 24 Catholic
2288 2015 96 24 church.
2421 2016 13 23 I
2448 2024 44 15 can

1899 2052 131 18 enumerate
2052 2048 61 23 souls
2134 2053 24 18 to
2177 2048 38 23 the
2233 2054 95 19 amount
2346 2048 26 24 of
2388 2051 102 27 35,000.

1900 2079 63 24 Such
1973 2081 22 22 is
2006 2080 39 24 the
2055 2081 64 23 work
2130 2081 27 23 of
2167 2081 53 24 God
2231 2083 84 22 amidst
2327 2081 31 25 all
2370 2089 40 16 our
2429 2083 62 23 diffi-

1899 2114 93 29 culties;
2013 2114 51 29 and,
2086 2114 204 32 notwithstanding
2308 2116 39 23 the
2366 2116 126 24 calumnies

1899 2147 45 23 and
1953 2147 114 24 invidious
2078 2151 108 27 attempts
2198 2148 26 23 of
2239 2156 40 16 our
2299 2149 108 24 enemies.
2450 2150 43 24 All

1899 2180 38 23 the
1971 2180 143 24 Protestants
2150 2186 41 18 not
2224 2182 165 29 missionaries,
2431 2182 61 24 have

1898 2213 80 24 shown
1999 2221 37 16 me
2057 2221 68 24 every
2147 2215 67 23 mark
2233 2215 24 24 of
2266 2220 86 19 esteem
2365 2214 45 24 and
2420 2215 71 24 kind-

1898 2254 61 21 ness,
1977 2247 25 23 in
2020 2254 65 23 every
2107 2251 53 27 part
2183 2248 25 22 of
2224 2248 57 24 New
2293 2248 110 24 Zealand.
2440 2250 52 24 The

1898 2279 140 24 Lieutenant
2051 2280 119 23 Governor
2187 2281 42 23 has
2248 2282 80 23 shown
2339 2289 38 16 me
2390 2283 48 23 also
2452 2283 40 23 the

1897 2317 101 27 greatest
2021 2314 110 23 attention
2154 2314 45 23 and
2226 2315 161 25 benevolence.
2423 2317 69 23 Aus-

1898 2354 147 16 tralasian
2058 2346 160 25 Chronicle.

1932 2380 48 23 Mr.
1993 2380 76 23 James
2082 2380 135 24 Macarthur
2225 2389 52 23 says
2289 2382 51 23 that
2347 2381 39 24 the
2392 2387 94 26 present

1898 2413 89 23 session
1999 2413 24 23 of
2033 2414 88 23 council
2138 2413 43 24 has
2198 2414 59 23 been
2274 2415 171 24 characterised
2460 2416 32 30 by

1898 2446 57 23 such
1973 2446 142 24 remarkable
2130 2447 101 23 features
2250 2455 24 15 as
2297 2448 47 24 will
2363 2457 83 15 ensure
2466 2454 24 18 to

1898 2479 58 23 New
1968 2479 75 24 South
2052 2479 80 25 Wales
2144 2488 14 16 a
2175 2482 131 30 prominent
2324 2481 63 32 place
2406 2490 86 23 among

1898 2513 107 28 nations;
2019 2513 44 24 and
2079 2512 49 25 that
2145 2513 38 24 the
2202 2514 83 31 speech
2305 2515 25 23 of
2345 2515 37 23 his
2404 2514 89 25 Excel-

1898 2545 67 30 lency
1977 2546 39 23 the
2034 2546 120 24 Governor
2172 2555 60 23 upon
2252 2547 39 24 the
2309 2547 59 25 New
2387 2548 103 24 Zealand

1899 2580 106 30 question
2015 2579 46 24 will
2071 2580 29 23 be
2111 2579 85 25 looked
2213 2589 61 23 upon
2286 2581 46 23 and
2349 2582 101 23 referred
2469 2586 23 20 to

1900 2620 25 15 as
1948 2620 43 16 one
2010 2612 25 23 of
2055 2612 38 24 the
2110 2617 62 19 most
2189 2614 125 30 important
2332 2618 59 20 state
2408 2623 85 23 papers

1900 2649 87 20 extant.
2028 2645 36 24 To
2075 2645 38 24 the
2132 2646 51 23 first
2201 2647 26 22 of
2248 2647 65 24 these
2335 2648 106 24 remarks
2460 2656 33 15 we

1900 2686 41 22 say
1951 2678 105 32 nothing,
2074 2686 32 21 as,
2126 2686 31 16 no
2176 2679 77 30 doubt,
2272 2681 40 23 the
2330 2680 123 31 brilliancy
2471 2681 26 24 of

1900 2711 39 23 the
1949 2717 94 25 present
2054 2712 88 23 session
2153 2713 20 23 is
2185 2714 147 24 attributable
2344 2718 24 19 to
2379 2714 39 24 the
2437 2715 55 23 hon.

1900 2744 122 24 member's
2045 2752 48 16 own
2117 2745 83 25 talents
2223 2747 44 23 and
2286 2748 117 23 exertions
2412 2757 7 20 ;
2440 2749 50 28 but,

1900 2777 55 24 with
1965 2783 90 26 respect
2067 2783 22 18 to
2100 2778 40 25 the
2152 2778 74 30 latter,
2240 2780 111 31 although
2362 2789 33 16 we
2413 2780 77 30 know,

1900 2811 45 23 and
1968 2811 58 23 have
2048 2820 63 16 more
2135 2812 56 24 than
2209 2819 55 18 once
2283 2813 83 30 stated,
2386 2814 50 24 that
2455 2815 38 23 the

1900 2845 84 31 speech
2001 2845 99 24 referred
2118 2850 24 19 to
2162 2853 46 17 was
2226 2855 14 15 a
2250 2847 111 31 masterly
2373 2848 119 31 specimen

1901 2878 25 23 of
1942 2878 122 31 eloquence
2075 2879 44 23 and
2131 2879 61 31 legal
2201 2884 54 25 tact,
2274 2888 34 16 we
2323 2885 40 26 yet
2373 2881 61 31 hope
2445 2881 46 23 and

1900 2911 88 24 believe
2000 2911 49 24 that
2065 2911 37 24 his
2121 2912 141 32 Excellency
2281 2914 22 23 is
2315 2919 37 18 too
2365 2914 37 23 old
2413 2921 14 16 a
2439 2914 53 23 bird

1900 2949 24 19 to
1935 2944 28 24 be
1976 2945 83 30 caught
2076 2945 54 23 with
2149 2945 39 24 the
2414 2947 28 23 of
2453 2947 39 24 the

1900 2978 54 23 hon.
1963 2978 101 23 member
2069 2978 35 23 for
2114 2978 111 23 Camden.
2261 2979 69 24 Ibid.

1944 3010 140 24 Lieutenant
2105 3010 103 31 Lugard,
2232 3012 76 29 E.E.,
2332 3012 111 31 proceeds
2467 3017 23 19 to

1900 3043 58 23 New
1970 3043 101 23 Zealand
2080 3043 24 22 in
2117 3052 15 14 a
2142 3043 42 23 few
2196 3044 63 32 days,
2279 3045 37 24 for
2335 3045 38 24 the
2391 3053 101 24 purpose

1900 3076 26 23 of
1939 3076 97 30 making
2046 3084 14 15 a
2069 3076 109 32 millitary
2190 3085 82 24 survey
2292 3079 26 23 of
2332 3078 39 24 the
2387 3079 87 23 islands
2483 3088 7 20 ;

1900 3113 13 19 d
1923 3108 64 24 clerk
1999 3109 25 23 of
2039 3109 37 23 the
2087 3109 85 30 works,
2184 3111 46 23 and
2241 3119 13 16 a
2270 3111 98 24 number
2389 3112 26 23 of
2429 3112 63 24 mili-

1899 3146 51 26 tary
1961 3142 109 23 artificers
2081 3142 47 24 will
2139 3142 48 24 also
2203 3144 97 31 proceed
2319 3144 73 25 there.
2440 3146 52 23 The

1924 3174 102 24 Harvest
2152 3176 13 24 I
2176 3177 95 30 believe,
2284 3178 42 24 has
2343 3178 59 24 been
2422 3179 66 24 char-

1899 3208 64 23 tered
1973 3208 37 23 for
2020 3208 38 24 the
2069 3217 108 24 purpose.

1934 3241 74 24 Good
2020 3241 85 25 News.
2145 3243 47 24 His
2213 3243 143 32 Excellency
2373 3245 77 23 stated
2467 3249 23 19 to

1899 3274 39 23 the
1951 3275 88 24 council
2051 3283 28 16 on
2090 3276 147 31 Wednesday
2246 3278 54 29 last,
2316 3277 50 24 that
2377 3278 111 31 indepen-

1899 3307 55 24 dant
1972 3308 26 24 of
2012 3308 38 25 the
2067 3314 108 26 prospect
2191 3311 26 22 of
2229 3310 65 24 there
2310 3311 71 31 being
2398 3319 15 15 a
2430 3311 60 32 good

1898 3340 100 30 harvest,
2021 3349 30 17 no
2072 3342 47 24 less
2143 3350 29 16 an
2194 3348 95 19 amount
2311 3343 27 24 of
2352 3344 75 24 wheat
2445 3352 45 15 was

1898 3375 112 31 expected
2030 3376 59 23 from
2111 3376 87 30 foreign
2221 3381 65 27 ports
2314 3376 57 24 than
2399 3378 91 23 sixteen

1897 3407 105 25 hundred
2014 3413 111 27 quarters.
2156 3408 52 25 The
2222 3410 87 24 millers
2320 3409 59 25 have
2389 3410 102 32 brought

1898 3441 46 24 this
1956 3441 31 24 all
1998 3449 60 24 upon
2069 3441 137 24 themselves
2241 3443 82 24 honest
2334 3450 54 17 men
2395 3444 6 23 !

1940 3474 123 25 Cricket.
2099 3474 25 25 It
2146 3475 20 24 is
2189 3476 168 31 contemplated
2379 3476 51 24 that
2452 3476 38 24 the

1898 3507 135 25 Australian
2049 3507 44 25 and
2112 3508 81 24 Union
2217 3508 72 25 Clubs
2312 3509 47 24 will
2381 3509 58 24 have
2460 3517 29 16 an

1897 3541 155 31 introductory
2063 3541 77 23 match
2151 3541 36 24 for
2201 3549 15 16 a
2234 3550 85 23 supper
2338 3550 28 16 on
2386 3542 104 31 Monday

1897 3574 74 24 week.
2018 3574 50 24 The
2086 3574 96 24 wickets
2198 3575 46 23 will
2262 3576 30 23 be
2309 3575 94 32 pitched
2420 3584 16 16 a
2446 3576 41 24 few

1898 3615 68 24 paces
1978 3612 23 19 to
2013 3607 38 24 the
2062 3608 117 23 westward
2192 3608 26 23 of
2232 3608 39 24 the
2284 3609 37 24 old
2333 3609 51 29 site,
2396 3609 47 24 and
2454 3609 34 23 for

1898 3641 51 23 that
1958 3648 99 23 purpose
2076 3640 38 23 the
2138 3640 90 31 ground
2248 3642 21 23 is
2290 3642 71 30 being
2383 3641 103 25 levelled.

1900 3673 51 24 The
1963 3681 82 16 season
2060 3674 113 30 promises
2190 3678 23 19 to
2236 3683 14 15 a
2268 3676 106 30 sporting
2392 3683 43 16 one
2453 3674 35 24 for

1898 3707 46 23 this
1956 3714 75 23 game,
2043 3714 25 15 as
2079 3706 18 23 it
2109 3707 21 22 is
2146 3708 116 31 generally
2281 3708 141 24 understood
2439 3708 49 23 that

1900 3739 65 24 when
1978 3739 37 23 the
2027 3739 58 24 28th
2096 3740 114 30 regiment
2221 3741 67 24 takes
2300 3749 32 25 up
2343 3741 30 24 its
2386 3746 101 26 quarters

1899 3774 24 22 id
1940 3772 94 31 Sydney
2055 3773 89 23 several
2166 3775 102 23 matches
2287 3774 47 24 will
2357 3774 28 24 be
2406 3772 81 33 played

1899 3806 102 23 between
2012 3805 38 24 the
2061 3805 100 32 military
2172 3807 45 23 and
2229 3808 37 23 the
2283 3807 111 24 civilians.
2438 3805 49 25 The

1899 3839 76 23 lovers
1998 3838 25 24 of
2049 3840 90 29 aquatic
2162 3845 75 26 sports
2260 3840 84 25 should
2372 3840 70 31 begin
2464 3843 22 18 to

1898 3880 96 22 prepare
2006 3871 35 24 for
2052 3871 59 24 their
2122 3874 81 30 spring
2224 3878 97 27 regatta.
2359 3873 126 24 Commer-

1900 3911 57 16 cial
1970 3904 128 24 Journal.

2097 3937 47 23 -On
2160 3939 121 30 Thursday
2300 3939 112 28 morning.
2436 3935 52 26 10th

534 51 100 30 THE
656 49 112 32 NEW
790 48 229 32 ZEALAND
1042 45 227 34 GAZETTE
1290 46 102 31 AND
1416 44 277 33 BRITANNIA
1717 44 293 31 SPECTATOR.

737 611 30 20 eel

789 616 33 15 em

838 616 36 19 ing

913 616 46 14 iursi

969 611 38 24 lay,

1088 615 28 13 ier

775 656 60 16 Morn.

883 656 59 16 Even.

986 655 61 17 Wind.
1062 653 4 29 |

1116 654 91 17 Weather.

668 698 29 16 Frl

668 719 30 16 Sat

668 740 43 15 Sun.
731 750 18 6 ...

669 760 50 16 Mon.
730 771 19 6 ...

668 781 54 16 Tues.
730 792 19 6 ...

668 801 50 16 Wed.
732 813 17 5 ...

668 822 81 18 Thurs...

795 697 22 16 57

795 718 22 16 48

795 738 23 16 54

796 759 21 16 57

796 780 21 16 59

796 801 21 16 59

797 822 20 16 65

901 697 22 17 58

901 718 21 16 56

902 738 21 16 58

902 759 21 16 58

901 780 22 16 62

901 800 20 16 61

902 822 21 15 69

996 696 54 18 N.W.
1077 696 66 21 Strong
1147 696 15 16 &
1167 695 69 22 cloudy.

996 717 54 18 N.W.
1076 717 55 20 Light
1135 717 14 16 &
1153 716 42 17 fine.

998 738 29 17 W.
1076 737 55 21 Light
1134 738 14 16 &
1153 742 44 16 very
1202 738 40 17 fine.

998 759 52 16 N.W.
1078 759 66 19 Strong
1147 759 15 16 &
1167 758 69 21 cloudy.

998 779 52 18 N.W.
1077 779 57 17 Fresh
1141 780 15 16 &
1162 779 41 17 fine.

998 800 52 17 N.W.
1078 799 92 17 Moderate
1176 800 14 16 &
1195 800 40 16 fine.
1252 812 9 6 .

998 822 19 16 8.
1078 820 56 21 Light
1138 821 15 16 &
1157 824 43 17 very
1204 820 42 16 fine.

687 863 64 18 Mean.

793 864 27 16 57.

902 863 49 16 60.29

668 947 98 23 London
1032 946 58 31 May
1116 946 38 28 17,
1181 948 72 22 1840.

668 980 93 31 Sydney
1033 979 65 32 Sept.
1124 980 38 27 14,
1182 981 71 22 1840.

668 1013 75 24 South
754 1013 120 24 Australia
1032 1012 95 31 August
1135 1013 39 28 19,
1183 1015 70 21 1840.

667 1046 54 24 Van
731 1046 122 24 Dieman's
864 1046 69 24 Land
952 1062 57 7 ....
1031 1045 95 31 August
1134 1047 39 27 15,
1182 1047 71 24 1140.

668 1080 57 23 Port
738 1080 87 31 Phillip
1032 1078 94 31 August
1133 1080 41 27 22,
1182 1081 71 22 1840.

152 135 245 25 GOVERNMENT
414 135 140 23 NOTICE.
568 135 5 10 '

228 166 102 24 Colonial
340 165 134 27 Secretary's
485 164 77 27 Office,

314 191 94 28 Russell,
419 193 50 20 21st
478 191 67 27 Sept.,
555 192 60 21 1840.

60 226 90 49 HIS
164 225 205 24 EXCELLENCY
381 225 37 22 the
433 224 211 22 LIEUTENANT-

148 252 172 23 GOVERNOR
327 252 79 21 directs
411 252 19 21 it
437 254 22 18 to
464 252 29 21 be
501 251 90 22 notified
597 251 47 21 that

59 280 39 21 the
118 280 49 21 Sale
177 280 27 21 of
213 278 70 23 Town
293 278 135 22 Allotments
438 280 23 19 at
472 277 94 27 Russell,
583 277 60 22 fixed

58 306 35 21 for
102 305 38 22 the
151 305 50 22 12th
211 305 26 22 of
246 308 57 19 next
315 304 85 28 month,
418 303 44 23 will
476 304 29 21 be
521 303 123 29 postponed

58 332 59 22 until
126 331 85 23 further
224 332 81 21 notice.

183 364 36 28 By
227 364 34 22 his
272 364 154 28 Excellency's
436 363 125 27 command,

235 390 55 28 (For
299 390 37 22 the
346 390 100 22 Colonial
454 389 133 28 Secretary,)

273 424 61 21 JAS.
349 423 120 22 STUART
482 422 160 22 FREEMAN.

65 477 131 22 NOTICE
220 478 45 21 TO
289 477 247 21 LANDOWNERS
559 476 75 21 AND

276 504 147 21 AGENTS.

59 536 164 50 SEVERAL
232 537 146 28 applications
385 536 85 27 having
479 536 56 22 been
545 536 65 22 made
620 538 23 19 to

124 564 37 22 the
171 563 219 28 Surveyor-General
400 564 31 26 by
439 562 149 22 Landowners
598 562 45 22 and

57 590 95 27 Agents,
162 593 23 19 to
195 591 28 21 be
235 590 77 22 shewn
327 590 38 21 the
381 596 61 15 same
457 589 70 22 Town
543 590 99 21 Sections

56 623 63 15 more
129 616 54 22 than
193 624 63 18 once,
267 617 17 21 it
297 616 18 21 is
330 616 83 27 hereby
429 615 95 22 notified
539 615 48 22 that
604 616 38 21 the

56 642 134 23 boundaries
199 644 27 21 of
236 642 39 23 the
284 643 70 22 Town
369 643 44 22 and
429 642 100 27 Country
543 642 99 22 Sections

56 668 85 28 having
155 676 55 15 once
224 669 58 22 been
298 668 92 28 pointed
403 672 41 19 out
456 669 31 27 by
505 675 41 16 one
562 668 28 21 of
604 668 38 22 the

56 696 135 27 Company's
213 696 128 26 Surveyors,
366 695 150 22 Landowners
538 702 25 15 or
585 695 58 22 their

56 722 89 27 Agents
157 720 59 25 have
232 729 29 15 no
277 722 87 22 further
378 722 66 22 claim
460 729 30 15 on
503 721 38 23 the
555 721 87 28 depart-

56 752 70 19 ment.

83 781 23 22 It
119 781 19 23 is
152 781 85 23 further
251 781 100 28 notified,
367 781 47 23 that
427 788 24 15 as
465 782 85 22 several
563 782 27 22 of
604 782 38 22 the

55 807 91 23 holders
155 808 26 22 of
192 808 37 22 the
239 808 48 22 first
300 809 59 31 forty
369 809 99 27 Country
478 809 100 21 Sections
587 809 55 22 hav-

54 835 40 26 ing
109 835 105 22 reserved
231 835 58 22 their
308 835 87 21 choices
409 835 35 21 for
460 835 64 22 other
538 835 101 28 districts,

56 861 63 21 there
129 868 37 14 are
175 861 45 21 still
229 868 58 20 open
298 865 22 18 to
331 861 74 23 choice
415 861 45 22 five
472 862 109 31 surveyed
595 869 47 15 sec-

56 887 59 22 tions
124 888 24 21 in
158 887 38 22 the
206 887 86 23 district
300 887 26 22 of
337 888 37 21 the
383 887 64 27 Hutt,
466 888 46 22 and
526 895 34 15 six
569 889 24 21 in
604 889 37 21 the

56 913 87 23 district
151 913 25 22 of
188 913 37 23 the
234 918 67 23 town,
313 914 72 22 which
393 921 53 20 may
459 915 28 21 be
501 915 96 21 selected
610 915 31 27 by

56 940 38 22 the
105 940 150 22 Landowners
265 948 25 14 or
303 941 93 27 Agents,
416 948 30 14 on
465 940 39 23 the
521 941 81 22 arrival
620 941 25 22 of

56 967 59 21 their
126 971 48 17 turn
185 967 28 21 of
222 967 83 22 choice.

84 1000 153 27 Applications
246 1007 52 21 may
307 1000 29 23 be
345 1001 65 22 made
426 1007 68 21 every
508 1000 43 29 day
566 1004 24 19 at
604 1002 38 21 the

54 1027 240 27 Surveyor-General's
303 1027 77 27 Office,
391 1028 103 22 between
502 1027 36 23 the
545 1028 66 23 hours
619 1030 27 21 of

57 1054 27 21 10
93 1053 46 22 and
146 1054 21 21 4.

138 1087 34 22 W.
183 1087 34 23 M.
227 1087 107 28 SMITH,
346 1089 60 26 Capt.
418 1088 73 28 Royal
500 1088 113 29 Artillery,

334 1122 225 28 Surveyor-General.

54 1176 232 48 WAKEFIELD
303 1176 162 23 CEUB.The
482 1178 60 22 Club
560 1178 81 22 House

140 1206 22 18 to
172 1210 57 21 open
240 1211 30 14 on
281 1204 106 27 Monday,
399 1204 38 21 the
447 1204 53 22 12th
509 1204 90 23 instant.

82 1236 76 22 Ballot
166 1237 34 22 for
209 1237 122 23 admission
340 1237 36 23 the
387 1238 48 22 first
441 1238 102 29 Monday
551 1239 25 22 in
585 1239 56 22 each

57 1263 87 22 month.

208 1290 146 22 RICHARD
368 1291 114 28 BAKER,
494 1291 60 23 Hon.
564 1293 48 22 Sec.

82 1315 122 28 Britannia,
216 1317 51 21 Oct.
277 1319 20 25 8,
309 1319 60 21 1840.

54 1370 72 48 AT
144 1378 13 14 a
171 1371 100 27 meeting
286 1371 52 23 held
354 1376 22 18 at
390 1373 108 22 Barrett's
515 1373 75 28 Hotel,
610 1381 29 16 on

134 1397 87 28 Friday,
232 1397 38 23 the
279 1398 47 22 2nd
333 1399 92 28 instant,
435 1402 24 20 to
472 1401 57 22 form
546 1408 13 15 a
575 1401 63 27 Club,

54 1427 102 23 present.

218 1451 76 27 Major
302 1451 83 28 Durie,
618 1461 24 19 j

216 1477 77 28 Major
301 1478 153 29 Hornbrook,

216 1505 59 21 Geo.
285 1505 106 28 Hunter,
402 1506 62 29 Esq.,

216 1531 55 22 Wm.
283 1532 103 27 Guyton,
397 1533 62 28 Esq.,

216 1557 64 23 John
291 1558 78 28 Wade,
380 1560 61 27 Esq.,

216 1584 93 28 Captain
320 1585 61 28 Hay,

216 1610 86 23 Henry
312 1612 101 28 Tayior,
425 1613 61 28 Esq.,

215 1637 94 23 Robert
320 1639 87 26 Waitt,
420 1640 61 28 Esq.,

217 1664 77 23 James
305 1665 80 28 Smith,
396 1666 53 29 Esq.

80 1696 75 28 Major
164 1697 71 22 Durie
244 1705 45 16 was
298 1699 71 22 called
378 1703 23 19 to
411 1700 38 22 the
464 1700 67 29 chair,
547 1702 45 22 and
601 1702 42 22 the~

52 1723 114 28 following
174 1724 133 23 resolutions
317 1733 56 14 were
382 1728 93 26 passed:

81 1758 40 21 Ist.
122 1757 112 22 Moved
244 1758 30 27 by
284 1759 83 22 Robert
374 1759 76 28 Waitt,
458 1761 60 28 Esq.,
527 1762 112 22 seconded

53 1783 31 28 by
95 1783 93 28 Captain
204 1784 59 32 Hay?
280 1785 46 23 and
341 1787 84 24 carried
440 1788 170 28 unanimously:

75 1809 60 23 That
143 1810 43 22 this
195 1817 100 22 meeting
303 1812 30 22 do
341 1813 56 22 form
413 1813 132 24 themselves
561 1815 48 22 into
625 1823 14 15 a

53 1836 64 27 Club,
134 1841 22 17 to
167 1837 28 22 be
211 1838 72 22 called
299 1838 37 23 the
351 1840 147 22 Commercial
513 1842 45 21 and
571 1843 67 26 Agri-

52 1863 96 23 cultural
157 1863 56 23 Club
223 1865 27 21 of
261 1865 121 28 Britannia,
394 1867 55 21 Port

79 1896 52 23 2nd.
132 1897 113 22 Moved
262 1898 31 28 by
310 1899 41 22 Dr.
369 1900 89 28 Taylor,
479 1902 111 22 seconded
607 1903 31 27 by

52 1922 60 23 Wm.
121 1924 99 26 Guyton,
227 1925 61 27 Esq.,
295 1926 45 21 and
347 1927 85 20 carried
440 1928 169 26 unanimously:

148 1950 55 21 each
217 1951 130 25 gentleman
360 1958 28 15 on
405 1952 104 26 entering
522 1953 37 20 the
572 1954 65 22 Com-

52 1975 92 22 mercial
162 1976 45 21 and
225 1976 151 27 Agricultural
395 1977 56 22 Club
469 1978 26 22 of
514 1979 122 29 Britannia,

52 2001 54 22 Port
115 2002 129 28 Nicholson,
256 2004 28 21 do
294 2011 44 19 pay
348 2011 28 14 an
386 2007 107 20 entrance
507 2005 34 22 fee
557 2006 26 21 of
599 2011 38 18 ten

52 2029 98 27 guineas,
161 2030 46 21 and
216 2030 55 21 such
285 2030 83 22 annual
381 2031 148 28 subscription
545 2039 24 15 as
585 2041 52 21 may

52 2055 28 22 be
89 2055 139 22 determined
237 2056 30 27 by
277 2063 13 14 a
299 2057 126 22 committee
439 2061 22 18 to
478 2059 29 21 be
519 2060 119 26 appointed

52 2084 23 19 to
84 2089 65 20 carry
157 2083 48 21 into
214 2083 66 22 effect
292 2083 38 22 the
344 2084 74 23 future
433 2090 167 20 arrangements
614 2088 27 22 of

52 2107 37 23 the

77 2143 49 22 3rd.
127 2143 112 23 Moved
248 2144 31 28 by
286 2144 55 23 Geo.
350 2145 96 28 Hunter,
456 2146 59 28 Esq.,
526 2148 111 22 seconded

52 2170 30 26 by
86 2170 62 22 John
152 2170 78 27 Wade,
236 2171 60 27 Esq.,
302 2172 46 22 and
352 2173 85 21 carried
440 2174 169 29 unanimously:

74 2196 60 22 That
146 2196 39 22 the
201 2197 128 27 gentlemen
345 2203 90 22 present
450 2199 29 23 do
496 2199 56 23 form
566 2201 71 22 them-

52 2222 72 23 selves
133 2223 47 23 into
190 2232 14 14 a
213 2224 133 23 Committee
355 2229 22 18 to
394 2233 64 21 carry
473 2230 38 18 out
527 2227 37 23 the
580 2229 57 21 fore-

52 2250 68 27 going

76 2283 48 22 4th.
124 2284 113 22 Moved
246 2284 31 28 by
286 2284 76 23 James
370 2286 79 27 Smith,
458 2287 59 28 Esq.,
526 2288 111 22 seconded

52 2310 29 27 by
88 2310 75 28 Major
169 2310 144 28 Hornbrook,
322 2312 44 22 and
373 2314 87 21 carried
467 2315 169 28 unanimously:

101 2337 58 22 That
171 2337 100 23 William
286 2338 59 28 Hay,
361 2339 59 28 Esq.,
436 2340 30 21 be
482 2342 118 27 requested
615 2345 22 19 to

52 2367 36 19 act
106 2370 25 15 as
148 2367 116 25 treasurer,
289 2365 124 27 and.John
431 2366 78 28 Wade,
534 2368 59 28 Esq.,
613 2377 24 15 as

52 2394 117 24 secretary,
184 2398 40 20 pro

78 2424 47 22 sth.
126 2424 111 22 Moved
246 2425 31 28 by
286 2425 59 23 Wm.
354 2425 99 30 Guyton,
464 2427 52 28 Esq,
527 2429 111 22 seconded

52 2450 30 27 by
87 2451 84 22 Robert
176 2451 77 28 Waitt,
258 2451 60 33 Esq.,
324 2453 44 21 and
375 2454 86 22 carried
468 2456 168 27 unanimously.

102 2477 57 22 That
174 2477 42 23 this
232 2483 99 24 meeting
346 2479 28 22 do
389 2481 96 26 adjourn
501 2481 32 23 till
549 2482 88 28 Friday,

52 2504 37 22 the
100 2504 52 22 16th
159 2504 91 27 instant,
259 2509 23 18 to
289 2506 101 22 consider
397 2507 38 21 the
442 2507 86 23 further
535 2516 102 21 arrange-

52 2534 75 20 ments
137 2531 26 22 of
174 2531 37 22 the
220 2531 64 28 Club,
295 2533 46 21 and
350 2533 47 22 that
405 2533 30 22 all
449 2534 39 22 the
498 2536 139 22 commercial

52 2557 47 23 and
108 2558 142 27 agricultural
261 2559 126 26 gentlemen
401 2561 27 21 of
446 2561 54 22 Port
514 2562 123 23 Nicholson

52 2585 29 21 be
89 2584 87 22 invited
184 2588 23 18 to
217 2585 91 28 attend;
324 2586 45 22 and
376 2586 51 23 that
438 2587 39 23 the
494 2590 144 27 proceedings

52 2611 28 23 of
99 2611 42 22 this
160 2611 100 28 meeting
277 2613 28 21 be
329 2613 118 28 published
465 2615 25 22 in
508 2615 37 23 the
570 2615 68 24 'New

52 2638 100 22 Zealand
162 2638 110 23 Gazette.'

79 2671 47 23 6th.
127 2672 111 22 Moved
247 2672 31 28 by
286 2673 76 27 Major
370 2674 144 28 Hornbrook,
527 2677 110 22 seconded

52 2698 30 28 by
100 2698 86 27 George
204 2699 96 28 Hunter,
319 2700 58 28 Esq.,
395 2702 45 22 and
458 2703 85 22 carried
558 2705 79 21 unani-

52 2725 88 27 mously
204 2725 60 23 That
272 2726 38 22 the
324 2727 80 23 thanks
414 2728 27 22 of
450 2729 45 22 this
505 2730 97 28 meeting
610 2731 27 22 be

52 2752 67 27 given
134 2755 22 19 to
173 2752 76 28 Major
265 2753 69 23 Durie
350 2754 33 22 for
398 2754 34 23 his
449 2756 96 23 conduct
560 2757 25 23 in
601 2758 36 22 the

188 2806 103 27 (Signed)
347 2808 27 23 D.
390 2809 23 22 S.
427 2808 106 29 DURIE,
635 2806 9 11 v

484 2836 126 24 Chairman.

181 2900 4 5 .
282 2885 20 20 A
322 2885 91 23 CARD.
598 2874 36 5 ~~

161 2917 76 21 MR.
267 2918 262 29 MONTEITH,

273 2952 61 20 (From
341 2952 78 21 Petoni,)

225 2979 242 31 SURGEON,

277 3013 134 17 BRITANNIA.

52 3058 70 21 FOR
141 3059 226 24 VALPARAISO
390 3063 77 20 AND
489 3064 146 22 LONDON.

206 3093 28 14 TO
249 3095 49 14 SAIL
315 3095 24 15 IN
353 3096 130 16 NOVEMBER.

87 3135 14 17 i
101 3120 158 24 *rs.nnHE
280 3121 44 22 fast
345 3122 79 27 sailing
442 3123 84 29 barque
548 3124 87 28 CUBA,

67 3144 95 38 ogg&
232 3147 42 22 270
284 3151 56 19 tons.
353 3149 25 21 A.
390 3144 32 32 if
422 3149 62 23 John
494 3151 140 28 Newcombe,

53 3172 263 29 js9Ecommander,
333 3172 83 31 having
426 3180 51 23 part
487 3177 24 21 of
521 3177 40 21 her
571 3185 64 20 cargo

52 3202 108 25 engaged,
173 3199 43 22 will
225 3199 29 22 be
263 3200 133 28 despatched
406 3203 94 23 without
507 3203 39 23 fail
561 3206 22 20 to
600 3204 35 23 the

52 3226 72 22 above
137 3230 69 24 ports.

80 3262 77 28 Apply
166 3261 35 22 for
209 3261 82 28 freight
300 3269 25 16 or
334 3269 91 22 passage
435 3267 23 19 to
468 3264 90 22 Messrs.

52 3288 48 23 and
108 3288 46 28 Co.,
166 3288 122 22 Britannia.
