2510 4020
179 184 106 25 BIBLE
331 182 117 26 CLASS.

49 267 46 25 Sin
107 266 57 24 —It
175 266 22 24 is
209 264 74 31 really
307 263 137 31 surprising
461 262 55 25 that
534 270 49 24 any

49 307 90 26 School
153 306 148 26 Committee
318 304 89 24 should
420 303 62 24 have
500 302 83 25 allow-

48 348 29 24 ed
90 348 31 24 its
134 348 127 29 Secretary
273 348 24 21 to
308 347 83 29 roport
411 352 32 16 an
467 344 116 30 ordinary

49 388 114 25 business
175 386 124 25 interview
311 384 61 25 such
385 393 27 16 as
430 384 55 24 that
509 384 74 24 about

49 427 42 25 the
108 426 116 31 morning
236 424 61 24 l»il>le
309 423 64 25 class
395 422 59 25 with
478 430 28 17 so
519 419 64 28 little

47 467 87 32 regard
144 466 79 24 either
233 467 25 23 to
276 471 116 24 accuracy
413 471 28 17 or
470 464 25 23 to
515 470 68 16 cour-

49 508 61 29 tesy.

81 544 162 30 Fortunately
255 548 15 17 a
281 541 94 24 correct
388 540 82 30 report
482 545 101 25 appoar-

49 582 29 26 ed
96 582 24 24 m
134 580 104 26 another
250 581 55 29 part
317 578 26 25 of
353 586 61 23 your
434 584 82 24 paper.

82 621 24 24 It
117 620 22 25 is
151 621 91 24 matter
259 618 37 25 for
308 615 205 33 congratulation,
527 615 54 25 that-

49 662 44 25 tho
100 669 18 17 w
124 662 100 30 parents
233 659 56 24 who
298 657 59 26 wish
366 657 64 25 their
439 656 112 26 children
559 659 24 21 (o

49 699 85 25 nttend
143 699 42 24 the
195 697 64 25 bible
272 697 72 27 class,
350 704 47 16 can
407 695 31 25 do
448 694 62 28 so.in
520 694 65 31 spite

49 740 27 25 of
82 748 47 24 any
139 738 89 26 School
241 737 156 25 Committee.
411 735 61 25 This
480 734 72 25 much
563 734 22 24 is

48 779 96 31 gained.

263 815 14 25 I
288 822 41 18 am
342 815 44 25 &c.

164 856 55 24 Let
235 854 85 24 Those
337 853 91 24 Laugh
442 852 62 24 Who
519 850 64 25 Wix.

132 962 183 26 WOODSIDE
358 960 133 26 SCHOOL.

82 1044 54 25 The
159 1042 132 27 Woodside
320 1041 91 25 School
435 1040 151 25 Committee

48 1082 59 26 held
125 1082 64 25 their
216 1080 117 31 ordinary
355 1079 111 31 meeting
483 1086 33 17 on
539 1078 47 24 3rd

47 1123 51 23 inst
106 1121 37 24 six
155 1121 123 24 membeis
291 1119 73 30 being
375 1119 107 30 present.

82 1154 206 31 Minntesoflast
306 1156 110 32 meeting
444 1163 64 17 were
527 1154 59 26 read

48 1199 50 26 and
108 1197 144 27 confirmed.

83 1241 105 24 Masters
200 1240 84 31 report
296 1245 50 18 was
355 1237 110 25 received
473 1236 114 32 showing

48 1286 105 24 average
165 1277 149 26 attendance
332 1278 26 24 to
371 1276 27 25 bo
411 1277 40 28 55,
465 1276 49 24 and
537 1275 48 25 No.

48 1318 171 26 onßooksGT.

83 1359 54 25 The
149 1367 44 17 use
205 1358 26 26 of
241 1357 43 25 the
308 1356 85 26 school
413 1364 51 17 was
481 1354 105 33 granted

51 1402 24 23 to
93 1399 44 26 the
160 1399 60 25 Rev.
244 1397 32 25 E.
307 1397 106 32 Mayson
435 1396 39 26 for
496 1396 90 25 Divine

51 1441 92 24 service
161 1448 32 16 on
219 1438 102 31 Sunday
347 1437 119 32 evenings
489 1436 49 25 and
561 1438 27 23 to

51 1478 60 24 Rev.
125 1476 152 26 Garbcttfor
288 1483 46 17 one
346 1474 73 33 night
426 1482 16 17 a
454 1474 89 24 month
550 1474 38 24 for

51 1516 43 25 the
104 1524 69 16 same
196 1521 107 26 purpose
326 1513 50 25 and
398 1515 27 22 to
445 1513 41 24 Mr
508 1512 79 25 Hade

51 1564 73 25 every
136 1555 91 32 Friday
239 1554 73 32 nijrht
318 1554 39 25 for
369 1552 100 33 singing
480 1552 108 33 practice

51 1598 26 22 to
91 1596 39 23 Mr
138 1594 100 25 Kubaia
250 1593 37 25 for
297 1601 14 16 a
318 1592 79 25 dance
409 1593 26 23 at
447 1591 43 26 the
503 1591 48 25 end
562 1591 28 25 of

51 1633 43 25 the
112 1632 99 26 month.
371 1651 3 4 .
390 1642 3 6 ■
538 1647 4 3 •

85 1672 54 24 The
151 1670 150 26 Committee
319 1676 63 18 were
396 1667 123 26 informed
532 1667 56 25 that

52 1710 106 25 measels
171 1709 50 24 had
232 1708 73 25 made
314 1707 65 26 their
397 1714 152 24 appearance
560 1706 28 24 m

52 1749 43 25 the
107 1748 104 25 District
223 1747 44 24 but
284 1754 34 16 no
329 1745 83 25 action
436 1752 50 17 was
503 1744 83 25 taken.

52 1788 127 23 Accounts
198 1787 25 24 to
247 1784 43 26 the
313 1785 104 24 amount
437 1783 27 25 of
479 1784 33 24 £1
524 1791 64 16 were

52 1825 89 33 passed
149 1825 37 25 for
193 1825 118 31 payment
323 1822 50 26 and
385 1822 43 25 the
437 1820 151 27 Committee

54 1864 145 31 adjourned.

55 1995 156 66 LOCAL
211 1995 95 66 AND
318 1995 270 62 GENERAL

54 2103 178 24 Information.
233 2115 31 4 —
266 2101 23 24 A
317 2101 69 25 View
416 2100 56 26 Hill
497 2108 91 18 corres-

54 2146 111 31 pondent
176 2146 105 24 informs
293 2153 29 16 us
345 2145 57 24 that
425 2145 69 25 there
512 2145 22 25 is
556 2153 33 18 no

55 2188 70 24 truth
136 2188 28 24 m
176 2188 43 24 the
230 2195 103 16 rumour
356 2187 56 24 that
423 2209 3 2 .
435 2195 47 17 one
502 2188 28 24 of
544 2195 45 17 our

55 2231 142 32 prominent
233 2230 91 26 Oxford
364 2230 142 26 tradesmen
543 2231 46 24 has

55 2274 62 26 been
125 2274 80 26 called
223 2275 26 24 to
261 2274 43 25 the
325 2274 84 31 Upper
427 2274 95 26 House.

54 2329 126 25 Lecture.
183 2343 32 4 —
216 2328 40 26 Mr
268 2328 29 25 0.
310 2328 32 25 E.
355 2328 76 31 Hugo
440 2336 47 18 was
493 2329 98 25 favour-

54 2372 30 25 ed
112 2372 62 25 with
205 2380 16 17 a
244 2379 57 25 very
331 2371 66 33 large
423 2371 118 26 audience
564 2375 26 22 at

54 2415 43 26 the
127 2415 131 26 Woodside
286 2415 165 30 schoolroom,
482 2417 25 24 to
529 2415 62 26 hear

53 2458 41 26 his
111 2460 66 24 most
188 2458 148 32 interesting
346 2458 94 26 lecture
452 2466 32 18 on
505 2459 85 25 Heads

54 2503 49 25 and
137 2502 91 29 Faces..
291 2502 48 25 His
367 2502 165 27 delineations
566 2505 26 24 of

53 2547 128 24 character
204 2554 64 17 were
301 2547 157 32 remarkably
497 2550 94 23 correct

53 2590 50 24 and
115 2589 43 26 the
169 2589 137 25 humerous
324 2597 106 18 manner
457 2591 27 24 m
508 2591 83 25 which

55 2633 60 32 they
137 2641 64 17 were
221 2632 127 26 described
379 2642 51 17 was
449 2635 78 25 much
550 2644 40 24 ap-

56 2677 133 30 preciated.

54 2720 101 25 Oxford
184 2720 132 25 Debating
345 2722 112 26 Society.
459 2737 33 5 —
492 2723 34 25 At
548 2724 41 25 the

53 2763 111 32 meeting
186 2764 28 24 of
228 2763 50 25 this
298 2764 94 33 society
408 2766 50 24 last
476 2766 113 33 Tuesday

53 2807 72 32 night
132 2808 73 24 iibere
214 2815 51 17 was
289 2807 44 25 but
348 2816 16 16 a
380 2808 98 26 limited
509 2813 80 24 atten-

54 2850 63 25 danc
134 2868 7 8 .
176 2851 41 25 Mr
228 2851 90 25 Parish
330 2853 118 29 occupied
460 2853 43 26 the
512 2855 77 26 chair.

87 2894 40 24 Mr
141 2894 70 25 Weld
228 2895 120 31 proposed
376 2896 56 25 that
460 2897 43 25 the
529 2900 60 24 next

52 2938 110 32 meeting
172 2938 28 25 be
223 2939 126 31 po3poaed
372 2939 37 27 till
433 2940 96 32 August
542 2942 44 25 9th

52 2981 120 25 seconded
181 2982 31 31 b/
224 2981 40 25 Mr
274 2982 90 31 Eyder.
400 2983 88 32 Owing
508 2989 24 21 to
545 2986 42 25 the

52 3024 139 31 privelence
203 3025 28 24 of
256 3025 107 25 measles
391 3027 49 24 and
470 3028 42 25 the
535 3030 54 25 cold

52 3067 86 32 nights
146 3067 52 26 this
207 3076 51 17 was
277 3069 101 31 carried.
414 3069 33 26 In
461 3070 43 27 the
513 3080 75 18 mean

51 3110 61 26 titno
129 3111 20 26 it
160 3119 51 18 wa3
237 3113 122 32 arranged
386 3113 56 27 that
461 3116 127 26 members

51 3163 103 23 prepare
165 3164 16 16 a
203 3157 56 30 part
287 3157 28 24 of
331 3157 40 25 the
562 3161 27 26 of

51 3198 101 26 Venice.
198 3203 26 22 to
232 3199 29 26 be
273 3199 87 33 played
374 3206 27 20 at
411 3203 41 25 Hie
465 3203 124 35 Society's

51 3243 89 25 socials
169 3244 25 24 m
230 3243 153 33 September.
428 3246 99 33 August
544 3250 45 25 9ih

54 3286 50 26 will
114 3287 28 27 be
150 3288 43 25 tha
205 3288 93 25 Ladies
308 3289 81 30 nigbt.

88 3434 104 38 LOAN
229 3435 32 32 &
290 3436 255 41 MERCANTILE

134 3486 158 40 AGENCY
309 3488 195 42 COMPANY.

135 3599 156 23 PAYMENT
306 3601 196 24 SUSPENDED.

316 3694 150 27 LONDON.
490 3697 96 26 JULY.

85 3735 88 31 Owing
190 3739 27 21 to
236 3736 41 25 tbe
288 3737 39 25 Ba
334 3737 28 24 lk
380 3739 71 25 crisis
474 3740 27 25 m
511 3759 2 1 ■
524 3742 63 30 frhfr

52 3777 72 24 tnilia
144 3779 40 23 the
208 3778 60 24 New
297 3779 111 27 Zealand
437 3782 72 26 Loan

53 3820 146 25 Mercantile
208 3821 99 32 Agency
320 3823 136 33 Company,
469 3826 118 30 Limited,

51 3862 46 24 has
114 3864 139 31 suspended
278 3868 119 30 payment
420 3869 110 33 pending
562 3878 25 19 re

50 3914 176 24 construction.

706 182 70 25 THE
795 182 144 26 OXFORD
969 183 90 25 NOTE
1077 184 98 24 BOOK.

706 265 53 24 The
767 266 134 31 following,
911 266 63 24 from
987 274 13 16 a
1010 267 199 32 contemporary,

673 304 81 26 shows
766 304 43 26 the
822 305 124 25 Standard
962 306 106 25 number
1091 306 26 25 of
1133 307 77 24 work-

672 344 43 30 ing
730 344 61 30 days
797 351 45 24 per
849 351 96 17 annum
963 345 28 23 m
1010 345 98 24 various
1124 349 86 20 count-

672 383 57 24 ries.
775 384 15 23 1
798 384 48 31 hey
864 392 41 16 are
923 384 121 31 compiled
1056 384 30 33 by
1099 393 14 15 a
1123 385 85 25 Polish

672 422 157 26 statistician.
865 423 54 25 The
935 424 158 26 inhabitants
1103 426 26 23 of
1148 425 62 25 Cen-

672 462 48 25 tral
738 463 100 29 Eussia,
868 471 28 17 as
919 464 81 31 might
1030 464 30 25 be
1084 465 125 32 expected,

672 502 88 26 labour
771 504 85 24 fewest
867 503 62 32 days
940 504 29 24 m
985 504 44 24 the
1040 512 16 24 y
1058 506 153 30 ear-namely

672 544 58 24 2G7.
766 543 71 25 Then
849 551 84 17 comes
950 544 103 24 Canada
1076 544 62 25 with
1161 546 50 24 270

672 582 114 26 followed
799 583 29 32 by
842 583 121 26 Scotland
981 584 61 24 with
1062 586 57 28 275,
1141 585 69 32 Eng-

673 624 60 24 land
746 624 57 29 275,
827 624 119 32 Portugal
964 626 57 28 283,
1046 624 92 26 Russia
1154 625 57 25 Pol-

673 664 49 24 and
734 665 58 28 288;
806 664 77 31 Spain
894 665 57 29 290;
966 665 104 25 Austria
1082 666 49 24 and
1143 666 66 24 Rus-

673 704 55 25 sian
738 700 81 29 Baltic
828 705 131 30 provinces
978 706 48 23 295
1035 713 7 21 ;
1060 705 67 32 Italy
1136 706 56 27 .21)8
1202 713 6 21 ;

673 743 115 28 Bavaria,
806 744 126 32 Belguhn,
943 744 84 26 Brazil
1039 745 50 24 and
1101 745 110 25 Luxem-

673 784 64 32 burg
748 786 50 23 800
811 792 6 22 ;
842 785 109 32 Saxony,
964 786 106 29 France,
1093 786 118 28 Finland,

673 824 182 32 Wurtenlberg,
880 825 171 29 Switzerland,
1082 826 131 24 Denmark

673 864 50 25 and
757 864 106 32 Norway
908 866 58 29 802,
1005 866 105 24 Sweden
1145 867 66 29 801;

672 904 103 25 Prussia
809 904 51 25 and
887 904 102 26 Ireland
1019 908 47 22 305
1079 914 6 22 ;
1118 906 95 25 United

675 945 84 25 States
776 946 48 23 800
834 952 6 22 ;
865 945 112 25 Holland
994 947 49 23 808
1061 946 51 25 and
1134 946 78 26 Hun-

672 992 59 24 gary
746 986 58 23 812.
838 984 25 25 It
886 984 52 26 will
960 985 31 25 be
1011 986 120 25 observed
1148 986 65 25 from

674 1024 52 25 this
737 1024 56 25 that
805 1023 72 26 while
894 1024 44 25 the
950 1024 129 26 Canadian
1101 1025 113 33 working

673 1071 61 17 man
753 1063 47 26 has
818 1064 59 32 dnly
894 1066 27 23 to
944 1065 45 24 toil
1009 1066 138 31 statutably
1164 1067 50 25 270

673 1103 61 32 days
752 1107 44 21 out
813 1104 28 24 of
851 1105 47 24 365
910 1104 33 25 he
954 1104 140 32 frequently
1117 1113 97 17 crosses

673 1143 44 26 the
745 1143 113 33 boundry
897 1144 51 30 line
966 1145 54 25 into
1054 1145 44 25 the
1118 1146 96 24 United

675 1184 85 26 States
771 1184 83 25 where
865 1184 33 25 he
909 1184 22 25 is
943 1184 124 32 expected,
1085 1187 26 23 to
1122 1185 91 26 labour

674 1225 48 24 806
736 1224 69 32 days.
832 1224 52 25 The
896 1224 126 26 Irishman
1032 1225 50 25 and
1093 1226 121 25 Prussian

673 1272 42 17 are
727 1264 28 25 m
764 1264 43 25 the
817 1272 69 17 same
898 1266 116 31 category
1031 1266 62 24 with
1111 1268 48 23 305
1183 1275 29 16 or

674 1306 33 23 30
719 1305 60 31 days
792 1313 69 17 more
872 1304 64 26 than
950 1306 42 24 the
1003 1305 171 32 Englishman
1188 1314 26 18 or

675 1344 161 26 Scotchman.
880 1344 113 33 Perhaps
1023 1353 117 18 someone
1162 1346 52 26 will

675 1384 49 26 add
734 1384 44 26 the
790 1386 125 31 statutary
924 1384 113 33 working
1047 1385 62 32 days
1120 1386 27 25 of
1154 1386 60 26 New

675 1424 110 26 Zealand
796 1425 51 25 and
853 1425 27 25 of
888 1426 43 25 the
940 1425 145 26 Australian
1094 1426 119 26 colonies.

708 1504 97 26 CarefuJ
814 1504 193 33 investigations
1014 1504 66 26 have
1089 1505 125 26 disclosed

673 1544 44 26 the
730 1544 118 33 startling
859 1545 51 25 and
920 1544 152 27 lamentable
1087 1545 60 30 fact,
1160 1547 55 24 that

673 1585 28 25 m
729 1585 44 25 the
797 1585 113 26 German
944 1586 114 32 Fmpire,
1093 1581 121 32 alcoholic

673 1625 89 25 drinks
774 1625 91 26 absorb
877 1626 71 25 twice
960 1634 28 17 as
1000 1627 77 24 much
1084 1635 92 25 money
1187 1636 27 17 as

675 1667 65 28 rent,
767 1665 68 33 eight
852 1666 74 25 times
955 1674 28 17 as
1003 1667 77 24 much
1103 1675 29 18 as
1154 1667 59 26 fuel.

675 1706 89 25 Public
781 1706 132 26 education
926 1706 50 25 and
999 1707 43 26 the
1059 1715 70 26 army
1152 1708 61 26 each

676 1749 54 22 cost
742 1755 15 16 a
768 1747 85 25 fourth
871 1747 28 25 of
907 1746 53 27 the'
972 1749 105 24 amount
1098 1751 71 29 spent
1181 1758 33 17 on

674 1785 107 28 alcohol.
832 1787 42 25 All
898 1787 43 26 the
974 1787 87 27 Direct
1089 1790 71 25 taxes
1189 1790 27 25 of

674 1828 110 31 Prussia,
806 1827 49 26 and
879 1827 34 26 all
933 1829 44 24 the
988 1828 106 27 indirect
1106 1831 71 24 taxes
1188 1831 28 25 of

674 1867 44 27 the
729 1868 104 32 Empire
845 1868 75 26 taken
938 1869 113 32 together
1072 1871 43 24 fall
1140 1871 73 26 short

674 1907 32 32 by
718 1915 15 17 a
745 1909 70 29 great
842 1907 64 30 deal,
936 1909 44 24 the
1002 1916 57 17 sum
1082 1910 127 31 expended

675 1946 120 32 annually
813 1955 67 24 upon
898 1946 122 27 alcoholic
1042 1948 104 31 liquors.

709 2027 77 25 What
803 2028 22 24 is
837 2029 86 24 meant
934 2027 33 33 by
1047 2028 89 26 liberal
1186 2030 27 24 m

675 2067 102 32 politics
787 2068 12 23 ?
817 2067 75 33 Many
919 2075 103 24 persons
1034 2068 75 25 claim
1138 2071 26 23 to
1183 2069 30 26 be

677 2107 103 26 liberals
815 2108 54 25 who
889 2115 43 18 are
953 2110 54 28 not,
1031 2116 76 25 many
1129 2109 84 27 others

676 2155 41 18 are
727 2148 146 25 denounced
901 2156 28 17 as
953 2150 183 26 conservatives
1158 2152 55 25 who

675 2195 42 16 are
726 2195 69 16 more
807 2187 103 25 entitled
921 2193 26 19 to
958 2188 31 24 be
997 2189 79 24 called
1086 2190 126 24 'liberals.'

708 2227 32 25 In
748 2227 100 31 general
859 2227 125 31 parlance,
1002 2228 52 25 and
1067 2228 26 26 m
1113 2232 101 29 present

675 2267 49 32 day
743 2267 106 31 politics,
871 2275 72 25 every
966 2275 59 18 ram
1043 2268 64 26 likes
1134 2271 27 23 to
1184 2270 30 26 be

676 2307 92 24 known
780 2315 27 16 as
819 2314 15 17 a
846 2307 87 25 liberal
953 2308 50 25 and
1026 2310 92 25 almost
1141 2318 73 25 every

676 2355 61 16 man
749 2347 62 25 calls
820 2346 41 25 his
870 2349 125 30 opponent
1006 2356 15 17 a
1032 2350 169 25 conservative
1207 2357 6 23 ;

679 2394 27 17 so
719 2386 55 25 that
785 2386 45 25 the
849 2386 131 27 definition
1002 2388 28 25 of
1047 2390 168 26 conservative

675 2426 84 26 would
768 2426 49 26 •be
871 2434 48 18 one
936 2427 56 26 who
1018 2435 112 25 opposes.
1143 2431 14 18 •'
1192 2430 22 25 A

676 2465 67 33 lady,
764 2465 136 34 belonging
927 2468 26 24 to
981 2467 42 26 the
1046 2470 168 25 conservative

677 2507 73 31 parly
774 2506 102 25 became
904 2507 133 32 indignant
1074 2508 73 26 when
1168 2510 54 25 her/

677 2546 116 26 husband
804 2547 132 29 addressed
948 2547 46 26 her
1009 2556 28 17 as
1155 2557 58 18 con-

677 2586 143 27 servatives.
842 2588 34 23 &c
1059 2596 42 17 are
1123 2589 90 26 indeed

677 2626 110 29 liberals,
828 2627 45 25 she
886 2627 61 30 said,
1056 2637 29 17 as
1103 2629 38 26 for
1162 2637 53 26 my-

679 2665 48 27 self
736 2666 14 25 I
761 2665 71 27 don't
842 2666 51 26 like
905 2669 26 23 to
943 2667 30 26 be
985 2667 80 27 called
1083 2677 15 18 a
1117 2677 98 18 conser-

679 2707 90 26 vative.
844 2707 75 25 What
930 2708 70 30 odds,
1035 2709 55 24 gaid
1098 2709 46 26 her
1154 2710 60 25 hus-

679 2746 75 25 band.
833 2747 23 24 is
866 2749 46 22 not
920 2755 28 16 as
959 2747 154 26 honourable
1121 2751 26 24 to
1156 2758 58 17 con-

679 2794 69 18 serve
759 2786 43 25 the
814 2786 81 33 rights
907 2787 26 24 of
953 2787 42 24 the
1018 2788 96 32 people,
1138 2797 28 17 as
1188 2779 35 36 to'

678 2828 55 24 root
744 2826 67 25 them
821 2829 44 23 out
877 2835 29 17 as
917 2827 43 25 the
973 2828 109 26 socalled
1101 2829 113 27 Liberals

773 2866 139 33 According
931 2869 26 23 to
969 2867 44 26 the
1041 2868 139 35 dictionary
1201 2879 15 17 a

678 2906 88 25 liberal
776 2907 23 24 is
839 2914 47 17 one
913 2907 169 32 independent
1107 2910 27 24 m
1162 2910 53 32 pol-

782 2954 48 18 one
847 2946 56 26 who
912 2946 26 27 is.
945 2949 45 24 not
1000 2947 51 26 tied
1068 2950 25 25 to
1112 2949 42 26 eld
1177 2950 38 26 in-

678 2987 44 26 st't
740 2987 66 26 tbns
849 2990 14 11 •'
873 2994 14 18 a
898 2987 126 26 reformer.

975 3033 105 25 Pennib.

680 3128 272 28 CHRISTCHURCH
990 3131 81 26 ACID
1094 3131 119 28 DROPS.

799 3226 32 17 BY
840 3226 74 18 ROBIN
925 3227 172 19 GOODFELLOW.

712 3307 79 26 What
802 3309 62 25 with
874 3309 127 26 incessant
1013 3310 55 26 rain
1091 3311 43 26 the
1156 3320 59 24 gen-

679 3351 52 25 eral
752 3351 144 33 depression
924 3353 51 25 and
997 3354 43 25 tie
1057 3354 158 27 Prohibition

678 3394 94 26 friends
783 3404 36 17 we
835 3404 42 17 are
890 3396 70 34 sadly
976 3397 131 27 reminded
1129 3399 28 25 of
1171 3399 44 26 the

678 3438 42 26 old
734 3446 83 25 poem.

744 3482 87 26 Water
843 3482 85 27 Water
944 3484 155 34 everywhere

756 3525 52 27 Bat
819 3534 76 19 never
906 3537 14 15 a
932 3528 61 32 drop
1002 3530 27 24 to
1040 3529 74 26 drink

711 3569 62 25 Last
785 3570 75 29 week.
864 3570 41 25 Mr
918 3571 40 25 W.
977 3571 40 26 W.
1038 3573 95 27 Collins
1153 3582 61 24 gave

678 3620 15 17 a
704 3612 162 34 magnificent
883 3613 94 26 lecture
999 3623 33 18 on
1057 3616 156 29 Prohibition

678 3654 85 27 Direct
780 3655 64 28 Veto
874 3657 51 27 and
935 3683 3 3 .
952 3657 176 35 Temperance.
1173 3661 41 25 He

677 3698 102 32 pointed
798 3701 45 23 out
872 3700 42 26 the
939 3701 151 36 immorality
1112 3705 28 27 of
1153 3705 59 27 Pro-

676 3742 107 25 hibition
789 3750 28 17 as
825 3743 21 25 it
857 3743 126 34 infringed
994 3754 67 23 upon
1073 3747 43 26 the
1124 3747 88 33 liberty
1226 3763 8 6 -

669 3784 36 25 ~of
721 3784 42 25 the
775 3784 103 33 subject.
916 3787 47 26 His
980 3789 101 26 address
1099 3798 50 18 was
1169 3791 43 26 the

677 3835 70 17 more
754 3829 120 31 powerful
891 3838 27 16 as
931 3830 32 25 he
982 3831 103 26 himself
1093 3833 22 26 is
1132 3842 15 18 a
1169 3835 43 25 life

676 3870 198 32 long^abstainer.
888 3872 44 25 but
943 3874 20 25 it
991 3875 47 25 lias
1066 3877 81 25 raised
1170 3872 42 32 ttie
1225 3879 6 7 '

678 3921 78 26 wrath
766 3921 28 27 of
802 3921 58 28 Isitt
872 3924 18 24 &
904 3923 42 27 Co.
976 3925 52 27 One
1041 3927 27 27 of
1076 3926 43 29 the
1131 3929 81 28 ci'owd

1305 190 40 25 Mr
1363 191 27 24 T.
1402 190 31 26 E.
1444 191 91 32 Taylor
1546 193 22 24 is
1580 195 26 24 to
1618 195 67 32 itply
1699 196 50 25 this
1767 205 73 18 even-

1304 234 51 31 ing.
1402 234 30 24 In
1445 243 61 23 your
1519 237 103 25 ink-rest
1635 239 15 27 1.
1670 239 80 26 would
1764 242 74 23 sacri-

1303 277 46 24 fice
1369 279 91 29 myself
1484 281 47 22 aml
1541 289 31 22 go
1585 281 44 25 but
1652 291 41 22 any
1707 283 67 25 boss-
1788 284 52 25 Mrs

1304 321 152 25 Goodfellow
1479 323 46 24 luis
1546 326 129 29 expiY.-js-d
1699 335 14 16 «
1732 327 61 25 wish
1814 334 26 19 jo

1304 372 40 17 see
1356 365 112 25 Pollards
1478 366 129 26 Juveniles
1630 366 26 27 m
1680 369 42 26 the
1771 370 68 26 Gon-

1303 408 90 25 doliers
1443 411 46 23 an-.l
1515 416 27 19 as
1553 411 44 25 her
1621 409 94 33 wiljlfi:-'-.
1727 414 118 30 abaolnte;

1302 452 46 24 law
1362 453 41 24 Mr
1414 453 103 31 Taylors
1533 455 118 26 audience
1677 458 49 24 will
1743 457 30 25 be
1801 467 38 16 re-

1302 495 78 25 duced
1393 495 30 32 by
1435 504 56 17 one.
1527 498 13 24 I
1552 501 86 28 expect
1656 508 15 16 a
1691 500 106 26 ndmber
1814 501 28 25 of

1303 538 84 25 others
1404 539 52 25 will
1467 540 54 25 find
1541 549 87 17 excuse
1650 545 25 22 to
1693 549 57 26 stay
1760 552 77 24 away.

1337 582 115 30 Measles,
1473 585 113 31 measles,
1622 587 106 25 measles
1755 595 84 26 every-

1302 625 82 26 where
1392 627 49 24 and
1453 627 43 26 the
1505 630 88 24 streets
1602 637 42 18 are
1653 630 69 32 quite
1731 631 108 32 emptied

1303 670 28 25 of
1353 670 122 26 children.
1532 672 25 25 It
1583 672 23 26 is
1630 673 53 25 said
1703 674 56 25 that
1788 674 51 26 this

1303 713 125 30 epcdeinic
1438 722 49 16 was
1496 715 146 27 introduced
1654 717 54 25 into
1719 717 120 26 Dunedin

1302 754 32 34 by
1348 760 47 21 two
1407 757 128 33 monkeys.
1570 759 25 26 If
1615 759 56 27 that
1691 760 30 25 be
1744 762 56 25 true
1816 761 22 26 it

1302 799 22 24 is
1358 800 155 33 satisfactory
1539 804 27 23 to
1593 802 77 25 learn,
1681 804 57 25 that
1755 804 84 27 .those

1302 844 121 32 monkeys
1433 853 43 17 are
1486 853 34 17 no
1529 853 77 18 more.

1336 886 116 27 Madame
1463 888 146 27 Antoinette
1623 889 112 34 Sterling
1749 898 52 19 was
1813 893 26 24 to

1303 929 63 27 have
1394 931 73 30 given
1495 940 15 16 a
1536 935 100 24 concert
1652 942 34 17 on
1715 934 120 34 Saturday

1303 973 45 25 but
1360 974 44 25 she
1416 976 110 24 received
1538 976 43 25 the
1592 984 69 18 news
1672 978 27 24 of
1708 977 44 26 the
1763 978 76 25 death

1302 1017 27 25 of
1344 1018 46 25 her
1401 1018 116 27 husband
1534 1027 27 17 so
1571 1020 44 25 she
1626 1020 43 25 did
1677 1022 45 24 not
1738 1029 100 25 appear.

1303 1060 39 26 On
1356 1060 102 33 Sunday
1473 1062 115 26 however
1610 1062 45 27 she
1683 1063 76 33 spoke
1777 1066 27 25 at
1823 1073 16 17 a

1303 1105 168 31 Temperance
1482 1107 118 32 meeting.
1611 1108 12 23 /
1639 1122 3 4 ■

1336 1149 54 25 The
1401 1150 204 26 Prohibitionists
1617 1159 41 18 are
1675 1159 34 17 on
1733 1152 43 26 the
1788 1160 52 18 war

1301 1192 63 33 path
1376 1194 49 24 and
1437 1194 74 25 letter
1533 1194 64 26 after
1613 1195 74 26 letter
1698 1204 102 24 appears
1811 1196 28 26 m

1303 1236 43 26 the
1357 1236 66 34 daily
1435 1245 89 25 papers
1535 1238 185 34 endeavouring
1731 1241 27 24 to
1769 1239 70 26 show

1303 1279 56 26 that
1376 1280 87 26 Direct
1473 1281 65 26 Veto
1549 1281 59 26 does
1624 1284 46 24 not
1681 1290 75 19 mean
1778 1283 61 27 Pro-

1302 1323 116 26 hibition.
1461 1324 93 32 Myself
1568 1324 14 26 I
1594 1324 74 26 think
1679 1326 22 26 it
1712 1326 22 26 is
1745 1335 16 17 a
1783 1332 59 28 case;

1303 1366 138 26 "what's"
1464 1367 28 25 m
1510 1376 15 17 a
1544 1375 84 22 name,
1657 1377 16 17 a
1700 1371 140 30 gasometer

1301 1410 81 26 called
1393 1410 32 33 by
1437 1418 49 26 any
1498 1411 73 26 other
1581 1420 76 18 name
1677 1413 82 26 would
1767 1413 73 26 smell

1302 1461 28 18 as
1345 1453 84 26 sweet.
1698 1458 4 9 :
1829 1464 4 4 •

1337 1604 122 23 OXFORD
1470 1606 120 22 MAGISTRATE
1590 1606 208 22 COUR.

1322 1676 84 27 (Befoie
1423 1676 30 21 H.
1463 1676 34 22 W.
1507 1676 90 27 Bishop,
1606 1677 80 21 Messrs
1705 1677 133 23 O'Halloran

1489 1714 44 21 and
1552 1715 99 26 Gorton.)

1354 1790 30 21 Pn
1386 1789 54 23 trick
1460 1791 115 25 Herncssy
1594 1794 43 17 was
1657 1789 112 29 chaarged
1788 1789 52 23 with

1301 1827 122 28 assaulting
1432 1827 82 28 Jjseph
1524 1827 75 22 Lamb.
1654 1828 67 22 From
1728 1826 45 24 'the
1794 1829 42 22 evi-

1300 1865 64 21 dence
1374 1866 22 20 of
1406 1866 37 22 the
1453 1866 148 26 complainant
1610 1866 18 22 it
1638 1872 90 21 appears
1735 1874 3 4 -
1742 1866 51 22 that
1808 1866 28 22 he

1300 1899 43 21 and
1359 1900 115 28 Hennery
1491 1905 55 15 were
1564 1900 128 25 neighbours
1701 1900 152 24 and-Jjanvb-

1300 1936 48 21 who
1357 1935 21 21 is
1386 1941 14 15 a
1410 1938 112 25 carpenter
1534 1935 46 23 had
1588 1933 83 25 miiucd
1680 1937 126 28 some^tuolß
1815 1938 25 21 of
1852 1958 1 3 .

1300 1970 64 21 email
1380 1969 66 22 value
1458 1965 71 25 which
1548 1968 28 23 be
1594 1968 245 30 ttiddghtHenneß^a

1300 2006 42 27 boy
1367 2005 47 22 who
1423 2005 45 22 had
1481 2006 97 27 recently
1595 2008 53 19 trceri
1648 2008 5 11 1
1654 2017 3 3 -
1665 2006 66 23 about
1749 2007 35 22 his
1788 2001 51 34 -fo

1300 2044 64 20 miees
1374 2043 43 21 had
1426 2044 69 20 stolen
1506 2043 69 22 them;
1588 2038 7 12 J
1595 2040 70 25 li'amb
1683 2044 120 26 proceeded
1816 2046 23 21 to

1300 2081 130 26 Heunessy's
1439 2080 68 22 house
1516 2078 146 25 and'deinahd
1670 2082 4 4 '
1679 2081 129 23 restitution-
1811 2082 27 22 in

1300 2125 29 15 an
1347 2119 102 21 offensive
1468 2118 98 26 umnnc'r,
1675 2120 113 28 fiennessy
1808 2127 30 16 re-

1300 2157 74 21 sented
1387 2157 28 25 by
1425 2156 80 27 hitiiog
1514 2157 47 21 him
1573 2163 14 16 a
1597 2156 54 23 back
1668 2154 91 26 harider;
1794 2163 4 6 :

1300 2190 43 20 Hiß
1364 2187 99 30 Wtr.bip
1472 2191 50 21 said
1536 2191 48 21 that
1603 2191 67 21 under
1688 2197 43 20 any
1749 2193 89 21 cireum-

1300 2228 86 20 stancet
1396 2227 37 21 the
1454 2227 120 22 Defendant
1593 2233 42 15 was
1645 2231 39 18 not
1701 2228 95 27 justified
1813 2229 24 21 m

1300 2264 75 27 taking
1384 2264 36 21 the
1428 2264 42 22 l*w
1479 2264 25 22 m
1517 2264 35 21 his
1562 2271 47 15 own
1628 2262 70 25 hands
1716 2266 45 21 and
1770 2285 2 2 .
1779 2267 59 21 fined

1300 2302 46 21 him
1357 2302 31 27 7/-
1399 2302 45 23 and
1456 2304 63 21 costs.
1557 2299 5 8 c
1601 2305 65 11 •.-•••
1694 2306 4 12 ;
1757 2306 4 13 .•
1786 2304 11 15 v
1813 2312 3 3 ■

1352 2336 36 21 Mr
1398 2336 33 21 W.
1444 2336 26 22 G.
1481 2336 72 21 Alaber
1569 2337 86 22 Master
1671 2337 23 21 of
1708 2337 56 23 View
1782 2337 48 23 Hill

1300 2373 79 21 School
1388 2372 107 28 pieferred
1512 2379 14 15 a
1545 2373 80 28 charge
1651 2374 90 26 against
1760 2375 77 28 'Harry

1300 2410 102 27 Simpson
1410 2412 34 20 for
1452 2410 102 23 offensive
1562 2411 112 27 language.
1701 2413 36 23 Mr
1755 2413 82 23 Gathro

1300 2448 33 21 for
1341 2448 92 21 Plaintif
1442 2448 48 21 said
1508 2448 48 21 that
1575 2449 37 21 the
1630 2449 142 24 information
1791 2458 43 16 was

1300 2485 44 21 laid
1354 2485 66 22 under
1428 2486 96 22 Sections
1543 2486 28 22 04
1584 2486 44 22 and
1637 2487 28 22 96
1677 2488 24 20 of
1714 2488 121 23 Education

1301 2525 47 23 Act,
1367 2520 70 24 which
1450 2523 110 26 protected
1578 2523 38 23 the
1634 2525 81 22 Master
1736 2526 45 22 and
1799 2526 37 22 the

1300 2561 95 20 children
1404 2563 58 18 Jrom
1472 2561 53 20 aueh
1534 2561 92 22 conduct
1639 2568 24 15 a*
1675 2562 36 22 the
1720 2563 115 23 defendant

1300 2597 44 22 had
1354 2598 51 20 been
1421 2597 69 27 guiity
1500 2600 29 18 of.
1556 2598 86 22 Several
1659 2600 109 30 witnesses
1781 2608 54 16 were

1301 2631 70 21 called
1380 2633 43 20 and
1432 2632 37 21 the
1478 2631 100 23 evidence
1587 2639 47 17 was.
1640 2633 139 29 sufficiently^
1787 2643 50 16 con*

1301 2669 83 26 flicting
1402 2671 23 19 to
1444 2675 64 21 prove
1526 2669 50 23 that
1595 2671 114 28 somebody
1728 2672 44 23 had
1785 2674 51 27 lied,

1301 2708 96 21 however
1422 2707 37 23 the
1476 2708 88 21 abusive
1581 2709 105 26 language
1705 2710 70 23 which
1793 2719 44 16 was

1302 2744 83 21 uttered
1393 2743 76 22 within
1478 2745 37 21 the
1530 2745 89 26 hearing
1641 2746 24 21 of
1683 2746 38 22 the
1739 2746 98 26 mistresi

1302 2782 43 20 and
1355 2781 95 21 children
1464 2781 63 22 could
1535 2781 40 23 hot
1592 2782 27 21 be
1627 2785 37 24 got
1673 2790 50 16 over
1741 2786 44 21 and
1801 2787 36 22 the

1302 2819 115 21 defendant
1427 2825 40 15 was
1475 2819 56 22 fined
1542 2820 45 27 10/-
1596 2821 52 22 with
1657 2823 64 22 costs.

1355 2857 85 27 George
1448 2857 78 21 Brown
1534 2864 14 15 v
1556 2858 85 27 Husaej
1641 2870 29 5 —
1678 2860 72 23 Claim
1765 2862 51 23 £12
1825 2864 12 21 6

1302 2893 71 26 Jud;«
1381 2899 50 16 vent
1439 2894 26 25 by
1475 2894 83 22 default

1354 2931 113 22 Dohrman
1475 2937 13 17 v
1497 2931 132 30 Thompson.
1645 2935 55 22 Case
1712 2936 124 26 Withdrawn

1303 2968 28 25 by
1347 2969 106 21 Plaintiff.
1474 2989 4 4 ,
1793 2965 43 28 '}^.

1356 3005 103 28 Simpson
1467 3013 15 14 v
1493 3006 55 22 View
1562 3007 49 22 Hill
1620 3009 80 22 School
1708 3010 129 26 Committee

1303 3042 53 22 This
1368 3049 41 15 ffOB
1418 3050 14 14 a
1441 3050 47 16 case
1497 3043 24 22 m
1531 3044 70 22 which
1609 3045 99 25 Plaintiff
1716 3048 44 23 had
1766 3052 69 21 taken

1303 3086 30 21 d^j
1342 3080 36 22 the
1387 3081 85 27 cudgels
1481 3083 25 22 to
1516 3082 76 23 defend
1601 3083 36 23 his
1649 3085 72 23 wifW

1303 3124 24 16 as
1336 3119 85 25 regards
1432 3119 35 22 the
1489 3118 21 25 ii
1512 3129 10 17 sht5
1524 3120 24 22 ht
1564 3123 23 20 of
1604 3125 60 21 extra
1682 3125 91 28 charges
1804 3128 33 21 tor

1303 3156 75 21 school
1385 3157 98 27 cleaning
1492 3164 29 16 on
1539 3161 79 25 special
1634 3163 132 22 occasions..
1783 3165 54 24 The

1303 3193 111 22 chairman
1423 3193 37 22 Mr
1468 3195 72 24 Smith
1548 3194 80 27 waived
1637 3200 35 21 his
1689 3201 63 28 light
1770 3203 24 22 to
1802 3203 35 28 ob.

1301 3231 42 27 jcot
1352 3234 22 19 to
1383 3231 31 24 Mr
1422 3233 119 27 Simpson's
1548 3241 132 22 appearance
1689 3245 28 16 on
1727 3239 35 22 his
1772 3242 65 22 wife's

1303 3268 73 22 b.holf
1388 3269 44 22 and
1440 3276 25 16 as
1475 3271 37 22 the
1521 3278 48 16 case
1579 3275 123 28 proceeded,
1714 3276 18 23 it
1741 3279 96 24 revealed

1303 3312 13 16 a
1326 3308 53 20 local
1389 3314 86 15 animus
1485 3309 91 22 between
1585 3310 101 26 Plaintiff
1691 3316 44 21 and
1746 3317 91 24 Defend-

1302 3347 46 24 ant,
1359 3345 53 22 with
1422 3346 69 22 which
1509 3348 34 21 his
1561 3349 103 31 Worship
1677 3353 48 22 ■aid
1747 3354 29 23 he
1794 3356 43 23 h»d

1303 3383 91 26 nothing
1404 3384 22 20 to
1440 3383 35 27 do,
1486 3384 43 22 and
1537 3392 53 20 gave
1608 3388 130 28 Judgement
1755 3393 35 22 for
1802 3394 35 23 de-

1301 3420 91 22 fendant
1407 3421 53 22 with
1477 3424 63 20 costs.
1662 3435 92 9 .-..■

543 40 174 34 OXFORD
760 41 89 33 AND
888 41 106 36 CUST
1032 42 228 38 OfcSEUVM
1304 42 236 46 SATURDAY,
1583 50 108 36 JULY
1738 57 46 31 15.
1831 58 87 32 1893.

1915 3818 152 40 r^HoufAK
2086 3821 103 38 tytom,
2213 3815 86 39 atjbis
2318 3826 145 35 Uegisiered

1912 3859 7 13 ?
1952 3856 124 55 feinting
2084 3852 178 56 OiS^^ii^b
2285 3868 92 32 fitteei,
2400 3857 63 51 B^»

1956 3904 103 32 Oxford.
2067 3907 165 33 CftuteburrTi

2020 3943 138 38 BiiTODAy,
2213 3949 68 32 Jvtx
2302 3953 31 28 15
2354 3954 73 29 1898.

1954 202 78 41 MR
2053 203 52 39 W
2135 204 36 39 N
2203 202 243 47 CATHJEIO

1973 264 180 25 BARRISTER
2168 267 68 25 AND
2251 269 174 25 SOLICITOR.

1890 305 6 9 1
2002 297 30 20 M
2081 308 233 35 BANGIOIiA.

1927 367 134 33 Attends
2076 370 122 33 Oxford
2212 383 39 20 on
2264 374 201 43 CouufcDays.

1896 437 1 1 ■
1969 419 208 35 Instructions
2225 426 140 31 reccired
2420 428 44 41 by

1929 467 115 44 ppst;^
2072 484 1 3 ■
2096 496 5 3 .
2147 483 49 22 •:.■■■•
2215 485 5 12 :
2223 479 11 13 -:
2236 499 9 11 t
2246 476 43 25 ->--
2317 469 38 34 ■'."•
2374 484 6 7 ■■
2401 475 10 10 ■'

2017 555 59 45 F;
2104 555 261 61 B.LANB.

1987 635 15 6 -
2032 619 92 42 (Late
2139 621 39 31 E.
2198 604 167 61 Butcher.)'

1929 666 251 41 Watchmaker,
2208 668 184 43 Jewell^b,
2408 673 54 33 &c.

1926 717 126 33 Importer
2084 721 29 23 of
2152 720 106 26 Musical
2293 723 172 27 Instruments

2027 755 111 28 Vicforia
2159 758 39 26 St.
2227 759 135 34 Bangipra.

1928 832 100 32 Special
2040 835 71 25 value
2133 834 28 26 m
2183 835 81 26 Extra
2285 838 88 31 strong
2384 837 81 27 Cased

1926 875 87 33 highly
2022 876 110 27 finished
2145 878 109 33 English
2272 879 80 27 Lever
2361 880 103 27 Watch-

1926 927 36 18 es.
1991 939 10 16 ?
2008 920 189 28 Manufactured
2197 923 2 24 l
2212 924 31 24 -to
2264 931 44 25 my
2335 924 73 26 order
2429 924 35 34 by

1926 962 56 27 best
1990 964 108 26 London
2115 965 108 27 makers.
2258 966 159 34 Unequalled
2424 968 40 27 for

1926 1004 123 29 excellent
2062 1007 178 35 Timekeeping
2254 1010 51 25 and
2316 1007 145 38 disability.

1959 1049 31 27 F.
2007 1050 32 27 B.
2051 1051 97 26 LANE
2159 1053 142 33 personally
2321 1051 73 29 Visits
2413 1055 50 26 Ox-

1889 1113 4 6 .
1929 1092 56 27 ford
2006 1094 126 35 monthly,
2155 1096 116 35 carrying
2290 1105 15 18 a
2326 1097 70 35 large
2417 1099 52 26 and

1926 1136 85 27 choice
2018 1150 3 7 '
2045 1138 71 26 stock
2144 1139 28 26 of
2201 1139 129 33 Watches,
2357 1141 104 32 Chains,

1925 1180 136 31 Brooches,
2070 1182 89 33 Bings,
2170 1183 85 31 Studs,
2272 1184 130 28 Pendants
2413 1188 49 29 etc,

1928 1223 142 34 Spectacles
2090 1225 124 34 (Pebbles,
2230 1227 169 36 Fantoscopso
2410 1230 52 27 and

1927 1266 110 36 Crystal)
2048 1268 97 32 Clocks,
2164 1270 108 33 (Marble
2291 1272 52 26 and
2359 1272 103 35 Wood;)

2025 1312 157 27 Aecordeons
2193 1314 51 26 and
2255 1314 108 27 Violins.

1960 1353 82 28 Exact
2053 1355 58 26 date
2122 1355 29 27 of
2159 1357 63 26 each
2232 1357 59 28 visit
2297 1382 2 4 .
2313 1357 23 27 is
2358 1358 105 28 notified

2075 1399 28 26 m
2130 1395 158 32 Observer.
2295 1403 17 11 ''

1927 1440 149 28 Repairs.—
2078 1442 43 28 All
2130 1444 95 33 repairs
2241 1453 44 19 are
2300 1446 120 27 executed
2430 1447 33 33 by

1888 1486 2 28 !
1926 1485 93 32 myself
2039 1493 30 19 or
2084 1486 80 27 under
2179 1494 43 26 my
2242 1489 221 31 superintendence

1888 1531 2 37 I
1926 1536 30 17 so
1977 1529 57 26 that
2051 1532 103 30 patrons
2165 1533 49 24 dan
2234 1532 53 32 rely
2308 1534 35 25 oil
2364 1534 99 33 getting

1888 1572 2 37 I
1926 1572 156 27 satisfaction
2090 1575 27 25 at
2129 1574 43 26 the
2183 1583 60 25 very
2252 1574 88 28 lowest
2348 1576 113 34 charges.

1894 1639 14 9 
1961 1616 105 33 Repairs
2077 1625 30 19 or
2114 1618 84 26 orders
2206 1626 59 27 may
2276 1619 31 27 be
2314 1620 46 26 left
2370 1623 61 24 at—

1888 1662 2 36 !
1927 1664 28 28 J.
1973 1665 134 32 Weeber's,
2141 1667 65 27 East
2229 1667 101 27 Oxford,

1927 1710 27 25 at
1977 1708 41 28 W.
2037 1703 40 33 ti.
2101 1710 39 30 Cm
2163 1712 65 26 East
2251 1712 102 27 Oxford.

1925 1752 26 27 J.
1968 1753 101 32 Brown,
2081 1754 160 33 Bootmaker,
2267 1755 71 28 West
2361 1755 102 29 Oxford.

1928 1795 40 28 W.
1980 1796 26 26 J.
2019 1797 118 27 Crothers
2145 1799 21 24 &
2178 1799 45 26 Co.
2231 1816 7 9 .
2260 1799 73 27 Cast.

1889 1835 1 44 |.
1956 1840 54 26 «nd
2025 1841 52 27 will
2083 1841 31 27 be
2124 1842 133 34 promptly,
2262 1843 118 27 attended
2391 1846 35 25 to.

1898 1917 3 2 .
1924 1884 56 31 All
1990 1882 192 38 Work,,done
2192 1898 40 20 on
2246 1888 54 31 the
2312 1888 150 39 Premises

2051 1937 63 31 and
2127 1938 199 40 guaranteed.
2330 1929 38 30 r^
2374 1940 6 17 f
2383 1938 9 20 v

1897 2201 5 8 1
1939 2191 29 25 ;.
1979 2197 5 19 ?
2029 2190 214 31 Established
2267 2194 88 29 1862.

1923 2241 125 33 FLOUR;
2059 2244 58 27 besti
2126 2244 82 28 brant
2217 2245 60 36 My^
2286 2246 70 36 kept.

1924 2286 143 32 SHABPS,
2102 2287 54 27 0A
2164 2289 22 26 r
2192 2289 28 26 M
2229 2289 79 32 EAL,
2342 2291 52 28 BB
2398 2292 23 27 A
2429 2293 24 27 N

2013 2331 292 33 CHICEENWHEATj
2323 2336 48 26 AoV

1921 2373 47 28 A3C
1984 2373 147 29 I/OW^ST
2149 2375 166 30 OUBBBNT
2331 2378 125 29 BATES

1920 2582 67 33 The
2000 2584 94 32 finest
2106 2586 55 31 the
2174 2586 108 34 World
2297 2592 159 39 produces.

1923 2635 77 35 Sold
2008 2638 47 41 by
2082 2638 103 33 MrF.
2199 2642 41 31 A.
2268 2643 192 41 Waterman,

1964 2680 82 37 Eait
2056 2683 135 40 Oxford;

1922 2736 56 42 Mr^
1994 2733 24 35 ft
2021 2754 13 20 k
2048 2737 121 38 Fisher;
2185 2739 90 33 West
2286 2740 154 45 pjdEoroV

1902 2808 8 14 f
1917 2817 6 3 .
1923 2783 50 33 Mr
1989 2785 37 32 E.
2039 2785 54 37 W.
2122 2785 130 45 Cooper,
2281 2782 89 52 Gus^
2398 2793 66 30 Mid

1965 2844 95 32 many
2079 2835 112 32 others.
2258 2867 6 7 ,
2354 2829 4 5 '
2393 2849 7 23 ;

1889 2957 23 37 4
1931 2979 36 20 ;..;.
1988 2951 104 54 -'.{Z-
2124 2952 139 45 &>TICJ3.
2437 2970 2 4 '
2457 2992 2 2 -

1926 3008 49 66 I-
1980 3007 64 29 wish
2056 3010 26 25 to
2092 3009 86 26 inform
2201 3020 42 24 my
2262 3012 92 27 Oxfortl
2370 3014 91 32 friends

1971 3041 51 26 and
2043 3041 45 26 the
2224 3041 90 30 Piblic
2340 3046 59 27 tbM
2416 3044 47 39 j^

1925 3079 126 34 Rangiora
2074 3080 122 32 business,
2210 3083 45 28 has
2278 3085 128 29 increased
2434 3091 27 23 to

1926 3121 62 26 such
1999 3130 33 18 an
2043 3124 85 25 extent
2139 3124 53 26 that
2203 3125 14 26 I
2229 3126 66 26 shall
2314 3127 31 26 be
2373 3129 87 28 unable

1925 3161 40 26 to*
1974 3162 58 26 visit
2044 3163 91 26 Oxford
2158 3164 76 27 uhtill
2252 3166 99 27 further
2368 3170 91 26 notice.

1926 3199 43 28 All
1985 3201 68 26 work
2074 3203 58 26 sent
2147 3202 34 34 by
2192 3204 116 29 Griffiths
2312 3206 77 35 JBrp;,
2401 3196 59 47 Car|

1925 3240 71 31 riers,
2019 3241 49 26 will
2090 3243 95 26 receive
2206 3248 101 30 prompt

1984 3276 67 39 large
2087 3282 76 28 Stock
2201 3285 29 26 of
2250 3284 117 30 WdtcheS
2409 3289 50 25 and

1924 3318 131 35 Jewellery
2080 3329 36 18 on
2145 3321 78 28 hand.
2257 3311 127 47 Traveller
2422 3328 39 26 for

1925 3357 82 27 North
2016 3357 154 37 Catfterbtiry
2170 3369 4 14 ;
2182 3361 99 33 district
2288 3352 46 37 -ife
2340 3354 29 37 X
2382 3365 76 27 Gent.

2040 3396 71 28 QXJB
2121 3394 119 35 JONES*
2257 3400 136 35 Bangiora.

1925 3504 213 86 WANTED
2164 3507 122 49 Ktiosh
2288 3528 50 14 .—
2338 3511 39 33 U.
2423 3505 30 40 ti

2006 3571 5 11 ,
2025 3547 113 33 Pamh
2148 3550 59 33 has
2211 3543 248 52 jiiip^packed

1924 3598 20 19 a
1957 3589 69 31 nice
2054 3588 46 43 jot
2127 3592 34 30 of
2192 3589 186 46 Wel|ingtoii
2399 3596 61 32 ami

1904 3626 152 55 \piapoi
2084 3631 115 33 Tweed
2225 3627 129 41 dresses.
2396 3637 64 33 Not

1910 3676 4 28 j
1920 3668 67 34 Iwo
2001 3671 122 35 dresses
2137 3674 90 33 alike.

1303 3538 186 43 STRAITS
1578 3543 259 47 DTSURAKCE

1467 3592 187 54 Company.
1704 3608 13 38 ;;
1789 3603 18 43 ;■

1482 3651 65 18 HEAD
1569 3654 85 20 OFFICE
1702 3655 10 19 .'
1761 3660 5 5 •
1785 3639 13 39 |

1344 3686 181 41 SINGAPORE
1547 3690 65 41 AND
1643 3679 149 64 LONDON^

1371 3743 244 28 CHWSTgHURCH
1636 3745 127 30 AGENTS

1300 3782 36 33 F.
1352 3784 37 34 B.
1408 3771 235 51 DUNSFbiffi
1662 3777 89 50 A^D
1778 3783 53 46 &.

1437 3874 127 25 OXFOKD
1587 3877 110 28 AGEKT

1291 3909 173 40 •■■■ois-f
1493 3905 272 53 ttiaAK.
