2540 4020
1944 1262 52 24 The
2007 1262 162 24 Abercrombie
2188 1263 91 24 arrived
2288 1265 123 31 yesterday
2431 1265 69 24 after-

1909 1303 68 22 noon,
1995 1296 44 23 and
2059 1296 100 31 through
2180 1297 40 23 the
2231 1296 111 24 kindness
2354 1298 26 22 of
2403 1298 97 31 Captain

1909 1329 87 24 Devlin
2004 1337 34 16 we
2046 1330 105 23 obtained
2159 1338 14 15 a
2180 1330 39 23 file
2227 1330 26 23 of
2260 1329 125 25 Auckland
2393 1329 107 26 Heralds

1909 1366 22 19 to
1944 1362 38 24 the
1997 1362 57 25 10th
2067 1363 140 25 November.
2255 1364 45 23 We
2319 1364 49 24 find
2386 1372 34 16 we
2441 1372 59 16 were

1907 1395 38 24 led
1968 1397 48 22 into
2035 1404 62 16 error
2113 1397 25 23 in
2154 1398 88 30 stating
2260 1397 49 24 that
2331 1397 39 24 the
2387 1396 113 25 Deborah

1907 1437 47 15 was
1970 1430 40 23 the
2029 1430 76 23 vessel
2123 1423 125 37 chartered^
2259 1431 31 30 by
2312 1430 40 24 the
2374 1431 126 24 Auckland

1908 1463 90 24 Packet
2006 1463 120 32 Company
2135 1473 6 20 ;
2152 1465 19 22 it
2179 1464 21 23 is
2209 1459 46 28 the'
2257 1464 163 24 Abercrombie
2424 1465 76 24 which

1907 1496 21 23 is
1942 1497 73 23 under
2027 1502 151 26 engagement
2189 1502 23 19 to
2225 1497 51 24 that
2287 1498 128 32 Company.
2452 1499 48 23 She

1907 1530 47 23 will
1963 1530 64 24 leave
2039 1531 46 22 this
2104 1531 35 23 for
2158 1531 127 24 Auckland
2305 1533 67 29 again
2392 1532 25 23 in
2436 1532 64 32 eight

1907 1563 64 32 days.
2011 1564 44 23 We
2067 1564 58 23 have
2133 1565 41 23 but
2184 1565 60 23 little
2257 1565 54 23 time
2329 1571 24 17 to
2368 1565 56 23 look
2445 1573 54 17 over

1905 1597 40 23 the
1956 1605 90 24 papers,
2059 1598 42 23 but
2112 1598 46 23 will
2170 1599 52 31 give
2233 1599 136 31 particulars
2379 1607 28 15 on
2415 1599 84 24 Satur-

1907 1630 51 31 day.

1942 1663 76 25 There
2029 1665 43 23 has
2084 1665 59 24 been
2154 1673 14 15 a
2185 1672 51 17 new
2248 1665 155 24 Commission
2420 1666 26 24 of
2460 1666 39 24 the

1906 1697 75 24 Peace
1993 1698 78 23 issued
2090 1703 24 19 at
2125 1698 133 29 Auckland,
2271 1699 43 24 and
2332 1699 38 24 the
2382 1699 117 32 following

1905 1738 80 17 names
1998 1739 38 16 are
2047 1732 109 23 included
2167 1733 91 23 therein
2267 1741 6 16 :
2274 1745 35 5 —

1940 1764 32 24 G.
1985 1765 27 25 S.
2025 1765 89 30 Evans,
2127 1766 69 31 Esq.,
2211 1766 108 29 D.C.L.,
2332 1766 151 33 Wellington.

1940 1798 90 24 Robert
2040 1799 60 29 Tod,
2114 1799 68 32 Esq.,
2198 1799 132 25 Auckland.

1938 1832 91 23 Arthur
2040 1832 138 30 Wakefield,
2189 1833 69 32 Esq.,
2272 1833 57 24 Port
2340 1833 137 26 Nicholson.

1940 1865 97 24 Francis
2048 1865 103 31 Liardet,
2162 1866 69 32 Esq.,
2245 1866 60 25 Port
2312 1867 138 26 Nicholson.

1940 1898 103 25 Thomas
2055 1900 148 29 M'Donnell,
2217 1900 68 31 Esq.,
2300 1900 134 31 Hokianga.

1940 1959 33 25 R.
1985 1959 33 25 A.
2033 1960 45 30 H.,
2100 1961 26 24 of
2145 1960 39 25 the
2207 1961 51 31 Bay
2283 1962 25 23 of
2328 1962 101 29 Islands,
2451 1970 48 16 was

1905 1994 92 23 written
2014 1998 24 19 to
2058 2002 30 16 on
2100 1994 38 24 the
2159 1994 62 24 25th
2223 2020 4 5 t
2240 1995 145 30 September,
2399 1995 45 25 and
2462 1996 37 24 the

1905 2025 68 24 letter
1984 2030 43 27 put
2038 2027 48 22 into
2099 2027 39 23 the
2156 2027 55 23 mail
2227 2027 27 22 of
2270 2027 38 23 the
2323 2026 112 30 Victoria,
2450 2028 49 24 Go-

1905 2063 122 19 vernment
2038 2059 59 32 brig,
2110 2060 40 23 the
2160 2060 120 31 following
2298 2060 51 31 day.
2385 2060 44 24 We
2442 2061 57 23 have

1906 2093 67 31 again
1985 2093 91 23 written
2088 2098 23 18 to
2123 2093 31 24 R.
2164 2093 32 24 A.
2206 2093 34 24 H.
2249 2093 32 31 by
2292 2093 39 24 the
2339 2093 68 32 Lady
2413 2093 86 33 Leigh,

1905 2126 73 23 under
1990 2126 52 24 date
2054 2126 62 24 23rd
2128 2127 96 23 instant.

1908 2193 29 20 To
1947 2193 35 20 the
1991 2193 78 20 Editor
2078 2192 28 26 of
2119 2194 35 19 the
2191 2194 53 19 New
2255 2194 95 19 Zealand
2361 2193 87 22 Gazette
2457 2194 43 21 and

2065 2221 127 26 Wellington

1940 2256 54 29 Sir,
1996 2269 35 5 —
2031 2256 97 32 Having
2140 2256 51 32 just
2203 2256 110 25 received'
2319 2265 14 15 a
2345 2256 40 24 file
2397 2256 27 25 of
2441 2265 58 23 your

1905 2297 91 24 papers,
2018 2289 14 25 I
2049 2289 58 24 have
2128 2289 54 25 read
2194 2290 55 24 with
2260 2295 103 19 extreme
2382 2290 117 24 astonish-

1905 2327 64 20 ment
1980 2331 28 16 an
2021 2323 177 24 advertisement
2205 2324 81 31 signed
2321 2324 29 24 F.

1906 2357 100 23 inserted
2014 2357 25 24 in
2057 2357 89 24 several
2163 2357 118 29 numbers,
2304 2357 100 24 wherein
2426 2366 15 15 a
2460 2365 39 16 re-

1905 2389 63 25 ward
1978 2391 21 23 is
2011 2390 86 24 offered
2107 2390 36 24 for
2154 2399 40 23 my
2210 2391 176 31 apprehension.
2429 2390 70 24 lam

1905 2423 98 25 accused
2031 2424 26 24 of
2092 2424 86 32 having
2209 2424 72 24 taken
2304 2425 72 24 £500
2394 2424 27 24 of
2450 2424 49 24 that

1904 2458 105 30 person's
2031 2465 92 24 money,
2147 2457 45 24 and
2211 2466 38 15 am
2273 2458 133 24 denounced
2422 2466 26 15 as
2468 2466 31 15 an

1905 2491 98 31 escaped
2014 2492 98 23 convict.
2160 2491 13 24 I
2194 2495 85 20 cannot
2297 2491 43 24 hut
2358 2496 79 26 regret
2448 2491 51 24 that

1904 2533 46 22 you
1962 2524 82 24 should
2055 2525 58 23 have
2125 2526 57 22 been
2195 2533 26 15 so
2240 2524 105 33 imposed
2362 2533 71 23 upon,
2453 2525 46 24 and

1905 2556 158 33 (unwittingly
2074 2558 14 24 I
2097 2567 37 15 am
2146 2558 64 32 sure)
2220 2559 66 23 made
2298 2559 44 24 the.
2349 2559 102 23 medium
2463 2559 36 24 for

1905 2592 39 23 the
1956 2592 132 24 circulation
2100 2593 27 23 of
2140 2592 135 24 unfounded
2285 2592 139 24 falsehoods.
2445 2592 53 24 The

1904 2625 73 24 whole
2001 2626 183 27 advertisement,
2206 2627 21 22 is
2257 2634 14 15 a
2292 2630 61 20 most
2378 2625 121 24 malicious

1905 2659 114 32 calumny,
2032 2660 141 31 propagated
2182 2659 38 24 for
2238 2660 40 23 the
2288 2660 71 23 vilest
2379 2667 120 24 purposes,

1904 2693 45 23 and
1961 2693 13 23 I
1991 2697 62 19 must
2071 2697 94 27 request
2182 2693 51 24 that
2249 2701 46 23 you
2314 2693 49 23 will
2382 2693 59 23 have
2459 2693 40 23 the

1903 2726 115 30 goodness
2046 2731 24 18 to
2098 2731 120 26 represent
2246 2727 19 22 it
2285 2734 26 16 as
2333 2726 58 23 such
2413 2729 25 20 at
2460 2726 39 24 the

1904 2759 94 24 earliest
2014 2761 156 30 opportunity.
2205 2759 68 24 With
2288 2764 92 27 respect
2401 2763 24 20 to
2448 2759 50 24 Mr.

1904 2792 120 30 Leathart,
2046 2792 13 24 I
2080 2792 58 24 have
2154 2792 82 33 placed
2253 2793 40 23 the
2305 2797 83 19 matter
2410 2793 25 23 in
2459 2793 40 23 the

1904 2826 73 24 hands
2008 2826 26 24 of
2064 2835 41 23 my
2132 2827 62 31 legal
2217 2826 107 30 adviser,,
2337 2826 53 29 and,
2406 2834 31 16 on
2460 2827 39 23 the

1905 2857 174 27 establishment
2091 2860 26 24 of
2131 2860 38 23 the
2182 2868 83 23 proper
2277 2865 73 24 court,
2367 2860 65 26 shall-,
2441 2860 57 24 seek

1905 2893 50 24 that
1966 2894 89 23 redress
2065 2894 39 23 the
2116 2894 42 23 law
2170 2893 87 24 affords
2268 2902 45 16 me.

2013 2928 14 23 I
2039 2936 45 21 am,
2097 2928 47 28 Sir,
2156 2935 58 24 your
2224 2927 106 24 obedient
2340 2931 100 25 servant,

1927 2961 104 29 Akarao,
2044 2961 62 24 Nov.
2121 2963 38 27 18,
2170 2963 75 22 1811.
2314 2961 71 24 John
2404 2961 95 24 Smith.

1961 3030 216 24 COLONIAL
2207 3030 233 24 EXTRACTS.

1324 1113 51 23 The
1387 1112 106 24 Oriental
1502 1113 88 23 arrived
1599 1113 45 23 last
1652 1112 87 32 Friday
1746 1112 67 32 night
1822 1113 58 24 from

1291 1146 125 24 Taranaki.
1453 1146 68 32 Capt.
1533 1146 89 23 Wilson
1630 1146 58 23 used
1699 1150 66 26 great
1777 1146 103 31 dispatch

1291 1181 23 21 in
1324 1179 95 32 landing
1429 1179 37 23 his
1477 1187 136 24 passengers
1623 1179 45 23 and
1677 1179 39 23 the
1725 1179 71 31 goods
1806 1180 24 23 in
1843 1180 37 23 the

1290 1213 74 24 vessel
1375 1218 23 19 at
1408 1212 57 25 New
1481 1212 134 32 Plymouth.
1652 1212 41 23 He
1709 1212 48 24 had
1775 1212 105 24 unfortu-

1289 1247 84 30 nately,
1387 1246 110 30 however,
1510 1251 25 19 to
1553 1245 43 32 slip
1615 1245 37 24 his
1671 1245 73 30 cable,
1764 1245 46 24 and
1827 1254 52 21 run,

1289 1280 31 31 by
1331 1280 72 23 which
1415 1278 29 25 he
1463 1279 41 24 has
1522 1280 46 23 lost
1584 1287 30 16 an
1634 1278 86 25 anchor
1738 1278 46 25 and
1803 1279 76 25 chain.

1291 1313 98 32 Captain
1408 1313 93 24 Wilson
1520 1317 88 28 reports
1631 1312 40 24 the
1694 1312 77 24 wreck
1791 1313 27 23 of
1841 1313 39 24 the

1289 1347 111 24 schooner
1413 1345 91 33 Regina
1521 1351 23 19 at
1562 1346 126 29 Taranaki,
1705 1346 45 23 and
1767 1346 19 23 it
1804 1354 76 16 seems

1289 1379 138 33 improbable
1440 1380 49 24 that
1500 1380 40 24 she
1552 1380 46 23 will
1610 1380 67 31 again
1686 1379 29 23 be
1723 1384 40 27 got
1770 1379 38 25 off.
1835 1379 45 24 We

1288 1414 59 32 hope
1358 1414 63 23 these
1430 1414 147 23 misfortunes
1589 1414 45 23 will
1647 1418 42 19 not
1698 1413 30 24 be
1738 1413 142 24 unattended

1288 1447 54 24 with
1364 1447 58 31 good
1443 1451 23 19 to
1488 1447 58 24 New
1570 1446 135 32 Plymouth.
1742 1447 138 31 Competent

1288 1489 95 23 persons
1395 1480 56 24 have
1464 1480 73 24 stated
1549 1480 49 24 that
1609 1480 21 23 if
1644 1480 61 31 good
1715 1480 73 31 heavy
1801 1488 77 15 moor-

1288 1515 51 31 ings
1351 1522 58 16 were
1420 1514 46 24 laid
1478 1515 66 23 down
1552 1518 23 20 at
1582 1513 38 24 the
1628 1513 139 32 Sugar-loaf
1777 1513 100 30 Islands,

1288 1556 68 23 cargo
1367 1548 66 23 could
1450 1548 29 23 be
1493 1547 96 32 shipped
1600 1547 44 24 and
1656 1546 136 32 discharged
1804 1547 73 29 there,

1288 1581 54 24 with
1363 1581 59 24 little
1444 1581 87 31 danger
1553 1586 23 19 to
1601 1581 96 24 vessels.
1732 1580 79 24 When
1833 1581 45 24 bad

1288 1614 98 25 weather
1397 1622 46 16 was
1454 1614 98 29 evident,
1564 1614 55 23 with
1637 1614 39 24 the
1697 1614 37 24 aid
1753 1614 26 23 of
1799 1621 78 17 moor-

1286 1649 61 30 ings,
1359 1648 32 24 all
1401 1648 42 24 sail
1455 1647 76 33 might
1540 1648 28 23 be
1580 1652 42 25 set,
1639 1648 47 23 and
1697 1648 66 23 when
1774 1647 77 32 ready,
1864 1656 14 15 a

1287 1682 42 23 fair
1340 1686 58 19 start
1408 1681 66 24 made
1483 1691 7 20 ;
1509 1682 41 23 but
1560 1681 66 24 while
1637 1681 88 24 vessels
1735 1681 59 24 have
1803 1686 24 19 to
1839 1686 38 26 get

1284 1724 34 23 up
1335 1715 61 24 their
1413 1715 105 29 anchors,
1536 1715 53 31 they
1608 1719 64 19 must
1691 1715 29 23 be
1739 1715 97 31 drifting
1853 1719 24 19 to

1286 1749 98 24 leeward
1395 1748 34 24 for
1441 1757 14 15 a
1465 1749 56 30 long
1532 1749 53 23 time
1597 1748 78 24 before
1692 1748 55 31 they
1764 1756 39 16 are
1821 1749 25 23 in
1863 1757 14 14 a

1287 1782 113 24 condition
1412 1786 23 20 to
1448 1786 35 20 set
1494 1782 43 24 sail
1538 1795 32 4 —
1571 1782 44 24 and
1626 1782 48 24 loss
1686 1782 26 23 of
1733 1781 38 24 the
1789 1782 88 23 vessels

1286 1821 63 18 must
1359 1816 129 31 frequently
1498 1816 30 23 be
1545 1815 38 24 the
1600 1823 62 16 case.
1698 1815 66 24 With
1781 1815 41 24 the
1839 1816 38 23 aid

1287 1849 27 24 of
1326 1851 123 29 moorings,
1463 1849 38 24 the
1512 1849 86 24 vessels
1610 1848 76 24 would
1699 1849 69 23 make
1788 1849 44 23 sail
1851 1858 25 15 so

1286 1884 70 22 much
1367 1891 81 15 sooner
1460 1883 56 23 than
1528 1882 95 24 without
1634 1882 71 30 them,
1717 1891 27 15 as
1756 1882 38 24 the
1804 1882 73 24 heav-

1288 1917 40 30 ing
1338 1925 33 23 up
1383 1925 13 15 a
1406 1921 66 27 great
1482 1916 81 31 length
1575 1916 26 24 of
1610 1915 64 24 cable
1682 1917 23 22 in
1717 1924 14 15 a
1742 1915 75 32 heavy
1825 1924 51 16 sea-

1286 1958 49 23 way
1347 1954 129 27 represents
1488 1950 64 23 time.
1588 1949 26 24 If
1629 1950 50 23 that
1686 1949 53 24 task
1747 1954 130 27 represents

1287 1983 116 30 onrilour,
1411 1983 50 24 that
1468 1983 74 24 would
1547 1983 29 24 be
1585 1983 39 23 the
1632 1983 82 31 saving
1721 1983 26 23 of
1752 1983 39 24 the
1798 1983 48 23 loss
1853 1984 24 23 in

1279 2008 113 39 Question
1399 2025 7 19 ;
1436 2016 91 23 besides
1547 2016 87 28 which,'
1651 2016 55 30 they
1730 2016 74 23 would
1816 2016 61 23 then

1286 2049 85 31 always
1383 2049 29 23 be
1425 2056 80 16 secure
1524 2048 25 24 of
1570 2056 30 16 an
1618 2048 73 31 offing
1708 2048 69 31 equal
1794 2053 24 19 to
1839 2048 38 24 the

1287 2082 102 24 distance
1403 2082 25 23 of
1443 2082 39 23 the
1500 2082 116 31 moorings
1633 2081 62 24 from
1712 2082 40 23 the
1769 2082 70 29 land;
1863 2090 15 15 a

1287 2115 128 30 difference,
1427 2115 25 24 in
1463 2115 54 30 fact,
1530 2123 60 24 upon
1602 2115 76 23 which
1690 2115 38 24 the
1738 2115 47 23 fate
1797 2115 27 24 of
1839 2115 38 24 the

1285 2150 97 28 vessels,
1394 2150 24 23 in
1429 2149 45 24 bad
1486 2148 105 30 weather,
1606 2148 75 32 might
1693 2148 84 25 almost
1786 2149 30 23 be
1827 2149 50 24 said

1286 2187 24 19 to
1331 2182 96 32 depend.
1479 2182 45 24 We
1558 2182 57 24 have
1648 2190 31 16 no
1706 2182 72 24 doubt
1807 2182 69 32 Capt.

1286 2216 96 25 Liardet
1392 2216 45 24 will
1447 2216 58 24 have
1516 2216 100 31 brought
1627 2216 47 23 this
1686 2216 125 31 important
1820 2216 57 23 sub-

1282 2250 48 32 ject
1352 2250 72 24 under
1443 2250 38 24 the
1500 2251 111 23 attention
1627 2249 27 23 of
1676 2249 40 23 the
1735 2249 120 24 Directors
1868 2259 6 20 ;

1286 2284 66 23 while
1361 2284 38 23 the
1411 2284 146 23 misfortunes
1570 2283 74 24 which
1655 2282 58 24 have
1724 2282 101 25 befallen
1838 2283 38 24 the

1285 2317 109 32 shipping
1404 2322 23 19 at
1439 2317 125 29 Taranaki,
1582 2316 46 24 will
1648 2324 80 16 secure
1746 2317 131 24 immediate

1285 2351 111 23 attention
1407 2355 22 19 to
1442 2350 39 24 the
1498 2355 83 19 matter
1590 2359 6 21 ;
1617 2350 45 24 and
1680 2358 34 15 we
1733 2350 77 24 would
1827 2350 50 24 lain

1284 2384 58 32 hope
1354 2383 50 25 that
1414 2385 31 30 by
1462 2385 47 23 this
1527 2385 55 23 time
1602 2383 84 25 twelve
1703 2383 102 30 months,
1827 2384 50 24 that

1284 2418 75 24 which
1371 2418 20 23 is
1401 2425 123 24 necessary
1535 2418 46 23 will
1591 2417 29 24 be
1632 2418 59 23 have
1702 2417 58 24 been
1773 2417 58 24 done
1841 2418 36 23 for

1284 2460 41 15 our
1335 2451 75 24 fellow
1423 2451 116 24 Colonists
1550 2452 24 22 in
1583 2451 51 23 that
1641 2455 54 27 part
1702 2451 26 23 of
1737 2450 40 24 the
1785 2451 89 24 Island.

1283 2485 78 24 While
1373 2493 30 15 on
1413 2485 40 23 the
1465 2485 89 32 subject
1564 2485 25 23 of
1604 2486 126 30 moorings,
1749 2485 18 23 it
1782 2493 55 24 may
1848 2485 28 23 be

1283 2519 51 24 well
1353 2522 22 20 to
1396 2522 95 28 suggest
1508 2519 50 23 that
1576 2526 63 16 some
1663 2519 27 23 of
1713 2517 40 24 the
1776 2518 101 32 whaling

1284 2553 96 23 stations
1391 2552 74 24 would
1476 2552 29 23 be
1517 2552 112 24 rendered
1639 2552 70 23 much
1728 2560 63 16 more
1810 2552 66 24 valu-

1283 2586 58 29 able,
1354 2586 21 23 if
1390 2594 61 15 some
1463 2585 36 24 aid
1519 2585 26 24 of
1563 2585 39 24 the
1622 2585 59 24 kind
1699 2585 68 24 could
1785 2586 30 23 be
1835 2594 41 15 ex-

1283 2619 83 24 tended
1376 2624 23 19 to
1410 2619 63 23 them
1484 2620 26 22 in
1521 2619 45 23 this
1578 2627 59 22 way.
1672 2619 45 23 We
1726 2624 94 27 suspect
1827 2619 50 24 that

1282 2653 45 24 had
1337 2653 64 24 there
1413 2653 58 23 been
1482 2653 115 31 moorings
1605 2657 24 19 at
1639 2652 101 30 Perake,
1750 2660 32 16 we
1793 2653 83 24 should

1282 2691 40 19 not
1332 2687 59 23 have
1401 2686 46 24 had
1459 2691 22 18 to
1494 2691 77 26 report
1582 2686 39 24 the
1632 2686 49 23 loss
1691 2686 25 23 of
1731 2686 40 23 the
1779 2686 95 29 Jewess,

1282 2720 119 31 Transfer,
1415 2719 43 24 and
1473 2719 138 31 Speculator
1622 2719 46 23 this
1683 2727 83 16 season
1784 2724 23 19 at
1826 2719 50 24 that

1282 2755 99 27 station;
1411 2753 45 23 and
1479 2753 45 23 had
1547 2753 63 23 there
1632 2752 63 24 been
1710 2753 119 30 moorings
1852 2758 24 18 at

1283 2787 111 24 Hawke's
1406 2787 59 31 Bay,
1479 2787 38 23 the
1527 2785 112 32 Lapwing
1650 2785 75 24 would
1735 2794 56 23 very
1803 2786 73 32 likely

1281 2827 41 18 not
1331 2821 58 23 have
1402 2821 55 23 been
1469 2820 45 23 lost
1533 2820 70 23 there.
1640 2819 25 24 It
1683 2827 48 15 was
1752 2820 50 23 said
1824 2820 51 23 that

1281 2855 39 23 the
1331 2862 60 16 crew
1401 2853 75 24 would
1488 2858 40 19 not
1540 2854 70 23 heave
1622 2861 31 23 up
1668 2853 38 24 the
1718 2853 86 24 anchor
1815 2854 61 23 until

1281 2888 54 31 they
1341 2888 47 24 had
1394 2888 44 23 had
1446 2887 60 23 their
1514 2895 90 24 supper,
1617 2887 45 23 and
1670 2887 38 23 the
1717 2895 159 24 consequence

1280 2929 47 16 was
1338 2921 39 24 the
1390 2921 55 24 total
1456 2921 75 23 wreck
1544 2921 25 23 of
1583 2921 40 23 the
1636 2920 81 25 vessel.
1755 2921 61 24 Now
1827 2925 48 20 set-

1281 2956 49 31 ting
1352 2955 44 23 sail
1413 2959 24 19 at
1455 2955 123 30 moorings,
1600 2954 46 24 and
1669 2954 100 31 heaving
1789 2963 34 23 up
1846 2963 29 15 an

1280 2989 92 28 anchor,
1386 2996 37 15 are
1439 2996 56 23 very
1514 2988 104 24 different
1636 2989 25 22 in
1681 2988 39 23 the
1739 2993 95 18 amount
1853 2989 26 22 of

1279 3023 80 23 labour
1372 3022 74 23 which
1457 3022 55 31 they
1523 3022 95 31 impose,
1631 3022 46 23 and
1693 3021 38 24 the
1752 3029 58 16 crew
1826 3022 50 23 that

1279 3056 75 32 might
1364 3055 141 32 improperly
1516 3055 76 24 refuse
1604 3055 39 24 the
1656 3063 52 21 one,
1725 3055 77 24 would
1820 3063 56 24 very

1278 3090 73 30 likely
1363 3089 111 31 instantly
1486 3090 58 30 obey
1556 3088 38 24 the
1606 3089 67 23 other
1686 3089 74 24 order.

1314 3149 36 31 By
1370 3148 38 24 the
1430 3147 90 24 Robert
1537 3148 121 31 Pulsford,
1683 3156 33 15 we
1739 3149 58 23 have
1821 3149 53 24 Van

1279 3182 120 25 Dieman's
1411 3182 68 23 Land
1490 3190 82 23 papers
1583 3187 23 18 to
1620 3182 38 23 the
1671 3182 41 24 sth
1731 3182 27 23 of
1771 3182 103 24 Novem-

1278 3216 48 24 ber.
1363 3216 51 23 Our
1422 3223 61 16 news
1493 3215 59 24 from
1562 3215 49 24 that
1622 3215 89 31 colony,
1721 3215 39 23 via
1773 3215 101 31 Sydney,

1278 3258 46 15 was
1345 3253 23 19 to
1389 3250 38 22 the
1452 3249 43 24 9th
1518 3250 25 22 of
1564 3249 139 24 November.
1740 3249 45 23 We
1807 3249 67 29 have,

1277 3283 113 29 however,
1403 3282 87 24 availed
1502 3282 115 24 ourselves
1629 3283 26 22 of
1664 3282 90 24 several
1765 3287 109 25 extracts,

1278 3316 74 24 which
1371 3316 46 24 will
1435 3316 30 24 be
1481 3316 72 24 found
1573 3317 24 22 in
1615 3316 96 24 another
1723 3320 53 27 part
1795 3316 26 24 of
1836 3316 38 24 the

1278 3358 80 24 paper.

1313 3401 51 24 The
1376 3401 112 24 schooner
1495 3400 73 24 Eliza
1578 3401 72 23 sailed
1659 3409 31 15 on
1702 3401 94 32 Sunday
1804 3401 69 24 after-

1279 3443 68 21 noon,
1359 3434 36 24 for
1408 3434 98 29 Nelson,
1521 3434 53 23 with
1585 3434 130 31 dispatches
1728 3434 35 24 for
1777 3436 96 30 Captain

1279 3467 137 30 Wakefield,
1436 3468 45 23 and
1503 3468 93 31 general
1619 3476 69 23 cargo
1707 3468 37 23 for
1763 3468 38 23 the
1824 3476 49 15 new

1279 3502 137 23 settlement.

1314 3553 50 24 The
1376 3552 124 25 schooners
1516 3552 125 32 Vanguard
1652 3552 45 24 and
1712 3552 65 24 Kate
1784 3552 88 24 arrived

1281 3589 34 21 otf
1322 3587 94 30 Sunday
1428 3587 100 30 evening
1536 3595 6 20 ;
1561 3586 38 24 the
1614 3586 86 24 former
1717 3586 60 24 from
1789 3585 82 25 Auck-

1279 3620 61 29 land,
1364 3620 39 23 the
1423 3620 68 23 latter
1514 3619 59 24 from
1594 3619 38 24 the
1662 3619 111 24 Thames.
1821 3619 51 24 The

1279 3653 125 25 Auckland
1419 3652 76 24 vessel
1506 3652 42 24 has
1564 3657 40 19 not
1615 3652 103 32 brought
1730 3660 14 16 a
1754 3652 64 29 rrail,
1830 3653 42 23 but

1279 3691 89 27 reports
1380 3686 49 24 that
1441 3686 37 23 the
1489 3685 163 24 Abercrombie
1670 3693 46 16 was
1737 3690 22 19 to
1773 3685 43 24 sail
1832 3685 40 24 the

1280 3728 62 16 same
1361 3720 50 31 day,
1424 3719 46 24 and
1480 3719 47 23 had
1538 3719 38 23 the
1588 3719 55 23 mail
1655 3727 31 15 on
1695 3718 71 24 board
1777 3719 36 23 for
1825 3719 47 23 this

1279 3754 73 31 place.
1389 3752 40 25 All
1447 3752 38 24 the
1503 3760 63 16 news
1587 3759 34 16 we
1637 3751 60 24 have
1713 3756 41 27 yet
1765 3752 107 23 obtained

1279 3788 29 28 is,
1321 3787 48 23 that
1389 3794 12 16 a
1420 3787 46 23 fine
1478 3785 111 24 schooner
1607 3785 26 23 of
1651 3787 47 22 100
1711 3790 52 18 tons
1775 3785 96 29 burden,

1369 3820 39 23 the
1425 3818 118 30 Deborah,
1563 3826 45 16 was
1618 3841 4 4 .
1630 3818 111 32 expected
1759 3818 70 32 daily,
1850 3824 22 18 at

1280 3853 39 25 the
1338 3853 56 24 time
1410 3853 26 23 of
1451 3852 39 24 the
1502 3852 120 32 departure
1634 3853 26 23 of
1676 3852 39 24 the
1737 3852 134 32 Vanguard,

1279 3888 59 23 from
1355 3886 39 24 the
1409 3886 52 32 Bay
1472 3886 27 24 of
1516 3886 99 29 Islands,
1628 3890 24 19 to
1663 3893 44 16 run
1718 3894 26 15 as
1756 3894 14 16 a
1787 3886 85 32 packet

1280 3919 102 37 betjnreen
1401 3919 125 25 Auckland
1543 3919 45 24 and
1606 3919 47 24 this
1672 3925 59 26 port.
1770 3920 48 24 She
1830 3920 42 24 has

1279 3946 57 41 beejii
1360 3953 117 24 chartered
1500 3958 24 19 at
1544 3954 71 24 £150
1632 3961 42 24 per
1697 3954 87 28 month,
1806 3954 33 31 by
1859 3962 13 15 a

1937 3083 64 24 New
2014 3083 138 24 Zealand.
2154 3095 33 4 —
2187 3082 78 25 Years
2276 3090 53 23 may
2341 3082 44 25 roll
2396 3090 55 16 over
2467 3090 30 16 us

1902 3116 79 24 before
1993 3116 38 24 the
2043 3116 42 24 full
2097 3116 140 31 advantages
2255 3116 26 24 of
2299 3116 39 23 the
2357 3116 58 24 New
2436 3116 61 24 Zea-

1903 3150 54 23 land
1972 3150 63 23 trade
2053 3150 47 23 will
2116 3150 28 23 be
2163 3149 73 24 either
2252 3149 42 24 felt
2311 3157 26 16 or
2353 3149 125 32 developed
2488 3159 7 19 ;

1904 3183 47 24 still
1964 3184 115 23 sufficient
2093 3183 21 24 is
2126 3183 92 31 already
2237 3183 84 23 known
2341 3187 22 20 to
2382 3182 69 25 make
2468 3191 29 15 us

1904 3217 92 24 cherish
2008 3217 37 24 the
2059 3222 62 19 most
2139 3217 99 31 friendly
2255 3217 108 23 relations
2382 3217 56 24 with
2455 3224 42 16 our

1903 3251 148 32 neighbours,
2072 3258 60 16 were
2154 3258 32 16 we
2207 3250 105 24 actuated
2330 3250 38 32 byj[
2379 3257 29 16 no
2432 3250 65 23 other

1903 3286 85 22 motive
2010 3284 55 23 than
2088 3283 50 24 that
2160 3284 26 23 of
2211 3284 169 25 selfishness—
2381 3283 71 24 hence
2476 3283 20 22 it

1903 3318 115 31 naturally
2029 3317 97 29 follows,
2141 3317 50 24 that
2207 3317 90 24 instead
2316 3317 28 23 of
2351 3334 4 7 ,
2364 3316 133 31 embracing

1904 3359 68 24 every
1984 3352 147 31 opportunity
2149 3351 25 23 of
2188 3351 157 31 depreciating
2362 3350 59 23 their
2439 3357 56 16 con-

1903 3385 80 29 dition,
1996 3393 33 15 we
2037 3384 82 24 should
2128 3385 27 23 be
2163 3384 69 24 silent
2238 3384 21 23 if
2269 3392 33 15 we
2308 3383 82 32 parade
2398 3380 99 34 nothing

1902 3418 74 24 better
1984 3418 54 24 than
2046 3419 129 30 gratuitous
2182 3417 129 23 falsehoods
2318 3416 45 24 and
2372 3416 125 32 jaundiced

1902 3457 97 26 reports,
2010 3452 50 23 that
2071 3460 43 15 can
2126 3451 53 30 only
2191 3450 103 23 redound
2306 3454 22 19 to
2340 3450 40 23 the
2391 3450 104 31 disgrace

1902 3486 46 23 and
1959 3486 163 30 disadvantage
2134 3484 25 23 of
2173 3483 125 24 ourselves.
2333 3483 47 24 We
2391 3491 39 16 are
2441 3484 54 31 glad

1903 3524 23 18 to
1937 3519 95 23 observe
2044 3518 49 23 that
2105 3516 88 24 several
2205 3516 26 24 of
2245 3524 42 16 our
2302 3517 193 32 contemporaries

1902 3552 102 23 coincide
2015 3551 55 23 with
2082 3559 27 15 us
2121 3551 24 23 in
2157 3550 65 23 these
2234 3551 145 29 sentiments,
2396 3551 54 25 and.
2455 3558 39 16 are

1902 3585 170 30 endeavouring
2088 3589 23 18 to
2129 3588 133 19 counteract
2279 3584 38 24 the
2335 3584 65 29 evils,
2417 3584 77 24 others

1900 3618 47 24 less
1964 3617 82 24 liberal
2064 3617 45 24 and
2127 3625 146 23 ungenerous
2290 3617 59 24 have
2366 3617 128 31 invariably

1900 3651 57 24 used
1970 3659 68 23 every
2048 3651 77 23 unfair
2137 3658 79 16 means
2228 3655 23 19 to
2264 3650 74 25 effect.
2375 3651 71 23 From
2463 3650 31 23 all

1900 3684 39 24 the
1952 3684 97 30 advices,
2064 3684 47 24 oral
2123 3684 43 25 and
2181 3685 98 28 written,
2291 3692 33 16 we
2338 3692 40 16 are
2396 3684 24 23 in
2438 3691 54 23 pos-

1900 3719 91 23 session
2003 3719 25 23 of
2043 3718 123 32 regarding
2178 3718 61 24 New
2250 3718 109 28 Zealand,
2366 3718 19 23 it
2391 3717 102 31 requires

1900 3759 30 16 no
1943 3752 102 32 seership
2058 3760 30 15 on
2107 3759 42 17 our
2165 3756 53 28 part
2236 3756 24 19 to
2278 3751 88 32 predict
2385 3751 48 23 that
2453 3749 40 24 the
2505 3771 9 7 

1900 3785 68 32 spirit
1978 3785 150 32 manifesting
2138 3785 66 24 itself
2218 3784 73 30 there,
2304 3785 19 23 is
2342 3792 42 16 one
2404 3784 25 23 of
2448 3781 47 25 un-'
2511 3781 3 30 \

1899 3819 104 32 flagging
2027 3827 94 24 energy,
2139 3818 75 24 wliich
2232 3819 32 30 by
2282 3817 169 30 endeavouring
2468 3820 24 19 to

1894 3856 62 29 'prop
1970 3853 43 24 and
2026 3860 135 23 encourage,
2175 3852 47 24 will
2232 3852 46 23 add
2287 3852 43 23 but
2342 3851 38 23 the
2393 3857 63 16 more
2468 3854 23 18 to

1900 3894 42 16 our
1953 3886 138 32 prosperity.
2128 3885 139 25 Thousands
2279 3893 38 16 are
2328 3884 123 32 preparing
2469 3886 23 19 to

1899 3920 65 24 leave
1975 3920 39 24 the
2023 3919 89 25 British
2124 3919 128 32 provinces,
2266 3923 22 19 to
2297 3918 66 24 settle
2376 3925 28 15 on
2417 3923 42 17 one
2467 3923 25 15 or

1900 3954 64 24 other
1977 3954 26 23 of
2017 3954 38 23 the
2068 3953 91 30 eligible
2175 3952 77 31 ppints
2265 3952 25 23 of
2304 3951 97 24 location
2419 3950 24 23 in
2454 3948 39 24 the

703 1313 44 24 We
757 1313 57 24 have
825 1313 58 24 been
891 1313 114 23 informed
1014 1312 48 24 that
1070 1313 86 23 certain
1164 1321 95 24 persons

669 1347 57 24 have
738 1347 38 24 the
788 1347 112 23 intention
912 1346 26 24 of
951 1347 98 31 inviting
1058 1346 38 24 the
1103 1346 78 32 public
1189 1352 23 18 to
1222 1347 37 24 be-

669 1388 62 16 come
743 1380 158 24 shareholders
913 1381 24 22 in
948 1388 13 15 a
977 1379 109 32 Printing
1098 1380 127 31 Company,
1238 1385 21 19 to

667 1414 29 23 be
704 1414 121 31 organized
835 1414 33 23 for
876 1413 38 24 the
921 1421 97 23 purpose
1027 1414 24 23 of
1060 1414 99 30 starting
1166 1414 93 23 another

668 1455 132 23 newspaper
811 1448 24 22 in
848 1447 58 24 Port
914 1447 135 23 Nicholson.

701 1481 44 24 We
764 1481 87 24 believe
868 1480 18 24 it
904 1481 20 22 is
940 1480 90 23 unwise
1049 1485 22 18 to
1090 1480 130 24 endeavour
1237 1485 23 20 to

667 1514 62 24 show
741 1515 49 23 that
801 1522 45 23 you
858 1513 57 24 have
926 1522 45 22 any
982 1513 66 24 claim
1061 1521 61 24 upon
1133 1513 40 24 the
1188 1515 72 30 grati-

667 1548 54 24 tude
732 1548 72 23 either
816 1548 26 23 of
857 1555 28 16 an
896 1546 127 25 individual
1034 1555 24 16 or
1077 1547 23 23 of
1122 1555 14 16 a
1156 1555 103 16 commu-

666 1582 58 31 nity.
759 1581 69 23 Were
836 1581 19 23 it
861 1580 127 29 otherwise,
997 1588 33 16 we
1037 1580 66 24 could
1111 1580 57 24 have
1176 1581 84 31 proved

666 1616 55 23 with
733 1615 125 31 advantage
870 1619 23 18 to
905 1614 123 28 ourselves,
1046 1614 50 23 that
1109 1622 33 15 we
1158 1614 45 24 had
1222 1614 38 24 the

666 1652 115 28 strongest
794 1655 145 24 repugnance
955 1652 22 18 to
996 1647 120 32 becoming
1135 1648 125 24 connected

665 1682 54 23 with
731 1682 38 23 the
781 1682 72 23 Press
861 1691 6 19 ;
887 1681 40 23 but
938 1681 115 31 forseeing
1065 1680 37 25 the
1114 1681 109 24 mischief
1237 1682 24 23 of

666 1716 39 23 the
746 1715 51 24 first
808 1713 90 33 Colony
939 1714 83 32 sailing
1039 1714 96 24 without
1153 1723 15 15 a
1185 1723 73 15 news-

665 1757 70 24 paper
754 1748 178 32 accompanying
950 1748 38 23 the
1009 1748 136 31 expedition,
1164 1756 35 16 we
1215 1749 43 24 im-

665 1782 71 32 posed
750 1790 61 23 upon
830 1781 116 24 ourselves
964 1781 39 24 the
1020 1781 52 24 task
1089 1782 23 22 in
1131 1786 62 20 utter
1211 1782 47 24 dis-

665 1815 81 32 regard
758 1815 26 24 of
798 1823 41 16 our
849 1815 98 31 feelings
955 1823 6 21 ;
988 1815 49 24 that
1054 1822 34 16 we
1107 1814 59 25 have
1183 1816 75 23 main-

665 1849 77 24 tained
764 1848 37 25 the
821 1856 71 24 paper
914 1848 99 24 unaided
1034 1848 98 32 through
1156 1857 15 15 a
1199 1853 61 20 most

665 1883 160 30 discouraging
833 1882 78 32 period
920 1891 6 20 ;
943 1882 52 29 and,
1001 1882 87 31 finally,
1093 1890 33 15 we
1136 1882 124 24 continued

665 1917 19 23 it
694 1916 62 28 here,
769 1916 109 30 knowing
889 1920 23 19 at
924 1915 37 24 the
974 1924 61 15 same
1044 1916 54 23 time
1105 1915 40 24 the
1154 1916 104 31 pleasure

665 1950 19 23 it
694 1949 74 24 would
779 1949 57 24 have
848 1948 100 24 afforded
959 1949 39 24 the
1013 1949 124 24 Auckland
1152 1949 106 24 Govern-

665 1988 62 19 ment
738 1983 62 24 folks
811 1987 23 19 to
846 1982 59 24 have
915 1983 70 30 given
995 1990 28 16 us
1035 1990 14 16 a
1063 1983 63 31 large
1141 1983 64 31 price
1223 1983 35 23 for

665 2017 40 23 the
716 2016 180 28 establishment,
909 2015 54 24 with
973 2023 13 15 a
997 2016 56 22 view
1065 2020 23 18 to
1098 2016 103 30 shewing
1209 2016 50 23 that

665 2050 59 23 Port
745 2049 129 24 Nicholson
895 2056 46 16 was
960 2053 41 19 not
1018 2048 50 24 able
1087 2053 23 19 to
1131 2052 96 27 support
1246 2056 14 16 a

665 2090 139 23 newspaper.

700 2117 24 23 It
734 2124 96 24 appears
839 2116 50 24 that
900 2124 34 16 we
945 2124 38 15 are
995 2124 50 15 now
1055 2115 135 24 threatened
1201 2115 58 25 with'

666 2150 135 31 opposition,
814 2154 42 19 not
865 2149 59 24 from
945 2157 29 15 an
992 2149 132 29 individual,
1136 2149 44 24 but
1194 2149 31 31 by
1243 2158 13 15 a

664 2183 61 32 body
736 2183 26 24 of
776 2183 147 31 proprietors,
936 2182 76 24 whose
1025 2182 124 24 individual
1160 2182 98 24 interest

665 2217 47 24 will
722 2218 28 23 be
760 2225 25 15 so
802 2216 76 30 small,
899 2216 50 24 that
961 2216 38 23 the
1011 2216 46 24 loss
1073 2216 74 23 which
1155 2224 56 23 may
1222 2220 34 20 at-

665 2251 56 23 tend
731 2251 38 23 the
781 2250 156 31 undertaking
947 2249 47 24 will
1006 2250 28 24 be
1052 2249 25 24 of
1095 2258 29 15 no
1143 2254 111 25 moment,

665 2284 75 29 while,
750 2284 19 23 if
779 2284 18 23 it
809 2291 59 16 were
881 2288 22 19 to
915 2284 28 23 be
953 2283 73 24 borne
1037 2284 29 31 by
1079 2291 42 16 one
1130 2291 93 24 person,
1234 2284 19 23 it

665 2318 76 30 might
747 2318 29 23 be
785 2317 34 24 his
829 2318 60 23 ruin.
910 2317 55 23 Had
971 2325 33 15 we
1011 2317 56 24 been
1073 2317 70 23 about
1150 2321 23 19 to
1180 2317 29 23 be
1215 2325 41 23 op-

665 2351 72 32 posed
745 2351 30 31 by
785 2359 29 15 an
821 2350 133 30 individual,
963 2350 46 24 and
1017 2355 39 19 not
1062 2350 31 31 by
1102 2359 13 14 a
1126 2350 129 32 Company,

666 2393 42 15 our
728 2385 104 23 remarks
851 2384 74 24 would
944 2385 58 23 have
1020 2384 57 24 been
1095 2384 107 24 uncalled
1220 2384 36 24 for

665 2418 46 23 and
722 2418 124 23 unoffered.

700 2452 26 23 If
734 2460 42 15 our
787 2460 64 23 press
863 2459 58 16 were
933 2451 39 23 the
988 2455 109 28 property
1108 2451 26 24 of
1150 2460 14 15 a
1182 2451 72 24 Com-

664 2493 68 24 pany,
752 2485 36 23 for
808 2493 29 15 an
856 2484 126 24 individual
1002 2489 23 19 to
1043 2484 58 24 have
1120 2484 102 33 opposed
1237 2486 17 22 it

665 2519 76 23 would
760 2519 57 23 have
839 2518 59 24 been
921 2527 14 14 a
956 2518 96 32 spirited
1073 2522 44 20 act.
1154 2519 71 23 Were
1242 2527 12 15 a

666 2552 119 32 Company
802 2552 70 23 about
890 2557 23 18 to
934 2559 84 24 oppose
1037 2560 14 15 a
1070 2552 128 31 Company,
1217 2552 37 24 the

664 2586 149 32 proceedings
830 2585 78 31 might
924 2585 29 24 be
975 2594 60 22 upon
1056 2585 112 32 tolerably
1187 2586 67 31 equal

665 2624 83 25 terms;
767 2620 42 23 but
825 2623 24 19 to
866 2627 97 23 propose
980 2624 24 18 to
1022 2618 109 24 establish
1151 2628 14 14 a
1183 2620 71 23 Com-

663 2661 62 23 pany
736 2658 24 18 to
772 2661 84 23 oppose
867 2660 29 16 an
908 2653 133 29 individual,
1052 2653 29 28 is,
1093 2660 34 16 we
1140 2653 76 29 think,
1229 2657 24 20 to

665 2692 22 18 to
700 2687 78 23 evince
788 2695 14 15 a
813 2686 42 24 sad
865 2686 52 24 lack
934 2686 25 24 of
973 2686 132 24 inclination
1117 2694 26 16 or
1155 2695 99 22 courage

664 2724 24 19 to
710 2720 71 23 battle
802 2719 56 24 with
880 2720 67 31 equal
964 2728 109 23 .weapons
1082 2729 7 20 ;
1116 2719 99 30 further,
1236 2721 18 22 it

664 2761 96 24 appears
772 2757 23 19 to
803 2761 29 16 us
843 2754 19 23 it
879 2754 21 23 is
917 2758 77 27 pretty
1008 2754 58 29 good
1081 2754 120 23 evidence.
1204 2754 50 23 that

665 2787 63 24 those
741 2787 55 23 with
812 2787 76 24 whom
900 2786 40 25 the
956 2787 55 31 plan
1023 2787 42 23 has
1082 2787 129 31 originated
1225 2787 29 24 do

663 2825 42 19 not
717 2821 103 23 consider
837 2821 20 22 it
868 2820 47 24 will
931 2820 28 24 be
977 2820 107 24 attended
1103 2820 56 24 with
1174 2822 77 30 profit.

664 2854 25 23 It
700 2855 21 22 is
731 2855 82 22 almost
820 2854 43 23 fair
872 2858 21 19 to
907 2862 90 15 assume
1009 2855 48 23 that
1068 2854 63 23 there
1144 2855 20 22 is
1171 2854 82 24 malice

663 2886 26 25 in
700 2888 38 22 the
750 2887 106 29 scheme,;
879 2887 49 24 that
941 2896 40 15 our
992 2888 106 31 personal
1109 2888 85 31 injury,
1208 2888 45 24 and

662 2926 42 19 not
715 2921 38 24 the
770 2921 78 31 public
860 2921 66 31 good,
939 2922 19 23 is
971 2921 39 24 the
1027 2928 98 26 purpose
1142 2922 26 23 in
1185 2922 66 29 view,

663 2955 46 23 and
721 2959 21 19 to
755 2954 45 24 this
811 2963 34 15 we
858 2955 27 23 do
896 2954 46 24 feel
952 2954 96 24 assured
1059 2955 37 23 the
1109 2956 143 31 community

663 2988 117 31 generally
791 2988 46 23 will
848 2989 29 22 be
889 2996 30 15 no
929 2993 78 26 party.

698 3021 50 25 The
768 3021 125 24 Auckland
915 3022 110 31 Printing
1047 3022 128 31 Company,
1196 3022 57 24 with

663 3055 38 24 the
714 3063 120 16 enormous
852 3055 127 31 advantage
992 3056 25 23 of
1032 3056 70 30 being
1113 3055 96 24 secured
1227 3056 25 23 in

662 3089 69 23 about
753 3090 88 23 £1000
863 3096 42 24 per
927 3096 86 16 annum
1033 3089 36 23 for
1093 3089 159 24 Government

661 3123 110 31 printing,
783 3122 42 23 has
842 3122 72 24 found
932 3123 18 22 it
968 3130 121 23 necessary
1107 3127 24 19 to
1150 3123 101 24 advance

661 3156 40 23 the
712 3157 61 30 price
785 3156 25 23 of
821 3156 39 23 the
876 3153 95 26 Herald
980 3156 59 24 from
1055 3157 38 23 £2
1112 3160 23 19 to
1153 3156 38 24 £3
1209 3164 42 23 per

662 3197 93 16 annum.
792 3189 65 24 With
867 3189 47 23 this
924 3189 47 23 fact
978 3189 78 24 before
1065 3197 35 22 us,
1114 3197 33 16 we
1160 3189 28 24 do
1201 3197 48 23 say,

661 3223 56 23 with
728 3223 138 28 confidence,
882 3222 51 24 that
950 3223 19 23 it
986 3223 74 23 would
1077 3222 30 24 be
1118 3223 134 32 employing

662 3256 83 32 capital
755 3261 23 19 to
787 3261 59 18 most
855 3257 151 31 unprofitable
1015 3257 132 30 advantage,
1156 3261 24 19 to
1189 3262 62 18 esta-

661 3289 61 24 blish
733 3290 95 23 another
844 3297 132 24 newspaper
995 3295 23 19 at
1036 3290 45 23 this
1099 3290 76 24 infant
1191 3295 60 19 state

661 3323 26 23 of
696 3323 37 24 the
747 3323 97 31 Colony.
880 3323 69 24 Some
961 3328 96 27 attempt
1068 3328 25 19 at
1104 3324 146 31 comparison

660 3356 43 24 has
722 3357 58 23 been
802 3357 66 23 made
890 3356 103 24 between
1012 3364 40 16 our
1071 3361 58 19 state
1148 3357 46 23 and
1212 3357 38 24 the

661 3390 116 23 condition
789 3390 25 23 of
823 3390 58 24 Port
893 3390 87 32 Phillip
992 3390 44 23 and
1047 3390 121 29 Adelaide,
1183 3390 68 24 when

661 3423 65 24 those
749 3423 99 24 colonies
865 3423 47 25 had
933 3424 59 23 been
1011 3424 99 24 founded
1132 3424 71 23 about
1222 3432 29 16 an

661 3457 67 31 equal
746 3457 86 31 period.
867 3457 36 24 At
920 3457 38 24 the
978 3458 126 31 expiration
1124 3458 26 23 of
1165 3465 13 16 a
1195 3465 55 23 year

660 3490 47 24 and
718 3498 13 16 a
743 3490 51 24 half
802 3490 59 24 after
873 3491 39 23 the
923 3490 130 24 settlement
1072 3491 24 23 of
1105 3491 40 23 the
1155 3491 94 30 former,

660 3531 34 16 we
707 3523 85 24 believe
803 3524 19 23 it
833 3531 46 16 was
891 3524 49 23 still
957 3524 96 24 without
1063 3532 14 16 a
1087 3532 79 24 paper.
1202 3524 50 24 But

660 3557 29 23 be
701 3557 49 23 that
762 3557 38 23 the
807 3557 47 23 fact
865 3565 25 16 or
901 3561 47 26 not,
957 3557 39 24 the
1005 3558 133 23 connection
1147 3557 103 25 between

661 3591 50 22 that
728 3590 130 24 settlement
868 3591 46 23 and
925 3591 93 31 Sydney
1030 3591 96 24 secured
1142 3591 20 23 it
1173 3591 26 23 in
1206 3591 46 24 five

661 3632 26 15 or
698 3628 37 19 ten
747 3624 67 23 times
832 3624 39 23 the
888 3624 84 31 capital
989 3632 35 16 we
1041 3624 75 32 enjoy,
1134 3624 46 24 and
1197 3629 25 19 at
1239 3633 14 15 a

660 3665 56 23 very
733 3657 63 31 early
811 3657 87 31 period.
936 3657 50 24 The
997 3657 68 24 latter
1081 3665 46 16 was
1146 3657 105 32 supplied

661 3691 54 23 with
738 3690 83 32 capital
843 3690 60 24 from
922 3690 108 31 England
1049 3691 60 23 from
1128 3691 39 23 the
1188 3699 63 16 com-

660 3728 150 24 mencement,
825 3728 23 19 to
868 3731 29 16 an
915 3728 80 19 extent
1007 3725 142 30 unequalled,
1162 3732 34 15 we
1210 3725 40 23 be-

661 3757 65 29 lieve,
739 3757 30 31 by
781 3765 45 23 any
844 3757 66 23 other
922 3758 90 30 colony.
1046 3758 108 23 Without
1165 3759 88 30 stating

661 3798 70 21 more,
744 3791 63 22 these
827 3798 46 21 are,
885 3798 33 15 we
936 3791 77 29 think,
1027 3791 114 23 sufficient
1156 3794 103 26 reason's,

661 3823 35 23 for
709 3824 150 30 maintaining
870 3824 49 23 that
933 3824 39 24 the
985 3825 143 31 comparison
1144 3824 56 23 does
1212 3830 41 18 not

661 3855 54 24 hold
726 3856 67 31 good.
829 3856 26 24 It
865 3857 74 23 would
950 3857 27 24 be
996 3857 36 24 far
1042 3858 66 23 wiser
1124 3861 23 19 to
1161 3858 92 31 expend

662 3897 45 23 any
720 3890 81 31 capital
813 3889 50 24 that
875 3898 42 15 can
927 3890 28 23 be
968 3891 74 23 raised
1053 3895 22 18 to
1092 3890 110 32 bringing
1215 3891 37 24 the

663 3923 79 23 Steam
755 3923 53 23 Mill
828 3923 49 23 into
898 3924 125 30 operation.
1058 3923 52 24 The
1124 3924 85 31 capital
1227 3932 25 16 so

663 3956 118 31 expended
793 3956 73 24 would
886 3961 78 19 return
983 3965 14 15 a
1014 3958 67 30 profit
1093 3962 22 18 to
1139 3958 39 23 the
1195 3966 56 22 pro-
1258 3953 2 27 i

104 1905 171 25 SHIPPING
294 1906 277 27 INTELLIGENCE.

266 1958 146 18 ARRIVED.

69 1985 56 19 Nor.
146 1985 36 24 20,
202 1985 104 21 schooner
324 1986 69 25 Ariel,
415 1986 142 27 Mulholland,
578 1987 57 21 from

43 2011 91 28 Perake;
151 2019 71 19 cargo,
235 2013 30 20 oil
275 2013 41 20 and
326 2013 63 21 bone.
472 2034 3 5 .
511 2019 5 12 <

70 2038 56 21 Nov.
136 2040 36 24 21,
183 2040 104 20 schooner
301 2040 63 25 Kale,
383 2042 33 24 70,
435 2037 80 30 Smith,'
528 2042 57 21 from
600 2042 37 21 the

44 2066 98 21 Thames.

72 2094 62 20 Same
153 2094 47 27 day,
217 2095 121 26 brigantine
357 2096 120 26 Vanguard,
494 2098 35 24 61,
538 2097 96 27 Murray,

43 2122 53 20 from
108 2122 84 27 Sydney
200 2123 43 20 and
252 2123 119 21 Auckland.

68 2149 56 21 Nov.
143 2150 35 24 23,
189 2151 104 20 schooner
308 2152 83 26 Her.ry,
403 2152 26 21 27
447 2155 55 23 tons,
514 2153 121 27 Daymond,

43 2177 55 20 from
110 2177 82 27 Kapiti.

70 2204 61 21 Same
148 2206 48 25 day,
206 2206 49 26 brig
270 2207 83 25 Arrow,
367 2207 41 20 179
424 2209 56 22 tons,
498 2207 73 25 Geare,
581 2208 56 20 from

43 2231 79 22 Nelson
140 2232 88 26 Haven;
244 2234 23 20 in
282 2234 83 20 ballast.
395 2234 241 27 Passengers—Messrs.

43 2258 90 28 Heaphy
141 2261 43 20 and
194 2261 23 21 P.
230 2261 27 20 G.
268 2261 83 22 Moore.

71 2287 60 20 Same
156 2289 47 25 day,
224 2289 60 26 sloop
308 2289 70 26 Royal
404 2290 98 25 William,
527 2291 28 20 43
578 2293 58 24 tons,

43 2314 78 25 Lovitt,
132 2315 56 21 from
197 2317 38 19 the
246 2317 51 20 East
307 2317 73 20 Coast.

72 2343 60 20 Same
157 2343 46 26 day,
221 2344 120 26 brigantine
358 2345 141 27 Abercombie,
517 2347 40 19 180
579 2348 57 24 tons,

43 2369 83 26 Devlin,
136 2370 57 22 from
204 2371 38 21 the
251 2372 97 20 Thames.

283 2418 114 19 SAILED.

68 2444 55 20 Nov.
135 2444 36 24 21,
182 2445 104 20 schooner
303 2446 71 25 Eliza,
393 2446 77 26 Relph,
487 2446 35 21 for
539 2446 81 21 Nelson
629 2454 6 18 ;

43 2471 83 25 general
144 2478 70 20 cargo.
252 2472 197 28 Passengers—Mr.
470 2474 92 27 Wright,
580 2475 55 25 wife,

43 2498 39 20 and
92 2499 65 25 child,
168 2500 42 20 and
220 2499 45 22 Mr.
276 2500 23 21 J.
310 2501 92 27 Draper.

271 2546 32 20 IN
317 2546 86 21 PORT.

96 2576 110 18 Schooner
220 2576 62 24 Lady
293 2576 74 24 Leigh,
380 2576 65 26 King.

96 2601 84 26 Barque
193 2602 114 25 Clydeside,
322 2602 131 21 Mathieson.

96 2628 53 27 Ship
160 2629 66 24 Arab,
239 2629 99 21 Sumner.

95 2656 85 27 Barque
190 2657 83 20 Amelia
284 2658 125 26 Thompson,
423 2658 100 21 Dawson.

95 2684 52 26 Brig
160 2685 103 24 Caroline,
273 2684 102 22 Coombs.

97 2712 84 26 Barque
195 2712 111 25 Gertrude,
317 2713 72 21 Stead.

98 2740 109 20 Schooner
216 2740 84 25 Bailey,
312 2740 99 22 Sinclair.

110 2779 3 4 ■
131 2778 19 5 ■■-
218 2768 74 24 Mana,
303 2768 88 22 Barker.

96 2795 86 26 Barque
192 2795 99 25 Eleanor,
303 2795 139 22 Holdernesi.

97 2823 109 20 Schooner
218 2823 58 25 Gem,
288 2823 85 21 Pearce.

218 2851 101 25 Look-in,
333 2851 105 27 Canning.

95 2878 113 20 American
219 2879 49 26 ship
276 2879 79 21 Robert
366 2880 108 25 Pulsford,
487 2880 91 27 Clough.

98 2906 52 27 Ship
163 2906 103 24 Oriental,
276 2906 91 22 Wilson.

98 2933 109 21 Schooner
216 2934 68 24 Ariel,
294 2934 144 22 Mulholland.

218 2962 64 23 Kate,
294 2962 77 20 Smith.

216 2990 83 24 Henry,
310 2990 120 26 Daymond.

95 3016 53 27 Brig
157 3018 85 23 Arrow,
254 3017 74 20 Geare.

96 3044 65 26 Sloop
171 3045 69 25 Royal
250 3045 100 24 William,
362 3045 80 20 Lovitt.

96 3072 124 26 Brigantine
229 3072 140 26 Abercombie,
381 3073 85 21 Devlin.

220 3100 121 22 Vanguard,
352 3100 98 22 Murray.

215 3152 121 17 CUSTOM
351 3152 110 17 HOUSE.

282 3186 113 14 IMPORTS.

66 3213 131 21 American
208 3220 57 14 ship
300 3215 97 20 Robert
568 3222 66 14 from

38 3240 36 20 Ho
79 3247 60 14 bart
145 3241 112 21 Town.—
257 3243 86 24 Agents,
351 3243 23 20 J.
382 3243 18 26 8f
411 3243 23 20 G.
450 3243 100 21 Wade.—
551 3244 81 24 90,940

40 3269 43 19 feet
93 3269 49 26 pine
151 3269 86 25 boards,
249 3270 38 20 110
305 3270 52 26 kegs
373 3270 96 25 tobacco,
480 3272 12 19 5
504 3271 78 20 barrels
592 3274 40 21 tar,

39 3297 26 19 50
74 3297 54 19 ditto
138 3297 66 26 pitch,
216 3298 24 19 11
260 3297 55 20 ditto
331 3298 62 26 pork,
407 3298 24 20 10
442 3298 61 22 hhds.
512 3298 68 25 hams,
592 3300 40 19 149

38 3323 64 21 boxes
122 3323 73 21 lemon
218 3331 72 20 syrup,
312 3326 26 19 13
358 3326 55 19 ditto
436 3326 67 26 mead,
524 3327 27 19 80
575 3326 55 21 ditto

39 3351 88 26 pickles,
138 3352 42 20 392
195 3352 51 26 kegs
263 3353 103 24 crackers,
380 3354 40 19 150
430 3353 64 20 boxes
503 3360 59 20 soap,
574 3354 11 20 1
597 3354 35 21 do.

39 3385 70 19 sperm
119 3379 92 24 candles,
223 3380 26 20 27
261 3380 60 21 casks
331 3380 59 20 dried
400 3381 79 26 apples,
487 3382 41 19 613
539 3388 54 18 oars,
606 3382 25 20 11

38 3413 58 14 cases
107 3406 80 24 clocks,
197 3408 24 19 91
233 3407 79 20 barrels
323 3408 62 26 Navy
391 3408 96 24 biscuits,
496 3409 39 20 104
544 3409 89 21 bundles

38 3434 61 26 paiis,
110 3435 12 20 9
134 3434 54 20 ditto
199 3434 69 21 barrel
277 3441 80 18 covers,
366 3436 27 20 84
402 3436 66 20 dozen
476 3443 52 14 corn
538 3437 93 25 brooms,

39 3462 25 19 10
76 3461 93 27 cooking
179 3466 78 20 stoves,
268 3464 26 18 50
312 3463 78 20 barrels
400 3469 54 19 rum,
467 3464 26 20 16
503 3471 59 13 cases
571 3464 57 27 palm

38 3489 44 20 leaf
93 3490 55 22 hats,
166 3490 40 19 200
224 3490 51 25 kegs
294 3491 92 25 powder,
399 3491 12 20 6
428 3491 164 25 wheelbarrows,
604 3493 28 19 50

38 3523 67 20 spars,
117 3517 40 20 205
166 3517 68 20 boxes
245 3517 76 25 chairs,
331 3518 39 20 140
380 3518 88 21 bundles
479 3518 62 26 ditto,
550 3521 13 19 2
574 3526 58 14 cues

38 3545 102 24 matches,
159 3545 55 19 5000
235 3545 48 26 pipe
302 3547 76 23 staves,
397 3547 26 19 38
439 3549 58 17 nests
515 3547 58 24 tubs,
592 3547 40 21 119

38 3575 58 17 nests
113 3571 73 25 boxes,
196 3572 13 20 3
220 3572 205 26 washhand-stands,
439 3574 14 20 6
461 3573 65 21 boxes
536 3575 96 24 tobacco,

38 3600 13 19 3
62 3599 57 21 ditto
129 3599 64 24 snuff,
206 3600 26 19 10
243 3599 62 20 hhds.
316 3599 117 21 shoulderi.

66 3627 131 20 Schooner
344 3633 66 15 from
426 3628 97 20 Nelson
534 3628 98 21 Haven.

38 3665 27 4 —
65 3655 87 26 Agents,
166 3655 77 20 Clarke
253 3655 19 26 Sf
284 3655 92 24 Wright.
380 3665 26 4 —
408 3655 8 19 1
429 3658 36 18 ton
476 3658 104 23 potatoes.

66 3683 130 20 Schooner
327 3688 65 14 from
411 3682 116 21 Hawke's
542 3684 60 20 Bay.
604 3694 30 4 —

38 3710 87 25 Agents,
146 3711 70 19 Willis
234 3710 19 27 Sf
272 3710 34 20 Co.
307 3720 29 5 —
338 3710 40 19 100
393 3709 54 26 pigs,
462 3711 13 19 5
493 3711 61 20 casks
570 3711 62 24 wise,

38 3737 12 19 5
68 3738 80 20 barrels
164 3740 40 22 tar,
218 3738 26 20 12
262 3744 50 14 cans
329 3737 128 27 turpentine,
470 3737 12 20 6
500 3737 54 21 ditto
564 3739 67 26 paint,

39 3766 27 19 28
75 3765 51 26 kegs
137 3766 63 19 white
211 3766 68 26 paint.

67 3792 129 21 Schooner
348 3798 67 14 from
431 3798 48 13 the
494 3792 109 21 Thames.
605 3804 29 4 —

38 3821 77 24 Agent,
128 3820 35 21 W.
178 3821 128 20 Webster.—
306 3820 57 20 lsoo
382 3819 87 21 baskets
484 3820 75 24 maize,
577 3820 55 20 2000

38 3848 43 19 feet
91 3848 85 20 timber.

65 3875 128 20 Schooner
374 3874 4 9 1
381 3876 6 10 '
397 3880 64 15 from
473 3874 98 21 Sydney
583 3880 51 15 and

38 3907 48 15 the
101 3902 112 21 Thames.
214 3912 29 4 —
245 3902 12 21 9
273 3902 104 26 packages
393 3902 89 20 window
499 3902 76 21 frames
592 3903 43 20 and

38 3930 72 23 doors,
120 3930 11 19 1
143 3936 49 13 case
200 3930 14 19 2
224 3928 62 22 casks
297 3930 65 26 slops,
377 3930 10 19 1
403 3935 49 16 saw.

66 3958 130 19 Schoonkr
342 3963 64 14 from
415 3957 105 20 Perakr.
522 3968 27 4 —
551 3958 25 19 40
586 3959 49 19 ton*

545 32 99 32 THE
667 32 109 32 NEW
795 33 231 31 ZEALAND
1048 31 346 33 GAZETTEIAND
1416 32 327 32 WELLINGTON
1767 32 297 32 SPECTATOR.

1916 123 114 23 company
2038 115 90 24 formed
2138 119 23 20 at
2168 115 125 24 Auckland
2305 115 35 24 for
2349 115 38 24 the
2398 122 108 24 purpose.

1923 170 2 4 .
1945 148 53 24 The
2006 148 67 31 yatch
2083 148 123 24 Albatross
2217 148 46 23 had
2275 147 71 25 sailed
2355 148 60 23 from
2427 148 75 24 Goro-

1911 181 92 23 raandel
2013 181 111 23 Harbour
2134 181 36 24 for
2182 181 40 24 the
2231 181 119 24 Chatham
2360 181 92 24 Islands
2462 181 44 24 and

1912 213 59 24 Port
1983 214 139 23 Nicholson.

1945 247 53 24 The
2008 247 64 23 Kate
2086 254 46 17 was
2152 248 26 23 in
2198 255 119 24 company,
2335 247 36 24 off
2385 247 39 24 the
2445 247 61 24 East

1912 279 78 30 Coast,
2003 280 55 23 with
2069 288 15 15 a
2094 280 75 24 vessel
2180 281 26 23 of
2217 280 69 24 about
2305 283 33 22 40
2354 285 60 24 tons,
2434 280 72 24 called

1911 313 39 23 the
1961 313 78 31 Royal
2051 312 112 30 William,
2176 313 78 24 bound
2265 318 23 19 to
2304 314 45 23 this
2361 314 75 31 place.
2456 313 50 25 She

1910 345 46 24 had
1973 354 63 16 come
2048 346 60 23 from
2120 346 92 24 Hobart
2228 346 81 30 Town,
2321 347 45 24 and
2379 355 46 16 was
2446 347 57 24 call-

1911 379 42 31 ing
1964 387 29 15 on
2015 379 39 23 the
2073 384 64 18 coast
2148 379 36 24 for
2196 388 78 22 cargo.
2310 380 41 23 On
2360 379 43 25 her
2422 379 84 25 arrival

1911 412 41 23 her
1973 412 40 23 she
2033 412 48 23 will
2098 412 29 24 be
2145 412 37 24 for
2199 412 58 24 sale.
2293 413 26 23 If
2334 413 43 23 she
2392 414 30 23 be
2433 422 15 15 a
2459 414 47 23 fine

1910 445 82 29 vessel,
2014 445 41 24 she
2076 445 75 31 ought
2173 449 26 20 to
2220 446 29 23 be
2272 446 129 32 purchased
2415 447 32 31 by
2465 447 41 23 the

1912 478 119 32 Company
2043 483 23 19 to
2078 486 45 16 run
2133 478 103 25 between
2249 479 61 24 their
2321 480 91 23 various
2425 480 80 23 settle-

1910 516 83 25 ments,
2006 511 45 25 and
2064 516 22 20 to
2099 519 65 24 carry
2182 512 103 32 supplies
2304 517 22 19 to
2346 513 59 24 their
2422 520 84 24 survey

1909 546 97 29 parties.

1944 595 52 24 The
2004 593 105 26 Matilda
2118 603 45 16 was
2176 600 24 19 at
2212 596 82 32 Kapiti
2304 604 28 17 on
2345 596 96 32 Sunday
2450 597 52 29 last,

1909 630 122 30 preparing
2043 634 23 18 to
2078 629 54 24 take
2143 631 23 21 in
2179 629 39 25 oil.

1944 686 51 24 The
2001 686 85 24 Arrow
2095 694 46 16 was
2154 687 52 31 only
2218 687 79 24 fifteen
2309 687 71 24 hours
2391 687 60 24 from
2463 687 39 24 the

1911 720 123 23 Astrolabe
2064 719 80 24 Roads
2173 725 25 18 to
2231 720 39 24 the
2298 720 72 24 heads
2393 720 27 24 of
2446 721 57 23 Port

1911 752 136 24 Nicholson.
2084 753 53 23 We'
2148 753 88 24 believe
2257 753 41 24 she
2314 754 49 23 will
2375 754 42 23 sail
2434 755 26 22 in
2473 756 30 22 10

1911 786 56 31 days
1975 786 36 23 for
2023 785 106 30 London,
2141 786 56 23 with
2208 795 14 15 a
2234 794 68 23 cargo
2313 788 25 22 of
2348 787 39 24 oil.

665 107 2 27 !
674 114 62 22 black
746 115 37 24 oil,
787 115 19 20 -3
817 116 48 19 tons
874 114 128 25 whalebone,
1013 116 12 19 5
1035 116 49 19 tons
1092 115 50 25 flax,
1151 115 11 20 1
1172 114 51 22 cask
1232 117 35 18 to-

675 143 71 23 bacco,
759 143 12 19 2
782 148 57 14 cases
851 142 154 21 merchandize.

702 169 75 20 Sloop
787 170 14 11 *'
810 170 84 20 Royal
1060 175 64 15 from
1140 175 49 14 thi
1202 169 65 20 East

675 196 199 27 CoAST.-rAgentr,
884 197 23 20 J.
919 197 18 25 Sf
948 196 25 21 G.
987 197 71 20 Wade.
1059 207 29 5 —
1088 197 27 20 52
1124 197 56 27 pigs.

665 251 2 32 j
915 256 113 15 exports.

702 285 125 19 Schooner
865 284 131 20 Susannah
1104 290 47 15 for
1169 285 97 20 Cloudt

676 311 58 21 Bay.
736 322 28 5 —
764 312 87 25 Agents,
861 312 21 21 J.
894 311 18 27 Sf
924 312 24 22 G.
959 311 71 21 Wade.
1032 323 28 4 —
1061 313 26 20 77
1098 311 105 28 packages
1215 319 50 13 sun-

675 339 63 24 dries,
750 340 13 19 2
773 339 126 24 hbds.rum,
910 340 11 19 1
932 339 51 21 cask
999 339 88 26 brandy,
1098 341 27 19 28
1142 346 60 14 cases
1221 340 44 25 gin,

675 367 14 19 2
698 366 80 21 barrels
787 367 61 24 wine,
858 367 11 20 7
880 373 59 14 cases
947 367 95 24 tobacco,
1055 367 10 20 1
1077 366 52 22 cask
1138 373 56 19 ruru,
1207 367 12 21 1
1230 367 35 20 do.

675 394 91 26 brandy.

705 421 127 20 Schooner
973 427 46 15 for
1028 421 97 21 Nelson
1135 421 101 21 Haven.
1237 432 28 4 —

674 449 87 25 Agents,
771 449 75 19 Clarke
856 448 18 27 Sf
886 449 91 24 Wright.
978 459 30 4 —
1009 449 9 19 1
1028 449 40 20 box
1078 449 104 24 sundries,
1192 449 11 20 1
1215 447 50 22 cask

667 476 81 26 'sherry
762 476 61 23 wine,
842 476 12 20 1
873 475 50 22 cask
937 476 43 26 gin,
999 476 12 20 1
1030 476 51 20 hhd.
1100 482 55 19 rum,
1179 476 11 20 1
1211 475 54 21 ditto

674 503 89 26 brandy,
775 503 11 20 1
802 502 53 21 cask
862 505 80 24 porter,
954 504 10 19 1
982 503 42 20 box
1041 504 66 26 pipes;
1118 504 13 19 2
1142 503 51 26 bags
1201 503 63 24 flour,

675 537 42 13 one
726 530 57 20 anvil
792 530 42 20 and
851 530 92 25 bellows,
955 531 11 19 1
977 530 51 21 cask
1038 531 36 24 oil,
1087 531 26 20 12
1127 537 63 19 guns,
1201 531 12 19 1
1224 530 41 21 box

675 564 59 20 soap,
745 558 40 19 500
802 558 75 25 cigars,
896 558 11 19 1
926 558 64 20 tierce
1007 558 93 24 tobacco,
1112 558 26 19 13
1154 558 69 24 hams,
1238 558 26 21 88

675 585 39 20 lbs.
729 591 70 19 sugar,
809 586 14 19 2
833 585 64 20 boxes
907 586 75 24 cigars,
994 586 12 19 1
1016 591 47 14 case
1080 586 82 24 cheese,
1173 586 14 19 3
1196 585 69 20 boxes

675 612 82 24 raisins,
769 613 26 20 12
805 618 58 14 cases
872 612 45 26 gin,
926 614 14 18 4
955 619 58 14 cases
1029 612 57 24 beer,
1096 613 11 20 1
1119 613 42 20 box
1171 612 92 25 candlei,

676 640 25 20 10
712 640 80 26 gallons
802 640 88 26 brandy,
900 641 10 19 1
922 639 51 22 cask
982 640 104 26 herrings,
1096 641 14 19 3
1120 646 59 15 cases
1189 640 74 24 claret,

677 668 11 19 1
700 667 54 20 ditto
764 668 135 26 champagne.

701 694 99 22 Barque
1040 701 46 14 tor
1111 695 151 25 Wanganui,

674 727 50 14 and
738 722 97 20 Nelson
853 722 96 21 Haven.
950 732 28 5 —
978 723 87 25 Agents,
1078 723 69 20 Waitt
1157 722 19 28 8f
1187 723 74 25 Tyser.

673 760 28 3 —
702 750 25 19 25
739 748 60 22 casks
816 750 40 23 ale,
868 750 11 19 1
897 749 41 27 keg
954 750 95 24 tobacco,
1060 750 10 19 1
1081 756 48 14 case
1138 750 102 24 mustard,
1251 751 12 19 2

675 783 57 14 cases
740 776 104 25 blankets,
858 777 9 20 1
879 783 47 14 case
935 777 71 25 boots,
1016 778 13 20 2
1040 783 57 15 cases
1110 777 82 26 sherry,
1204 777 14 20 3
1229 777 34 21 do.

674 807 49 21 port
740 804 60 24 wine,
813 805 10 19 1
842 804 51 21 cask
907 803 102 28 whiskey,
1027 805 13 20 2
1055 805 65 19 boxe3
1135 804 105 24 sundries,
1251 805 12 19 3

674 831 50 26 bags
734 832 51 24 rice,
797 833 9 19 1
825 832 52 20 hhd.
893 832 89 25 brandy,
994 833 12 19 1
1016 832 53 20 ditto
1078 831 102 26 whiskey,
1191 833 13 19 5
1215 835 48 17 tons

672 859 62 22 flour,
748 861 13 19 2
780 859 53 21 ditto
851 866 70 19 sugar,
939 860 24 20 17
980 860 76 20 tierces
1072 859 54 25 beef,
1143 860 28 20 80
1188 859 76 21 firkins

672 887 90 24 herrins,
780 888 25 19 20
823 887 14 23 i
854 887 78 20 barrels
948 887 62 24 ditto,
1028 888 26 19 30
1069 887 80 20 barrels
1166 888 96 25 oatmeal,

673 915 27 19 20
711 920 57 14 cases
778 915 43 25 gin,
834 915 26 19 10
874 914 54 21 ditto
939 915 60 24 wine,
1011 915 38 20 200
1061 915 68 20 boxes
1140 921 123 20 passengers

672 942 96 26 luggage.

843 1000 123 14 LATEST
981 1000 104 14 DATES.

1291 116 105 32 prietors,
1415 115 44 24 and
1469 116 30 23 be
1510 123 14 16 a
1535 120 64 26 great
1611 123 82 16 source
1711 115 27 24 of
1754 116 129 30 prosperity

1293 153 22 19 to
1327 148 38 24 the
1376 149 66 23 Port.
1478 148 52 24 The
1652 148 43 23 has
1713 153 41 18 not
1761 148 122 23 -sufficient

1293 181 81 32 capital
1387 186 21 19 to
1420 185 99 20 warrant
1538 182 30 23 its
1587 181 161 31 disregarding
1764 181 40 23 the
1813 181 70 23 mode

1293 215 24 23 in
1328 214 73 24 which
1413 222 56 16 even
1477 222 42 16 one
1530 222 24 16 or
1564 219 42 19 two
1619 214 115 24 thousand
1745 214 91 31 pounds
1846 221 37 16 are

1286 248 134 35 [expended.

1307 285 6 8 *
1326 281 44 23 We
1382 289 52 23 may
1445 289 64 15 come
1526 288 80 16 nearer
1627 280 76 29 home,
1714 280 45 23 and
1779 280 103 29 observe,

1294 314 48 23 that
1354 315 132 30 experience
1495 313 90 24 teaches
1597 321 28 16 us
1637 313 51 24 that
1697 313 62 24 there
1771 313 20 23 is
1803 313 80 31 barely

1289 348 117 25 .sufficient
1416 351 95 28 support
1521 351 24 19 to
1564 347 112 23 maintain
1688 354 43 16 one
1749 354 134 24 newspaper

1294 388 25 15 as
1329 384 39 28 yet
1375 389 8 20 ;
1406 381 45 22 and
1463 388 33 15 we
1509 384 57 19 state
1578 379 45 24 this
1636 379 56 24 with
1703 379 140 31 confidence,
1856 388 26 15 as

1294 421 32 16 we
1336 414 60 23 have
1405 413 71 23 found
1487 414 18 22 it
1517 421 120 23 necessary
1649 417 22 19 to
1691 413 68 30 study
1771 420 111 23 economy

1293 450 23 20 to
1328 455 13 15 a
1357 446 87 32 painful
1460 450 79 20 extent
1547 455 7 20 ;
1573 446 41 23 but
1624 454 35 15 we
1675 445 28 24 do
1715 450 42 19 not
1768 445 114 24 therefore

1293 480 65 23 claim
1371 480 48 23 that
1425 484 105 27 support.
1566 479 38 24 On
1617 479 41 27 the.
1668 483 114 26 contrary,
1791 478 22 24 if
1827 480 19 22 it
1853 479 29 23 be

1293 513 97 31 thought
1406 513 50 23 that
1468 513 39 23 the
1523 520 72 24 press,
1608 513 70 31 being
1690 513 22 23 in
1723 511 38 25 the
1773 511 74 25 hands
1858 513 25 23 of

1292 554 14 15 a
1317 546 126 31 Company,
1459 546 76 23 would
1555 545 81 27 enable,
1653 544 137 25 individuals
1803 549 24 20 to
1839 553 42 16 ex-

1292 587 64 23 press
1376 579 65 24 there
1463 579 104 31 opinions
1589 587 63 15 more
1681 579 73 31 freely
1782 579 57 24 than
1858 584 24 18 at

1292 617 91 26 present
1401 613 19 23 it
1439 613 19 23 is
1476 612 114 31 supposed
1602 620 44 15 can
1656 612 29 24 be
1697 612 66 29 done,
1777 620 32 15 we
1823 612 58 24 have

1293 645 52 32 only
1357 650 23 19 to
1392 650 58 20 state
1462 654 32 15 we
1507 645 59 24 shall
1585 645 28 24 be
1630 645 89 31 willing
1739 650 24 19 to
1782 645 99 24 transfer

1293 687 39 16 our
1343 678 174 25 establishment
1529 684 23 18 to
1571 687 14 15 a
1600 678 61 32 body
1672 679 26 23 of
1706 679 140 31 proprietors
1858 683 23 19 at

1293 720 13 16 a
1322 712 115 24 moderate
1453 712 121 28 valuation,
1587 711 45 24 and
1651 720 29 15 on
1699 711 82 24 liberal
1799 711 80 25 credit.

1293 745 57 24 This
1363 746 60 28 offer,
1436 746 24 23 in
1471 745 139 29 conclusion,
1619 753 33 16 we
1660 748 61 21 trust
1731 744 47 24 will
1788 752 93 16 remove

1293 779 58 24 from
1368 779 38 23 the
1417 779 83 28 minds.
1505 779 26 23 of
1547 778 64 24 those
1628 778 52 24 who
1696 777 46 25 had
1759 778 56 24 read
1826 777 55 25 thus

1291 812 41 29 far,
1343 812 54 24 with
1409 812 38 23 the
1456 812 74 23 belief
1538 819 33 16 we
1579 819 59 16 were
1650 811 111 32 pleading
1773 819 42 16 our
1827 818 55 17 own

1293 853 75 21 cause,
1380 845 43 24 and
1437 846 108 23 convince
1559 845 62 23 them
1633 845 50 23 that
1695 852 33 16 we
1747 845 57 23 have
1815 844 67 24 made

1292 878 63 25 these
1373 879 103 24 remarks
1495 887 62 23 upon
1575 878 38 24 the
1632 878 112 31 Printing
1761 878 121 32 Company

1291 912 58 24 from
1374 920 15 16 a
1408 912 83 24 dislike
1512 917 25 19 to
1562 912 92 23 witness
1676 911 38 24 the
1739 912 142 31 mis-appro-

1290 946 98 31 priation
1402 946 25 23 of
1443 945 84 32 capital
1538 953 25 16 so
1575 944 69 25 much
1660 944 113 32 required,
1786 945 45 23 and
1844 953 37 15 es-

1291 979 98 32 pecially
1404 979 66 24 when
1486 979 19 23 it
1522 979 20 23 is
1561 978 114 32 proposed
1692 984 23 18 to
1734 978 69 31 apply
1821 979 20 23 it
1858 982 24 20 to

1291 1013 106 31 securing
1405 1016 32 19 -to
1456 1012 39 23 the
1519 1012 88 31 Colony
1627 1020 14 15 a
1652 1012 74 31 needy
1754 1019 73 24 press,
1852 1019 30 16 an

1291 1046 43 24 evil
1342 1046 59 24 from
1411 1045 72 24 which
1491 1047 19 22 it
1516 1045 75 31 might
1600 1050 41 19 not
1653 1053 93 15 recover
1756 1045 36 23 for
1803 1053 77 23 years.

669 1140 93 30 New
793 1140 218 30 Zealand
1042 1140 217 30 Gazette

717 1203 67 21 AND
799 1202 213 22 WELLINGTON
1027 1202 189 22 SPECTATOR.

752 1256 155 27 Wednesday,
921 1256 130 22 November
1065 1257 34 26 24,
1116 1258 61 20 1841.

1945 837 51 24 The
2007 837 113 24 schooner
2134 836 67 30 Kate,
2212 840 40 26 7Q,
2257 842 59 26 tons,
2326 838 85 24 hauled
2422 838 82 32 along-

1912 870 49 24 side
1973 870 99 25 Messrs.
2086 871 73 23 Waitt
2171 871 46 24 and
2228 871 95 32 Tyser's
2332 871 75 24 wharf
2415 876 89 27 yester-

1911 903 51 32 day,
1975 908 24 19 to
2011 904 120 31 discharge
2142 903 42 25 her
2201 912 67 23 cargo
2286 905 26 24 of
2325 906 83 23 maize.
2445 905 59 24 This

1911 937 19 23 is
1944 937 37 23 the
1993 937 88 32 largest
2092 937 74 24 vessel
2178 937 75 24 which
2264 938 42 24 has
2317 943 40 26 yet
2370 939 59 23 been
2446 944 23 19 at
2491 947 15 15 a

1911 970 73 24 wharf
1999 971 23 23 in
2036 971 58 23 Port
2106 971 137 24 Nicholson.
2279 971 51 24 The
2348 972 122 25 drawback
2481 972 25 24 of

1911 1004 45 23 this
1974 1004 65 31 place
2062 1005 21 23 is
2102 1005 30 23 its
2150 1005 131 31 capability.
2316 1005 61 24 This
2398 1006 21 23 is
2434 1014 70 23 para-

1911 1037 97 29 doxical,
2022 1038 43 23 but
2080 1038 21 23 it
2119 1038 21 23 is
2158 1038 40 23 the
2208 1038 56 24 fact.
2299 1038 78 25 When,
2395 1039 110 32 shipping

1911 1078 38 16 are
1969 1071 140 32 sufficiently
2127 1079 125 16 numerous
2271 1076 23 19 to
2310 1071 84 32 justify
2408 1072 40 24 the
2465 1081 38 16 re-

1911 1111 81 24 covery
2004 1104 25 24 of
2038 1104 70 24 about
2119 1105 51 31 fifty
2181 1113 64 15 acres
2258 1105 26 24 of
2301 1106 38 23 the
2351 1111 61 18 most
2422 1106 80 24 valua-

1909 1138 38 24 ble
1974 1138 55 24 land
2057 1139 26 23 in
2111 1138 38 24 the
2172 1138 109 29 harbour,
2304 1146 34 17 we
2351 1139 70 25 .shall
2445 1139 58 24 have

1909 1171 115 31 wharfage
2035 1172 25 23 in
2071 1172 47 23 this
2135 1172 57 23 Port
2205 1172 67 31 equal
2286 1176 23 20 to
2326 1181 46 23 any
2383 1174 119 23 conceiva-

1909 1204 37 24 ble
1959 1205 63 23 trade
2033 1205 36 23 for
2080 1205 75 23 which
2167 1205 39 23 the
2215 1205 65 31 place
2290 1206 21 23 is
2323 1206 113 25 destined.

686 1023 75 18 London
849 1023 46 22 July

686 1044 71 22 Sydney
847 1045 44 17 Oct.

686 1066 37 17 Van
748 1066 7 17 J
758 1066 89 17 Neman's

703 1086 54 18 Land
851 1086 48 18 Nov.

922 1025 28 16 10.

922 1046 28 16 30.

932 1088 17 17 9.

978 1024 41 21 Bay
1026 1024 21 16 of
1057 1023 93 18 Islands..
1155 1024 51 22 Aug.
1223 1025 29 16 25.

977 1044 82 18 Thames
1153 1045 50 17 Nov.
1226 1046 27 17 10.

979 1066 46 17 Port
1034 1066 67 21 Phillip
1120 1066 86 17 ....Oct.
1225 1067 27 16 15.

978 1086 90 18 Adelaide
1155 1086 43 21 Sep.
1223 1088 29 17 38.

284 116 246 28 .Surveyor-General's
540 116 78 28 Office,
627 135 6 4 ,

402 142 58 23 Nov.
471 144 20 25 5,
503 139 61 26 1&41.

131 177 41 21 To
187 177 186 21 Landowners
388 176 55 21 and
456 172 118 31 Agent's."

53 209 147 50 NOTICE
218 210 26 21 IS
261 208 126 23 HEREBY
402 209 107 25 GIVEN,
525 209 49 21 that
581 209 66 22 lands

138 237 42 22 will
192 237 26 21 be
229 236 83 22 offered
324 236 32 21 for
366 236 106 21 selection
479 240 22 17 at
512 235 133 27 Wanganui,

54 271 30 14 on
103 263 125 27 Thursday,
249 263 49 22 16th
317 262 125 22 December
454 266 62 19 next,
534 262 65 24 when
616 262 29 21 all

52 297 93 21 persons
164 289 127 23 concerned
305 297 37 14 are
355 289 112 27 earnestly
486 288 119 31 requested
621 292 25 18 to

53 316 85 27 attend,
160 325 25 13 or
200 317 58 21 their
269 317 86 21 choices
374 315 44 22 will
434 316 27 21 be
477 315 131 22 considered
622 323 25 14 as

55 344 113 21 reserved.

254 370 34 21 W.
305 370 33 21 M.
354 370 83 26 Smith,
447 369 63 27 Capt.
522 369 68 27 R.A.,

390 395 229 27 Surveyor-General.

284 440 242 28 Surveyor-General's
536 440 78 28 Office,

372 467 59 22 Nov.
442 468 33 26 19,
488 469 61 21 1841.

52 502 148 49 NOTICE
226 502 28 22 IS
278 501 131 22 HEREBY
432 501 108 27 GIVEN,
566 504 22 19 to
609 500 38 22 the

134 529 91 22 holders
237 529 26 21 of
281 528 46 21 and
347 532 78 23 agents
440 529 36 20 for
484 531 128 24 propretors
622 528 26 21 of

51 556 147 28 preliminary
214 555 56 22 land
285 555 83 24 orders,
387 555 47 22 that
451 562 29 15 no
496 555 53 22 land
564 554 44 22 will
619 554 28 22 be

52 583 84 22 offered
147 583 62 21 them
221 583 35 21 for
265 581 105 23 selection
382 589 60 21 upon
453 581 36 22 the
504 581 49 22 first
562 581 84 22 Thurs-

52 610 44 27 day
109 610 22 21 in
144 609 133 22 December.

261 636 35 21 W.
306 636 33 21 M.
350 636 83 24 Smith,
446 635 62 27 Capt.
522 635 68 26 R.A.,

386 661 230 28 Surveyor-General.

160 707 56 22 New
232 706 101 23 Zealand
350 706 136 28 Company's
503 706 115 28 Principal
639 715 6 3 -

306 734 98 26 Agent's
418 733 78 26 Office,

214 760 145 27 Wellington,
372 760 98 22 October
479 762 20 24 8,
512 761 60 20 1841.

49 795 127 49 BILLS,
190 798 23 18 at
230 795 68 26 thirty
308 794 63 27 days'
387 794 66 27 sight,
470 793 77 22 drawn
564 794 30 27 by
604 793 39 22 the

128 821 113 27 Principal
257 823 77 25 Agent
348 828 30 15 on
388 821 37 21 the
437 821 115 27 Secretary
567 821 27 21 of
604 821 38 21 the

47 849 57 21 New
122 848 101 22 Zealand
241 849 123 26 Company,
384 847 102 28 London,
498 855 42 15 can
557 847 28 22 be
599 847 45 23 had

47 883 29 14 on
87 875 136 28 application
234 878 23 18 at
267 875 38 21 the
315 875 72 21 above
397 875 72 21 office.

297 908 29 22 D.
341 908 82 26 Lewis,

249 935 67 22 Clerk
327 939 21 18 to
359 936 38 21 the
411 935 108 27 Principal
530 935 83 27 Agent.

255 980 96 21 Public
366 980 70 21 Sale.

47 1013 162 49 MESSRS.
228 1014 94 25 HORT,
334 1013 156 25 MOCATTA,
503 1013 68 21 AND
588 1012 54 25 CO.,

131 1040 44 22 will
194 1040 41 22 sell
254 1040 28 28 by
303 1040 97 28 auction,
420 1041 22 21 in
463 1040 37 21 the
521 1039 122 27 Exchange

46 1067 81 27 Room,
149 1068 32 21 Te
202 1068 57 26 Aro,
284 1071 136 23 to-morrow,
438 1067 135 27 Thursday,
596 1066 47 22 No-

46 1094 93 22 vember
148 1096 34 25 25,
194 1099 22 17 at
228 1096 26 20 12
263 1094 85 22 o'clock
357 1103 5 19 ;—;
364 1106 30 4 —

73 1128 68 27 Rum,
152 1128 46 27 gin,
210 1128 46 22 and
265 1128 88 27 brandy
362 1129 25 21 in
396 1128 67 27 bond,

73 1155 21 21 A
105 1155 62 26 large
178 1158 134 19 assortment
322 1156 25 21 of
357 1155 92 28 general
460 1154 165 23 merchandize.

74 1181 67 23 After
159 1182 81 25 which,
254 1183 25 21 12
296 1182 102 28 building
413 1183 132 26 allotments,
558 1181 84 23 advan-

45 1208 118 28 tageously
174 1209 96 22 situated
279 1216 30 14 on
319 1209 31 22 Te
362 1211 49 21 Aro
420 1209 56 28 Flat,
485 1209 68 27 being
560 1212 49 25 part
619 1209 26 21 of

44 1239 60 17 town
116 1243 51 15 acre
179 1237 46 21 128.

72 1262 97 22 Further
178 1263 132 28 particulars
319 1263 24 22 in
352 1263 130 22 hand-bills.

179 1298 77 13 LUNCH
271 1298 57 14 WILL
343 1298 28 14 BE
386 1298 120 15 PROVIDED.

45 1316 60 22 Nov.
115 1318 34 25 23,
162 1318 60 21 1841.

48 1362 43 24 T>
101 1362 139 22 ECEIVED
251 1370 27 14 ex
286 1364 101 24 Eleanor,
398 1364 44 21 and
457 1364 35 21 for
507 1364 47 22 sale
568 1369 23 17 at
602 1364 38 22 the

47 1385 53 25 XV
115 1393 70 18 stores
195 1390 26 21 of
233 1389 37 23 the
279 1391 152 27 undersigned
440 1398 5 14 :—:
449 1402 26 4 —

72 1416 22 21 A
105 1416 42 22 few
154 1416 48 27 jars
213 1416 90 28 pickled
310 1418 96 27 salmon,
415 1418 45 21 and
470 1418 76 22 drums
556 1418 26 22 of
588 1418 49 27 figs.

427 1451 73 22 Levin
511 1452 46 21 and
567 1452 38 22 Co.

155 1496 174 27 Wellington
343 1498 190 26 Observatory.

53 1528 132 36 JOSEPH
233 1529 174 28 M'GREGOR,
454 1531 183 29 Chronometer,

45 1552 27 24 O
111 1555 84 28 Clock,
210 1557 46 21 and
272 1557 87 22 Waich
376 1558 95 26 Maker,
486 1558 54 27 begs
559 1562 22 18 to
602 1567 37 14 re-

44 1585 52 18 turn
108 1582 34 22 his
151 1582 88 22 sincere
249 1583 82 23 thanks
339 1588 21 18 to
371 1584 39 22 the
419 1588 80 24 sentry
509 1585 46 22 and
563 1586 75 28 public

44 1608 27 21 of
88 1609 52 21 Port
163 1609 125 23 Nicholson
310 1611 36 22 for
362 1611 38 22 the
418 1612 77 21 liberal
515 1616 122 24 patronage

44 1635 115 23 bestowed
169 1636 105 27 hitherto,
286 1638 45 21 and
347 1638 55 27 begs
417 1639 145 27 respectfully
571 1643 22 18 to
602 1640 36 21 in-

43 1662 57 22 form
113 1662 61 23 them
192 1663 49 23 that
253 1664 28 22 he
298 1665 42 22 has
353 1665 106 22 removed
475 1670 22 17 to
516 1666 121 22 Lambton-

44 1696 67 20 quay,
122 1690 47 22 and
185 1694 75 24 trusts,
272 1691 30 28 by
312 1692 108 28 assiduity
430 1692 45 22 and
488 1694 111 21 attention
614 1698 23 17 to

43 1715 109 28 business,
164 1717 28 22 he
200 1725 53 21 may
263 1722 61 18 meet
333 1726 14 14 a
355 1719 87 22 further
451 1719 64 22 share
529 1720 26 21 of
562 1721 75 27 public

43 1748 132 23 patronage.

72 1770 175 23 Chronometers
262 1772 93 23 cleaned
371 1773 31 28 by
412 1781 13 14 a
433 1773 110 28 prepared
554 1774 83 23 instru-

44 1801 73 18 ment.

72 1824 149 29 Barometers,
239 1826 71 22 music
326 1826 78 28 boxes,
421 1828 40 22 &c.
479 1828 48 27 &c,
543 1828 94 23 cleaned

43 1851 44 22 and
97 1853 110 26 repaired.
