3290 4350
1137 1007 137 19 MARRIAGE.

1015 1053 298 21 COIiLETT—JOSHUA—At
1321 1055 70 22 Taupo,
1402 1062 24 11 on

991 1079 32 17 the
1033 1077 44 19 lTth
1085 1079 51 20 iust.,
1147 1079 26 22 by
1186 1079 32 17 the
1232 1076 102 26 Registrar,
1349 1078 77 19 Charles

991 1102 78 21 Corlett,
1080 1102 102 26 Ngurahoe
1191 1102 81 21 Station,
1288 1103 19 16 to

991 1125 72 18 Joshua
1072 1126 21 16 of
1100 1128 72 19 Taupoi

991 1186 57 20 THE
1067 1186 56 20 HOT
1142 1186 94 20 LAKES
1255 1186 170 20 CHRONICLE

1179 1223 56 13 AND

991 1252 217 20 Tourists'
1232 1252 193 20 Journal.

1016 1310 171 20 WEDNESDAY,
1207 1310 101 18 AUGUST
1314 1312 28 19 21,
1352 1312 50 16 1895.

990 1361 119 19 Accoitt)tJfG
1121 1364 21 16 to
1157 1362 35 18 the
1211 1362 125 25 Wellington
1351 1369 65 12 corres-

991 1388 90 24 pondent
1090 1388 22 18 of
1121 1388 36 18 the
1173 1387 109 20 Auckland
1299 1388 78 19 Herald
1389 1388 36 19 the

991 1413 94 19 Minister
1095 1414 21 18 of
1125 1413 69 19 Lands
1205 1421 46 16 says
1262 1414 45 19 that
1317 1414 34 20 the
1361 1414 66 20 whole

991 1439 93 25 question
1103 1440 21 18 of
1147 1440 115 29 improving
1281 1440 34 20 the
1335 1440 91 20 Rotorua

991 1465 78 19 district
1079 1465 40 20 and
1129 1465 86 26 making
1224 1465 34 20 the
1269 1466 56 25 place
1337 1464 20 21 in
1366 1472 61 20 every

992 1498 43 18 way
1046 1498 55 12 more
1111 1492 105 19 attractive
1226 1493 17 18 is
1253 1493 64 18 under
1323 1493 93 19 consider-

991 1517 56 19 ation
1056 1517 28 26 by
1094 1518 34 18 the
1140 1517 136 21 Government
1286 1517 40 21 and
1335 1519 44 19 that
1391 1519 35 19 the

992 1544 70 18 House
1073 1544 67 18 would
1150 1544 25 19 be
1185 1545 62 19 askod
1258 1548 21 16 to
1290 1545 83 25 provide
1391 1545 35 19 the

992 1570 61 18 funds
1062 1576 106 18 necessary
1178 1571 32 18 for
1224 1571 34 18 the
1276 1577 92 19 purpose.
1406 1571 21 19 It

992 1602 40 12 was
1042 1595 42 20 also
1096 1597 65 17 stated
1171 1596 29 25 by
1210 1597 34 18 the
1252 1597 90 19 Premier
1350 1597 77 26 during

992 1622 33 19 tho
1035 1622 112 19 discussion
1157 1629 26 12 on
1203 1623 34 18 the
1250 1622 128 20 Sanatorium
1396 1630 20 13 re-

990 1648 67 22 cently
1068 1648 45 19 that
1123 1655 26 12 an
1161 1649 132 25 expenditure
1303 1649 20 19 of
1334 1650 90 22 £20,000

992 1674 66 19 would
1068 1675 23 18 be
1099 1674 95 25 required
1202 1677 20 17 to
1232 1679 37 21 put
1277 1676 34 18 the
1321 1675 106 26 buildings

992 1701 39 22 &e.,
1052 1700 20 19 in
1083 1707 73 19 proper
1170 1701 59 18 order
1238 1700 4 26 ;
1266 1701 25 19 ho
1308 1701 119 20 considered

991 1726 45 19 that
1048 1726 89 19 Kotorua
1145 1733 40 12 was
1195 1733 37 13 one
1243 1728 21 18 of
1279 1726 35 20 the
1331 1728 95 19 valuable

991 1755 63 16 assets
1075 1752 21 19 of
1113 1753 34 18 the
1163 1752 76 25 Colony
1255 1754 40 19 and
1310 1754 16 19 it
1340 1761 41 12 was
1392 1761 23 12 ex-

992 1777 82 26 pedient
1084 1781 20 16 to
1117 1778 47 19 loolc
1182 1780 50 17 alter
1252 1780 57 19 such.
1345 1780 21 19 It
1385 1787 41 12 was

992 1803 80 20 further
1084 1805 70 19 hinted
1166 1805 45 19 that
1225 1806 21 18 in
1263 1806 102 25 spending
1386 1812 41 20 any

991 1828 57 27 large
1060 1838 44 11 sum
1114 1831 35 19 the
1159 1829 138 22 Government
1307 1833 65 18 would
1381 1841 34 17 pro-

992 1856 63 26 bably
1064 1863 69 13 secure
1145 1864 55 12 some
1218 1864 37 12 one
1271 1858 22 19 of
1309 1860 118 24 experience

992 1884 52 18 from
1055 1884 34 18 the
1098 1884 124 18 continental
1233 1890 53 18 spas,
1297 1885 32 18 for
1338 1886 16 17 if
1371 1892 55 12 more

993 1915 51 13 were
1063 1910 52 18 done
1135 1910 20 18 in
1175 1910 117 19 connection
1319 1911 49 19 with
1392 1912 34 18 the

992 1936 81 25 springs
1083 1938 21 16 to
1114 1938 37 23 put
1161 1936 54 18 them
1233 1943 26 12 on
1277 1943 12 12 a
1307 1937 50 19 level
1375 1938 50 18 with

992 1961 58 19 those
1074 1961 22 19 of
1121 1959 82 28 Europe
1227 1960 49 27 they
1304 1963 66 19 would
1397 1967 20 15 at-

993 1991 51 15 tract
1066 1988 72 25 people
1161 1989 51 17 from
1230 1988 28 19 all
1277 1993 54 20 parts
1350 1990 22 18 of
1392 1990 35 19 the

993 2011 69 21 World.
1083 2014 20 18 It
1113 2014 18 18 is
1141 2013 128 26 satisfactory
1279 2018 20 16 to
1312 2015 50 19 have
1370 2016 57 19 these

993 2041 131 24 assurances;
1135 2041 41 18 and
1196 2041 16 18 if
1232 2047 12 12 a
1266 2041 57 24 large
1342 2048 45 13 sum
1406 2042 21 19 of

994 2073 71 15 money
1077 2067 25 18 bo
1116 2067 102 18 available
1236 2067 33 19 for
1288 2068 33 18 the
1340 2074 87 19 purpose

992 2092 103 19 indicated
1105 2093 16 18 it
1131 2093 18 18 is
1159 2095 21 16 to
1191 2093 24 18 bo
1225 2093 66 24 hoped
1302 2093 43 19 that
1356 2094 16 18 it
1386 2095 40 18 will

994 2118 24 18 bo
1026 2121 60 22 spent
1096 2125 25 12 on
1131 2125 55 12 some
1194 2119 54 19 fixed
1257 2119 48 25 plan
1314 2120 84 25 capable
1406 2121 21 19 of

994 2144 142 24 development
1145 2145 43 18 into
1197 2151 13 12 a
1222 2151 73 18 proper
1303 2146 124 18 continental

993 2175 36 19 spa
1053 2172 81 22 eystetn.
1163 2169 27 19 At
1214 2175 81 17 present
1313 2171 34 18 the
1366 2171 61 19 baths

993 2192 121 23 themselves
1124 2196 52 19 offer
1190 2196 38 19 but
1244 2197 39 18 few
1301 2197 124 23 attractions,

994 2227 49 13 even
1060 2223 21 18 to
1100 2221 72 25 people
1189 2222 52 19 little
1260 2223 127 19 accustomed
1406 2227 21 15 to

992 2247 74 25 luxury
1076 2248 22 18 in
1107 2248 40 19 this
1157 2248 105 19 direction.

1020 2274 42 18 The
1074 2274 88 19 Ovidian
1176 2274 47 23 line,

1084 2303 65 19 Venus,
1159 2305 65 18 rinum,
1234 2305 40 16 vike

993 2328 88 27 scarcely
1103 2329 77 26 applies
1197 2336 23 13 so
1237 2330 32 19 far
1284 2338 21 12 as
1327 2331 34 19 tho
1383 2333 44 19 first

993 2356 16 19 is
1025 2356 117 22 concerned,
1155 2359 21 16 at
1192 2356 28 19 nil
1236 2361 76 20 events,
1328 2361 18 15 to
1364 2359 50 19 Koto-

992 2389 43 12 rua,
1074 2382 42 19 Our
1135 2382 66 21 baths,
1228 2383 79 20 outside
1330 2384 20 19 of
1373 2385 53 19 their

994 2408 123 25 undisputed
1135 2408 90 19 curative
1244 2408 117 26 properties,
1380 2418 34 18 pos-

992 2441 42 12 sess
1053 2434 52 19 little
1124 2434 21 19 of
1168 2434 45 19 that
1231 2435 102 20 seductive
1352 2437 74 25 luxury

993 2460 65 19 which
1075 2460 82 24 sweetly
1176 2462 136 19 recommends
1332 2462 56 20 itself
1405 2467 20 16 to

992 2487 34 18 tho
1037 2487 79 25 gentler
1126 2493 68 12 senses
1204 2488 21 17 of
1234 2487 34 19 the
1278 2488 83 19 invalid.
1382 2490 43 19 The

992 2513 94 25 dressing
1103 2519 67 12 rooms
1191 2513 40 19 and
1249 2514 86 25 retiring
1352 2522 72 17 rooms,

992 2537 108 27 especially
1110 2542 21 16 at
1134 2554 7 10 k
1142 2538 34 19 the
1187 2545 43 12 new
1241 2538 67 25 baths,
1327 2547 34 13 are
1371 2549 54 12 more

991 2565 102 25 repellant
1102 2566 50 17 than
1166 2563 190 23 attractive—thero
1366 2568 17 19 is
1393 2571 32 16 too

992 2592 58 18 much
1060 2591 21 19 of
1097 2592 34 18 the
1147 2590 86 20 barrack
1251 2598 62 17 room,
1334 2594 40 19 and
1392 2596 33 17 too

992 2618 52 19 little
1066 2618 86 18 comfort
1181 2617 65 19 either
1269 2624 26 13 on
1315 2618 34 19 tho
1373 2621 52 18 male

992 2651 21 11 or
1023 2643 75 19 female
1108 2643 60 19 sides.
1186 2643 91 19 Tourists
1288 2645 39 19 and
1337 2646 88 24 patients

992 2670 47 19 take
1049 2670 35 19 the
1103 2676 70 12 course
1190 2669 21 19 of
1232 2669 59 20 baths
1310 2672 116 24 prescribed

992 2697 31 17 for
1034 2696 56 18 them
1102 2696 21 18 in
1132 2696 35 18 the
1177 2702 55 12 same
1241 2696 82 20 fashion
1339 2704 22 13 as
1377 2698 48 20 thev

992 2722 88 19 swallow
1091 2729 11 12 a
1113 2721 142 26 disagreeable
1268 2722 48 20 dose
1326 2724 20 19 of
1363 2726 50 18 medi-

991 2748 93 19 cine—in
1095 2749 33 18 the
1139 2748 51 25 hope
1201 2748 45 18 that
1256 2748 16 19 it
1281 2756 47 18 may
1334 2750 26 19 do
1370 2750 55 20 them

992 2774 59 25 good.
1080 2775 46 22 Any
1136 2781 38 12 one
1189 2773 43 19 who
1248 2774 37 20 has
1301 2777 73 19 visited
1391 2778 34 18 the

991 2801 223 19 cure-establishments
1225 2800 21 18 of
1256 2801 138 24 Sauerbrunn,
1404 2810 22 12 or

992 2826 132 24 Wiesbaden,
1136 2833 23 13 or
1169 2826 34 18 the
1216 2826 59 19 baths
1285 2828 21 18 of
1323 2828 65 25 Vicliy
1404 2837 22 12 or

992 2851 99 20 Wildbad
1100 2853 49 19 with
1156 2852 53 19 their
1216 2858 109 15 numerous
1331 2855 95 25 adjuncts

992 2879 21 18 in
1022 2879 34 18 the
1073 2885 43 19 way
1135 2879 21 19 of
1175 2877 127 28 luxuriously
1321 2881 57 19 fitted
1398 2889 27 18 up

992 2904 100 26 lounging
1108 2912 68 12 rooms
1192 2904 41 19 and
1250 2906 86 25 reading
1351 2913 73 17 rooms,

992 2931 52 18 their
1053 2931 97 25 kiosques
1159 2933 22 17 of
1199 2930 70 24 music,
1288 2932 52 19 lawn
1359 2934 66 18 tennis

992 2957 91 25 gr.nmds
1092 2956 40 20 and
1146 2956 85 21 covered
1246 2959 132 23 promenades
1395 2961 31 17 for

992 2986 38 15 wet
1041 2984 94 22 weather,
1147 2985 40 18 and
1197 2982 44 24 last,
1262 2984 38 19 but
1314 2987 35 16 not
1364 2985 60 24 least,

992 3009 53 19 their
1055 3011 76 23 perfect
1141 3013 86 22 systems
1236 3010 22 18 of
1267 3010 97 26 drainage
1372 3016 54 15 must

992 3036 141 24 comtemplate
1145 3036 49 19 with
1204 3042 12 12 a
1228 3036 78 26 feeling
1316 3038 110 19 somewhat

992 3060 49 20 akin
1060 3065 20 16 to
1098 3062 124 19 abhorrence
1240 3062 36 19 the
1294 3069 81 19 meagre
1396 3067 20 16 at-

992 3089 73 23 tempts
1076 3088 59 19 made
1145 3089 48 18 here
1204 3088 32 19 for
1254 3089 35 18 the
1303 3090 86 19 comfort
1406 3091 21 18 of

992 3113 80 20 visitors
1106 3114 26 19 In
1143 3117 84 16 matters
1239 3115 23 18 of
1271 3115 41 19 this
1321 3116 50 19 kind
1382 3116 15 19 it
1409 3116 17 19 is

992 3138 35 20 the
1037 3139 43 20 first
1090 3143 45 22 step
1145 3140 45 19 that
1199 3143 71 16 counts
1277 3141 41 20 and
1324 3142 16 19 if
1349 3149 11 12 a
1368 3142 58 25 largo

993 3172 44 12 sum
1048 3166 22 18 of
1080 3173 73 18 money
1162 3167 18 18 is
1189 3169 22 16 to
1220 3166 26 20 bo
1256 3168 58 19 made
1325 3168 101 19 available

992 3192 32 18 for
1034 3192 34 19 the
1077 3192 131 26 beautifying
1217 3193 21 19 of
1253 3199 37 13 our
1308 3193 60 20 baths
1386 3194 41 19 and

993 3218 90 25 grounds
1092 3218 16 20 it
1118 3220 65 25 ought
1195 3222 20 16 to
1225 3219 26 19 be
1262 3219 51 20 done
1323 3227 26 12 on
1359 3227 12 12 a
1380 3220 46 19 well

992 3244 117 20 considered
1119 3245 55 25 plan,
1185 3245 85 25 capable
1286 3246 21 19 of
1321 3246 103 19 extensive

992 3270 54 18 after
1063 3271 148 24 development,
1229 3271 33 19 till
1278 3272 35 19 the
1336 3278 47 19 spas
1404 3274 21 17 of

993 3296 91 19 Kotorua
1101 3297 40 19 and
1158 3297 55 19 their
1230 3298 147 25 surroundings
1394 3299 32 19 vie

992 3322 49 19 with
1053 3323 57 19 thoso
1120 3323 22 19 of
1152 3324 35 18 the
1204 3323 116 20 Continent.

993 3377 96 16 ItoTOWA
1103 3382 60 12 seems
1177 3378 20 16 to
1205 3377 23 17 bo
1244 3378 40 16 fast
1299 3377 100 22 becoming
1416 3384 10 11 a

992 3401 40 15 sort
1040 3401 20 15 of
1069 3399 64 18 House
1150 3400 21 17 of
1183 3400 75 23 liefug'e
1271 3400 29 17 for
1317 3401 32 17 the
1363 3401 62 17 infirm

992 3422 38 17 and
1039 3423 125 22 unemployed
1173 3424 21 16 of
1201 3424 33 16 the
1239 3423 78 22 Colony.
1342 3424 46 17 Men
1395 3431 32 10 are

992 3445 84 17 bundled
1084 3452 26 16 up
1119 3446 44 17 here
1171 3448 20 15 to
1200 3446 51 17 work
1260 3452 24 11 on
1293 3446 33 18 the
1337 3447 56 17 roads
1406 3449 21 15 at

993 3468 84 21 Galatea,
1088 3475 20 11 or
1117 3469 78 19 Itotoiti,
1213 3475 21 11 or
1248 3470 101 22 Waiotapu
1363 3471 63 16 whose

992 3492 87 21 previous
1088 3492 127 22 employment
1225 3493 34 16 has
1268 3493 67 21 totally
1345 3493 81 18 unfitted

992 3514 51 17 them
1053 3515 30 17 for
1091 3515 90 22 standing
1189 3515 33 17 the
1230 3516 73 22 rigours
1312 3516 20 17 of
1338 3522 20 11 so
1364 3522 62 11 severo

992 3544 11 10 a
1011 3544 66 11 season
1086 3544 19 11 as
1115 3538 42 17 that
1166 3544 28 11 we
1202 3544 31 11 are
1239 3544 42 11 now
1286 3539 139 22 experiencing.

992 3561 29 17 No
1030 3561 116 22 supervision
1155 3567 59 12 seems
1227 3563 19 16 to
1262 3561 22 18 be
1300 3562 94 18 exercised
1407 3563 20 16 in

992 3584 31 17 the
1033 3586 69 15 matter
1110 3585 21 16 of
1138 3585 92 21 selecting
1238 3583 32 18 the
1288 3591 41 11 men
1343 3591 20 11 so
1378 3587 47 16 sent.

991 3607 114 18 Whosoever
1124 3608 75 17 chooses
1216 3613 44 16 may
1276 3609 35 21 put
1327 3608 28 18 his
1371 3614 55 12 imme

992 3630 55 17 down
1056 3637 24 11 on
1089 3631 32 17 the
1134 3631 32 17 list
1178 3631 38 17 and
1230 3631 33 17 the
1277 3631 60 17 ballot
1353 3631 73 18 decides

991 3653 32 18 the
1032 3655 75 16 matter.
1133 3655 26 16 As
1165 3660 10 11 a
1182 3660 126 16 consequence
1315 3660 56 17 many
1378 3655 48 17 have

991 3677 72 16 arrived
1076 3677 45 17 here
1135 3677 62 17 whose
1214 3676 94 18 condition
1325 3678 20 17 of
1361 3678 65 17 health

992 3704 37 13 was
1038 3706 51 11 more
1098 3700 108 23 suggestive
1219 3700 20 17 of
1253 3700 101 18 admission
1368 3702 20 16 to
1402 3707 24 11 an

991 3723 83 22 hospital
1082 3723 47 17 than
1137 3725 20 15 to
1166 3730 11 10 a
1185 3723 47 17 road
1244 3725 61 21 party.
1337 3724 39 16 But
1392 3726 35 15 not

992 3747 77 16 content
1077 3746 47 17 with
1132 3746 124 23 despatching
1265 3747 32 16 the
1305 3752 43 11 men
1356 3748 34 16 out
1406 3747 21 18 of

990 3769 32 17 the
1029 3775 47 16 way,
1082 3770 198 21 somesapientofficial
1287 3770 20 17 of
1312 3770 33 16 the
1350 3770 77 17 Labour

991 3792 80 20 Bureau,
1081 3793 59 22 being
1147 3792 98 18 harrasscd
1253 3798 25 12 no
1287 3793 60 17 doubt
1360 3793 26 22 by
1392 3793 33 17 the

991 3815 123 18 solicitations
1123 3816 20 17 of
1152 3816 31 17 the
1192 3815 63 18 better
1263 3816 63 17 halves
1338 3816 21 17 of
1372 3816 53 17 those

992 3838 28 17 for
1029 3838 62 17 whom
1100 3838 32 17 the
1141 3838 128 17 Government
1277 3838 37 17 had
1326 3838 97 22 provided,

991 3861 45 17 took
1044 3861 16 17 it
1069 3861 40 17 into
1117 3862 29 16 his
1151 3861 49 17 head
1207 3863 20 15 to
1235 3862 77 22 provide
1319 3862 38 17 free
1363 3867 63 17 passes

991 3885 20 15 to
1019 3884 84 17 Rotorua
1112 3885 31 16 for
1159 3885 31 17 the
1203 3885 57 17 wives
1273 3885 44 17 also.
1348 3885 40 17 One
1405 3892 21 10 or

992 3907 37 16 two
1046 3907 20 17 of
1083 3907 52 17 these
1155 3907 121 23 accordingly
1293 3907 72 18 arrived
1382 3908 44 17 hero

992 3930 101 22 consigned
1102 3932 20 15 to
1131 3930 32 17 the
1171 3930 48 17 local
1228 3930 76 17 Labour
1312 3931 65 22 Agent
1406 3933 19 15 to

991 3953 22 16 be
1023 3952 106 18 forwarded
1138 3959 25 11 on
1171 3959 21 11 as
1200 3953 83 22 speedily
1291 3960 21 11 as

990 3975 53 18 Then
1051 3975 16 18 it
1076 3981 37 12 was
1122 3976 46 22 only
1175 3977 76 16 natural
1260 3978 20 15 to
1288 3982 80 17 suppose
1382 3977 45 17 that

991 3999 46 16 with
1046 4005 24 11 an
1087 4001 104 21 aggregate
1208 4000 20 16 of
1242 4000 34 16 200
1293 4005 42 12 men
1352 4006 23 11 on
1393 4000 32 17 the

991 4022 74 18 various
1079 4022 108 18 roadworks
1204 4028 51 12 cases
1270 4023 21 17 of
1307 4022 81 18 sickness
1405 4029 21 11 or

991 4045 94 17 accidents
1098 4045 63 23 might
1174 4050 60 16 occur,
1250 4047 32 20 yet
1295 4046 83 21 nothing
1392 4046 33 16 has

990 4067 47 18 been
1046 4068 49 17 done!
1103 4069 20 16 to
1132 4069 50 17 meet
1190 4068 51 17 such.
1256 4069 90 21 Recently
1354 4069 72 17 several

991 4096 50 11 cases
1049 4092 21 16 of
1078 4092 38 16 this
1125 4093 39 16 sort
1171 4092 49 17 have
1228 4092 60 16 arisen
1294 4095 34 14 one
1337 4092 20 17 of
1364 4092 61 17 which

990 4113 16 17 is
1015 4113 87 22 reported
1110 4114 20 17 in
1139 4120 35 12 our
1187 4114 49 18 local
1251 4114 82 18 columns
1349 4114 75 23 to-day.

990 4137 39 17 The
1043 4137 128 17 Government
1184 4137 79 17 medical
1280 4137 62 17 officer
1356 4139 69 16 cannot

991 4160 60 17 adin.it
1058 4160 84 22 patients
1150 4161 20 16 of
1178 4161 38 17 this
1224 4160 113 22 description
1345 4160 41 18 into
1393 4161 32 17 the

1448 149 126 22 Sanatorium!
1589 151 46 23 thoy
1649 156 31 12 are
1693 149 67 24 passed
1774 155 24 12 on
1816 149 20 18 to
1849 150 33 17 the

1448 173 96 18 constable
1565 174 49 21 here,
1635 174 43 18 who
1699 175 40 16 acts
1766 179 20 11 as
1807 173 76 17 Labour

1447 196 71 22 Agent;
1527 195 24 19 he
1562 195 34 19 has
1610 201 25 13 no
1650 201 63 18 power
1729 195 21 18 in
1765 197 33 16 the
1806 197 75 20 matter,

1447 219 36 17 but
1492 219 101 18 endeavors
1602 220 20 17 to
1631 222 32 20 get
1677 218 168 20 accommodation,
1854 219 29 17 for

1447 242 33 18 the
1489 241 76 19 sufferer
1580 244 20 16 at
1614 248 50 12 some
1679 243 53 17 hotel
1746 247 20 13 or
1779 240 92 23 boarding-

1447 265 58 17 house
1514 263 49 19 until
1572 270 23 12 an
1610 266 54 17 order
1677 264 15 20 is
1706 265 92 23 procured
1812 265 30 17 for
1854 265 29 17 his

1447 288 102 18 admission
1569 290 20 16 to
1610 289 33 17 the
1664 287 100 19 Hamilton
1786 287 96 23 Hospital.

1703 312 38 17 and
1754 311 129 22 hotelkeepers

1447 332 54 19 don't
1509 336 53 15 want
1570 335 45 17 such
1630 334 85 22 inmates)
1730 334 50 18 their
1795 339 88 17 presence

1447 357 54 17 hurts
1510 358 49 16 their
1568 358 53 17 trade
1630 358 36 17 and
1675 357 32 18 the
1721 358 77 16 chances
1808 358 20 16 of
1835 362 36 18 pay-

1447 381 53 17 ment
1516 385 37 15 are,
1567 383 20 15 to
1604 386 33 17 say
1654 381 31 18 the
1702 381 54 18 least,
1770 380 112 22 precarious,

1448 402 66 19 lender
1522 402 52 19 these
1583 404 143 17 circumstances
1734 404 16 16 it
1758 404 16 16 is
1783 403 46 21 high
1838 403 45 17 time

1447 427 43 16 that
1497 432 23 11 an
1527 427 93 22 auxiliary
1627 427 82 22 hospital
1717 433 47 11 wore
1770 425 113 19 established

1447 449 49 21 here,
1507 454 22 13 or
1541 456 50 11 some
1608 451 54 16 other
1676 450 96 22 provision
1785 449 54 17 made
1854 449 29 18 for

1447 473 52 16 these
1508 473 88 22 frequent
1605 473 97 22 recurring
1711 472 131 22 emergencies.

1461 528 103 25 LOCAL
1579 529 95 24 NEWS
1687 529 70 24 AND
1772 528 102 25 NOTES.

1471 587 39 19 The
1520 591 126 21 temperature
1655 590 20 16 of
1686 589 33 17 the
1733 586 83 25 Sulphur
1828 588 56 17 baths

1447 609 71 25 during
1526 612 33 17 the
1569 614 42 21 past
1620 612 51 18 week
1680 611 73 24 ranged
1766 613 49 16 from
1828 612 23 16 08
1865 612 19 16 to

1450 636 33 16 109
1496 635 83 23 degrees.

1473 664 32 16 Mr
1513 661 23 19 R.
1545 663 19 18 J.
1574 662 44 22 Gill,
1628 661 45 20 land
1682 662 92 24 purchase
1781 661 63 25 ageni,
1851 664 33 16 has

1448 686 47 17 boen
1504 685 86 19 confined
1599 689 19 16 to
1627 685 29 20 his
1665 691 52 14 room
1727 688 20 16 at
1757 687 31 17 the
1801 687 83 17 Rotorua

1449 708 58 19 Hotel
1517 710 29 17 for
1555 711 31 16 the
1595 712 43 20 past
1648 709 52 18 week
1714 711 27 21 by
1755 717 11 10 a
1779 714 61 13 severe
1854 712 20 15 at-

1448 732 44 18 tack
1500 732 20 18 of
1529 731 98 21 influcnKa,
1637 734 49 17 from
1696 734 61 17 which
1766 733 22 18 he
1804 731 16 19 is

1448 754 85 25 happily,
1543 757 115 22 recovering,

1472 786 39 19 The
1527 786 87 24 monthly
1630 788 84 23 meeting
1730 788 21 17 of
1767 788 32 17 the
1811 786 61 22 Magis-

1449 811 58 17 trates
1516 811 58 17 Court
1588 809 40 19 will
1640 811 45 17 take
1699 811 53 22 place
1767 817 24 11 on
1808 808 75 25 Friday,

1449 832 114 20 Lieilt.-Col.
1573 833 80 19 Roberts
1660 835 103 22 presiding.
1788 832 59 19 Tlu-ro
1853 840 31 11 are

1449 864 10 10 (i
1468 858 81 17 number
1557 858 20 17 of
1585 858 45 17 debt
1637 858 37 17 and
1679 858 55 17 horse
1742 863 50 12 cases
1797 857 19 16 in
1824 858 60 16 which

1449 880 32 18 tlio
1491 880 86 23 litigants
1586 884 30 14 ate
1627 879 69 24 mostly
1704 879 79 19 natives.

1473 908 69 22 Owing
1550 909 20 16 to
1579 908 32 17 the
1626 908 87 17 enforced
1726 908 79 17 abscnoe
1818 907 20 17 of
1854 907 31 18 Mr

1449 931 85 20 Mueller,
1545 932 42 16 who
1596 931 33 17 has
1638 932 20 16 to
1671 929 80 24 proceed
1766 932 20 16 to
1802 931 69 22 Mongo-

1449 955 33 16 nui
1491 960 24 11 on
1527 952 137 25 departmental
1680 955 84 19 Mattel's,
1781 954 32 17 the
1827 954 58 17 Town

1450 978 62 17 Hoard
1521 976 84 24 meeting
1613 978 34 17 has
1655 976 47 19 been
1717 976 106 24 postponed
1835 976 49 18 Until

1449 999 104 24 Thursday,
1564 1002 32 16 the
1606 1000 44 18 2'Jth
1659 999 43 18 inst.

1473 1030 39 17 The
1529 1030 77 21 highest
1622 1029 80 26 reading
1716 1030 21 16 of
1752 1029 33 17 the
1801 1028 72 18 thermo-

1449 1054 61 16 meter
1517 1051 19 19 in
1545 1051 32 19 the
1586 1052 58 18 shade
1653 1051 70 22 during
1732 1052 32 17 the
1777 1053 43 21 past
1834 1052 51 17 week

1449 1082 38 11 was
1496 1078 41 15 .)S'o
1546 1076 77 22 degrees
1633 1082 24 11 on
1663 1076 32 17 the
1707 1075 53 20 17th;
1777 1075 32 17 the
1820 1075 65 18 lowest

1449 1098 79 22 reading
1537 1103 38 13 was
1592 1103 24 13 on
1633 1099 32 17 the
1681 1096 59 24 night,
1755 1097 20 18 of
1792 1096 31 19 the
1842 1096 43 19 14th

1450 1122 55 17 when
1545 1122 77 22 degrees
1630 1123 21 16 of
1664 1122 46 17 frost
1725 1127 48 11 were
1790 1122 94 17 recorded,

1450 1145 16 17 A
1475 1146 37 16 t'esv
1519 1145 63 22 points
1592 1145 19 17 of
1620 1143 40 19 rain
1669 1144 33 18 fell
1710 1145 71 22 during
1786 1145 32 17 the
1827 1143 57 19 week.

1473 1174 39 16 The
1520 1172 46 19 Rev.
1580 1174 53 17 Alex.
1643 1171 84 19 McLean
1741 1174 47 17 from
1802 1174 82 18 Canada,

1450 1196 105 18 conducted
1563 1197 33 17 the
1610 1195 133 19 Presbyterian
1758 1196 77 18 services
1849 1196 36 18 last

1450 1220 77 22 Sunday
1536 1220 89 23 morning
1636 1214 39 23 and
1689 1218 87 23 evening.
1810 1218 29 19 On
1853 1220 32 17 the

1449 1244 99 16 afternoon
1558 1243 23 17 he
1590 1241 89 24 specially
1688 1240 101 20 addressed
1797 1242 31 18 the
1838 1242 37 18 chil-

1450 1265 44 18 dren
1504 1266 20 17 of
1532 1266 32 17 the
1574 1266 77 21 Sunday
1660 1266 74 18 School,
1745 1266 54 17 when
1806 1272 11 11 a
1830 1272 42 11 num-

1449 1287 33 19 ber
1491 1289 21 17 of
1519 1289 33 17 the
1560 1292 77 20 parents
1646 1295 48 11 were,
1702 1291 82 21 present.

1472 1315 33 19 Mr
1517 1314 70 19 Larkin
1605 1316 34 18 has
1653 1324 11 9 a-
1678 1317 86 17 business
1778 1320 96 14 announce-

1449 1340 53 17 ment.
1511 1340 18 16 in
1539 1340 37 17 this
1585 1340 67 17 week's
1669 1340 55 17 issue,
1743 1341 19 16 to
1780 1340 60 17 which
1858 1346 27 11 we

1449 1362 63 18 would
1521 1362 52 18 draw
1585 1361 101 19 attention.
1712 1363 36 17 His
1757 1363 97 23 speciality
1871 1364 14 16 is

1449 1386 51 17 hand
1509 1392 50 11 sewn
1569 1386 54 17 boots
1632 1387 20 16 of
1663 1386 62 17 which
1740 1387 31 16 the
1785 1387 100 22 purchaser

1449 1409 15 17 is
1473 1411 35 21 apt
1513 1411 20 16 to
1542 1411 32 21 get
1584 1409 48 18 tired
1640 1409 64 18 before
1719 1409 47 23 they
1780 1414 48 13 wear
1844 1411 39 16 out.

1449 1432 44 17 This
1502 1433 15 16 is
1526 1433 50 17 their
1585 1433 44 22 only
1638 1433 74 21 failing.

1472 1460 40 17 The.
1520 1465 43 11 men
1573 1460 85 22 working
1665 1465 24 12 on
1703 1460 33 17 the
1752 1460 133 23 Mangarewa-

1449 1482 25 18 Te
1482 1480 52 20 Puke
1543 1482 52 21 road,
1614 1482 89 23 designed
1720 1486 21 15 to
1758 1485 79 16 connect
1853 1484 32 17 the

1449 1505 57 17 latter
1514 1504 53 24 place
1581 1507 46 16 with
1645 1503 91 23 Rotorua,
1755 1507 47 17 have
1819 1507 66 17 ceased

1449 1529 108 23 operations
1566 1529 18 17 in
1594 1530 31 17 the
1639 1530 108 17 meantime.
1773 1531 19 16 It
1800 1531 15 16 is
1824 1530 61 17 stated

1449 1552 43 17 that
1500 1553 33 16 the
1542 1559 42 10 men
1598 1559 48 11 were
1661 1553 113 18 dissatisfied
1791 1554 45 16 with
1854 1554 31 16 the

1449 1577 40 15 rate
1499 1576 19 16 of
1527 1578 90 19 payment
1625 1576 86 18 allowed.

1472 1604 26 16 At
1507 1609 10 11 a
1527 1603 68 22 special
1604 1604 83 23 meeting
1695 1604 21 17 of
1724 1604 32 17 the
1766 1604 89 17 creditors
1865 1604 20 17 of

1449 1625 32 18 Mr
1488 1626 20 17 .J,
1517 1627 71 16 Mcllao
1598 1632 23 12 on
1630 1627 70 22 Friday
1709 1627 38 17 last
1763 1627 32 17 the
1811 1627 64 17 advisa-

1449 1649 56 22 bility
1522 1655 38 12 was
1578 1649 94 18 discussed
1690 1650 20 17 of
1727 1651 110 22 examining
1853 1651 32 17 the

1450 1672 67 18 debtor
1526 1670 84 25 publicly
1618 1672 103 24 regarding
1738 1672 69 19 certain
1823 1676 52 15 trans-

1449 1696 72 16 actions
1528 1696 19 17 in
1553 1696 110 18 connection
1668 1697 46 17 with
1720 1697 34 17 the
1759 1694 125 25 bankruptcy,

1449 1719 55 17 After
1513 1719 101 17 discussion
1621 1720 32 16 the
1660 1720 84 23 meeting
1750 1720 111 22 adjourned.

1473 1747 73 18 Parties
1552 1748 149 23 contemplating
1709 1748 108 23 furnishing
1822 1749 63 17 would

1449 1771 24 17 do
1483 1770 41 18 well
1534 1773 19 15 to
1562 1771 73 23 inspect-
1643 1771 32 18 the
1689 1772 51 17 fresh
1755 1772 130 23 consignment

1449 1795 21 16 of
1479 1793 59 23 goods
1550 1793 40 23 just
1607 1795 72 22 opened
1695 1797 35 15 out
1745 1795 26 23 by
1787 1795 31 17 Mr
1826 1794 19 19 J.
1858 1794 26 18 It.

1449 1816 69 23 Taylor
1526 1819 20 15 at
1555 1818 28 17 his
1593 1819 49 16 store
1656 1820 47 15 next
1719 1819 33 16 the
1768 1819 117 17 Cltllo.Vlul.K

1449 1841 58 17 office.
1533 1839 63 24 Every
1604 1841 65 17 article
1678 1842 20 16 of
1710 1841 105 18 household
1824 1842 50 17 furni-

1450 1866 40 15 ture
1500 1864 15 17 is
1524 1864 125 22 represented,
1660 1865 36 17 and
1706 1865 68 22 buyers
1792 1865 38 17 will
1846 1865 39 17 find

1449 1893 11 11 a
1469 1886 59 23 really
1537 1888 63 17 choice
1606 1888 88 17 selection
1703 1889 21 16 to
1733 1889 66 16 choose
1806 1889 55 17 from.

1473 1916 16 17 A
1498 1916 64 17 native
1571 1916 50 17 child
1630 1917 68 17 named
1707 1916 95 24 Kinepua,
1810 1917 63 23 daugh-

1450 1939 29 16 ter
1487 1939 21 16 of
1516 1939 70 17 Robert
1596 1944 18 13 to
1623 1939 41 18 Kiri
1674 1946 38 11 was
1720 1940 84 22 severely
1812 1940 73 17 burned

1450 1964 19 15 at
1479 1961 25 18 Te
1512 1962 55 22 Ngae
1576 1962 35 18 last
1621 1962 51 18 Week
1682 1961 55 19 when
1745 1961 80 25 playing
1839 1964 46 16 with

1451 1992 51 10 some
1511 1986 121 22 companions
1641 1987 19 16 in
1669 1987 32 16 the
1714 1986 144 23 neighborhood
1867 1986 18 18 of

1450 2014 51 12 sonic
1510 2009 55 17 scrub
1574 2008 59 18 which
1644 2008 37 18 had
1690 2008 48 19 been
1747 2012 27 15 set
1784 2010 32 17 tire
1825 2012 19 15 to
1858 2011 27 16 for

1450 2030 84 23 clearing
1541 2036 96 19 purposes.
1663 2032 38 18 The
1710 2032 51 18 child
1776 2039 38 11 was
1828 2034 57 21 badly

1450 2055 56 17 burnt
1515 2055 59 17 about
1583 2055 32 17 the
1623 2056 47 17 neek
1684 2056 37 18 mid
1736 2056 98 18 shoulders
1848 2055 37 19 and

1450 2078 84 23 lingered
1541 2079 48 16 until
1597 2077 76 25 Sunday
1680 2080 54 16 when
1740 2079 33 17 she
1778 2079 83 23 expired.

1473 2106 39 16 The
1521 2106 45 17 Earl
1574 2107 21 16 of
1604 2107 87 22 Glasgow
1709 2107 33 17 has
1758 2107 94 22 promised
1866 2109 19 15 to

1450 2129 95 18 subscribe
1554 2131 72 21 twenty
1635 2130 78 22 guineas
1727 2131 20 16 to
1762 2130 32 17 the
1811 2129 74 18 Church

1450 2152 20 16 of
1479 2152 90 21 England
1576 2152 89 23 building
1673 2153 46 16 fund
1731 2159 19 10 so
1760 2158 45 12 soon
1818 2159 20 10 as
1854 2154 31 16 the

1450 2175 55 16 other
1512 2175 135 22 subscriptions
1655 2175 48 17 total
1721 2175 55 17 £3OO.
1807 2173 31 19 He
1852 2180 22 13 ex-

1451 2203 95 17 expresses
1555 2200 63 20 regret
1626 2198 43 17 that
1677 2199 56 16 other
1741 2199 45 16 calls
1795 2204 51 17 upon
1857 2199 28 17 his

1450 2227 55 15 purse
1514 2221 39 17 will
1563 2222 34 16 not
1606 2222 65 16 enable
1679 2222 41 17 him
1729 2223 19 16 to
1758 2222 23 17 do
1791 2228 50 11 more
1858 2223 27 16 for

1449 2249 11 11 a
1469 2242 74 24 project
1552 2244 59 17 which
1621 2244 23 18 ho
1653 2246 58 16 trusts
1720 2245 40 17 will
1768 2245 22 17 be
1803 2250 72 13 success-

1451 2266 47 23 fully
1507 2265 144 25 accomplished.

1473 2295 32 17 Mr
1512 2295 21 17 T.
1543 2295 61 22 Ryan,
1614 2296 63 16 whose
1689 2296 83 22 pictures
1788 2296 20 17 of
1825 2296 60 17 Maori

1450 2317 32 18 life
1490 2318 38 17 and
1538 2317 48 18 bush
1595 2324 76 17 scenery
1680 2324 31 11 are
1717 2325 21 11 so
1743 2319 87 19 familiar,
1840 2325 34 12 con-

1450 2341 80 17 tributes
1539 2343 20 15 to
1567 2342 37 17 last
1614 2342 66 17 week's
1693 2342 83 22 Graphic
1790 2349 24 10 an
1832 2343 45 16 illus-

1450 2364 62 18 trated
1520 2364 66 18 article
1600 2364 112 24 descriptive
1729 2366 20 17 of
1766 2366 83 22 whaling
1866 2368 19 15 at

1449 2387 160 22 Whangamumu.
1633 2389 39 17 The
1682 2389 107 22 letterpress
1798 2389 15 17 is
1823 2395 21 11 as
1853 2395 22 11 en-

1449 2415 89 18 grossing
1546 2418 19 10 as
1574 2411 33 18 the
1617 2411 85 18 sketches
1719 2418 31 11 are
1767 2412 118 23 interesting,

1449 2434 37 16 and
1496 2434 87 22 together
1592 2437 74 20 present
1673 2442 11 9 a.
1693 2437 50 15 most
1752 2436 78 21 graphic
1844 2436 31 16 des-

1449 2457 81 22 cription
1539 2458 20 16 of
1574 2458 33 16 the
1623 2458 78 22 stirring
1719 2458 92 18 incidents
1825 2459 60 17 which

1449 2481 92 17 surround
1550 2481 37 17 this
1595 2481 85 23 exciting
1688 2482 79 21 pursuit.

1473 2509 33 16 We
1515 2509 63 17 would
1587 2509 51 17 draw
1646 2510 95 16 attention
1750 2511 20 15 to
1785 2509 31 17 the
1833 2509 42 18 busi-

1449 2537 42 12 ness
1500 2534 151 15 announcement
1658 2533 21 17 of
1694 2533 32 16 .Mi'
1734 2533 20 17 T.
1764 2532 78 18 Samson
1851 2539 23 16 ap-

1449 2555 80 21 pearing
1537 2555 18 17 in
1565 2556 79 17 another
1658 2556 83 17 column.
1767 2556 53 17 Good
1837 2556 48 17 wine

1449 2578 56 18 needs
1513 2584 25 12 no
1546 2578 55 19 bush,
1611 2579 38 17 and
1657 2579 75 17 neither
1745 2579 24 17 do
1786 2579 32 17 the
1835 2585 38 11 com-

1449 2601 86 17 modities
1544 2602 86 22 supplied
1639 2603 26 21 by
1673 2603 32 16 Mr
1718 2603 79 17 Samson
1813 2603 72 22 require

1449 2630 37 16 any
1494 2624 42 22 puff
1543 2626 107 22 paragraph
1659 2627 20 16 to
1691 2625 120 18 recommend
1827 2626 57 17 them.

1448 2648 33 16 We
1490 2648 63 17 would
1567 2648 73 18 remind
1657 2655 34 11 our
1707 2646 74 20 readers
1794 2649 43 17 that
1854 2650 31 16 the

1449 2671 61 22 postal
1522 2672 143 23 receiving-box
1682 2672 29 18 for
1727 2672 65 18 letters
1809 2672 45 23 only
1870 2673 15 16 is

1448 2700 43 11 now
1500 2695 89 17 attached
1597 2697 19 15 to
1625 2696 31 16 the
1665 2696 56 16 store.

1472 2723 17 17 A
1498 2730 43 10 man
1550 2724 68 17 named
1627 2723 144 24 Wotlicrspoon,
1788 2731 9 10 a
1807 2724 38 18 late
1855 2731 20 11 ar-

1449 2747 52 19 rival,
1512 2746 38 18 and
1558 2753 35 11 one
1609 2748 20 16 of
1646 2748 53 17 those
1717 2749 41 16 sent
1775 2754 25 16 up
1817 2748 25 22 by
1854 2749 31 16 the

1449 2770 77 17 Labour
1535 2770 74 17 Bureau
1618 2771 29 17 for
1656 2771 52 17 work
1723 2777 24 11 on
1756 2771 32 17 the
1798 2771 87 23 Wiotapu

1449 2793 52 20 road,
1512 2799 38 12 was
1559 2794 85 21 brought
1651 2794 41 17 into
1701 2796 53 15 town
1760 2801 25 10 on
1791 2794 94 23 Saturday

1449 2817 90 21 suffering
1547 2817 83 22 severely
1639 2817 49 17 from
1705 2824 51 11 some
1773 2818 112 22 pulmonary

1449 2840 108 22 complaint.
1584 2841 25 16 As
1617 2841 53 16 there
1679 2841 15 16 is
1703 2846 25 12 no
1744 2841 95 23 provision
1856 2841 29 17 for

1449 2863 45 17 such
1503 2868 51 12 eases
1562 2864 49 19 bore,
1626 2864 102 17 Constable
1745 2863 78 23 Murray
1840 2864 43 19 had,

1449 2892 32 16 per
1490 2886 56 21 force,
1556 2889 20 14 to
1585 2886 43 18 take
1640 2887 32 17 the
1681 2889 71 16 mattor
1759 2888 19 16 in
1787 2888 52 17 hand
1847 2888 38 17 and

1449 2909 54 17 make
1510 2909 32 17 the
1550 2910 42 16 best
1608 2912 143 20 arrangements
1765 2911 82 22 possible
1856 2911 29 17 for

1449 2933 32 16 the
1491 2933 89 21 patient's
1589 2934 86 17 Comfort.

1473 2963 89 23 Kanupu,
1572 2971 11 10 a
1593 2964 82 18 member
1684 2966 20 16 of
1710 2966 33 17 the
1750 2964 47 19 local
1805 2966 79 18 football

1449 2987 51 17 team
1507 2987 67 17 wishes
1584 2994 21 10 us
1614 2989 19 16 to
1642 2988 63 23 notify
1714 2989 43 17 that
1771 2990 23 16 he
1809 2990 75 18 intends

1449 3011 20 16 to
1484 3016 52 11 sever
1550 3011 29 16 his
1592 3011 111 18 connection
1720 3013 47 16 with
1783 3013 32 17 the
1829 3013 54 18 Club.

1449 3032 84 23 Kanupu
1541 3034 33 16 has
1583 3034 47 17 been
1640 3035 20 16 of
1668 3035 51 22 good
1733 3036 69 17 service
1817 3038 20 15 to
1852 3037 30 16 the

1449 3056 48 17 local
1505 3057 75 22 players
1588 3057 19 17 in
1616 3057 87 23 by-gone
1712 3064 60 17 years,
1782 3058 37 18 and
1832 3060 24 16 he
1869 3060 15 16 is

1449 3079 111 18 dissatisfied
1578 3081 46 16 with
1640 3081 58 22 being
1766 3084 33 15 out
1815 3083 21 16 of
1853 3083 31 17 the

1449 3104 50 15 team
1508 3103 68 17 chosen
1592 3105 20 16 to
1626 3105 48 16 meet
1688 3105 34 16 the
1734 3105 150 23 Cambridge-Te

1449 3126 102 18 Awamutu
1559 3133 48 11 men.
1633 3127 100 23 Although
1742 3128 24 17 he
1780 3128 69 23 played
1865 3130 19 16 in

1449 3149 32 17 the
1491 3147 63 19 match
1566 3150 24 16 he
1603 3156 38 11 was
1654 3151 45 22 only
1713 3150 60 18 called
1789 3158 24 10 on
1826 3152 21 17 in
1861 3158 24 11 an

1449 3178 112 18 emergency
1569 3173 61 17 which
1641 3180 60 11 arose.

1472 3199 39 18 The
1520 3200 100 22 European
1629 3199 45 19 mail
1684 3201 36 21 ,via
1732 3202 37 17 San
1779 3200 104 23 Francisco,

1449 3223 75 18 arrived
1533 3229 23 12 on
1564 3222 99 24 Thursday
1675 3224 73 22 night's
1765 3225 55 17 train.
1846 3226 38 17 The

1448 3246 49 22 bags
1505 3252 48 12 were
1561 3246 94 18 delivered
1663 3249 21 16 at
1693 3248 33 17 the
1739 3246 110 19 Post-office
1864 3251 20 14 at

1449 3269 42 17 T'.O
1499 3269 38 17 and
1545 3271 21 15 at
1574 3276 11 10 a
1595 3271 35 16 few
1644 3270 83 18 minutes
1743 3273 44 20 past
1795 3272 10 16 8
1814 3272 70 17 o'clock

1449 3293 32 16 the
1491 3292 80 18 window
1588 3293 82 23 delivery
1685 3295 128 17 commenced.
1837 3295 45 17 This

1448 3314 16 18 is
1471 3322 11 10 a
1489 3317 42 16 vast
1536 3315 137 23 improvement
1679 3323 24 11 on
1710 3318 52 17 what
1773 3318 33 17 has
1812 3318 62 17 hither-

1449 3340 20 16 to
1479 3338 47 18 been
1535 3339 32 17 the
1575 3341 79 18 custom,
1664 3340 37 17 and
1710 3347 36 11 can
1759 3341 45 21 only
1822 3340 24 18 be
1854 3344 20 14 at-

1449 3362 84 17 tributed
1542 3365 19 14 to
1575 3368 11 11 a
1602 3363 5 16 1
1610 3365 54 15 tetter
1680 3365 134 21 arrangement
1827 3364 57 22 being

1450 3385 55 17 made
1513 3385 20 17 in
1542 3385 99 18 Auckland
1649 3387 105 22 regarding
1762 3387 32 17 the
1810 3387 74 23 sorting

1449 3408 21 17 of
1477 3408 158 23 correspondence
1647 3410 29 17 for
1684 3410 39 17 this
1731 3410 58 22 place.

1472 3439 40 18 The
1520 3440 88 22 planting
1616 3441 21 17 of
1644 3440 106 19 Tutftnekai
1762 3442 62 17 Street
1837 3442 47 17 with

1449 3462 57 17 shade
1515 3463 38 17 and
1562 3464 117 17 ornamental
1688 3466 49 16 trees
1746 3465 14 16 is
1774 3471 42 10 now
1831 3471 39 11 com-

1449 3486 63 21 pleted
1520 3486 38 17 and
1571 3486 33 18 the
1618 3488 122 21 tree-guards
1754 3486 90 23 designed
1859 3488 25 22 by

1449 3509 31 17 Mr
1489 3509 75 23 Dansey
1573 3509 65 23 placed
1646 3510 20 17 in
1679 3511 88 21 position.
1792 3511 39 17 The
1845 3511 38 17 side

1449 3533 67 16 streets
1535 3539 31 10 are
1583 3539 42 10 now
1641 3533 72 22 having
1729 3534 94 17 attention
1840 3535 44 21 paid

1449 3555 58 17 them.
1534 3556 23 16 In
1571 3556 68 22 regard
1654 3558 20 15 to
1683 3557 33 17 the
1725 3557 98 22 unsightly
1832 3558 52 21 pines

1449 3578 62 17 which
1520 3578 76 18 cumber
1604 3579 74 18 Fenton
1687 3580 63 17 Street
1757 3580 16 16 it
1785 3580 15 16 is
1814 3580 57 18 under-

1450 3601 54 18 stood
1521 3601 43 18 that
1579 3608 50 11 some
1645 3603 63 17 action
1722 3601 38 19 will
1775 3603 73 23 shortly
1861 3603 23 18 be

1449 3624 57 17 taken
1515 3626 19 15 to
1543 3625 47 17 have
1606 3626 50 17 them
1674 3626 94 17 removed,
1799 3626 38 17 The
1853 3633 20 11 su-

1449 3647 73 17 burban
1531 3648 90 18 residents
1638 3650 20 16 of
1672 3649 99 17 Auckland
1787 3654 31 12 are
1834 3650 40 22 peti-

1449 3671 75 21 tioning
1545 3671 32 17 the
1597 3671 80 18 General
1694 3671 99 23 Assembly
1809 3673 75 22 agaiust,

1449 3693 52 18 what
1509 3694 15 16 is
1533 3693 60 18 called
1602 3695 31 17 the
1663 3695 94 22 pine-tree

1449 3716 19 17 It
1476 3716 17 17 is
1502 3716 74 23 alleged
1585 3718 42 16 that
1635 3720 91 20 property
1734 3718 16 17 is
1759 3718 124 19 deteriorated

1449 3739 19 17 in
1476 3740 55 16 value
1541 3740 63 23 owing
1614 3742 20 16 to
1649 3741 33 17 the
1694 3741 57 17 views
1765 3742 71 21 having
1850 3742 22 18 be-

1449 3768 51 11 come
1510 3763 112 23 completely
1629 3763 109 18 obstructed
1747 3765 26 21 by
1781 3765 32 17 the
1819 3765 53 22 plant-

1448 3786 34 22 ing
1491 3786 20 16 of
1519 3786 53 22 pines
1580 3786 20 17 in
1608 3787 32 16 the
1649 3787 162 23 neighbourhood.

1472 3817 38 17 For
1519 3822 50 12 some
1578 3818 45 17 time
1632 3820 43 20 past
1683 3819 33 17 the
1724 3819 87 22 Reading
1823 3819 60 21 Room

1448 3840 34 17 has
1491 3840 79 17 suffered
1580 3841 82 22 severely
1671 3841 49 18 from
1729 3840 32 19 thb
1774 3842 110 22 peculating

1448 3862 63 18 habits
1519 3864 21 16 of
1548 3869 50 12 some
1606 3864 76 23 literary
1691 3864 89 18 larcenist
1787 3865 43 17 who
1837 3871 34 16 pur-

1448 3886 48 17 loins
1505 3886 67 18 month
1581 3887 49 17 after
1637 3888 68 16 month
1717 3888 33 17 the
1758 3889 49 15 most
1820 3890 64 16 recent

1448 3909 126 22 publications
1583 3916 46 11 soon
1637 3911 50 16 after
1701 3911 47 21 they
1760 3916 31 11 are
1805 3909 40 19 laid
1859 3917 23 11 on

1447 3932 33 17 the
1489 3932 57 17 table.
1560 3932 91 23 Harper's
1659 3933 107 23 Magazine,
1773 3933 108 18 Chamber's

1447 3953 82 19 Journal
1538 3956 37 16 and
1585 3956 33 17 the
1627 3956 74 23 Sydney
1712 3956 82 17 Bulletin
1803 3961 31 12 are
1851 3957 31 17 the

1448 3978 64 17 serials
1520 3980 51 15 most
1579 3979 77 17 affected
1669 3979 26 22 by
1704 3979 32 17 the
1744 3979 105 18 individual
1863 3985 21 12 or

1447 3999 115 19 individuals
1570 4001 19 17 in
1598 4002 93 22 question.
1717 4002 30 17 On
1755 4002 77 22 Sunday
1847 4003 36 17 last

1448 4024 32 17 the
1489 4024 56 17 latest
1553 4025 20 16 to
1581 4025 52 16 hand
1640 4025 82 17 number
1730 4026 20 16 of
1759 4026 62 17 Frank
1837 4026 33 17 Les-

1447 4047 40 17 lie's
1494 4047 87 22 monthly
1590 4054 38 11 was
1636 4048 108 17 abstracted
1752 4054 12 10 a
1776 4049 36 17 few
1826 4049 56 17 hours

1447 4070 50 17 after
1505 4070 57 23 being
1571 4071 66 21 placed
1646 4077 24 11 on
1684 4071 34 17 the
1731 4070 57 18 tablet
1818 4073 26 16 As
1857 4073 25 17 all

1447 4093 126 21 publications
1581 4099 32 12 are
1621 4093 84 18 branded
1714 4093 46 18 with
1775 4095 32 16 the
1821 4097 61 21 stamp

1448 4116 20 16 of
1476 4116 32 16 the
1521 4115 108 19 institution
1642 4117 16 17 it
1674 4117 62 22 ought
1748 4119 35 15 not
1798 4119 20 16 to
1834 4118 24 17 bo
1872 4125 10 10 a

1447 4139 80 17 difficult
1536 4140 68 16 matter
1613 4141 19 15 to
1641 4141 51 16 trace
1710 4141 32 16 the
1755 4142 127 21 perpetrators

1447 4162 21 17 of
1476 4161 52 18 these
1536 4163 55 20 petty
1599 4162 65 18 thefts.

1927 149 39 19 The
1974 152 128 22 temperature
2116 151 20 18 of
2149 151 32 17 the
2199 151 76 18 Priest's
2290 152 48 17 bath

1905 172 69 24 during
1983 174 32 17 the
2029 176 45 21 past
2089 174 52 17 week
2154 174 34 17 has
2202 174 72 23 ranged
2290 176 49 16 from

1907 198 31 15 100
1947 197 20 17 to
1978 198 39 16 102;
2043 198 18 16 It
2075 196 34 19 has
2126 197 47 17 been
2187 197 116 18 determined
2319 200 20 16 to

1905 220 62 17 utilise
1976 220 32 17 the
2017 221 67 21 spring
2092 218 107 19 discovered
2205 225 46 12 near
2255 221 32 17 the
2293 221 47 17 door

1905 244 21 15 of
1933 244 32 15 the
1974 242 87 18 Pavilion
2070 244 37 16 and
2116 250 11 10 a
2136 244 65 17 trench
2209 242 16 19 is
2233 249 42 12 now
2281 244 57 23 being

1905 268 31 14 cut
1945 266 31 16 for
1985 266 32 17 the
2025 266 96 23 reception
2130 268 20 15 of
2155 266 33 18 the
2192 265 59 24 pipes.
2276 267 64 23 Along

1905 289 31 16 the
1945 294 66 12 course
2020 290 20 16 of
2053 290 32 16 the
2101 289 67 17 trench
2185 291 59 15 water
2259 291 81 22 varying

1905 312 49 17 from
1964 313 32 16 100
2006 314 19 15 to
2036 311 32 18 114
2078 312 77 22 degrees
2161 313 15 16 is
2183 313 67 21 oozing
2256 313 83 23 through

1905 335 31 16 the
1945 336 74 21 pujuice
2031 336 38 16 and
2082 336 16 16 it
2112 334 16 18 is
2141 335 110 18 considered
2266 336 42 17 that
2325 337 15 16 if

1902 358 34 16 •the
1950 360 127 21 temperature
2090 358 16 17 is
2121 358 115 18 maintained
2249 359 32 17 the
2296 359 44 17 flow

1905 379 38 19 will
1947 381 22 17 be
1976 381 52 22 quite
2034 382 94 16 sufficient
2133 382 30 16 for
2168 381 26 17 all
2199 381 140 23 requirements.

1929 410 28 16 An
1966 410 113 23 interesting
2088 416 99 17 ceremony
2195 410 46 18 took
2254 411 53 21 place
2321 412 20 16 at

1905 432 64 22 Taupo
1978 439 25 11 on
2138 433 38 18 last
2184 434 55 17 when
2251 432 46 19 Miss
2312 433 20 18 if

1905 455 73 17 Joshua
1987 460 38 13 was
2033 455 81 18 married
2123 458 20 15 to
2153 455 30 18 Mr
2192 456 55 18 Chas.
2261 456 78 21 Corlctt,

1905 484 33 11 son
1948 478 19 18 of
1976 478 32 18 Mr
2016 480 21 16 B.
2046 479 21 17 S.
2075 477 73 20 Corlott
2157 480 19 16 of
2185 479 36 17 this
2231 481 57 15 town.
2311 480 29 17 On

1905 501 32 17 the
1947 502 81 22 evening
2037 503 51 21 prior
2096 504 20 15 to
2126 503 31 16 the
2166 508 99 17 ceremony
2273 508 11 11 a
2293 502 38 18 chil-

1906 524 61 17 dren's
1976 527 63 21 party,
2049 526 57 22 given
2114 525 26 23 by
2155 526 40 17 Mrs
2210 525 72 18 Joshua
2295 525 47 18 took

1905 548 53 21 place
1966 548 20 17 in
1995 549 32 16 the
2037 549 118 17 Courthouse
2165 548 61 17 which
2241 555 37 11 was
2291 551 51 14 most

1906 571 100 22 enjoyable
2019 572 37 16 and
2070 572 75 22 largely
2157 572 96 17 attended.
2286 572 56 17 After

1906 594 32 17 the
1947 595 93 22 marriage
2048 595 33 17 the
2098 600 66 17 young
2172 595 66 22 couple
2246 595 37 17 and
2292 595 50 17 their

1907 616 70 18 friends
1996 616 122 19 breakfasted
2136 619 19 16 at
2176 616 77 19 Noble's
2275 617 67 23 Taupo

1906 638 65 19 Hotel.
1997 640 23 18 In
2037 640 33 18 the
2082 642 100 16 afternoon
2200 641 30 17 Mr
2246 641 37 17 and
2301 642 40 16 Mrs

1907 663 73 17 Corlett
1995 664 57 16 drove
2069 666 20 16 to
2106 664 94 18 Wairakei
2216 665 60 16 where
2292 664 51 17 their

1907 685 73 18 blissful
1989 687 81 17 Solitude
2088 691 38 13 Was
2142 687 64 18 rather
2223 687 66 23 rudely
2302 687 30 17 dis-

1907 709 67 17 turbed
1983 710 25 22 by
2018 710 31 17 the
2066 709 112 18 earthshake
2193 710 81 18 referred
2288 714 20 14 to
2322 711 20 16 in

1907 732 79 18 another
1994 733 81 17 column.

1929 765 39 19 The
1978 767 46 17 lines
2033 768 20 17 of
2061 766 32 19 Mr
2103 767 19 18 J.
2133 767 120 23 C'ourtaigne,
2269 772 36 13 one
2323 769 20 16 of

1907 789 31 19 the
1959 790 100 18 combined
2075 789 79 20 football
2171 793 50 16 team
2235 792 61 17 which
2310 790 32 18 did

1906 814 60 17 battle
1974 814 44 17 here
2027 812 47 19 with
2082 814 33 17 the
2124 814 48 18 local
2181 814 42 18 club
2237 820 24 12 on
2275 815 56 17 Satur-

1907 837 36 22 day
1952 837 43 19 last,
2012 843 35 11 can
2063 838 83 21 scarcely
2162 838 23 16 be
2202 838 40 17 said
2258 839 19 16 to
2295 838 47 16 have

1907 861 58 16 fallen
1974 860 20 17 in
2002 861 52 21 pleas
2060 863 28 14 mt
2101 861 62 22 places
2176 861 70 21 during
2259 861 28 17 his
2299 861 44 17 visit

1907 883 20 18 to
1944 882 91 19 Rotorua.
2070 884 23 16 In
2109 882 105 24 practising
2230 882 63 19 before
2310 884 33 17 the

1907 906 63 18 match
1979 906 62 23 began
2050 907 24 17 he
2082 913 39 11 was
2128 909 64 20 pretty
2200 906 82 19 severely
2294 906 36 18 han-

1907 929 48 21 dled,
1964 929 20 17 in
1993 930 32 17 the
2034 929 40 18 first
2081 931 46 21 spell
2133 930 19 17 in
2162 931 91 22 collaring
2259 925 84 28 Kanupu

1907 953 22 18 lie
1938 959 39 12 was
1985 952 76 23 heavily
2070 953 74 18 thrown
2154 953 36 17 and
2199 954 47 17 later
2255 959 24 12 on
2288 954 55 17 when

1907 976 141 23 endeavouring
2057 979 20 14 to
2085 978 44 21 stop
2137 983 11 10 a
2157 976 44 17 rush
2210 978 20 16 of
2239 977 31 16 tlio
2282 977 48 17 Roto-

1907 1004 34 12 rua
1950 997 91 19 forwards
2050 1000 24 17 lie
2082 1002 35 19 got.
2128 999 67 18 kicked
2209 1006 25 11 on
2248 1000 32 17 the
2295 1000 47 18 head

1907 1023 37 17 and
1953 1023 90 17 rendered
2053 1021 95 19 senseless.
2174 1023 31 17 He
2213 1027 37 13 Was
2260 1023 57 17 taken
2323 1025 20 15 to

1907 1044 51 19 Lake
1967 1046 65 17 House
2041 1046 38 17 and
2088 1046 90 17 attended
2187 1047 19 16 to
2215 1046 26 22 by
2255 1047 27 16 Dr
2296 1047 35 16 Gin-

1907 1069 47 20 dors,
1964 1070 35 16 but
2006 1069 73 22 though
2088 1069 83 18 restored
2176 1071 20 16 to
2205 1070 138 17 consciousness

1907 1096 37 13 was
1953 1094 33 16 not
1995 1091 43 19 able
2047 1094 20 16 to
2075 1093 80 22 proceed
2163 1092 116 18 homewards
2297 1092 46 18 with

1907 1115 27 18 bis
1944 1115 122 23 companions
2075 1121 24 12 on
2108 1116 33 17 the
2150 1114 98 24 following
2256 1114 42 24 day,

1930 1152 16 17 A
1955 1151 84 23 meeting
2053 1152 20 18 of
2090 1151 55 19 those
2159 1150 102 20 interested
2275 1151 19 19 in
2310 1152 33 18 the

1906 1176 129 23 preservation
2053 1176 19 17 of
2089 1182 56 15 game
2158 1176 21 17 in
2193 1176 37 17 this
2245 1178 70 20 county
2328 1176 15 17 is

1907 1199 112 17 announced
2036 1201 20 15 to
2077 1199 44 17 take
2137 1199 53 22 place
2208 1200 20 16 at
2243 1199 32 17 the
2293 1200 50 16 Lake

1908 1221 65 18 House
1981 1221 60 18 Hotel
2056 1228 24 12 on
2098 1218 70 26 Friday
2182 1221 61 23 night.
2268 1223 27 17 At
2312 1223 31 17 the

1908 1245 33 17 last
1952 1244 85 24 meeting
2051 1246 21 17 of
2086 1246 33 17 the
2132 1244 162 19 Acclimatisation
2308 1246 24 17 So-

1907 1268 49 23 ciety
1964 1269 20 17 in
1994 1267 100 19 Auckland
2103 1268 16 18 it
2127 1275 38 11 was
2174 1268 62 18 stated
2244 1269 42 17 that
2293 1275 50 11 some

1907 1291 66 18 brown
1982 1293 52 16 trout
2043 1290 62 19 which
2114 1291 38 17 had
2161 1292 47 17 been
2216 1291 92 18 liberated
2324 1293 19 16 in

1908 1315 32 16 the
1948 1315 86 18 Rotorua
2047 1315 75 18 district
2135 1315 39 17 had
2187 1313 47 19 been
2247 1315 97 23 wantonly

1907 1338 84 22 poached
2008 1338 26 22 by
2052 1338 32 17 the
2100 1339 78 16 natives.
2212 1338 58 17 There
2286 1338 16 17 is
2319 1345 24 11 no

1908 1361 60 18 doubt
1981 1362 43 16 that,
2037 1362 38 16 this
2089 1362 15 16 is
2119 1362 32 17 the
2165 1367 42 12 case
2221 1362 38 16 and
2275 1363 21 15 at
2312 1362 32 17 the

1907 1385 84 22 meeting
2001 1390 24 12 on
2034 1383 70 23 Friday
2113 1392 11 9 a
2133 1385 74 17 scheme
2219 1385 38 17 will
2272 1385 23 17 be
2310 1385 22 17 de-

1908 1407 51 18 vised
1968 1408 46 17 with
2023 1408 33 17 the
2065 1407 63 23 object
2136 1408 19 17 of
2164 1408 78 22 putting
2250 1414 11 11 a
2270 1409 42 21 stop
2324 1411 20 14 to

1908 1431 45 17 such
1962 1431 98 22 practices.
2086 1432 29 15 An
2126 1432 54 16 effort
2194 1432 21 19 is,
2232 1437 27 11 we
2274 1432 58 16 under-

1908 1454 61 20 stand,
1978 1454 59 22 being
2046 1454 54 18 made
2108 1456 20 16 to
2138 1460 77 16 procure
2228 1460 50 12 some
2293 1456 40 16 rain-

1907 1477 42 17 bow
1958 1479 53 15 trout
2025 1478 29 16 for
2067 1475 101 20 liberation
2183 1478 19 16 in
2217 1478 32 17 the
2265 1479 79 17 streams

1907 1505 45 12 near
1960 1501 44 17 here
2013 1501 34 16 but
2056 1501 63 17 unless
2128 1506 50 12 some
2187 1503 41 20 step
2237 1501 14 16 is
2260 1501 57 17 taken
2324 1503 19 15 to

1908 1529 63 12 secure
1987 1524 50 17 their
2051 1524 129 22 preservation
2196 1524 53 17 there
2265 1524 38 17 will
2321 1525 22 16 be

1907 1547 55 17 much
1973 1547 93 23 difficulty
2074 1548 19 16 in
2103 1547 101 23 obtaining
2214 1548 57 16 them,

1931 1582 31 19 Mr
1971 1584 26 17 11.
2008 1584 26 16 M.
2044 1583 87 18 Mitchell
2141 1583 14 17 is
2171 1583 60 18 about
2239 1585 20 16 to
2276 1590 68 16 survey

1908 1608 37 16 two
1954 1607 21 16 of
1983 1607 32 17 the
2029 1608 50 15 most
2094 1606 85 23 recently
2195 1607 79 17 selected
2292 1613 52 11 areas

1908 1631 18 16 in
1947 1630 33 17 the
2008 1630 145 23 neighborhood
2173 1630 21 17 of
2223 1630 119 22 Tarukenga.

1907 1654 59 16 These
1975 1653 48 17 have
2028 1653 47 17 been
2084 1651 57 19 taken
2150 1659 26 16 up
2185 1651 25 24 by
2218 1653 70 17 Messrs
2297 1653 47 17 Ross

1908 1677 37 17 and
1954 1677 85 22 Papeseli
2056 1676 37 17 and
2105 1677 91 21 comprise
2205 1678 34 15 500
2255 1677 38 16 and
2312 1677 32 16 130

1908 1706 51 11 acres
1975 1700 130 22 respectively.
2135 1700 38 17 The
2190 1700 62 22 larger
2268 1700 76 22 adjoins

1907 1723 32 17 the
1948 1721 79 24 railway
2034 1721 45 21 line,
2089 1722 38 18 and
2135 1721 20 19 in
2163 1722 22 18 tli
2193 1729 8 11 s
2209 1722 112 18 connection
2329 1722 15 18 it

1908 1752 42 16 may
1959 1747 24 15 be
1991 1746 63 17 stated
2063 1747 42 16 that
2114 1746 32 17 the
2161 1747 126 17 Government
2296 1746 48 17 have

1908 1769 60 18 issued
1978 1769 122 18 instructions
2106 1769 42 18 that
2157 1769 19 17 in
2183 1770 62 17 future
2253 1770 5 16 1
2263 1771 9 15 5
2280 1769 64 18 chains

1908 1792 46 23 deep
1963 1794 48 16 from
2021 1793 32 16 tlie
2062 1793 78 21 railway
2148 1792 44 21 line,
2199 1799 24 11 on
2230 1791 60 19 either
2298 1793 45 17 side,

1908 1819 51 14 must
1967 1816 71 17 remain
2048 1814 108 19 untouched
2165 1816 19 17 in
2194 1816 54 18 order
2264 1817 20 15 to
2299 1822 33 12 con-

1908 1844 51 12 serve
1968 1839 33 17 the
2009 1840 58 16 forest
2077 1844 77 17 scenery
2169 1837 59 24 along
2237 1839 31 17 the
2277 1839 38 17 line
2324 1840 20 16 of

1908 1865 59 15 route.
1992 1863 39 16 The
2039 1862 46 17 land
2094 1868 48 17 open
2152 1863 29 16 for
2195 1863 87 17 selection
2300 1868 44 11 near

1908 1886 31 17 tin'
1945 1886 43 18 line,
1997 1884 346 23 betweenManiakuandTarukengii,

1908 1910 14 16 is
1931 1915 43 11 now
1981 1911 66 21 pretty
2056 1908 42 18 well
2110 1909 110 19 exhausted,
2230 1915 20 11 so
2259 1909 41 17 that
2312 1909 32 17 the

1908 1938 66 11 sooner
1983 1932 32 17 the
2024 1934 63 16 recent
2096 1932 101 23 purchases
2207 1932 54 17 made
2277 1932 26 20 by
2312 1932 32 17 the

1908 1955 66 18 Cl'own
1985 1956 18 16 in
2012 1955 38 18 this
2059 1954 78 24 vicinity
2146 1961 32 12 are
2194 1950 105 28 completed
2312 1955 32 17 the

1907 1978 68 17 better.

1931 2011 67 22 Pango
2007 2012 18 15 te
2035 2011 131 17 Whareauahi.
2180 2017 5 10 i
2194 2011 62 17 native
2263 2010 69 22 belong-

1908 2034 33 21 ing
1950 2036 20 15 to
1980 2034 37 17 this
2033 2034 80 19 district,
2129 2033 43 18 died
2188 2035 19 16 in
2225 2034 31 17 the
2273 2034 70 17 Mount

1908 2055 54 19 Eden
1971 2057 42 21 gaol
2027 2063 24 11 on
2060 2057 119 22 Wednesday
2195 2057 89 22 morning
2300 2056 42 18 last,

1908 2081 29 16 lie
1947 2086 38 11 was
2002 2080 120 23 undergoing
2139 2087 11 10 a
2166 2081 87 17 sentence
2270 2081 21 16 of
2307 2081 36 16 five

1908 2110 53 16 years
1971 2104 30 17 for
2009 2103 87 18 criminal
2112 2104 72 17 assault
2200 2103 110 18 committed
2324 2104 19 17 in

1908 2125 37 18 this
1954 2125 80 20 district,
2044 2125 38 18 and
2091 2126 38 17 h»d
2142 2127 45 21 only
2195 2126 65 17 served
2268 2133 12 10 a
2288 2126 56 18 small

1907 2150 74 19 portion
1992 2150 19 16 of
2024 2150 32 16 the
2070 2151 55 15 term.
2155 2149 39 17 The
2208 2150 87 16 evidence
2309 2150 22 16 ad-

1908 2172 59 17 duced
1980 2173 21 16 at
2014 2173 33 16 the
2061 2171 81 23 inquest,
2157 2171 61 18 which
2232 2171 45 19 took
2290 2171 54 23 place

1908 2195 32 18 the
1954 2195 99 21 following
2067 2195 43 23 day,
2129 2197 51 16 went
2197 2197 19 15 to
2232 2195 52 17 show
2301 2195 43 18 that

1908 2218 91 18 deeeaced
2007 2215 39 21 had
2054 2219 46 17 been
2110 2218 59 23 ailing
2178 2220 29 16 for
2216 2225 11 11 a
2240 2217 47 24 long
2298 2219 45 17 time

1908 2240 46 19 with
1963 2242 53 17 heart
2030 2242 78 17 disease.
2134 2242 29 16 On
2185 2242 68 22 Friday
2270 2242 38 17 last
2321 2242 22 17 he

1908 2263 119 25 complained
2034 2265 21 17 of
2071 2263 70 22 illness,
2156 2265 37 17 and
2208 2271 38 11 was
2263 2265 81 17 relieved

1908 2289 49 16 from
1972 2288 48 17 hard
2034 2288 68 18 labour
2118 2288 37 17 and
2169 2288 90 18 attended
2275 2289 26 21 by
2317 2288 27 17 Dr

1908 2310 84 19 Philson.
2018 2312 31 17 He
2057 2317 52 18 grew
2117 2317 65 14 worse,
2192 2312 38 17 and
2236 2312 43 17 died
2287 2313 21 16 at
2323 2313 20 15 10

1908 2341 44 11 a.m.
1962 2341 24 11 on
2000 2335 124 22 Wednesday,
2143 2335 19 17 in
2177 2335 32 17 the
2223 2340 89 17 presence
2324 2335 20 17 of

1908 2358 32 17 the
1949 2358 50 17 chief
2007 2358 79 20 warder,
2093 2359 31 16 Mr
2131 2357 100 23 Flanilery.
2256 2359 28 16 Dr
2290 2358 45 17 Pliil-

1908 2385 33 14 soll
1950 2382 54 17 made
2013 2388 11 11 a
2033 2383 44 21 post
2085 2383 86 20 mortem,
2181 2382 37 17 and
2228 2380 58 19 found
2302 2382 42 17 that

1909 2404 31 18 the
1949 2404 54 18 heart
2016 2404 87 23 weighed
2117 2406 50 17 2loz,
2184 2404 38 18 and
2234 2410 39 12 was
2289 2405 55 17 twice

1908 2428 23 16 its
1940 2428 76 17 natural
2025 2428 42 17 size.
2093 2429 17 16 A
2120 2429 70 16 verdict
2202 2432 38 12 Was
2255 2428 89 17 returned

1908 2456 19 12 or
1957 2451 62 17 Death
2028 2452 49 17 from
2086 2451 55 18 heart

2037 2487 141 21 misfortunes',"
2197 2493 19 11 as
2234 2487 29 18 Sir
2284 2487 60 23 Boyle

1908 2509 63 18 Roche
1980 2510 46 17 used
2035 2512 20 16 to
2068 2517 39 16 say,
2213 2517 52 11 come
2281 2511 61 20 alone,

1908 2533 37 17 and
1954 2533 33 17 the
1996 2535 84 21 greatest
2089 2535 19 16 of
2117 2534 26 17 all
2152 2534 87 17 disasters
2244 2534 15 17 is
2268 2533 75 24 usually

1908 2556 88 18 followed
2016 2557 26 22 by
2062 2564 11 10 a
2220 2557 75 18 Amidst
2312 2557 31 17 the

1908 2580 76 17 simmer
1994 2581 19 16 of
2025 2580 115 17 excitement
2148 2580 69 18 caused
2225 2580 25 23 by
2267 2581 32 16 the
2314 2587 20 10 re-

1908 2605 52 20 ports
1976 2603 42 17 that
2033 2604 65 22 Taupo
2115 2604 38 16 had
2169 2604 47 17 been
2232 2604 80 17 levelled
2324 2606 19 16 to

1908 2627 32 16 the
1948 2625 75 25 ground
2032 2627 25 22 by
2066 2633 23 11 an
2100 2627 121 22 earthquake,
2236 2627 31 17 Mr
2281 2627 62 18 Bird's

1908 2650 76 17 4-horse
1994 2651 56 18 team,
2060 2650 58 21 being
2127 2650 79 17 startled
2212 2650 25 22 by
2246 2657 10 10 a
2263 2656 42 12 new
2312 2651 32 17 tilt

1908 2673 61 17 which
1978 2679 38 11 was
2025 2674 60 17 about
2101 2675 20 16 to
2136 2674 23 17 be
2175 2674 88 17 attached
2277 2676 20 15 to
2312 2674 31 17 the

1908 2702 87 17 waggon,
2006 2698 28 16 set
2041 2697 27 16 off
2073 2698 20 16 at
2098 2703 11 10 a
2115 2696 41 18 2.40
2162 2697 119 18 in-tlie-dust
2287 2698 56 21 speed

1908 2724 25 18 up
1941 2720 33 17 the
1980 2720 52 17 main
2046 2721 57 16 street
2117 2720 21 17 of
2151 2721 32 16 the
2197 2720 31 17 old
2241 2721 100 22 township,

2002 2743 32 16 Mr
2043 2744 63 16 Kirk's
2115 2743 137 18 four-wheeled
2260 2750 82 17 waggon

1907 2766 40 17 into
1957 2766 104 19 confusion,
2071 2766 38 17 and
2119 2773 51 11 came
2177 2768 19 16 to
2209 2767 49 22 grief
2274 2765 19 19 in
2311 2768 32 17 the

1907 2789 78 22 vicinity
1994 2790 20 16 of
2022 2790 32 16 the
2063 2790 86 17 Catholic
2162 2790 81 20 Church,
2258 2790 85 23 through

1907 2813 32 17 the
1947 2812 48 17 back
2005 2810 55 19 chain
2070 2813 19 16 of
2098 2818 36 12 one
2141 2813 21 17 of
2170 2813 32 17 the
2211 2813 80 17 shatters
2300 2815 32 21 giv-

1907 2836 33 22 ing
1949 2841 48 17 way,
2006 2836 45 17 thus
2060 2836 95 22 propping
2163 2836 32 17 the
2204 2834 71 20 vehicle
2284 2843 26 16 up
2319 2843 24 12 on

1907 2859 24 17 its
1940 2865 43 11 own
1992 2859 58 22 poles.
2076 2860 31 16 Mr
2121 2859 46 17 Bird
2179 2859 44 18 who
2239 2865 38 12 was
2293 2860 50 18 close

1907 2882 24 22 by
1941 2882 55 18 when
2004 2883 29 16 his
2046 2881 63 19 hol'scs
2123 2881 72 19 started
2211 2883 54 22 hung
2282 2890 23 10 on
2323 2885 20 16 to

1907 2905 49 18 their
1963 2905 58 18 heads
2030 2911 20 12 as
2056 2905 46 23 long
2110 2912 21 10 as
2139 2905 23 18 lie
2171 2906 55 17 could
2235 2906 33 17 but
2278 2907 38 17 had
2323 2909 20 15 to

1907 2929 67 16 choose
1995 2928 85 17 between
2105 2928 70 23 letting
2195 2935 25 16 go
2241 2935 20 11 or
2286 2930 57 22 being

1907 2952 87 17 smashed
2002 2952 76 22 against
2086 2952 32 17 the
2128 2952 53 17 other
2191 2958 86 17 waggon.
2304 2954 39 16 The

1907 2975 89 22 damages
2005 2977 79 15 amount
2092 2977 20 15 to
2121 2977 38 15 two
2168 2975 71 17 broken
2248 2976 62 18 shafts
2323 2977 19 16 in

1907 2998 31 17 Mr
1947 2998 61 17 Bird's
2017 3003 82 16 waggon
2108 2998 38 17 and
2154 3005 12 10 a
2175 2999 69 17 broken
2253 2999 43 23 pole
2305 2999 36 18 and

1906 3021 46 17 bent
1960 3021 42 17 axle
2010 3021 20 17 in
2039 3022 31 16 Mr
2079 3021 64 17 Kirk's
2155 3022 140 19 four-wheeler.

1930 3057 30 17 On
1969 3057 95 22 Saturday
2072 3057 38 17 last
2124 3062 35 12 our
2173 3057 48 18 local
2237 3060 105 21 exponents

1907 3081 19 17 of
1934 3081 33 17 the
1978 3080 56 17 noble
2049 3082 31 15 art
2096 3081 20 16 of
2131 3081 200 18 self-defence—other-

1907 3104 43 17 wise
1959 3103 70 22 Rugby
2039 3103 143 18 football—met
2190 3111 11 10 a
2214 3105 49 16 team
2278 3111 53 16 repre-

1906 3127 75 22 senting
1990 3126 114 23 Cambridge
2112 3127 38 17 and
2159 3128 26 17 Te
2193 3128 102 17 Awamutu
2303 3128 19 17 in
2331 3135 11 10 a

2004 3147 11 10 11
2023 3154 55 17 game
2085 3156 25 10 on
2118 3150 32 17 the
2160 3149 86 19 Pukeroa
2251 3151 91 22 grounds.

1907 3173 38 18 The
1954 3173 85 17 Rotorua
2051 3171 56 19 Brass
2121 3171 55 20 Band
2188 3169 68 22 turned
2273 3176 35 16 out
2323 3175 19 16 in

1907 3197 34 16 full
1950 3197 51 16 force
2010 3196 38 17 and
2056 3196 76 22 greatly
2140 3197 116 17 entertained
2266 3198 32 17 the
2307 3203 24 12 on-

1907 3219 72 17 lookers
1988 3219 65 17 whilst
2060 3220 81 23 waiting
2150 3220 29 18 for
2187 3220 33 18 the
2226 3227 104 11 commence-

1907 3244 52 16 ment
1967 3243 20 16 of
1995 3243 33 16 the
2037 3243 70 17 match.
2138 3243 85 20 Roberts,
2239 3244 32 17 the
2286 3245 42 17 Cam-

1906 3264 67 22 bridge
1994 3266 81 22 captain,
2096 3266 73 23 having
2188 3272 42 12 won
2251 3267 32 17 the
2304 3269 38 16 toss

1906 3288 71 18 elected
1987 3290 19 15 to
2015 3289 69 17 defend
2093 3290 33 17 the
2140 3290 90 17 northern
2244 3290 44 22 goal
2305 3291 37 16 and

1906 3312 90 21 precisely
2002 3314 20 15 at
2029 3312 42 18 3.25
2077 3312 85 18 Rotorua
2167 3312 66 18 kicked
2240 3314 31 16 off.
2285 3314 57 17 From

1905 3335 33 17 the
1947 3337 160 15 commencement
2114 3335 33 18 the
2155 3335 75 18 visitors
2238 3342 48 12 were
2295 3337 47 17 hard

1905 3358 82 22 pressed,
1998 3358 32 17 tlio
2047 3359 85 17 Rotorua
2148 3359 91 18 forwards
2255 3360 87 23 working

1906 3381 107 22 splendidly
2034 3382 88 23 together
2142 3382 72 17 carried
2235 3382 26 17 all
2277 3383 65 18 before

1906 3405 58 19 them,
1974 3405 38 17 and
2020 3405 15 17 it
2044 3411 38 11 was
2093 3406 43 21 only
2143 3405 25 22 by
2174 3406 32 16 the
2212 3406 88 22 repeated
2308 3412 22 12 ex-

1905 3428 70 17 ertions
1985 3429 19 16 of
2013 3434 35 11 one
2057 3434 21 11 or
2086 3429 39 17 two
2131 3429 21 16 of
2157 3429 32 17 the
2195 3429 79 17 visitors'
2284 3429 58 17 backs

1905 3451 80 22 notably
1994 3450 20 18 F.
2025 3452 89 19 Bowdcn,
2133 3452 42 17 that
2189 3452 31 17 the
2235 3458 52 11 score
2303 3459 39 11 was

1906 3476 34 15 not
1948 3474 57 18 much
2017 3474 64 23 larger
2095 3475 46 17 than
2155 3475 32 17 the
2203 3475 63 18 actual
2282 3476 60 17 result

1906 3497 80 17 shewed.
2015 3498 55 16 After
2084 3498 57 16 about
2151 3497 23 17 'JO
2190 3497 87 19 minutes'
2296 3499 45 22 play

1905 3520 33 17 the
1947 3521 38 16 ball
1992 3526 38 11 was
2048 3520 85 17 dribbled
2150 3527 45 11 over
2211 3521 31 18 the
2259 3521 81 18 visitors'

1905 3544 44 21 goal
1959 3544 52 19 lines,
2021 3544 38 17 and
2068 3544 61 17 Steele
2138 3544 82 22 keeping
2227 3544 43 17 well
2279 3551 24 11 on
2309 3546 32 16 the

1905 3563 39 20 ball
1957 3566 99 23 managed,
2065 3566 43 23 just
2115 3567 20 17 in
2144 3568 51 20 time,
2206 3569 19 15 to
2238 3568 34 17 fall
2287 3574 25 12 on
2326 3569 12 17 it

1905 3590 45 16 thus
1959 3590 88 22 securing
2054 3591 33 15 the
2094 3589 43 18 first
2145 3589 57 19 blood
2211 3591 29 17 for
2248 3591 91 17 Rotorua.

1905 3613 87 17 Mitchell
2001 3612 77 22 essayed
2087 3613 32 16 the
2136 3613 43 17 kick
2193 3613 37 17 and
2247 3614 70 17 landed
2330 3621 11 10 a

1905 3635 93 18 beautiful
2008 3636 49 22 goal.
2072 3636 77 22 Shortly
2158 3637 49 16 after
2215 3636 37 17 this
2261 3638 81 17 another

1905 3660 31 21 try
1953 3664 39 12 was
2008 3659 76 17 secured
2100 3659 26 22 by
2141 3657 78 19 Pelhain
2233 3660 25 21 by
2272 3661 69 22 superb

1905 3682 50 22 play,
1966 3682 29 17 his
2003 3681 67 18 tactics
2076 3681 113 24 completely
2195 3683 111 23 outwitting
2312 3684 28 16 his

1905 3706 111 20 opponents,
2044 3705 85 17 Mitchell
2151 3706 58 22 again
2233 3707 106 16 converted.

1905 3728 65 23 Score:
1985 3728 85 17 Rotorua
2080 3730 26 18 It),
2117 3728 113 23 Cambridge
2238 3729 32 17 nil.
2293 3730 48 17 Half

1905 3751 45 17 time
1959 3756 38 11 was
2006 3751 60 17 called
2074 3751 47 17 with
2129 3758 25 10 no
2159 3753 82 16 increase
2248 3753 19 16 of
2272 3758 66 12 scores.

1905 3773 38 18 The
1952 3774 75 17 visitors
2036 3774 74 17 shewed
2124 3775 20 16 to
2157 3775 57 18 much
2227 3775 62 18 better
2306 3776 22 17 ad-

1904 3798 83 21 vantage
1995 3796 72 24 during
2074 3798 33 17 the
2114 3798 67 17 second
2188 3798 52 22 spell,
2248 3799 79 16 notwith-

1905 3819 90 22 standing
2004 3826 35 11 one
2049 3821 20 16 of
2085 3820 50 18 their
2150 3827 49 14 men,
2218 3822 120 22 Courtaigne,

1904 3842 58 23 being
1972 3842 4 25 '
1983 3843 44 17 liors
2036 3843 22 17 do
2068 3842 86 25 combat'
2164 3845 49 16 from
2221 3850 11 11 a
2241 3846 57 21 nasty
2307 3845 32 16 fall

1905 3872 24 10 on
1938 3862 32 21 the
1979 3866 49 17 head
2035 3867 145 22 supplemented
2188 3867 26 23 by
2221 3873 12 11 a
2241 3867 49 21 kick,
2307 3868 33 17 the

1904 3888 58 18 backs
1978 3890 77 22 getting
2072 3890 31 17 the
2120 3890 39 17 ball
2181 3896 26 17 up
2227 3896 57 15 more,
2302 3890 38 17 and

1904 3911 115 24 judiciously
2027 3913 78 22 passing
2119 3913 76 17 Walker
2211 3914 92 22 managed
2319 3915 20 16 to

1904 3940 63 12 secure
1976 3942 12 10 a
1996 3937 31 21 try
2035 3933 68 23 which,
2111 3936 92 21 however,
2212 3942 37 12 was
2254 3939 35 15 not
2294 3942 33 12 con-

1904 3958 70 21 verted,
1985 3958 94 24 although
2092 3960 32 16 the
2137 3959 43 17 kick
2196 3961 21 16 at
2232 3966 12 11 a
2260 3960 80 17 difficult

1905 3981 56 22 angle
1970 3987 38 12 was
2017 3988 11 10 a
2036 3982 51 22 good
2096 3987 40 13 one.
2162 3982 56 18 From
2227 3989 11 11 a
2247 3983 39 17 free
2296 3983 43 17 lock

1905 4004 87 17 awarded
2001 4006 19 16 to
2029 4005 33 17 the
2075 4005 56 17 homo
2142 4007 52 15 team
2210 4006 39 22 just
2266 4005 74 19 outside

1904 4027 33 17 the
1946 4027 114 23 Cambridge
2068 4029 22 16 25
2096 4029 86 17 Mitchell
2188 4027 67 19 kicked
2260 4029 80 18 another

1904 4050 86 22 splendid
2005 4051 49 21 goal,
2073 4051 44 17 thus
2133 4051 91 23 bringiilg
2239 4051 33 18 the
2288 4058 52 11 score

1905 4069 84 21 Rotorua
2000 4074 26 19 13,
2037 4074 113 23 Cambridge
2160 4076 16 16 3.
2201 4075 88 22 Nothing
2298 4076 30 16 fur-

1905 4096 43 17 ther
1963 4096 38 17 had
2017 4092 48 22 been
2082 4097 61 17 added
2163 4098 55 17 When
2239 4098 45 17 time
2302 4104 38 10 was

1905 4118 65 18 called.
1996 4120 24 16 In
2028 4120 33 17 the
2068 4120 82 22 evening
2159 4121 32 17 the
2204 4121 74 17 visitors
2292 4126 48 11 were

1904 4142 118 17 entertained
2044 4143 20 17 at
2084 4147 11 13 a
2115 4147 70 19 slipper
2204 4144 19 17 at
2240 4144 32 16 the
2288 4144 52 16 Lake

1903 4165 71 16 House.

2449 153 17 16 A
2478 153 111 17 NARROW
2603 152 104 19 ESCAPE.

2378 198 73 18 GI'AKH
2464 198 85 18 TCRXER
2561 202 111 14 SERIOUSLY
2681 204 95 12 INJURED.

2385 226 16 17 A
2410 230 45 18 very
2464 226 113 17 sensational
2586 226 83 17 incident
2675 227 90 17 occurred
2773 233 24 11 on

2362 248 95 23 Saturday
2466 249 80 23 evening
2558 249 34 17 last
2608 255 25 11 on
2648 250 32 16 the
2697 249 100 18 Auckland

2361 272 50 17 train
2420 272 56 17 while
2484 272 84 17 between
2578 273 90 16 Mamaku
2685 273 37 16 and
2737 272 48 18 Taru-

2361 294 63 23 kenga
2432 295 62 17 which
2507 295 83 17 resulted
2603 296 19 16 in
2636 296 33 16 tin:
2683 296 70 16 serious
2767 296 20 16 in-

2361 317 44 27 jury
2414 319 20 16 of
2450 317 65 19 Guard
2530 317 71 18 Turner
2617 319 37 16 ami
2672 319 78 21 delayed
2765 319 33 17 the

2361 340 68 19 arrival
2439 341 20 18 of
2467 341 32 18 the
2507 340 51 18 train
2567 341 43 17 here
2619 342 57 17 about
2683 341 52 18 three
2742 341 56 18 hours

2361 364 75 22 beyond
2445 364 24 17 its
2477 364 55 17 usual
2540 364 51 18 time.
2606 365 28 16 On
2641 365 75 21 leaving
2723 364 60 18 Mama-

2361 386 27 19 ku
2404 388 32 17 the
2453 388 61 22 guard
2531 388 71 21 liaving
2617 388 37 25 put
2670 393 24 12 on
2712 388 32 16 the
2761 393 37 13 van

2361 410 58 17 brake
2428 409 102 24 proceeded
2539 411 82 17 forwam
2635 411 19 17 to
2668 410 27 18 fix
2709 411 33 16 the
2756 417 31 11 car-

2363 433 51 21 riage
2423 434 64 17 brake.
2506 434 29 17 On
2544 434 105 22 returning,
2659 440 21 11 as
2688 434 53 17 there
2750 440 48 11 wore

2362 462 51 11 sonic
2421 461 111 19 passengers
2540 463 24 11 on
2581 457 33 16 the
2627 456 91 23 platform
2732 458 19 16 of
2766 458 32 16 the

2362 484 41 12 rear
2412 486 31 11 car
2451 480 62 17 whom
2521 480 23 17 he
2554 480 32 16 did
2595 482 34 15 not
2637 480 46 16 wish
2696 481 19 17 to
2725 480 73 17 disturb

2362 502 26 22 by
2396 503 84 22 crossing
2489 504 19 16 in
2516 503 33 17 the
2558 503 54 17 usual
2624 508 47 16 way,
2680 503 23 16 he
2715 503 48 17 tried
2779 506 19 14 to

2363 526 54 17 reach
2426 526 33 17 the.
2467 531 36 12 van
2513 526 25 22 by
2547 526 90 22 stepping
2652 526 47 17 from
2714 526 32 17 the
2763 533 35 10 one

2363 548 100 18 footboard
2476 551 19 15 to
2504 550 31 16 the
2544 550 61 17 other.
2631 549 19 17 It
2665 554 38 12 was
2718 548 47 19 dark
2779 552 20 14 at

2363 572 32 16 the
2404 572 45 17 time
2464 572 36 17 and
2516 572 101 18 unnoticed
2631 573 26 20 by
2671 578 38 16 any
2723 578 35 12 one
2775 573 23 17 he

2363 595 73 21 slipped
2445 595 36 18 and
2490 595 32 18 fell
2528 602 25 11 on
2561 597 20 16 to
2591 595 31 18 the
2631 597 112 21 permanent
2749 600 48 18 way,

2363 618 37 16 and
2412 619 48 16 from
2469 619 66 17 thence
2543 619 57 16 down
2611 619 32 16 the
2656 618 141 18 embankment,

2363 647 11 10 a
2383 641 47 22 drop
2440 642 19 16 of
2467 641 58 18 about
2535 643 21 16 10
2565 642 43 17 feet.
2634 642 20 17 It
2663 648 38 10 was
2709 644 35 14 not
2749 642 50 17 until

2365 662 110 25 rarukenga
2484 670 37 12 was
2530 665 79 17 reached
2622 665 43 17 thut
2678 665 29 16 his
2720 665 79 17 absence

2365 692 36 13 was
2411 687 62 18 noted.
2500 689 15 16 A
2524 691 56 19 party
2589 694 37 11 was
2635 689 20 16 at
2664 694 47 11 once
2726 688 73 17 formed

2364 710 104 23 consisting
2476 712 19 15 of
2504 712 31 16 the
2544 712 78 16 fireman
2637 711 37 16 and
2690 717 51 10 some
2755 717 33 16 pas-

2364 738 82 16 sengers,
2468 736 88 20 amongst
2576 734 62 18 Whom
2659 738 49 12 wen;
2730 734 69 16 Messrs

2365 755 75 18 Walker
2448 757 38 17 and
2495 757 70 23 Davey,
2583 757 38 17 and
2638 757 44 23 they
2697 757 102 23 proceeded

2365 780 45 16 with
2420 779 58 21 lights
2487 780 47 17 back
2543 781 58 21 along
2610 781 32 16 the
2651 780 78 22 railway
2739 780 59 18 track.

2365 803 26 16 At
2399 809 11 10 a
2419 800 83 20 distance
2511 804 19 16 of
2539 804 58 17 about
2606 811 10 9 a
2626 804 76 23 quarter
2711 804 21 17 of
2737 809 11 11 it
2757 801 43 20 mile

2365 826 49 16 from
2424 826 88 17 Mamaku
2522 827 64 17 Guard
2600 828 73 16 Turner
2687 833 36 10 was
2739 827 60 16 found

2365 849 54 22 lying
2427 851 20 15 at
2456 849 26 17 tin
2485 849 2 22 l
2500 850 72 17 bottom
2586 851 20 16 of
2620 851 32 16 the
2666 849 135 18 embankment

2365 870 19 18 in
2405 877 11 12 a
2433 870 110 26 shockingly
2561 872 75 18 bruised
2653 873 96 17 condition
2763 872 37 17 and

2365 894 92 23 perfectly
2478 896 128 18 unconscious.
2643 897 16 16 A
2680 895 64 23 jigger
2763 902 37 11 was

2365 919 117 21 fortunately
2490 921 21 15 at
2519 917 49 20 hand
2586 919 35 17 und
2639 917 25 25 by
2681 919 38 17 this
2737 925 64 11 moans

2365 940 32 19 the
2412 940 76 19 sufferer
2501 948 36 12 was
2555 943 95 21 conveyed
2668 941 46 18 back
2732 944 19 15 to
2769 942 32 18 the

2365 964 50 17 train
2424 965 61 16 where
2494 964 110 24 everything
2613 966 81 22 possible
2703 972 38 10 was
2752 966 48 17 done

2366 988 30 17 for
2404 988 29 16 his
2442 988 79 17 comfort
2530 988 28 18 till
2572 988 85 23 Rqtorua
2668 994 39 11 was
2721 989 79 17 readied

2365 1011 55 17 when
2438 1011 23 17 ho
2478 1017 36 11 was
2532 1012 55 16 taken
2602 1013 20 16 to
2637 1012 29 16 his
2679 1016 42 12 own
2736 1012 64 17 house.

2365 1034 29 17 Dr
2403 1032 80 19 Ginders
2497 1039 37 12 was
2551 1034 81 24 speedily
2650 1034 18 17 in
2687 1034 113 19 attendance

2365 1056 38 18 atld
2412 1057 60 17 found
2481 1058 32 16 the
2521 1061 47 14 most
2578 1059 107 22 prominent
2694 1058 78 22 injuries
2782 1060 19 15 to

2365 1079 24 19 be
2402 1086 12 11 a
2422 1085 63 12 severe
2502 1079 50 24 scalp
2567 1082 75 19 wound,
2658 1081 38 17 and
2713 1088 11 10 a
2741 1081 60 22 heavy

2365 1103 63 18 bruise
2438 1110 24 11 on
2471 1104 31 17 the
2512 1104 33 17 left
2560 1104 88 17 shoulder
2662 1110 23 11 on
2701 1103 61 19 which
2779 1104 22 18 he

2365 1127 38 17 had
2414 1128 111 21 apparently
2537 1128 65 17 fallen.
2632 1128 30 17 No
2678 1128 59 16 bones
2753 1133 48 12 were

2365 1148 73 19 broken
2453 1150 37 17 and
2504 1150 71 18 Turner
2588 1152 15 16 is
2613 1157 49 11 now
2679 1150 123 25 progressing

2365 1179 46 16 very
2421 1172 97 23 favorably
2528 1173 93 22 although
2630 1175 15 16 it
2659 1174 39 16 will
2713 1174 23 16 be
2751 1180 50 10 some

2366 1197 46 16 time
2421 1197 64 16 before
2493 1197 23 17 he
2525 1197 14 17 is
2549 1196 42 18 able
2600 1199 19 15 to
2628 1202 73 13 resume
2710 1197 54 22 duty.

2389 1220 39 17 The
2448 1220 117 17 non-arrival
2582 1222 19 15 of
2618 1220 32 18 the
2667 1220 50 17 train
2734 1219 68 18 caused

2366 1248 51 12 some
2431 1243 78 22 anxiety
2525 1245 19 15 at
2560 1244 33 16 the
2609 1244 71 16 station
2697 1248 27 12 US'
2734 1243 19 17 in
2770 1243 32 17 the

2366 1272 65 11 course
2440 1267 20 16 of
2468 1267 32 16 the
2509 1267 79 21 evening
2603 1272 87 12 rumours
2704 1272 49 11 were
2767 1267 35 16 rife

2366 1290 20 17 of
2394 1289 33 17 the
2436 1295 62 12 severe
2507 1289 110 18 oarthshako
2626 1293 21 14 at
2661 1291 66 21 Taupo
2741 1289 60 18 which

2366 1319 39 10 was
2414 1312 88 23 partially
2511 1314 35 16 felt
2562 1313 48 19 here,
2626 1313 38 17 and
2678 1313 15 16 it
2708 1319 38 10 was
2761 1319 30 10 sur-

2366 1336 58 16 mised
2434 1336 42 17 that
2485 1336 31 16 the
2525 1336 49 17 train
2583 1338 20 15 at
2612 1336 57 17 about
2678 1336 33 17 the
2720 1336 46 17 time
2783 1336 20 17 of

2366 1359 24 17 its
2399 1364 110 12 occurrence
2517 1359 62 17 would
2588 1360 22 16 be
2627 1359 78 24 passing
2718 1359 83 23 through

2366 1389 11 10 a
2386 1385 42 19 part
2438 1383 20 16 of
2466 1383 32 16 the
2507 1384 79 20 country
2596 1383 60 17 which
2666 1383 14 16 is
2690 1382 112 23 completely

2367 1403 65 25 ripped
2441 1411 26 16 up
2476 1405 45 18 with
2529 1406 86 20 -volcanic
2623 1404 86 23 crevices,
2725 1406 38 16 and
2778 1411 24 12 on

2366 1429 43 17 that
2418 1430 79 16 account
2506 1427 107 26 suggestive
2622 1430 20 16 of
2648 1430 80 16 another
2735 1429 56 17 visita-

2366 1452 46 17 tion.
2443 1452 31 17 Mr
2490 1452 111 17 Waiidiouse
2615 1458 38 11 was
2669 1452 87 18 however
2768 1454 35 15 not

2366 1475 88 17 troubled
2463 1476 44 16 with
2518 1482 36 16 any
2563 1475 45 18 such
2618 1477 48 16 fears
2680 1476 34 17 but
2730 1476 73 22 quietly

2366 1500 33 20 got
2410 1498 31 18 the
2452 1499 58 17 steam
2520 1504 25 17 up
2554 1505 23 11 on
2587 1499 31 17 the
2627 1504 54 17 spare
2690 1499 112 17 locomotive

2366 1520 91 23 thinking
2465 1522 42 16 that
2519 1522 15 16 it
2551 1528 36 10 was
2604 1522 51 22 quite
2670 1522 82 22 possible
2771 1522 32 16 the

2367 1545 68 23 engine
2443 1545 21 16 of
2478 1545 31 17 tile
2523 1546 49 16 train
2587 1545 61 23 might
2662 1545 48 17 have
2725 1550 36 12 run
2778 1545 25 17 oft*

2367 1568 31 17 the
2416 1568 37 17 line
2467 1569 113 16 somewhere
2596 1569 18 16 in
2632 1569 98 21 shunting.
2763 1568 40 18 The

2366 1591 68 18 arrival
2444 1592 20 17 of
2473 1592 31 16 the
2517 1592 49 16 train
2580 1594 19 14 at
2615 1592 59 17 about
2694 1593 20 15 10
2731 1591 71 18 o'clock

2366 1615 74 22 allayed
2455 1615 26 17 all
2497 1615 77 22 anxiety
2590 1615 93 22 although
2701 1615 53 17 there
2771 1620 31 11 are

2366 1638 41 17 still
2422 1644 51 11 some
2483 1639 26 16 of
2526 1638 31 17 the
2578 1639 116 21 earthquake
2713 1638 89 17 theorists

2366 1661 43 17 whd
2418 1660 55 18 think
2482 1661 42 18 that
2533 1668 20 10 as
2562 1661 62 18 Guard
2634 1661 72 18 Turner
2714 1661 46 17 does
2768 1662 34 15 not

2367 1684 55 17 know
2431 1683 91 24 precisely
2530 1684 51 18 what
2589 1684 99 24 happened
2698 1686 19 16 to
2734 1684 40 17 him
2788 1684 14 17 it

2367 1707 17 17 is'
2403 1709 49 15 most
2468 1708 90 22 probable
2574 1708 41 16 that
2633 1708 31 17 the
2681 1707 121 17 disturbance

2367 1730 67 18 caused
2443 1731 33 16 the
2485 1731 89 17 accident,
2600 1731 19 17 It
2627 1730 16 18 is
2655 1737 11 11 a
2683 1731 119 17 coincidence

2367 1754 92 22 certainly
2467 1754 42 17 that
2523 1754 46 17 both
2586 1754 99 22 happened
2701 1754 89 17 simultan-

2359 1783 1 12 •
2367 1783 70 12 eousry.

2422 1830 16 17 A
2452 1829 99 18 REVERE
2564 1829 183 18 EARTHSHAKE.

2359 1876 1 22 !
2389 1877 61 16 Tlioso
2461 1877 59 21 living
2525 1877 19 17 in
2553 1877 32 18 the
2594 1877 143 21 neighborhood
2744 1877 21 16 of
2770 1876 30 17 the

2367 1900 153 17 ITtuhina-Creek
2528 1900 122 23 experienced
2658 1907 11 10 a
2678 1900 122 22 sharpshock

2367 1922 19 18 of
2395 1923 116 22 earthquake
2520 1930 22 10 on
2553 1923 94 22 Saturday
2655 1923 82 22 evening
2742 1923 58 17 about

2422 1945 77 19 o'clock.
2523 1945 32 19 Mr
2571 1947 25 17 H.
2615 1947 28 19 M.
2658 1945 88 19 Mitchell
2759 1945 31 19 dos-

2367 1970 63 17 eribed
2438 1970 16 17 it
2462 1976 19 11 as
2496 1970 31 17 the
2541 1970 85 22 sharpest
2640 1970 72 17 hhas
2727 1970 64 22 <>xperi-

2366 1993 58 17 enced
2433 1993 48 17 since
2497 1994 31 16 the
2542 1993 87 23 eruption
2645 1993 38 17 and
2701 1993 52 22 gives
2770 1992 30 18 the

2367 2016 90 17 direction
2466 2017 20 17 of
2495 2016 30 17 the
2535 2016 71 17 motion
2616 2022 21 12 as
2646 2017 48 17 from
2704 2016 61 18 South
2782 2017 18 15 to

2366 2039 68 18 North.
2441 2037 3 25 ■
2460 2041 25 16 At
2502 2040 68 17 Messrs
2586 2039 85 23 Taylor's
2687 2039 37 18 and
2738 2037 62 20 Reid's

2366 2062 62 22 places
2437 2062 15 17 it
2461 2067 38 12 was
2508 2062 39 17 also
2561 2063 40 17 felt.
2633 2063 39 17 The.
2685 2062 58 17 latter
2759 2062 31 17 des-

2366 2086 59 17 cribes
2434 2086 32 17 the
2475 2088 105 15 movement
2587 2086 2 19 ,
2594 2092 20 11 as
2629 2093 12 10 a
2655 2088 40 17 sort
2709 2086 21 17 of
2742 2087 47 15 trem-

2365 2108 55 22 bling
2428 2109 38 17 and
2474 2108 52 23 quite
2541 2109 86 17 different
2641 2110 49 16 from
2706 2109 94 21 anything

2366 2132 22 17 lie
2398 2132 37 17 had
2444 2133 121 21 experienced
2574 2133 64 16 before
2644 2130 4 24 :
2666 2133 19 16 it
2695 2130 61 19 lasted
2772 2132 28 15 for

2366 2155 49 22 fully
2424 2156 42 15 four
2478 2155 87 17 minutes.
2591 2156 25 15 At
2625 2154 107 17 Falloona's
2749 2154 51 16 hotel

2366 2177 32 17 the
2407 2178 57 16 shake
2473 2184 38 11 was
2520 2178 40 17 also
2576 2178 89 16 manifest
2679 2178 20 16 to
2714 2184 11 10 a
2742 2177 58 21 slight

2366 2201 71 17 extent.
2463 2201 59 17 Other
2530 2202 52 21 puts
2591 2201 20 17 of
2619 2201 33 16 the
2661 2200 31 18 old
2706 2200 94 22 township

2366 2223 23 18 do
2398 2225 35 16 not
2441 2229 49 12 seem
2499 2225 19 16 to
2527 2224 48 17 have
2583 2224 46 17 been
2638 2222 79 19 affected
2730 2224 38 16 and
2781 2223 19 16 in

2367 2247 31 17 the
2407 2252 42 12 new
2457 2248 94 21 township
2560 2248 15 16 it
2584 2253 38 11 was
2635 2249 34 15 not
2682 2246 34 18 felt
2734 2248 20 16 at
2768 2246 31 17 all.

2366 2270 44 17 This
2427 2270 15 17 is
2459 2270 108 23 frequently
2582 2270 33 17 the
2633 2276 40 11 case
2690 2270 18 16 in
2727 2269 73 18 scismal

2366 2293 118 23 phenomena
2492 2294 38 17 and
2538 2294 19 17 in
2567 2293 36 18 this
2612 2293 74 18 district
2694 2293 33 18 has
2748 2294 52 17 often

2366 2317 47 17 been
2421 2316 55 19 made
2484 2317 94 17 manifest.
2603 2317 31 16 Mr
2643 2317 75 21 Dansey
2733 2316 67 17 relates

2367 2340 41 17 that
2423 2346 25 11 on
2461 2346 35 11 one
2511 2340 84 17 occasion
2612 2340 55 17 while
2684 2340 18 16 in
2720 2340 33 17 the
2770 2339 30 17 old

2366 2364 44 21 post
2418 2364 51 16 office
2479 2370 45 12 near
2532 2364 33 16 the
2573 2363 86 17 Utubina
2666 2362 61 18 Greek
2734 2363 24 17 Irfi
2768 2368 22 12 ex-

2365 2386 100 22 perienced
2485 2394 10 10 a
2512 2392 45 17 very
2572 2386 70 17 violent
2660 2386 105 17 succession
2782 2386 18 17 of

2366 2410 67 17 shocks
2443 2412 60 17 which
2511 2416 49 11 were
2570 2411 34 16 not
2612 2410 34 16 felt
2655 2410 19 16 in
2685 2410 115 16 Ohinemutu

2367 2434 19 16 at
2394 2434 32 17 all.
2452 2435 29 17 On
2494 2433 80 19 another
2586 2432 85 18 occasion
2688 2433 55 17 when
2756 2438 44 12 near

2366 2457 32 17 the
2408 2464 42 11 new
2463 2460 43 21 post
2519 2457 51 17 office
2586 2463 11 10 a
2613 2458 109 15 movement
2739 2461 61 12 severe

2366 2481 76 23 enough
2452 2483 19 15 to
2479 2481 55 23 upset
2546 2486 11 10 a
2564 2479 55 18 horse
2627 2478 20 18 in
2656 2479 74 17 Fenton
2739 2479 61 18 Street

2366 2505 37 16 and
2412 2511 55 11 cause
2476 2503 115 24 pedestrians
2600 2504 19 15 to
2629 2503 78 22 stagger
2716 2508 38 11 was
2768 2504 32 15 not

2365 2528 76 17 noticed
2449 2528 25 23 by
2487 2528 32 17 the
2533 2527 96 21 operators
2645 2524 21 18 at
2680 2526 33 17 the
2729 2526 61 16 instru-

2366 2552 67 16 ments.

2389 2575 26 16 At
2424 2575 64 22 Tuupo
2501 2579 27 12 we
2544 2572 52 17 learn
2613 2573 44 16 that
2673 2571 127 18 considerable

2366 2598 81 22 damage
2454 2598 33 17 has
2495 2596 47 19 been
2551 2595 53 20 done,
2615 2596 26 16 all
2648 2596 33 16 the
2687 2596 61 16 hotels
2753 2596 35 16 hav-

2365 2622 35 21 ing
2416 2619 84 19 suffered.
2533 2618 71 23 Nearly
2627 2619 25 17 all
2673 2618 33 18 the
2727 2618 73 23 pumice

2366 2645 96 22 chimneys
2478 2649 47 12 were
2542 2642 84 22 brought
2643 2644 19 15 to
2680 2642 33 17 the
2726 2641 73 23 ground

2365 2667 38 18 and
2412 2667 55 18 much
2480 2667 51 21 glass
2544 2665 38 19 and
2596 2666 89 21 crockery
2698 2671 50 11 ware
2763 2671 37 11 was

2365 2690 91 18 wrecked.
2481 2690 39 17 The
2527 2688 35 19 bar
2579 2688 53 18 stock
2645 2688 38 18 and
2695 2688 71 23 fixings
2781 2690 19 15 at

2365 2714 26 18 all
2400 2714 31 21 tlio
2440 2714 66 18 houses
2515 2719 38 11 was
2562 2712 56 18 much
2631 2711 100 23 damaged.
2761 2712 39 16 The

2366 2738 86 21 chimney
2464 2739 20 15 at
2498 2735 118 23 Gallagher's
2630 2735 53 17 Lake
2695 2735 59 17 Hotel
2768 2735 30 17 fell

2365 2760 40 18 into
2415 2761 31 17 the
2454 2760 34 17 bar
2496 2760 38 17 and
2542 2757 69 25 played
2619 2759 62 17 havoc
2688 2758 59 17 there.
2761 2758 38 17 The

2365 2784 55 17 roads
2428 2784 48 17 have
2484 2784 39 17 also
2532 2783 19 17 in
2567 2783 62 22 places
2643 2782 47 17 been
2705 2781 83 17 consider-

2365 2808 44 21 ably
2418 2808 31 16 cut
2462 2813 31 16 up,
2511 2806 78 22 notably
2606 2805 44 17 that
2666 2806 20 16 to
2702 2805 95 19 Tokaanu,

2365 2831 35 16 but
2408 2831 32 16 the
2447 2830 50 16 main
2505 2829 47 18 road
2560 2829 85 17 between
2660 2829 84 17 Rotorua
2762 2827 37 17 and

2365 2854 64 22 Taupo
2438 2853 37 17 and
2485 2859 24 11 on
2515 2855 20 15 to
2542 2853 71 22 Napier
2622 2853 33 16 has
2663 2853 34 16 not
2706 2852 46 16 biien
2770 2851 19 16 af-

2366 2876 60 18 fected
2435 2878 20 15 to
2464 2882 37 17 any
2509 2878 72 15 extent.
2606 2876 39 17 The!
2654 2876 63 16 centre
2734 2874 19 17 of
2768 2874 31 17 the

2365 2899 119 18 disturbance
2498 2905 58 11 seems
2572 2900 19 16 to
2606 2899 48 17 have
2669 2898 48 17 been
2732 2897 19 17 in
2767 2897 32 17 the

2365 2923 142 21 neighborhood
2516 2923 20 17 of
2551 2923 33 16 the
2599 2922 86 17 Tauliara
2701 2920 97 17 mountain

2365 2946 61 17 which
2434 2946 34 17 lies
2476 2946 19 17 in
2504 2952 12 11 a
2523 2945 38 18 line
2567 2946 85 17 between
2657 2945 33 17 the
2695 2944 103 21 Tongariro

2365 2969 37 17 and
2422 2970 98 16 Tarawera
2537 2968 113 18 mountains.
2685 2965 56 19 From
2761 2966 37 18 this

2365 2993 54 22 point
2439 2992 32 17 the
2492 2992 71 18 motion
2580 2991 92 18 travelled
2687 2990 55 17 north
2761 2990 37 16 and

2365 3015 61 20 south,
2436 3015 35 17 but
2480 3022 38 10 was
2527 3017 34 15 not
2568 3015 34 17 felt
2611 3021 20 11 so
2640 3013 87 22 strongly
2735 3013 20 17 in
2767 3013 31 17 the

2365 3039 69 17 former
2443 3038 91 18 direction
2541 3045 20 10 as
2570 3039 19 16 in
2598 3038 33 17 the
2641 3038 63 17 latter.

2387 3063 27 16 At
2422 3059 93 20 tVairakei
2524 3060 32 19 the
2565 3061 120 18 disturbance
2699 3066 38 10 was
2753 3065 45 16 very

2365 3085 83 19 marked,
2457 3085 35 17 but
2504 3091 38 11 was
2551 3086 33 16 not
2592 3083 91 19 attended
2697 3083 26 22 by
2740 3088 20 11 so
2770 3088 19 11 se-

2364 3114 43 11 vere
2417 3106 68 19 results
2492 3114 19 11 as
2522 3110 21 15 at
2559 3109 70 21 Taupo.
2662 3107 40 16 Mrs
2718 3106 79 20 Joshua,

2364 3132 43 16 who
2415 3132 16 17 is
2440 3133 20 15 at
2468 3133 76 21 present
2552 3131 77 22 staying
2643 3131 19 16 at
2679 3129 32 17 the
2728 3129 72 22 Geyser

2365 3153 65 19 House
2440 3154 57 19 there,
2516 3154 63 18 writes
2595 3154 42 16 that
2653 3156 91 18 everyone
2761 3158 39 12 was

2365 3175 96 25 naturally
2470 3178 55 17 much
2535 3176 113 24 frightened.
2681 3174 53 23 They
2751 3181 49 12 were

2364 3199 40 24 just
2413 3200 91 22 finishing
2513 3201 66 16 dinner
2584 3201 20 16 at
2610 3200 42 17 6.30
2660 3198 54 17 when
2721 3205 11 10 a
2737 3205 63 11 severe

2365 3224 57 17 shock
2431 3224 21 17 of
2460 3224 114 22 earthquake
2584 3229 56 12 came,
2650 3221 43 20 and,
2707 3222 20 16 in
2735 3228 13 10 a
2764 3222 36 17 few

2366 3247 77 18 seconds
2452 3248 53 19 later,
2515 3248 84 16 another.
2613 3246 70 21 Lamps
2689 3251 48 11 were
2744 3252 44 10 over-

2365 3271 75 18 turned,
2451 3271 115 21 phina-ware
2574 3269 77 17 broken,
2658 3267 37 18 and
2702 3268 33 17 the
2742 3268 58 18 house

2365 3294 71 17 heaved
2445 3300 25 16 up
2479 3293 37 18 and
2524 3293 55 17 down
2587 3291 136 22 considerably.
2737 3292 53 22 Every-

2365 3323 35 11 one
2408 3316 96 23 naturally
2513 3316 68 17 rushed
2589 3317 19 15 to
2617 3314 33 18 the
2658 3314 53 20 door,
2728 3315 39 17 and
2775 3321 24 11 on

2365 3340 76 22 getting
2450 3342 33 15 out
2491 3346 11 10 a
2518 3339 45 17 loud
2579 3338 97 22 rumbling
2692 3338 52 16 noise
2761 3344 39 11 was

2365 3363 57 17 heard
2431 3364 30 16 for
2469 3368 49 12 some
2527 3362 50 17 time.
2603 3362 55 16 After
2668 3361 46 22 they
2723 3361 38 17 had
2770 3367 20 11 re-

2365 3386 78 17 covered
2452 3387 48 16 from
2509 3384 48 18 their
2573 3384 41 17 first
2630 3384 82 22 surprise
2728 3384 16 17 it
2761 3390 37 11 was

2365 3410 59 17 found
2433 3410 43 16 that
2485 3414 56 16 many
2549 3408 19 17 of
2576 3407 32 17 the
2616 3407 71 17 bottles
2695 3408 21 16 in
2724 3408 34 17 the
2766 3408 34 16 bar

2365 3438 48 12 were
2420 3430 95 23 smashed;
2530 3438 11 10 a
2549 3430 50 23 good
2605 3431 43 17 deal
2656 3431 20 16 of
2685 3431 32 16 the
2723 3431 75 17 kitchen

2364 3456 89 22 crockery
2462 3455 37 17 and
2508 3459 50 13 some
2566 3454 21 17 of
2594 3452 33 19 the
2636 3454 60 22 lamps
2702 3460 49 11 were
2760 3454 38 17 also

2364 3478 77 18 broken.
2454 3478 39 17 The
2502 3478 56 16 house
2567 3483 38 11 was
2614 3479 34 15 not
2656 3477 83 22 injured,
2746 3478 39 16 how-

2364 3507 48 14 ever,
2422 3502 20 16 in
2450 3507 37 16 any
2493 3506 47 16 way,
2548 3499 37 17 and
2591 3506 92 16 everyone
2690 3499 108 19 considered

2363 3525 16 17 it
2387 3525 63 22 might
2461 3525 47 16 have
2523 3524 47 16 been
2587 3523 58 17 much
2661 3529 65 11 worse.
2760 3524 38 16 The

2363 3548 75 17 visitors
2446 3553 48 11 were
2502 3546 74 23 greatly
2586 3547 108 22 frightened
2702 3546 39 17 and
2749 3546 40 17 indi-

2364 3571 55 17 cated
2427 3570 49 17 their
2483 3570 66 19 alarm,
2558 3570 33 16 the
2607 3575 44 12 men
2659 3570 88 22 showing
2763 3570 35 16 less

2364 3600 109 16 composure
2481 3593 47 17 than
2537 3593 31 16 the
2574 3598 79 12 women.
2664 3593 52 17 Fires
2723 3598 47 11 were
2776 3593 22 15 lit

2364 3617 79 19 outside,
2452 3615 38 18 and
2507 3615 74 22 though
2598 3616 16 17 it
2628 3622 39 11 was
2685 3615 113 22 excessively

2364 3640 42 17 cold
2414 3640 46 21 they
2468 3640 29 15 sat
2505 3645 25 16 up
2539 3639 26 16 .all
2574 3639 56 21 night
2638 3640 19 16 in
2667 3639 32 17 the
2714 3645 48 16 open
2771 3639 27 16 air

2363 3662 89 23 wrapped
2460 3662 19 16 in
2487 3667 46 16 rugs
2541 3661 38 18 and
2586 3662 94 18 blankets.

2387 3685 57 17 Later
2452 3690 50 12 news
2511 3685 48 17 from
2568 3685 66 23 Taupo
2643 3687 58 15 states
2709 3683 44 19 that
2766 3684 32 17 the

2363 3708 109 18 demolition
2481 3708 19 17 of
2509 3708 32 17 the
2549 3708 96 22 chimneys
2654 3710 41 15 sent
2704 3708 32 17 the
2752 3713 33 17 peo-

2362 3732 31 22 ple
2400 3732 33 16 out
2441 3731 40 17 into
2487 3730 32 18 the
2527 3732 58 17 street
2598 3732 61 17 where
2673 3731 45 22 they
2732 3730 64 23 stayed

2362 3755 26 17 all
2396 3754 62 22 night,
2469 3760 50 11 some
2525 3754 19 17 in
2551 3756 57 19 tents,
2615 3755 64 17 others
2685 3754 17 17 in
2711 3753 86 18 blankets

2361 3774 62 20 round
2432 3777 32 17 the
2471 3777 49 17 fires.
2546 3777 49 23 Only
2607 3779 39 16 two
2663 3778 102 20 chimneys,
2782 3777 14 16 it

2361 3801 16 16 is
2386 3800 68 18 stated,
2464 3806 30 11 are
2502 3800 36 17 left
2547 3801 90 21 standing
2652 3801 20 16 ill
2688 3800 33 17 thrt
2737 3800 58 21 place.

2363 3823 63 17 Ross's
2434 3824 78 17 Terrace
2521 3824 64 18 Hotel,
2593 3824 62 17 which
2666 3824 15 16 is
2694 3823 75 17 nearest
2777 3824 19 15 to

2363 3847 32 16 the
2405 3847 62 17 centre
2477 3847 20 17 of
2505 3847 32 17 the
2546 3847 125 20 disturbance,
2680 3846 15 17 is
2700 3845 58 23 badly
2767 3845 20 17 in-

2362 3869 55 23 jured
2426 3869 38 18 and
2471 3870 22 19 is,
2503 3870 20 17 in
2534 3871 43 19 fact,
2587 3870 20 17 in
2616 3876 11 11 a
2635 3874 46 17 very
2688 3868 108 23 precarious

2362 3892 96 18 condition
2465 3899 23 11 on
2495 3895 79 15 account
2581 3894 19 15 of
2606 3894 24 15 its
2637 3892 102 17 .situation.
2758 3891 38 18 The

2362 3916 72 22 garden
2449 3916 38 17 and
2503 3917 34 16 ten
2542 3921 42 12 accs
2597 3916 48 16 have
2661 3914 80 18 suffered
2757 3915 20 15 in
2786 3921 10 10 a

2361 3941 56 21 great
2424 3939 73 23 degree.
2519 3939 38 17 The
2566 3939 80 21 damage
2662 3937 48 18 done
2727 3939 20 15 to
2764 3937 32 17 the

2361 3964 91 20 property
2460 3962 96 22 generally
2565 3962 15 16 is
2590 3960 99 18 estimated
2705 3962 20 15 at
2739 3960 56 17 £SOO.

2385 3986 39 16 The
2433 3985 90 18 Tolcaanu
2530 3984 46 18 road
2584 3984 16 16 is
2613 3984 55 16 much
2685 3985 33 15 cut
2734 3989 26 16 up
2776 3984 20 16 in

2361 4008 63 22 places
2433 4008 48 17 from
2490 4008 32 17 the
2530 4007 45 22 slips
2584 4007 61 16 which
2654 4007 48 17 have
2708 4007 88 17 occurred

2361 4031 38 17 and
2407 4031 21 20 is,
2439 4031 18 17 in
2466 4032 44 16 fact,
2520 4029 90 18 rendered
2622 4029 119 22 impassable.
2767 4031 29 16 On

2362 4054 83 22 Sunday,
2455 4060 35 11 one
2499 4059 20 11 or
2525 4054 37 16 two
2571 4054 78 15 tremors
2656 4058 50 11 wcrj
2714 4052 40 21 felt,
2761 4053 35 18 but

2361 4077 21 17 of
2390 4083 11 10 a
2410 4076 146 23 comparatively
2564 4075 60 22 slight
2631 4078 73 14 nature.

2385 4099 105 22 YeStCrday
2498 4099 15 16 it
2520 4104 38 11 was
2566 4099 87 21 reported
2670 4099 43 16 that
2730 4099 66 18 shocks

2361 4128 49 11 were
2419 4122 38 17 fttill
2466 4122 58 22 being
2532 4122 35 16 felt
2575 4122 19 16 in
2603 4122 33 16 the
2652 4122 144 22 neighborhood

2361 4146 21 16 of
2391 4146 70 21 Tafipo,
2471 4144 37 18 and
2517 4143 43 18 that
2568 4151 11 10 a
2587 4144 34 23 big
2629 4145 59 17 steam
2707 4145 44 18 hole
2759 4146 37 17 had

2361 4168 72 17 broken
2441 4169 33 16 olit
2483 4174 24 11 on
2513 4167 31 17 the
2551 4169 73 15 eastern
2631 4167 39 18 side
2677 4169 20 16 of
2703 4169 92 20 Tauhara,

2819 154 20 16 in
2847 154 32 16 the
2887 154 90 17 direction
2986 155 21 17 of
3014 156 33 16 the
3065 155 109 23 Kaingaroa
3182 156 51 24 Plain,

2819 177 43 16 This
2872 178 97 16 mountain
2976 178 15 17 is
3005 178 117 17 surrounded
3139 179 24 21 by
3180 179 53 20 boUin.

2819 200 45 16 mud
2873 199 57 22 holes,
2941 201 99 17 solfatar.is
3049 200 37 18 and
3101 201 103 22 fumoroles,
3214 206 19 18 aij

2819 225 33 15 lias
2861 223 47 17 been
2916 224 33 16 the
2958 228 62 13 centre
3029 225 20 16 of
3061 225 79 22 activity
3156 225 30 16 fir
3202 232 27 12 sum

2820 246 50 17 time.
2895 246 87 18 Tauhara
2991 247 15 17 is
3020 247 58 18 about
3094 249 23 16 I~>
3134 248 53 17 miles
3203 249 30 20 froi

2819 269 43 17 here
2871 275 19 11 as
2899 270 33 16 the
2946 276 49 11 crow
3007 269 46 18 flies.

2843 292 40 17 Our
2891 292 100 23 telegrams
3002 293 53 17 show
3063 294 43 16 that
3111 294 33 16 the
3151 294 55 17 shock
3213 301 13 10 \v
3228 292 1 23 :

2820 315 34 18 felt
2862 317 21 15 at
2899 316 119 17 Palmerston
3035 317 69 19 North,
3122 317 75 21 Napier.
3207 319 26 17 Gi>.

2820 337 63 20 borne,
2893 339 100 22 Tauranga
3002 339 37 17 ami
3054 339 122 24 Wellington,
3186 340 47 19 also;,

2820 362 112 21 Cambridge
2941 362 38 17 and
2988 363 106 19 Hamilton,
3112 362 38 17 and
3166 363 67 22 adjac-i.

2820 384 67 22 places.
2913 385 66 17 Hevcre
2988 386 67 17 shocks
3067 392 48 11 were
3128 386 39 17 also
3181 390 45 19 experi-

2820 407 57 18 enced
2886 409 20 16 at
2912 408 109 22 Ateiamuri,
3029 408 89 24 Wiotapu
3125 409 37 17 and
3170 409 57 20 Galate

2821 430 28 17 On
2859 430 76 24 Sunday
2942 431 37 17 last
2988 439 10 10 a
3015 432 89 18 traveller
3119 432 75 17 noticed
3209 439 24 14 nca

2821 454 31 16 the
2861 454 40 17 foot
2917 455 20 16 of
2953 453 106 24 Ngautuku
3076 454 42 19 Hill
3134 461 12 11 a
3162 456 54 21 patch

2820 475 73 25 ground
2903 479 39 15 20ft
2951 483 11 12 s
2973 477 39 19 30ft
3029 477 72 24 freshly
3114 477 92 18 subsided.

2843 500 31 17 Mr
2883 501 55 16 I'nrk.
2946 501 21 17 of
2972 501 71 23 Taupo,
3051 502 57 17 wired
3114 503 19 16 to
3142 501 72 18 MrD.in-

2821 523 67 23 to-day
2896 529 21 12 as
2935 523 228 25 follows:—Everything
3179 525 16 16 i-;
3211 523 22 21 noi

2820 546 51 22 quiet
2880 546 43 18 here
2941 546 92 25 although
3051 547 52 18 there
3120 553 48 13 were
3186 553 44 14 Bever

2820 569 66 18 shocks
2895 570 70 21 during
2979 571 32 16 the
3026 571 92 22 night—a
3134 576 45 17 very
3195 571 38 19 hew

2821 598 33 11 one
2862 593 85 18 between
2959 595 19 15 12
2988 593 37 18 and
3036 595 5 15 1
3051 593 77 20 o'clock,
3136 593 86 19 followed
3226 596 7 17 I

2821 616 69 21 lighter
2899 621 49 12 ones.
2974 618 38 15 The
3023 622 40 12 new
3073 618 49 16 blow
3134 617 43 17 hole
3190 618 19 16 at
3221 620 12 17 tl.

2821 639 39 17 foot
2869 639 20 17 of
2897 639 87 18 Tauhara
2992 640 15 16 is
3017 640 98 17 authentic
3127 640 38 17 and
3177 646 17 12 a.
3200 647 33 15 pur

2821 661 33 18 has
2862 668 49 16 gone
2920 664 33 15 out
2962 665 19 14 to
2990 663 78 22 inspect.
3094 663 38 17 The
3143 663 65 22 people
3217 667 15 15 st:

2821 686 71 17 remain
2900 686 79 22 camped
2987 688 31 16 out
3033 687 75 21 though
3116 687 17 16 it
3146 687 16 17 is
3178 687 55 19 bitter!

2822 707 47 19 cold.
2894 709 60 22 Many
2963 710 19 16 of
2996 709 32 18 the
3043 710 73 16 natives
3132 715 32 11 are
3169 707 3 24 •
3179 710 54 21 loavir,;

2822 732 32 16 the
2863 732 59 21 place.
2947 733 52 21 They
3008 739 33 15 say
3051 733 32 17 the
3097 733 59 22 Taipo
3172 733 33 16 has
3221 740 12 17 go

2822 754 45 17 hold
2876 755 19 16 of
2905 755 21 17 it.
2951 755 39 18 The
3000 755 134 23 underground
3151 755 82 26 rumbling

2822 780 18 15 at
2850 778 56 21 night
2915 777 38 18 still
2966 779 95 17 continue.

2846 801 17 17 It
2873 807 78 16 appears
2960 802 43 16 that
3012 802 31 17 Mr
3052 802 37 17 and
3101 802 41 17 Mrs
3156 800 49 19 Park
3218 809 15 12 ;n.

2823 825 64 21 family
2897 823 39 19 still
2945 826 62 21 prefer
3015 829 20 13 to
3043 825 96 17 remaiiiin
3145 825 49 17 their
3198 825 35 19 hous

2822 847 73 21 though
2911 848 162 17 accommodation
3082 849 34 16 has
3125 849 54 16 been,
3188 848 43 19 often

2823 871 50 16 them
2883 870 25 23 by
2917 871 69 17 Messrs
2995 872 109 21 Gallagher,
3115 867 97 22 Crowtfier
3219 879 14 12 uu

2823 894 62 16 others
2895 892 41 20 who
2944 894 48 17 have
3001 894 74 18 erected
3083 896 57 16 tents.

2824 939 410 44 CABLEGRAMS

2848 1012 92 24 London,
2956 1013 81 25 August
3048 1013 102 19 20.—The
3169 1013 62 21 Addres

2824 1039 19 17 in
2854 1037 66 26 Reply
2931 1039 13 18 h
2959 1046 8 12 s
2975 1039 51 19 been
3035 1039 72 24 passed
3115 1039 26 25 by
3152 1037 20 27 21
3179 1040 37 18 7to
3224 1042 7 18 6!

2849 1064 33 18 Mr
2893 1065 97 24 Henley's
3002 1065 106 25 following
3126 1066 91 18 threaten
3230 1064 1 26 |

2824 1089 90 21 obstruct
2923 1090 85 27 Supply.

2850 1115 117 25 Shanghai,
2976 1116 83 27 August
3069 1117 93 19 20..-Tho
3172 1116 59 22 Chines

2826 1142 138 20 Government
2974 1144 68 19 refuse
3050 1147 21 15 to
3086 1143 61 20 allow-
3161 1144 34 18 the
3215 1144 16 18 lii

2824 1167 39 20 tish
2883 1169 39 18 and
2941 1169 108 19 American
3069 1169 86 19 Consuls
3172 1173 20 15 to
3210 1172 21 16 tal;

2824 1199 45 20 part
2880 1195 19 18 in
2913 1195 35 18 the
2960 1195 82 25 inquiry
3053 1199 22 15 at
3083 1195 108 25 Kueheng.

2850 1220 57 20 More
2930 1221 117 25 incendiary
3064 1222 93 24 placards
3177 1222 54 25 again!

2824 1247 33 19 the
2882 1247 87 25 English
2990 1248 52 19 have
3065 1248 52 19 been
3143 1249 70 25 posted
3230 1247 1 27 ;

2825 1273 84 18 Canton.

2850 1299 43 19 The
2913 1298 58 26 King
2987 1300 21 18 of
3027 1299 64 20 Coroa
3110 1300 98 20 demands
3222 1302 9 17 ti

2825 1324 120 21 restoration
2968 1326 22 18 of
3017 1326 34 19 the
3076 1326 75 19 former
3169 1326 62 26 politic!

2824 1352 77 22 regime
2915 1351 39 19 and
2965 1352 104 19 threatens
3075 1352 87 26 reprisal
3168 1352 18 19 if
3191 1352 40 26 Japa

2824 1378 84 19 refuses.

2850 1402 87 25 Berlin,
2949 1404 84 25 August
3047 1404 102 19 20.—The
3165 1404 66 20 Nihilisl

2825 1430 99 25 exploded
2936 1435 12 14 a
2964 1430 53 20 iriiue
3035 1428 65 21 which
3118 1430 91 21 wiecked
3222 1432 9 17 ii

2825 1455 97 27 Artillery
2944 1456 98 20 barracks
3058 1460 21 15 at
3098 1456 58 25 Tula,
3177 1456 54 20 Eussi

2824 1482 65 19 Three
2900 1482 92 20 hundred
3003 1489 45 13 men
3060 1482 105 26 including
3183 1482 48 21 office]

2826 1515 50 12 wore
2887 1509 69 19 killed.
2985 1509 116 19 Numeious
3118 1512 73 16 arrests
3205 1509 26 20 hat

2826 1535 49 18 been
2887 1535 64 19 made.

2852 1560 92 25 Sydney,
2960 1564 80 22 August
3051 1561 102 19 20.—The
3167 1561 52 25 body
3230 1560 1 26 i

2824 1587 34 19 the
2873 1586 123 21 Coonambie
3014 1587 106 20 murderer
3136 1594 41 12 was
3195 1588 36 18 four.

2824 1613 21 19 in
2856 1613 34 19 the
2901 1613 59 19 scrub
2972 1613 66 20 where
3049 1614 25 18 he
3085 1613 40 19 had
3142 1614 46 18 shot

2824 1639 44 19 self.

2915 1692 233 33 TELEGRAPHIC.

2850 1742 114 23 Auckland,
2975 1743 51 19 This
3036 1743 117 25 day.—The
3160 1744 75 19 creditor

2824 1768 21 18 of
2855 1768 77 24 Joseph
2948 1768 78 20 Mcßae
3043 1769 52 20 hare
3114 1769 90 20 resolved
3214 1771 22 18 tha

2824 1794 25 19 ho
2860 1794 51 19 skull
2920 1794 90 26 undergo
3018 1801 12 14 a
3038 1795 68 26 public
3114 1796 122 19 examinatiu!,

2850 1820 42 18 The
2901 1820 62 19 death
2975 1821 17 18 is
3002 1822 119 19 announced
3132 1823 21 18 of
3163 1822 31 19 Mr
3204 1822 33 20 He&

2824 1845 35 19 der
2867 1846 78 19 Gillson
2956 1847 73 23 Wood,
3040 1848 52 24 aged
3106 1848 23 19 71
3139 1854 65 18 years.

2850 1872 33 18 Sir
2893 1872 90 25 Dignan,
2995 1880 99 18 manager
3100 1875 22 18 of
3131 1874 34 19 the
3180 1873 56 22 8.1T.2

2824 1898 55 23 hero,
2890 1898 38 19 has
2938 1898 51 19 been
3000 1900 110 24 appointed
3120 1907 26 12 an
3157 1900 74 26 inspect'

2824 1925 21 18 of
2854 1923 35 20 the
2899 1924 66 19 Bank.
2994 1925 33 19 He
3038 1924 40 21 will
3098 1926 25 19 do
3142 1926 49 24 duty
3210 1933 27 14 ovd

2823 1950 35 19 the
2866 1950 65 19 whole
2937 1952 22 17 of
2967 1951 34 18 the
3008 1952 108 19 Auckland
3134 1953 39 18 and
3181 1951 53 20 Han!;

2824 1976 43 25 Bay
2878 1976 94 20 districts.
3000 1977 34 19 Mr
3051 1978 23 19 T.
3094 1978 22 19 L.
3136 1978 86 26 Murray,
3231 1980 6 19 ol

2824 2003 96 19 Bunedin
2931 2004 94 18 succeeds
3033 2011 22 12 us
3074 2011 103 19 mauagor.

2996 2030 49 19 This
3055 2030 118 26 day.—Mrs
3191 2030 45 20 Boa;,

2824 2055 21 18 in
2854 2054 37 20 her
2902 2058 108 17 statement
3019 2057 75 19 admits
3105 2058 45 18 that
3160 2059 35 17 she
3205 2063 32 20 gavi

2824 2081 34 19 the
2868 2081 54 19 child
2930 2082 58 19 doses
2996 2083 21 19 of
3024 2083 111 19 laudanum
3145 2086 22 16 at
3177 2084 60 19 variou

2823 2107 64 23 times,
2900 2108 37 18 but
2948 2109 76 26 merely
3041 2112 21 16 to
3083 2110 53 25 keep
3155 2110 17 19 it
3191 2109 44 26 quie'.

2823 2133 40 17 and
2871 2133 59 18 when
2939 2136 17 16 it
2960 2134 48 19 .died
3018 2135 36 18 she
3064 2142 39 13 was
3111 2142 22 10 so
3139 2136 95 22 frigbnent

2822 2158 36 19 she
2868 2157 74 20 buried
2953 2159 15 18 it
2980 2159 40 19 aud
3031 2159 97 19 invented
3147 2161 35 18 the
3198 2160 39 25 storj

2823 2184 20 19 of
2853 2183 96 26 planting
2963 2185 61 19 bulbs
3035 2188 20 16 to
3074 2189 57 15 avert
3149 2186 84 26 suapicioi

2848 2210 44 19 The
2903 2210 72 20 House
2986 2215 54 15 went
3048 2211 44 20 into
3111 2212 77 25 Supply
3204 2213 33 18 aft..'

2824 2236 34 19 Mr
2873 2236 83 19 Ward's
2975 2237 59 25 reply
3052 2244 26 13 on
3098 2238 35 19 the
3151 2238 83 20 Financia

2823 2262 118 24 Statement,
2955 2263 37 19 but
2998 2270 95 19 progress
3102 2271 42 12 was
3163 2265 74 25 reportci

2824 2288 86 19 without
2932 2296 40 18 any
3001 2291 59 18 items
3083 2290 63 26 being
3179 2291 57 25 passed

2822 2314 44 19 The
2876 2315 140 20 amendments
3026 2316 59 20 made
3095 2316 26 25 by
3129 2317 34 18 the
3174 2312 63 25 Council

2824 2340 21 21 iu
2855 2341 34 18 the
2900 2341 79 26 Family
2987 2342 77 19 Homes
3074 2342 115 20 Protection
3207 2343 28 18 J];!!

2823 2367 41 18 and
2873 2367 35 20 the
2920 2368 82 26 Mining
3020 2368 42 19 Bill
3078 2375 52 12 were
3149 2368 88 26 dfsagred

2825 2393 48 19 with
2885 2394 40 19 and
2936 2401 108 19 managers
3052 2395 115 25 appointed.

2849 2420 20 18 It
2880 2420 37 19 has
2925 2420 51 19 been
2980 2420 93 20 resolved
3084 2421 25 24 by
3118 2421 49 19 both
3175 2420 62 21 House

2824 2445 43 20 that
2878 2446 34 19 the
2921 2447 54 24 joint
2984 2448 115 18 committee
3109 2454 26 11 on
3145 2448 35 18 the
3196 2447 41 20 Banl

2824 2472 20 19 of
2855 2472 51 19 AV.v
2916 2474 92 18 Zealand
3017 2473 81 19 Estates
3109 2474 102 25 Company
3226 2474 7 18 I

2823 2505 11 12 a
2844 2500 63 17 secret
2917 2500 121 19 committee.

2848 2524 90 25 Timaru,
2958 2525 102 25 Tuesday.
3105 2525 43 20 Tho
3170 2525 65 21 footbal

2822 2551 68 19 match
2900 2551 92 19 between
3005 2551 109 20 Auckland
3134 2552 39 19 and
3191 2553 46 18 Sou'.:

2825 2576 128 25 Canterbury
2962 2578 90 19 resulted
3062 2578 21 18 in
3094 2579 76 24 victory
3181 2578 30 20 for
3219 2578 18 20 thf

2822 2603 74 19 former
2906 2603 26 25 by
2944 2606 10 16 9
2964 2604 69 25 points
3051 2606 20 17 to
3088 2605 35 19 nil.

1243 82 59 26 MtU
1329 81 58 27 fiOT
1414 82 94 25 LAKfiS
1537 82 174 28 OHfiONICLE,
1960 86 116 22 ATJGUST
2104 88 97 22 21,1895

84 258 99 44 Uurex
197 260 139 21 steamship
351 256 114 24 comi-'akv
484 258 31 20 of

165 282 56 20 NEW
235 282 13 20 IS
251 283 98 19 13ALAND
358 282 80 19 Limited,

148 314 4 27 i
161 314 201 23 nUl'Ua¥b"l>~E?AK
368 323 7 12 1
381 321 9 15 l
390 320 5 7 r
397 320 72 21 KKg._
478 314 3 27 ,
492 338 8 3 _

216 353 48 14 £OK
276 348 100 19 bYJJNEI*.

79 385 108 18 Mai<a?u'Jb)
251 385 76 19 Monday
352 385 39 15 10th
400 387 40 15 Auir
449 386 9 14 5

210 403 90 25 Tuesday,
311 405 51 23 Sept,
374 407 16 20 !<)
400 404 9 17 !)
419 410 45 18 l>iUii

158 438 29 22 Fu
189 444 17 16 B
216 443 80 16 SOUTH
299 443 47 15 KUN
358 436 45 21 r-UK
409 444 27 13 IS.

80 480 96 15 'lakapua'a
186 485 51 14 every
246 478 75 21 Monday

79 501 16 14 ]\l
99 503 91 13 AhixavuA
198 506 51 14 every
257 499 91 21 Thursday

82 522 73 19 Ff.OtfA,
164 517 92 27 Tmvscldj'i
270 518 44 20 a?til
327 519 81 25 August,
421 523 56 15 llootli

78 544 54 21 M'ja,
143 544 123 23 Wednesday,
277 543 43 18 HBtli
332 542 82 25 August,
425 543 9 18 6
444 549 45 18 p.m,

143 588 80 15 Reduced
233 588 44 15 fares
284 592 29 10 aie
322 592 38 10 now
369 588 17 14 in
395 586 52 17 force.

79 609 93 15 Auckland
179 609 66 15 Branch
298 608 105 16 PalttlerHton
414 607 99 20 Buildings.

78 760 164 47 Ht'DDAKT,
268 761 110 23 PARSER,
402 760 50 21 AND
474 760 39 20 CCJ.

244 788 106 23 (lilMlTfeD),

156 831 60 21 NEW
228 833 85 19 STEAM
325 830 109 21 SERVICE

82 864 129 31 Bringing
221 864 61 25 Low
289 864 78 25 Fares
378 866 55 22 into
444 864 69 23 fotce

102 915 96 22 Splendid,
208 914 162 23 Well-appbihted
376 915 93 17 Steamers
474 913 40 17 will

78 937 23 18 Lo
110 939 114 21 despatched
233 939 49 17 fro!n
291 939 118 19 AUCKLAND,
420 944 19 11 us
454 937 60 16 under

78 960 91 23 (weather
184 962 38 17 and
242 962 54 17 other
311 962 143 17 circumstances
471 966 32 15 per-

78 984 86 23 mitting)
172 990 28 12 :

78 1008 185 22 FokGISBORNE,
269 1008 103 18 NAPIER,
381 1007 116 19 WELLING-

100 1029 57 22 TON,
168 1031 157 20 LYTTELTON,
336 1032 15 15 &
360 1030 128 20 DUNEDIN,

77 1053 107 18 Tasiiaxia
190 1068 36 3 ....
232 1054 101 20 Tuksday,
344 1054 51 21 Sept.
402 1054 17 18 15,
430 1059 55 11 noon.

78 1077 104 17 Anglian,
190 1077 15 22 i.
213 1077 106 20 .Monday,
339 1077 89 22 Aug.'JO,
443 1078 11 14 8
466 1082 46 16 p.m.

206 1123 50 17 FOR
271 1123 112 19 SYDNEY,

124 1144 115 25 (Returning
251 1148 19 16 to
280 1146 98 17 Auckland
387 1143 79 25 Direct.)

77 1169 94 23 Carrying
191 1170 113 22 Passengers
325 1169 30 17 for
377 1170 135 18 MELBOURNE,

89 1192 55 18 other
148 1193 132 17 Australian
287 1193 71 19 Poftxs,
365 1192 38 17 and
409 1192 91 20 Hobakt,

77 1220 108 17 Tasmania
256 1220 98 20 Monday,
360 1220 49 22 Aug.
421 1221 26 18 19,
455 1221 11 15 4
473 1225 40 17 p.m

77 1244 95 17 Anolian
243 1244 98 20 Monday,
351 1243 52 23 Sept.
417 1244 16 19 9,
449 1244 10 16 3
466 1248 46 17 p.m.

101 1271 79 22 Freight
188 1271 38 17 and
235 1271 91 22 Passages
338 1272 20 15 at
372 1274 79 13 LOWEST
463 1274 49 13 cun-

77 1298 54 13 IIENT
144 1296 68 15 katEs.

99 1317 73 17 Return
182 1317 74 17 Tickets
263 1317 91 17 available
360 1317 30 17 for
395 1317 28 16 six
429 1316 81 16 months,

177 1346 22 17 L.
213 1343 24 20 D.
246 1345 108 18 NATHAN
367 1346 16 16 &
395 1345 45 20 CO,,

408 1368 79 19 Agents.

109 1431 226 47 Visitors'
359 1432 118 46 List.

110 1515 102 23 Brent's
230 1515 129 28 Bathgate
379 1513 94 23 House,

76 1546 47 18 Miss
136 1546 101 21 Rowcliffe,
257 1546 91 22 England

77 1571 39 17 Mrs
125 1571 65 21 Barry,

77 1594 32 17 Mr
117 1593 38 17 and
164 1593 40 18 Mrs
212 1593 81 20 Walker,
303 1590 99 19 Auckland

79 1617 28 16 Dr
117 1617 59 22 Barry
184 1617 21 16 T.
215 1616 80 20 Russell,
305 1615 77 23 Sydliey

189 1663 53 23 The
256 1662 139 29 Langhami

78 1698 31 17 Mr
118 1698 85 21 Sinclair,
212 1697 91 18 Adelaide

115 1718 91 24 Waiidan,
216 1720 89 19 Adelaide

114 1745 73 22 Logan,
198 1745 109 22 Devonport

111 1767 128 22 Hutchinson,
250 1767 133 19 Christchurch

112 1792 86 20 Beckett,
209 1791 77 23 Opotiki

111 1816 98 21 Seymour,
227 1813 98 19 Auckland

112 1839 103 19 Robinson,
226 1836 99 19 Auckland

111 1861 72 23 Payne,
201 1860 134 19 Christchurch

113 1884 64 21 Blake,
190 1885 101 21 Tainanga

111 1908 73 21 Driver,
198 1905 80 20 Thames

319 1957 86 24 HoteL

79 1995 41 16 MrS
137 1993 71 21 Butler,
227 1992 98 19 Auckland

78 2018 47 17 Miss
235 2016 113 23 Cambridge

77 2040 65 23 Judge
155 2041 43 20 Gill,
212 2041 101 21 Tauranga

77 2060 31 21 Mr
117 2066 22 15 A.
153 2064 98 22 Kennedy,
266 2063 117 23 Wellington

113 2088 97 20 Freeman,
222 2086 103 19 Litchfield

113 2111 26 16 H.
162 2111 49 22 Day,
238 2110 100 17 Auckland

113 2130 89 26 Lorigan,
221 2133 62 17 Oliiwi

112 2157 78 18 Parson,
214 2154 134 19 Phriatchurch

112 2178 83 19 Bushell,
212 2176 89 18 Dunedin

113 2201 64 20 Falck,
187 2200 90 18 Dunedin

113 2224 115 20 Macdouall,
251 2224 74 17 Matiito

113 2247 72 21 Butler,
203 2247 117 23 Wellington

214 2302 161 23 ROTORUA,

265 2354 58 20 THE

82 2389 425 85 Langham.

100 2488 48 23 (One
155 2488 89 17 minuto's
252 2488 49 17 walk
310 2488 49 17 from
367 2488 31 17 the
405 2488 72 17 Govern-

229 2513 53 15 ment
289 2511 76 23 Baths.)

198 2590 188 24 TORMSi

105 2629 45 22 35s
158 2635 46 23 per
223 2628 87 28 week;
329 2629 29 22 6s
373 2634 45 24 per
426 2628 59 30 day.

108 2668 60 22 Two
178 2668 89 22 weeks
277 2674 27 15 or
315 2667 97 28 longer,
430 2667 55 23 30s-

115 2735 28 31 C.
175 2734 135 32 HAWKER
338 2731 139 40 WILSON,

203 2780 187 21 PROPRIETOR.

104 3037 58 20 HAS
175 3037 113 20 OPENED
307 3036 49 20 HIS
371 3036 114 22 SALOON,

172 3087 75 22 DOOR
261 3088 33 20 TO
308 3086 43 22 MR
368 3087 144 21 SAMSON'S.

120 3193 88 20 StT'fisa
221 3192 82 21 Razors
315 3199 12 13 a
343 3193 122 20 Sveoial+y,

83 3259 239 50 KUSABS
356 3260 155 47 BROS

188 3331 217 33 MAMAKU

79 3381 75 41 SAW
169 3380 26 40 &
220 3378 152 42 PLANING
394 3376 117 43 MILLS.

82 3450 269 24 MOUNTHIN
375 3450 138 24 RI7WI\J,

239 3494 41 13 THE
292 3494 54 13 ONLY

82 3527 135 22 GENUINE
230 3527 59 19 DRY
304 3526 80 20 LAND
401 3525 113 20 TIMBER

186 3562 30 17 IN
227 3557 53 21 tHe
293 3561 114 17 market.

82 3608 129 44 Messrs
228 3608 99 17 kusabs
344 3606 71 18 bros.
429 3606 38 22 beg
484 3612 20 11 re-

158 3631 101 22 spectfully
264 3632 20 16 to
292 3631 70 17 inform
371 3630 31 17 the
414 3628 68 19 Public
495 3629 20 18 of

82 3657 78 14 Kotorua
169 3653 33 16 and
212 3653 72 21 vicinity
292 3653 39 16 that
339 3654 40 20 they
395 3654 43 14 have
453 3655 50 13 estab-

83 3677 54 15 lished
146 3681 10 10 a
165 3674 44 21 yard
217 3674 18 16 in
247 3674 124 19 Hinerooa-st.,
381 3675 33 15 and
429 3679 31 10 can
475 3679 39 10 now

82 3699 62 19 supply
153 3697 30 16 the
191 3696 51 16 finost
249 3695 43 16 clans
307 3695 18 16 of
338 3695 83 21 Building
433 3693 81 18 Material

82 3719 17 16 in
146 3718 75 16 Market.
237 3716 18 16 It
263 3716 14 15 is
283 3716 102 20 unequalled
394 3717 17 14 in
419 3716 95 20 durability

83 3740 34 16 and
125 3739 104 21 impervious
237 3740 18 13 to
264 3738 28 15 tho
301 3737 68 15 attacks
383 3737 18 15 of
415 3737 50 15 borer
480 3737 34 15 and

82 3761 31 20 dry
125 3764 32 13 rot.
181 3758 52 18 Their
241 3758 83 17 sawmills
332 3763 28 10 are
369 3758 47 15 fitted
426 3758 43 15 with
485 3758 29 15 the

84 3785 45 13 most
136 3781 70 17 modern
215 3780 97 21 appliances
322 3779 33 15 and
364 3780 29 14 the
400 3779 38 15 firm
451 3777 14 17 is
477 3778 36 16 able

83 3807 18 11 to
117 3803 62 21 supply
195 3807 34 15 any
244 3801 81 21 rpiantity
341 3801 18 15 of
374 3800 37 20 Dry
430 3799 84 21 Building

84 3824 80 16 Material
173 3829 22 10 on
203 3823 30 16 the
241 3823 74 16 shortest
322 3822 62 16 notice.

85 3866 139 29 Skirtings,
231 3861 178 30 Architraves,
415 3863 82 23 Mould-

120 3897 67 28 ings,
198 3896 53 23 and
259 3895 112 23 Dressed
380 3894 103 23 Timber

150 3926 27 23 of
186 3933 80 23 every
280 3925 165 29 description,

175 3957 108 29 Always
294 3963 33 15 on
336 3956 83 22 Hand.

110 3990 119 24 HENATJ
239 3990 107 23 HOUSE
358 3989 128 23 BLOCKS.

102 4039 49 16 Price
159 4038 48 15 Lists
214 4043 22 10 on
245 4037 104 21 application
358 4038 18 14 to

80 4067 226 35 KUSABS
341 4063 172 39 BROS.,

155 4108 118 19 MAMAKTJ
285 4113 26 12 Oil
323 4107 113 19 OHAUPO.

208 4137 26 17 Or
244 4138 20 16 at
271 4137 33 17 the
315 4137 68 20 Yards,

103 4165 125 19 HINEMOA
240 4164 101 22 STREET,
362 4163 127 19 ROTORUA.

607 193 11 13 ■
656 187 14 17 B
687 193 11 11 I
742 188 39 16 W
801 190 12 14 H
823 190 11 15 3
843 190 33 15 Ska
926 192 13 14 01

540 220 57 42 MT.
625 216 137 48 HOBSON
799 217 169 47 NURSERY,

562 273 173 32 EEMITERA,
754 272 188 29 AUCKLAND,

642 311 61 23 Etoxa
711 308 154 26 SeTAflfcisltfibi]

538 337 60 49 SU
606 336 17 22 1?
631 336 8 50 I
647 336 9 50 3
664 336 8 50 L
679 340 12 19 I
700 339 18 20 E
726 340 14 19 S
750 339 106 19 advanced
865 336 58 21 Fruit
930 337 39 20 and

597 365 132 20 Ornamental
743 364 68 20 Tress.

564 395 75 21 Native
650 397 71 19 Plants
733 396 39 19 aud
781 395 71 23 Fefnß)
867 391 104 28 prepared

536 423 32 19 for
580 423 86 25 sending
675 424 21 18 to
708 421 26 20 nil
745 424 55 23 parts
820 426 22 13 or
856 421 34 18 the
907 419 63 19 world

536 449 49 19 with
597 446 209 25 success—lncluding
816 447 36 18 the
858 446 111 19 handsome

537 476 76 25 species
623 476 21 18 of
653 470 124 24 Tree»Ferii3
787 473 21 18 of
816 473 58 18 these
881 469 87 25 Inlands,

538 502 40 18 aud
587 501 27 19 all
625 501 57 19 other
691 499 59 19 items
764 499 96 25 required
868 498 28 25 by
910 498 50 19 culti-

536 531 73 15 vating

563 554 86 18 Current
668 548 85 22 circular
773 550 114 20 forwarded
903 555 25 13 on

536 579 53 25 ceipt
599 579 21 18 of
630 577 89 20 addreoß.

567 630 49 45 C.
649 623 49 52 T.
736 624 201 58 WREN,

626 694 255 35 HEMICfEBA.

538 771 290 50 Ehrenfried
847 770 123 49 Bros

678 851 148 26 BREWERS,

615 882 111 24 ALBERT
741 882 150 28 BREWERY,

560 926 218 26 QUEEN'STKEET,
792 924 158 23 AUCKLAND

559 988 68 19 WINE
639 988 51 18 AND
702 987 81 19 SI'tRIT
792 986 155 21 MERCHANTS,

580 1016 123 17 BOTTLERS
714 1017 52 16 AND
782 1013 143 21 IMPORTERS,

623 1044 27 20 •13,
665 1046 131 14 ttUEEK-STItEEt
796 1044 2 20 1
814 1044 69 15 WHABi'.

630 1093 50 15 fniitK
692 1093 60 14 JiEbAt,
762 1094 36 12 aSD
809 1092 71 14 AWAitbs

536 1127 24 16 At
569 1125 29 18 the
612 1125 90 21 following
718 1123 114 18 Exhibitions
847 1124 27 15 for
881 1128 32 11 our
920 1122 39 17 Weli-

631 1146 62 18 kiiown
706 1146 46 16 Bulk
760 1146 34 15 alid
802 1145 70 16 Bottled

648 1171 48 19 ALE
707 1171 51 17 AND
769 1168 87 22 STOUT:

536 1204 70 20 Sydney
615 1200 125 19 Interhational
747 1198 109 21 Exhibition,
868 1199 46 17 18'"9.

537 1225 101 16 Melbourne
647 1221 127 18 Internatiohal
780 1220 109 20 Exbibititm,
898 1221 70 16 1850-51

536 1246 43 17 New
586 1244 74 18 Keulßiid
668 1243 99 19 Industrial
767 1243 109 19 Exhibition,
881 1242 77 21 Welling-

578 1270 36 14 ton,
625 1267 47 15 1860.

536 1287 44 18 New
599 1287 74 17 Zealand
688 1284 33 18 mid
736 1287 54 15 South
802 1286 42 15 Seas
860 1283 108 18 Exhibition.

578 1308 87 18 Dunedin.
677 1309 78 15 1889-90.

536 1331 21 16 In
567 1331 75 16 addition
652 1332 17 13 to
679 1329 54 16 above
741 1329 44 16 have
802 1328 44 16 been
860 1327 79 17 awarded
951 1331 18 12 ut

578 1351 105 16 Tasraaniati
715 1350 111 20 Exhibition,
853 1348 115 21 Luuuceston,

580 1374 79 15 1691-92.

621 1398 57 17 FIVE
690 1397 70 17 FIRST
778 1396 105 17 AWARDS

734 1440 33 13 I'OR

535 1467 71 16 BULK
619 1465 112 17 BOTTLED
743 1464 61 16 ALES
821 1464 53 16 AND
891 1463 79 16 STOUT

728 1500 48 19 Also,

622 1531 252 33 CHAMPIONSHIP

564 1576 63 26 Gold
642 1578 86 23 Medal
738 1578 28 23 of
777 1576 166 25 Australasia

641 1613 72 11 AGAINST
724 1612 99 12 ALLCOMERS
833 1612 33 12 VOR

535 1635 91 25 BULK
641 1635 69 23 AND
731 1635 145 23 BOTTLED
891 1634 64 23 ALE

628 1698 73 22 Having
709 1706 10 10 a
732 1700 56 21 Large
797 1700 52 16 Stock
858 1700 17 16 of

648 1728 49 19 ALE
709 1729 51 18 AND
773 1728 83 22 STOUT,

535 1763 69 16 Bottled
612 1759 16 19 in
637 1766 52 17 quart
699 1762 34 16 and
748 1762 39 20 pint
800 1761 68 19 bottle*,
884 1761 83 20 specialty

535 1784 67 17 brewed
611 1784 26 15 for
645 1784 29 15 tho
682 1788 75 11 summer
766 1783 54 18 trade*
832 1783 54 15 which
893 1787 28 10 are
929 1787 39 10 now

534 1806 105 19 thoroughly
647 1805 86 18 matured,
745 1809 31 11 can
792 1804 42 16 with
849 1809 49 14 every
912 1802 45 17 confi-

534 1828 52 15 dence
597 1826 106 16 recommend
719 1831 46 10 same
781 1828 17 13 to
813 1828 118 13 connuit*»Curn
947 1830 19 10 »s

534 1848 53 16 econd
595 1850 18 13 to
621 1853 44 10 none
673 1848 19 15 in
701 1847 29 16 the
738 1847 73 20 Colony.

594 1888 113 47 FOR
740 1886 163 47 SALE.

541 1987 25 28 X
602 2004 31 12 ers
635 2013 5 10 t
653 1998 40 18 and
703 1997 138 20 Government
851 1997 40 18 sise
903 1995 66 23 Posts,

534 2030 22 12 in
568 2030 40 19 any
619 2023 102 26 quantity,
733 2022 102 20 delivered
846 2025 20 16 to
876 2029 39 17 any
924 2025 47 22 part

534 2050 22 18 of
567 2050 35 19 tbe
612 2049 181 25 district.—Apply
807 2051 21 17 at
839 2049 33 19 the
884 2048 87 19 Auction

534 2076 56 19 Matt

721 2109 10 13 T
756 2109 21 13 TT
798 2107 16 15 'r
822 2110 6 7 4
835 2107 32 10 4%¥r

718 2116 20 12 •J.
757 2117 27 11 11.
800 2119 11 9 _L
816 2119 19 9 n.
840 2119 12 9 X

552 2209 46 33 H.
609 2206 58 36 W.
683 2206 271 38 MITCHELL,

633 2251 117 20 ®uti)<mscl>
760 2250 112 24 jeurbegor,

540 2338 73 45 W.
654 2335 56 48 ft.
758 2338 52 44 W
827 2341 16 16 A
858 2336 16 21 ''
886 2340 18 17 K
917 2338 47 19 E1:

591 2399 80 18 STOCK
684 2397 16 19 &
712 2397 199 23 SHAREBROKER,

535 2443 62 16 LAND,
610 2442 76 13 ESTATE
698 2442 42 13 AND
756 2443 123 13 COMMISSION
896 2442 73 17 AGENT,

535 2476 36 17 No.
582 2476 27 19 82,
620 2476 132 18 Queen-street
762 2474 80 24 (Arcade
856 2475 114 23 Buildings,)

570 2558 163 31 CLEARING
760 2558 63 31 OUT
854 2557 80 32 SALE

738 2594 33 18 OF

595 2624 143 26 WINTER
748 2626 159 23 DRAPERY

738 2662 32 17 AT

562 2692 151 20 HOWARD'S
736 2692 93 20 COMET
849 2692 94 20 HOUSE

588 2732 89 17 continue
683 2732 29 17 for
719 2733 9 16 3
735 2731 92 18 WEEKS
834 2731 71 24 longer.
921 2731 36 18 Fur-

536 2759 42 18 ther
587 2759 105 18 reductions
700 2759 20 17 in
728 2758 57 24 price.
811 2760 17 17 A
837 2759 26 18 lot
879 2760 19 17 of
912 2760 43 17 Rem-

535 2789 56 16 nants
600 2788 37 17 and
646 2788 73 17 Ladies'
732 2789 39 17 and
779 2788 105 18 Children's
889 2786 80 23 Ulsters,

536 2817 55 20 Hats,
602 2818 39 19 &C.,
651 2821 71 13 UNDER
734 2821 46 13 COST
792 2821 26 13 I'll
821 2822 37 12 ICE.

626 2863 248 44 NOTICE.

537 2996 199 33 FRANKTON
760 2998 209 31 JUNCTION

701 3036 115 35 HOTEL.

537 3150 205 48 PASSENGERS
757 3152 28 25 by
800 3152 54 19 train
869 3154 20 17 to
904 3151 65 20 Auck'

728 3178 55 19 land.

536 3273 71 20 Trains
629 3275 44 23 stop
694 3275 77 23 twenty
789 3273 88 20 minutas
896 3276 21 17 at
936 3274 35 19 tho

583 3298 105 20 Frankton
697 3299 98 19 Junction
805 3300 32 18 for
847 3299 77 20 dinner.

561 3325 44 19 Tho
628 3325 138 25 undersigned
794 3325 38 19 lias
862 3325 109 20 first-clnss

536 3347 65 23 Meals
613 3351 63 24 ready
686 3352 41 18 and
736 3351 73 19 served
818 3358 26 12 on
859 3352 74 20 arrival
950 3352 21 19 of

536 3377 27 19 all
574 3377 70 19 trains;

537 3425 217 47 William
767 3427 201 54 Geateh,

591 3496 320 25 PROPRIETOR.

538 3547 148 25 Hancock's
694 3546 98 23 XXXX
799 3546 62 23 Ales
870 3546 101 29 always

667 3581 33 15 on
710 3573 126 28 Draughts

538 3617 163 43 ROTORUA
724 3617 91 42 BOOT
837 3619 25 40 &
879 3617 91 41 SHOE

689 3664 126 41 DEPOT.

769 3848 111 44 !Rll

730 3952 3 9 •

537 3993 18 18 A
574 3992 66 25 Large
660 3994 60 20 Stock
742 3995 22 18 of
780 3994 94 23 German,
891 3993 78 19 French

605 4019 40 19 and
654 4019 92 21 Colonial
757 4020 63 19 Boots
830 4020 74 24 always

699 4047 21 18 in
737 4046 69 19 Stock.

536 4076 68 19 BEST
613 4076 152 21 MATERIAL.
801 4076 69 21 BEST
876 4076 93 19 WORK.

615 4107 158 21 AUCKLAND
783 4108 107 20 PRICES.

536 4156 162 25 Hand-sewn
710 4157 78 24 Boots
799 4165 15 17 a
829 4158 139 29 Specialty»

995 150 159 42 WANTED
1165 151 28 25 by
1213 150 80 28 Geotge
1313 150 33 22 W.
1365 152 58 24 Alty,

1091 177 66 22 Coach
1168 177 81 20 builder
1268 176 40 21 and
1328 178 97 22 Carnage

992 201 89 27 Painter,
1093 210 26 14 an
1129 202 115 27 intelligent
1263 202 64 27 youth
1343 210 22 13 as
1384 202 40 26 Ap-

1116 229 104 20 Premium
1230 230 101 25 required.

992 281 33 23 TO
1039 281 166 22 SPORTBMEIN
1226 282 60 20 AND
1308 280 116 22 OTHERS.

992 354 45 24 J\-
1063 363 22 17 in
1097 362 34 19 the
1141 359 143 21 Preservation
1294 361 21 19 of
1326 361 62 18 Uame
1404 360 21 18 in

992 390 40 18 this
1042 388 85 24 County,
1140 387 40 19 will
1197 387 47 19 take
1260 387 57 25 place
1333 388 21 16 at
1369 385 56 19 Lake

993 410 76 27 llouse,
1092 420 27 12 on
1136 413 85 20 FhiDat
1239 416 61 19 KeXt,
1320 410 35 21 the
1374 409 50 21 il.'Srd

992 441 54 23 in9t.,
1068 442 21 17 at
1107 440 11 18 8
1136 445 56 20 p.m.,
1210 441 32 17 for
1257 439 35 19 the
1310 442 85 22 purpose
1405 437 20 19 of

992 466 121 26 appointing
1122 472 12 13 a
1151 465 88 26 Ranger
1255 465 40 19 ami
1313 464 112 23 dismissing

992 493 80 19 various
1082 492 111 20 imuortant
1206 493 89 18 matters.

1112 514 7 4 *
1133 516 19 22 J,
1167 517 33 21 W.
1218 515 127 25 WEBBER,

1287 543 110 24 Secretary^

993 599 220 45 Rotorua
1230 595 195 55 Bakery

993 689 56 55 T.
1073 689 49 55 S.
1147 686 278 63 SAMSON,

1005 760 105 35 BAKER
1121 761 26 32 &
1157 754 256 38 CONFECTIONER,

1045 818 83 25 Bread
1142 817 133 25 delivered
1291 817 78 30 daily.

1047 870 165 24 GROCERIES,

1190 893 143 23 DRAPERY,

1186 928 44 14 AND

993 948 122 20 GENERAL
1122 946 207 21 STOREKEEPER'S
1335 946 90 18 GOODS,

878 4249 104 40 Ask
1010 4251 74 39 for
1111 4250 270 40 Hancock's
1410 4251 282 41 Celebrated
1716 4254 190 37 XXXX
1931 4251 116 43 Ales
2073 4257 96 38 and
2193 4253 139 43 Stout

2891 2656 52 17 ARE
2966 2657 56 17 YOU
3041 2657 143 17 AFFLICTED

3014 2680 48 18 with

2867 2702 151 21 DYSPEPSIA,

2891 2725 195 24 CONSTIPATION,

2914 2749 104 18 KIDNEY
3027 2751 139 17 TROUBLES.

2938 2773 146 21 BACKACHE,

2961 2797 103 17 ACHING
3071 2797 86 19 LIMBS,
3168 2803 20 12 or

2984 2820 81 18 LIVER
3089 2820 142 19 COMPLAINT

2820 2842 19 17 If
2848 2848 25 13 so,
2884 2842 39 18 safe
2931 2843 91 18 remedies
3031 2850 31 10 aro
3072 2845 66 16 within
3147 2850 47 16 your
3201 2850 29 12 rcai

2820 2866 19 15 lit
2848 2871 11 10 a
2867 2865 84 18 nominal
2959 2868 47 16 cost.
3032 2866 138 19 CLEMENTS
3178 2867 53 18 TO.NI

2820 2888 37 17 and
2872 2889 159 18 FLETCHER'S
3048 2891 74 18 PILLS
3135 2892 47 17 have
3198 2888 3 21 :

2820 2913 31 21 yet
2860 2913 58 16 failed
2926 2914 21 16 to
2956 2920 38 10 c—-
3010 2913 2 21 •

2820 2935 38 18 oral
2866 2935 86 23 debility,

2820 2959 76 21 general
2906 2960 112 22 complaints
3032 2961 21 16 of
3061 2960 32 18 the
3109 2961 92 23 digestive
3216 2967 17 10 nr.

2820 2987 79 13 nervous
2908 2984 80 21 systems
2996 2989 33 11 are
3044 2984 97 22 promptly
3158 2984 54 17 cured
3225 2983 5 17 1

2820 3005 52 17 these
2881 3005 76 18 reliable
2966 3007 96 17 remedies.
3095 3008 52 21 They
3164 3014 31 11 are
3211 3012 23 17 pre

2820 3028 57 22 pared
2886 3028 26 23 by
2920 3029 65 18 scicnti

2820 3052 70 22 merely
2904 3052 114 19 mechanical
3035 3054 92 17 mixtures
3143 3054 55 17 made

2820 3075 19 16 to
2893 3075 41 18 .v.ill
2954 3076 33 16 the
3120 3077 39 17 The
3178 3081 60 13 renowi.

2820 3097 137 19 CLEMENTS
2965 3098 78 19 TONTC
3052 3100 38 16 and
3098 3097 140 21 FLETCHEIf-

2820 3121 75 18 PILLS
2904 3122 47 17 have
2959 3128 42 11 won
3011 3123 20 16 in
3045 3123 118 18 Australasia
3176 3124 15 17 is
3200 3121 38 25 prooi

2820 3144 21 17 of
2849 3145 32 16 the
2890 3146 40 16 fact
2945 3146 43 16 that
3004 3146 46 22 they
3066 3146 57 17 stand
3138 3146 100 24 prefimincu!

2822 3167 29 18 for
2859 3168 50 17 their
2917 3168 67 22 special
3002 3169 67 17 classes
3078 3170 20 17 of
3114 3170 85 18 diseases.
3222 3168 12 19 5

2821 3191 89 17 remedies
2919 3198 42 10 ever
2970 3192 41 17 sold
3020 3198 47 17 gave
3078 3193 45 17 such
3132 3193 59 17 entire
3200 3192 33 18 satis-

2822 3213 69 19 faction
2900 3215 20 16 to
2929 3215 49 17 their
2991 3217 85 21 patrons,
3093 3215 38 18 and
3147 3216 82 18 evidence
3234 3223 5 7 ■•

2822 3237 127 23 fortheon.ing
2957 3239 49 16 from
3017 3244 56 17 every
3090 3240 43 22 city,
3150 3241 51 15 town
3217 3243 16 13 at

2821 3260 69 23 village
2898 3262 21 16 to
2927 3267 58 16 prove
2994 3262 49 17 their
3056 3262 75 18 virtues.
3156 3263 31 17 No
3196 3262 40 18 dou'j

2821 3289 34 11 can
2865 3290 43 11 now
2917 3285 48 17 exist
2974 3291 20 11 as
3003 3286 21 16 to
3032 3285 50 17 their
3090 3285 60 21 value,
3165 3286 36 17 but
3208 3290 28 18 pir

2821 3306 73 18 chasers
2904 3309 50 16 must
2962 3308 23 17 be
2992 3308 71 17 careful
3068 3309 20 16 to
3094 3310 34 21 get
3135 3309 33 17 the
3175 3308 58 24 genuii

2820 3330 75 17 articles
2911 3337 20 10 as
2948 3337 57 16 many
3028 3332 137 22 unscrupulous
3182 3330 54 19 trader

2820 3353 38 17 will
2867 3355 82 20 attempt
2957 3356 20 14 to
2985 3353 53 22 palm
3050 3354 28 17 off
3092 3357 12 15 li
3121 3355 99 17 Substitute

2820 3375 86 23 possible,
2917 3377 29 16 for
2954 3377 33 17 the
2995 3377 44 17 sake
3048 3378 20 17 of
3081 3379 54 16 extra
3145 3378 61 22 profit.

2844 3428 20 19 A
2874 3428 60 20 letter
2944 3430 52 19 from
3006 3430 33 19 Mr
3059 3431 20 19 J.
3098 3431 112 20 McKenzie
3228 3429 11 20 i«

2821 3455 101 19 reference
2933 3457 20 17 to
2963 3456 36 19 ihe
3007 3457 44 19 raid
3071 3464 55 19 upon
3145 3458 33 18 his
3194 3456 45 20 catik

2820 3480 100 26 supposed
2939 3484 20 17 to
2979 3482 25 19 be
3022 3484 129 24 perpetrated
3171 3483 28 26 by
3218 3483 21 19 tin

2820 3506 77 19 natives
2909 3508 95 25 recently,
3017 3509 41 19 and
3067 3510 33 18 for
3109 3509 65 20 which
3182 3505 24 24 lie
3215 3514 24 15 can

2820 3532 68 19 obtain
2898 3539 26 12 no
2934 3534 79 19 redress
3025 3535 40 19 will
3086 3542 75 19 appear
3178 3536 22 19 in
3217 3534 22 20 oiii

2820 3560 47 16 next
2877 3558 61 19 issue.

2866 3589 25 17 IT
2900 3590 24 17 IS
2935 3591 113 18 BOTANIC
3062 3593 54 17 AND
3131 3594 75 17 PURE.

2842 3637 77 18 "Wolfe's
2926 3638 99 23 Schnapps
3034 3639 115 25 healthfully
3159 3642 75 18 stimulal

2819 3661 81 17 without
2905 3662 89 22 exciting,
3002 3662 37 18 and
3046 3666 52 15 exert
3104 3671 9 10 a
3123 3665 113 23 regulatings

2819 3683 41 17 well
2866 3690 20 11 as
2893 3690 11 11 a
2911 3685 50 17 tonic
2967 3685 98 19 influence'.
3077 3687 60 18 Avoid
3144 3689 92 16 imitation!

2841 3712 17 17 A
2867 3712 80 23 lengthy
2956 3714 38 17 and
3002 3714 114 25 interesting
3128 3716 107 19 communis

2819 3734 38 17 tion
2879 3736 50 17 from
2951 3737 123 18 '-Sentinel"
3096 3740 102 22 regarding
3220 3739 16 17 til

2819 3758 83 23 opening
2917 3765 26 16 up
2960 3760 20 17 of
2996 3761 33 17 the
3144 3763 50 17 dealt
3208 3762 25 22 wjt

2819 3781 18 16 in
2853 3787 12 11 a
2881 3781 68 23 highly
2966 3784 90 21 practical
3071 3789 84 17 manner;
3166 3790 51 14 came
3230 3789 5 12 t

2819 3803 50 18 hand
2877 3806 20 15 at
2906 3807 32 15 too
2947 3805 37 18 late
2994 3813 24 11 an
3027 3808 49 16 hour
3090 3811 19 15 to
3123 3809 61 17 admit
3196 3810 19 17 of
3227 3814 9 10 >■

2819 3826 88 19 insertion
2916 3828 20 17 in
2945 3830 38 17 this
2992 3830 54 18 issue.

2841 3856 39 17 The
2900 3857 88 19 Waikato
3010 3860 61 16 Times
3088 3861 57 17 states
3168 3861 39 17 that
3227 3865 7 11 n

2819 3879 119 24 satisfactory
2947 3882 109 18 conclusion
3069 3883 34 17 lias
3116 3885 32 20 yet
3162 3884 46 17 been
3222 3889 11 12 ill

2819 3902 50 17 rived
2878 3904 20 16 at
2907 3903 25 22 by
2941 3904 32 18 the
2982 3908 76 19 experts
3065 3906 20 17 in
3091 3908 109 17 connection
3207 3906 25 19 wit

2819 3925 31 17 the
2856 3926 72 18 sudden
2935 3929 98 22 mortality
3041 3930 89 25 amongst
3135 3930 31 16 Mr
3172 3927 64 21 Kusali'

2819 3949 55 17 cattle
2884 3950 20 17 at
2913 3950 86 24 Ohaupo.
3025 3952 31 17 Mr
3065 3952 82 18 Graham
3156 3955 21 15 of
3183 3952 53 25 [Wood

2818 3971 44 19 side,
2876 3972 92 23 however,
2987 3975 52 22 gives
3057 3975 15 17 it
3088 3982 19 11 as
3125 3976 27 17 his
3170 3976 64 24 opinioi

2819 3995 71 17 formed
2897 3996 50 18 after
2952 3997 101 21 observing
3059 3998 43 17 how
3109 3999 28 17 his
3143 3997 56 26 sheep
3206 4004 28 13 wo

2819 4018 85 20 affected,
2914 4020 42 17 that
2971 4020 33 18 the
3018 4021 98 23 mortality
3133 4023 56 17 arises
3205 4024 29 16 froi

2819 4041 30 17 the
2856 4043 58 17 cattle
2921 4043 59 22 being
2988 4043 80 18 allowed
3077 4046 20 15 to
3103 4040 42 23 iced
3152 4051 23 12 on
3182 4047 47 16 frost'

2819 4065 80 22 turnips,-

2907 4129 135 16 SAJJS.—The
3051 4130 38 16 two
3102 4129 90 26 Sections,
3207 4137 13 12 w

2882 4148 152 24 improvements,
3043 4149 85 26 opposfta
3137 4151 45 20 t'ost
3189 4153 31 19 Oil:

2820 4170 178 24 Rotorua.—Apply
3007 4173 29 18 Wj
3047 4174 88 20 Sbdbcw*
