3290 4350
20 156 272 81 FRUIT
347 156 163 81 AND

20 237 490 80 FLOWERS

20 317 42 745 I
208 335 81 16 WATER
304 333 91 17 PLANTS.
515 317 1 745 !

91 379 89 15 Varieties
192 380 61 12 Suited
265 380 19 13 to
296 378 74 14 Growth
381 378 23 13 In
414 378 48 13 Tnos
473 377 36 15 and
515 377 1 17 •

270 401 58 13 Pools.
515 401 1 21 j

111 423 26 18 Of
143 424 65 17 recent
215 428 55 17 years
281 422 92 19 attention
385 421 35 18 has
425 422 49 17 been
481 427 28 12 ro-
515 421 1 27 j

90 448 88 22 peatedly
185 448 61 17 called
253 448 21 17 to
281 448 33 16 tho
320 446 37 17 odd
368 446 38 17 and
413 446 95 17 beautiful

90 473 60 17 water
157 472 64 22 plants
228 472 70 17 offered
305 472 26 20 by
338 470 76 18 florists.

90 496 50 18 one's
147 496 84 22 grounds
239 495 75 19 include
326 500 12 12 a
350 495 71 17 stream
428 500 22 12 or
457 494 51 23 pond

90 521 52 17 these
149 522 60 16 water
217 521 61 20 plants
293 524 31 12 are
339 524 25 12 an
375 519 88 17 effective
470 519 29 17 fea-

90 545 48 21 ture,
148 545 67 19 which,
225 549 45 12 once
283 543 119 21 introduced,
414 543 16 17 is
444 543 63 21 rarely

90 574 44 13 ever
148 569 86 21 dropped.
265 568 97 20 Formerly
376 568 54 17 these
444 568 63 20 plants

90 599 50 12 were
147 594 21 16 of
174 598 42 12 rare
230 597 111 12 occurrence
356 597 25 12 on
395 592 84 21 grounds
487 592 20 16 of

89 618 74 17 limited
171 617 68 20 extent,
247 616 63 21 owing
323 617 21 15 to
357 616 32 16 tho
401 616 43 17 lack
451 616 21 16 of
479 616 19 16 fa-

90 642 67 18 cilities
164 641 30 17 for
207 640 85 21 growing
306 641 53 16 them
374 640 38 17 and
427 640 39 16 also
474 640 32 16 the

89 665 46 22 high
145 666 39 16 cost
199 665 20 16 of
232 664 32 17 tho
279 664 69 21 plants.
372 664 87 21 Latterly
474 664 32 17 tho

89 689 79 18 demand
182 689 33 16 has
230 689 46 16 been
292 689 53 20 such,
357 689 94 19 however,
463 688 43 17 that

89 714 67 17 florists
174 717 31 12 are
223 713 100 20 providing
341 712 87 17 varieties
448 712 57 21 easily

88 737 53 18 cared
148 736 30 17 for
185 736 38 17 and
230 737 21 17 at
259 737 61 21 prices
328 736 69 18 within
407 736 34 18 the
449 736 56 17 reach

87 762 20 16 of
112 762 31 16 tho
150 765 78 16 averago
235 761 97 21 gardener.

107 785 38 17 Tho
155 784 107 22 Nymphrca
274 785 149 19 Zanzibarensis,
432 790 22 12 or
460 785 45 17 bluo

86 809 36 18 and
129 808 33 17 red
169 808 81 18 African
256 810 59 16 water
323 809 55 21 lilies,
386 815 53 15 grow
443 809 52 21 rapid-

85 832 20 22 ly
112 832 37 17 and
157 832 45 17 bear
209 838 12 11 a
228 834 100 21 profusion
335 834 20 16 of
364 833 75 18 flowers
446 838 47 13 meas-

84 856 56 21 uring
145 856 2 21 '
155 857 59 17 about
225 862 35 12 one
275 858 41 17 foot
329 863 68 12 across.
420 858 45 16 This
473 863 21 12 va-

84 881 49 21 riety
146 881 74 17 blooms
234 882 61 21 freely
310 882 26 17 all
355 887 84 12 summer
454 881 49 18 from

84 905 59 17 either
158 905 43 17 seed
216 910 21 12 or
251 906 71 17 tubers.
347 907 38 16 Tho
397 907 63 21 larger
471 906 32 17 tho

83 929 68 22 supply
159 929 20 17 of
186 931 61 16 water
252 930 33 17 the
300 931 63 21 larger
377 931 34 16 tho
423 930 78 21 flowers,

82 952 36 18 but
125 953 37 17 fine
169 954 66 17 effects
244 959 43 17 may
295 955 24 16 bo
333 955 69 21 gained
414 955 26 21 by
448 955 46 16 start-

82 976 33 22 ing
120 977 34 17 tho
160 978 66 17 tubers
234 979 20 16 in
261 984 13 12 a
281 979 42 17 dish
334 979 21 17 of
366 979 47 17 mud
420 978 38 18 and
465 983 25 13 wa-

82 1001 29 17 ter
122 1001 38 17 and
171 1001 49 18 later
228 1002 141 22 transplanting
383 1004 20 16 to
416 1008 25 12 an
454 1002 38 17 ordi-

81 1030 48 16 nary
136 1025 51 18 sized
194 1027 41 17 tub.
510 1023 1 29 j

20 1416 233 699 lAFIUCAN
259 1416 70 15 WATER
336 1418 66 13 LILIES.

96 1441 39 18 The
148 1442 75 17 ancient
238 1442 95 23 Egyptian
346 1444 56 20 lotus,
416 1444 70 21 planted

75 1465 20 19 In
102 1465 41 18 rich
150 1465 46 17 mud
204 1466 48 18 with
263 1471 36 13 one
307 1473 21 12 or
335 1468 39 17 two
381 1468 40 17 feet
428 1468 21 17 of
456 1474 20 12 wa-

75 1490 34 21 ter,
118 1489 72 19 flowers
202 1490 32 18 tho
247 1491 42 17 first
302 1496 71 14 season.
397 1492 66 18 Either
473 1493 13 17 ii

75 1514 58 22 ponds
141 1519 20 13 or
169 1514 44 18 tubs
221 1514 38 18 this
263 1515 54 21 plant
325 1515 16 19 is
348 1516 21 17 in
374 1517 63 17 bloom
442 1517 44 18 from

75 1537 45 23 July
128 1539 19 17 to
155 1538 85 19 October.

84 1561 3 25 ;
96 1562 38 19 The
148 1564 59 17 water
222 1569 62 16 rormy
297 1565 16 17 is
329 1569 25 16 an
366 1565 59 20 easily
437 1565 41 21 culti-

72 1593 55 20 vated
134 1592 53 24 plant
195 1593 37 18 arid
240 1598 44 18 may
290 1594 24 18 bo
321 1598 67 18 grown
393 1597 20 16 in
421 1599 12 13 a
441 1598 36 14 snai-

71 1617 37 20 low
115 1617 35 18 tub
158 1622 20 13 or
185 1622 43 18 pan.
241 1618 18 18 It
267 1618 33 18 has
308 1618 62 22 small,
377 1618 43 19 oval
426 1619 60 18 leaves

71 1641 38 21 and
122 1641 56 22 large,
194 1642 66 23 showy
275 1642 73 19 flowers
363 1643 20 18 of
398 1648 11 13 a
425 1643 61 23 bright

71 1665 62 20 lemon
141 1666 54 22 color,
205 1666 88 23 standing
307 1672 11 13 a
332 1667 37 18 few
377 1667 64 20 inches
455 1668 31 18 out

70 1690 21 20 Of
98 1691 31 18 the
134 1692 58 17 water
197 1691 37 18 and
241 1691 93 22 produces
339 1691 60 24 freely
404 1692 26 19 all
438 1697 48 14 sum-

91 1739 39 19 The
137 1741 58 17 water
202 1740 91 22 hyacinth
300 1741 17 18 is
324 1746 12 13 a
343 1741 77 18 curious
433 1741 53 23 plant

71 1764 62 19 which
140 1764 53 18 floats
207 1765 20 17 in
242 1765 32 18 the
282 1766 59 17 water
357 1766 25 22 by
395 1771 65 13 means
467 1766 19 18 of

71 1787 25 20 its
104 1788 93 23 curiously
204 1789 81 18 inflated
296 1790 39 17 leaf
350 1790 65 22 stalks,
424 1791 62 18 which

70 1813 90 19 resemble
168 1813 86 19 bladders
258 1819 22 13 or
287 1814 86 19 balloons
380 1815 52 18 filled
439 1816 47 17 with

70 1837 35 20 air.
117 1838 18 17 A
139 1837 51 22 large
194 1843 50 13 mass
249 1840 20 16 of
277 1839 86 22 feathery
368 1841 52 16 roots
425 1845 61 16 grows

70 1861 114 22 downward,
193 1863 48 17 their
255 1863 45 18 ends
307 1864 87 22 entering
405 1865 32 17 tho
445 1865 39 17 soil.

70 1885 19 20 It
96 1886 59 18 forms
162 1891 12 12 a
181 1888 68 17 rosotte
257 1888 20 17 of
287 1888 27 17 its
320 1888 82 21 curious,
411 1889 75 21 shining

70 1914 58 18 green
143 1911 60 18 leaves
218 1912 38 17 and
270 1912 71 18 throws
357 1918 26 16 up
398 1913 61 21 spikes
467 1913 19 18 of

70 1934 74 19 flowors
159 1936 111 22 resembling
285 1936 20 17 in
320 1937 50 17 form
384 1942 12 12 a,
408 1937 52 22 spiko
467 1938 19 17 of

68 1959 93 22 hyacinth
173 1959 68 19 bloom.
265 1960 47 18 This
319 1967 36 11 can
362 1962 23 16 bo
394 1967 66 16 grown
467 1962 19 17 in

68 1982 90 25 the-ppen
166 1983 28 18 air
206 1984 21 17 in
234 1989 83 13 summer
329 1985 37 17 and
374 1986 20 17 in
402 1986 32 17 the
441 1986 34 18 win-

68 2002 46 24 dow
119 2013 22 12 in
148 2008 67 17 winter
230 2009 20 17 in
263 2009 94 22 anything
371 2010 64 18 which
448 2010 38 17 will

67 2028 47 21 told
120 2032 67 18 water.
211 2032 38 18 Tho
260 2035 50 16 most
324 2034 95 17 beautiful
432 2034 54 18 effect

68 2052 17 21 is
99 2056 96 22 produced
210 2058 25 21 by
246 2058 56 21 using
313 2063 11 12 a
335 2058 51 22 glass
401 2059 59 17 vessel
468 2059 18 16 of

67 2085 52 13 Borne
127 2081 46 20 sort,
181 2080 47 19 with
236 2082 57 18 shells
301 2082 38 18 and
347 2082 58 18 white
413 2083 47 17 sand
467 2088 19 12 so

67 2105 93 21 arranged
175 2105 20 17 in
208 2105 33 18 tho
248 2106 74 18 bottom
330 2112 20 12 as
365 2108 19 16 to
392 2107 76 17 conceal
475 2113 11 11 a

66 2126 57 22 jranall
131 2130 79 16 amount
218 2129 20 18 of
248 2130 40 18 soil.

88 2152 154 19 Other'varioties
253 2160 66 16 grown
331 2155 48 17 with
389 2160 96 17 compara-

20 2180 29 365 I~
68 2176 37 29 lisy
110 2183 42 14 paao
159 2181 33 14 are
198 2178 33 17 tho
239 2178 57 17 white
303 2179 51 20 pond
362 2179 34 20 iily
404 2179 38 17 and
450 2178 32 18 tho

67 2200 67 23 golden
141 2201 60 18 water
209 2200 39 23 lily.

134 2250 105 20 improving
245 2253 112 17 Strawberry
364 2254 53 14 Beds.

89 2271 56 27 Many
150 2272 87 21 varieties
242 2275 21 18 of
269 2277 130 17 strawberries
406 2281 33 13 aro
445 2276 38 18 like

69 2296 20 21 to
96 2298 73 19 become
176 2300 31 17 too
218 2300 87 17 crowded
319 2300 21 17 in
352 2301 34 17 tho
393 2306 50 13 rows
451 2301 32 18 tho

70 2322 66 19 second
153 2328 64 13 season
235 2324 37 17 and
287 2326 136 21 consequently
441 2325 42 22 givo

69 2347 45 22 Only
117 2347 59 22 small,
181 2348 77 18 inferior
262 2349 75 18 berries.
350 2350 19 17 A
373 2350 76 21 remedy
453 2350 31 17 for

69 2371 44 21 this,
121 2372 97 22 according
225 2374 19 16 to
257 2378 11 12 a
279 2373 62 18 Rural
353 2374 49 18 New
409 2374 74 18 Yorker

69 2396 147 22 correspondent,
225 2397 17 17 is
248 2398 48 17 with
303 2403 12 12 a
322 2399 58 21 sharp
391 2399 41 17 hoe.
456 2399 27 17 As

68 2424 47 13 Boon
121 2425 21 13 as
149 2421 31 16 tho
193 2421 40 18 first
247 2427 44 17 crop
305 2423 17 16 is
333 2423 33 21 off,
374 2425 35 15 cut
416 2428 12 12 a
435 2423 48 22 strip

68 2443 58 20 about
141 2445 10 16 9
164 2444 62 19 inches
239 2446 48 17 wido
299 2447 34 16 out
345 2447 20 17 of
379 2447 33 18 tho
420 2448 63 17 center

68 2468 23 18 Of
97 2468 45 18 each
152 2474 43 13 row.
218 2470 43 17 This
271 2471 51 21 gives
329 2477 23 12 us
361 2472 38 17 two
407 2477 75 12 narrow

68 2493 51 17 tows
125 2492 71 18 instead
204 2494 19 16 of
231 2500 34 12 one
270 2495 48 18 wide
326 2501 40 13 one.
384 2496 53 22 Keep
444 2496 38 18 this

69 2521 76 13 narrow
152 2517 45 23 strip
211 2518 49 18 clear
274 2519 20 18 of
308 2525 82 13 runners
404 2521 38 17 like
450 2521 32 17 tho

43 2545 15 13 ■
69 2541 57 21 Walk,
134 2541 37 17 and
183 2547 35 16 you
226 2543 39 17 will
279 2544 22 17 bo
314 2545 96 21 surprised
422 2546 20 16 at
450 2545 32 17 the

69 2565 42 18 nice
118 2565 28 18 lot
153 2566 20 17 of
185 2566 67 18 berries
260 2573 23 12 on
291 2569 31 17 tho
329 2569 61 18 insido
399 2569 55 21 edges
462 2570 20 17 of

68 2586 54 21 these
128 2595 49 13 rows
183 2591 32 17 the
222 2593 44 16 next
272 2597 71 14 season.
358 2594 59 17 These
425 2594 57 22 strips

52 2609 6 21 I
69 2611 57 24 being
132 2619 46 16 very
184 2620 79 17 narrow,
271 2618 20 16 of
298 2623 65 12 course
374 2623 26 12 no
408 2619 74 21 pickers

68 2641 37 15 are,
108 2638 79 18 allowed
201 2640 19 16 to
227 2641 50 17 walk
291 2642 19 16 in
324 2642 58 21 them,
392 2643 38 17 and
437 2643 45 17 thus

68 2660 102 21 fco'berries
178 2663 39 18 will
224 2664 23 17 bo
254 2665 75 23 stepped
336 2672 30 12 on.

20 2700 42 225 I
160 2715 86 18 layering
252 2717 30 13 tho
289 2717 101 15 Carnation.

89 2733 70 25 Young
166 2736 62 23 plants
235 2743 31 13 arc
273 2740 91 22 perfectly
371 2741 66 22 hardy,
446 2742 35 17 but

67 2759 57 21 Wtien
131 2761 31 17 old
169 2762 44 21 they
221 2768 30 12 are
259 2764 74 21 injured
340 2765 21 16 in
368 2765 32 17 tho
406 2766 73 17 winter.

67 2783 52 22 Tick
122 2787 125 17 recommends
255 2789 100 21 procuring
361 2795 11 11 a
376 2791 103 17 succession

67 2809 22 18 Of
103 2815 64 16 young
182 2811 61 20 plants
257 2812 58 18 either
329 2814 50 16 from
394 2814 52 18 seeds
461 2820 20 12 or

68 2834 51 17 from
124 2834 62 21 layers
191 2840 53 17 every
250 2841 48 16 year.
315 2837 93 23 Layering
414 2839 67 17 should

67 2856 25 19 be
105 2858 48 17 dono
166 2858 20 17 in
201 2860 125 19 midsummer.
350 2856 71 28 Simply
430 2865 32 16 cut
470 2869 11 12 a

67 2882 34 18 elit
108 2882 19 18 in
135 2888 12 12 a
154 2888 63 17 young
225 2884 52 18 shoot
284 2886 19 16 to
312 2886 83 18 obstruct
401 2888 32 17 the
437 2888 43 17 flow

67 2907 22 17 of
103 2912 33 16 sap
144 2907 37 17 and
192 2908 45 17 then
244 2914 73 13 remove
325 2911 31 17 tho
364 2912 53 17 earth
425 2917 11 12 a
443 2912 37 18 fow

66 2926 65 22 inches
147 2931 19 17 in
181 2932 58 21 depth
256 2934 37 16 and
310 2940 51 15 press
380 2936 54 17 down
449 2937 32 17 tho

37 2951 19 21 ■
66 2952 74 23 branch
152 2961 20 12 so
188 2956 40 18 that
243 2957 32 18 tho
287 2958 32 17 slit
331 2959 39 17 will
383 2965 48 17 open
444 2962 37 16 and

20 2983 37 300 I-
58 2980 5 303 :
66 2983 57 14 cover
129 2980 18 17 it
154 2980 47 17 with
207 2981 40 18 soil.
278 2982 58 18 Boots
344 2984 39 17 wiil
392 2985 48 21 push
447 2987 34 16 out

65 3002 64 20 where
135 3002 32 19 tho
174 3005 33 17 cut
213 3010 38 13 was
259 3007 61 21 made,
326 3008 36 17 and
371 3009 43 17 thus
422 3015 11 11 a
440 3015 41 12 new

66 3027 55 24 plant
128 3027 40 19 will
176 3029 23 17 bo
206 3030 77 18 formed.

187 3077 45 18 iioso
240 3081 120 18 Caterpillars.

87 3101 39 18 The
133 3107 69 14 worms
214 3103 42 18 that
270 3107 32 15 cut
317 3111 40 12 rose
372 3107 61 18 leaves
444 3108 37 18 and

66 3125 44 20 ruin
117 3126 32 18 tho
160 3131 119 18 appearance,
282 3130 20 17 of
309 3130 32 18 tho
347 3131 69 21 foliage
423 3132 49 18 there-

65 3149 27 23 by
109 3156 45 16 may
167 3150 23 18 be
205 3152 103 23 destroyed,
324 3160 43 16 says
385 3156 53 21 Vick,
456 3157 25 21 by

65 3175 90 22 crushing
162 3175 51 18 them
226 3176 84 20 between
323 3179 31 17 tho
369 3180 68 18 thumb
444 3181 37 18 and

64 3203 66 17 pnger,
139 3204 22 12 or
167 3200 45 22 they
218 3206 35 12 can
261 3202 22 17 bo
289 3201 21 19 in
318 3208 11 12 a
336 3206 54 19 great
397 3210 84 13 measure

65 3222 99 24 destroyed
177 3225 27 21 by.
214 3224 90 24 dredging
317 3228 33 18 tho
361 3229 62 18 leaves
434 3230 48 18 with

65 3247 61 18 white
132 3248 94 18 hellebore
234 3255 20 12 or
261 3251 73 23 15'r.xing
346 3253 15 17 it
369 3253 47 17 with
423 3256 59 16 water

117 3272 104 23 Sprinkling
236 3274 15 17 it
263 3280 30 16 on,
307 3281 21 12 or
342 3282 12 11 a
368 3277 81 18 solution
462 3280 20 16 of

33 3293 94 24 ■tAale
138 3297 26 17 oil
179 3302 44 17 soap
234 3298 40 18 will
286 3299 22 17 be
326 3300 68 18 almost
408 3307 42 12 sure
461 3303 21 17 to

32 3317 65 23 Rnd
106 3320 31 18 the
145 3321 62 21 plants
217 3323 20 16 of
245 3323 56 17 them.
326 3324 94 19 Kerosene
425 3327 45 17 emul-

65 3343 42 20 eion
114 3345 16 17 is
137 3345 39 18 also
184 3346 93 19 effectual.

176 3397 62 14 Points
245 3398 61 15 About
312 3399 58 15 Fruit.

54 3413 14 30 I'
87 3418 63 19 Melon
158 3418 52 19 vines
218 3423 51 16 must
276 3422 24 17 bo
303 3423 44 17 well
354 3424 87 18 watched
444 3424 37 19 and

38 3439 23 26 M
65 3443 96 24 protected
175 3444 49 17 from
239 3445 52 22 bugs.
315 3446 80 24 Netting
407 3454 21 12 or
435 3450 46 17 wire

35 3467 4 30 ;
40 3467 21 30 .|j
65 3470 73 14 Screens
147 3473 31 12 are
185 3469 95 21 preferred
291 3470 24 21 by
323 3476 51 13 some
381 3473 100 20 gardeners

57 3491 3 23 '.
65 3491 22 17 to
94 3497 37 15 any
139 3492 113 21 application
260 3495 20 16 of
286 3495 122 19 insecticides.

57 3512 5 25 I
86 3520 40 18 Use
129 3521 95 18 bordeaux
228 3523 82 18 mixture
317 3524 31 18 for
354 3525 61 22 blight
423 3532 24 12 on
453 3528 28 17 to-

40 3568 26 28 B
89 3574 91 22 Spraying
185 3576 31 16 tho
222 3577 47 17 fruit
275 3578 47 18 trees
327 3580 47 16 with
378 3580 92 19 bordeaux-

40 3597 3 30 ;
53 3597 64 27 Qjparis
131 3603 56 17 green
201 3600 81 18 mixture
296 3603 15 16 is
324 3604 32 16 the
367 3606 76 21 remedy
450 3606 31 18 for

39 3644 28 25 H
88 3651 39 17 The
142 3653 101 22 cranberry
254 3655 58 18 forms
328 3662 10 12 a
353 3660 127 19 symmetrical

32 3675 85 34 Mettle
132 3677 38 16 tree
185 3677 59 18 under
258 3679 78 22 culture,
346 3683 37 15 and
397 3684 47 16 with
455 3684 26 17 its

37 3698 5 18 I
60 3698 71 32 fright
143 3700 33 17 red
188 3702 46 16 fruit
246 3703 15 16 is
270 3709 11 11 a
287 3704 90 23 pleasing-
382 3709 99 16 ornament

65 3722 27 20 Sm
100 3724 32 16 tho
139 3724 51 16 lawn
199 3730 19 12 or
225 3726 18 16 in
253 3728 29 16 the
291 3728 107 24 shrubbery.

21 3753 139 24 MjPartip'i
168 3754 55 17 shade
234 3758 17 15 !is
259 3757 30 17 tho
301 3758 40 17 hest
349 3761 94 17 condition
450 3762 30 18 for

66 3778 114 22 preventing
194 3779 74 17 mildew
279 3787 23 10 on
317 3783 31 16 the
362 3785 116 23 gooseberry,

46 3801 90 24 >jWhieh-
143 3802 17 16 .'s
167 3802 32 16 tho
212 3805 79 19 greatest
305 3811 64 18 enemy
378 3810 19 15 to
408 3809 25 17 its
441 3815 30 12 suc-

39 3826 97 18 .:aCessful
143 3825 116 19 cultivation.

55 3846 17 26 I
87 3855 40 17 The
135 3856 98 21 dewberry
240 3857 16 17 is
263 3860 33 15 not
307 3862 55 16 much
369 3863 109 22 cultivated,

36 3879 3 28 ;
48 3879 55 19 .itbnt
117 3880 16 17 it
147 3880 38 17 fills
200 3881 32 16 tho
247 3886 62 14 season
324 3885 61 22 nicely
395 3887 84 18 between

34 3904 162 31 strawberries
211 3905 37 16 and
263 3907 117 23 raspberries,
395 3912 37 16 and
448 3912 31 18 tho

33 3935 9 14 ,;
48 3928 72 25 ??piodo
127 3929 20 16 of
155 3929 75 17 culture
236 3929 16 17 is
259 3932 100 18 somewhat
367 3933 36 19 like
410 3935 43 18 that
459 3937 21 17 of

107 3953 119 22 strawberry.

20 3979 47 29 ,'ljjg
86 3983 40 17 The
133 3984 54 21 plum
194 3984 86 17 curculio
290 3987 51 16 must
352 3987 22 17 be
381 3987 67 20 baffled
454 3991 25 21 by

33 4007 105 22 gggarring
145 4013 22 12 or
174 4008 82 21 repelled
263 4008 26 22 by
298 4010 104 23 smudging.

536 143 19 18 A
569 141 110 20 LETTER
687 140 82 20 FROM
778 141 188 20 COOLGARDIE

553 203 42 18 The
602 202 104 24 following
713 202 123 25 interesting
844 203 123 25 paragraphs

531 235 33 12 are
574 228 64 19 culled
649 228 52 19 from
712 235 12 12 a
739 228 78 25 private
836 228 62 20 letter
916 230 38 24 pub-

531 255 62 18 lished
604 255 21 18 in
636 254 34 19 the
679 254 96 19 Dunstan
786 256 66 17 Times
862 254 4 20 :

663 280 35 19 life
708 280 18 19 is
745 286 46 18 very
811 287 71 17 scarce,
898 287 12 13 a
926 282 39 19 few

531 306 62 24 birds,
604 313 62 16 emus,
678 306 79 23 snakes,
769 306 41 19 and
821 306 73 20 iizards
905 308 60 24 being

528 333 62 19 about
600 332 35 19 the
652 332 48 24 only
719 332 39 19 live
776 334 102 18 creatures
898 335 21 17 to
939 334 26 19 be

519 358 2 26 t
529 365 52 13 seen.
623 358 43 19 The
694 360 40 17 two
757 358 76 19 former
856 365 33 12 are
915 366 49 18 very

519 384 2 30 j
528 385 118 25 dangerous,
672 384 39 19 and
735 384 18 19 It
768 384 16 19 is
799 384 72 19 almost
885 386 77 19 certain

528 412 58 19 death
594 412 22 17 to
632 411 24 18 be
667 410 65 19 bitter,
756 410 27 25 by
804 417 38 12 one
860 410 22 19 of
901 411 54 20 them

527 438 54 25 They
590 443 33 13 are
632 443 47 18 very
689 436 50 19 fond
755 436 22 19 of
790 443 12 11 a
817 437 51 24 good
879 437 83 21 blanket

527 471 21 12 or
568 469 97 20 opposum
681 469 43 18 rug,
750 463 38 18 and
815 469 11 12 a
842 469 44 13 ruan
908 468 54 15 must

527 491 73 24 always
619 490 25 18 be
658 485 77 23 careful
756 491 20 16 to
793 489 47 19 look
863 496 47 13 over
929 490 30 20 his

526 516 125 20 bed-clothes
666 518 21 16 at
697 514 60 25 night
772 515 69 19 before
862 515 24 20 he
901 519 59 17 turns

527 543 26 18 in.
581 542 41 19 The
646 541 85 24 iguanas
756 540 42 25 (big
814 541 82 26 lizards)
919 544 40 18 will

527 569 45 22 bite,
585 569 36 18 but
631 567 46 24 they
688 574 34 12 are
741 569 37 17 not
792 574 109 14 venomous
918 569 41 19 like

525 595 77 22 snakes,
615 594 39 19 and
669 600 34 12 are
713 593 51 24 good
775 595 21 17 to
805 596 39 21 eat,
854 593 34 21 the
907 595 49 19 flesh

519 619 1 28 i
525 621 60 24 being
595 620 60 19 white
666 619 56 19 when
733 619 74 19 cooked
820 621 39 18 and
879 621 76 26 tasting

525 647 112 24 something
645 645 39 19 like
694 646 45 18 fish.
768 645 42 19 The
823 648 75 23 biggest
908 654 49 13 ones

525 674 11 18 1
546 673 49 19 have
605 679 47 13 seen
670 678 33 13 are
713 671 91 20 between
824 673 32 19 sft
872 673 39 19 and
925 675 34 18 6ft

524 700 54 24 long,
601 699 38 19 and
654 704 34 13 are
705 698 79 25 exactly
809 698 39 20 like
870 706 10 12 a
896 699 60 20 lizard

524 728 70 20 except
607 726 21 18 in
644 725 44 19 size.
717 724 55 24 They
790 724 40 20 live
844 725 19 19 in
884 725 71 20 hollow

524 755 58 21 trees,
592 754 35 16 out
638 750 21 19 of
669 750 64 20 which
752 751 34 19 the
800 751 79 19 natives
898 753 57 19 drive

524 779 53 19 thern
588 779 24 25 by

622 809 85 19 country
719 802 65 19 would
795 803 25 19 bo
840 811 37 13 one
889 805 21 19 of
920 805 35 19 the

524 833 43 19 best
581 831 33 19 for
623 830 34 19 the
668 835 48 19 poor
736 836 45 12 man
797 830 17 19 if
830 830 57 20 there
904 838 51 12 wore

524 859 46 25 only
587 856 78 25 enough
689 857 63 17 water
763 857 32 18 lor
818 857 90 25 sluicing,
933 864 22 13 as

524 886 57 20 there
604 890 34 13 are
662 881 102 20 hundreds
787 882 22 19 of
832 890 54 13 acres
910 884 45 19 that

524 912 65 19 would
612 915 38 20 pay
672 908 129 26 handsomely
825 910 46 19 with
887 915 66 18 water,

522 938 63 20 which
596 937 15 19 it
621 937 76 18 cannot
708 934 25 19 do
749 934 48 19 with
816 935 138 26 dry-blowing

522 965 88 19 machins
619 961 40 21 and
681 961 68 19 sieves.
778 961 41 20 The
836 963 81 19 alluvial
936 962 18 19 is

520 990 101 20 scattered
630 988 27 19 all
668 994 47 12 over
730 987 34 19 the
775 991 91 23 country,
884 990 38 18 ind
938 989 16 18 it

521 1019 17 18 is
548 1017 45 25 only
607 1016 35 19 the
657 1013 84 26 patches
757 1014 46 19 that
818 1021 34 13 are
866 1015 87 23 worked,

520 1051 21 12 as
555 1043 34 20 the
609 1048 54 13 more
678 1040 100 20 scattered
792 1040 47 26 gold
854 1042 45 19 does
915 1044 38 17 not

520 1077 44 19 pay.
593 1068 63 20 There
670 1068 18 19 is
705 1073 11 13 a
731 1067 56 19 small
811 1067 92 26 diggings
922 1075 21 12 bis

520 1097 56 18 miles
592 1096 52 19 from
658 1093 101 20 Humeri's
768 1094 40 19 and
828 1095 51 18 from
899 1101 44 12 eohk

518 1123 21 19 of
558 1122 35 20 the
602 1122 75 23 claims,
692 1120 126 26 501'tsquare,
833 1127 45 12 over
889 1120 54 21 7Uoos

518 1149 49 19 have
581 1150 49 18 been
633 1147 61 21 taken
699 1150 36 17 not
743 1153 11 13 a
763 1146 56 25 piece
826 1147 22 18 of
862 1147 62 19 which
936 1148 7 18 it

519 1175 57 20 much
584 1175 65 19 under
656 1175 72 23 2dwts,
736 1173 35 20 the
779 1172 75 26 largest
860 1173 59 25 being
926 1174 17 19 95

517 1209 28 12 oz.
569 1201 41 19 The
620 1201 81 25 general
711 1207 42 18 way
764 1200 96 23 ofsavmg
869 1200 34 19 the
923 1202 18 17 at

516 1228 82 19 luvialis
609 1228 24 25 by
642 1228 19 19 di
669 1235 6 12 \
682 1228 35 18 -bh
725 1227 53 24 wing
783 1233 22 11 or
816 1225 90 27 shaking,
914 1226 29 19 but

516 1255 34 19 the
555 1255 61 18 latter
621 1254 80 19 method
708 1254 16 18 is
730 1254 4 22 t
740 1254 23 18 lie
769 1254 52 18 most
825 1259 94 17 common,
928 1259 15 13 as

517 1281 36 25 dry
575 1280 86 25 blowing
687 1280 100 19 machines
803 1280 44 18 cost
867 1286 11 12 a
899 1280 44 25 good

516 1307 42 19 deal
582 1307 20 18 of
626 1313 79 19 money.
747 1305 42 20 The
814 1305 84 20 'shaker'
908 1306 16 19 is
939 1305 4 27 a

517 1332 88 21 machine
628 1333 41 19 like
688 1339 11 13 a
713 1332 57 25 large
785 1331 52 20 sieve
854 1332 89 26 standing

515 1367 55 18 upon
588 1360 47 19 four
659 1359 107 26 springing
780 1358 42 25 legs
842 1359 38 18 and
892 1358 35 19 has
938 1366 5 12 a

515 1386 45 19 'set'
572 1393 22 12 or
602 1386 75 19 incline
687 1386 21 18 of
715 1386 63 18 about
789 1386 43 17 2in
842 1386 30 18 12.
899 1385 22 19 It
931 1385 12 19 is

517 1412 76 26 oblong
607 1413 21 19 in
640 1412 61 25 shape
717 1412 38 19 and
768 1411 35 19 has
819 1413 40 17 two
873 1411 70 25 ripples

514 1445 22 13 or
553 1439 79 19 catches
644 1439 19 19 in
677 1439 22 23 it,
715 1444 38 13 ono
768 1437 62 19 below
840 1437 33 19 the
884 1437 59 20 other.

513 1465 42 20 The
567 1466 53 19 wash
628 1472 22 12 or
660 1467 59 17 earth
733 1463 64 21 which
806 1464 93 19 contains
913 1464 30 20 the

513 1492 46 25 gold
569 1491 17 20 is
596 1491 79 21 thrown
685 1491 42 19 into
738 1491 34 19 the
782 1492 37 24 top
828 1490 38 19 end
877 1491 21 19 of
913 1490 30 20 the

514 1518 42 20 this
572 1518 96 24 machine,
684 1517 63 21 which
767 1517 17 19 is
799 1516 50 20 then
872 1516 71 21 shaken

514 1545 104 26 violently,
629 1545 26 20 all
670 1544 36 20 the
724 1545 40 18 fine
774 1543 51 20 stuff
835 1543 60 26 going
910 1546 33 17 out

513 1571 87 25 through
615 1572 34 20 the
660 1571 54 20 sieve
725 1569 132 25 underneath,
867 1569 76 26 leaving

511 1599 46 22 only
566 1599 34 19 the
615 1599 34 25 big
660 1597 52 21 stuff
728 1597 79 21 behind,
849 1596 40 20 The
899 1597 44 24 gold

511 1625 72 26 always
594 1627 44 24 gets
654 1623 129 22 underneath
793 1624 40 20 and
844 1623 16 20 is
871 1623 72 26 caught

511 1652 19 20 in
546 1652 34 20 the
597 1652 78 26 ripples
696 1652 36 21 and
754 1657 21 13 as
792 1656 54 16 more
857 1651 49 19 stuff
928 1651 15 19 is

512 1678 77 20 thrown
601 1678 44 21 into
655 1679 34 20 the
705 1677 92 22 machine
815 1677 35 21 the
870 1677 73 26 lighter

511 1709 68 16 Btonea
590 1705 48 27 keep
650 1706 61 26 going
724 1712 45 14 over
781 1705 33 19 the
823 1707 34 24 top
874 1705 22 19 of
910 1705 33 19 the

510 1733 75 25 ripples
600 1734 38 19 and
648 1735 37 17 out
696 1735 19 17 at
727 1732 33 20 the
771 1731 37 20 end
820 1733 38 19 and
879 1731 64 20 leaves

498 1754 3 34 j
510 1758 98 27 anything
618 1759 81 21 heavier
724 1759 48 19 than
793 1758 58 20 usual
869 1758 20 20 in
910 1758 33 20 the

498 1784 2 25 |
509 1786 85 20 catches.
623 1786 35 20 All
672 1786 34 20 the
717 1784 82 22 alluvial
822 1785 56 19 fields
894 1785 49 19 have

509 1813 48 19 been
573 1813 62 19 found
651 1813 26 24 by
692 1809 108 28 'specking'
816 1812 45 24 gold
872 1819 24 12 on
908 1811 35 20 the

509 1840 86 24 surface,
617 1839 39 20 and
671 1839 16 19 it
707 1840 16 18 is
743 1839 42 19 still
801 1839 57 18 often
877 1839 64 19 found

508 1866 52 19 after
571 1866 44 20 rain
633 1872 26 14 on
675 1866 35 20 the
726 1865 32 20 old
774 1865 107 25 workings.
922 1866 19 18 A

508 1898 82 19 strange
600 1893 58 25 thing
668 1893 62 19 about
745 1892 33 19 the
797 1891 82 19 alluvial
896 1891 46 19 here

508 1920 14 18 is
534 1919 43 19 that
587 1920 17 18 it
614 1926 63 13 seems
685 1926 61 12 never
757 1920 21 17 to
786 1918 50 19 fcavo
843 1918 98 20 travelled

508 1953 39 18 any
558 1946 133 19 distance—it
702 1946 17 18 is
730 1945 25 19 all
765 1945 68 25 points
844 1945 37 19 and
899 1945 31 18 hol-

509 1973 46 18 lows
565 1971 41 20 like
612 1973 75 18 melted
696 1971 43 20 lead
751 1971 38 19 and
800 1971 21 19 in
833 1974 35 16 not
878 1973 62 17 water

508 2006 53 12 worn
572 2000 21 18 at
604 1999 32 19 all.
664 1998 42 20 The
722 1997 104 26 generally
845 1997 94 26 accepted

508 2025 68 26 theory
585 2025 20 19 in
615 2025 72 26 regard
704 2028 20 16 to
738 2025 27 18 its
781 2024 131 20 distribution
924 2024 17 19 is

508 2051 45 19 that
562 2053 16 17 it
588 2051 34 20 has
630 2052 49 19 been
687 2051 77 19 thrown
777 2057 26 18 up
815 2051 26 24 by
852 2050 89 20 volcanic

508 2078 64 19 action
585 2079 39 18 and
638 2084 54 14 camo
713 2077 59 19 down
787 2077 27 19 all
838 2084 45 12 over
907 2077 34 19 the

604 2131 39 19 last
655 2130 82 20 alluvial
750 2129 68 25 'rush,'
826 2129 63 21 which
908 2137 21 13 oc-

505 2157 71 19 curred
587 2158 51 22 here,
651 2164 40 13 was
706 2158 21 18 at
738 2164 11 12 a
764 2157 56 25 place
838 2157 61 19 about
910 2157 29 19 six

505 2182 55 20 miles
570 2183 53 20 from
634 2184 34 18 the
679 2183 74 19 'Broad
763 2180 77 22 Arrow'
852 2191 5 15 ;
871 2183 16 18 it
899 2188 40 14 was

503 2209 65 19 found
579 2209 26 26 by
620 2216 12 12 a
639 2211 59 24 party
710 2209 22 19 o£
748 2209 52 19 New
810 2209 128 19 Zealandors.

503 2235 55 26 They
580 2235 63 21 called
664 2236 16 18 it
700 2234 133 25 'Smithfield,'
849 2235 37 19 but
905 2235 34 19 the

504 2263 81 25 general
602 2268 58 14 name
676 2262 32 19 for
719 2261 17 20 it
746 2261 17 20 is
774 2261 115 20 'Sorefoot.'
917 2261 22 20 It

503 2289 17 18 is
528 2295 25 13 on
562 2296 12 12 a
584 2289 36 19 flat
638 2288 56 26 piece
705 2288 20 20 of
742 2288 85 25 ground,
847 2288 39 19 and
905 2288 34 19 the

505 2318 127 22 prospectors
653 2314 5 10 '
666 2314 94 27 specked'
782 2315 49 19 15oz
856 2321 23 13 on
905 2314 34 19 the

503 2341 85 25 surface,
598 2341 40 20 and
649 2341 49 20 then
708 2341 80 25 applied
800 2341 32 19 for
839 2348 11 13 a
863 2341 75 20 reward

503 2368 63 20 claim.
596 2369 67 19 When
675 2368 35 20 the
725 2374 54 13 news
799 2368 74 25 spread
881 2368 57 19 there

503 2402 40 12 was
558 2402 10 12 a
584 2402 72 18 proper
666 2395 57 23 rush,
734 2394 40 19 and
792 2394 20 19 in
833 2395 25 18 2-4
877 2394 60 19 hours

503 2420 57 21 there
580 2428 52 13 were
651 2422 52 19 3000
722 2427 43 13 men
786 2428 25 11 on
832 2421 34 19 the
885 2421 52 19 field.

503 2448 63 19 There
578 2455 38 12 was
632 2455 26 12 no
681 2448 46 24 gold
752 2449 34 23 got
800 2447 80 19 outside
903 2447 35 20 the

503 2475 76 18 reward
589 2475 65 23 claim,
671 2474 98 23 however,
787 2475 21 18 to
829 2473 60 26 gpeak
910 2474 26 23 of,

503 2501 36 19 but
550 2501 33 19 the
598 2500 61 26 lucky
673 2507 79 13 owners
771 2500 21 19 of
809 2500 17 19 it
845 2500 34 19 did
894 2500 42 19 well

502 2528 38 18 and
562 2527 33 20 the
618 2528 45 19 first
684 2526 55 21 week
761 2527 47 25 they
833 2526 47 20 took
901 2529 33 17 out

502 2561 46 13 over

529 2605 46 18 Two
586 2604 102 20 thousand
698 2604 24 19 oil
734 2603 56 20 wells
801 2610 33 13 are
844 2603 21 19 in
875 2610 48 19 oper-

502 2632 56 18 ation
569 2631 21 19 in
676 2630 101 26 Virginia.

529 2658 18 19 A
572 2657 167 25 correspondent,
764 2657 81 24 writing
860 2660 18 16 to
902 2657 33 19 the

503 2684 123 19 Melbourne
725 2684 56 25 gives
792 2690 24 12 an
828 2690 77 12 answer
915 2684 20 18 to

502 2710 35 20 the
547 2710 131 20 much-asked
689 2710 101 26 question.
919 2710 16 19 is

501 2738 35 18 the
555 2743 43 13 new
619 2737 87 19 woman?
750 2736 33 19 He
797 2742 46 18 says
854 2736 34 20 she
898 2737 17 19 is
925 2743 10 13 a

503 2770 76 13 woman
587 2763 86 20 without
685 2762 147 24 womanliness,
861 2763 27 19 To
896 2763 39 19 add

501 2792 21 18 to
532 2790 47 19 such
591 2797 12 12 a
613 2789 123 26 description
748 2789 66 19 would
835 2789 47 26 only
893 2796 42 12 mar

501 2818 26 18 its
538 2817 81 26 beauty.

527 2843 41 19 The
588 2843 73 24 capita'
681 2842 91 20 invested
791 2842 20 18 in
830 2849 52 12 some
896 2843 39 18 400

501 2870 90 25 brewery
597 2869 139 26 companiesin
743 2869 141 23 Englandnino
896 2870 9 17 t
917 2872 18 16 ts

501 2898 21 18 to
532 2896 95 25 upwards
639 2897 20 18 of
670 2896 158 23 £107,000,000.
858 2895 27 19 Of
905 2894 30 20 his

501 2930 51 15 sum,
563 2922 62 20 about
641 2929 11 13 a
672 2922 60 23 third,
752 2928 23 12 or
791 2921 138 24 £35,000,000

500 2951 114 23 represents
626 2949 124 19 debentures
764 2947 39 19 and
815 2951 119 21 mortgages'

500 2975 66 20 These
577 2975 62 20 latter
649 2978 70 16 return
730 2981 25 13 on
771 2980 24 12 an
814 2980 85 19 a?erage
924 2980 10 12 a

501 3002 34 20 the
545 3003 82 24 present
637 3002 48 19 time
696 3002 39 18 less
744 3000 50 20 than
805 3000 31 20 £3
854 3001 35 19 17s
909 3001 25 18 Gd

499 3035 35 19 per
546 3031 51 17 cent.

526 3055 42 19 The
588 3055 81 25 Sydney
687 3054 43 26 city
748 3050 136 22 missionaries
902 3056 32 13 are

501 3082 97 25 assisting
613 3083 38 18 518
666 3076 87 24 families
767 3079 46 19 with
824 3078 48 20 food
882 3076 51 19 from

501 3108 33 19 the
542 3108 49 20 local
599 3109 80 24 depots,
690 3114 22 12 or
719 3107 20 18 in
750 3106 26 20 all
787 3107 53 18 2410
846 3103 77 21 individ-

501 3135 49 19 uals.
579 3134 28 20 Of
626 3134 63 24 these,
708 3134 37 19 153
760 3140 34 12 are
805 3132 84 20 widows,
910 3130 25 18 54

500 3161 92 19 deserted
608 3161 65 23 wives,
697 3161 35 19 105
754 3159 49 24 sick,
824 3158 39 20 and
884 3156 50 19 1777

501 3187 97 20 children.
626 3187 42 19 The
686 3186 135 20 missionaries
840 3191 34 12 are
893 3182 41 19 also

503 3221 65 12 aware
577 3215 21 17 of
606 3215 38 18 134
654 3213 86 20 families
752 3212 48 24 who,
817 3211 74 21 during
901 3209 34 18 the

506 3243 81 22 present
598 3241 43 19 cold
652 3239 77 26 nights,
740 3239 50 19 have
804 3241 37 16 not
851 3245 11 12 a
873 3236 62 24 single

501 3267 82 19 blanket
593 3269 21 17 to
623 3273 57 13 cover
689 3266 59 19 them.

526 3301 42 19 The
586 3301 137 19 Government
741 3299 18 20 is
769 3301 29 22 ,to
807 3298 105 20 introduce
922 3304 12 12 a

500 3328 40 19 Bill
551 3330 20 16 to
580 3327 84 25 provide
673 3328 33 17 for
715 3326 35 19 tlie
760 3325 74 25 taking
845 3325 21 18 of
885 3324 38 19 min-

501 3354 41 19 eral
552 3353 57 19 lands
619 3360 26 12 on
655 3352 84 20 similiar
746 3352 53 19 lines
804 3353 21 17 to
833 3351 36 19 the
877 3349 58 20 Land

499 3380 32 19 for
541 3379 118 20 Settlement
669 3379 44 19 Act.

526 3415 60 18 After
595 3420 12 12 a
616 3414 57 25 lapse
682 3413 22 19 of
715 3415 23 17 13
745 3419 59 19 years
811 3411 36 20 the
853 3412 55 18 front
915 3410 20 19 of

499 3440 143 25 Buckingham
651 3440 74 19 Palace
735 3439 17 19 is
762 3440 21 17 to
801 3438 26 19 be
844 3436 89 26 painted.

501 3467 21 18 It
529 3466 41 20 will
577 3469 42 16 cost
628 3472 48 13 over
684 3466 75 22 £2OOO,
769 3464 39 19 and
816 3466 40 17 two
862 3465 45 17 tons
915 3462 20 19 of

504 3493 61 19 white
583 3492 46 19 load
647 3492 43 20 will
698 3492 26 19 he
738 3490 57 23 used,
806 3490 41 19 and
856 3488 79 20 besides

504 3518 93 20 material
606 3521 20 16 to
635 3524 94 20 preserve
738 3518 36 18 the
784 3518 63 17 stone.

527 3553 19 19 A
555 3554 54 18 team
620 3554 21 18 of
650 3552 49 25 lady
708 3551 119 20 footballers
838 3556 34 12 are
881 3551 44 17 tour-

501 3579 37 25 ing
547 3579 90 25 through
647 3578 102 23 Scotland,
770 3577 41 19 and
826 3575 109 25 attracting

500 3612 106 12 enormous
611 3606 63 24 gates.
702 3604 65 19 There
773 3603 17 19 is
799 3610 11 11 a
818 3601 117 25 suggestion

500 3631 60 19 made
578 3631 45 19 that
640 3637 79 13 women
741 3629 73 19 should
833 3624 48 23 take
899 3629 36 17 out

501 3657 84 19 licenses
596 3657 39 19 and
645 3657 83 19 become
741 3655 122 19 eabdrivers.
892 3653 43 19 One

499 3690 80 13 woman
588 3683 37 19 has
635 3682 128 20 undertaken
773 3680 40 20 and
821 3680 72 19 carries
901 3680 34 18 out

501 3709 131 24 successfully
641 3709 35 19 the
680 3707 93 21 business
781 3707 21 18 of
806 3706 128 19 undertaker.

527 3735 42 19 The
578 3735 93 19 Premier
680 3734 66 20 stated
760 3733 52 19 from
829 3732 33 19 his
880 3731 55 26 place

501 3761 21 19 in
533 3761 34 19 the
578 3761 78 23 House,
667 3761 22 19 in
698 3760 57 25 reply
766 3761 20 16 to
795 3758 35 19 the
836 3757 98 26 question,

502 3787 46 19 that
557 3787 35 19 the
601 3787 44 19 Kev
655 3787 34 19 Mr
698 3786 47 19 Isitt
754 3785 42 19 had
806 3784 44 19 said
859 3783 45 20 that
919 3784 16 17 if

501 3820 11 13 a
522 3813 66 25 Boyal
605 3812 133 21 Commission
755 3817 53 14 were
826 3809 109 27 appointed

500 3840 25 19 he
535 3839 67 20 would
612 3838 107 21 withdraw
732 3845 11 12 a
762 3836 74 26 charge
855 3835 80 25 against

500 3872 12 13 a
520 3866 64 25 police
591 3864 107 26 inspector,
706 3864 40 19 and
752 3863 45 19 that
806 3862 31 19 his
848 3862 46 24 only
901 3861 23 19 ob-

500 3892 40 24 ject
555 3892 21 17 in
595 3891 37 18 life
644 3896 39 13 was
692 3892 21 16 to
723 3890 81 23 destroy
812 3888 35 19 the
856 3888 79 19 Govern

500 3919 62 21 ment,
572 3917 41 19 and
623 3916 34 19 the
666 3916 91 19 Premier
771 3915 21 18 in
806 3913 115 27 particular.

525 3953 19 16 H
546 3951 48 18 alien
597 3951 48 17 stein
660 3951 62 19 Bros.,
744 3949 100 19 Clothiers,
866 3947 61 18 Tailor

502 3975 37 18 and
548 3975 99 19 outfitters,
658 3974 35 17 226
700 3973 37 17 and
745 3973 39 19 228,
793 3972 65 19 Queen
867 3971 66 16 Street.

502 3998 105 17 Auckland.
633 3997 40 17 The
689 3997 50 16 most
750 3994 77 18 reliable
844 3994 57 17 house
916 3994 19 16 in

502 4022 32 17 the
543 4022 88 22 province
639 4020 31 18 for
678 4019 72 22 variety
765 4018 37 17 and
818 4017 56 17 value
882 4017 18 17 in
910 4016 25 18 all

504 4045 132 22 departments.
662 4044 88 16 Patterns
759 4041 38 18 and
806 4040 24 18 all
846 4040 77 17 informa-

504 4068 39 17 tion
561 4067 85 23 supplied
658 4068 21 16 to
700 4066 80 21 country
793 4064 101 17 customers
911 4069 24 11 on

505 4091 119 23 application.
649 4090 32 17 Mr
697 4090 67 21 Jaggs,
774 4088 42 18 who
833 4087 102 22 supervises

504 4114 32 18 the
549 4114 96 22 Tailoring
657 4113 126 22 Department
795 4111 15 17 is
825 4116 35 12 one
869 4111 18 16 of
903 4110 32 17 the

504 4138 61 22 most_
572 4137 76 17 reliable
669 4137 70 17 cutters
763 4135 20 17 in
802 4134 33 18 the
856 4134 77 22 Colony,

504 4160 138 22 N.Z.Clothing
648 4160 86 22 Factojy,
739 4157 193 19 Auckland.—Ajdvt.

1038 146 168 20 IMPORTANT
1221 147 34 18 TO
1269 147 94 19 HORSE

1136 171 130 20 OWNERS.

1017 224 39 19 His
1081 225 102 24 Worship,
1207 225 35 19 Mr
1260 225 73 19 Kettle
1356 225 56 23 S.M.,

985 249 101 21 delivered
1103 250 108 27 judgment
1233 251 22 19 in
1276 251 34 19 the
1330 257 45 13 case
1394 252 18 18 of

985 276 71 20 Cotter
1079 284 16 11 v.
1119 276 51 19 Ross
1182 279 22 16 at
1213 277 116 24 Wanganui
1344 284 57 12 recen-

983 302 30 25 tly
1029 310 21 12 as
1073 303 78 19 follows
1170 302 3 26 :
1176 303 125 24 —Plaintiff,
1325 310 12 12 a
1353 303 59 25 shesp

983 328 75 20 farmer
1099 333 21 15 at
1156 329 95 23 Ashurst,
1294 331 47 18 sued
1378 329 34 19 the

983 354 115 26 defendant,
1109 362 12 12 a
1133 355 63 25 livery
1215 355 64 19 stable
1298 355 75 26 keeper
1391 356 19 19 in

982 380 123 26 Wanganvi,
1121 383 21 18 to
1166 387 79 14 recover
1269 382 92 26 damages
1379 381 32 20 for

982 410 69 26 injury
1062 411 50 19 douo
1119 411 21 17 to
1150 416 12 12 a
1180 415 53 12 mare
1253 409 39 18 and
1311 409 39 19 loss
1360 408 22 19 of
1400 414 11 13 a

981 438 48 23 foal,
1044 437 85 24 through
1144 435 34 19 the
1198 434 78 24 alleged
1295 435 115 25 negligence

980 463 21 19 of
1011 463 115 20 defendant.
1154 461 33 20 He
1196 460 73 24 alleges
1276 460 45 20 that
1328 461 70 19 defend-

980 493 35 16 ant,
1025 490 33 19 did
1074 492 36 16 not
1124 488 46 19 feed
1189 489 35 17 the
1239 493 56 12 mare
1310 487 98 25 properly,

980 517 33 18 the
1023 519 86 22 pasture
1119 515 21 18 vi
1151 514 33 19 the
1201 512 90 26 paddock
1302 515 36 18 not
1350 513 58 25 being

979 541 98 21 sufficient
1091 543 32 18 fir
1142 541 34 18 her
1196 540 152 22 mainteuance;
1364 538 44 19 that

979 569 24 19 he
1017 569 103 25 neglected
1136 570 21 17 to
1172 566 51 25 keep
1243 565 38 18 her
1295 573 21 12 in
1335 571 73 18 proper

978 595 103 20 condition
1099 594 52 20 after
1164 594 84 23 foaling;
1262 592 40 19 and
1320 591 44 19 that
1384 590 23 20 he

977 623 46 18 sent
1033 628 54 19 away
1098 621 34 20 the
1140 620 40 19 foal
1192 620 20 18 in
1222 627 10 11 a
1253 618 56 19 weak
1328 620 52 16 stato
1382 627 23 3 —

978 648 52 20 urfit
1040 650 20 17 to
1072 648 23 19 b3
1116 649 45 17 sent
1175 653 11 12 a
1210 646 47 24 long
1281 644 89 19 distance
1379 642 25 26 by

976 674 59 19 train.

1005 701 56 19 With
1068 699 70 26 regard
1146 701 21 17 to
1175 699 34 18 the
1216 699 92 18 contract
1315 697 88 18 between

975 727 34 19 the
1019 727 82 24 parties,
1112 725 38 20 Ilis
1167 723 98 26 Worship
1282 722 120 21 maintained

974 754 45 18 that
1030 753 33 19 Mr
1073 753 51 18 lioss
1134 758 40 13 was
1191 751 67 19 bound
1275 753 21 16 to
1310 749 46 20 take
1376 749 27 18 all

974 779 117 20 reasonable
1101 784 44 14 care
1160 777 21 20 of
1199 776 83 20 animals
1299 775 103 21 entrusted

974 809 21 16 to
1007 807 45 23 him,
1063 805 38 19 and
1112 806 21 17 to
1142 805 55 18 treat
1207 804 54 19 them
1273 803 20 18 in
1308 802 33 19 the
1351 808 51 13 same

973 838 41 19 way
1031 839 21 12 as
1067 831 25 19 he
1108 830 66 20 would
1192 831 54 18 treat
1254 828 32 20 his
1303 835 42 12 own
1361 828 31 19 ani-

973 861 56 17 mals.
1058 859 50 18 Asa
1117 858 114 24 proprietor
1247 855 22 19 of
1280 855 89 19 stallions
1379 854 24 19 he

973 890 39 15 .was
1032 884 67 20 bound
1119 887 18 15 to
1153 882 88 19 exercise
1259 882 26 18 ali
1303 888 44 13 care
1362 882 38 18 and

973 910 81 21 caution
1063 910 21 19 in
1094 908 106 27 providing
1210 914 73 19 proper
1298 908 54 23 food,
1362 908 39 19 and

974 937 103 25 generally
1087 936 71 19 attend
1176 936 22 18 to
1207 934 61 19 them.
1297 936 30 17 As
1336 937 21 15 to
1367 934 35 18 the

973 964 44 19 card
1027 966 38 22 put
1079 962 21 19 in
1116 962 26 25 by
1161 960 118 23 defendant,
1294 967 25 12 on
1339 960 62 19 which

973 997 40 12 was
1024 990 113 19 advertised
1155 988 45 18 that
1207 986 26 19 all
1242 993 45 12 care
1304 986 63 19 would
1378 986 24 18 be

973 1016 66 24 taken,
1047 1016 38 19 but
1092 1021 25 12 no
1124 1012 158 26 responsibility,
1289 1012 35 19 Mr
1331 1012 71 20 Kettle

973 1042 43 19 held
1030 1042 43 19 that
1084 1048 11 13 a
1105 1047 45 13 man
1160 1038 59 21 could
1229 1040 36 18 not
1284 1038 73 26 legally
1367 1040 35 23 get

973 1071 35 17 out
1017 1068 22 19 of
1048 1068 34 19 the
1101 1064 156 28 responsibility.
1284 1065 23 19 It
1327 1065 38 20 had
1375 1073 26 12 110

973 1094 48 26 legal
1032 1094 61 19 effect
1102 1095 105 20 whatever,
1228 1091 39 19 and
1284 1092 35 19 the
1334 1092 56 19 condi-

973 1122 41 17 tion
1030 1120 130 26 repudiating
1185 1117 151 26 responsibility
1360 1125 40 13 was

973 1147 48 24 void,
1032 1147 38 18 and
1082 1146 58 19 could
1157 1146 36 18 not
1213 1144 75 19 release
1303 1145 34 19 Mr
1346 1144 54 20 Ross

973 1174 19 18 of
1002 1174 30 18 his
1043 1172 86 25 liability
1148 1171 20 19 in
1185 1170 71 25 taking
1274 1177 44 13 cave
1334 1171 23 19 of
1366 1172 34 19 tlie

973 1199 87 20 animals.
1088 1199 22 19 It
1119 1199 77 18 became
1206 1204 11 12 a
1227 1197 92 24 question
1330 1197 22 20 of
1357 1198 43 19 fact

973 1226 43 25 only
1025 1225 90 20 whether
1124 1230 47 19 prop
1174 1230 21 12 or
1204 1229 43 13 care
1254 1224 39 18 and
1302 1224 98 25 diligence

973 1259 36 13 was
1018 1252 75 20 shown.
1134 1251 33 18 He
1190 1256 40 12 was
1254 1250 87 19 satisfied
1365 1250 34 20 the

973 1286 48 12 iuare
1031 1285 39 12 was
1077 1278 20 19 in
1109 1277 51 25 good
1175 1276 103 20 condition
1289 1277 55 19 when
1364 1277 35 19 she

973 1305 74 19 arrived
1064 1305 18 18 in
1102 1303 121 24 \Va;>ganui,
1242 1303 40 19 and
1302 1303 45 19 that
1365 1303 34 19 the

973 1332 36 19 foal
1018 1338 39 12 was
1067 1338 12 12 a
1087 1331 38 18 fair
1132 1336 105 19 specimen.
1260 1329 65 19 Three
1333 1329 64 20 weeks

973 1358 48 19 after
1032 1357 80 24 foaling,
1123 1356 34 18 the
1167 1355 41 19 foal
1219 1355 78 19 showed
1309 1362 55 19 signs
1376 1357 21 18 of

973 1385 93 24 megrims.
1094 1382 101 20 Evidence
1214 1381 79 20 showed
1304 1382 44 19 that
1364 1381 33 21 the

973 1418 46 12 mare
1028 1416 40 13 was
1082 1415 75 18 uneasy
1176 1408 39 18 and
1234 1408 104 26 suffering,
1358 1409 37 19 and

973 1437 78 24 uothing
1066 1442 38 12 was
1124 1435 50 19 done
1193 1437 20 16 to
1232 1441 47 13 save
1296 1435 40 23 her,
1357 1436 38 18 and

973 1464 39 18 that
1031 1463 47 24 they
1094 1469 51 12 were
1160 1462 98 18 returned
1277 1462 24 25 by
1313 1462 52 18 train
1376 1463 20 17 to

973 1489 88 24 Asliurst,
1074 1489 86 19 without
1170 1494 39 19 any
1219 1488 48 19 food
1281 1488 59 24 being
1351 1490 46 17 sent

973 1517 41 19 svith
1030 1516 61 23 them,
1105 1515 35 19 the
1164 1515 40 18 foal
1227 1514 46 20 then
1296 1515 99 25 suffering

973 1543 44 19 From
1028 1549 73 13 scours.
1129 1541 35 19 Mr
1174 1541 73 19 Kettle
1258 1541 42 19 said
1308 1541 44 19 that
1362 1541 34 19 Mr

973 1569 43 21 Ross
1039 1569 37 19 had
1098 1568 58 20 failed
1171 1567 21 20 in
1215 1567 30 20 his
1268 1569 49 24 duty
1329 1569 21 18 to
1361 1568 34 20 Mr

973 1597 62 19 Cotter
1049 1595 21 21 in
1085 1595 83 24 sending
1178 1601 54 20 away
1244 1593 34 22 the
1287 1595 41 19 foal
1339 1593 56 21 with,

973 1627 27 15 jut
1013 1629 73 20 proper
1100 1621 72 25 notice,
1183 1623 39 18 and
1237 1621 35 20 Mr
1286 1622 52 19 lioss
1357 1627 37 14 wub

973 1649 115 26 respojjsible
1098 1649 32 20 for
1140 1648 33 19 the
1190 1648 101 25 damages,
1332 1648 63 20 There

973 1684 30 12 .vaa
1019 1684 10 12 a
1040 1675 97 26 difficulty
1148 1674 47 20 with
1207 1676 72 24 regard
1291 1679 21 16 to
1323 1681 61 15 assess-

973 1710 26 19 ng
1013 1703 34 20 the
1059 1705 88 21 amount,
1163 1703 34 18 the
1207 1703 94 19 evidence
1312 1705 81 17 thereon

973 1737 49 19 jemg
1032 1729 85 26 entirely
1127 1729 129 25 speculative.
1287 1729 31 20 He
1329 1729 65 21 would

973 1757 41 19 imit
1027 1757 33 19 the
1070 1757 82 24 damage
1171 1757 21 18 to
1209 1757 33 18 the
1252 1755 58 21 value
1329 1757 22 19 of
1361 1757 33 19 the

973 1785 31 19 :olt
1014 1784 55 19 when
1085 1783 16 19 it
1112 1783 43 19 died
1167 1783 39 19 and
1214 1786 21 16 to
1246 1783 33 19 the
1291 1783 102 19 condition

973 1811 10 19 >f
995 1810 33 20 the
1039 1816 54 14 mare
1101 1809 55 20 when
1167 1809 102 20 returned.
1286 1811 33 18 He
1329 1809 63 20 would

973 1838 33 24 ;ive
1019 1837 107 25 judgment
1135 1837 31 18 for
1186 1837 50 23 £4O,
1257 1837 65 19 Court
1341 1839 52 17 costs

973 1865 17 18 £2
1001 1865 41 23 19s,
1058 1863 97 20 counsel's
1179 1863 32 19 fee
1233 1863 30 19 £2
1289 1865 42 22 12s,
1355 1863 37 19 and

973 1890 97 20 vitnessen'
1079 1896 103 18 expenses.

1000 1950 56 19 THE
1067 1949 148 20 FIGHTING
1224 1949 33 20 IN
1270 1951 75 18 CUBA.

987 1992 19 17 A
1016 1988 75 27 special
1100 1991 20 16 to
1128 1987 34 20 the
1173 1988 72 19 World
1256 1987 51 19 from
1319 1991 73 25 Songo,

961 2018 62 21 Cuba,
1034 2022 80 19 says:—
1265 2018 3 23 ■
1292 2018 3 23 •

987 2047 18 17 A
1017 2042 70 21 Worid
1095 2040 158 26 correspondent
1263 2041 129 23 interviewed

961 2069 88 22 General
1060 2068 77 24 Maceo,
1153 2067 43 20 who
1206 2074 40 13 was
1257 2068 63 21 found
1331 2070 19 19 in
1363 2071 29 19 his

959 2105 57 17 camp
1032 2095 21 20 in
1069 2094 33 19 tho
1117 2094 72 23 forest,
1213 2101 11 12 a
1246 2094 72 25 leaguo
1340 2097 50 20 from

959 2124 114 24 Jaragueca
1083 2122 39 18 and
1133 2120 56 25 forty
1199 2120 56 20 miles
1272 2122 53 19 from
1342 2124 38 19 San-

959 2151 63 24 tiago.
1051 2146 85 21 General
1148 2146 71 19 Maceo
1232 2153 50 18 gave
1293 2151 36 16 out
1338 2157 54 12 some

959 2176 72 20 details
1040 2174 21 19 of
1075 2174 35 19 the
1121 2172 51 25 light
1190 2178 21 13 at
1230 2174 75 19 Hondo
1321 2177 69 24 Creek,

958 2209 50 13 noar
1038 2201 148 22 Guantanama,
1219 2199 20 19 in
1269 2200 63 20 which
1362 2202 29 19 his

960 2229 88 21 brother,
1058 2227 49 19 Jose
1119 2225 77 24 Maceo,
1209 2225 43 20 who
1262 2227 18 18 is
1296 2230 36 17 not
1342 2229 48 20 dead

958 2255 55 19 after
1024 2254 32 23 all,
1069 2253 38 19 had
1122 2259 11 11 a
1141 2251 60 25 sharp
1212 2256 113 17 encounter
1342 2255 48 20 with

958 2282 39 19 500
1012 2279 86 27 Spanish
1122 2279 82 18 soldiers
1227 2279 22 19 of
1270 2280 121 21 Simaneeo's

959 2308 106 25 regiment,
1081 2305 128 21 commanded
1226 2304 24 27 by
1270 2306 120 22 Lieut.-Col.

959 2334 73 20 Bosch.
1061 2333 42 19 The
1114 2331 107 24 Spaniards
1234 2338 52 14 were
1297 2335 92 20 attacked

957 2360 52 20 from
1025 2359 90 21 ambush.
1144 2359 49 19 Joso
1208 2359 71 19 Maceo
1300 2360 38 20 had
1352 2362 39 19 700

958 2387 106 20 followers.
1114 2385 42 19 The
1170 2385 109 25 Spaniards
1303 2388 63 19 admit
1380 2395 10 12 a

957 2411 34 23 los
1003 2411 34 23 3of
1062 2415 78 17 sixteen
1164 2411 61 20 killed
1251 2413 39 18 and
1314 2415 76 19 several

956 2440 76 20 officers
1051 2439 105 20 wouiided.
1199 2439 115 26 According
1338 2442 21 18 to
1379 2448 11 12 a

957 2467 60 19 letter
1027 2467 43 25 just
1081 2465 88 20 received
1180 2465 26 25 by
1218 2465 87 20 General
1319 2467 71 20 Maceo

956 2493 52 19 from
1018 2493 30 19 his
1056 2492 82 20 brother
1145 2491 150 25 thoSpnniards
1302 2494 86 19 suffered

957 2520 96 25 severely.
1092 2519 41 18 The
1161 2518 82 19 Cubans
1267 2520 49 18 used
1338 2521 53 19 their

956 2547 109 19 matchetes
1076 2545 47 19 with
1135 2545 69 24 deadly
1213 2545 62 19 effect
1290 2546 56 20 when
1356 2547 34 19 the

956 2573 85 25 Spanish
1053 2571 85 20 soldiers
1149 2571 37 19 had
1195 2571 48 19 lired
1263 2578 56 20 away
1338 2573 52 19 their

956 2599 140 19 ammunition.

982 2625 71 19 Macjo
1065 2625 69 25 placed
1151 2625 29 19 his
1192 2632 44 12 men
1260 2625 20 19 in
1302 2626 84 25 position

954 2653 21 18 in
997 2651 87 20 thickets
1103 2652 39 18 aloi
1151 2658 12 18 g
1187 2651 34 19 the
1241 2651 54 19 bank
1314 2653 23 19 of
1356 2654 33 18 the

956 2679 78 19 Hondo,
1046 2677 61 21 which
1117 2680 21 16 at
1149 2679 44 17 that
1203 2681 57 22 point
1268 2678 15 19 is
1298 2685 11 12 a
1316 2681 72 17 stream

954 2705 64 19 about
1032 2706 26 18 30
1068 2705 42 18 feet
1124 2705 56 19 wide.
1214 2704 83 20 Colonel
1323 2705 65 19 Bosch

954 2731 128 25 approached
1110 2731 56 24 early
1190 2731 20 18 in
1232 2731 35 19 the
1297 2738 92 17 morning

954 2758 59 25 along
1024 2759 34 18 tne
1073 2757 53 19 bank
1141 2757 20 19 of
1173 2757 33 19 the
1222 2757 64 24 crick,
1305 2759 37 18 and
1363 2764 24 12 on

955 2785 100 24 receiving
1065 2784 35 19 tho
1114 2783 36 19 lire
1164 2783 21 19 of
1206 2783 33 19 the
1254 2785 66 18 rebels
1335 2785 51 18 drew

954 2810 31 20 his
1002 2817 44 12 men
1056 2811 44 18 into
1116 2809 85 25 position
1227 2810 20 18 in
1258 2816 12 12 a
1284 2810 103 20 canefield.

954 2837 41 19 The
1006 2837 59 25 firing
1076 2836 107 20 continued
1195 2836 52 19 until
1257 2843 38 12 one
1305 2837 82 19 o'clock.

955 2864 28 18 As
998 2864 57 18 usual
1068 2863 34 18 the
1114 2863 110 24 Spaniards
1239 2864 75 18 wasted
1330 2863 57 19 much

954 2889 132 19 ammunition
1098 2889 120 25 needlessly,
1243 2889 40 19 and
1302 2889 55 19 when
1373 2889 14 19 it

955 2922 39 13 was
1008 2915 113 20 exhausted
1140 2915 49 19 Jose
1208 2915 73 19 Mucco
1302 2915 86 25 charged

953 2948 67 13 across
1036 2942 35 19 the
1088 2942 52 19 river
1159 2941 40 19 and
1214 2945 34 16 cut
1258 2948 60 19 mauy
1330 2943 56 18 down

955 2968 46 19 with
1015 2968 106 20 machetes.
1149 2968 45 19 One
1208 2968 22 18 of
1241 2968 90 20 Maceo's
1342 2969 36 19 lieu-

954 2997 87 21 tenants,
1062 3002 11 11 a
1097 2994 78 21 French
1199 2994 92 19 halfbred
1316 2995 71 19 named

959 3022 67 19 Aleide
1036 3023 24 17 de
1075 3021 11 19 A
1087 3021 7 6 T
1095 3027 63 19 erger,
1183 3021 47 18 rode
1242 3021 109 26 recklessly
1367 3023 20 18 to

954 3048 34 19 the
1003 3048 64 23 c-eek,
1082 3048 73 24 calling
1164 3054 25 12 on
1210 3047 30 19 his
1257 3055 46 12 men
1320 3051 20 16 to
1352 3055 35 13 uso

954 3074 52 19 their
1017 3074 104 19 machetes.
1164 3075 19 18 A
1206 3073 47 20 shot
1276 3075 53 19 from
1352 3077 35 17 the

953 3100 110 25 Spaniards
1074 3100 62 19 killed
1146 3100 34 19 the
1189 3100 73 26 daring
1273 3108 51 13 man.
1347 3101 40 20 The

952 3127 89 25 Spanish
1052 3126 90 26 regulars
1163 3133 53 13 were
1235 3128 58 19 aided
1312 3129 26 25 by
1349 3129 38 18 200

953 3154 116 19 volunteers
1074 3154 51 19 from
1137 3153 149 20 Guantanamo.
1304 3155 81 18 Colonel

953 3180 84 19 Bosch's
1048 3187 44 12 men
1103 3180 102 19 withdrew
1222 3180 55 19 when
1289 3181 46 27 they
1347 3180 38 20 had

953 3206 48 19 fired
1014 3213 55 18 away
1093 3206 51 19 their
1163 3208 140 19 ammunition.
1340 3208 47 19 This

953 3233 18 19 is
982 3240 12 11 a
1005 3232 51 19 fatal
1067 3233 54 18 fault
1131 3232 21 19 of
1162 3233 35 18 the
1204 3234 119 23 Spaniards.
1346 3234 41 19 The

954 3259 66 19 fficers
1031 3266 75 18 appear
1117 3263 20 14 to
1159 3259 63 18 make
1236 3266 26 13 no
1286 3261 66 18 effort
1367 3263 19 17 to

956 3287 85 23 prevent
1058 3286 34 19 the
1116 3284 82 20 soldiers
1222 3286 50 20 from
1298 3287 89 26 banging

955 3318 55 18 away
1038 3319 21 12 as
1084 3312 41 19 fast
1147 3318 21 11 as
1192 3312 47 25 they
1262 3321 45 17 caD,
1331 3314 54 19 when

955 3338 69 19 armed
1041 3337 49 20 with
1105 3345 11 12 a
1140 3338 55 19 swift
1223 3339 164 26 breech-loading

956 3364 103 25 magazine
1066 3365 43 18 rifle
1119 3364 40 19 like
1168 3364 35 19 the
1213 3365 84 20 Mauser
1308 3367 17 19 it
1340 3367 47 19 does

954 3393 38 17 not
1014 3390 47 20 take
1080 3391 48 25 long
1152 3392 19 17 to
1187 3391 64 21 throw
1274 3399 56 18 away
1354 3393 33 19 tho

956 3418 38 18 100
1009 3417 75 19 rounds
1096 3417 47 19 with
1155 3416 63 20 which
1242 3420 48 19 each
1308 3426 44 13 man
1370 3419 16 19 is

954 3443 102 26 provided.

982 3470 48 19 Jose
1040 3470 70 19 Maceo
1121 3477 39 12 was
1170 3469 38 21 left
1217 3470 20 21 iu
1250 3472 31 19 his
1293 3473 92 24 position,

954 3497 39 18 and
1004 3495 25 21 lie
1039 3497 43 18 still
1091 3497 46 19 held
1148 3497 16 18 it
1180 3497 57 20 when
1248 3499 35 18 the
1301 3502 85 17 steamer

953 3521 39 22 left
1003 3523 40 18 this
1053 3523 94 25 morning
1157 3523 32 19 for
1199 3524 103 26 Santiago.

982 3589 46 19 Two
1038 3589 85 26 English
1142 3590 113 24 genilemen
1274 3590 52 23 have
1344 3598 31 13 suc-

956 3615 73 20 ceeded
1039 3615 21 19 in
1074 3616 89 25 crossing
1179 3616 34 19 the
1229 3617 90 19 Channel
1335 3617 50 20 from

954 3642 69 19 Dover
1043 3644 20 16 to
1083 3642 66 19 Calais
1166 3642 19 19 in
1207 3650 10 11 a
1241 3644 80 18 tandem
1332 3646 53 23 cycle

956 3668 54 23 boat,
1034 3668 34 19 the
1090 3669 85 25 journey
1196 3670 112 25 occupying
1329 3677 56 13 seven

956 3694 60 19 hours
1027 3695 38 19 and
1077 3702 11 12 a
1105 3697 81 22 quarter
1219 3696 41 18 The
1279 3697 49 19 boat
1347 3704 38 12 was

954 3722 27 18 24
996 3721 41 19 feet
1053 3721 52 26 long,
1124 3722 58 19 fitted
1208 3723 47 19 with
1280 3730 11 12 a
1316 3724 69 25 paddle

953 3749 62 26 cycle.

980 3791 42 19 The
1030 3791 76 19 Italian
1123 3798 55 19 press
1197 3792 17 19 is
1222 3793 103 26 generally
1337 3801 36 12 con-

955 3818 70 19 vinced
1049 3818 46 19 that
1126 3824 40 13 war
1189 3818 15 19 is
1233 3819 105 20 imminent
1365 3820 19 19 in

954 3844 116 24 Abyssinia.
1100 3844 40 20 The
1163 3844 92 20 Coriiere
1269 3852 113 19 newspapei

956 3871 105 24 published
1073 3870 46 19 here,
1130 3873 51 17 state
1200 3871 44 19 that
1263 3872 74 19 Ku«.-ia
1348 3876 36 15 and

956 3898 78 18 France
1044 3903 35 13 are
1093 3897 148 24 endeavouring
1261 3899 21 19 to
1293 3898 92 25 entangle

954 3923 55 25 Italy
1021 3924 38 18 and
1070 3923 65 20 Great
1146 3923 79 19 Britain
1236 3923 20 20 in
1265 3931 25 13 an
1302 3924 83 20 African

954 3949 106 26 difficulty,
1079 3949 49 19 with
1143 3956 11 12 a
1168 3950 48 18 view
1234 3952 21 17 to
1270 3951 44 19 free
1336 3951 49 19 their

953 3982 43 13 own
1008 3975 63 19 bauds
1081 3975 21 20 in
1113 3976 65 19 action
1188 3982 19 13 in
1218 3976 35 20 the
1263 3976 56 20 East.

1199 91 58 21 THE
1271 91 59 21 HOT
1345 92 94 20 LAKES
1455 93 175 25 CHEONICLE,
1645 95 191 24 WEDNESDAY,
1860 93 118 22 AUGUST
1993 94 35 25 21,
2041 94 55 23 1895,

86 4054 205 17 RHEUMATISM.—Dr
302 4056 19 16 E.
331 4057 79 16 Gordon's
423 4062 51 15 remcd-

85 4087 37 12 :ver
138 4087 49 12 fails
202 4084 17 15 in
236 4085 115 19 permanently
366 4086 58 20 curing
434 4088 42 16 Rnou-

86 4111 49 19 itism,
146 4111 90 19 Lumbago,
248 4112 78 19 Sciatica,
338 4112 50 20 Gout,
409 4114 37 20 etc.,

86 4136 60 16 ebottle
154 4136 50 19 gives,
211 4136 52 17 relief.
283 4137 54 19 Price,
353 4138 32 18 10s,
396 4140 37 18 post
439 4139 16 16 fr
469 4145 17 11 oo

76 4163 74 16 fIA-XTON
159 4161 96 17 P.OBox—•
265 4163 114 18 234,Dn3uinu

955 4042 82 24 IAA
1050 4042 128 19 VISITING
1196 4041 98 25 CARDS,

957 4072 79 15 XVV/
1066 4074 22 13 or
1105 4067 139 27 gentlemen's)
1267 4070 82 25 punted
1365 4076 20 13 ?n

954 4094 46 20 best
1011 4094 53 26 style
1073 4095 33 19 for
1116 4096 22 17 4s
1149 4095 31 23 Gd,
1198 4097 21 17 at
1236 4096 34 19 the
1290 4096 56 20 office
1365 4097 20 18 of

953 4121 42 19 this
1005 4127 68 19 paper.
1102 4121 49 20 Best
1160 4121 58 26 ivory
1228 4121 156 25 surface-cards,

954 4148 40 19 and
1005 4147 96 26 printing
1112 4148 59 26 equal
1180 4151 20 17 to
1212 4149 133 25 copperplate

1555 163 11 32 g
1629 163 100 28 A\S
1881 165 10 30 |
1911 164 26 31 J
1951 162 59 31 f~%
2026 164 9 20 a
2071 163 130 32 ior

1554 171 113 58 LA
1679 179 53 52 K
1745 179 54 52 t
1880 171 199 60 HUU
2091 191 49 40 o
2153 179 53 50 t

1479 239 329 47 Hydropathic
1850 241 155 44 Hotel,
2042 242 202 38 Koturua-

1704 292 41 21 asS
1747 293 5 6 r
1752 292 300 21 t'A§sEiß?':'E«B6.

1432 325 85 24 Under
1530 326 40 23 the
1582 332 133 26 patronage
1727 329 25 22 of
1765 329 38 22 Sir
1827 328 38 22 W.
1886 326 101 31 Jervois,
2008 327 58 23 Earl
2085 328 47 23 and
2154 328 120 23 Countess
2295 328 17 22 of

1481 358 140 31 Hopetoun,
1634 360 41 23 the
1689 360 63 24 Hon.
1767 360 106 24 Premier
1885 359 47 23 and
1947 359 124 25 Members
2084 360 25 23 of
2121 360 152 23 Parliament.

1462 410 54 23 The
1529 410 76 23 Hotel
1620 410 19 23 is
1649 410 106 25 situated
1768 419 30 16 on
1812 419 28 15 an
1855 410 113 24 elevated
1981 411 104 31 position
2099 420 29 14 on
2142 412 41 23 the
2196 412 84 23 shores
2293 414 19 22 of

1430 442 66 24 Lake
1509 443 116 27 Rotorua,
1639 444 143 23 convenient
1796 449 24 18 to
1838 443 29 23 all
1883 443 38 23 the
1940 443 78 32 sights
2031 444 21 22 in
2067 445 40 22 the
2115 444 100 24 district.

1430 480 154 33 Sulphur
1597 482 69 24 and
1684 482 148 26 Mineral
1845 481 109 27 Baths
1967 482 24 22 in
2005 482 40 24 the
2064 482 116 24 Grounds
2199 483 26 23 of
2239 483 73 23 Hotel

1459 551 38 23 To
1506 556 66 18 meet
1582 551 42 23 the
1636 551 108 25 dullness
1756 553 25 23 of
1794 552 40 23 the
1848 552 71 22 times
1932 560 13 14 a
1958 551 90 32 charge
2061 553 25 22 of
2099 552 40 29 £2
2153 561 26 16 2s
2187 562 44 22 per
2243 553 69 24 week

1502 584 38 23 for
1557 593 14 14 a
1584 584 148 32 lengthened
1745 590 61 26 stay,
1842 584 85 24 Under
1940 592 46 15 one
1999 584 68 23 week
2081 586 35 23 Bs.
2130 594 43 23 per
2186 587 54 30 day.

1425 647 37 27 N.
1474 648 34 26 B.
1510 649 88 22 —Mrs
1611 649 110 23 Graham
1733 649 45 24 will
1792 649 52 23 also
1857 649 112 23 continue
1983 654 25 17 to
2017 649 126 30 supervise
2156 650 41 23 the

1518 682 139 42 Seysep
1674 682 122 36 Jiouse
1822 682 253 43 .Hydropathic
2095 682 122 40 Hotel,

1754 728 240 32 WAIBAJDiJ,

1423 765 75 24 which
1511 765 42 24 has
1566 766 101 25 become
1679 776 14 14 a
1702 766 100 32 popular
1813 767 22 23 &
1845 767 120 24 favourite
1976 772 77 19 resort
2064 773 113 26 amongst
2185 767 127 24 travellers

1771 800 47 23 and
1848 800 111 24 invalids.

1488 837 24 23 A
1531 837 124 24 reduction
1675 838 20 23 is
1716 838 71 23 made
1807 842 25 19 to
1852 837 93 32 weekly
1963 847 28 15 or
2003 838 108 32 monthly
2119 838 124 24 boarders.

1423 875 79 24 Guide
1517 875 81 24 Books
1607 876 47 23 and
1669 876 154 23 information
1832 877 77 31 gratis
1921 882 25 18 at
1955 877 70 24 Cook
2036 877 23 24 &
2069 878 62 23 Soils
2143 877 61 33 (sole
2214 878 97 32 agents)

1653 909 82 24 offices
1754 910 148 31 throughont
1921 910 40 24 the
1975 910 101 31 Colony.

1423 946 85 36 «Mps.
1530 946 36 38 R,
1586 946 213 41 (aRJIJiJUA,
1839 969 18 5 -
1911 970 17 4 -
1982 970 18 5 -
2043 949 265 43 Ppoppietpess,

1456 1045 108 40 Jii
1577 1028 133 58 Yb
1721 1045 65 40 ±L
1799 1045 77 41 irt
1925 1045 80 41 Jri
2016 1045 138 43 UU
2175 1045 54 44 &
2240 1047 64 40 JrL

1466 1101 329 46 Hydropathic
1827 1103 155 42 Hotel?
2000 1103 259 40 Wairakei.

1617 1147 35 19 Six
1662 1148 59 19 miles
1730 1150 52 17 from
1792 1148 58 20 Lako
1859 1149 70 25 Taupo
1940 1150 101 24 (Rotorua
2052 1150 59 24 side).

1544 1179 219 32 SUPERIOR
1795 1181 388 31 ACCOMMODATION

1610 1217 55 20 ALL
1674 1218 59 20 THE
1742 1218 145 21 COMFORTS
1898 1219 34 20 OF
1944 1220 17 18 A
1971 1219 82 20 HOME
2081 1220 38 20 OR

1651 1245 156 27 Tourists
1826 1246 69 26 and
1926 1246 139 27 Invalid

1927 1030 21 16 T
1987 1030 18 16 if
2009 1030 112 17 -TT
2175 1031 49 16 /—^

1931 1046 63 37 i~i
2101 1046 10 37 i
2112 1047 102 36 JIJ

1423 1315 63 26 Hot
1500 1315 203 32 Swimming
1716 1316 116 32 Baths,
1848 1317 294 28 Kiri-o-hine-Kai
2168 1324 38 21 or
2220 1318 84 27 Mew

1568 1350 83 26 Skin
1678 1350 97 30 Bath,
1801 1350 73 26 Hot
1887 1350 140 28 Douche
2038 1351 118 32 Baths,

1717 1383 117 26 Grand
1853 1383 152 28 Climate.

1516 1421 301 27 Elevation—lßso
1837 1422 68 27 feet
1919 1423 109 27 above
2040 1430 59 20 sea
2109 1423 96 30 level.

1423 1488 250 29 COMPETENT
1690 1490 161 28 GUIDES
1863 1499 156 26 accompany
2031 1492 107 25 tourists
2147 1493 27 24 to
2182 1492 45 25 the
2241 1488 71 41 vari-1

1515 1531 45 17 ous
1573 1524 85 32 places
1672 1525 26 23 of
1709 1525 116 32 interest,
1841 1526 85 24 which
1936 1526 74 24 baffle
2023 1526 46 25 the
2081 1527 65 24 most
2159 1526 77 25 facile
2246 1534 60 25 pen,

1514 1557 50 24 and
1578 1566 46 16 can
1637 1558 59 32 only
1711 1558 31 26 be
1754 1559 110 25 realized
1877 1559 75 26 when
1971 1567 67 19 seen,

1722 1593 28 17 —;
1961 1601 68 9 —-—
2032 1593 2 17 :

1423 1614 187 27 3EYSER
1625 1618 192 25 VALLEY
1827 1619 94 21 contains
1927 1618 36 22 the
1971 1619 107 27 following
2091 1619 121 27 unequalled
2222 1618 90 26 Natural

1493 1644 93 21 wonders
1595 1641 4 31 :
1602 1644 149 26 —Xuhuataiu,
1772 1653 22 13 or
1814 1646 66 21 Groat
1900 1647 132 25 Champagne
2053 1646 117 26 Cauldron;
2186 1647 34 20 the
2239 1641 73 29 Groat!

1493 1669 103 22 Wairakei
1606 1672 80 26 Geyser
1694 1669 4 34 ;
1709 1672 33 21 tlio
1752 1672 89 22 Donkey
1850 1673 81 26 Engine
1940 1669 4 34 j
1956 1673 35 20 the
2002 1672 84 22 Fairies'
2095 1672 52 22 Bath
2158 1669 3 34 ;
2174 1673 33 20 the
2220 1669 92 34 Lightti-1

1493 1696 38 26 ing
1544 1698 45 20 Pool
1599 1696 4 33 j
1615 1698 36 21 the
1660 1698 50 22 Case
1719 1699 31 21 -ds;
1762 1699 84 27 Geyser,
1861 1706 22 14 or
1894 1699 99 28 Dragon':
1993 1708 5 7 l
2009 1701 70 20 mouth
2090 1696 3 33 ;
2104 1699 36 21 the
2148 1699 59 21 black
2219 1700 85 26 Gevser;
2311 1696 1 33 j

1493 1724 34 21 the
1535 1725 51 20 Mud
1599 1725 78 25 Geyser
1686 1724 4 31 ;
1709 1726 34 20 the
1753 1726 53 20 Blue
1816 1726 56 21 Lake
1881 1736 5 17 ;
1895 1727 35 20 the
1946 1727 37 20 Oil
1996 1726 52 20 Bath
2059 1724 3 31 ;
2081 1727 35 19 the
2138 1727 80 25 Eagle's
2238 1727 74 28 Nest;!

1494 1751 35 20 the
1540 1750 77 21 DevilVi
1629 1753 70 19 Punch
1711 1753 71 25 Bowl;
1792 1753 35 20 the
1837 1753 73 21 Prince
1925 1753 21 20 of
1956 1753 78 21 "Wales'
2045 1750 111 34 Feathers;
2165 1755 33 18 the
2215 1750 89 34 Mirror;
2311 1750 1 34 j

1494 1777 32 21 the
1536 1778 55 19 Twin
1603 1779 77 26 Geyser
1691 1777 4 29 5
1706 1779 35 21 the
1752 1780 59 20 Coral
1823 1781 78 25 Geyser
1912 1777 4 29 ;
1929 1781 34 19 lhe
1973 1781 68 20 Green
2057 1777 61 29 Pool;
2137 1780 134 26 Terekerehe,
2283 1790 22 11 or

1493 1804 49 21 Hell
1553 1804 92 26 Geyser;
1655 1805 36 20 the
1701 1807 69 19 S'cam
1781 1807 104 20 Hammer.
1914 1807 85 21 Guide's
2010 1808 33 20 fee
2053 1810 21 18 to
2086 1808 79 25 Geyser
2184 1807 80 25 Valley,
2275 1810 29 23 ss;

1494 1832 92 19 distance
1596 1832 53 20 from
1658 1832 35 20 the
1704 1832 62 26 hotel,
1776 1840 38 13 ono
1825 1834 53 20 mile.

1423 1884 88 24 THE
1531 1884 93 24 ARE
1632 1886 98 23 ATE
1737 1886 95 24 ATE
1841 1877 37 33 A'
1903 1894 22 13 or
1936 1887 81 20 Ladder
2027 1887 84 26 Rapids.
2140 1887 41 20 The
2199 1887 106 21 Grandest

1493 1912 78 24 Rapids
1583 1912 20 19 in
1613 1912 36 19 the
1660 1912 102 20 Southern
1773 1913 138 26 Hemisphere
1919 1922 5 16 ;
1933 1913 76 27 falling
2020 1914 19 19 in
2060 1915 30 18 six
2107 1913 87 21 distinct
2211 1915 93 19 cascades

1493 1941 93 22 amongst
1603 1938 62 20 weird
1678 1939 40 20 and
1728 1940 75 25 nigged
1819 1947 91 19 scenery.
1937 1941 100 19 Distance
2047 1941 52 19 from
2111 1940 35 20 the
2165 1941 63 25 hotel,
2248 1941 57 20 three

1493 1964 64 20 miles.
1585 1965 77 20 Saddle
1670 1966 71 20 horses
1755 1968 23 17 to
1787 1966 48 19 visit
1846 1966 34 21 the
1888 1967 84 26 Rapids,
1984 1967 22 20 7s
2018 1967 25 20 (>d
2053 1967 55 20 each.

1423 2012 122 23 <ERA
1552 2013 72 23 PIT
1632 2012 3 29 I
1665 2020 21 12 or
1697 2014 35 18 the
1743 2014 77 20 Devil's
1830 2015 98 25 Trumpet
1939 2016 15 18 is
1972 2016 43 19 said
2035 2019 21 16 to
2078 2016 50 19 emit
2147 2023 12 12 a
2180 2023 94 18 pressure
2283 2016 23 20 of

1492 2039 71 19 ISOIbN
1573 2040 22 18 of
1610 2042 64 18 steam
1686 2042 20 18 to
1718 2040 33 20 the
1758 2040 54 24 inch;
1827 2041 53 19 from
1891 2048 25 12 an
1932 2044 97 23 aperture
2039 2042 21 19 of
2080 2042 64 19 about
2164 2044 23 17 12
2203 2042 71 21 inches
2283 2043 20 19 in

1492 2065 104 20 diameter.
1624 2066 101 21 Distance
1736 2067 52 19 from
1799 2067 56 20 hotel
1863 2068 57 20 three
1931 2069 38 19 and
1982 2076 12 12 a
2005 2068 41 20 half
2057 2068 69 24 miles;
2146 2069 71 20 saddle
2233 2069 71 20 horses

1492 2093 20 18 to
1525 2092 47 19 visit
1584 2092 34 20 the
1629 2093 69 24 above,
1711 2094 22 18 2s
1740 2094 25 20 (jd
1776 2094 55 20 each.

1827 2126 53 14 ALSO

1423 2144 86 23 THE
1531 2145 133 24 HUKA
1684 2146 169 30 FALLS,
1872 2147 35 20 the
1925 2148 106 19 Grandest
2041 2148 61 19 Falls.
2107 2155 21 12 111
2147 2148 35 19 the
2201 2148 101 21 Southern
2311 2140 1 36 |

1491 2178 141 22 Hemisphere.
1662 2178 41 17 The
1714 2177 56 20 Falls
1780 2183 45 20 may
1840 2179 24 18 be
1874 2178 73 20 visited
1955 2185 25 12 011
1991 2178 35 20 the
2036 2185 53 14 same
2097 2178 114 25 expedition
2226 2187 22 12 as
2269 2180 35 19 the

1490 2200 79 21 Devil's
1577 2202 105 26 Trumpet.
1710 2202 98 21 Distance
1818 2204 54 20 from
1883 2204 52 21 hotel
1947 2205 59 20 three
2015 2205 38 19 and
2065 2213 11 12 a
2086 2205 45 20 half
2141 2205 62 20 miles.
2228 2206 75 19 Saddle

1493 2227 59 21 horse
1569 2235 22 12 or
1601 2228 70 26 buggy
1686 2229 49 20 2fcf)d
1745 2230 56 19 each.

1545 2254 89 27 MRS
1648 2255 37 27 It.
1704 2256 197 32 GrKAHAM,
1921 2258 245 33 Proprietress.

1494 2578 9 46 t
1640 2589 45 44 H
1694 2597 9 21 ,;
1706 2591 22 43 j)
1741 2517 2 136 :
1751 2517 61 136 ljfj
1825 2517 1 136 :
1850 2544 24 92 |

1946 2533 9 14 ?
1967 2515 2 47 ;
1977 2515 65 47 (Ifl'-
2046 2549 11 7 -,
2063 2515 2 47 ■
2073 2515 3 47 i
2086 2534 66 24 i<Av

1941 2556 2 23 :
2012 2557 7 17 ?
2080 2559 26 18 V-:
2117 2556 39 22 vn
2162 2570 5 9 ;
2167 2573 8 6 ,

1943 2573 53 32 ili'ifc
2011 2578 8 30 f
2036 2573 3 35 '.
2058 2573 9 35 '
2077 2579 38 22 .7^'
2117 2573 2 35 :
2120 2579 80 23 ;x>K>..

1952 2644 12 16 V
1974 2643 2 21 -
1993 2643 4 21 ;
2004 2643 16 19 :'•'
2035 2643 2 21 :
2046 2643 3 21 :
2050 2643 3 21 ;
2056 2643 6 18 ii
2077 2646 17 17 St-:

1952 2906 110 60 s;|||j
2079 2907 20 50 f
2104 2905 136 65 f|fg||

1559 3277 58 26 HIGH
1637 3278 34 26 ST.
1692 3279 38 25 and
1750 3280 108 28 VICTORIA
1869 3283 33 26 ST.
1919 3283 63 32 EAST,
2006 3284 128 27 AUCKLAND.

1410 3360 6 7 «
1519 3336 64 19 nl,ovo
1602 3336 111 22 Favourite
1729 3339 41 19 and
1793 3340 142 22 Commodious
1953 3343 65 20 Hotel
2037 3344 75 19 affords
2130 3345 167 21 EXCELLENT

1404 3359 244 23 ACCOMMODATION
1680 3365 33 18 for
1739 3365 141 27 TOURISTS,
1916 3369 182 21 TRAVELLERS
2125 3373 16 17 &
2172 3373 125 20 VISITORS

1405 3388 44 18 who
1459 3388 42 19 will
1510 3389 76 19 receive
1597 3390 161 24 every.Comfort
1772 3392 40 19 and
1828 3393 112 21 Attention.

1840 3425 32 11 o—

1444 3438 82 27 Sample
1536 3440 76 20 Rooms
1621 3441 32 19 for
1663 3441 185 23 COMMERCIAL
1858 3446 183 22 TRAVELLERS
2051 3450 101 19 available
2162 3453 20 16 at
2192 3451 28 19 all
2230 3452 66 19 times.

1457 3492 91 26 Charges
1557 3492 112 22 Moderate.
1695 3495 116 21 SPECIAL
1817 3497 88 22 RATES
1912 3500 33 19 TO
1957 3500 176 21 PERMANENT
2140 3502 155 22 HOARDERS.

1456 3544 106 21 Excellent
1572 3545 88 21 Cuisine.
1689 3547 96 26 Spacious
1798 3550 41 19 and
1858 3551 181 22 Well-Ventilated
2058 3554 115 21 Bedrooms.
2211 3557 85 20 Billiard

1405 3571 63 19 Loom
1480 3572 49 19 with
1539 3575 39 16 two
1588 3572 104 20 first-class
1702 3575 72 19 tables.
1802 3575 43 20 Hot
1859 3578 16 18 &
1886 3578 56 20 Cold.
1950 3579 81 26 Plunge
2041 3582 16 16 &
2067 3580 83 21 Shower
2159 3582 71 19 Baths.

1663 3605 73 26 Spirits
1746 3607 39 18 and
1796 3608 47 19 Ales
1853 3610 21 17 of
1884 3610 35 19 the
1930 3611 43 19 best
1982 3611 81 20 Brands
2070 3612 53 25 only,

1581 3767 228 76 %A!&kr
1813 3831 19 12 n
1887 3800 45 39 W.
1953 3801 186 40 Blomfleld
2155 3803 38 38 &
2204 3804 55 39 Go,

1417 3824 143 27 GENERAL
1602 3826 239 35 STOREKEEPER,

1504 3858 54 20 THE.
1583 3859 35 20 SU
1625 3860 33 20 SAG
1661 3860 15 20 A
1680 3861 63 22 LOW.

1409 3892 189 24 EvAKARAMEA,
1625 3894 128 22 GALATEA
1784 3898 59 20 AND

1458 3919 174 20 WAI-O-TAPU
1647 3921 147 22 JUNCTION.

1407 3971 84 20 Horse
1529 3971 55 22 feed
1624 3974 51 20 and
1704 3974 141 24 Lunclieon

1560 3999 135 25 provided.

1468 4077 120 21 Barrister
1603 4079 48 20 and
1664 4080 124 26 Solicitor,

1573 4105 107 20 Rotokua.

1407 4155 52 22 May
1473 4156 25 18 be
1510 4157 104 18 consulted
1627 4159 22 17 at
1655 4158 115 20 Falloona's
1777 4160 68 19 Hotel.

1861 3878 208 22 TOTALISATOR
2089 3881 200 26 proprietors

1853 3933 1 26 i
1888 3933 41 18 Are
1936 3933 100 25 prepared
2044 3935 21 17 (o
2079 3933 55 20 make
2141 3938 155 21 arrangements

1862 3965 25 11 on
1906 3958 121 20 favourable
2046 3961 62 18 terms
2133 3961 32 18 for
2182 3961 34 19 the
2226 3968 39 14 use
2275 3963 21 18 of

1863 3984 53 19 their
1926 3985 108 19 machines.

2036 4020 101 20 Addhess

1854 4058 56 55 jW,
1948 4058 183 36 Blomfield
2169 4060 36 36 &
2241 4061 55 40 Go,

1933 4113 106 33 QUEEN
2100 4113 129 34 STREET,

1995 4160 171 27 AUCKb/rNO.

641 4241 129 53 Ask
794 4240 92 50 for
921 4232 281 57 Hanccok
1222 4246 26 38 s
1274 4231 343 58 Celebrated
1645 4247 206 45 xxxx
1874 4241 146 53 Ales
2046 4242 117 52 and
2187 4243 192 51 Stout.

2366 149 114 22 Visitors
2491 153 27 19 to
2529 151 46 21 the
2591 151 53 20 Hot
2655 151 90 20 Lakes.

2527 203 58 19 THE

2424 235 2 12 •
2432 237 10 10 >
2455 235 3 12 i
2470 238 16 9 *'"s
2699 235 5 12 '4

2424 249 39 11 i-V.l
2472 248 70 15 -isKiC?
2578 247 143 19 i.iUUDi,

2338 270 93 20 Situated
2458 272 20 18 in
2502 273 35 19 the
2557 274 51 19 Now
2636 275 131 19 Government

2340 296 106 25 Township
2461 298 19 17 in
2500 298 52 19 eloso
2570 301 109 23 proximity
2697 301 21 16 to
2736 299 31 19 the

2338 322 68 19 Baths.
2427 320 134 28 Sanatorium,
2584 325 50 19 Post
2651 325 61 19 Office
2730 331 19 12 ai
2758 325 9 18 d

2336 348 93 24 llaihvay
2441 348 85 19 Station.

2362 400 42 17 Tlie
2414 399 62 18 Hotel
2487 400 17 17 is
2519 400 127 26 luxuriously
2664 401 103 20 furnished

2336 425 39 19 and
2385 426 76 24 replete
2469 426 49 18 with
2528 432 59 19 every
2597 428 131 17 convenience
2740 433 27 12 tor

2336 451 81 19 tourists
2428 452 38 17 and
2483 451 74 19 others.
2585 452 21 18 It
2624 452 115 19 commands
2758 459 9 12 a

2336 476 90 25 splendid
2436 477 51 19 view
2495 477 21 19 of
2526 478 34 18 the
2570 477 56 19 Lake
2636 478 40 19 aiul
2686 478 16 18 is
2713 478 44 19 with-

2336 502 20 17 in
2365 508 48 19 easy
2422 509 66 12 access
2497 504 22 18 oil
2528 503 35 19 the
2573 503 75 25 Geyser
2657 503 85 25 Springs
2749 504 18 18 of

2336 527 191 21 Whakarewurewa
2537 529 41 19 and
2587 524 28 24 ail
2629 529 34 19 tlie
2672 529 66 24 sights
2749 531 18 17 of

2336 553 32 19 the
2378 553 84 20 district.

2345 579 35 19 All
2389 579 108 26 telegrams
2505 581 103 25 promptly
2620 581 94 19 attended
2725 583 27 17 to.

2408 634 80 32 JOhn
2533 634 147 32 ohnstori,

2354 666 32 25 iP
2397 670 182 22 ROJ?ItI
2584 672 33 21 J?
2627 672 28 20 T
2665 671 24 21 O
2699 671 39 22 71.

2338 750 53 46 iyj
2407 750 88 21 OKo
2510 752 12 19 I
2537 753 18 19 A
2619 752 107 46 yIE
2740 753 27 19 AV

2491 804 125 20 PKIVATE

2336 850 78 30 BOA
2422 851 24 30 R
2454 851 105 31 DING
2615 853 90 30 H3U
2713 853 20 29 3
2742 852 22 30 E

2336 960 124 19 OPPOSITE
2479 964 13 15 Hi
2497 964 33 15 HE
2549 961 66 20 ©OSH
2624 965 52 16 AND
2686 960 72 21 ©ELiE

2549 989 96 20 OPPIGE

2336 1018 40 19 And
2390 1025 48 13 near
2458 1020 34 19 the
2515 1021 123 19 Celebrated
2662 1019 101 20 PBIEST

2382 1052 115 20 RACHEL
2505 1053 42 19 and
2552 1054 58 19 other
2618 1052 98 25 BATHS,

2477 1084 139 21 IiOTOBUA.

2352 1136 119 35 MRS
2498 1137 215 41 YOUNG,

2564 1184 144 25 Proprietress.

2444 1209 70 19 Terms
2530 1210 112 19 Moderate.

2336 1284 68 27 DU

2691 1286 1 12 •
2698 1286 18 12 -■i

2728 1288 29 18 vT

2336 1435 71 19 Losses
2432 1435 54 18 PAID
2620 1435 139 20 £20.000.000

2336 1487 44 20 b'litK
2388 1487 105 20 Premium
2507 1487 97 20 EXCEEDS
2647 1489 34 23 1,5'
2688 1491 30 16 Mi
2733 1489 26 19 00

2336 1541 62 21 kccuw
2404 1547 82 14 L'Lixi'i)
2535 1540 71 20 Funds
2766 1540 1 29 |

2336 1567 77 22 SUCCEED
2643 1568 59 21 £IOO
2766 1567 1 22 !

2336 1619 11 23 I
2364 1620 58 23 WARD
2431 1620 73 25 BAKER,

2364 1646 70 22 District
2442 1646 81 26 Manage!',

2420 1672 92 22 Auckland,

2574 1618 18 23 w
2608 1620 10 22 a
2632 1620 101 24 Williams

2606 1645 47 23 Local
2671 1647 52 26 Agent

2631 1673 78 24 Kotorua,

2530 2147 55 24 Style
2596 2146 40 19 and
2646 2145 20 19 Pi

2426 2178 71 96 P-±.
2516 2173 25 20 bo
2554 2179 31 18 ec[:
2596 2172 53 19 aileu
2662 2172 4 102 i

2516 2243 46 19 Lar:
2573 2242 37 23 his;
2623 2240 43 19 Ohi.

2484 2312 22 26 [A
2522 2314 71 26 OA.RD.]

2422 2433 6 15 !•
2437 2432 16 19 R
2465 2433 15 18 &
2490 2432 176 19 CJONTECTTO?

2794 157 12 26 |
2810 157 26 23 T
2912 160 69 21 BROS

3104 161 120 20 ILLTAMS

2798 172 7 7 r
3061 176 14 10 /v
3083 172 4 15 I
3097 172 3 15 t
3106 172 7 8 i

2857 218 111 29 Steam
2994 224 155 27 Sawmill

2788 256 154 24 M.ARAEROA
2980 264 110 21 OTUROA
3131 265 91 23 13USH..

2813 287 45 26 Leg-
2867 291 19 17 to
2896 297 12 12 ;i
2916 292 64 20 solicit
2993 302 11 11 a
3014 296 58 20 sliaro
3085 299 21 18 of
3119 297 70 27 public

2944 322 115 24 patronage.

2787 359 42 20 The
2836 360 62 20 Rinm
2907 363 80 21 Timber
2996 367 20 18 in
3026 368 39 18 this
3078 370 57 20 Busli
3148 372 17 19 is
3179 372 36 19 the

2865 389 70 18 lamest
2944 390 21 18 in
2978 391 48 20 Now
3041 393 93 23 Zealand.

2787 436 42 19 The
2838 440 123 23 proprietors
2970 448 33 13 arc
3013 447 96 23 prepared
3121 450 21 17 to
3152 456 62 15 guar,

2813 464 58 18 anteo
2880 464 35 20 the
2924 467 77 25 quality
3012 470 38 17 anil
3059 471 33 20 the
3101 473 60 19 finish
3166 475 21 19 of

2839 491 34 17 the
2881 491 74 19 timber
2963 494 91 24 supplied
3062 496 26 25 by
3100 499 61 20 them.

2837 541 73 23 GOTHIC
2919 531 244 41 PICKETSTSPECIALITY.

2787 586 94 27 Delivery
2890 595 23 14 as
2920 590 88 19 directed
3015 591 21 19 in
3053 595 58 23 town,
3131 600 84 23 country

2930 622 23 12 or
2962 618 20 17 at
2992 617 80 20 station.

2862 659 82 23 LOWEST
2966 661 94 23 CURRENT
3074 663 68 22 RATES.

2838 700 88 21 Address

2892 727 33 20 W.
2936 729 24 19 A.
2972 729 144 21 WILLIAMS

3051 756 138 21 ROTORUA.

2830 810 27 27 J.
2876 811 51 28 W.
2949 814 214 35 WHIG-LEY,

2862 868 19 19 R
2909 869 15 25 Q
2951 870 21 19 II
2999 872 11 17 i
3044 872 15 19 t
3092 873 18 18 e
3143 873 16 19 c
3193 874 23 25 T,

2923 921 139 22 ■ROTORUA.

2810 955 68 19 A«ent
2895 955 30 19 for
2939 959 33 17 the
2992 959 63 18 South
3076 959 80 20 British
3165 961 49 20 Fire

2782 979 16 20 &
2810 980 80 21 Marine
2900 982 112 21 Insurance
3024 986 108 20 Connmnv.

2848 1042 210 26 Established
3080 1051 59 19 isig.

2780 1110 59 17 Under
2860 1113 30 16 the
3113 1119 99 22 Patronage

2781 1133 31 14 Ills
2827 1133 61 17 1jX,:o!-
3111 1140 49 20 loncy
3180 1141 29 16 the

2779 1152 88 19 Governor
3054 1154 8 19 %
3073 1152 1 26 ■
3111 1166 9 8 n
3122 1162 6 14 |*
3178 1162 10 16 y
3189 1152 2 26 J

2780 1249 127 35 guilder
2937 1251 57 26 and
3022 1252 176 29 Contractor

2849 1303 306 32 ROTOEUA.I

2779 1365 106 21 Estimates
2906 1367 57 25 given
2978 1369 32 19 for
3024 1369 110 26 Buildings,
3145 1371 42 21 alto

2796 1392 77 21 tations
2881 1395 39 18 and
2931 1395 76 24 repairs
3017 1397 20 17 in
3049 1396 26 19 all
3085 1397 98 21 branches
3188 1402 10 12 r-

2934 1421 22 19 of
2966 1421 34 19 the
3008 1422 63 20 trade.

2805 1451 100 25 Painting,
2916 1452 162 28 Paperliauging,
3093 1456 40 19 and
3149 1456 48 20 Glaz-

2779 1476 38 33 ing,
2827 1478 103 20 Venetian
2941 1480 17 19 &
2969 1479 57 21 other
3040 1481 67 20 Blinds
3116 1484 22 17 to
3148 1484 59 19 order

2779 1510 34 19 &or
2827 1505 115 24 re-painted
2957 1506 39 19 and
3006 1508 98 25 re-taped.

2782 1534 57 20 Good
2849 1535 67 20 stocks
2930 1536 21 19 of
2965 1536 88 21 Funeral
3066 1538 121 28 Requisites.

2779 1594 15 23 g
2824 1591 139 21 FUNERAL
2982 1594 173 22 FuKNiSiiEK.
3193 1587 15 27 S

2873 1681 37 25 li.
2941 1678 180 30 MARTIN.

2779 1725 125 29 Saddler
2914 1731 19 23 &
2949 1727 132 29 Harness
3096 1728 108 30 IVlaker.

2821 1773 60 19 (Next
2893 1774 23 18 to
2925 1773 92 19 Larkin's
3031 1774 50 19 Boot
3096 1774 65 22 Shop.)

2897 1809 186 22 OHINEMUTU.

2798 1851 89 24 Saddles,
2902 1851 83 25 Bridles,
2994 1853 83 23 Collars,
3087 1854 32 19 &c.
3129 1854 49 25 kept
3185 1854 21 19 in

2779 1877 64 21 Stock.

2836 1915 34 19 All
2881 1915 131 25 descriptions
3022 1917 21 19 of
3055 1916 81 21 harness

2907 1945 57 17 made
2975 1946 19 16 to
3005 1943 64 20 order.

2827 1985 83 25 Repairs
2921 1985 51 20 done
2987 1985 48 20 with
3045 1986 104 25 despatch.

2779 2022 50 25 Style
2839 2023 39 19 and
2896 2022 154 26 Workmanship
3065 2024 133 24 guaranteed.

2779 2091 183 38 JECKLiN
3026 2074 177 56 COTTER*

2839 2155 115 22 FAMILY
2975 2157 164 26 .BWfCHBBS,

2852 2199 73 19 Arawa
2939 2198 71 25 Street,
3026 2199 97 24 Rotorua,

2801 2241 56 20 liase
2867 2243 23 17 to
2900 2241 65 21 thank
2980 2242 34 19 the
3026 2242 68 25 public
3109 2242 22 21 of
3140 2242 52 20 Roto-

2779 2274 31 13 rua
2820 2269 32 18 for
2859 2270 47 23 pant
2917 2270 66 18 favors
2998 2270 40 18 and
3059 2269 36 26 beg
3112 2274 20 14 to
3151 2271 54 18 state

2779 2295 41 25 they
2832 2295 40 18 will
2883 2295 96 20 continue
2986 2298 22 16 to
3016 2296 58 19 merit
3085 2296 120 26 support*by

2779 2321 102 26 providing
2899 2322 35 18 the
2955 2322 44 20 beat
3019 2322 116 26 qiiality>of
3151 2328 53 14 meat

2838 2358 31 27 At
2895 2358 108 27 lowest
3029 2361 106 33 prices.

2789 2432 80 28 HOT
2873 2434 87 27 OKU
2961 2434 29 27 A
3033 2436 152 33 HOTEL,

2851 2467 77 26 Facing
2947 2468 58 20 Lake
3023 2468 102 22 Rotorua.

2834 2516 137 19 NATURAL
2987 2517 58 19 HOT
3060 2517 91 25 BATH;

2779 2542 87 19 ittached
2878 2547 19 14 to
2909 2545 33 17 tue
2954 2543 62 20 house
3024 2544 44 20 free
3078 2547 22 17 to
3117 2546 90 20 visitors.

2779 2588 82 20 Phaeton
2873 2588 50 26 kept
2934 2593 32 15 lor
2975 2597 34 12 use
3019 2591 23 19 of
3062 2591 85 21 tourists
3165 2593 40 19 and

2943 2617 94 20 invalids.

2796 2668 129 20 Terms:—On
2937 2676 35 17 per
2982 2670 44 25 day,
3038 2678 22 12 or
3071 2673 36 18 35s
3120 2679 11 12 a
3142 2672 63 20 week.

2950 2717 10 20 J
2970 2717 3 26 .
2985 2718 164 25 FALLOOJNA,

3050 2747 125 24 Proprietor.

2798 2785 126 60 T.T.
2947 2803 194 52 KERPOUB,

2779 2864 135 37 TailorS
2935 2864 263 48 Habit-Maker,

2779 2924 43 23 [For
2833 2925 24 18 25
2869 2931 57 18 years
2937 2924 19 19 in
2968 2924 33 19 the
3017 2924 61 21 West
3099 2926 43 19 End
3160 2926 22 20 of

2935 2951 104 25 London.)

2838 2982 298 29 ROTORUA.

2869 3018 45 19 Has
2924 3017 75 26 always
3009 3026 25 12 ou
3044 3019 55 20 hand

2792 3050 61 18 Best
2874 3050 117 26 ESngJasSSj
3010 3051 95 18 Scotch
3125 3052 53 18 asul

2855 3072 120 18 CoSouinß
2996 3073 117 18 'fi'weeds.

2792 3101 69 22 Styßc
2941 3100 43 18 S?i£

2779 3131 28 17 L;t
2811 3131 56 17 «££<■*
2886 3130 114 18 ,0:t«-kets
3024 3132 52 17 »ni!
3100 3133 96 21 E&itiitig

2846 3153 120 16 SS£3si
2976 3154 140 21 £g»ccia!ity

2779 3187 23 17 All
2809 3187 46 18 suits
2862 3186 54 18 made
2923 3189 21 16 to
2951 3186 54 18 order
3012 3189 20 16 at
3038 3187 97 18 Auckland
3145 3188 41 23 pric
3192 3194 8 11 s

2826 3234 164 37 Rotorua
3005 3234 158 44 library.
3203 3234 2 44 •

2779 3295 54 47 OP
2841 3296 16 19 15
2864 3296 19 19 N
2899 3296 52 20 from
2964 3297 24 18 10
3000 3304 45 12 a.m.
3054 3299 21 17 to
3086 3298 11 18 5
3104 3303 45 19 p.m.
3160 3296 40 20 and

2830 3325 11 17 G
2850 3324 26 18 30
2885 3326 19 15 to
2914 3323 25 19 10
2948 3330 11 18 p
2970 3330 23 11 in.
3006 3324 93 23 Sundays
3107 3323 30 19 till
3146 3325 54 23 Dp.m

3038 3359 49 18 per
3100 3359 96 13 asasssasaa

2794 3385 88 20 Visitors
2902 3392 44 18 maj'
2965 3392 85 18 procure
3066 3385 66 20 Books
3147 3385 53 20 from

2779 3413 23 18 he
2819 3412 86 24 Library
2923 3419 24 12 on
2965 3412 83 26 making
3066 3420 11 11 a
3090 3412 78 24 deposit
3179 3412 21 18 of

2779 3441 26 16 lot
2820 3438 39 19 less
2879 3434 47 23 than
2945 3439 28 21 ss,
2992 3439 39 19 and
3048 3438 120 26 purchasing
3178 3439 22 18 Is

2779 3465 1 25 :
2792 3472 54 18 upon
2857 3465 33 18 for
2899 3471 62 19 every
2972 3465 55 20 Four
3037 3465 70 19 books.

2794 3497 41 19 The
2855 3497 86 25 Library
2960 3497 18 19 is
3001 3504 52 19 open
3076 3497 70 24 during
3165 3496 34 19 the

2858 3582 151 40 SELE

2793 3664 186 40 Maraeroa
3006 3664 169 38 Sawmill.

2779 3722 7 25 f
2808 3723 30 17 ES
2854 3723 34 17 RE
2911 3724 22 16 to
2944 3723 66 18 thank
3027 3722 36 18 the
3081 3721 66 21 public
3170 3719 31 18 for

2779 3740 5 20 •1
2796 3747 9 11 '
2830 3746 47 20 past
2886 3744 68 19 favors
2974 3744 39 17 and
3022 3744 37 21 beg
3067 3744 22 16 to
3098 3746 102 14 announce

2779 3765 36 18 hat
2837 3766 76 21 having
2925 3771 12 13 a
2952 3766 54 20 large
3029 3765 59 17 stock
3100 3764 21 18 of
3144 3763 44 17 well-

2779 3789 85 16 easoned
2887 3787 106 18 first-class
3015 3786 73 17 timber
3107 3790 24 13 on
3146 3783 54 19 hand

2779 3808 40 21 hey
2841 3814 34 12 are
2894 3808 98 22 prepared
3005 3809 21 16 to
3038 3806 53 19 fulfil
3100 3806 67 18 orders
3179 3805 21 17 at

2780 3830 74 18 educed
2866 3831 55 17 rates
2930 3826 6 4 *

2817 3859 18 2 ~
2849 3859 27 40 I
2897 3870 28 30 F.
2948 3857 168 46 PM'fleS,

2901 3907 169 21 FRUITERER.

2796 3942 54 18 Next.
2860 3940 102 20 Saddler's
2977 3940 55 24 shop,
3045 3939 127 21 Ohinemutu,

2779 3975 34 19 [las
2829 3975 75 24 always
2919 3981 9 11 a
2946 3973 51 25 good
3013 3972 74 26 supply
3102 3972 20 18 of
3137 3968 63 21 Fresh

2823 4000 64 22 Fruit,
2907 4000 51 18 both
2976 3999 51 19 local
3050 3998 38 19 and
3111 3998 23 17 im-

2875 4026 72 25 ported
2982 4032 25 12 on
3043 4024 54 18 hand

2938 4052 93 19 Also

2890 4078 19 19 A
2932 4075 153 22 well—assorted

2823 4105 56 19 stock
2892 4104 21 18 of
2923 4103 92 23 Biscuits,
3024 4100 112 26 Cpnfcetion-

2779 4138 27 18 .ry
2815 4131 40 19 and
2866 4132 92 18 Summer
2969 4128 76 19 Brinks
3055 4132 20 14 at
3085 4125 113 19 MoiiEiiAiE

2956 4160 68 14 riiieus
