3300 4360
189 89 464 16 Hot
807 89 773 16 Lakes
1734 89 1545 16 Chronicle.

712 443 504 47 TOTJBISTS'
1980 438 5 10 1
2096 445 481 41 JrOTTJE&JSrJ^T-i.

455 563 455 87 Circulating
931 557 457 87 throughout
1409 554 129 71 the
1562 554 291 70 Tourist
1898 554 305 72 Resorts
2251 559 80 69 of
2366 559 127 70 the
2537 562 266 72 World.

77 722 59 20 VOL.
151 723 19 17 4.
200 721 40 19 No.
256 722 37 17 210

1248 709 141 22 ROTORUA,
1406 708 58 22 K.Z.,
1481 707 160 22 SATURDAY,
1659 706 154 19 DECEMBER
1828 708 30 22 12,
1876 708 47 17 1896

2857 719 252 25 PRICE—THREEPEN
3114 724 31 20 CE

144 861 49 26 Do
206 861 58 25 not
276 860 119 31 Forget

145 906 250 48 CRAIG'S

109 973 166 20 CURIOSITY
289 961 81 30 SHO'i>
382 970 47 20 and

198 1000 136 20 MUSEUM

129 1042 113 25 Opposite
249 1040 80 20 Grand
335 1038 77 23 Hotel,

90 1086 126 28 FRINGES
227 1086 45 28 ST,
283 1082 169 29 AUCKLAND.

141 1206 142 19 INSURS
308 1204 94 17 WITH

56 1244 51 17 THE
112 1242 80 18 SOUTH
200 1241 97 17 BKITTBH
304 1239 78 17 FIRE&
390 1237 99 17 MARINE

130 1265 42 16 Coy.
183 1263 29 16 OP
223 1261 56 18 NEW
287 1260 121 17 ZEALAND.

55 1296 75 16 Capital
385 1289 103 19 £1,900,000

101 1323 94 18 Unlimited
209 1322 74 19 liability
292 1321 19 15 of
317 1319 129 17 Shareholders.

56 1346 57 20 Being
121 1350 9 11 a
139 1344 78 17 Colonial
230 1343 102 16 Institution
346 1341 63 16 Profits
421 1345 29 11 are
461 1340 18 15 in-

205 1364 60 17 vested
271 1363 68 21 Ideally.

57 1388 50 17 Head
122 1388 52 16 Office
398 1382 91 17 Auckland

56 1410 52 17 Local
117 1410 53 20 agent
348 1406 11 16 J
376 1405 28 18 W.
411 1403 80 22 Wrigley

59 1476 164 45 ROTORUA
244 1475 93 42 BOOT
358 1474 26 41 &
400 1472 91 42 SHOE

210 1540 127 42 DEPOT.

116 1648 46 53 J.
184 1644 249 54 LARKiN.

61 1935 19 19 A
99 1935 67 24 'Large
185 1933 62 20 Stork
267 1933 20 19 of
304 1932 96 22 German,
416 1928 79 20 French

130 1961 40 19 and
180 1959 92 21 Colonial
282 1959 63 19 Boots
355 1957 75 24 always

225 1987 22 18 in
264 1985 67 19 Stock.

64 2025 70 19 BEST
142 2022 154 21 MATERIAL.
332 2020 70 20 BEST
410 2018 85 21 WORK

141 2063 159 20 AUCKLAND
310 2060 106 21 PRICES.

63 2144 164 24 Hand-sewn
237 2142 80 23 Boots
325 2148 16 17 a
357 2139 137 31 Specialty.

64 2206 242 50 KUSABS
340 2203 164 48 BROS.

63 2304 74 42 SAW
152 2303 27 42 &
204 2300 154 44 PLAHING
378 2298 118 43 MILLS.

67 2373 270 26 MOUNTHIN
360 2369 138 25 RI7U^\J.

224 2409 42 13 THE
278 2408 54 14 ONLY

66 2434 134 22 GENUINE
214 2433 61 20 DKY
290 2431 80 21 LAND
387 2430 112 20 TIMBER

170 2466 28 17 IxM
212 2464 53 18 THE
278 2462 115 18 MARKET.

66 2511 128 26 TV/TESSRS
213 2509 100 19 KUSABS
330 2508 72 19 BROS,
415 2508 37 22 beg
468 2513 31 11 re-

67 2528 51 28 IVI.
142 2534 102 24 spoctfully
249 2535 21 16 to
277 2533 71 17 inform
356 2532 32 17 the
401 2531 66 18 Public
480 2530 20 17 of

66 2560 78 15 Kotorua
152 2558 34 16 aud
196 2557 74 20 vicinity
278 2556 39 16 that
325 2557 42 18 they
381 2555 43 15 have
440 2556 49 13 estab-

66 2581 56 15 lished
130 2586 9 9 a
148 2579 43 21 yard
200 2579 18 15 in
231 2578 127 18 Hiuemoa-st.,
367 2577 33 14 and
416 2575 83 16 win'now

66 2603 63 19 supply
137 2601 29 16 the
175 2601 51 16 finest
234 2600 43 15 elans
291 2599 19 15 of
324 2597 83 20 Building
419 2596 81 16 Material

66 2624 18 16 in
93 2624 29 15 the
130 2622 75 16 Market.
222 2622 18 14 It,
247 2620 15 16 is
269 2619 103 21 unequalled
380 2619 17 15 in
406 2617 94 21 durability

67 2645 34 15 aud
110 2644 105 21 impervious
224 2645 17 13 to
250 2643 29 14 the
287 2641 68 16 aiiauko
371 2640 17 15 of
402 2640 49 15 borer
465 2638 34 16 and

67 2666 32 20 dry
111 2669 32 13 rot.
165 2664 54 16 Their
227 2662 83 17 sawmills
318 2667 29 11 are
355 2661 50 17 fitted
414 2660 42 16 with
470 2660 30 15 the

67 2690 45 13 moat
120 2686 69 16 moderu
198 2685 99 21 appliances
307 2683 34 16 and
350 2683 29 16 the
386 2682 38 16 firm
437 2681 15 16 is
462 2681 39 16 able

67 2712 18 13 to
101 2707 62 21 supply
179 2712 33 15 any
229 2706 82 21 quantity
327 2704 19 17 of
360 2704 39 21 Dry
416 2702 85 20 Building

67 2730 81 16 Material
156 2734 23 10 on
187 2729 30 15 the
225 2729 76 15 shortest
307 2726 63 16 notice.

70 2780 140 29 Skirtings,
219 2778 179 26 Architraves,
403 2775 82 24 Mould-

104 2816 68 29 ings,
184 2814 53 24 and
245 2812 113 25 Dressed
367 2811 102 24 Timber

134 2854 28 24 of
170 2860 82 23 every
267 2851 167 30 description,

162 2897 110 28 Always
282 2902 35 16 on
325 2894 85 24 Hand.

96 2930 119 26 KENATJ
225 2929 108 24 HOUSE
344 2927 130 25 BLOCKS.

90 2979 50 17 Price
148 2979 48 16 Lists
203 2983 23 11 on
235 2977 104 21 application
349 2977 19 15 to
402 2979 12 17 '.
428 2977 3 21 '

71 3012 226 36 KUSABS
332 3009 150 34 BEOS

144 3062 120 19 MAMAKU
276 3067 27 13 on
315 3060 113 18 OHAUPO.

200 3100 26 18 Or
235 3101 20 15 at
263 3099 33 17 the
308 3098 68 20 Yards,

95 3137 126 18 HINEMOA
233 3135 102 20 STREET,
355 3132 127 19 ROTORUA.

73 3259 433 39 CIEPM.T3SIE,

179 3311 105 19 FENTON
301 3309 101 21 STREET,

167 3363 101 18 Opposite
317 3362 80 17 Grand.

99 3398 66 19 Sashes
174 3398 54 17 made
237 3398 20 16 to
266 3396 60 18 order.

100 3443 43 45 G
155 3443 53 18 ,a
228 3441 52 44 M
296 3442 15 18 c
318 3442 47 42 A
376 3440 75 23 Kiß
452 3460 9 3 -
459 3440 18 17 Y
480 3440 4 48 '

77 3522 123 25 Plumber
217 3520 21 23 &
249 3518 113 25 General
372 3517 138 24 Mechanic

169 3579 132 19 TUTANEKAI
320 3577 12 18 8
336 3583 11 12 T
351 3581 61 17 BEET,

127 3692 136 42 HORACE
282 3689 180 44 STEWART.

79 3760 108 20 SADDLE,
200 3758 126 20 HARNESS,
341 3757 53 17 AND
411 3756 101 18 COLLAR

248 3790 100 20 MAKER,

123 3830 181 22 FENTON-ST.,
318 3828 152 20 BOTORUA.

80 3894 104 22 Saddles,
200 3892 96 22 Bridles,
311 3891 94 22 Collars,
420 3890 91 22 Chains,

103 3926 56 22 Bits,
167 3925 80 23 Spurs,
255 3923 105 19 Harness
372 3923 68 22 Soap,
448 3922 41 19 &c.

104 3990 119 20 Coachaline,
233 3994 11 11 a
260 3987 114 24 waterproof
389 3986 125 23 preservative

80 4016 31 17 for
118 4014 26 17 all
151 4013 57 18 kinds
217 4012 20 17 of
249 4011 78 17 loather.
347 4011 2 22 ~
374 4011 2 22 .

104 4045 85 20 Axleino,
207 4050 13 11 a
232 4042 72 24 perfect
320 4040 95 18 luhrieant
429 4041 29 17 for
473 4046 30 11 car-

82 4070 65 22 riages,
158 4072 98 19 waggons,
267 4066 32 17 &c.
332 4066 2 26 .

105 4100 72 18 Collars
185 4098 55 19 made
253 4098 21 17 to
288 4101 84 12 measuro
385 4100 24 11 on
425 4095 32 16 the
471 4098 33 19 pro-

82 4124 55 17 mises
144 4129 12 11 a
164 4120 105 24 speciality.
306 4117 124 24 Lengthened
442 4116 63 23 experi-

82 4153 43 11 ence
134 4146 19 17 in
162 4145 26 18 all
197 4145 68 17 classes
273 4143 21 17 of
299 4141 94 18 Saddler's
402 4139 57 19 work.
484 4139 31 18 All

83 4169 62 19 orders
155 4167 98 24 promptly
262 4164 90 19 attended
365 4165 25 16 to.

88 4219 74 23 &.gent
170 4218 37 19 for
216 4216 28 19 H.
254 4216 28 19 H.
294 4214 111 22 Howden,
419 4212 80 19 Watch-

106 4242 80 18 maker
191 4240 47 19 and
244 4238 113 22 Jeweller,
364 4236 127 20 Hamilton.

771 983 8 7 .
802 939 295 55 ROTORS;
1108 942 147 63 JEW
1812 936 7 16 '

509 1038 180 44 BOTORUA.—
689 1037 45 17 This
742 1036 107 18 wonderful
856 1035 74 18 district
937 1035 16 17 is
961 1033 129 24 unparalleled
1098 1033 19 18 in
1127 1033 32 17 the
1168 1033 70 17 known
1247 1031 61 18 world
1317 1031 29 18 for
1354 1031 32 17 the
1395 1030 80 17 number
1483 1030 38 17 and
1529 1030 74 22 variety
1613 1030 20 17 of
1640 1030 25 17 its
1674 1028 89 19 Thermal
1772 1028 86 24 Springs.

548 1070 6 11 )
565 1062 39 21 ,As
613 1067 11 11 a
632 1061 65 17 health
706 1061 61 16 resort
774 1060 24 17 its
807 1059 109 23 popularity
925 1058 16 18 is
949 1057 75 23 rapidly
1032 1056 111 23 increasing,
1153 1056 38 17 and
1205 1056 44 17 that
1263 1055 80 22 entirely
1360 1060 25 11 on
1398 1054 24 17 its
1440 1059 43 12 own
1499 1054 72 20 merits,
1589 1059 20 12 as
1626 1054 83 16 hitherto
1725 1052 84 23 nothing
1825 1052 35 18 lias

509 1085 47 18 been
565 1085 49 17 done
622 1085 20 16 in
650 1084 33 17 the
690 1089 43 16 way
742 1084 20 16 of
770 1082 123 23 advertising.
1480 1082 3 23 .

509 1102 4 27 '
532 1108 86 17 Patients
628 1107 90 22 suffering
727 1106 48 18 from
784 1106 87 20 Chronic,
881 1105 100 19 Articular,
991 1103 39 17 and
1038 1103 98 17 Muscular
1143 1103 130 17 rheumatism.
1283 1102 58 19 Gout,
1351 1102 102 16 Bhumatic
1459 1102 57 18 Gout,
1531 1102 47 15 hkm

509 1132 56 21 bago,
584 1131 110 22 Neuralgia,
713 1130 85 17 Nervous
815 1129 125 19 Exhaustion,
958 1127 79 18 Uterine
1053 1127 99 19 Ailments,
1171 1125 38 18 and
1225 1125 57 22 tardy
1298 1124 141 18 convalescense
1457 1124 48 17 from
1522 1125 56 16 acute
1594 1126 81 15 diseases
1692 1129 43 16 may
1751 1126 40 20 re,ly
1809 1128 52 17 upon

509 1155 199 23 obtaining'immense
717 1151 58 23 relief,
785 1152 39 17 and
832 1153 20 16 in
859 1152 31 17 the
900 1151 89 23 majority
998 1151 21 16 oi
1027 1155 50 12 cases
1086 1156 11 11 a
1106 1149 92 23 complete
1207 1148 51 18 cu're.
1304 1169 101 9 .....

534 1216 53 17 THE
600 1214 111 19 PRIEST'S
721 1212 145 19 BATH.—This
875 1212 15 18 is
899 1212 88 23 strongly
995 1211 47 18 acid,
1057 1211 113 19 aluminous,
1185 1209 81 23 sulphur
1282 1210 64 18 water,
1365 1208 65 23 acting
1447 1214 20 11 as
1484 1214 12 11 a
1511 1208 94 22 powerful
1622 1209 42 16 skin
1681 1207 105 18 stimulant.
1819 1207 43 17 Hot

510 1238 38 18 and
557 1238 43 18 cold
608 1238 87 20 showers,
706 1237 37 17 and
751 1237 83 18 douches
843 1242 31 11 are
882 1235 91 23 provided
981 1235 39 17 and
1028 1233 127 23 comfortably
1163 1232 87 19 enclosed
1259 1232 86 23 dressing
1355 1237 61 12 rooms

534 1261 115 18 MADAME
669 1259 126 19 RACHEL'S
816 1259 146 18 BATH.—This
970 1257 106 18 celebrated
1085 1257 71 23 Spring
1163 1257 16 16 is
1187 1263 17 20 a_
1214 1254 68 19 Saline'
1292 1257 59 16 water
1364 1255 46 17 with
1427 1254 91 20 Silicates,
1584 1254 34 18 hits
1635 1260 24 11 an
1673 1254 82 17 alkaline
1771 1254 89 17 reoohou.

510 1286 40 17 The
560 1286 58 17 water
626 1285 15 16 is
650 1284 40 17 also
698 1290 24 11 us
727 1284 17 16 :d
753 1280 103 25 internally
864 1283 30 16 for
902 1282 25 17 its
935 1279 98 20 beneficial
1041 1280 62 18 action
1112 1286 25 12 on
1145 1280 33 17 the
1186 1279 87 22 kidneys.
1684 1279 4 26 .
1837 1285 13 19 i_

534 1308 54 17 THE
608 1307 70 18 BLUE
697 1306 146 18 BATH.—This
860 1306 15 17 is
892 1306 33 16 the
941 1305 71 22 largest
1028 1304 76 18 natural
1121 1303 109 22 swimming
1245 1302 47 17 bath
1307 1302 20 17 in
1342 1302 32 17 the
1390 1301 95 17 Southern
1494 1301 131 22 Hemisphere.
1651 1301 20 16 It
1679 1300 69 17 affords
1757 1300 105 17 rheumatic

511 1332 82 17 invalids
601 1338 11 10 a
621 1336 64 12 means
693 1331 21 17 of
722 1330 67 22 taking
796 1325 83 27 'painless
888 1328 86 20 exercise,
985 1327 62 18 which
1055 1327 46 22 they
1109 1326 69 24 highly
1186 1325 114 23 appreciate.

535 1355 53 17 THE
597 1354 124 18 SULPHUR
729 1352 106 19 VAPOUR
843 1352 146 17 BATH.—This
996 1351 14 17 is
1017 1357 11 10 a
1034 1350 76 17 natural
1115 1350 35 17 hot
1155 1355 78 16 vapour,
1240 1348 69 22 highly
1315 1347 82 23 charged
1402 1348 47 16 with
1455 1347 80 22 sulphur
1543 1353 61 17 gases,
1616 1346 106 18 conducted
1736 1347 40 16 into
1791 1352 11 11 a
1816 1352 34 16 pro-

511 1378 55 22 perly
574 1377 120 18 constructed
700 1377 58 20 chest,
765 1376 20 17 in
791 1376 63 17 which
859 1376 32 16 the
898 1375 32 17 the
936 1375 73 22 patient
1014 1374 40 20 sits,
1061 1374 56 16 while
1125 1373 79 22 sulphur
1209 1372 21 17 in
1235 1377 24 13 an
1264 1371 115 24 impalpable
1387 1372 48 16 form
1441 1371 15 17 is
1461 1371 59 22 being
1525 1371 109 22 constantly
1640 1370 97 22 deposited
1743 1376 24 10 on
1774 1370 33 16 the
1814 1369 47 17 skin.

535 1402 54 17 THE
609 1401 60 17 NEW
690 1400 124 18 SULPHUR
833 1398 146 18 BATH.—This
991 1397 16 17 is
1020 1403 11 11 a
1043 1403 46 17 very
1101 1397 68 22 strong
1180 1395 60 18 acidic
1252 1397 59 15 water
1323 1395 20 17 of
1355 1395 47 21 high
1414 1395 133 21 temperature,
1560 1393 39 18 and
1616 1393 87 23 strongly
1711 1393 1 27 '
1720 1393 142 17 recommended

511 1425 21 17 in
548 1430 51 12 cases
616 1425 20 17 of
652 1423 123 20 rhoumatisni
784 1422 38 17 and
830 1422 57 18 allied
896 1421 85 18 diseases.
1007 1421 39 17 The
1054 1420 47 18 bath
1115 1420 60 17 house
1190 1419 16 17 is
1223 1418 76 18 divided
1315 1418 41 17 into
1372 1417 68 18 Ladies
1456 1418 38 16 and
1511 1417 122 17 Gentlomons
1649 1417 129 22 departments
1793 1416 38 17 and
1846 1416 17 17 is

512 1448 79 22 capable
599 1447 20 18 of
628 1446 163 22 accommodating
798 1447 35 16 400
842 1445 76 18 bathers
928 1444 57 22 daily.

536 1470 101 19 LADIES'
650 1470 60 17 NEW
720 1469 139 18 SWIMMING
871 1466 146 20 BATH.—This
1025 1467 16 18 is
1049 1473 11 11 a
1075 1466 64 19 recent
1150 1472 73 12 annexe
1232 1471 20 12 to
1263 1466 31 17 the
1303 1465 71 18 Rachel
1384 1465 91 17 Pavilion.
1501 1465 21 17 It
1529 1465 16 17 is
1554 1465 23 17 30
1587 1464 39 18 feet
1633 1464 47 23 long
1689 1465 26 21 by
1724 1465 21 16 24
1757 1464 37 16 feet
1809 1464 52 20 wide,

513 1495 24 17 its
546 1495 85 22 greatest
638 1494 59 22 depth
706 1493 15 17 is
729 1494 10 16 4
750 1492 38 18 feet
795 1492 38 17 and
842 1492 24 17 its
877 1491 86 24 capacity
971 1492 66 20 23,000
1046 1491 79 24 gallons.
1152 1491 20 16 It
1179 1489 16 18 is
1203 1489 53 17 filled
1269 1489 46 17 with
1324 1494 59 12 water
1391 1489 49 17 from
1451 1488 31 17 the
1492 1488 71 18 Rachel
1573 1489 71 21 Spring
1652 1487 61 18 which
1722 1487 15 17 is
1746 1487 118 17 maintained

513 1519 21 16 at
542 1524 11 10 a
562 1519 126 20 temperature
696 1517 21 16 of
725 1517 23 15 98
756 1516 84 22 degrees.

537 1541 54 17 THE
599 1539 163 20 ELECTRICAL
770 1537 254 19 DEPARTMENT.—This
1033 1537 120 22 department
1168 1536 15 17 is
1200 1536 72 23 replete
1288 1536 47 17 with
1348 1535 33 18 the
1397 1536 50 16 most
1461 1534 78 18 modern
1555 1534 108 23 appliances
1680 1534 30 17 for
1727 1539 89 17 carrying
1830 1536 35 14 out

513 1564 76 17 various
598 1564 58 17 forms
665 1564 20 17 of
693 1562 79 18 medical
781 1562 94 17 electrical
883 1562 103 16 treatment
993 1560 21 18 in
1022 1561 49 17 their
1082 1560 88 22 entirety.

538 1587 53 17 THE
595 1586 192 18 HYDROPATHIC
795 1585 116 17 PACKING
916 1585 54 17 AND
978 1583 119 18 MASSAGE
1103 1583 227 17 DEPARTMENT.—A
1337 1582 54 18 series
1397 1582 20 17 of
1423 1587 62 12 rooms
1492 1587 31 12 are
1532 1581 99 18 furnished
1640 1581 37 17 and
1685 1581 91 23 set'apart
1782 1581 30 16 for
1818 1580 45 17 each

514 1617 39 15 sex,
560 1611 21 17 in
586 1611 54 17 order
645 1611 21 16 to
675 1615 54 17 carry
734 1606 80 20 out'this
820 1608 105 23 important
930 1607 79 23 adjunct
1014 1608 21 17 to
1042 1607 107 17 treatment.
1156 1606 39 18 The
1200 1606 79 18 services
1284 1606 23 19 .of
1311 1612 11 11 a
1327 1605 89 23 qualified
1423 1605 95 17 Masseuse
1524 1605 37 17 and
1568 1605 85 17 Masseur
1661 1610 31 11 are
1701 1604 115 17 obtainable.

515 1666 91 19 Resident
614 1666 108 23 Engineer:

586 1689 116 18 CAMILLE
715 1688 132 20 MALFROY,
858 1688 46 18 Esq.

1410 1661 91 18 Resident
1508 1661 83 18 Medical
1600 1660 170 23 Superintendent:

1488 1684 103 19 ALFRED
1605 1684 120 17 GIXDEKS.
1740 1683 53 18 M.D.

745 1786 653 68 mrnmrnmi

726 1935 57 24 Two
796 1934 71 24 miles
880 1934 76 31 from
974 1933 122 28 Rotorua,
1117 1930 137 33 adjoining
1267 1930 151 31 interesting
1428 1930 82 23 native
1521 1930 145 23 settlement.

1041 2089 68 23 PA
1134 2089 25 23 T
1174 2089 24 23 R
1218 2088 22 24 O
1258 2088 33 23 N
1308 2088 40 25 S;

660 2132 55 20 Earl
739 2131 27 19 of
787 2130 107 23 Kintore,
921 2130 55 19 Earl
1000 2129 27 19 of
1049 2129 101 23 Onslow,
1173 2128 105 24 Marquis
1299 2128 27 19 of
1343 2127 130 23 Drogheda,
1496 2126 62 19 Lord
1580 2126 146 23 Carrington.

520 2165 89 50 THIS
622 2164 95 20 HOTEL
726 2164 37 18 has
773 2163 89 24 recently
872 2163 53 18 been
931 2161 146 24 'considerably
1086 2161 103 23 enlarged,
1201 2161 118 22 renovated,
1330 2159 40 19 and
1380 2158 130 24 refurnished
1521 2157 114 26 regardless
1644 2158 21 18 of
1681 2163 94 19 expanse,
1794 2157 42 19 and
1851 2157 18 19 is

588 2191 72 24 widely
670 2190 75 19 known
755 2190 31 18 for
797 2189 26 19 its
833 2188 101 20 excellent
943 2187 178 21 accommodation,
1133 2187 88 22 Cuisine,
1234 2187 34 18 &c.
1816 2187 1 28 |

640 2220 2 33 ■
741 2220 3 33 -
898 2223 74 23 Here
984 2230 46 16 are
1042 2222 39 24 the
1096 2222 81 31 Chief
1184 2222 89 30 Sights
1284 2221 33 31 of
1323 2221 41 23 the
1376 2220 118 24 District.

651 2267 47 19 The
857 2265 81 19 Steam
947 2265 45 18 and
1001 2264 49 19 Hot
1058 2263 84 19 Water
1151 2262 131 24 Petrifying
1291 2263 99 23 Geysers
1404 2262 80 22 vbiying-
1496 2261 66 21 nearly
1582 2262 31 15 100
1630 2260 39 18 feet
1684 2260 53 22 high.

519 2290 134 24 Petrifying
661 2290 105 23 Geysers,
778 2289 129 19 Cauldrons
916 2288 27 19 of
949 2288 91 23 Boiling
1048 2287 57 19 Mud
1114 2286 47 19 and
1171 2285 42 20 Oil.
1239 2286 78 24 Spout
1324 2284 67 24 Bath,
1402 2284 37 19 Oil
1448 2284 64 23 Bath,
1523 2284 72 18 Alum
1604 2283 60 19 Bath
1674 2282 19 20 &
1708 2282 61 19 Jack
1775 2288 12 14 s
1801 2282 66 20 Bath.

520 2315 82 19 Known
613 2315 32 18 for
652 2314 34 19 the
693 2313 154 23 extraordinary
856 2319 56 12 cures
919 2313 21 17 of
950 2312 149 23 Rheumatism,
1110 2310 120 25 Neuralgia,
1241 2308 114 27 Lumbago,
1364 2309 92 22 Sciatica,
1465 2308 87 25 Kidney,
1567 2307 61 19 Liver
1635 2307 42 19 and
1682 2307 58 19 other
1749 2307 120 25 complaints

639 2347 41 48 C.
707 2349 42 45 E.
769 2346 239 51 .NELSON;

637 2403 3 28 .
818 2403 3 28 '
853 2403 1 28 ■
882 2403 4 28 x
918 2416 6 11 t
933 2403 104 28 Guide

1335 2399 125 34 Sophia.

1471 2342 281 56 Proprietor.

708 2505 339 47 lfif.im.i

1436 2505 155 47 ■Stall

832 2564 5 25 'i
944 2566 39 24 On
1007 2567 40 23 the
1072 2567 90 23 Direct
1185 2566 82 24 Route
1287 2569 24 20 to
1320 2564 2 26 ■
1329 2565 120 24 Rotorua-

759 2608 46 18 For
821 2608 118 22 Scenery,.
944 2607 109 19 Curative
1063 2606 136 24 Properties
1206 2606 28 18 of
1239 2606 41 19 the
1289 2606 73 18 Baths
1371 2605 47 19 and
1426 2604 208 22 accommodation,

668 2639 122 27 EXCEL
821 2639 71 25 ALL
924 2639 141 26 PLACES
1096 2638 47 26 OF
1173 2638 75 25 THE
1282 2638 87 25 KIND
1403 2637 32 25 IN
1463 2636 79 26 THE
1574 2636 161 26 COLONY.

549 2703 67 22 These
627 2705 86 26 Pprinr-
731 2712 9 4 -
752 2703 3 28 1
759 2703 1 28 '
766 2703 3 28 ;
785 2703 4 28 1
794 2703 2 28 '
851 2704 12 12 n
922 2704 96 12 '''—'"-
1033 2704 49 12 »"'—

523 2733 53 19 have
595 2732 76 19 visited

523 2759 86 19 comfort
621 2757 75 20 should
715 2757 26 19 be
758 2756 100 19 sufficient
874 2758 21 17 to
912 2756 72 20 induce
999 2756 92 19 Tourists
1107 2755 41 19 and
1161 2757 68 16 others
1247 2756 20 17 to
1277 2754 47 19 visit
1336 2754 61 19 them.
1426 2753 32 18 No
1469 2756 59 15 extra
1538 2752 75 26 charge
1623 2753 17 19 is
1650 2753 60 19 made
1720 2753 32 18 for
1761 2752 35 19 the
1807 2759 34 12 use
1851 2753 21 18 of

523 2785 35 19 the
569 2785 62 19 baths
641 2787 20 16 to
672 2789 83 20 persons
765 2782 82 25 staying
857 2784 21 17 at
887 2782 37 22 the,
932 2782 61 23 hotel,

844 2829 83 26 THE
953 2828 220 27 OKOROIRE
1202 2826 284 28 SANATORIUM

551 2873 22 20 Is
583 2872 110 20 connected
703 2871 50 19 with
763 2871 35 19 the
808 2866 257 30 Telegraphic'system'of;
1068 2870 35 19 the
1113 2869 83 25 Colony,
1206 2866 35 22 the
1249 2869 116 25 Telegraph
1370 2867 67 20 'Office
1448 2867 108 26 adjoining
1568 2868 33 18 the
1613 2867 69 19 Hotel.
1711 2867 36 19 All
1753 2867 119 25 Telegrams

525 2899 103 26 promptly
638 2898 79 25 replied
773 2898 3 27 ,
872 2898 1 27 .
886 2898 2 27 ,
1073 2898 2 27 .
1084 2898 2 27 •
1167 2898 3 27 .
1369 2898 2 27 ,
1586 2898 3 27 •
1679 2898 2 27 .
1692 2898 11 27 i,

552 2925 97 23 Coaches,
659 2924 100 25 Buggies,
771 2923 41 19 and
821 2922 143 24 Conveyances
973 2923 21 18 of
1004 2922 27 19 all
1041 2922 60 19 kinds
1120 2922 58 18 leave
1195 2921 41 19 this
1254 2920 64 20 Hotel
1335 2927 25 12 on
1378 2919 111 25 Tuesdays,
1510 2919 125 25 Thursdays,
1654 2919 40 19 and
1713 2919 119 24 Saturdays,
1852 2926 22 12 or

525 2952 56 24 daily
591 2952 16 18 if
618 2950 104 25 required.
764 2949 91 21 Persons,
870 2955 25 12 en
913 2951 58 16 route
990 2949 32 18 for
1040 2947 93 24 Rotorun
1146 2954 35 20 are,
1199 2947 104 19 therefore
1322 2946 87 19 enabled
1430 2949 19 15 to
1468 2946 48 18 visit
1526 2945 35 19 the
1577 2945 91 19 wonders
1679 2945 21 19 of
1713 2944 103 26 Okoroire,
1834 2945 39 19 and

643 2973 90 23 Natural
743 2975 43 20 Hot
796 2974 66 20 Baths
871 2974 40 19 and
919 2981 13 11 a
941 2974 56 25 day's
1008 2977 41 16 rest
1059 2974 94 25 previous
1163 2976 20 16 to
1194 2973 141 24 undertaking
1344 2979 13 12 a
1365 2973 88 24 journoy
1463 2975 20 15 to
1494 2972 34 18 the
1541 2971 72 19 Lakes.

686 3013 3 25 '
907 3013 3 25 i
968 3013 4 25 '
992 3013 4 25 -
1086 3022 84 16 THIS
1195 3022 122 16 HOTEL

700 3052 45 19 Has
753 3051 89 25 recently
854 3051 49 18 leen
913 3051 86 22 erected,
1009 3050 39 19 and
1063 3051 16 18 is
1089 3050 78 26 replete
1177 3050 50 20 \vith
1243 3056 61 17 every
1314 3050 85 18 comfort
1410 3049 31 18 for
1451 3048 92 19 Tourists
1552 3048 40 19 and
1603 3048 99 19 Invalids.

556 3079 187 23 Note.—Tourists
752 3074 134 28 toßotorua!
915 3077 33 18 Be,
954 3083 46 12 sure
1013 3080 21 15 to
1051 3076 47 19 take
1117 3083 52 18 your
1186 3077 85 24 rai.way
1290 3076 72 19 tickets
1381 3076 32 18 for
1429 3074 114 21 Okokoike.
1582 3074 142 25 Conveyances
1738 3076 54 17 meet
1810 3074 64 19 trains

528 3106 105 24 Okoroire,
644 3105 95 25 carrying
749 3105 152 25 passengers'to
910 3103 64 19 Hotel
983 3104 44 17 free
1042 3103 21 18 of
1072 3103 87 24 charge..
1742 3103 3 27 ,
1779 3103 3 27 1
1789 3103 2 27 .

705 3138 49 46 L.
792 3136 382 48 CALLAGHAN.

790 3465 246 48 Express
1070 3471 136 40 line
1242 3471 71 42 of

533 3526 230 57 Carrying
781 3525 98 47 Jier
904 3523 254 57 .Majesty's
1192 3522 139 47 .Mails

532 3632 107 22 Tauranga,

532 3656 25 16 To
566 3655 60 20 Puke,

532 3679 26 17 Te
566 3678 60 21 Puke,

533 3701 92 21 Rotorua,

533 3725 91 19 ltotorim,

532 3748 27 17 Te
567 3747 59 20 Puko,

533 3771 26 16 Te
567 3770 61 20 Puke,

534 3794 107 19 Tauranpra,

696 3595 275 21 TAURANGA-ROTORIIA
983 3595 64 17 LINE
1049 3608 10 7 V
1100 3594 4 22 -
1150 3594 10 10 *•'

687 3630 69 22 depart
802 3627 87 22 Tuesday
898 3626 38 18 and
945 3626 94 22 Saturday
1093 3627 10 16 8
1113 3632 44 12 a.m.

687 3653 61 18 arrive
835 3663 12 9 ~
990 3662 12 7 >,
1053 3650 50 16 10.150
1113 3655 44 12 a.m.

687 3676 67 22 depart
764 3673 3 27 '
835 3686 12 8 ~
990 3685 12 8 •>
1019 3692 9 8 %l
1053 3673 50 16 10.45
1112 3678 45 12 a.m.

689 3699 61 18 arrive
834 3709 12 8 ~
990 3708 11 8 „
1019 3711 9 12 (1
1093 3697 64 21 Cp.iu.

687 3722 66 22 depart
799 3719 86 22 Monday
901 3718 39 18 and
955 3718 71 22 Friday
1093 3719 9 16 7
1112 3725 44 10 a.m.

687 3745 58 18 irrive
830 3755 15 10 ~
914 3739 3 26 .
934 3739 2 26 .
988 3754 12 7 ..
1051 3739 51 19 12:30
1111 3747 46 16 p.m.

687 3768 66 22 depart
822 3763 22 29 ',,
974 3766 26 19 ',.
1009 3763 3 29 t
1050 3764 51 17 12.45
1110 3770 46 16 p.m.

687 3791 59 17 arrive
831 3802 11 8 ~
987 3800 11 8 »
1035 3787 15 23 ~'
1061 3787 40 17 3.15
1111 3792 45 18 p.m.

1206 3627 85 17 Rotorua

1206 3649 99 17 Atoamuri

1205 3672 95 18 Wairakei

1205 3696 72 23 Taupo,

1204 3719 73 21 TaUpo,

1204 3740 96 18 Wairakei

1195 3763 3 21 1
1205 3764 105 20 Ateamuri,

1205 3787 91 20 Rotorua,

1350 3471 265 39 COACHES.
1687 3471 18 21 J

1362 3535 51 34 as
1451 3533 83 45 per
1564 3521 312 56 Time-tables,

1350 3599 13 6 -
1383 3593 218 21 RQTOUUA-TAUPO
1618 3594 70 18 HNE.
1698 3598 10 7 -
1729 3597 17 8 *-
1758 3592 6 13 i
1780 3598 12 8 -
1805 3592 2 22 ■
1827 3592 3 22 ,

1347 3625 68 24 depart
1461 3625 119 23 Wednesday
1596 3625 38 18 end
1655 3625 95 23 Saturday
1813 3625 10 18 7
1832 3631 45 11 a.m.

1462 3717 99 23 Thursday
1576 3718 37 17 and
1630 3717 85 23 Monday

1794 3741 29 17 8.5
1833 3746 44 11 a.m.

1768 3763 65 18 '11.30
1833 3763 44 18 a.m.

1782 3787 41 16 4..')0
1832 3791 45 17 p.m.

703 3845 125 33 Special
841 3844 231 31 Conveyances
1084 3842 159 33 arranged
1255 3841 50 26 for
1317 3843 34 24 at
1362 3842 54 26 the
1430 3841 147 27 Shortest
1590 3838 120 29 Notice.

1079 3879 170 27 Tutanekai
1274 3878 114 31 iStreet,
1409 3879 173 25 RotomaFc

700 3923 114 33 Buggies,
832 3922 118 32 Goacfyej
967 3920 51 33 ar?d
1036 3919 95 28 Saddle
1150 3921 93 32 gorges
1308 3920 51 31 fyire
1376 3928 31 24 cr?

733 3967 34 19 tj.,
786 3961 112 21 (.Let..,
922 3964 46 20 ei.e
990 3966 8 13 a
1011 3962 140 18 cter7vvs
1169 3958 228 22 (7«QDjERKireJ
1411 3958 4 28 (
1444 3960 6 20 ..;
1465 3958 3 28 l
1481 3968 8 11 l
1511 3965 32 19 ,i;
1582 3963 5 17 i

887 3993 144 30 Telegrams
1040 3989 61 34 and:■■
1104 3992 101 23 Letters
1207 3991 157 30 tptmctualfy
1376 3989 118 24 attended
1502 3993 30 21 to.

537 4064 77 26 NB.
650 4060 115 28 Please
777 4059 76 26 note
865 4057 132 27 address

780 4101 684 61 ii9ls^ri^!9lMK«ga

741 4170 77 55 Sol
844 4170 25 55 6
895 4170 283 55 contraetore
1198 4172 77 46 f6r
1289 4172 189 47 Messrs.
1491 4170 45 47 T.
1559 4170 321 55 Cotffr&Son.

1666 4232 40 23 J.,..
1729 4231 104 24 Ltii.

2789 782 214 47 IMPERIAL
3059 790 143 46 HOTEL,

2831 839 121 23 PORT
2976 843 192 24 STREET.

2921 879 159 21 AUCKLAND.

2817 938 94 26 Splendid
2926 943 166 21 accommodation
3104 947 30 18 for
3146 947 51 19 Tour-

2791 965 35 18 ists
2835 966 39 19 and
2884 966 115 22 Travellers.

2808 1004 179 32 High-class
3006 1008 107 26 Wines
3135 1011 61 25 and

2901 1037 112 33 Spirits
3026 1041 82 33 kept.

2838 1117 38 25 W.
2911 1119 30 24 H.
2971 1120 48 25 PE
3034 1121 20 24 A
3071 1121 19 25 R
3105 1122 21 25 C
3143 1123 27 29 E,

2918 1156 174 32 Proprietor.

2824 1210 77 53 E..
2923 1213 264 58 LYONS,

2916 1277 182 39 TAILOR,

2798 1324 35 25 (In
2843 1326 33 18 the
2890 1328 95 23 premises
3002 1328 60 24 lately
3085 1330 92 24 occupied
3194 1331 26 25 by

2904 1352 26 19 11.
2942 1352 31 20 W.
2984 1353 134 27 Neighbour.)

2817 1385 80 19 MAIN
2911 1387 87 22 ROAD,
3013 1387 189 21 OHINEMUTU.

2806 1434 237 47 RESPECTFULLY
3050 1437 48 20 calls
3107 1439 33 18 the
3158 1441 55 17 atten-

2873 1462 41 18 tion
2925 1463 21 18 of
2954 1462 106 20 Residents
3068 1467 20 16 to
3095 1464 32 19 his
3135 1471 40 13 new
3184 1467 38 17 and

2799 1488 68 18 varied
2878 1488 54 18 stock
2947 1490 19 17 of

2787 1506 2 44 I
2801 1521 120 24 SPRING
2933 1523 21 22 &
2966 1522 137 25 SUMMER
3116 1525 106 24 GOODS.

2787 1545 3 20 I

2815 1589 66 21 Style
2895 1592 15 18 &
2918 1591 92 20 Perfect
3020 1592 37 19 Fit
3065 1592 145 21 Guauaxtekij.

2836 1644 23 25 J.
2880 1644 31 26 H.
2931 1645 259 33 BUCHANAN,

2874 1694 94 27 Stone
2982 1695 169 27 Merchant.

2893 1741 174 18 ESTABLISHED
3085 1743 48 18 1692.

2825 1790 115 23 Statuary,
2968 1791 159 19 Monumental
3158 1793 45 18 and

2918 1813 94 19 General
3022 1814 88 20 Mason.

2803 1848 105 18 MARBLE
2918 1850 13 16 &
2938 1850 147 17 FREESTONE
3093 1850 122 19 CHIMNEY
3222 1863 5 3 -

2826 1872 94 20 PIECES,
2939 1872 123 21 MANTELS,
3078 1874 82 20 VASES,
3170 1874 32 19 &c.

2831 1905 135 27 VICTORIA
2984 1907 116 26 STREET
3118 1909 80 26 IAST.

2829 2006 87 25 Designs
2935 2008 38 18 and
2991 2008 66 19 Prices
3076 2009 112 19 forwarded
3207 2013 20 15 to

2792 2031 1 29 j
2804 2039 39 18 any
2853 2038 44 19 part
2907 2034 21 18 of
2937 2034 33 19 the
2980 2033 96 21 Province
3087 2042 21 11 or
3115 2035 76 25 Colony
3202 2041 25 13 on

2804 2058 127 25 application.

1883 813 440 60 GEYSER
2396 816 370 61 HOUSE

1912 929 341 57 Hydropathic
2274 930 160 56 Hotel,
2469 931 266 49 Wairakei.

2078 1011 34 14 Sir
2124 1010 267 21 inilnA'from'TJakeTaurih
2403 1011 169 27 (RotbruAside.^

2058 1073 183 27 SUPERIOR
2262 1074 334 29 ACCOMMODATION.

2026 1121 8 17 ;
2083 1130 52 17 ALL
2146 1130 53 17 THE
2213 1131 134 17 COMFOBTS
2352 1121 3 30 ;
2359 1132 33 17 OF
2405 1132 105 18 A-HOME
2524 1133 49 18 FOR

2130 1165 147 20 TOURISTS
2295 1167 64 18 AND
2373 1167 164 26 INVALIDS,,

1884 1238 66 26 Hot
1974 1237 190 32 Swimming
2185 1238 111 32 Baths,
2323 1239 184 27 Kiri-o-Kai
2528 1248 35 19 or
2590 1241 79 26 New
2692 1242 80 26 Skin

1961 1279 92 31 Bath,
2067 1279 66 25 Hot
2145 1279 132 26 Douche
2290 1280 111 31 Baths,
2423 1281 109 27 Grand
2554 1282 144 27 Climate.

2002 1320 174 26 Elevation
2196 1321 92 31 1,350
2307 1321 63 26 feet
2383 1322 102 26 above
2498 1329 54 21 sea
2565 1324 92 26 level.

1886 1369 198 25 COMPETENT
2099 1369 122 25 GUIDES
2237 1377 123 19 accompany
2375 1372 83 19 tourists
2475 1375 21 16 to
2512 1373 35 19 the
2568 1374 80 18 various
2670 1374 67 25 places
2754 1375 21 19 of

2017 1396 90 29 interest,
2118 1395 66 20 which
2196 1397 59 19 baffle
2266 1397 34 19 the
2312 1401 51 15 most
2373 1398 59 18 facile
2443 1405 45 18 pen,
2500 1400 40 18 and
2557 1406 37 13 can
2613 1400 47 25 only
2681 1401 23 19 be
2723 1401 42 19 real-

2017 1422 43 19 ized
2072 1421 58 20 when
2140 1428 54 14 seen.

1888 1488 196 23 CGYSGR
2105 1489 199 23 VHLLGY
2318 1489 91 19 contains
2425 1490 35 18 the
2479 1491 104 25 following
2601 1491 121 25 unequalled
2734 1492 28 19 Na-

1956 1514 69 28 cturaL
2040 1514 92 20 wonders
2154 1515 159 23 :—Tuhuatahi,
2333 1522 23 12 or
2378 1515 64 20 Groat
2465 1515 133 27 Champagne
2616 1517 112 25 Cauldron;
2743 1518 34 20 the

1956 1539 1 29 ■
1966 1539 63 20 Great
2039 1540 106 19 Wairakei
2155 1540 91 25 Gevs'er;
2249 1542 6 12 r
2258 1542 35 19 the
2304 1542 86 24 Donkey
2401 1542 92 26 Engine;
2507 1542 35 20 the
2553 1543 53 19 Bath
2617 1543 21 19 of
2647 1544 35 18 the
2692 1544 84 24 Fairies;

1966 1566 35 20 the
2020 1566 115 25 Lightning
2151 1567 64 23 Pool;
2229 1562 35 25 the
2279 1567 89 20 Cascade
2385 1567 82 25 Gevser,
2486 1575 22 12 or
2527 1569 102 25 Dragon's
2646 1569 84 25 Mouth';
2744 1571 33 18 the

1965 1591 65 22 Black
2039 1592 91 25 Geyser;
2145 1593 35 18 the
2194 1594 50 18 Mud
2257 1594 87 24 Geyser;
2360 1594 34 19 the
2413 1594 52 20 Blue
2483 1591 68 29 Lake;
2563 1596 35 18 the
2615 1595 31 20 Oil
2665 1596 65 24 Bath;
2744 1597 34 18 the

1966 1619 82 24 Eagle's
2058 1619 61 27 Nest;
2134 1620 34 17 the
2177 1619 77 19 Devil's
2262 1620 70 19 Punch
2341 1620 56 19 Bowl
2407 1619 3 27 ;
2427 1621 34 18 the
2470 1620 73 21 Prince
2551 1622 21 18 of
2580 1622 77 19 Wales'
2666 1622 99 19 Feathers
2773 1619 4 27 ;

1966 1644 35 20 the
2021 1644 85 24 Mirror;
2123 1644 34 20 the
2177 1646 56 18 Twin
2255 1646 88 24 Geyser:
2358 1647 35 18 the
2410 1646 61 21 Coral
2486 1646 89 27 Geyser;
2591 1648 34 19 the
2636 1648 64 19 Green
2717 1649 60 23 Pool;

1970 1669 127 22 Terekerehe
2107 1678 23 13 or
2149 1670 48 21 Hell
2218 1672 102 24 Geyser;'
2328 1672 36 19 the
2372 1669 2 27 :
2382 1672 69 19 Steam
2472 1672 105 21 Hammer.
2606 1674 84 19 Guide's
2708 1675 32 18 fee
2759 1679 19 15 to

1968 1697 76 25 Geyser
2056 1696 77 26 Valley,
2145 1696 3 27 -
2149 1696 2 27 r
2152 1705 15 11 >s
2176 1696 4 27 ;
2195 1698 91 19 distance
2296 1699 51 18 from
2356 1698 35 19 the
2406 1698 60 25 hotel,
2481 1702 5 15 1
2501 1700 52 19 mile.

1890 1757 100 23 TH6
2009 1757 373 24 HRGHTGHTGRor
2401 1757 80 21 Ladder
2499 1757 85 28 Rapids.
2621 1759 42 19 The
2680 1759 100 21 Grandest

1970 1784 76 24 Kapids
2057 1783 67 20 in.the
2135 1784 101 20 Southern
2248 1783 146 26 Hemisphere;
2410 1785 74 24 falling-
2501 1785 20 19 in
2538 1785 31 20 six
2588 1785 82 19 distinct
2688 1787 92 19 cascades

1970 1809 94 27 rfmongst
2073 1809 64 20 weird
2147 1809 40 20 and
2197 1810 80 26 rugged
2283 1809 94 26 'scenery
2405 1811 96 19 Distance
2519 1809 52 21 from
2591 1812 34 18 the
2642 1812 61 24 hotel,
2724 1813 56 19 three

1970 1836 63 19 miles.
2061 1836 74 19 Paddle
2147 1836 70 19 horses
2227 1841 20 14 to
2256 1837 48 19 visit
2318 1837 34 19 the
2367 1836 79 27 Rapids
2461 1838 22 18 7s
2493 1837 26 19 (id
2529 1838 55 19 each.

1893 1896 232 23 FCOIRHF-'IT"!
2143 1903 23 11 or
2176 1895 34 20 the
2221 1895 77 19 Devil's
2309 1896 97 25 Trumpet
2424 1896 18 19 is
2460 1896 44 20 said
2523 1900 21 16 to
2563 1897 49 19 emit
2631 1903 11 13 a
2658 1903 93 19 pressure
2761 1898 20 19 of

1965 1922 2 26 .
1973 1926 5 15 1
1983 1923 31 18 801
2019 1923 22 18 lis
2052 1924 21 17 of
2083 1926 64 16 steam
2160 1925 20 15 to
2191 1923 34 17 the
2236 1922 52 22 inch,
2301 1923 51 18 from
2364 1929 26 12 an
2407 1926 94 22 aperture
2511 1924 21 18 of
2551 1923 63 19 about
2632 1924 71 18 twelve
2712 1924 69 19 inches

1970 1949 20 19 in
2001 1949 104 18 diameter.
2136 1949 97 18 Distance
2253 1949 19 18 fp
2286 1956 19 11 m
2326 1949 54 18 hotel
2400 1949 57 19 three
2476 1950 41 18 and
2537 1956 12 12 a
2568 1949 44 19 half
2631 1950 66 23 miles;
2712 1950 68 19 saddle

1969 1975 70 19 horses
2049 1978 20 15 to
2077 1975 48 19 visit
2135 1975 35 18 the
2180 1975 71 21 above,
2263 1976 21 17 2s
2295 1975 25 18 Gd
2331 1975 56 19 each.

2090 2034 3 25 '
2182 2036 15 3 ~
2357 2034 35 19 the
2410 2034 101 19 Grandest
2529 2034 56 20 Falls
2595 2035 19 18 in
2634 2037 34 16 trie
2686 2035 94 19 southern

1973 2070 136 14 j.ieiiji;-imt--iu.
2139 2070 42 10 o-iiu
2192 2070 56 11 Aiiiin
2259 2070 43 14 ujiij
2317 2067 23 12 ue
2351 2060 71 19 visited
2433 2067 25 12 on
2469 2061 33 20 the
2516 2067 54 12 same
2590 2061 114 25 expedition
2715 2068 22 11 as
2747 2062 34 18 the

1973 2087 78 18 Devil's
2062 2087 105 24 Trumpet.
2197 2086 96 19 Distance
2304 2088 52 17 from
2366 2083 56 22 hotel
2432 2087 58 18 three
2500 2088 39 17 and
2551 2095 11 10 a
2580 2088 42 17 half
2633 2087 66 23 miles;
2713 2087 68 19 saddle

1970 2113 59 19 horse
2039 2119 22 12 or
2072 2112 70 26 buggy
2154 2114 23 17 2s
2187 2112 26 19 Gd
2227 2113 57 18 each.

2452 2172 328 55 Proprietress.

2095 2319 59 25 Hot
2182 2319 96 26 Lakes
2298 2319 33 25 of
2348 2318 70 26 New
2437 2318 145 26 Zealand.

1895 2481 266 53 BRENT'S
2186 2481 349 54 BATHGATE
2563 2479 219 55 HOUSE.

2034 2585 28 19 IS
2074 2585 22 18 A
2110 2585 193 20 FIRST-CLASS
2317 2585 206 19 TEMPERANCE
2537 2584 107 19 HOTEL.

1984 2653 238 24 HINGMOK
2239 2653 199 24 STREET,
2458 2652 239 24 ROTORUH.

1895 2719 84 27 rpiIIS
1992 2718 59 19 NEW
2064 2719 54 17 AND
2131 2717 191 19 COMFORTABLE
2335 2711 218 24 ESTABLISHMENT
2560 2716 17 18 is
2586 2715 82 18 situated
2675 2715 19 17 in
2704 2714 33 18 the
2744 2718 41 13 now

1903 2735 21 27 J.
1958 2742 94 23 township
2062 2742 20 18 of
2089 2742 92 21 Rotorua,
2190 2741 50 18 close
2248 2742 21 17 to
2277 2740 34 18 the
2318 2740 128 18 Government
2461 2739 120 19 Sanatorium
2594 2739 38 18 and
2645 2739 65 19 Baths,
2725 2736 60 18 which

1895 2766 18 10 -»'-
2218 2764 91 23 comprise
2317 2765 32 16 tho
2357 2763 106 19 celebrated

1895 2794 93 19 Priest's
1997 2794 65 22 Bath,
2074 2793 108 19 Madame
2192 2793 86 18 Rachel
2288 2792 78 22 Baths,
2377 2791 140 19 Chameleon
2526 2791 96 19 Douche
2632 2789 64 22 Bath,
2712 2789 73 23 Large

1965 2818 57 18 Blue
2032 2816 138 24 Swimming
2179 2816 65 22 Bath,
2262 2815 102 24 Sulphur
2376 2815 96 23 Vapour
2481 2815 61 18 Bath
2550 2814 46 19 and
2606 2812 110 20 Galvanic

2253 2839 97 22 Battery
2359 2838 66 22 Bath,

1895 2865 69 17 OVER
1977 2864 91 17 WHICH
2084 2863 87 18 LARGE
2189 2863 118 17 BATHING
2324 2862 140 18 PAVILIONS
2485 2862 72 17 HAVE
2578 2860 70 18 BEEN
2669 2858 117 19 ERECTED

2001 2887 44 18 with
2056 2893 100 11 numerous
2166 2886 92 23 Dressing
2274 2886 75 19 Rooms,
2359 2888 35 14 etc.
2420 2884 76 19 Besides
2505 2885 51 17 these
2565 2886 5 15 (
2575 2884 43 18 here
2627 2883 14 18 is
2651 2883 32 17 the

1896 2910 133 20 Pain-killer
2041 2909 66 23 Bath,
2124 2909 134 23 CofFee-pot,
2274 2908 131 19 Cameron's
2418 2908 47 18 and
2479 2908 130 18 Hinemaru
2623 2906 71 19 Baths
2709 2905 23 18 in
2746 2904 40 19 the

2201 2932 150 19 Sanatorium
2368 2932 114 18 Grounds.

1896 2979 114 20 Bathgate
2029 2978 73 19 House
2119 2978 38 18 has
2175 2977 51 19 been
2245 2977 79 25 greatly
2342 2975 97 26 enlarged
2454 2977 32 19 for
2502 2975 92 19 Tourists
2611 2981 23 12 as
2653 2973 45 20 well
2716 2980 21 12 as
2757 2973 30 18 fur

2133 3004 72 25 people
2219 3003 73 24 taking
2302 3010 12 11 a
2323 3009 69 12 course
2403 3004 21 16 of
2434 3002 34 19 the
2479 3001 71 20 Baths.

2152 3038 133 18 TERMS
2307 3038 229 19 MODERATE.

2073 3100 55 35 S.
2175 3100 54 35 T.
2283 3100 42 34 B
2352 3100 181 35 ReN
2556 3099 54 38 T,

2222 3145 242 17 PROPRIETOR.

1898 3173 49 18 N.B.
1949 3174 74 17 —Most
2032 3174 20 16 of
2060 3174 54 17 those
2124 3174 42 17 who
2175 3174 45 17 visit
2228 3174 74 18 Brent's
2312 3175 24 17 do
2344 3181 20 12 so
2373 3175 85 23 through
2467 3176 32 17 the
2514 3176 46 17 kind
2573 3175 180 19 recommendations
2770 3176 19 17 of

2334 3200 109 17 customers.

1992 3307 230 47 ROBERT
2254 3303 255 54 FDRJS'ESS
2542 3309 46 46 &
2620 3308 82 49 Co.

1938 3408 381 28 MANUFACTURERS
2356 3410 112 26 AND
2505 3408 250 32 IMPORTERS,

2093 3500 183 36 FORT
2312 3500 291 37 STRBST.

2037 3629 161 23 ROTORUA.

1922 3849 51 27 fOn»i
1980 3849 88 22 rainuib's
2077 3854 50 16 walk
2135 3854 49 17 tVorti
2192 3854 112 17 tiiofJoveni-

2052 3877 53 17 ment
2114 3876 76 23 Baths.)

2022 3973 190 23 TeR7VTS:

1929 4016 46 23 35s
1982 4022 45 24 per
2045 4016 94 27 week!
2154 4017 29 22 €s
2198 4023 46 23 per
2253 4016 57 29 day.

1930 4063 62 22 Two
2002 4063 89 22 weeks
2101 4069 28 16 or
2139 4063 100 29 longer,
2256 4063 55 23 30s.

1940 4161 28 32 C.
2000 4160 136 33 HAWKER
2164 4161 141 36 WILSON,

2031 4211 188 20 PKOITJETOK.

2855 2116 160 46 Steele
3038 2116 134 47 Bros.

2818 2214 184 41 MARAEROA
3046 2214 169 43 SAWMILL,

2806 2298 131 43 DESIEE
2945 2299 24 17 to
2978 2298 72 19 thank
3060 2299 39 18 the
3108 2299 75 22 public
3192 2300 35 17 for

2871 2323 53 22 past
2939 2322 76 18 favors
3029 2322 45 18 and
3089 2322 43 23 beg
3150 2323 24 17 to
3189 2328 26 13 an-

2805 2350 88 13 nounce
2902 2345 52 18 that
2962 2345 85 23 having
3055 2350 14 13 a
3083 2345 61 23 large
3158 2346 68 17 stock

2805 2368 26 18 of
2841 2368 169 18 well-seasoned
3019 2368 118 19 first-class
3145 2368 82 18 timber

2805 2396 30 14 on
2844 2391 60 19 hand
2913 2392 55 21 they
2977 2396 37 14 are
3023 2392 109 22 prepared
3139 2392 23 18 to
3170 2392 57 18 fulfil

2805 2415 78 17 orders
2892 2415 25 17 at
2925 2414 97 18 reduced
3031 2416 66 17 rates.

2808 2483 10 14 r
2820 2483 23 29 F
2897 2474 47 38 TVf
2998 2481 162 22 TTAERIBON,
3175 2481 44 19 B.A.

2841 2545 139 17 BARRISTER
2994 2545 51 16 AND
3055 2544 136 20 SOLICITOR,

2820 2586 37 19 US,
2878 2584 95 18 Victoria
2993 2584 87 21 Arcade,
3101 2584 114 18 Auckland.

2808 2664 89 18 Barrister
2910 2664 35 17 and
2960 2664 85 17 Solicitor
3058 2664 20 16 of
3093 2664 32 16 the
3140 2663 87 23 Supreme

2899 2688 61 16 Court.
2968 2686 82 20 Ontario,
3057 2686 79 18 Canada.

2810 2919 71 18 Losses
2890 2919 58 16 Paid.
3111 2916 118 22 £20,000,000

2810 2951 50 17 Fiuk
2871 2950 95 18 Premium
2984 2949 99 21 Exceeds..
3092 2947 2 23 .
3104 2947 126 23 ..£1,100,000

2810 2982 146 17 Accumulated
2959 2980 68 18 Funds
3033 2979 80 18 Exceed
3123 2978 106 23 £1,000,000

2878 3019 36 20 W.
2938 3019 91 19 WARD
3046 3018 108 22 BAKER,
3187 3018 2 22 ,

2842 3059 95 19 District
2945 3059 114 22 Manager,
3069 3057 126 19 Auckland.

2894 3100 37 18 W.
2945 3099 26 19 A.
2985 3098 161 21 WILLIAMS,

2869 3139 68 20 Local
2957 3139 82 22 Agent,
3066 3138 106 18 Rotorua.

2866 3196 105 24 !\AV!T\
3001 3194 168 21 CILTT7DDTUP

2866 3212 105 26 I/AKil/
3003 3213 176 28 JAAMMIfr,

2878 3274 5 5 '
2897 3269 174 21 PARTLY-BUI
3078 3269 79 23 CHER,

2865 3321 79 19 Arawa
2966 3320 89 23 Stkeet,
3079 3319 103 19 Kotohua.

2838 3370 22 19 Is
2878 3373 43 15 liou-
2940 3368 93 25 carrying
3050 3373 26 13 on
3095 3368 33 18 the
3144 3367 92 19 business

2809 3405 64 23 Jately
2894 3402 107 28 conducted
3022 3401 26 25 by
3065 3401 73 19 Messrs
3156 3401 78 19 Jecklin

2812 3438 40 19 and
2863 3438 72 22 Cotter,
2947 3437 39 18 and
2997 3436 16 18 is
3024 3436 96 24 prepared
3131 3438 18 15 to
3163 3434 73 26 supply

2813 3473 33 18 the
2857 3472 68 25 public
2935 3471 45 19 with
2992 3471 63 24 prime
3062 3469 77 26 quality
3149 3469 22 19 of
3184 3471 52 17 meat

2813 3507 39 18 ami
2862 3506 56 19 small
2928 3506 63 24 goods

2885 3549 34 19 AT
2934 3547 114 20 LOWES?
3064 3547 101 19 PRICES.

2839 3612 171 24 WYWYARB
3017 3612 27 21 -&
3052 3610 157 26 PUBCHAS,

2873 3663 126 20 Barristers
3007 3667 41 14 and
3059 3661 118 22 Solicitors,

2813 3718 77 19 B.X.Z.
2899 3718 116 22 Chambers,
3024 3713 100 26 QiieenSt,
3132 3713 102 21 Auckland

2876 3812 19 19 E
2907 3812 51 19 have
2968 3818 70 17 mone}'
3047 3815 20 14 to
3078 3809 43 19 loud
3133 3815 24 12 on
3173 3807 51 19 Mort-

2903 3844 51 19 gage
2965 3838 21 18 of
3000 3835 95 21 Freehold
3111 3834 38 19 and
3163 3833 61 19 Lease-

2874 3864 90 20 priouertV
2974 3866 21 15 at
3005 3864 78 17 curtent
3090 3864 58 14 rates.

2996 3920 16 15 J
3025 3914 213 20 ADVERTISING

2847 3941 10 22 I
2963 3939 111 19 AGEXCT,

2836 3966 96 22 Yic-.fmiA
2945 3968 86 19 Arcade,
3031 3963 4 25 1
3045 3965 70 19 Queen
3132 3963 83 19 Street.

2992 4015 18 18 in
3019 4014 24 17 all
3057 4013 24 18 its
3088 4012 96 18 brdmches.

2815 4042 51 20 New,
2881 4041 73 21 Unique
2971 4038 35 18 and
3019 4036 83 18 Tasteful
3118 4035 123 24 Advertising

2834 4059 2 19 .
2855 4068 5 10 ■,
2983 4059 88 19 Medium.

2838 4085 67 19 Orders
2914 4087 47 15 from
2970 4083 24 18 sill
3003 4083 50 22 parte
3062 4081 89 18 attended
3160 4083 20 16 to
3193 4082 50 18 -with,

2815 4116 42 11 care
2865 4109 37 17 and
2910 4106 111 24 expedition.

2908 4151 137 23 PRINTING
3068 4151 21 20 of
3113 4159 60 18 every
3197 4153 46 19 des*

2817 4173 22 26 t)
2874 4181 84 22 cription
2970 4176 95 22 executed
3083 4177 46 20 with
3150 4181 93 19 neatness)

2816 4208 40 20 unci
2865 4205 94 25 despatch
2970 4204 64 25 atgthe
3045 4205 118 19 CHRONICLE
3175 4205 68 21 UftlCd.

2359 3632 33 19 TO
2408 3632 57 19 THE
2481 3631 105 20 PUBLIC
2599 3631 36 19 OF
2652 3629 137 21 ROTOEUA.

2363 3735 92 42 IBEG
2467 3738 20 16 to
2497 3735 64 19 thank
2570 3734 35 19 the
2618 3733 72 19 Tubliu
2700 3732 21 19 of
2728 3731 49 19 Eoto-

2406 3767 47 16 ,rup.
2472 3762 32 17 for
2519 3761 51 18 their
2578 3761 80 17 favours
2671 3758 73 25 during
2757 3757 32 20 tl»e

2361 3784 198 28 past'ilfteen'years,
2571 3785 40 19 and
2626 3786 19 17 to
2662 3784 64 23 iiotify
2745 3782 45 20 that

2362 3814 30 18 for
2403 3813 34 18 the
2448 3811 163 20 c-onveJiieiice'oi'
2620 3810 98 19 residents
2728 3809 19 18 in
2757 3808 32 18 the

2363 3839 49 18 New
2424 3838 114 25 Town'ship,
2551 3836 40 20 tod
2601 3842 31 19 »>y
2646 3835 56 19 trade
2720 3833 58 26 geuer-

2362 3864 132 25 ally,'.lhaVe
2505 3863 51 19 built
2692 3861 9 8 ,:
2777 3856 13 31 \

2362 3972 65 28 yrnicli
2438 3968 33 27 ai'e
2481 3981 45 14 now
2536 3979 52 21 open
2594 3974 34 18 for
2637 3971 98 24 business,
2751 3971 39 19 and

2362 4003 53 19 lam
2434 4000 98 26 prepared
2554 4004 20 14 to
2587 3998 73 26 supply

2358 4054 10 8 i.
2391 4051 25 17 j.i.
2426 4050 58 18 |.ni.i,
2501 4047 70 19 Piumb
2591 4044 62 20 Meat

2363 4089 21 19 in
2395 4087 50 20 both
2454 4085 102 22 Newmud
2565 4084 40 21 Old
2613 4083 125 26 Towcships.

2390 4165 48 28 JAn
2451 4164 150 30 Inspection
2616 4163 23 22 is
2653 4161 108 24 invited.

2486 4216 7 12 •.
2540 4206 2 22 .
2571 4207 101 21 HENEY
2686 4206 81 20 XIEK.
