3300 4360
103 139 198 20 PRESBYTERIAN
320 138 124 18 CONCERT.

25 362 31 680 I
80 188 35 19 The
124 184 111 19 attendance
246 186 20 16 at
275 185 33 17 the
317 185 88 18 Pukeroa
414 186 46 17 Hull
468 191 23 12 on

63 210 89 21 Thursday
159 209 55 21 night
229 214 24 10 on
271 209 34 16 the
322 209 85 17 occasion
423 209 21 17 of
460 209 33 17 the

63 233 66 23 concert
137 233 20 16 in
165 232 32 17 aid
205 231 20 18 of
233 231 33 17 the
277 231 89 24 building
375 232 47 17 fund
432 232 20 17 of
460 232 33 17 the

63 255 123 24 Presbyterian
195 254 77 17 Church
280 255 75 22 though
364 256 34 16 not
409 261 19 10 so
437 256 54 21 large

64 292 14 9 ~»
90 281 30 16 the
129 278 63 23 object
204 278 21 16 in
239 278 48 16 view
296 278 90 17 deserved
402 283 38 12 was
457 283 23 11 ex-

63 303 70 22 treniely
141 301 127 21 satisfactory.
294 301 39 17 The
341 301 40 17 hall
393 307 37 10 was
440 306 39 12 com-

64 325 73 23 fortably
146 325 52 17 tilled
206 324 38 17 and
252 325 34 16 the
295 324 90 17 audience
395 329 37 12 was
442 325 49 16 most

63 348 123 25 appreciative.
220 348 39 16 The
275 352 121 18 programme
419 346 72 23 opened

63 374 37 19 with
110 379 10 10 a
131 372 59 22 petite
202 370 79 22 comedy
298 370 21 17 in
336 370 61 17 which
414 371 49 16 most
472 370 21 17 of

62 400 26 16 the
103 396 105 18 characters
223 394 74 16 famous
321 393 19 17 in
357 399 79 15 nursery
453 393 39 17 lore

62 426 40 14 were
122 417 117 18 introduced.
304 416 59 17 Little
383 417 85 21 80-peep

62 444 46 24 (Jliss
123 440 77 23 Reeves)
326 440 53 22 (Miss
398 438 93 23 Douglas)

63 466 30 21 and
99 466 33 18 the
235 463 95 17 Sunbeam
357 462 55 23 (Miss
428 462 63 17 Laura

63 483 143 26 Jlawkesworth)
224 487 25 16 all
267 486 79 21 daintily
371 485 68 18 attired
454 485 37 17 and

62 510 128 24 looking'their
197 510 47 20 best,
259 509 55 17 acted
327 508 89 22 divinely,
435 508 56 18 while

62 537 38 20 Jfiss
113 536 21 16 F.
144 534 79 21 Murray
232 537 20 13 as
279 532 78 17 Mother
366 532 60 17 Goose
453 537 37 12 was

61 559 58 24 quaint
128 557 36 17 and
174 557 85 22 piquant.
286 555 81 17 Masters
382 555 101 20 Thomson,

62 584 76 20 Murray,
148 579 38 18 and
195 579 73 17 I'urcell
278 584 48 11 were
338 578 33 17 the
499 577 1 27 j

171 602 80 20 "'Jack,"
258 601 38 17 and
383 602 40 21 Boy

61 631 14 18 of
86 630 29 16 the
124 626 85 19 occasion
219 624 37 18 and
265 624 97 23 acquitted
378 624 112 18 themselves
499 623 1 30 j

63 650 110 21 :,uiarkably
182 649 47 17 well.
255 648 39 16 The
308 648 68 16 second
382 650 43 20 part
432 648 20 16 of
458 648 32 16 the
499 643 1 28 I

61 678 113 20 programme
181 677 40 12 was
228 670 111 19 introduced
354 671 26 22 by
395 677 11 10 a
421 671 56 22 piano-

62 700 41 19 forte
117 697 39 17 solo
172 696 25 21 by
209 695 47 17 Miss
273 694 85 17 Brabant
402 694 88 22 Dancing

148 719 69 24 played
225 718 47 17 with
277 718 32 17 the
319 718 71 16 utmost
399 717 90 23 precision

62 754 6 11 a
69 745 23 19 nd
108 744 88 20 delicacy.
229 741 47 17 Miss
290 741 63 17 Pattie
370 741 84 17 Griffiths
470 741 18 17 in

61 771 26 17 the
95 767 63 18 ballad
186 765 60 18 Silver
252 765 48 16 Sails
331 764 38 17 still
378 764 74 17 further
460 764 19 17 in-

61 790 67 22 creased
136 790 33 17 the
178 788 109 17 favourable
295 786 111 24 impression
415 787 32 17 she
456 787 33 17 has

61 814 47 21 made
117 813 38 17 and
164 812 39 18 Mrs
212 811 71 17 Wilson
291 811 19 16 in
328 811 33 16 her
378 812 38 15 two
432 816 57 16 songs
499 811 1 26 |

66 836 78 23 'Daddy
231 834 67 18 Callin'
320 833 77 18 Herrin'
452 839 36 11 was

61 859 103 26 apturously
173 858 83 17 received
265 857 38 17 and
312 856 106 23 applauded
428 858 20 16 to
457 856 31 18 the

61 885 44 19 echo.
232 880 78 18 Durden
376 880 33 16 the
422 880 66 17 Misses

61 907 77 22 llalfroy
155 905 38 17 and
207 905 56 17 Cross
279 903 38 17 and
333 903 32 17 Mr
378 903 54 17 Cross
446 903 15 17 is
477 909 11 11 a

61 931 40 19 litrht
115 929 38 17 and
170 928 40 21 airy
226 927 50 17 trifle
293 925 62 19 which
371 928 50 15 went
438 927 49 16 most

61 952 116 22 melodiously
190 950 37 17 and
240 950 33 17 the
291 955 49 11 same
358 949 73 22 maybe
448 949 40 17 said

60 979 15 18 of
82 977 31 18 the
131 981 48 17 song
296 972 62 18 which
376 978 38 11 was
428 972 56 23 given

60 1003 19 16 hv
89 1000 44 16 Miss
143 998 57 21 Batty
211 997 43 16 with
270 996 56 17 much
339 995 77 24 aplomb.
449 995 38 17 The

60 1026 45 18 Sons
134 1021 47 18 Half
191 1021 50 16 Mast
247 1019 54 23 High
311 1019 11 9 '*
330 1019 27 22 by
361 1018 48 19 Miss
417 1019 69 16 Thom-

25 1043 62 514 Ison
104 1052 37 11 was
164 1044 108 21 deservedly
289 1042 43 17 weii
349 1042 84 17 received
450 1042 36 17 and

59 1076 32 11 was
99 1075 11 12 a
119 1067 102 19 revelation
230 1067 19 17 to
259 1066 54 17 those
322 1065 19 18 of
351 1065 32 17 the
397 1065 89 17 audience

59 1094 36 16 who
103 1092 38 17 had
150 1092 33 16 not
196 1089 58 17 heard
263 1089 37 17 this
315 1094 66 17 young
397 1088 45 22 lady
459 1089 28 16 for

59 1122 43 13 some
119 1115 81 17 months.
232 1113 41 16 Her
286 1112 52 17 voice
355 1112 15 17 is
386 1112 55 17 much
451 1111 24 18 im-

59 1138 65 26 proved
133 1137 74 19 Doth'in
214 1136 77 17 volume
299 1135 37 17 and
350 1134 70 23 purity.
455 1135 31 17 Mr

60 1161 97 20 JlcArthur
165 1161 20 16 in
214 1159 38 17 The
261 1159 70 22 Bridge
360 1157 76 19 showed
445 1157 42 19 that

61 1188 16 16 lie
83 1186 14 17 is
108 1183 94 24 possessed
207 1183 21 17 of
233 1188 13 12 a
251 1181 38 18 fine
299 1181 67 18 robust
377 1181 57 19 voice,
446 1181 40 17 well

59 1209 53 19 under
117 1206 78 21 control,
205 1206 35 17 but
248 1206 24 16 he
280 1204 82 23 scarcely
371 1204 33 18 did
419 1204 67 22 justice

59 1236 15 15 to
82 1230 75 19 himself
164 1230 21 17 in
193 1230 34 17 not
244 1228 108 21 advancing
361 1229 19 15 to
386 1228 32 16 the
436 1228 50 16 front

59 1257 14 17 of
83 1255 30 18 the
122 1254 96 22 platform.
243 1252 39 16 The
291 1251 83 17 acoustic
383 1251 103 22 properties

64 1279 46 18 iftho
122 1277 83 19 Pukeroa
215 1275 45 17 Hall
270 1281 30 10 are
309 1275 34 17 not
353 1274 85 17 faultless
447 1273 37 18 and

59 1303 26 17 the
92 1306 66 13 nearer
166 1306 10 11 a
185 1299 104 23 performer
298 1299 41 21 gets
352 1298 19 17 to
385 1297 29 17 his
432 1297 44 17 audi-

58 1330 38 13 ence
105 1324 32 17 the
145 1324 62 16 better
224 1322 29 17 for
261 1321 54 17 both.
340 1320 31 17 Mr
380 1320 52 17 Roth
449 1326 37 11 was

59 1346 107 24 responsible
188 1346 29 17 for
232 1348 39 14 two
287 1345 55 16 items
359 1343 91 17 rendered
466 1343 20 17 in

59 1373 23 17 his
106 1369 54 19 usual
181 1369 84 18 effective
292 1373 79 12 manner
398 1366 35 17 and
455 1367 32 16 the

59 1395 63 18 octette
153 1393 39 17 The
200 1392 58 17 Boats
267 1390 64 18 bound
341 1390 59 22 along
409 1390 38 17 o'er
455 1390 32 17 the

59 1419 34 21 Day
122 1416 85 22 brought
215 1421 11 11 a
233 1420 46 16 very
288 1414 120 21 satisfactory
425 1413 51 17 enter-

59 1441 86 19 tainment
153 1440 21 17 to
181 1444 12 12 a
199 1439 54 17 close.
279 1437 40 17 The
327 1437 75 17 various
409 1442 61 12 accom-

59 1464 99 24 paniments
167 1461 118 23 throughout
295 1461 32 17 the
342 1460 81 22 evening
440 1465 47 12 were

59 1489 42 17 most
110 1485 80 24 capably
197 1484 71 23 played
272 1484 26 22 by
313 1484 32 16 the
359 1483 66 17 Misses
440 1482 35 18 Bra-

59 1512 45 20 bant,
115 1510 59 21 Batty
182 1508 37 18 and
228 1508 61 18 Cross.

106 1571 18 19 A
138 1569 89 20 LOCAL
235 1567 110 21 FLORAL
356 1567 76 20 FETE.

48 1619 6 598 I
80 1624 42 19 The
132 1623 66 22 picnic
208 1621 100 25 arranged
324 1620 26 24 by
372 1620 75 19 Messis
462 1621 23 19 E.

59 1650 108 21 Roberteon
178 1649 39 18 and
228 1649 42 22 Co.,
287 1647 20 19 J.
325 1646 103 24 Falloona,
448 1647 38 19 and

60 1678 70 18 Messrs
139 1674 122 20 Macdonald
272 1674 39 19 mid
322 1673 67 19 Boord
398 1673 20 19 in
429 1672 58 21 order

60 1710 15 14 io
85 1700 134 28 auspiciously
230 1700 57 19 mark
304 1700 35 19 the
358 1698 90 27 opening
466 1700 21 19 of

59 1731 17 19 of
87 1730 31 18 the
129 1727 73 21 tourist
212 1733 70 12 season
294 1733 40 12 whs
344 1732 25 12 an
390 1726 97 19 immense

59 1762 77 14 suece-s.
164 1753 57 20 Lake
231 1752 71 19 House
312 1752 61 18 Hotel
394 1758 39 12 was
453 1752 34 19 the

59 1780 93 27 principal
162 1780 55 24 place
228 1780 21 17 of
266 1778 122 20 rendezvous
407 1778 39 18 and
465 1785 22 12 ns

59 1810 30 17 >iie
98 1806 87 20 vehicles
195 1804 53 20 diew
263 1811 27 19 up
298 1811 37 12 one
346 1804 24 24 by
378 1810 38 12 one
423 1807 21 16 at
453 1805 34 18 the

59 1835 44 19 door
111 1834 21 19 of
139 1833 44 18 that
191 1830 88 25 hostelry
289 1830 47 25 they
344 1837 52 12 were
405 1830 82 26 quickly

60 1860 50 21 filled
128 1861 20 18 to
165 1856 136 25 overflowing.
332 1856 122 26 Punctually
466 1860 21 16 at

60 1887 64 19 eleven
136 1883 75 21 o'clock
222 1890 11 11 a
244 1886 50 15 start
313 1889 40 12 was
369 1882 59 19 made
447 1884 39 18 and
498 1882 1 24 l

59 1914 30 19 the
106 1910 97 27 spectacle
220 1916 39 12 was
275 1916 12 12 a
303 1915 47 18 very
366 1913 67 21 pretty
451 1917 36 11 one

60 1947 17 12 as
87 1940 33 17 the
130 1936 84 20 coaches
229 1936 49 18 with
296 1935 69 19 horses
381 1935 40 19 and
440 1936 36 18 har-

60 1972 40 13 ness
111 1964 55 24 gaily
176 1962 105 19 decorated
293 1961 46 19 with
351 1961 77 19 flowers
449 1962 38 20 and

59 1995 115 21 evergreens
184 1987 44 20 tiled
241 1992 51 20 past.
322 1988 26 18 At
359 1987 34 19 the
411 1987 72 20 Palace

61 2018 35 18 Hot
100 2016 17 19 el
122 2023 12 12 a
138 2016 56 23 large
203 2014 63 18 brake
276 2013 95 25 carrying
380 2013 34 19 the
424 2013 51 21 Roto-

60 2051 30 12 nia
99 2041 58 21 Bond
168 2041 48 19 took
226 2041 34 18 the
268 2040 45 18 lead
319 2039 39 19 and
368 2039 33 19 the
410 2046 67 19 proces-

60 2071 44 19 sion,
117 2067 64 21 which
193 2074 38 11 was
244 2072 12 12 a
270 2069 51 15 mo-f.
331 2066 102 25 imposing
443 2073 42 13 one,

60 2094 67 27 passed
137 2093 89 24 through
237 2093 34 17 the
280 2096 52 14 town
340 2098 25 12 on
374 2091 33 20 the
417 2099 42 17 way
468 2095 20 17 to

60 2118 29 23 ihe
108 2120 64 25 picnic
191 2118 85 25 ground.
315 2117 27 19 Te
368 2117 58 26 Ngae
449 2125 38 12 was

61 2147 42 26 duly
113 2146 84 20 readied
209 2145 52 19 after
271 2151 25 12 an
307 2143 70 19 hour's
397 2145 92 24 pleasant

61 2175 57 17 drive.
146 2172 52 18 Over
209 2172 36 18 300
256 2176 83 19 persons
348 2176 52 13 were
408 2173 80 22 present

60 2198 116 24 altogether,
188 2197 63 19 about
263 2198 35 17 150
310 2195 62 27 being
378 2195 109 20 embarked

51 2227 30 17 lin
104 2225 75 18 Messrs
198 2222 42 19 Mac
240 2222 85 19 Donald
345 2222 39 19 and
404 2222 85 19 Boord's

50 2248 3 25 i
61 2256 58 14 steam
130 2249 101 23 launches,
243 2256 26 11 on
279 2249 34 18 the
324 2248 57 24 large
399 2251 88 22 pontoon

61 2277 34 19 mid
105 2284 25 12 on
148 2276 33 19 Mr
195 2275 104 20 Samson's
312 2274 175 25 gasoline-driven

51 2300 2 25 I
61 2304 21 17 Ik,
96 2308 5 13 t
111 2300 4 25 :
127 2303 33 18 the
172 2302 58 19 latter
241 2301 62 24 being
313 2300 82 25 pressed
403 2301 41 18 into
453 2301 34 18 the

48 2322 5 34 ?•.]
61 2330 70 19 service
139 2331 20 16 to
170 2328 46 24 pick
225 2334 27 18 up
264 2328 33 17 the
308 2327 118 23 stragglers.

52 2352 1 26 I
85 2357 12 17 A
174 2357 118 21 suoiptuous
313 2353 59 18 lunch
391 2359 40 12 was
447 2352 42 19 laid

48 2375 41 27 r.'lout
102 2388 51 15 upon
164 2389 11 10 a
185 2380 48 22 long
243 2379 55 18 table
308 2378 65 19 under
387 2379 34 18 the
437 2382 52 15 trees

50 2401 26 32 [in
87 2408 54 19 front
150 2408 22 17 iif
183 2406 33 19 Mr
224 2405 73 19 Kirk's
306 2405 64 19 house
379 2404 40 20 and
437 2405 15 19 it
471 2406 17 17 is

49 2426 4 29 I
61 2434 87 19 needless
158 2436 20 15 to
189 2439 34 16 say
233 2432 45 18 that
289 2431 15 18 it
315 2437 40 12 was
364 2431 51 18 done
423 2431 66 22 ample

50 2453 3 31 I
63 2460 66 24 ju-iice
139 2462 26 15 to.
199 2458 154 19 Refreshments
370 2460 19 16 to
405 2458 41 18 suit
463 2457 26 19 all

48 2477 1 34 :
50 2477 4 34 |
62 2486 72 25 palates
143 2484 40 19 and
199 2484 142 25 predilections
358 2490 51 12 were
427 2486 20 16 t.i
465 2483 24 19 be

49 2509 4 26 j
62 2514 35 17 had
112 2512 30 18 for
153 2511 34 18 the
197 2510 80 24 asking,
287 2509 40 19 and
338 2516 12 12 a
359 2516 49 17 very
418 2509 72 26 enjoy?

50 2535 3 26 |
61 2538 42 19 able
114 2538 48 18 time
176 2543 40 12 was
232 2538 64 23 spent.
335 2535 43 19 The
398 2535 76 20 Whaka-

49 2561 4 29 j
62 2569 102 14 rewnrewa
186 2563 58 19 Band
273 2563 44 18 that
340 2561 41 19 bad
414 2568 64 13 accom-

49 2583 4 34 j
61 2590 69 25 panied
144 2589 35 19 the
195 2592 62 16 water
275 2590 59 23 party
351 2587 94 20 marched
462 2594 27 19 up

48 2609 1 34 I
49 2609 4 34 j
61 2618 47 18 from
121 2616 34 19 the
173 2615 62 18 beach
256 2615 48 17 with
324 2613 75 20 banner
418 2613 69 25 flying,

61 2643 44 18 each,
130 2641 89 20 member
239 2641 70 24 trying
327 2644 21 15 to
367 2640 67 18 outvie
455 2640 35 18 the

61 2669 29 18 the
101 2669 54 18 other
171 2667 20 19 in
200 2667 33 18 the
244 2666 80 18 volume
334 2666 40 18 and
386 2672 66 18 power
470 2665 21 19 of

51 2691 2 30 j
62 2695 26 18 his
96 2700 61 13 notes.
174 2693 78 23 Games,
263 2692 87 24 dancing
361 2692 41 19 and
409 2691 82 25 general

48 2712 1 37 |
49 2712 5 37 ]
61 2721 112 18 merriment
196 2726 51 11 were
267 2718 98 24 indulged
396 2719 25 21 in,
451 2717 40 19 and

61 2748 101 17 afternoon
174 2748 31 16 tea
216 2751 40 13 was
274 2744 108 26 dispensed
398 2743 61 20 about
484 2746 6 16 1

62 2772 76 20 o'clock.
174 2771 43 19 The
240 2771 64 18 whole
328 2773 59 23 party
412 2770 79 19 arrived

62 2799 54 18 home
137 2797 78 25 shortly
236 2797 53 18 after
309 2798 10 17 5
337 2796 76 19 o'clock
432 2796 59 19 much

48 2822 1 27 :.
63 2824 77 25 pleased
151 2824 47 18 with
215 2823 33 18 the
259 2823 56 23 day's
332 2823 79 23 outing.
449 2822 42 18 The

48 2845 1 28 \
62 2853 84 16 <-roate-t
154 2849 63 20 credit
226 2850 18 17 is
254 2849 39 18 due
303 2851 21 16 to
331 2848 34 19 the
372 2848 115 25 organisers

48 2872 1 29 I
61 2877 17 18 of
88 2877 32 18 the
132 2876 64 25 picnic
206 2876 31 18 for
247 2875 34 18 the
292 2874 112 20 excellence
414 2875 21 18 of
458 2874 34 19 the

62 2903 149 25 arrangements
220 2901 64 18 made.

48 2928 1 0 I

87 2972 57 25 Bijou
164 2971 52 19 local
234 2970 92 19 sketches
346 2970 21 19 in
386 2970 37 18 oils
452 2970 39 18 and

30 2998 5 19 I
62 3001 57 16 water
129 2997 70 20 colors.
227 2997 49 18 Also
287 2996 94 19 Martin's
390 2996 71 24 photos
471 2996 21 18 of

61 3025 30 18 the
102 3024 77 19 district
191 3029 46 18 may
249 3023 24 18 be
283 3022 96 19 obtained
391 3025 20 15 at
424 3022 57 19 Cinto-

54 3056 63 13 mcle
126 3050 80 19 Office*

82 3085 15 17 A
106 3084 63 17 choice
177 3083 89 18 selection
279 3083 20 16 of
315 3082 23 18 oil
353 3083 98 22 paintings
467 3082 26 22 by

31 3105 4 23 :
62 3107 27 17 Mr
97 3107 21 17 C.
129 3107 97 17 Blom'iolu
236 3112 44 16 may
289 3111 42 12 now
340 3105 24 18 he
373 3111 43 12 seen
425 3107 20 15 at
461 3105 33 18 the

63 3131 114 16 Chronicle
185 3129 63 18 Office.
274 3129 152 22 Theycoiiipri.se
438 3128 56 17 views

31 3147 5 29 |
63 3154 15 16 in
88 3154 37 16 this
133 3152 149 23 neighborhood,
294 3152 99 20 Wuirakci,
411 3151 69 18 Whaka-

64 3182 100 14 lewarewa,
175 3177 39 18 &c,
227 3175 39 17 and
282 3176 48 17 from
344 3175 49 17 their
407 3174 77 18 faithful-

63 3205 37 10 ness
121 3199 37 16 iiixl
176 3199 94 16 attention
287 3201 20 14 to
328 3198 58 17 detail
407 3204 31 11 arc
452 3198 43 17 well

64 3229 9 10 v.
75 3223 45 17 ortli
133 3223 32 16 the
174 3222 94 17 attention
277 3222 20 16 of
306 3222 61 17 lovers
381 3222 20 16 of
410 3225 35 13 art.
471 3222 22 16 Jn

63 3246 81 18 addition
153 3246 21 16 to
182 3245 52 17 these
243 3245 53 17 there
310 3250 31 12 are
358 3251 11 11 a
382 3244 80 18 number
475 3244 20 17 of

64 3271 54 15 water
125 3269 51 17 color
184 3267 85 18 sketches
278 3267 80 17 suitable
368 3267 30 18 for
405 3267 90 22 birthday

64 3298 18 11 or
90 3293 67 16 Easter
164 3291 73 18 Curds.*

85 3324 19 16 In
115 3329 23 11 an
148 3321 66 19 article
219 3321 78 18 entitled
339 3321 39 18 The
388 3321 74 23 Bicycle
475 3322 20 16 in

64 3346 27 18 the
101 3345 74 18 Service
184 3345 19 17 of
213 3345 41 17 God
284 3345 33 18 the
336 3345 40 17 War
397 3345 34 22 Cry
447 3345 45 17 thus

64 3370 113 17 discourses:
223 3368 50 17 That
280 3368 33 18 the
329 3368 73 22 bicycle
413 3368 34 17 lias
461 3368 22 17 be-

64 3398 48 12 come
119 3398 13 12 a
139 3391 92 24 powerful
239 3391 115 17 instrument
375 3391 20 17 in
411 3391 33 17 the
456 3396 30 12 ser-

64 3416 35 17 vice
108 3415 20 18 of
137 3415 32 17 the
178 3414 52 17 Devil
240 3415 70 16 cannot
318 3414 30 17 for
362 3413 33 18 the
412 3414 84 17 moment

64 3438 14 17 b<
99 3437 89 19 doubted.
214 3438 38 15 The
269 3437 123 18 Salvationist
399 3436 34 19 has
451 3436 45 23 only

64 3462 16 17 to
89 3461 84 18 consider
181 3460 33 18 the
222 3460 44 18 mad
275 3466 51 11 craze
335 3460 52 17 there
397 3460 14 16 is
420 3460 30 17 for
463 3460 33 16 the

64 3485 54 17 wheel
125 3485 19 17 in
153 3485 33 16 the
191 3484 66 21 racing
266 3483 37 17 and
320 3483 99 22 gambling
436 3483 59 17 world

64 3507 14 17 in
87 3508 31 17 the
135 3507 84 23 pleasure
238 3506 78 22 seeking
332 3505 60 18 world
402 3505 3 25 ;
419 3505 18 18 in
455 3506 32 17 the

64 3531 70 21 godless
140 3530 87 22 sporting
236 3529 60 17 world
305 3529 3 23 ;
320 3529 37 16 and
365 3529 19 17 in
394 3529 32 16 the
435 3529 59 16 world

64 3555 16 15 of
89 3553 88 20 flirtation
187 3552 36 18 and
238 3552 54 22 folly,
302 3552 18 16 in
338 3552 55 16 order
404 3554 19 14 to
438 3551 59 19 abhor

64 3577 28 17 tho
100 3577 128 22 employment
237 3575 20 18 of
265 3576 33 16 the
303 3575 44 17 bike
364 3575 29 17 for
407 3580 37 16 any
460 3575 36 17 less

64 3605 75 17 purpose
160 3599 48 18 than
222 3599 32 18 the
276 3598 56 22 glory
349 3598 20 17 of
395 3598 47 17 God.
473 3598 23 17 In

65 3623 47 18 those
121 3623 46 22 days
176 3622 32 17 the
217 3622 62 18 officer
284 3620 68 19 should
362 3627 28 11 see
400 3620 42 18 that
449 3620 24 18 he
481 3621 15 17 is

64 3652 17 10 as
89 3647 84 21 separate
184 3646 47 16 from
241 3645 32 17 the
283 3644 59 17 world
352 3644 53 16 when
415 3644 82 18 mounted

64 3675 16 10 as
94 3670 23 17 he
132 3669 14 16 is
164 3669 53 16 when
234 3668 23 17 he
273 3667 58 18 walks
348 3666 76 19 abroad.
458 3667 39 18 Nor

64 3692 64 17 should
144 3692 24 17 he
184 3692 24 15 be
228 3691 72 22 caught
314 3690 95 22 bicycling
427 3691 33 16 out
477 3690 19 17 of

64 3713 92 20 uniform!
175 3713 56 18 What
240 3714 70 22 special
315 3713 82 18 uniform
412 3712 15 18 is
434 3718 52 13 essen-

64 3738 28 18 tial
103 3737 39 18 will
147 3737 24 17 be
180 3737 85 22 supplied
276 3738 46 15 from
334 3742 35 11 our
377 3741 42 11 own
435 3736 62 16 Stores

64 3761 33 18 The
107 3759 59 19 wheel
176 3759 28 18 for
212 3759 55 17 Jesus
273 3760 16 16 is
296 3766 35 11 our
336 3760 45 21 only
385 3759 76 17 defence
468 3759 30 17 for

64 3784 66 22 having
139 3783 95 22 anything
242 3784 21 15 to
269 3783 23 16 do
301 3782 45 17 with
357 3782 21 17 it.

84 3813 31 17 We
123 3812 48 24 {Bay
179 3811 23 23 of
210 3811 64 22 Plenty
287 3810 64 24 Times)
358 3811 47 16 have
412 3810 84 19 received

64 3841 20 11 an
99 3836 80 17 account
188 3834 20 18 of
217 3834 31 17 Mr
258 3834 72 21 Kelly's
339 3836 63 15 recent
411 3834 84 21 political

64 3859 78 22 meeting
151 3860 21 14 at
182 3858 84 16 Kotorua
275 3857 49 16 from
334 3862 10 11 a
352 3856 144 22 correspondent

66 3882 56 18 whose
131 3880 136 23 acquaintance
280 3885 27 12 we
316 3879 48 16 have
372 3880 34 17 not
414 3879 83 18 hitherto

64 3904 33 18 hud
106 3906 32 17 the
151 3904 86 22 pleasure
256 3902 19 17 of
292 3902 78 22 making
383 3902 36 17 but
435 3902 62 17 whose

64 3928 68 17 flowers
140 3928 20 17 of
169 3926 82 18 rhetoric
264 3931 32 10 are
313 3925 58 21 really
386 3926 32 16 too
433 3926 65 16 ornate

64 3951 32 17 and
106 3950 86 23 complex
202 3949 29 17 for
238 3949 53 16 these
299 3947 84 21 humble,
395 3949 68 16 matter
478 3948 20 17 of

65 3973 34 18 fact
108 3974 90 17 columns.
223 3972 40 17 The
272 3970 74 22 closing
351 3972 87 15 sentence
444 3970 39 17 how-

64 4001 37 13 ever
109 4003 27 11 we
144 4002 44 15 may
197 3996 64 22 quote,
278 3993 104 22 italicising
391 3994 44 16 such
453 3999 33 16 por-

64 4020 44 17 tions
123 4027 19 10 as
158 4026 50 10 seem
217 4020 19 16 to
256 4022 21 13 us
296 4016 123 23 particularly
433 4016 64 22 happy

65 4042 13 17 in
88 4043 109 22 conception
257 4041 10 16 I
284 4040 48 17 have
342 4045 24 11 no
375 4038 60 17 doubt
444 4038 53 18 when

65 4066 22 17 the
96 4066 81 18 numbers
186 4071 31 12 are
226 4069 24 16 up
259 4069 20 12 on
291 4062 28 18 the
336 4067 28 12 eve
379 4066 20 17 <;/
416 4061 80 18 Election

64 4089 30 20 <l<n,
104 4089 42 17 that
163 4089 30 17 Mr
209 4087 73 22 Kelly's
299 4085 112 17 escutcheon
421 4084 38 16 will
475 4083 23 18 be

30 4111 121 19 mlhittcriiui
160 4112 19 16 in
200 4111 32 17 the
249 4109 65 24 gentle
331 4108 80 22 zephyrs
427 4108 20 16 at
465 4106 33 18 ihe

64 4138 39 14 ni.-is!
116 4135 47 17 head
172 4135 78 21 looking
264 4133 55 17 down
329 4137 24 11 on
364 4131 29 17 his
409 4131 77 22 support-

31 4151 55 33 |||<.ts
96 4158 43 18 with
150 4158 85 23 appluu.se
252 4156 39 17 uial

509 947 58 18 THE
604 947 103 19 POWER
741 947 77 18 THAT
856 947 89 18 PULLS

679 972 94 20 DOWN.

510 1025 10 19 I
531 1027 52 17 want
593 1027 21 17 to
623 1028 82 23 present
715 1031 12 13 a
739 1024 65 26 single
816 1025 45 18 idea
870 1025 21 19 in
909 1025 35 19 the

509 1051 70 19 fewest
589 1052 41 18 and
639 1051 85 19 clearest
738 1051 64 19 words
816 1054 20 15 at
844 1058 32 17 my
890 1058 40 12 com-

509 1077 66 19 mand.
613 1078 56 18 Here
687 1084 49 18 goes
753 1077 32 19 for
794 1082 12 14 a
827 1079 33 22 try
877 1080 22 16 at
917 1077 23 19 it.

509 1103 60 19 From
579 1103 35 19 the
631 1104 48 18 time
689 1110 40 18 you
740 1110 34 12 are
793 1102 44 20 first
856 1103 47 19 able
922 1106 21 15 to

509 1129 60 19 stand
586 1136 25 12 on
631 1136 51 19 your
700 1129 48 24 feet,
769 1135 26 18 up
806 1132 20 15 to
841 1129 34 19 the
894 1129 49 18 time

509 1162 39 17 you
565 1162 37 12 can
614 1156 59 18 stand
684 1162 25 12 no
720 1155 77 24 longer,
811 1155 56 18 there
878 1155 17 18 is
912 1155 20 19 al-

510 1188 53 18 ways
573 1188 12 12 a
594 1188 68 19 power
674 1181 81 25 pulling
773 1188 41 18 you
834 1180 107 21 backward

509 1209 39 17 and
564 1208 115 19 downward
691 1207 3 20 .
726 1207 44 19 You
786 1207 60 19 resist
867 1207 40 19 and
927 1207 16 18 it

509 1234 89 25 persists.
637 1233 20 20 It
679 1233 50 19 wins
749 1233 75 25 partial
848 1233 94 19 victories

509 1266 47 13 over
573 1267 42 18 you
630 1266 61 18 every
707 1259 45 25 day,
769 1259 40 19 and
833 1258 72 26 finally
926 1259 16 18 it

509 1286 43 24 lays
562 1293 40 17 you
614 1287 26 24 by
650 1286 34 20 the
694 1286 63 19 heels.
782 1287 57 19 JN'ow,
853 1286 54 17 what
925 1286 16 17 is

509 1312 34 19 the
552 1319 60 12 name
630 1313 21 18 of
668 1313 44 19 that
728 1318 67 19 power
805 1311 9 19 ?
837 1311 63 19 Don't
917 1312 25 18 bo

509 1342 33 15 too
552 1338 62 26 quick
630 1339 49 18 with
696 1345 51 18 your
766 1343 85 13 answer.
889 1338 20 18 It
926 1338 15 18 is

509 1365 34 18 the
562 1371 47 12 over
629 1375 8 4 -
656 1364 101 20 confident
774 1364 97 18 cricketer
896 1364 45 18 who

509 1394 44 22 gets
587 1391 78 19 bowled
691 1393 42 16 out.
781 1389 91 25 Perhaps
908 1390 34 18 the

509 1418 85 24 reading
613 1418 21 19 of
652 1417 57 19 these
734 1417 70 18 letters
823 1422 46 18 may
894 1416 48 24 help

509 1450 46 18 you.

598 1470 35 19 the
651 1469 71 25 spring
736 1468 21 19 of
862 1474 47 19 says
930 1474 11 12 a

510 1503 83 16 woman,
717 1495 75 22 health,
826 1494 117 25 previously

509 1522 58 24 good,
578 1522 68 24 began
658 1525 21 16 to
687 1522 42 18 fail.
743 1521 12 19 I
766 1527 31 13 am
807 1520 103 25 naturally
921 1527 22 12 as

509 1549 101 24 energetic
619 1555 22 12 as
651 1551 52 16 most
719 1553 83 19 persons
820 1547 40 19 and
881 1546 61 26 enjoy

510 1575 62 24 being
581 1581 28 19 up
618 1574 39 19 and
668 1574 68 25 doing,
748 1573 37 20 but
795 1580 44 12 now
848 1574 31 18 for
889 1579 54 13 some

509 1607 21 13 re
544 1607 35 13 sou
587 1601 10 19 I
608 1601 36 19 felt
655 1600 44 23 low,
712 1600 62 23 weak,
790 1599 41 19 and
846 1599 58 19 tired.
933 1599 11 18 I

510 1627 39 19 had
559 1633 26 12 no
595 1627 62 19 relish
668 1628 32 18 for
709 1626 48 19 food
765 1627 20 17 of
792 1632 39 17 any
839 1625 56 22 kind,
905 1625 39 19 aud

511 1653 51 20 what
571 1654 10 18 I
589 1656 32 16 ato
632 1660 50 17 gave
693 1660 31 12 me
734 1653 48 25 pain
802 1656 21 14 at
839 1653 34 17 the
888 1652 57 18 chest

510 1680 39 18 and
566 1687 10 11 a
595 1680 78 24 feeling
688 1680 21 18 of
725 1679 101 24 tightness
851 1678 39 18 and
908 1684 24 19 op-

510 1707 89 24 pression
609 1706 78 18 around
699 1705 34 19 the
744 1705 63 22 waist,
819 1704 48 18 with
877 1705 56 18 short-

510 1738 45 12 ness
563 1733 21 18 of
593 1733 79 18 breath.

556 1759 60 18 After
631 1765 12 11 a
660 1759 48 18 time
727 1758 35 18 the
781 1757 59 25 paius
851 1759 53 16 went
924 1759 21 16 to

510 1791 33 18 my
552 1785 107 18 shoulders
670 1784 40 19 and
728 1784 28 19 all
768 1790 48 12 over
834 1790 38 12 me.
901 1783 44 19 The

510 1811 82 18 distress
602 1811 54 19 after
665 1811 70 24 eating
745 1816 39 12 was
794 1816 22 12 so
827 1811 58 23 great
895 1809 46 19 that

510 1837 10 18 I
550 1837 101 19 hesitated
687 1837 70 18 before
781 1835 126 25 swallowing
933 1842 12 12 a

510 1863 108 23 mouthful,
634 1863 43 18 well
689 1863 96 23 knowing
797 1862 54 19 what
867 1862 34 19 the
913 1868 22 13 re-

509 1889 40 19 sult
560 1889 67 19 would
646 1890 31 18 bo.
707 1889 12 19 I
736 1889 47 19 took
804 1894 60 18 many
881 1888 51 19 medi-

509 1916 60 22 eines,
581 1916 37 18 but
634 1922 52 12 none
696 1915 22 19 of
727 1915 55 19 them
794 1921 52 18 gave
857 1921 30 12 me
905 1921 40 17 any

510 1947 50 14 ease'
581 1942 29 19 As
628 1941 49 20 time
705 1944 52 16 went
779 1948 25 11 on
829 1940 11 19 I
862 1940 82 19 became

510 1968 80 19 weaker
609 1968 40 19 and
677 1967 86 23 weaker,
780 1968 56 17 often
862 1966 83 25 leaving

510 2001 33 17 my
551 1994 112 19 household
679 1994 55 19 work
745 1994 31 18 for
786 2000 11 11 a
806 1993 29 18 bit
846 2000 21 11 so
887 1999 21 12 as
924 1996 21 15 to

510 2020 26 19 lie
546 2021 58 18 down
616 2027 24 12 on
653 2023 34 16 the
698 2020 63 19 couch
772 2020 39 17 and
822 2022 46 15 rest.
898 2020 47 18 And

510 2053 23 12 as
552 2047 41 18 this
615 2046 85 25 debility
720 2045 102 20 increased
840 2052 52 18 upon
914 2053 31 11 me

511 2079 32 18 my
551 2073 62 24 spells
623 2073 20 18 of
654 2073 54 18 work
720 2075 35 21 got
766 2072 84 21 shorter,
860 2072 40 19 aud
912 2079 33 17 my

511 2098 60 26 spells
582 2100 21 17 of
614 2103 40 14 rest
665 2100 76 22 longer.

557 2126 120 18 Sometimes
693 2124 78 25 feeling
781 2131 11 11 a
804 2124 54 19 trifle
879 2128 66 17 better

510 2151 38 19 and
566 2152 49 18 then
623 2152 61 24 again
700 2157 66 16 worse,
777 2150 41 19 this
828 2157 40 12 was
887 2158 47 18 prac-

510 2177 68 24 tically
607 2184 33 17 my
667 2177 103 18 condition
799 2176 70 19 month
893 2178 52 19 after

510 2203 77 19 month.
600 2203 13 19 I
623 2209 41 13 saw
674 2209 12 13 a
696 2203 74 22 doctor,
781 2202 39 18 but
830 2202 31 19 his
877 2204 52 18 medi-

510 2230 54 18 cines
572 2229 34 19 did
624 2235 32 13 me
670 2229 53 19 little
738 2235 23 12 or
778 2235 24 11 no
823 2230 58 23 good.
912 2230 33 19 Ho

511 2256 42 18 said
566 2256 8 18 1
593 2262 40 12 was
649 2255 101 24 suffering
765 2255 51 18 from
833 2256 110 23 weakness,

510 2281 40 19 and
571 2281 66 19 would
654 2281 52 19 have
718 2284 18 16 to
748 2284 34 20 get.
799 2288 33 16 my
853 2282 92 24 strength

512 2308 50 18 back
587 2307 114 25 gradually.
739 2307 42 18 The
802 2310 84 18 autumn
905 2308 40 19 and

512 2334 71 19 winter
592 2334 21 19 of
625 2334 75 19 1891-2
707 2333 70 25 slowly
790 2333 73 25 pa-sed
881 2335 40 18 and
933 2335 10 18 I
954 2333 1 25 j

512 2367 38 12 wa-
563 2361 64 18 about
643 2361 34 18 the
693 2366 62 16 same,
771 2359 47 24 only
832 2367 55 12 more
901 2361 44 18 thin
954 2359 1 24 i

511 2387 39 18 and
562 2387 73 18 feeble.
672 2385 10 19 1
694 2386 39 18 had
745 2385 71 19 almost,
836 2387 61 24 given
917 2393 28 19 up

511 2413 51 24 hope
573 2413 20 18 of
605 2413 81 23 getting
696 2412 64 23 really
771 2412 43 18 well
825 2413 67 21 again.

559 2439 24 18 In
595 2439 57 25 April
667 2438 69 25 (1892)
748 2438 11 18 I
771 2444 40 12 was
819 2439 20 18 in
848 2446 36 12 our
894 2439 51 24 shop

512 2472 36 11 one
560 2465 39 24 day
610 2465 40 19 aud
667 2464 62 19 heard
738 2471 12 11 a
768 2469 99 14 customer
884 2465 62 25 speak

512 2494 63 16 about
583 2491 81 18 Mother
672 2489 85 27 Seigel's
767 2490 95 19 Curative
872 2491 73 25 Syrup,

513 2517 39 19 and
570 2517 55 19 what
634 2517 130 19 remarkable
775 2523 57 12 cures
846 2517 20 19 of
877 2517 60 19 differ-

512 2545 34 17 ent
565 2543 95 19 ailments
672 2543 15 18 it
707 2543 40 18 had
757 2543 52 18 done
820 2543 21 18 in
852 2543 34 19 the
905 2543 32 19 dis-

512 2570 52 17 trict.
595 2569 35 20 'lt
640 2576 46 16 may
696 2570 26 17 be
732 2569 35 18 the
777 2569 56 23 right
844 2569 59 26 tiling
915 2569 32 20 for

512 2596 45 22 me,'
569 2596 10 18 I
588 2596 51 22 said,
648 2595 39 20 and
698 2598 44 16 sent
752 2596 31 17 for
800 2596 16 17 it
835 2596 46 18 that
898 2603 49 17 very

585 2622 59 18 After
661 2621 73 25 taking
743 2627 37 13 one
790 2621 65 19 bottle
861 2621 12 20 I
888 2622 58 19 could

513 2651 32 15 eat
573 2648 74 23 better,
668 2648 84 18 without
768 2654 38 17 any
825 2648 83 19 distress
926 2655 22 11 or

513 2674 56 24 pain,
576 2677 21 16 to
608 2680 56 13 come
674 2674 52 19 after
741 2674 22 18 it.
795 2674 56 18 With
861 2675 35 18 the
913 2674 32 19 ad.

513 2700 84 19 ditional
616 2700 47 19 food
673 2700 10 18 I.
700 2700 73 24 gained
789 2701 99 22 strength,
908 2700 40 19 and

513 2732 37 12 one
569 2726 58 19 week
637 2726 53 19 after
707 2727 89 21 another,
810 2726 58 18 while
886 2726 50 25 keep-

513 2751 35 25 ing
560 2758 25 13 on
600 2752 48 19 with
670 2752 80 19 Mother
769 2752 85 24 Seigel's
873 2754 73 23 Syrup,

514 2778 11 18 1
534 2778 61 19 found
607 2778 74 25 myself
691 2778 45 18 able
747 2781 20 15 to
778 2778 24 18 do
820 2785 54 12 more
894 2778 53 19 work

513 2804 39 18 aud
560 2804 89 24 needing
659 2804 39 19 less
715 2808 41 15 lest
773 2804 90 19 between
882 2805 65 18 times.

513 2830 11 18 I
541 2830 48 18 took
607 2830 48 25 only
673 2831 34 18 the
727 2830 103 23 Seigel's;'
847 2838 25 11 no
891 2830 58 20 other

513 2856 105 20 medicine.
653 2857 11 18 I
681 2857 59 18 could
757 2857 58 19 stand
833 2857 37 19 and
896 2856 52 20 walk

514 2888 48 13 onca
577 2888 56 13 more
644 2883 85 18 without,
739 2882 97 25 thinking
853 2883 64 18 about
933 2883 16 18 it,

514 2909 39 18 and
573 2915 42 12 was
626 2915 48 12 soon
685 2909 19 18 in
722 2915 22 12 as
755 2909 52 24 good
821 2909 70 18 health
909 2909 38 17 and

515 2935 67 24 spirits
589 2941 21 11 as
625 2941 53 12 ever.
709 2935 43 18 You
763 2942 32 11 are
807 2935 42 19 free
860 2938 21 15 to
894 2935 55 24 print

514 2967 33 18 my
571 2961 61 18 letter
647 2961 16 17 if
686 2968 39 17 you
745 2961 71 18 desire.
854 2960 94 25 (Signed)

515 2986 42 18 Mrs
566 2986 73 20 Emma
646 2986 137 25 Cottingham,
792 2987 47 18 wife
850 2987 20 18 of
881 2987 24 18 G.
916 2987 31 18 W.

515 3011 138 26 (Nottingham,
665 3012 73 20 Grocer
751 3013 39 17 and
808 3015 139 19 Ironmonger.

515 3039 82 22 Scotter,
619 3039 91 21 Lincoln,
727 3038 58 25 April
800 3039 55 18 29th.

564 3065 39 18 For
620 3071 48 12 over
686 3065 45 18 four
849 3071 45 18 says
913 3072 25 11 an-

515 3090 63 23 other,
627 3090 12 19 I
665 3090 87 19 suffered
779 3091 51 18 from
858 3093 92 17 constant

517 3116 110 19 weakness.
656 3116 36 25 My
701 3116 80 19 natural
798 3116 93 23 strength
911 3123 40 11 was

516 3149 57 18 gone,
584 3143 39 19 and
635 3143 88 24 nothing
733 3143 8 18 I
750 3142 33 19 did
794 3149 22 12 or
827 3142 47 19 took
886 3149 53 12 seem-

516 3168 25 19 ed
550 3171 21 16 to
585 3169 61 23 bring
654 3169 16 18 it
680 3168 58 19 back.
768 3168 34 24 My
814 3168 115 19 food—and
940 3168 9 19 I

516 3197 32 16 ate
558 3194 37 19 but
611 3195 60 22 little,
692 3194 77 24 having
787 3201 26 12 no
834 3195 116 24 appetite—

516 3221 34 18 did
560 3224 35 15 not
606 3227 26 18 go
641 3224 20 15 to
670 3220 33 19 the
714 3222 61 22 right,
787 3227 22 11 as
824 3227 30 12 we
868 3227 42 17 say.
941 3220 10 19 I

517 3253 39 11 was
566 3253 52 12 none
630 3246 33 19 the
682 3247 66 18 better
767 3253 21 11 or
810 3250 93 21 stronger
919 3246 33 19 for

516 3273 71 24 eating
602 3273 21 18 if
654 3272 77 19 Indeed
741 3272 12 18 I
771 3279 41 12 was
821 3272 35 19 the
877 3279 74 13 worse:

517 3298 31 18 for
566 3299 15 17 it
597 3299 74 18 caused
687 3305 32 12 me
729 3300 57 22 great
795 3298 49 24 pain
855 3298 40 19 and
912 3298 30 18 dis-

517 3327 50 15 tress
578 3324 20 19 in
609 3324 35 19 tho
654 3324 97 20 stomach,
767 3324 62 20 chest,
841 3324 59 21 sides,
912 3324 40 19 aud

517 3350 58 18 back.
604 3350 11 18 I
627 3357 41 12 was
679 3350 93 23 working
783 3350 21 18 in
814 3351 35 17 the
860 3350 43 18 mill
912 3351 40 18 and

517 3382 61 12 never
588 3376 58 25 quite
654 3382 51 18 gave
716 3382 27 18 up
751 3382 33 17 my
799 3376 137 24 employment
949 3376 4 25 ;

517 3402 37 19 but
565 3402 11 18 I
587 3402 34 18 did
633 3408 34 18 my
677 3401 54 19 work
741 3402 21 17 in
771 3402 43 18 face
825 3403 21 17 of
854 3408 48 18 pa:.,
912 3402 41 19 and

517 3427 112 19 weakness.
667 3427 81 24 Finally
761 3427 11 18 I
788 3434 40 11 was
846 3427 60 19 cured
926 3427 27 25 by

517 3453 82 19 Mother
610 3453 84 25 Seigel's
705 3453 73 23 Syrup.
807 3453 9 18 I
826 3453 62 18 heard
907 3453 20 19 of
938 3454 16 18 it

518 3479 27 25 by
562 3486 71 12 means
643 3480 22 18 of
675 3486 12 12 a
696 3479 53 19 little
759 3479 60 18 book.
834 3479 43 18 The
887 3479 66 25 Syrup

518 3506 84 24 stopped
620 3505 34 19 the
673 3505 49 25 pain
738 3505 52 18 after
818 3505 75 24 eating,
913 3505 41 19 and

518 3538 48 12 soon
578 3532 11 18 I
607 3538 42 12 was
668 3531 86 18 another
773 3531 40 18 and
832 3537 12 12 a
861 3531 93 24 brighter

519 3564 84 12 woman.
633 3558 43 24 .My
697 3556 93 24 strength
813 3563 55 12 came
894 3557 58 23 back,

519 3584 40 17 and
569 3584 53 18 lean
635 3583 58 22 walk,
706 3583 65 19 stand,
791 3583 39 18 and
841 3582 55 19 work
906 3583 48 18 with

519 3615 50 13 ease.
600 3609 94 25 (Signed)
707 3609 50 18 Mrs.
767 3608 113 22 Elizabeth,
893 3608 49 19 Jack-

519 3641 41 14 son,
586 3635 44 19 Silk
659 3638 71 21 Mreet,
752 3635 91 23 Glosson,
868 3634 87 19 October

520 3661 53 23 10th,

544 3687 52 20 Now
608 3688 55 18 what
674 3694 41 12 was
725 3688 35 18 the
778 3693 68 18 power
854 3686 44 19 that
908 3686 36 26 pul-

519 3713 31 19 led
570 3714 58 18 the-o
655 3720 77 12 women
755 3713 58 18 down
824 3712 8 19 ?
878 3712 61 20 Weak-

595 3746 42 18 you
646 3746 43 17 say,
708 3739 42 19 and
757 3741 49 21 they
816 3745 37 18 say
886 3739 56 19 weak-

607 3766 41 18 But
656 3765 55 19 what
721 3765 17 19 is
749 3765 104 18 weakness
862 3764 9 19 ?
886 3765 20 18 It
916 3766 17 17 is
943 3772 12 11 a

519 3791 77 19 disease
607 3791 9 18 ?
630 3791 40 23 No,
686 3791 34 18 old
729 3797 38 18 age
786 3791 75 23 always
883 3791 72 24 brings

519 3817 21 21 it,
551 3817 41 19 and
603 3817 16 18 it
635 3816 17 19 is
663 3817 76 23 always
757 3822 36 12 one
804 3817 21 17 of
835 3817 35 17 tho
880 3817 75 18 results

519 3843 20 17 of
546 3843 86 18 disease.
670 3841 102 25 Strength,
785 3841 34 19 the
832 3842 93 24 opposite
934 3843 21 17 of

520 3868 109 22 weakness,
643 3869 18 17 is
671 3867 81 19 created
760 3867 46 24 only
818 3867 25 23 by
863 3867 92 25 digested

519 3894 53 18 food.
610 3893 93 25 Nothing
726 3892 41 19 else
783 3892 65 19 under
865 3893 36 18 the
918 3899 37 12 sun

520 3919 40 19 will
571 3919 89 25 produce
677 3919 22 18 it.
736 3918 52 19 Lose
798 3918 34 18 tho
853 3918 73 24 ability
935 3920 21 16 to

519 3946 67 24 digest
600 3951 52 18 your
668 3943 48 20 food
725 3944 41 18 and
782 3949 48 12 soon
846 3950 52 17 your
912 3944 44 24 legs

520 3971 86 18 tremble
630 3969 89 20 beneath
742 3975 45 18 you,
812 3975 51 17 your
880 3969 76 24 fingers

520 3996 41 19 lose
581 3996 54 19 their
644 3996 51 24 grip,
706 4001 52 18 your
767 3994 53 18 head
838 3995 25 17 its
880 3994 65 18 steadi-

520 4028 51 17 ness,
583 4022 42 18 and
633 4028 52 17 your
694 4020 58 19 mind
762 4020 26 18 its
797 4019 101 19 clearness
914 4019 41 19 and

520 4053 94 19 courage.
654 4046 44 19 Tho
727 4045 54 19 word
823 4045 111 22 weakness,

519 4080 67 12 comes
595 4073 53 18 from
666 4078 12 13 a
692 4072 68 18 Saxon
777 4071 65 18 Word
860 4071 96 24 meaning

520 4101 19 15 to
550 4099 62 23 yield,
621 4100 21 16 to
656 4097 43 23 fail,
714 4099 20 17 to
745 4097 45 25 give
801 4103 50 18 way.
888 4096 32 25 By
931 4097 25 18 its

520 4124 108 18 wondrous
650 4123 67 19 virtue
736 4123 23 19 in
783 4123 112 24 correcting
921 4123 34 19 tho

520 4149 117 25 machinery
650 4150 21 18 of
682 4149 100 25 digestion
798 4148 40 20 and
857 4149 98 24 enabling

966 950 35 19 the
1019 953 75 21 system
1117 953 21 15 to
1157 953 34 21 get
1234 950 34 19 the
1287 950 54 24 good
1381 949 21 18 of

966 976 26 18 its
999 976 54 24 daily
1065 976 102 24 food—by
1184 976 43 18 this
1235 976 11 19 I
1257 983 42 17 say,
1321 975 81 19 Mother

966 1002 86 25 Seigel's
1068 1004 73 22 Syrup,
1161 1002 50 19 used
1229 1002 20 19 in
1270 1002 53 23 time,
1343 1007 48 13 over-

965 1034 66 11 comes
1043 1027 103 20 weakness
1153 1028 39 20 and
1204 1032 85 15 restores
1300 1027 101 20 stvenuth.

992 1052 47 25 But,
1048 1054 58 19 mark
1125 1060 39 17 you
1174 1052 4 26 !
1189 1054 57 19 there
1258 1054 17 19 is
1284 1061 12 11 a
1312 1056 90 22 mystery

965 1080 20 18 in
1002 1080 41 19 this
1061 1080 72 25 simple
1152 1080 138 25 explanation,
1306 1086 22 12 so
1350 1079 52 24 deep

965 1112 29 12 wo
1004 1108 54 17 must
1067 1112 80 13 reserve
1168 1107 34 18 the
1223 1106 113 19 discussion
1343 1106 23 18 of
1385 1106 17 18 it

965 1132 31 18 for
1004 1132 85 19 another
1100 1132 99 19 occasion.

1148 77 60 20 THE
1236 79 57 20 HOT
1321 79 93 21 LAKES
1443 79 172 27 CHRONICLE,
1644 83 159 25 SATUEDAY,
1832 85 155 20 DECEMBER
2015 88 31 20 12,
2063 88 48 19 1896

990 1181 43 18 The
1044 1180 105 26 following
1159 1187 43 12 new
1214 1181 64 18 books
1286 1187 33 12 are
1327 1187 25 12 on
1360 1180 41 19 sale

964 1208 21 17 at
1009 1206 119 20 Chronicle
1147 1206 61 19 Office
1343 1206 58 19 Xlth

1177 1232 27 25 by
1234 1233 27 19 LT.
1296 1232 105 23 Sutcliffe;

1197 1258 26 26 by
1240 1259 36 18 the
1290 1259 75 18 author
1380 1259 21 18 of

964 1284 82 25 Trilby;
1171 1284 62 19 Little

964 1310 41 20 and
1087 1310 63 21 Little
1296 1311 28 25 by
1340 1310 61 19 Ethel

964 1336 90 24 Turner;
1092 1337 43 19 The
1145 1336 56 20 Trail
1219 1338 20 18 of
1256 1337 35 19 the

964 1363 27 23 by
1000 1363 81 19 Gilbert
1088 1363 83 23 Parker,
1185 1364 40 22 &e.,
1237 1364 33 18 &c.

965 1427 43 44 IF
1022 1427 60 19 YOU
1103 1427 57 19 ABE
1183 1427 65 19 SICK
1265 1427 20 20 in
1299 1434 40 18 any
1357 1434 45 18 way

1018 1454 102 18 whatever
1136 1453 49 19 send
1202 1460 12 12 a
1231 1454 93 25 stamped
1341 1460 49 12 enve-

965 1479 45 26 lope
1020 1482 21 16 to
1050 1486 37 12 our
1098 1480 88 24 Agency,
1199 1479 139 26 Wellington;
1350 1482 52 16 state

965 1507 35 17 the
1009 1512 45 12 ease
1064 1512 23 13 as
1103 1506 99 25 minutely
1211 1513 22 11 as
1251 1506 90 25 possible
1361 1505 41 19 and

965 1538 40 19 you
1021 1532 77 19 receive
1117 1531 68 19 advice
1206 1532 26 24 by
1258 1535 69 15 return
1349 1536 52 21 po*t.

965 1559 42 17 Our
1017 1562 73 21 agents
1104 1564 34 12 are
1149 1558 28 18 all
1187 1558 104 25 qualified,
1325 1559 21 18 if
1361 1564 41 18 you

965 1584 79 18 encloso
1054 1586 23 16 2s
1094 1584 25 19 Od
1136 1590 29 12 wo
1183 1583 41 21 will
1240 1584 50 18 send
1306 1590 40 18 you
1365 1590 37 13 our

967 1610 44 19 best
1019 1610 83 24 remedy
1113 1610 30 19 for
1153 1610 34 18 the
1204 1616 45 13 case
1267 1610 79 25 lasting
1362 1616 40 18 yo;

965 1640 40 15 two
1028 1637 73 18 weeks.
1139 1636 45 20 You
1204 1643 47 13 save
1270 1643 74 18 money
1363 1637 39 18 aud

966 1662 85 19 doctors'
1063 1662 53 20 bills.
1143 1662 47 19 You
1200 1664 78 18 receive
1296 1663 70 19 advice
1376 1669 26 12 on

966 1688 28 19 all
1004 1689 73 25 points,
1090 1689 40 18 and
1139 1688 35 20 the
1184 1693 70 20 purest
1265 1689 21 19 of
1304 1689 98 18 remedies

967 1721 50 16 sent,
1027 1717 20 16 at
1055 1721 26 12 no
1088 1717 57 16 extra
1152 1720 42 14 cost
1204 1715 50 19 than
1263 1715 15 18 if
1287 1715 115 25 personally

967 1741 85 24 bought,
1061 1741 26 24 by
1096 1741 62 23 doiiij;
1165 1748 52 17 your
1222 1741 93 19 business
1324 1741 47 19 with
1379 1747 23 12 us

967 1767 27 24 by
1005 1769 51 23 post.
1085 1767 84 20 Consult
1183 1771 19 15 ut
1212 1774 55 12 once.
1302 1767 100 19 Ailments

967 1793 64 20 which
1043 1801 39 15 are,
1094 1797 21 15 at
1123 1794 33 18 the
1168 1794 48 19 time
1233 1794 89 24 thought
1338 1797 21 15 to
1377 1794 25 17 be

966 1819 60 25 light,
1038 1827 32 11 are
1081 1821 55 17 often
1146 1820 34 18 the
1192 1820 113 24 beginning
1316 1819 21 20 of
1353 1819 40 19 seri-

966 1852 37 12 ous
1012 1852 153 19 consequences,
1179 1846 65 19 which
1264 1847 16 18 if
1299 1846 63 19 taken
1381 1845 21 19 in

967 1872 47 18 time
1025 1878 33 13 are
1068 1872 87 18 checked
1167 1872 40 18 and
1217 1872 68 19 cured.

967 1906 168 20 GKEATFOKD
1151 1906 161 20 BOTANICAL
1332 1906 68 23 COY.,

1072 1940 149 23 Wellington,
1233 1941 40 19 and
1284 1944 22 16 at

991 1966 81 23 Sydney,
1083 1966 117 21 Melbourne,
1211 1968 50 21 C:ip«
1268 1968 63 16 Town,
1342 1967 38 16 and

1430 144 48 45 R.
1519 144 339 52 SPRECK.LEY,

1426 230 237 23 SHORTLAND-ST,
1678 231 180 20 AUCKLAND.

1470 262 81 23 Agent
1557 262 37 19 for
1599 262 94 19 Gordon
1700 262 21 19 &
1730 263 81 19 Gotch.

1506 308 56 17 LIST
1572 308 33 17 OF
1613 308 61 18 NEW
1686 308 90 18 BOOKS.

1749 345 55 20 Pmper
1810 346 49 16 Cloth

1423 365 72 16 Cameos
1652 367 56 15 Marie
1717 367 61 15 Core.n
1792 370 9 12 2
1810 372 9 9 i<
1831 370 9 12 3
1849 370 9 14 G

1424 386 37 15 The
1478 386 71 21 Mighty
1563 388 53 15 Atom
1712 400 13 7 ~
1793 392 9 11 2
1811 390 9 13 0
1832 391 9 13 3
1851 392 9 12 ij

1423 406 37 16 The
1468 407 76 17 Sorrows
1553 409 17 14 of
1579 408 11 16 S
1596 412 36 12 itau
1713 421 11 7 ~
1792 411 9 14 2
1811 412 9 12 ci
1832 412 9 13 3
1851 413 9 13 G

1423 428 113 17 Barabbas...
1583 442 18 3 ...
1713 442 11 7 ~
1792 433 9 12 2
1811 432 9 13 G
1832 433 9 13 3
1851 434 9 12 (j

1426 449 65 16 Behind
1500 450 28 15 the
1537 450 60 21 Mngio
1604 450 64 16 Minor
1720 451 60 15 Birred
1794 463 7 3 -
1811 454 8 12 G
1832 454 9 14 3
1851 454 9 14 G

1423 469 125 18 TneElevenlh
1552 472 148 18 Commandment,
1706 471 77 17 Sutcliffe
1792 475 26 13 :{
1832 475 28 14 35

1424 492 16 14 A
1447 491 62 17 Victim
1514 492 19 16 of
1539 492 50 16 Good
1594 492 54 19 Luck,
1656 493 27 15 \V.
1691 493 21 16 E,
1719 492 60 17 Noma
1791 495 9 14 2
1810 495 9 14 G

1423 511 37 17 The
1470 513 53 16 Wood
1529 514 72 20 Beyond
1607 515 29 14 the
1642 513 66 21 World,
1717 514 63 16 Horrid
1792 517 9 13 2
1811 517 8 13 G

1423 534 72 20 Among-
1502 534 28 16 the
1539 534 64 16 Ere.tks
1654 533 29 18 W.
1692 535 22 16 It.
1723 535 55 16 Alden
1792 537 9 14 2
1811 537 8 15 C
1832 537 9 15 3
1850 537 9 15 G

1423 554 36 16 Out
1467 555 131 17 otDueSeasou
1615 555 73 17 Adeline
1695 556 83 17 Sirueant
1790 559 30 14 2ii

1423 575 98 17 Transition
1546 589 17 4 ...
1612 591 18 3 ...
1650 577 22 16 '.>.
1683 577 19 17 F.
1712 578 66 15 Brooke
1790 581 10 13 2
1810 579 8 16 0

1423 596 37 16 The
1462 596 54 18 Yours
1523 596 38 18 that
1566 598 30 17 the
1604 598 64 17 Locust
1676 598 43 16 hath
1730 600 52 14 bitten

1569 622 57 13 Annie
1634 619 22 17 E.
1666 619 112 16 Holdsworth
1791 622 9 14 2
1810 622 8 14 G
1832 622 8 14 3
1850 623 9 14 G

1425 638 51 16 leban
1486 639 53 16 Israel
1554 641 17 20 (u
1580 641 55 16 S.mth
1646 642 70 15 African
1726 641 56 21 Story)

1636 662 66 21 George
1711 662 68 17 Coo-ilia
1832 664 9 15 3
1850 665 9 14 6

1424 681 29 16 Mr
1461 682 58 19 Bailey
1529 683 66 16 Martin
1614 697 19 4 ...
1657 684 53 20 Beicy
1723 683 57 16 White
1791 685 28 15 2<S
1832 686 9 15 3
1850 687 9 14 G

1423 704 17 14 A
1451 703 54 16 Home
1514 709 17 10 in
1542 704 81 16 Inverts*
1663 705 21 16 T.
1693 705 21 16 L.
1724 705 55 16 I'atou
1791 709 9 11 2
1810 707 8 15 (J
1832 708 9 13 3
1850 709 9 13 G

1423 723 37 16 Tue
1469 726 55 15 Green
1533 726 66 17 Groves
1613 727 19 15 of
1646 726 97 21 Balgowrie

1628 748 19 16 J.
1656 748 26 16 H.
1690 748 90 15 Findlater
1791 749 9 14 2
1810 749 8 14 G
1831 749 9 15 3
1850 749 10 15 0

1424 769 27 15 Dr
1458 767 113 21 Congalton's
1581 769 69 21 Legacy
1659 769 25 17 H.
1693 769 85 15 Johnston
1791 770 10 14 2
1810 771 8 13 G
1831 771 10 15 3
1850 771 9 15 0

1424 790 36 15 The
1468 789 49 20 King
1526 790 17 15 of
1553 791 93 16 Andaman
1708 791 69 15 Oobbm
1790 792 9 14 2
1810 793 8 14 G
1831 793 9 14 3
1850 793 9 14 G

1424 814 17 13 A
1451 810 41 17 Man
1500 812 17 14 of
1526 812 28 16 the
1562 812 63 21 Ejotda
1739 812 42 15 Deir
1832 814 8 14 3
1850 815 9 13 G

1425 833 41 19 Cleg
1475 832 52 21 Kelly
1647 833 16 16 S.
1670 833 23 16 R.
1700 833 80 16 Crockett
1791 835 10 14 2
1810 834 8 15 0
1831 836 10 13 3
1850 836 9 14 G

1423 854 49 21 Lady
1482 854 155 22 Val'sElopement
1645 855 17 16 J.
1674 854 105 21 Bickerdyke
1790 856 11 14 2
1810 856 8 15 6
1831 857 9 14 3
1850 857 8 14 G

1424 876 36 15 The
1469 876 93 21 Expiation
1571 878 18 14 of
1597 876 58 21 Wynn
1663 876 74 16 P«lisser

1677 897 20 18 B.
1707 897 52 16 Mitfo
1770 897 10 16 d
1791 899 10 14 2
1811 898 8 15 6

1425 920 16 14 A
1450 919 76 17 Humble
1535 920 105 20 Enterprise.
1649 920 21 15 A..
1677 919 102 17 Cambridge
1791 921 10 13 2
1810 920 9 14 G
1831 920 9 15 3
1850 920 9 15 6

1423 941 37 15 The
1469 941 87 17 Beautiful
1566 941 59 17 Wliita
1634 941 56 19 Devil,
1700 940 79 22 Boothby
1791 943 10 13 2
1810 942 8 14 6
1830 942 10 14 3
1850 943 9 14 G

1423 963 17 14 A
1449 962 32 15 Bid
1490 962 26 16 for
1524 962 78 17 Fortune
1733 974 10 7 ~
1789 964 11 14 2.
1809 963 9 14 6
1830 966 9 11 A
1850 964 9 13 6

1424 983 20 15 In
1454 983 74 21 Strange
1536 984 90 20 Company
1734 995 10 8 ~
1791 986 10 13 2
1810 984 8 14 G
1831 984 9 15 3
1850 985 9 13 (i

1423 1004 37 17 The
1470 1005 87 19 Marriage
1565 1007 18 14 of
1592 1005 64 16 Esther
1734 1017 11 7 ~
1792 1006 9 15 2
1810 1005 9 16 0
1832 1007 8 14 3
1849 1007 10 14 C

1423 1026 37 16 The
1467 1026 84 16 Tremlett
1559 1026 97 16 Diamonds
1679 1026 26 16 St.
1715 1026 63 20 Auhyn
1831 1028 9 14 3
1850 1028 9 14 G

1423 1050 21 13 in
1453 1047 55 16 Haste
1515 1047 34 17 aud
1554 1052 18 12 at
1575 1047 73 19 Leisure
1656 1048 16 15 E
1686 1047 20 16 L.
1716 1047 63 19 LJuUui
1791 1048 10 15 2
1809 1049 9 14 G

1423 1069 37 15 The
1469 1069 65 16 Master
1670 1070 15 15 1.
1694 1068 85 20 Zangwill
1831 1070 9 15 3
1850 1070 8 15 G

1424 1092 15 13 A
1450 1090 106 17 Komauceoi
1564 1092 37 14 Two
1608 1090 68 16 Worlds
1687 1090 22 17 M.
1717 1090 61 15 Uor-lli
1791 1090 9 16 2
1810 1090 8 16 6
1831 1092 9 14 3
1850 1092 9 14 6

1423 1111 46 16 Jude
1477 1112 29 15 the
1516 1113 76 15 Obscure
1634 1111 75 17 Thomas
1718 1111 58 21 Hardy
1791 1115 9 12 2
1810 1113 8 14 G
1831 1113 9 14 3
1850 1113 8 14 G

1424 1133 20 15 in
1455 1133 28 15 the
1494 1132 47 23 Days
1549 1134 17 14 of
1576 1134 93 19 Adversity
1710 1133 64 15 Burton
1831 1134 9 14 3
1850 1135 9 13 G

1423 1155 37 15 The
1469 1154 56 16 Heart
1533 1155 18 15 of
1561 1155 28 15 the
1603 1154 59 16 World
1692 1154 86 20 Tlsggard
1791 1155 27 15 20
1832 1157 8 13 3
1850 1157 9 13 G

1423 1176 37 15 The
1468 1177 93 20 (Jourtship
1569 1177 19 14 of
1597 1176 64 15 Aloiioe
1670 1176 14 15 B
1691 1177 52 14 lekler

1688 1198 20 15 A.
1718 1197 60 15 Mason
1791 1198 10 15 2
1810 1198 8 14 C
1832 1198 8 15 3
1850 1199 9 14 G

1423 1219 37 16 The
1467 1218 57 21 Light
1533 1219 39 16 that
1580 1218 60 17 Failed
1693 1218 87 20 Kippl'ug
1792 1219 9 15 2
1810 1219 8 15 6
1830 1219 10 16 3
1850 1220 9 15 6

1481 1246 40 16 Add
1530 1245 81 21 Postage,
1621 1245 22 16 2d
1651 1246 18 15 in
1679 1246 28 15 the
1716 1245 81 21 Shilling.

1505 1289 179 15 FORTHCOMING
1693 1288 83 17 BOOKS.

1423 1318 86 17 Vendetta
1656 1318 56 16 Marie
1719 1318 60 16 Corelli
1792 1318 9 16 2
1810 1319 9 15 <(
1831 1319 10 15 3
1850 1319 10 15 G

1423 1340 72 17 Thelma
1714 1352 10 7 „
1792 1341 10 14 2
1811 1341 9 14 G
1832 1341 9 14 3
1850 1341 9 14 G

1423 1362 68 16 Ardath
1714 1373 11 8 ~
1792 1362 9 15 2
1810 1362 10 15 0
1832 1362 9 15 3
1851 1362 9 14 6

1423 1383 36 17 The
1467 1383 41 15 Soul
1516 1383 19 15 of
1544 1383 55 16 Lilith
1618 1396 18 4 ...
1711 1395 12 7 ~
1790 1384 10 14 2
1810 1383 8 15 0
1830 1383 10 15 3
1850 1384 10 14 6

1426 1405 107 15 Wormwood
1551 1418 17 5 ...
1616 1418 19 3 ...
1712 1416 11 7 „
1790 1405 9 14 2
1809 1405 8 14 0
1830 1406 9 12 3
1848 1405 9 14 G

1445 1426 36 16 The
1490 1426 53 16 above
1552 1426 35 16 will
1595 1426 21 15 bo
1626 1425 55 17 issued
1690 1427 18 13 at
1721 1425 47 16 short
1776 1425 84 16 intervals

1423 1447 19 16 in
1452 1447 29 16 th'i
1493 1447 49 16 order
1557 1447 61 16 named
1634 1447 17 16 in
1667 1446 101 17 Methuen's
1782 1445 78 18 Colonial

1424 1469 80 21 .Library.
1528 1468 54 21 Early
1590 1469 58 16 orders
1657 1473 29 11 are
1698 1469 96 15 recnieeted.

1474 1511 57 16 NEW
1543 1511 115 16 VOLUMES
1675 1510 133 17 EXPECTED.

1424 1540 112 17 Sentimental
1544 1541 73 21 Tommy
1658 1540 18 17 J.
1684 1540 27 17 M.
1721 1539 58 17 Barrio
1791 1541 27 14 25
1833 1541 8 15 3
1851 1541 9 14 G

1427 1562 51 16 Rodni
1486 1568 10 15 y
1505 1563 52 15 S'.one
1568 1576 17 3 ...
1625 1564 22 14 A.
1658 1561 58 17 Donan
1726 1562 54 19 Doyle
1792 1562 27 15 2G
1832 1563 9 14 3
1850 1562 10 15 6

1424 1583 37 17 The
1467 1583 55 17 Green
1532 1584 42 16 Man
1641 1583 16 16 S.
1670 1583 21 16 R.
1701 1583 78 15 Crockett
1793 1585 9 13 2
1811 1584 9 13 G
1832 1584 9 14 3
1851 1584 9 14 G

1424 1605 36 15 The
1477 1604 82 21 Martian,
1575 1611 10 10 a
1601 1610 38 11 new
1655 1604 48 16 novel
1719 1604 20 20 by
1757 1604 26 15 Du

1467 1626 82 19 Maurier,
1571 1626 63 16 author
1650 1626 19 15 of
1684 1628 11 7 '•
1702 1625 76 20 Trilby''
1793 1626 27 15 26
1832 1626 9 15 3
1851 1626 9 15 6

1460 1661 82 19 OEDEES
1556 1666 38 14 FOIt
1606 1665 67 15 ABOVE
1689 1664 100 15 BECEIVED
1806 1662 19 16 Jit

1515 1685 152 18 CHRONICLE
1680 1684 80 19 Office.

1425 1742 205 41 SOMETHING
1663 1741 46 42 TO
1743 1741 116 40 READ!

1429 1877 241 55 Supplied
1693 1877 132 54 Regu-

1502 1968 132 57 larly
1654 1968 129 45 from

1430 2065 26 29 a

1503 2216 278 36 OFFIC6.

1477 2282 195 32 Canterbury
1703 2282 108 30 Times,

1472 2324 221 26 Christchurch
1724 2324 93 30 Press,

1487 2366 70 25 New
1571 2366 136 25 Zealand
1731 2364 75 31 Mail,

1519 2407 110 32 Family
1646 2407 126 30 Reader,

1445 2449 105 32 Young
1574 2448 115 26 Ladies'
1712 2448 134 31 Journal,

1496 2490 91 25 Black
1612 2490 62 25 and
1689 2489 107 30 White,

1429 2532 172 25 Illustrated
1625 2531 124 26 London
1768 2531 94 30 News,

1427 2573 63 26 The
1509 2573 118 30 Album,
1662 2573 63 24 The
1740 2573 122 29 Sketch,

1506 2615 123 32 Sydney
1649 2614 135 30 Bulletin,

1679 2655 74 30 Mail,

1483 2698 90 25 Town
1587 2697 60 26 and
1665 2697 142 32 Country,

1536 2738 220 30 Australasian,

1585 2781 134 29 Referee,

1430 2823 230 32 Cosmopolitan
1698 2821 166 32 Magazine,

1529 2863 114 26 Strand
1751 2883 13 10 „

1507 2905 142 26 Windsor
1751 2924 13 10 „

1509 2947 140 31 Ludgate
1752 2966 12 10 „

1482 2989 118 24 Review
1622 2988 33 25 of
1674 2987 140 30 Reviews,

1496 3030 127 25 Woman
1643 3031 33 24 at
1694 3029 104 29 Home,

1429 3071 151 25 Weldon's
1593 3070 128 26 Fashion
1738 3070 125 25 Journal

1464 3112 129 26 Schi'd's
1608 3112 129 25 Fashion
1787 3131 12 11 ~

1476 3154 182 31 Something
1679 3155 33 23 to
1730 3152 91 31 Read,

1432 3196 182 31 Snapshots.
1638 3195 147 26 Answers,
1807 3194 44 24 Tit-

1512 3237 66 29 bits,
1593 3237 124 30 Scraps,
1738 3236 52 24 &c.

1432 3279 64 24 And
1512 3279 35 25 all
1567 3279 97 24 Home
1681 3277 61 26 and
1759 3277 89 26 Colon-

1450 3319 34 26 ial
1502 3320 113 32 Papers
1629 3320 24 24 &
1667 3318 183 32 Magazines.

1598 3404 101 22 THS

1434 3455 246 42 MASTERPIECE
1699 3455 165 42 LIBRARY,

1432 3528 143 32 Popular
1588 3527 129 31 Novels,

1466 3588 65 27 The
1545 3589 116 31 Penny
1675 3587 105 31 Poets,

1500 3650 109 26 Books
1622 3650 109 26 forthe
1742 3650 125 25 Bairns,

1434 3762 205 46 <Newne§'
1672 3762 195 44 Famous

1575 3846 161 46 Books.

1473 3978 166 41 BROADER
1678 3976 153 41 BRITAIN.

1437 4050 30 25 A
1496 4048 177 27 Collection
1696 4046 35 26 of
1754 4046 97 25 Photo-

1503 4097 134 33 graphic
1651 4096 110 26 Views
1773 4094 35 26 of

1552 4138 55 26 the
1631 4135 121 28 World.

967 2047 192 26 DIARIES!

1079 2086 210 26 DIARIES!!

1177 2129 225 27 DIARIES!!!

969 2248 101 18 ORDERS
1077 2249 51 17 ARE
1136 2248 59 17 NOW
1204 2248 82 19 BEING
1298 2248 106 18 ROOKED

1174 2284 25 14 AT

1235 2312 101 18 OFFICE.

992 2340 158 22 N.B.—Country
1161 2340 91 17 residents
1261 2340 63 23 please
1329 2340 51 18 note.

1100 2397 207 42 tiUMtoi

971 2462 221 22 PIONEER
1237 2462 168 24 STORE,

969 2550 139 24 GROCERY,

1010 2582 137 20 OILMKX'S
1164 2581 111 25 SMRFS,

1052 2613 69 21 JRON
1126 2611 119 21 MONGER
1248 2612 23 24 Y,

1105 2643 73 20 CROC
1183 2642 77 21 KEIIY
1265 2642 92 26 WARE,

1157 2677 144 25 DRAI'ERY,
1319 2680 42 21 Ac,
1371 2680 23 18 AC-

1017 2709 75 19 NEW
1106 2709 141 18 SEASON'S
1258 2709 101 19 GOODS

1115 2733 46 18 Just
1173 2737 19 14 to
1204 2733 59 19 hand.

1000 2772 14 13 A
1033 2774 20 11 wi
1061 2767 119 18 11-assorterl
1198 2767 57 20 stick
1274 2768 19 18 in
1312 2767 26 19 all
1356 2767 50 19 lines

971 2794 21 19 of
1002 2794 35 19 the
1045 2794 62 19 above
1118 2796 20 17 at
1148 2792 72 21 lowest
1232 2801 71 16 prices.

972 2834 49 19 New
1033 2833 86 19 Zealand
1129 2833 61 20 Dairy
1202 2832 148 21 Association's
1358 2832 36 19 Fac-

1008 2862 45 17 tory
1065 2859 73 20 Butror
1149 2860 54 19 fresh
1215 2859 57 20 twice
1284 2859 83 24 weekly.

1049 2895 47 19 New
1111 2894 45 20 Liid
1169 2895 61 22 E,!l-s,
1241 2895 42 22 &c,
1296 2896 34 17 Ac.

974 3086 81 19 HPHE
1081 3085 206 20 UNDERSIGNED
1317 3086 51 26 begs
1387 3088 20 16 to

987 3105 16 26 Jl
1042 3113 51 18 offer
1103 3112 100 19 Nvkskky
1215 3112 64 19 Stock
1290 3113 21 17 <if
1321 3112 28 18 all
1363 3112 34 19 des-

973 3138 102 25 criptors,
1096 3138 57 18 seeds
1174 3138 41 19 and
1234 3138 162 25 appliances—in-

973 3164 83 25 cluding
1068 3163 48 19 New
1128 3164 90 18 Zealand
1233 3164 67 23 Trees,
1321 3163 85 24 Shrubs,

977 3191 74 20 Plants,
1071 3190 129 22 Tree-Ferns,
1218 3190 70 22 Ferns,
1310 3191 40 22 &c,
1367 3193 40 20 &c,

975 3216 76 25 [lacked
1062 3217 19 17 in
1094 3216 54 18 wood
1162 3216 39 18 and
1216 3223 74 11 canvas
1307 3222 55 13 cases
1378 3216 31 18 for

975 3243 34 17 the
1018 3241 97 24 Colonies,
1129 3242 39 18 and
1179 3242 20 18 in
1209 3241 77 24 ''Ward
1290 3243 32 17 ian

976 3268 30 19 for
1030 3269 75 17 distant
1128 3268 106 20 countries.
1277 3268 68 18 Medal
1369 3267 39 19 and

978 3293 93 26 Diploma
1081 3293 90 19 received
1182 3294 31 18 for
1225 3294 72 24 plants,
1311 3295 39 22 &c,
1362 3297 47 15 thus

975 3323 44 15 sent
1030 3323 19 15 to
1061 3321 34 17 the
1221 3319 125 23 Exhibition,
1357 3319 39 19 Lon-

975 3346 45 23 don,
1274 3346 21 18 in
1302 3345 107 19 Auckland

976 3374 23 16 35
1011 3378 65 13 vears.

1055 3406 36 32 C.
1110 3406 41 32 Ti
1169 3406 161 35 WREN,

975 3447 40 17 Mt.
1025 3447 104 17 hobson
1138 3446 128 21 nursery,
1275 3446 134 21 remuera,

1101 3478 121 22 Auckland,
1234 3478 51 19 N.Z.

1082 3523 224 19 MASSAGE.

978 3570 92 42 MISS
1091 3570 115 19 FRASER.
1218 3570 98 25 qualified
1331 3570 67 19 Ameri-

1056 3603 38 12 can
1112 3597 112 22 Masseuse,
1244 3597 18 18 is
1271 3595 140 26 permanently

978 3622 77 18 located
1072 3622 20 18 in
1108 3622 98 19 Rotorua.
1244 3622 41 18 She
1312 3622 37 18 has
1371 3621 40 18 had

977 3648 138 18 considerable
1130 3648 118 24 experience
1258 3648 20 18 in
1296 3648 35 17 tiie
1350 3649 24 16 tr-.
1381 3650 21 15 at-

978 3678 56 14 meut
1053 3676 22 16 of
1091 3673 63 19 ladies
1164 3673 40 19 and
1215 3673 115 24 gentlemen
1341 3672 60 18 suffer-

978 3700 35 24 ing
1023 3700 52 18 from
1095 3699 89 22 Sciatica,
1202 3699 150 21 Rheumati-m,
1365 3698 47 18 Stiff

977 3725 73 22 Joints,
1074 3725 113 24 Dyspepsia
1206 3725 41 18 and
1265 3724 28 18 all
1311 3725 63 17 forms
1392 3725 20 17 of

979 3751 94 18 Nervous
1088 3749 113 19 Disorders.

1027 3784 102 20 Adpkess:
1145 3783 99 19 GRAND
1260 3783 101 19 HOTEL.

1021 3895 69 27 SHIP
1102 3895 19 24 &
1132 3895 101 26 YACHT
1247 3893 126 28 BROKER.

1040 3930 192 19 COMMISSION
1244 3930 110 22 AGENT,

1015 3959 53 29 jAS
1091 3958 54 19 FOR
1169 3958 70 19 SALE
1258 3965 12 12 a
1288 3958 87 19 number
1394 3958 18 17 of

988 3983 37 19 ig,
1062 3986 65 16 steam
1149 3983 104 24 luunclies,
1273 3984 78 24 yachts,
1373 3983 39 18 and

980 4010 80 25 puling
1072 4010 59 18 boats
1149 4010 88 18 suitable
1258 4010 33 19 for
1309 4009 46 18 Lke
1373 4011 39 16 au'l

979 4036 54 19 river
1041 4034 62 20 work.

1046 4066 186 19 CouuEsroxuExcE
1253 4066 97 18 Invited.

1144 4118 103 19 Address:

1008 4150 31 23 15,
1054 4147 154 25 QUEE.N-ST.,
1222 4147 165 21 AUCKLAND.

982 4242 100 39 Ask
1109 4242 70 39 for
1206 4239 262 43 Hancock's
1505 4235 283 43 Celebrated
1833 4229 186 41 XSXX
2054 4229 111 39 .flies
2193 4231 93 37 and
2313 4229 145 39 Stout.

2119 234 91 18 Tourists
2221 235 41 19 and.
2274 235 92 20 Invalids
2375 237 84 24 visiting
2469 237 34 19 the
2513 238 139 20 Wonderland
2663 241 20 18 of
2693 241 49 18 New
2752 242 49 18 Zeal

2806 243 37 18 md
2852 244 40 19 will
2899 244 41 20 find
2950 246 33 19 the

2070 275 437 78 GRAND
2600 281 413 80 HOTEL

2364 369 393 66 ROTORUA,

1884 428 80 37 rpHE
1976 430 54 17 most
2039 428 89 26 elegant,
2136 430 135 21 comfortable
2278 431 41 20 and
2328 431 165 26 bestappointed
2502 433 156 19 establishment
2666 434 20 18 in
2707 435 49 18 New
2773 436 96 25 Zealand,
2888 438 15 19 it
2921 439 61 25 being
2998 441 73 22 replete
3087 443 124 19 throughout

1890 457 24 21 :*-
2354 458 48 18 with
2413 458 34 19 the
2458 462 51 15 most
2524 459 81 18 modern
2620 461 147 18 conveniences.
2968 456 12 8 °
3147 459 11 9 °

1908 479 58 20 THE
1980 479 92 19 HOTEL
2090 480 17 19 is
2126 481 20 19 in
2166 482 35 19 the
2220 482 116 19 immediate
2352 483 167 26 neighbourhood
2539 484 21 19 of
2579 484 33 20 the
2632 484 71 24 Priest,
2723 486 81 24 Rachel,
2824 487 123 22 Postmaster
2968 492 40 18 and
3022 492 56 19 other
3093 493 59 20 baths
3178 494 33 19 the

1882 510 90 14 curative
1982 510 112 21 properties
2104 507 21 18 of
2136 507 64 19 which
2217 515 34 12 are
2268 509 147 18 world-famed.
2444 509 52 19 Bath
2509 510 66 18 chairs
2587 511 39 18 and
2636 511 116 19 attendants
2763 519 33 12 are
2806 515 95 23 provided
2912 520 19 14 to
2944 523 73 16 convey
3032 518 84 20 invalids
3133 509 26 30 to'
3172 520 39 19 and

1882 531 52 19 from
1945 531 35 19 the
1990 538 80 12 various
2082 531 141 21 bath-houses.
2252 534 43 18 The
2307 534 105 19 bedrooms
2422 535 40 18 and
2481 536 87 24 retiring
2590 543 66 12 rooms
2676 543 34 12 nr©
2729 538 56 19 fitted
2803 539 48 19 with
2879 543 73 20 special
2965 543 72 20 regard
3050 548 20 14 to
3084 544 32 19 the
3133 546 78 17 reouire

1882 561 66 15 ments
1959 557 20 19 of
1988 560 70 22 guests
2068 557 21 19 in
2099 558 69 20 search
2178 560 21 18 of
2209 560 92 18 renewed
2312 561 98 23 strength.
2987 558 11 9 b
3099 557 18 12 if
3154 557 14 14 1

1909 583 43 19 The
1966 582 62 20 Baths
2037 586 21 16 at
2069 583 34 19 the
2111 584 130 20 Sanatorium
2253 585 52 19 have
2317 586 97 18 attracted
2423 593 61 18 many
2495 587 81 18 visitors
2596 588 21 18 of
2636 588 40 19 late
2695 595 70 17 years;
2792 594 92 22 amongst
2900 593 56 19 those
2970 594 41 20 who
3019 595 52 19 have
3083 596 61 19 found
3155 596 58 20 relief

1884 611 31 16 bei
1924 611 35 16 the
1969 611 145 20 couvalescent,
2126 616 92 17 nervous,
2229 611 119 22 rheumatic,
2360 612 40 18 and
2411 612 99 25 sleepless.

1909 633 163 21 Eotoruaistho
2090 638 67 16 centre
2175 637 54 17 from
2247 637 65 19 which
2331 637 29 19 all
2380 638 68 24 points
2457 639 22 17 of
2488 638 84 19 interest
2583 639 20 19 in
2620 639 34 19 the
2664 639 93 19 Thermal
2768 641 85 26 Springs
2869 643 82 20 District
2966 652 45 16 may
3027 646 24 19 be
3065 647 83 19 reached
3174 648 40 18 and

1881 660 76 25 special
1967 660 94 18 facilities
2072 667 33 12 are
2115 662 96 23 provided
2222 663 32 18 for
2263 663 57 18 those
2328 663 21 19 in
2359 663 68 19 search
2437 665 21 17 of
2466 665 34 17 the
2511 665 101 18 beautiful
2625 665 39 19 and
2679 666 125 19 marvellous.

1976 691 181 19 MAGNIFICENT
2170 694 177 17 APARTMENTS.
2477 696 84 17 LOFTY
2574 696 146 19 BEDROOMS.
2836 700 113 20 PERFECT
2964 701 151 21 SANITATION

2027 715 26 19 In
2062 715 57 19 short
2129 722 13 12 a
2150 721 127 15 first-class
2290 717 172 19 Establishment
2471 719 88 24 offering
2568 719 61 26 equal
2637 720 94 19 comforts
2740 722 21 17 to
2771 722 34 18 the
2815 722 44 20 best
2874 724 63 20 hotels
2947 725 19 19 in
2976 726 84 24 Europe.

2551 752 10 11 o

2122 767 88 24 Suites
2227 769 26 23 of
2267 769 169 29 Apartments
2446 770 66 22 with
2522 771 99 28 special
2634 772 155 23 attendance
2803 774 39 23 for
2857 775 127 23 Tamilies-

1882 802 99 25 Spacious
1994 801 126 20 Promenade
2131 802 112 24 Balconies,
2253 803 59 25 Snug
2323 803 90 23 Alcoves,
2424 804 39 19 and
2480 804 127 25 luxuriously
2624 805 108 25 appointed
2742 807 102 26 Drawing,
2865 809 69 22 Music,
2946 810 152 26 [Conversation,
3114 812 93 24 Beading

2337 828 99 27 Smoking
2446 831 38 18 and
2496 830 86 19 Billiard
2593 830 81 20 Rooms.
2702 832 69 19 Baths.

2122 864 35 22 £T
2174 862 118 20 SPECIAL
2307 862 159 21 ATTENTION
2480 865 69 18 PAID
2561 865 34 19 TO
2610 865 117 20 CUISINE
2740 866 59 19 AND
2814 868 122 20 SERVICE.
2951 872 35 22 j£s

1909 894 34 19 All
1952 894 181 19 communications
2145 894 27 25 by
2182 894 60 19 letter
2254 894 4 28 <
2267 901 10 12 r
2287 894 98 25 telegram
2395 896 41 18 will
2446 896 76 19 receive
2532 899 80 23 prompt
2622 898 106 18 attention.

1942 945 76 43 W.
2048 946 55 42 A.
2133 945 312 54 BOULTON,

2358 1005 58 23 (Late
2425 1007 23 18 of
2456 1006 114 19 Grosvenor
2580 1006 68 22 Hotel,
2660 1006 95 23 Sydney.)

2912 955 229 47 Manager

2161 1072 136 22 LHKE
2327 1072 172 23 TJ^UPO.

1884 1139 160 56 THE
2067 1139 414 58 TERRACES
2511 1139 261 55 HOTEL

1910 1204 93 19 Situated
2013 1211 26 12 ou
2050 1205 34 18 the
2094 1206 53 18 main
2158 1206 59 19 roads
2227 1209 20 16 to
2261 1206 76 26 Napier
2347 1206 38 19 and
2403 1206 97 19 Tokaanu
2509 1206 42 19 and
2561 1206 69 19 within
2642 1208 39 16 two
2691 1205 56 19 miles

2185 1233 22 17 of
2217 1233 34 18 the
2262 1232 69 26 Taupo
2347 1232 47 19 Post
2405 1232 66 19 Oin.ce.

1884 1318 60 18 which
1961 1319 14 16 is
1984 1318 118 22 approached
2110 1318 27 22 by
2145 1324 11 11 a
2164 1319 68 22 gently
2241 1319 71 23 graded
2321 1319 45 17 road
2374 1319 15 17 is
2399 1319 80 17 situated
2488 1322 21 14 at
2517 1325 25 11 an
2555 1318 80 18 altitude
2649 1319 21 16 of
2684 1319 34 16 2-10
2735 1319 38 17 feet

1883 1341 59 18 above
1952 1341 52 18 Lake
2013 1342 64 22 Taupo
2087 1347 20 11 or
2118 1342 51 20 1,500
2179 1341 38 18 feet
2225 1342 59 18 above
2293 1348 31 11 sea
2332 1341 46 19 level
2389 1343 36 16 and
2435 1341 108 19 commands
2560 1348 11 11 a
2589 1341 120 23 magnificent
2727 1342 46 17 view

1883 1366 20 15 of
1912 1365 32 17 the
1952 1364 119 24 picturesque
2081 1366 78 20 country
2169 1366 128 22 surrounding
2307 1365 31 18 the
2347 1366 34 17 200
2390 1371 66 17 square
2465 1366 53 17 miles
2527 1366 20 17 of
2556 1366 32 16 the
2598 1365 50 17 Lake
2662 1365 64 20 Basin,
2736 1365 37 16 and

1884 1388 32 21 the
1924 1388 61 18 active
1994 1388 97 17 volcanoes
2100 1388 104 23 Tongariro
2213 1389 38 17 and
2260 1389 110 22 Ngaruhoo.

2166 1416 42 23 AS
2222 1418 24 21 A
2262 1416 219 24 SANATOEIUM

1884 1447 32 18 the
1931 1447 54 22 place
1994 1447 14 17 is
2017 1447 131 23 unsurpassed.
2173 1448 77 17 Besides
2259 1448 32 17 the
2300 1448 49 17 clear
2358 1448 36 17 and
2404 1448 77 23 bracing
2490 1447 118 23 atmosphere
2623 1453 20 12 so
2657 1447 83 22 salutary
2753 1448 20 17 to

1884 1471 86 20 invalids,
1980 1470 31 18 the
2022 1471 58 16 Baths
2090 1470 102 22 cpnnqcted
2201 1472 47 16 with
2257 1472 31 16 the
2298 1471 143 18 establishment
2450 1477 31 12 are
2490 1471 106 17 unrivalled
2602 1472 30 15 for
2638 1471 48 16 their
2692 1471 81 17 curative

1884 1494 110 22 properties.
2018 1493 59 19 These
2086 1494 91 22 comprise
2192 1494 79 17 covered
2285 1495 20 16 in
2319 1494 56 18 baths
2391 1494 20 18 of
2427 1500 37 16 any
2481 1494 68 23 degree
2566 1494 21 17 of
2603 1495 125 20 temperature
2745 1494 29 18 for

1884 1517 86 19 invalids,
1980 1524 12 10 a
2000 1519 56 20 spout
2064 1516 45 18 bath
2120 1515 31 20 the
2159 1518 104 22 properties
2272 1519 19 15 of
2300 1517 61 17 which
2371 1524 31 10 are
2411 1519 49 15 most
2468 1517 130 23 invigorating
2611 1517 35 17 and
2657 1517 31 17 the

2056 1540 115 17 LARGEST
2185 1541 52 17 HOT
2251 1541 91 17 WATER
2355 1541 139 17 SWIMMING
2506 1540 106 18 LAGOON

1884 1563 19 18 in
1912 1564 47 17 New
1968 1562 88 21 Zealand.
2082 1563 39 18 The
2130 1564 56 17 latter
2194 1570 64 11 covers
2268 1570 23 11 an
2305 1570 42 11 area
2357 1565 19 16 of
2384 1570 44 11 over
2436 1566 38 15 two
2483 1570 50 11 acres
2543 1564 17 16 in
2570 1564 71 16 extent.

1907 1587 39 17 The
1955 1587 51 17 Lake
2015 1588 89 16 steamers
2112 1588 21 16 to
2142 1587 38 17 and
2189 1588 48 16 from
2255 1588 90 16 Tokaanu
2359 1587 45 17 land
2417 1593 21 11 or
2451 1588 43 16 take
2511 1588 28 16 off
2554 1593 109 16 passengers
2680 1587 65 17 within
2764 1593 10 11 a

1884 1612 77 20 quarter
1968 1611 21 16 of
1997 1615 10 12 a
2016 1610 42 17 mile
2068 1611 20 16 of
2097 1610 32 17 the
2137 1610 64 17 house.

2072 1634 87 17 ROOMS
2168 1634 85 17 LOFTY
2267 1634 54 17 AND
2333 1634 75 17 WELL
2415 1633 173 18 VENTILATED.

1907 1656 39 18 The
1956 1656 46 18 Mail
2012 1656 82 18 Coaches
2103 1658 20 15 to
2132 1656 71 23 Napier
2211 1657 38 17 and
2257 1657 90 17 Tokaanu
2362 1656 40 24 (the
2415 1656 107 24 Wanganui
2536 1656 57 18 River
2606 1656 61 23 route)
2684 1662 42 17 pass
2742 1656 32 18 the

1884 1680 52 20 door,
1947 1680 37 17 and
1994 1679 31 17 the
2034 1680 85 17 Rotorua
2130 1680 62 17 Coach
2201 1680 16 17 is
2230 1682 38 16 met
2277 1686 24 11 on
2311 1680 67 18 arrival
2387 1682 20 15 at
2415 1680 71 23 Taupo.

2150 1727 132 17 TERMS
2304 1727 214 18 MODSRHTe.

1887 1771 542 54 ROSS&MeKINLEY,
2445 1771 327 57 Proprietors.

1909 1833 101 18 COOKS
2024 1833 141 19 COUPONS
2182 1833 166 19 ACCEPTED.

2243 1877 177 26 TAUPO.

1910 2074 111 20 TARIFF
2030 2073 4 25 :
2048 2074 61 19 Four
2119 2074 112 24 Shillings
2239 2080 42 18 per
2290 2073 78 25 Diem;
2390 2074 98 24 Twenty
2500 2074 112 23 Shillings
2622 2079 40 18 per
2671 2073 81 19 Week.

1934 2131 140 41 ROBERT
2098 2131 161 41 WILLIAM
2286 2131 117 46 PRIM,

2537 2152 192 19 PROPRIETOR

2315 2196 459 61 HiHdBWMMiI

2159 2275 345 42 TAUPO.

2173 2378 324 33 TIME-TABLE.

1911 2493 85 18 Rotorua
2004 2493 19 16 to
2032 2492 70 22 Taupo,

1910 2517 64 21 Taupo
1985 2517 18 16 to
2012 2515 90 21 Rotorua,

1915 2638 4 17 j
1926 2638 49 17 aupo
1985 2638 19 10 to
2013 2638 76 14 -iiupius,

1910 2656 65 21 Taupo
1985 2656 19 16 to
2013 2655 58 16 Huka
2081 2655 56 19 Falls,

2394 2490 85 22 Tuesday
2488 2491 37 16 and
2538 2491 75 21 Friday.

2394 2514 97 22 Thursday
2500 2514 38 17 and
2548 2513 77 23 Sunday
2634 2519 21 11 or
2664 2512 78 24 Mondaj

2396 2536 97 23 Thursday
2502 2537 36 17 and
2549 2536 83 22 Sunday.

2397 2561 68 21 Friday
2475 2561 37 16 and
2521 2561 91 21 Monday.

2398 2584 61 20 Daily.

2396 2607 62 22 Daily.

2398 2630 61 22 Daily.
2539 2641 10 7 ~

2399 2653 61 17 Daily.
2489 2656 34 16 sT

2191 2695 50 16 meet
2249 2694 90 16 Tokaanu

1915 2790 44 19 The
1970 2789 62 23 SPA
2048 2787 107 24 HOTEL
2164 2788 18 19 is
2193 2788 35 19 the
2238 2788 68 18 Homo
2317 2787 20 19 of
2348 2786 34 20 the
2393 2787 86 18 Famous
2491 2787 95 23 Cl'OW's
2598 2787 65 21 West
2674 2786 100 29 Greyser.

1959 2830 71 19 Maori
2042 2830 89 19 Carved
2140 2830 87 23 Dining
2236 2830 59 18 Hall.
2469 2829 40 18 All
2518 2828 71 18 kinds
2598 2828 26 18 of
2631 2827 78 19 Baths.

1928 2871 76 20 Tennis
2015 2871 39 19 and
2065 2870 125 20 Promenade
2201 2870 80 23 Lawns,
2293 2869 98 24 Gardens;
2403 2869 141 23 Shrubberies,
2559 2868 77 25 Lovely
2646 2867 94 19 Flowers.

2179 2912 193 19 FIRST-CLASS
2385 2911 105 19 TABLE.

2189 3077 66 22 (Late
2265 3076 25 18 of
2294 3076 151 22 Melbourne.)

2370 3126 157 23 TAILOR.

2085 3236 126 25 Clothes
2227 3236 91 24 made
2337 3236 33 24 to
2393 3235 91 24 order
2506 3240 38 19 on

2140 3269 54 25 the
2209 3269 144 24 Shortest
2369 3267 114 25 Notice.
2505 3269 42 24 *&b

2224 3366 52 18 LED
2285 3366 29 18 IN
2325 3365 80 18 TOWN.

2044 3453 20 28 g
2122 3460 104 18 Address
2234 3457 148 21 :—ARAWA
2396 3457 118 21 STREET,

2225 3498 182 18 ROTORUK.

2092 3831 55 25 AT
2168 3831 240 26 AUCKLAND
2419 3830 158 26 PRICES.

2326 3871 66 17 ALSO

1883 3888 1 28 I
1893 3894 193 20 HOUSEHOLD
2102 3894 186 22 FURNITURE,

2173 3925 162 22 CLOTHINO,
2351 3925 150 22 DRAPERY,

2500 3953 143 21 GENERAL
2658 3950 117 20 STORES.

2117 4024 53 33 S.
2214 4023 44 33 D
2282 4023 46 32 Pl
2356 4023 46 33 N
2433 4024 43 32 D
2500 4021 56 34 O.

1938 4066 237 28 AUCKLAND
2203 4066 90 25 AND
2322 4065 206 26 WAIKATO
2553 4060 180 32 AGENCY,

2135 4106 87 20 NEAR
2239 4106 152 18 CATHOLIC
2405 4105 132 20 CHURCH.

2220 4138 240 23 ROTORUH.

2904 1072 37 19 TO
2954 1073 149 21 TOURISTS.

2806 1120 17 16 A
2835 1120 129 19 SOUVENIR
2977 1122 31 17 OF
3021 1123 51 16 THE
3084 1124 121 18 DISTRICT.

2797 1169 134 45 BEFORE
2943 1177 39 17 you
2998 1171 55 19 leave
3073 1171 93 25 Rotorua,
3185 1174 23 18 in-

2867 1200 54 19 spect
2929 1197 34 18 the
2971 1197 104 19 miniature
3083 1198 25 19 oil
3115 1199 105 26 paintings

2796 1221 19 19 of
2822 1221 34 19 the
2867 1221 43 19 Hot
2918 1222 65 18 Lakes
2997 1229 85 18 scenery,
3093 1224 31 18 for
3142 1225 41 18 sale
3199 1228 21 16 at

2796 1247 32 18 the
2839 1247 47 19 Hot
2903 1246 67 20 Lakes
2983 1247 115 21 Chronicle
3114 1249 66 24 Oflice,
3199 1254 21 16 at

2796 1273 50 18 from
2858 1275 21 16 Is
2889 1273 25 19 3d
2921 1273 54 19 each.

2853 1316 22 24 J.
2891 1316 26 25 P.
2932 1317 231 32 BACKHOUSE,

2945 1365 134 16 HRTIST,

2797 1397 127 27 NEWTON
2950 1399 82 28 ROAD,
3054 1400 166 27 AUCKLAND.

2906 1463 206 27 ROTORUA.

2797 1538 235 47 Tarawera
3054 1540 164 53 «House,

2851 1600 179 20 TUTANEKAI
3044 1602 117 22 STREET.

2821 1633 81 19 Within
2925 1640 44 18 easy
2995 1640 63 13 access
3083 1636 21 18 of
3119 1636 35 19 the
3173 1637 48 19 Post

2797 1659 64 23 Office,
2870 1658 70 24 Baths,
2949 1660 39 18 and
2995 1660 125 20 Sanatorium
3128 1662 92 20 Grounds

2797 1685 37 18 and
2844 1685 140 26 commanding
2998 1693 11 11 a
3026 1687 127 24 magnificent
3171 1689 49 19 view

2797 1712 20 17 of
2826 1711 34 18 the
2870 1711 61 19 Lake.

2824 1740 86 21 Visitors
2932 1741 39 20 will
2990 1742 41 19 find
3049 1749 59 18 every
3124 1745 98 19 attention

2799 1767 46 24 paid
2855 1770 19 16 to
2884 1768 53 18 their
2947 1769 81 18 comfort
3039 1769 37 18 and
3090 1771 33 16 the
3133 1770 89 25 require*

2798 1797 64 15 ments
2872 1794 21 17 of
2903 1794 74 18 invalid
2988 1797 67 21 guests
3066 1795 38 18 will
3115 1795 24 19 bo
3157 1796 54 19 assid-

2799 1820 70 24 uously
2880 1819 93 20 attended
2983 1823 25 16 to.

2848 1894 36 32 C»
2902 1893 271 40 WILLMOTT,

2893 1944 237 19 PROPRIGTOR,

2823 1981 78 19 Letters
2920 1981 39 20 and
2985 1981 113 26 Telegrams
3121 1984 102 25 promptly

2798 2008 109 24 responded
2913 2011 26 16 to.

2800 2059 214 45 Rotorua
3055 2060 165 46 Tours.

2800 2141 184 42 IJASSENGERS
2994 2143 18 16 to
3021 2142 82 18 Rotorua
3112 2148 30 11 are
3149 2143 75 17 advised

2862 2164 42 18 that
2912 2171 10 10 a
2936 2164 75 23 regular
3021 2165 51 22 daily
3084 2166 56 17 coach
3157 2166 67 17 service

2798 2187 83 18 between
2890 2187 89 18 Okoroiro
2988 2188 36 17 and
3035 2188 82 17 Rotorua
3132 2189 37 17 and
3185 2189 38 17 vice

2797 2216 52 11 versa
2858 2211 14 16 is
2881 2216 41 11 now
2931 2210 88 24 running.

2820 2234 38 16 The
2867 2233 114 23 advantages
2987 2241 10 10 o
3012 2234 36 17 this
3054 2235 52 16 route
3112 2239 30 13 are
3147 2240 63 13 numer-

2797 2262 38 15 ous,
2846 2263 11 10 a
2865 2257 101 17 somewhat
2980 2257 71 17 tedious
3060 2257 75 22 railway
3143 2258 80 22 journey

2797 2280 15 16 is
2820 2279 76 20 broken,
2906 2279 37 17 and
2951 2280 32 16 the
2999 2282 52 14 route
3067 2282 90 16 traverses
3173 2287 50 11 some

2797 2303 20 16 of
2835 2303 31 17 the
2882 2303 84 17 loveliest
2982 2303 51 16 Bush
3050 2303 78 22 Scenery
3144 2304 20 17 in
3178 2303 45 18 New

2798 2326 86 17 Zealand.

2837 2357 103 21 PARES,
2955 2357 40 18 10s
3005 2357 80 18 EACH
3098 2357 81 19 WAY.

2798 2385 89 23 Special
2904 2385 161 23 Conveyances
3082 2390 43 14 can
3144 2385 29 19 be
3189 2390 23 13 ar-

2941 2408 86 23 ranged
3036 2408 40 19 for.

2799 2455 73 18 Leave
2891 2454 115 18 -Okoroire
3016 2455 33 17 for
3063 2455 101 18 Rotorua
3178 2456 45 18 and

2867 2478 214 18 Whakarewarewa
3110 2478 61 24 daily
3198 2484 15 12 a

2869 2502 29 18 10
2906 2507 51 13 a.m.

2799 2524 74 19 Leave
2898 2525 102 18 Rotorua
3008 2524 45 18 and
3061 2524 146 19 Whakarewa-

2867 2553 61 13 rewa
2945 2548 33 17 for
2992 2547 113 22 Okoroire,
3122 2548 61 23 daily
3199 2549 24 17 at

2869 2571 29 19 10
2906 2576 51 14 a.m.

2821 2595 32 16 All
2872 2599 108 18 passengers
3001 2599 29 11 are
3046 2594 75 17 advised
3141 2596 20 15 to
3176 2594 48 17 avail

2799 2618 109 18 themselves
2917 2618 19 16 of
2945 2618 36 16 tins
2997 2617 60 17 Route
3071 2622 19 11 as
3106 2617 88 17 Okoroire
3208 2618 16 16 is

2800 2646 33 12 one
2849 2642 19 16 nf
2879 2641 31 17 the
2919 2640 50 18 show
2978 2640 61 22 places
3055 2640 20 16 of
3090 2639 31 18 the
3138 2640 84 18 Thermal

2800 2664 82 19 District,
2904 2663 37 18 and
2955 2670 23 10 no
2995 2663 42 16 visit
3051 2665 19 14 to
3087 2663 31 17 the
3133 2663 59 18 Lakes
3208 2663 15 17 is

2800 2687 90 23 complete
2900 2686 78 18 without
2983 2686 23 16 its
3012 2686 95 16 inclusion.

2823 2710 71 23 Special
2903 2709 91 19 attention
3006 2709 15 16 is
3035 2709 56 16 called
3104 2710 20 16 to
3138 2710 31 16 the
3186 2709 38 17 fact

2799 2734 42 16 that
2851 2740 10 10 a
2869 2733 55 17 coacli
2933 2732 60 18 leaves
3006 2732 82 17 Rotorua
3096 2732 38 17 and
3143 2731 79 19 Whaka-

2933 2801 158 17 HGENTS:

2801 2829 71 17 TIIOS.
2886 2829 67 17 COOK
2970 2829 15 15 &
3003 2827 52 20 SOX,
3074 2827 97 19 Auckland
3188 2827 37 17 and

2969 2851 87 18 Rotorua.

2964 2895 32 17 ok
3016 2895 50 16 the
3087 2895 85 17 house
3193 2895 32 17 of

2890 2914 243 23 representatives.

2825 2959 94 25 Speaking
2931 2965 24 10 on
2969 2958 31 18 the
3013 2958 102 22 Pharmacy
3129 2958 36 17 Rill
3178 2957 45 19 said,

2860 2982 101 24 profession
2976 2981 32 17 has
3021 2980 52 17 made
3088 2980 36 17 less
3139 2986 85 17 progress

2794 3001 1 30 |
2802 3007 68 22 during
2879 3006 31 17 the
2926 3005 35 17 last
2980 3005 30 16 100
3025 3009 52 16 years
3091 3004 45 17 than
3151 3004 41 16 that
3204 3003 20 17 of

2919 3034 21 10 or
2948 3027 58 17 words
3016 3028 19 16 to
3043 3027 41 17 that
3096 3025 58 24 effect.
3187 3025 37 18 The

2803 3051 78 20 M.H.li.
2896 3051 56 23 spoke
2965 3050 78 17 without
3056 3049 92 23 thinking,
3166 3055 20 10 or
3201 3049 23 16 he

2803 3076 61 17 would
2878 3076 33 16 not
2927 3074 46 17 have
2989 3072 52 18 mode
3058 3072 43 17 such
3117 3078 23 11 an
3157 3071 68 18 absurd

2802 3100 105 16 statement.
2932 3097 29 18 He
2970 3095 93 22 evidently
3077 3095 53 17 knew
3145 3095 80 22 nothing

2802 3123 20 17 of
2830 3123 32 16 the
2872 3127 40 11 new
2920 3119 75 19 remedv
3003 3119 71 17 termed

2943 3143 146 16 NEUROL

2804 3166 59 18 which
2872 3166 20 17 is.
2898 3165 19 17 in
2919 3164 115 23 comparison
3041 3163 43 16 with
3090 3163 86 17 remedies
3183 3161 44 18 used

2803 3196 45 11 even
2858 3190 21 16 25
2888 3194 53 17 years
2949 3193 42 17 ago,
3001 3192 19 12 as
3027 3186 49 23 light
3084 3187 18 16 to
3111 3185 93 18 darkness.

2943 3216 148 16 NEUROL.

2803 3239 15 18 is
2826 3244 12 13 a
2851 3238 127 21 scientifically
2995 3236 87 23 prepared
3100 3235 92 20 iiicciicine,
3209 3234 20 17 in

2803 3262 32 17 the
2844 3263 47 16 form
2901 3262 20 16 of
2928 3260 90 23 powders.
3043 3259 18 17 It
3068 3259 14 17 is
3091 3260 32 15 not
3136 3258 83 22 disagree-

2803 3285 41 17 able
2852 3280 3 25 :
2869 3285 16 17 it
2893 3285 15 16 is
2916 3285 33 15 not
2958 3282 97 23 expensive
3062 3288 5 14 ;
3080 3282 15 16 it
3103 3281 32 17 lies
3143 3281 19 17 in
3176 3280 54 18 small

2803 3314 84 16 compass
2894 3303 4 27 ;
2912 3308 15 16 it
2936 3306 82 17 contains
3028 3311 23 10 no
3060 3305 68 21 opium,
3146 3303 84 23 morphia

2803 3337 20 12 or
2838 3330 115 22 antipyrine;
2972 3329 15 16 it
3004 3328 38 17 will
3058 3329 33 15 not
3107 3333 42 11 cure
3166 3332 53 17 every-

2802 3354 56 17 thing
2867 3354 33 16 but
2915 3353 15 17 it
2945 3352 14 16 is
2972 3351 81 17 effective
3066 3351 19 16 in
3099 3350 26 17 all
3138 3356 50 11 cases
3201 3350 29 16 for

2794 3403 1 20 ;
2943 3403 149 17 NEUROL

2794 3422 1 24 I
2804 3427 37 16 will
2850 3426 66 17 relieve
2925 3430 54 16 every
2988 3424 47 17 form
3052 3424 20 16 of
3088 3422 93 18 headache
3196 3422 34 17 not

2804 3449 66 18 caused
2879 3449 24 22 by
2912 3448 52 17 brain
2975 3446 73 18 disease.

2944 3475 148 17 NEUROL

2803 3510 52 11 cures
2874 3503 97 22 neuralgia
2991 3502 19 17 of
3026 3501 31 17 the
3074 3501 38 17 face
3129 3500 37 17 and
3181 3499 48 17 head

2802 3533 51 11 more
2861 3526 96 23 promptly
2966 3525 44 17 than
3020 3524 80 22 quinine.

2825 3550 33 16 LA
2865 3549 99 17 GRIPPE,
2975 3554 20 11 or
3001 3546 146 19 INFLUENZA
3153 3546 46 17 loses
3204 3545 25 17 its

2802 3575 68 15 terrors
2879 3572 15 17 if
2902 3571 106 18 NEUROL
3016 3571 15 16 is
3039 3570 55 16 taken
3103 3570 21 16 at
3132 3569 32 16 the
3178 3573 37 13 com-

2802 3596 115 17 mencement
2926 3594 20 17 of
2954 3594 33 17 the
2995 3592 66 18 attack.

2825 3617 86 19 COLDS,
2952 3615 136 19 CATARRHS,
3124 3613 102 18 FEVERS,

2794 3632 1 26 I
2802 3639 173 19 RHEUMATISM
2999 3645 31 10 are
3055 3638 26 17 all
3100 3637 80 17 relieved
3202 3636 26 21 by

2802 3663 111 18 NEUROL.

2823 3686 38 17 For
2881 3691 71 11 women
2973 3684 104 17 NEUROL
3093 3684 15 16 is
3128 3681 99 24 peculiarly

2802 3709 84 17 suitable,
2897 3709 14 16 it
2920 3714 51 11 cures
2980 3707 25 17 all
3019 3706 72 24 painful
3106 3711 72 16 cramps
3190 3702 36 19 and

2801 3732 53 18 other
2861 3732 60 22 pains.

2823 3755 62 22 Every
2906 3754 63 18 miner,
2990 3752 91 17 bushnian
3106 3751 36 17 and
3163 3749 63 17 settler

2801 3777 66 18 should
2875 3782 72 17 possess
2955 3782 12 12 a
2975 3776 38 17 box
3021 3775 20 17 of
3048 3773 109 19 NEUROL.
3183 3772 19 17 It
3210 3772 15 15 is

2801 3806 10 11 a
2820 3800 90 17 medicine
2919 3799 52 18 chest
2980 3799 18 16 in
3007 3798 53 17 small
3069 3801 86 20 compass.

2823 3823 45 17 Sold
2877 3823 24 22 by
2911 3822 25 17 all
2945 3822 123 21 storekeepers
3081 3819 35 17 and
3133 3817 90 19 chemists,

2801 3847 19 16 2s
2828 3852 33 15 per
2869 3846 44 20 box,
2923 3851 22 11 or
2952 3846 43 21 post
3009 3845 37 15 free
3062 3843 46 16 from
3122 3839 104 19 NEUROL

2801 3869 40 18 Co.,
2851 3867 104 20 Auckland,
2966 3868 19 17 2s
2996 3867 27 16 Id.

2938 3891 45 16 from
2994 3888 123 23 Kenipthnme
3126 3885 35 17 and
3169 3885 44 17 Pros-

2800 3920 34 14 ser,
2845 3920 21 11 or
2875 3913 92 19 Sharland
2976 3912 36 17 and
3021 3913 31 16 Co.

2810 3961 126 27 Bcyernment
2953 3962 98 25 Insurance
3067 3961 123 30 Department.

2875 4015 66 19 Fuxds,
2953 4019 42 12 oviat
3006 4015 19 20 2£
3037 4013 89 16 Millions.

2808 4053 39 16 Sum
2860 4053 69 17 Assured
2971 4062 6 4 -
2999 4057 37 12 over
3047 4051 145 22 £9,000,000

2807 4081 63 17 Annual
2884 4082 64 16 Income
2970 4090 6 3 -
3021 4085 37 11 over
3070 4079 122 23 £360,000

2939 4123 14 13 J.
2964 4122 19 13 H.
2994 4120 132 16 KICHARDSON,
