3300 4360
1224 139 58 19 THE
1296 140 57 19 HOT
1367 140 92 18 LAKES
1473 138 165 21 CHRONICLE
1651 139 158 23 SATURDAY,
1825 139 155 20 DECEMBER
1995 140 31 22 12,
2043 139 47 19 1896

2815 4098 80 20 Printed
2913 4100 37 18 and
2968 4097 100 28 published
3080 4101 25 23 by
3115 4101 21 19 P.
3147 4102 21 18 F.
3183 4102 67 19 Watt,

2838 4125 20 14 at
2867 4123 33 18 the
2909 4124 104 23 registered
3027 4125 87 22 printing
3124 4126 57 18 oilioo,
3191 4126 48 16 Hine-

2837 4151 44 12 moa
2890 4147 64 21 street,
2964 4147 90 18 Botorna.

2839 4176 146 24 SATURDAY,
2995 4178 144 18 DECEMBEP.
3148 4180 28 21 12,
3188 4181 52 16 1596.

216 360 45 19 One
277 360 21 19 of
316 361 33 19 th?
360 360 116 20 ;>eces;-iiies
486 360 22 19 of
518 360 33 19 the
562 360 79 25 coming
651 359 74 19 Season
737 359 39 20 will
788 360 24 18 be

72 416 23 24 A
134 417 114 23 COOL
289 414 32 26 A?
337 414 16 26 7
369 414 16 26 D
426 414 331 24 REFRESHING
796 416 162 24 DRINK

98 477 141 19 TJntinctured
251 477 24 19 bv
285 484 37 15 any
334 475 126 19 Deleterious
476 474 98 20 Chemical
587 475 130 24 Compounds
752 475 19 17 A
781 475 58 18 drii.k
850 477 22 16 at
882 482 50 12 mice

295 528 182 30 Exhilarating
498 528 51 22 and
567 527 164 30 Refreshing,

74 586 38 18 and
126 585 64 19 which
206 585 35 19 jci.il
254 592 59 18 prove
323 591 13 12 a
345 583 116 24 preventive
471 583 23 19 of
501 583 114 24 Djppepna
632 583 38 17 and
688 583 28 18 ail
731 583 92 19 Internal
843 583 114 21 Disorders.

100 612 87 18 Aerated
199 611 81 19 Waters
291 611 38 17 and
341 610 95 20 Cordials,
456 609 120 24 comprifing
593 610 34 17 the
637 608 74 19 Purist
722 609 119 23 Lemonade,
859 611 34 18 the
903 611 56 19 Must

73 639 103 19 Delicious
185 635 36 21 tJn
230 643 35 18 g'i'
275 637 44 22 Ale,
334 635 175 26 Higbly-ebarged
527 635 53 19 Soda
591 635 78 23 Water,

278 685 398 37 ZOLHKON
698 688 56 36 E,

73 754 13 13 a
93 754 44 13 new
144 745 150 27 Invigorating,
305 745 146 21 non-a.'cobolic
463 746 115 25 Beverage;
597 746 54 20 Lime
658 745 61 21 Juice
736 746 87 25 Cordial,
835 746 124 26 Raspberry,

73 774 42 25 Pep
119 774 74 25 permit,
198 779 13 18 i,
224 773 76 22 Cloves,
312 772 50 19 Pine
372 772 72 25 Apple,
456 772 40 18 and
508 772 73 20 Ltinou
593 772 76 25 Syrups
680 774 38 17 aud
737 772 135 26 Sarsaparilltt
889 779 33 13 are
933 774 25 18 all

342 799 153 19 manufactured
507 805 24 13 on
541 798 35 20 the
582 799 104 24 premises.

263 824 115 19 Lemonade
387 824 40 18 and
437 825 77 24 Ginger
523 825 44 22 Ale,
578 826 71 23 quarts
659 824 41 19 and
706 825 62 24 pints.

358 1049 61 25 AB
440 1049 18 24 S
480 1049 22 24 O

101 1216 65 23 OUR
189 1214 165 23 PREMISES
376 1213 156 23 DISPOSED
557 1214 39 22 OF

467 1240 36 22 TO
517 1240 51 22 MR
592 1240 22 23 J.
636 1239 127 24 TONSON
779 1239 153 24 GARLICS.

76 1308 402 47 Electro-Plated
500 1308 148 46 Ware

673 1364 286 57 Lampware

77 1423 296 46 Brushware

498 1477 285 47 Enamelled
811 1478 148 45 Ware

79 1536 201 52 Knives,
317 1536 167 49 Forks,
508 1536 204 55 Spoons.

152 1654 54 37 J*.
261 1655 60 34 &c
373 1654 56 35 J\
480 1654 400 36 DICKER

143 1752 106 27 Having
249 1751 3 28 -
267 1752 55 23 sold
338 1759 45 16 cur
403 1751 88 26 Queen
507 1752 50 22 and
574 1751 81 24 Lome
672 1752 84 22 Street
771 1751 130 23 Premises

195 1785 26 20 to
235 1783 40 22 Mr
286 1783 22 22 J.
326 1783 24 22 T.
363 1782 113 27 Garlick,
487 1782 45 23 the
545 1782 82 23 whole
639 1782 28 22 of
675 1788 45 16 our
731 1782 78 22 Stock
820 1782 28 22 of

303 1815 433 33 IRONMONGERY,

104 1858 72 23 Must
185 1858 31 23 be
228 1858 56 23 sold
294 1858 38 23 for
343 1857 73 27 Cash,
427 1864 27 16 as
469 1864 39 16 we
518 1858 59 28 give
585 1864 33 22 up
625 1857 150 29 possession
785 1857 28 22 in
822 1856 112 25 October.

347 1909 333 34 ROTORUK

79 1954 147 45 COAL
250 1954 123 45 AND
397 1954 320 45 FIREWOOD
754 1953 204 46 DEPOT.

83 2044 178 26 MESSRS
281 2045 31 26 F.
333 2044 195 26 GOODSON
551 2044 28 26 &
601 2045 31 25 C.
654 2043 229 27 GRIFFITHS
902 2044 60 32 beg

77 2069 57 39 £®\
169 2078 31 24 to
214 2077 105 32 notify
331 2077 54 25 the
399 2077 172 25 Residents
585 2077 33 25 of
630 2077 143 25 Rotorua
793 2077 71 25 that
883 2077 79 32 they

77 2117 52 18 are
138 2116 72 19 now
223 2110 153 32 prepared
386 2111 32 24 to
429 2110 120 25 deliver
558 2112 31 23 to
600 2116 64 26 any
673 2112 72 29 part
759 2109 35 25 of
802 2109 54 25 the
865 2110 97 25 Town

157 2152 104 31 THE
286 2152 123 31 BEST
435 2151 286 32 HOUSEHOLD
744 2150 128 37 COAL,

456 2194 127 22 PfLSO

108 2226 154 33 RITA
286 2227 112 31 AND
422 2227 166 31 OTA
613 2225 314 37 FIREWOOD,

73 2268 44 25 At
130 2268 53 25 the
201 2267 170 26 LOWEST
386 2267 199 26 CURRENT
597 2267 135 26 RATES
747 2269 32 23 at
792 2267 54 25 the
857 2267 85 25 short-

433 2302 48 23 est
498 2300 113 26 notice.

102 2356 82 22 Goods
203 2356 131 22 delivered
350 2356 66 22 with
437 2358 163 27 promptness
618 2358 26 21 to
666 2355 35 24 all
718 2357 72 28 parts
804 2356 28 22 of
846 2356 45 22 the
907 2356 42 22 Dis-

75 2383 62 22 trict
147 2383 67 21 after
222 2382 97 22 arrival
331 2383 27 21 of
365 2383 91 22 trains-

271 2416 90 23 Orders
381 2423 61 22 may
457 2417 31 22 be
506 2417 48 22 left
569 2418 27 21 at
608 2417 46 22 the
670 2416 92 27 Yards,

161 2449 386 37 PUKUHTUH
584 2450 296 36 STREET.

313 2667 144 46 NOW
495 2667 219 46 READY.

277 2836 153 52 ENT
474 2834 276 58 MAORIL

336 2918 52 31 By
406 2917 163 27 ELSDON
592 2918 111 26 BEST.

203 3028 121 31 Papers
340 3028 106 25 which
459 3029 157 31 appeared
625 3029 33 24 in
667 3029 53 24 the
729 3029 84 25 HOT
826 3029 136 26 LAKES

92 3051 16 40 1
160 3061 242 26 CHRONICLE
418 3062 100 24 under
531 3062 54 24 the
606 3062 101 25 ahove
727 3062 71 24 title
819 3068 53 19 are
891 3069 71 19 now

75 3093 167 32 published
254 3094 33 24 in
300 3094 163 32 pamphlet
475 3095 89 25 form.

281 3151 128 45 Price
434 3150 94 46 One
562 3151 199 55 Shilling.

213 3232 69 25 Post
298 3233 73 25 Free
383 3234 76 23 from
488 3233 215 26 CHRONICLE
725 3234 104 25 Office.

77 3321 79 18 Under
163 3321 39 18 the
210 3321 170 24 distinguished
386 3323 128 23 patronage
521 3323 26 18 of
550 3324 42 18 His
599 3324 139 23 Excellency
747 3325 61 18 Lord
817 3325 48 18 Can

100 3353 119 18 Governor
228 3354 26 17 of
260 3354 100 22 N.S.W.,
371 3354 45 18 and
425 3354 61 18 Lord
503 3354 95 19 Onslow
607 3356 118 17 Governor
734 3356 27 17 of
766 3356 59 18 New
834 3353 2 23 !

236 3556 575 37 TKURKNGT^.

79 3637 10 13 r
93 3636 70 33 jnHE
320 3636 18 19 is
345 3637 130 25 pronounced
486 3637 27 25 by
529 3638 25 18 its
566 3638 86 19 Patrons
670 3642 20 15 to
705 3638 25 19 be
747 3639 33 20 the
798 3640 44 19 best
856 3641 52 20 built
924 3644 37 18 and

84 3658 21 21 _3-
146 3663 42 18 best,
197 3662 108 19 furnished
316 3663 62 18 Hotel
387 3664 20 17 in
418 3663 35 18 the
462 3663 68 19 North
540 3664 22 18 Is
570 3665 46 18 and.

110 3693 135 25 Private
258 3693 107 27 Suites
374 3695 21 18 of
403 3694 133 25 Apartments
545 3695 32 19 for
591 3695 98 20 Families.

391 3727 102 29 Sample
508 3729 94 24 Rooms
623 3732 31 17 for
669 3731 131 22 Commercial
811 3733 124 23 Gentlemen.

76 3760 90 19 Coaches
174 3760 56 18 leave
240 3760 34 19 the
285 3760 62 19 Hotel
356 3761 31 18 for
403 3761 34 19 the
450 3761 67 21 Lakes
536 3770 26 12 on
578 3765 74 19 arrival
668 3766 21 19 of
706 3767 25 18 all
750 3770 103 17 steamers,
883 3770 79 24 t-pecial

184 3785 91 26 Buggies
292 3787 39 18 and
342 3787 74 18 Saddle
427 3787 78 20 Horses
515 3795 35 13 can
568 3790 24 19 be
609 3792 97 19 obtained
723 3793 31 19 for
764 3793 26 19 all
804 3800 55 19 parts

430 3814 22 18 of
464 3814 33 19 the
513 3815 96 25 Country.

78 3845 185 26 First-class
276 3846 121 32 Sailing
397 3845 3 36 1
413 3848 62 25 and
489 3848 136 33 Rowing-
637 3851 99 27 Boats
748 3853 48 26 for
809 3855 153 26 Pleasure

340 3880 61 24 and
419 3880 135 33 Fishing
567 3883 133 26 Parties.

87 3920 54 24 The
174 3918 162 27 Saltwater
366 3921 127 32 Bathing
527 3923 126 26 Pavilion
690 3927 22 24 is
748 3928 100 25 within
875 3930 86 26 three

280 3953 136 25 minutes'
439 3954 75 26 walk
534 3956 33 24 of
582 3957 53 25 the
650 3958 112 26 •'•'Star."

296 3992 117 27 Telegrams
433 3995 78 19 receive
538 4001 80 21 prompt
637 4000 106 19 attention.

383 4130 278 31 PROPRIETOR.

1310 214 230 32 ROTOB.UA.

1251 411 87 21 (Under
1351 411 58 18 New
1422 410 181 23 Management.)

1007 477 91 20 Situated
1110 478 21 18 in
1141 477 35 20 the
1186 480 53 17 most,
1247 479 76 18 central
1339 479 88 24 position
1444 478 21 19 in
1484 478 35 19 the
1537 485 45 11 new
1599 477 108 25 township,
1727 476 92 25 opposite
1834 475 35 19 the

981 504 126 19 Courthouse
1117 504 40 18 and
1167 504 21 18 in
1200 504 28 19 tlo
1232 515 6 8 ?
1241 511 10 12 e
1261 505 110 25 proximity
1381 507 20 16 to
1412 504 34 19 the
1458 504 47 19 Post
1515 504 68 23 Office,
1594 504 134 22 Sanatorium,
1750 502 64 19 Baths
1829 501 40 19 and

981 529 92 26 Railway
1088 529 85 19 Station.

1007 564 42 18 The
1060 563 73 20 Hotel
1141 565 117 18 commands
1269 572 11 11 a
1290 564 131 25 magnificent
1430 565 51 18 view
1491 565 21 18 of
1522 565 35 17 the
1567 563 57 19 Lake
1635 563 40 19 and
1684 562 130 20 i-furnished
1821 562 48 19 with

981 596 25 12 an
1016 596 35 18 eye
1061 593 20 15 to
1091 589 35 19 the
1136 591 85 18 comfort
1231 590 21 20 of
1261 591 27 18 its
1298 595 90 20 patrons.

1007 624 42 19 The
1060 624 87 25 position
1157 624 21 19 of
1188 625 35 18 the
1235 625 70 18 House
1321 624 83 19 renders
1421 625 16 18 it
1456 624 112 25 peculiarly
1587 624 87 19 suitable
1691 624 33 19 for
1745 622 125 21 commercial

981 657 46 12 men
1037 650 85 25 visiting
1131 650 35 19 the
1176 653 60 16 town.

1018 697 148 26 BILIARD
1189 699 120 24 ROOM.
1460 698 150 25 SAMPLE
1634 697 137 31 ROOMS,
1785 697 51 26 Ac.

1148 753 178 32 Telegrams
1341 753 152 32 promptly
1507 754 151 25 attended
1672 755 41 23 to.

984 824 48 45 F,
1056 825 272 53 WATERS,

1614 822 253 51 Manager.

1348 937 151 33 THE

988 1242 239 54 Published
1266 1256 142 43 every
1444 1244 237 57 Saturday
1714 1245 132 45 .Morn-

1385 1301 83 55 ing,

1190 1426 112 40 RATES
1330 1427 42 39 CF
1398 1426 275 42 SUBSCRIPTION;

1147 1497 62 19 PAID
1224 1498 29 18 IN
1267 1499 128 17 ADVANCE.
1584 1500 112 17 HOOKED.

1171 1530 44 22 Six
1227 1530 106 23 Months
1343 1531 28 21 5s
1383 1530 4 25 ;
1627 1532 28 16 «=

1169 1556 52 22 One
1238 1556 68 23 Year
1315 1557 59 26 10s;

1165 1651 335 34 ADVERTISING
1519 1653 176 33 BATHS;

1013 1706 64 20 Three
1089 1706 99 26 Shillings
1199 1713 35 19 per
1244 1708 45 18 inch
1298 1714 35 18 per
1343 1708 60 23 issue,
1413 1714 28 19 up
1449 1710 19 17 to
1477 1710 10 16 :3
1496 1709 114 19 insertions.
1627 1709 128 26 Subsequent
1763 1710 112 19 Insertions

985 1732 43 20 half
1039 1738 59 14 rates.
1129 1732 80 26 Special
1220 1736 61 17 terms
1293 1735 31 17 for
1334 1733 72 25 longer
1418 1734 86 24 periods.

1011 1787 178 20 Announcements
1199 1788 22 17 of
1232 1786 69 20 Births
1312 1787 40 19 and
1362 1787 78 20 Deaths
1450 1794 34 12 are
1494 1788 87 23 charged
1598 1790 22 17 2s
1635 1789 55 23 each,
1712 1792 33 17 not
1765 1790 111 24 exceeding

986 1815 23 17 30
1020 1813 71 19 words.
1120 1813 104 24 Marriage
1234 1816 172 17 announcements
1421 1815 28 18 3s.
1476 1814 207 24 NOTE.--These
1700 1816 109 29 charges
1832 1823 43 16 are

986 1840 39 22 for
1035 1839 177 30 Prepayment
1223 1838 73 30 Only-

1092 1929 240 48 JOBBIM
1368 1931 397 50 DEPARTMENT.

987 2016 157 31 Invoices,

1037 2049 174 32 Billheads,

1086 2083 104 25 Memo
1204 2085 121 31 Forms,

1136 2117 82 25 Bills
1233 2117 33 26 of
1276 2118 90 30 Fare,

1188 2150 154 26 Business
1367 2152 108 32 Cards,

1237 2184 141 32 Visiting
1399 2186 108 30 Cards,

1319 2218 96 24 Menu
1435 2219 107 30 Cards,

1373 2251 151 31 Luggage
1538 2253 123 31 Labels,

1415 2285 73 24 Ball
1507 2286 236 32 Programmes,

1470 2318 171 30 Circulars,

1540 2352 138 30 Posters,

1590 2385 179 33 Handbills,

1682 2418 197 34 Pamphlets,

1155 2454 65 32 &c,
1322 2455 66 34 &c,
1491 2457 65 33 &c,
1660 2460 56 26 &c.

1050 2519 121 47 Done
1207 2528 51 39 at
1294 2524 80 53 tlje
1397 2524 222 54 Shortest
1640 2526 180 47 .Notice.

1237 2829 70 46 On
1333 2830 112 46 Sale
1474 2835 50 41 at
1561 2834 86 44 the

987 3030 65 20 Plain
1061 3032 46 18 and
1116 3032 80 24 Fancy
1204 3033 68 22 Note,
1288 3034 130 23 Envelopes
1427 3035 30 18 all
1467 3035 63 23 sizes,

987 3055 125 22 Mourning-
1121 3055 74 23 Paper
1204 3057 46 17 and
1260 3057 135 23 Envelopes,
1410 3058 151 19 Commercial
1571 3060 139 24 Stationery,

1122 3078 63 24 *aper
1194 3080 46 18 and
1249 3080 89 18 Official
1347 3081 135 23 Envelopes,

1081 3112 15 12 5
1098 3102 4 27 ,
1114 3102 114 22 Exercise,
1237 3103 177 19 Memorandum
1423 3105 46 17 and
1477 3105 109 19 Account
1595 3107 84 22 Books,

998 3124 95 23 ledgers,
1105 3124 116 24 Journals,
1234 3126 50 23 Day
1293 3127 46 18 and
1348 3127 61 18 Cash
1416 3128 84 22 Books,

987 3148 80 17 Letter
1075 3148 84 22 Books,
1171 3149 106 22 Brushes,
1288 3150 83 18 Water
1380 3150 80 23 Wells,
1470 3151 47 23 &c.,

1054 3172 55 17 ion's
1119 3171 104 24 Writing-
1232 3173 46 17 and
1288 3173 104 23 Copying-
1401 3174 62 21 Inks,

1087 3194 4 26 ,-
1100 3194 79 24 Paper,
1190 3194 111 20 Business
1311 3196 44 19 and
1366 3197 102 23 Visiting-
1477 3197 77 23 Cards,

987 3216 55 19 Blue
1052 3217 96 22 Pencils,
1159 3218 63 18 Lead
1231 3219 44 17 and
1287 3219 63 18 Slate
1359 3220 97 21 Pencils,
1467 3221 46 18 and
1522 3221 82 23 Slates,

987 3240 107 23 Marking-
1103 3240 50 23 Ink,
1164 3241 66 18 India
1239 3242 94 18 Rubber
1341 3242 84 23 Bands,
1436 3244 60 18 Gum
1505 3244 46 18 and
1561 3244 114 20 Gummed
1684 3246 80 23 Paper,

987 3263 102 18 Indexed
1098 3263 66 22 Files,
1180 3265 45 17 and
1235 3265 73 23 Paper
1318 3266 67 22 Clips,

987 3286 132 23 Inkstands,
1131 3288 45 17 and
1186 3288 96 19 Bottles.

1020 3388 20 24 A
1062 3387 138 26 CHOICE
1216 3387 207 28 SELECTION
1444 3390 46 24 OF
1507 3390 184 26 BIRTHDAY
1712 3391 129 27 CARDS.

1049 3632 193 55 English
1269 3632 203 55 Foreign,
1503 3632 89 45 and
1616 3633 200 48 Colonial

1139 3698 179 54 Papers,
1340 3697 280 55 Magazines,
1644 3698 85 47 &e.

990 3773 185 42 SYDNEY
1214 3775 235 40 BULLETIN
1489 3776 30 39 &
1558 3777 315 43 CANTERBURY

1236 3832 145 40 TIMES
1410 3832 60 39 ON
1500 3832 127 40 SALE.

1028 4074 147 50 geney
1200 4069 75 46 for
1296 4071 216 45 .Martin's
1538 4073 168 54 Photos
1728 4076 54 45 of
1794 4077 80 53 tfee

1329 4127 206 46 District.

2013 213 29 52 I
2086 213 40 52 A

2547 261 118 23 %JfJJL-J}

1922 329 341 58 Hydropathic
2305 329 162 51 Hotel,
2517 330 233 45 Rotorua.

2177 410 225 34 ESTABLISHED
2423 411 77 33 1881.

1893 472 72 20 Utider
1979 471 35 20 the
2023 472 111 24 patronage
2145 470 22 18 of
2177 470 33 19 Sir
2220 470 36 19 W.
2276 470 87 23 Jervois,
2380 470 48 19 Earl
2446 471 38 18 and
2503 470 102 20 C.mntess
2625 470 21 19 o£
2665 470 118 26 Hopetoun,

2064 496 34 19 the
2110 497 55 18 lion.
2177 497 88 18 Premier
2275 496 40 19 and
2330 496 102 19 Members
2448 497 22 19 of
2481 498 130 19 Parliament.

1919 603 42 18 The
1972 602 63 19 Hotel
2049 602 14 18 is
2074 601 88 19 situated
2173 607 25 13 on
2209 607 25 13 an
2244 601 93 19 elevated
2349 601 88 24 position
2447 608 25 12 on
2484 601 35 20 the
2528 602 70 19 shores
2615 601 21 19 of
2652 600 55 20 Lake
2722 600 51 18 Eoto-

1894 636 43 17 rua,
1948 628 122 20 convenient
2080 632 21 14 to
2112 628 25 18 all
2148 627 35 19 the
2194 628 64 23 sights
2269 628 20 18 in
2300 627 35 19 the
2345 627 88 20 district.

1966 680 113 29 Sulphur
2092 679 51 23 and
2155 678 114 25 Mineral
2282 679 84 23 Baths
2380 679 21 19 in
2411 679 36 19 the
2458 679 97 21 Grounds
2566 680 22 19 of
2598 679 36 20 the
2644 678 71 20 Hotel.

2027 785 19 19 A
2063 784 105 19 reduction
2185 783 17 20 is
2220 784 59 19 made
2294 787 22 15 to
2327 783 77 26 weekly
2414 790 23 12 or
2447 784 91 25 monthly
2548 784 107 19 boarders.

1896 837 68 20 Guide
1975 837 68 19 Books
2054 836 38 19 and
2102 835 133 21 information
2248 836 63 22 c'ati*
2321 839 22 16 at
2354 835 54 20 Oook
2425 836 37 19 and
2481 836 59 20 Sons'
2556 837 52 24 (sole
2625 835 80 26 agent-)
2722 835 65 19 offices

2207 863 128 25 throughout
2346 861 34 21 the
2391 862 84 24 Colony.

1896 914 43 46 T.
1964 913 42 47 C.
2029 913 332 53 URQJIHJIrIT,
2418 940 17 6 -
2489 940 16 6 -
2550 914 237 54 Manager.

1931 1287 64 25 The
2014 1286 216 31 undersigned
2250 1286 28 25 is
2301 1292 73 18 now
2397 1286 141 31 running
2561 1284 143 33 Buggies
2728 1286 62 24 and

1899 1320 140 25 Coaches
2060 1320 33 24 to
2114 1319 53 25 the
2181 1319 166 31 following
2359 1319 108 31 places
2480 1319 34 25 of
2528 1319 136 25 interest
2683 1317 34 25 in
2737 1318 53 25 the

1897 1351 241 34 neighborhood
2155 1356 33 22 at
2206 1352 129 31 greatly
2359 1352 138 25 reduced
2522 1354 94 23 rates.
2665 1350 125 33 Special

1898 1385 183 26 reductions
2089 1385 49 25 for
2150 1385 90 31 large
2249 1385 128 32 parties.

1898 1425 316 19 WHAKAEBWAEEWA
2223 1425 4 23 ;
2264 1425 171 21 WAIRAKEI,
2458 1425 103 19 TAUPO
2576 1425 21 19 &
2615 1425 60 18 THE

2038 1449 144 18 TIKITERE
2195 1449 21 18 &
2229 1449 105 18 OKERE
2348 1448 110 22 FALLS;
2472 1449 176 18 WAIOTAPU.

1921 1481 55 18 N.B.
1978 1480 71 18 —The
2058 1479 102 20 Tikitere
2169 1480 54 23 Trip
2232 1484 44 14 can
2286 1486 52 12 now
2347 1481 28 17 be
2384 1480 117 19 extended
2510 1482 25 16 to
2544 1481 40 18 the
2594 1480 59 18 head
2663 1479 126 23 ofßotoiti,

1898 1505 84 18 thence
1997 1504 26 18 to
2037 1503 112 23 Rotoehu,
2167 1503 102 23 opening
2282 1509 32 17 up
2331 1508 64 14 some
2413 1503 26 18 of
2453 1503 40 19 the
2515 1503 117 20 Grandest
2645 1503 102 23 Scenery
2767 1503 23 18 in

1898 1528 58 18 New
1965 1526 105 19 Zealand.

1912 1574 93 28 Special
2016 1575 169 26 Conveyances
2197 1575 46 19 and
2255 1575 87 19 Saddle
2354 1575 83 19 Horses
2448 1578 22 16 to
2481 1575 27 19 all
2521 1578 61 24 parts
2599 1575 23 19 of
2635 1574 39 20 the
2691 1573 85 21 district

2223 1604 23 16 at
2258 1602 115 22 Moderate
2386 1602 77 22 FJates.

1958 1650 34 17 Sus
1998 1650 77 17 leaves
2084 1649 63 18 Lake
2153 1650 86 21 House,
2248 1650 85 22 calling-
2340 1649 24 20 at
2371 1650 30 17 all
2409 1650 82 17 Hotels
2497 1650 46 18 and
2550 1650 118 22 Boarding'
2675 1649 92 18 Houses

1921 1673 36 18 for
1966 1672 224 23 Whakarewarewa,
2201 1673 69 18 twice
2280 1673 117 22 forenoon,
2407 1673 68 18 twice
2484 1672 130 20 afternoon.

2051 1855 134 27 STRBLES
2211 1857 78 25 NEAR
2316 1857 75 25 LAKE
2413 1857 96 25 HOUSE
2535 1857 104 25 HOTEL.

2108 2211 66 43 B&
2199 2211 159 43 1^

2616 2102 139 62 |ASa*|

2209 2889 9 36 I
2253 2890 180 38 Proprietors
2444 2916 16 4 -
2526 2895 12 27 '.

2213 2920 47 72 W
2284 2939 280 66 DISTILLERS
2604 2942 46 60 0
2682 2941 49 69 fo
2749 2939 6 50 I

2212 3141 289 55 IATHAN
2566 3141 25 47 f

2178 3236 41 18 ??**%
2230 3236 9 18 g

1998 3296 166 36 QUEEN
2190 3299 205 36 STREET,
2414 3301 274 31 AUCKLAND,

2129 3340 104 18 UNDER
2246 3340 71 18 NEW
2334 3341 225 19 MANAGEMENT.

2114 3383 212 47 JOSEPH
2350 3372 220 63 JTeRJJE,

2023 3455 61 25 (Late
2095 3457 21 18 of
2126 3457 34 19 the
2170 3457 57 20 Lako
2237 3458 72 20 House
2324 3459 40 19 and
2378 3459 73 19 Palace
2461 3459 80 23 Hotels,
2552 3459 110 25 Rotorua,)

2143 3488 50 19 Has
2199 3490 52 22 just
2260 3490 73 18 taken
2344 3495 56 13 over
2408 3490 47 18 this
2464 3490 76 19 Hotel.

1898 3508 127 19 Travellers
2034 3509 48 19 will
2090 3510 48 19 find
2147 3517 71 18 every
2227 3511 97 20 Modern
2334 3513 160 19 Convenience
2503 3513 122 18 combined
2631 3513 58 18 with
2695 3513 94 24 Civility

2202 3536 46 18 and
2255 3536 97 22 Prompt
2359 3536 123 19 attention.

1924 3577 43 18 The
1978 3577 98 19 situation
2087 3578 21 19 of
2123 3579 34 19 the
2174 3579 126 21 Waverley
2318 3581 83 19 renders
2420 3581 15 19 it
2455 3581 95 24 specially
2569 3581 120 19 convenient
2707 3581 31 19 for
2754 3581 35 20 the

1898 3602 118 26 TraveL'iiig
2027 3603 73 20 Public
2110 3605 40 19 and
2169 3606 87 19 Visitors
2274 3610 20 16 to
2310 3607 35 19 the
2362 3607 47 24 City
2423 3608 53 18 from
2491 3607 35 19 the
2542 3607 90 25 Country
2649 3607 28 24 Ly
2696 3607 54 19 train
2767 3615 22 11 or

1898 3631 92 16 steamer.

1900 3654 102 29 Special
2012 3655 208 29 Arrangements
2230 3659 76 22 made
2317 3659 39 22 for
2367 3658 44 24 the
2428 3659 175 23 convenience
2617 3659 29 23 of
2656 3657 131 26 Families.

2092 3694 201 19 NIGHT
2338 3697 261 16 PORTER.

1901 3733 175 27 First-ciass
2093 3736 115 27 Billiard
2227 3739 118 24 Rooms.
2382 3738 100 25 Wines
2495 3739 60 24 and
2572 3737 109 32 Spirits
2695 3737 33 25 of
2733 3737 55 26 the

1978 3768 70 25 best
2064 3769 124 27 Brands.
2234 3771 170 25 Hancock's
2427 3772 81 24 Prize
2522 3770 104 26 XXXX
2641 3770 69 25 Ales

2171 3803 113 33 always
2304 3811 37 18 on
2368 3803 140 32 draught.

1899 3872 69 45 W
2004 3873 77 45 W.
2123 3876 44 44 J.
2201 3878 132 44 N™'
2362 3871 208 45 Rotorua
2596 3870 193 55 Library

1899 3936 171 20 BARRISTER
2083 3938 65 18 AND
2166 3941 167 19 SOLICITOR.

1900 3975 146 20 Commissioner
2061 3978 19 17 of
2093 3978 33 18 the
2140 3979 91 23 Supreme
2245 3982 59 17 Court
2316 3982 20 17 of

2094 4001 44 23 Fiji.

1900 4030 86 19 Solicitor
1995 4033 21 16 to
2024 4031 33 18 the
2131 4033 129 19 Government
2275 4036 60 17 under

1966 4054 38 18 The
2013 4054 97 19 Advances
2119 4059 20 14 to
2145 4056 79 19 Settlers

1898 4083 99 20 Victoria
2006 4087 90 20 Arcade,
2107 4087 111 21 Queex-st,
2228 4090 106 17 Auckland.

1922 4123 71 25 Money
2001 4127 21 16 to
2028 4126 52 17 Lend
2092 4132 23 12 on
2125 4127 85 19 freehold
2225 4130 82 22 security
2315 4131 21 15 at

1898 4146 38 17 low
1953 4149 49 16 rates
2020 4150 20 15 of
2052 4150 84 17 interest.
2166 4151 71 23 Money
2250 4153 84 17 invested

1899 4170 30 16 for
1938 4170 67 18 clients
2013 4172 39 17 free
2061 4172 19 18 of
2089 4172 75 21 charge.

2359 3959 102 48 OPEN
2472 3960 52 19 from
2538 3962 23 17 10
2572 3967 47 12 a.m.
2630 3962 21 17 to
2662 3962 10 16 5
2683 3966 46 18 p.7n.
2750 3960 39 18 and

2419 3988 44 16 0.30
2475 3989 20 16 to
2505 3988 23 17 10
2535 3993 50 18 p.m.
2589 3986 95 24 Sundays
2688 3984 101 26 till9pm.

2377 4016 163 22 Subscription
2548 4015 4 23 :
2564 4016 44 18 20s
2616 4016 44 17 Per
2668 4015 102 18 Annum.

2383 4045 88 20 Visitors
2487 4051 48 18 may
2552 4051 85 19 procure
2653 4043 68 20 Books
2738 4044 52 19 from

2358 4071 35 19 the
2402 4070 87 26 Library
2500 4077 26 13 on
2543 4071 87 25 making
2646 4077 12 12 a
2677 4069 78 25 deposit
2771 4070 19 18 of

2358 4100 35 15 not
2402 4097 41 18 less
2453 4097 49 18 than
2522 4104 28 16 os,
2569 4097 40 18 and
2626 4096 124 25 purchasing
2772 4097 18 18 Is

2358 4129 77 18 coupon
2447 4123 32 18 for
2489 4129 60 19 every
2561 4122 53 20 Four
2625 4122 70 19 books.

2383 4148 44 19 The
2444 4148 87 24 Library
2554 4149 18 18 is
2590 4155 52 18 open
2665 4147 74 26 during
2757 4148 33 18 the

2359 4174 93 25 evening.

2808 197 426 59 HINEMOA_STOH

2815 264 49 35 \\J
2872 266 104 19 ILLIAM
2996 266 110 21 SOGERS
3121 267 72 21 directs
3210 275 26 15 at..

2823 288 11 9 *
2843 292 10 17 ?
2887 292 78 19 tention
2975 295 21 16 to
3004 292 34 19 tlie
3047 292 107 27 following
3161 294 49 21 linos
3219 299 19 18 of,

2830 323 178 42 mmm
3055 324 162 45 e##i§,

2809 371 100 20 liveroft's
2920 372 111 18 Snowdrift
3040 372 52 19 X.Z.
3101 372 63 21 Flour

2809 396 102 25 Sultanas,
2923 396 98 21 Muscatel
3031 398 41 18 and
3080 397 11 20 A
3092 397 7 10 r
3100 399 78 20 alencia
3192 401 45 20 Raw

2861 424 47 19 sins,
2921 424 39 18 and
2970 423 98 19 Currants

2809 449 50 24 Figs
2866 449 40 19 and
2916 449 112 20 Preserved
3038 449 84 26 Ginger,
3134 450 68 27 Spicss

2809 475 74 19 Lemon
2895 476 40 18 and
2946 475 80 26 Orange
3038 475 49 21 Peel

2864 502 70 18 White
2944 501 113 25 Sugar—A
3073 503 115 24 Speciality.

2810 527 50 19 New
2870 527 91 19 Zealand
2969 527 63 25 Dairy
3038 529 146 20 Association's
3191 531 40 20 Tjiif-

2913 556 38 16 ter.

2834 579 61 19 TEA.
2954 579 114 19 COFFEE.
3123 581 92 21 COCOA.

2809 627 88 20 General
2910 628 128 20 Assortment
3054 630 22 18 of
3093 628 145 28 Storekeeper'*

2988 654 74 20 Goods.

2871 706 158 41 HINEMOA
3060 708 123 42 STORE.

2812 784 54 44 B.
2907 784 44 44 S.
3000 784 70 46 C°
3087 781 153 32 "■■*'***■

2918 842 18 17 A
2946 841 43 19 EC
3000 841 16 18 II
3027 842 114 24 ITECT,

2892 876 97 24 Building
3004 877 109 25 Surveyor,
3132 879 35 18 &c.

2814 950 71 23 Agent
2904 949 33 19 for
2956 950 34 18 the
3014 950 98 19 National
3137 951 47 20 Fire

2906 976 80 18 -Marine
2994 976 114 20 Insurance
3119 978 36 19 Co.

2814 1040 50 25 Ar
2880 1041 87 20 oko
2983 1043 11 18 i
3010 1044 18 18 a
3099 1044 73 37 yI
3189 1045 16 19 E
3219 1046 25 20 V

2968 1094 124 21 PRIVATE

2814 1125 245 33 BOAB.DING
3078 1128 167 35 HOUSE,

2814 1186 111 26 Opposite
2941 1186 40 19 the
2997 1187 53 19 Post
3061 1188 48 19 and
3120 1190 125 28 Telegraph

2992 1212 78 21 Office.

2815 1244 44 18 And
2881 1251 49 12 near
2950 1244 34 19 the
3005 1245 119 21 Celebrated
3150 1246 95 23 PRIEST

2854 1270 118 20 RACHEL
2988 1272 40 19 and
3040 1272 57 19 otlier
3109 1273 99 21 BATHS.

2959 1296 144 22 ROTORUA.

2814 1348 112 29 TERMS:
2936 1349 43 18 25s
2986 1354 41 18 per
3033 1351 73 22 week,
3116 1352 28 18 5s
3151 1356 41 18 per
3198 1353 44 24 day

2848 1379 115 42 MRS
3007 1381 208 47 YOUNG,

2949 1429 172 22 Pjrojpbiet'ress.

2828 1698 106 33 BAKER
2945 1700 26 31 &
2982 1700 253 34 CONFECTIONER.

2867 1778 86 23 Bread
2965 1779 134 24 delivered
3116 1781 79 30 daily.

2868 1846 165 21 GROCERIES.

3012 1879 145 27 DRAPERY,

2814 1947 124 20 GENERAL
2944 1948 207 21 STOREKEEPER'S
3159 1952 83 17 GOODS

2833 2002 41 44 <J.
2906 2002 47 45 R.
2990 2002 236 52 LOJMDCXN,

2948 2072 165 22 SOLICITOR,

2810 2153 157 18 N.l3.—Attends
2975 2155 80 23 country
3065 2155 68 18 Courts
3141 2156 26 24 by
3180 2158 65 23 special

2810 2178 140 19 arrangement.

2868 2232 314 50 JIUCK.L7LND

2823 2303 175 41 COFFEE
3038 2305 193 43 PALACE.

2861 2375 145 30 QUEEN
3028 2376 166 34 STREET,

2813 2434 60 22 Also
2897 2435 107 30 opposite
3027 2435 107 25 Herald
3163 2437 82 26 Office.

2908 2626 241 27 PROPRIETOR.

2859 2692 28 25 J.
2909 2693 49 24 W.
2982 2693 211 32 WRIGLEY.

2831 2757 23 19 A
2878 2759 20 17 R
2924 2759 17 18 C
2967 2759 21 19 I-I
3014 2760 10 18 I
3054 2761 17 17 T
3102 2761 18 18 E
3150 2762 17 18 C
3198 2763 23 22 T,

2937 2792 183 17 ROTORUH.

2834 2854 71 25 Agent
2913 2855 33 19 for
2962 2856 35 19 the
3015 2856 62 20 South
3101 2858 79 20 British
3200 2860 45 18 Fire

2808 2881 41 18 and
2859 2881 82 19 Marino
2949 2881 113 21 Insurance
3073 2883 111 27 Company.

2855 2943 30 40 A.
2915 2944 71 39 AMD
3012 2945 29 40 6.
3070 2945 127 49 BROOK,

2808 3003 83 22 BOOT
2906 3004 70 22 AND
2993 3004 82 23 SHOE
3097 3006 147 28 MAKERS,

2867 3044 90 19 Fkn-ion'
2973 3044 88 25 Stjieet,
3087 3046 106 21 Kotorua.

2836 3144 67 21 Larce
2913 3145 39 18 and
2965 3145 66 20 varied
3048 3149 28 15 Si.
3087 3147 23 19 ck
3123 3148 21 18 of
3155 3149 91 23 English.

2812 3170 86 24 Foreign
2911 3173 38 17 and
2963 3172 89 20 Colonial
3065 3173 60 19 B'.nts
3137 3179 37 13 ;ui<i
3184 3176 63 18 Shoes

2873 3198 21 18 to
2906 3197 71 20 choose
2990 3199 49 19 from
3052 3201 21 17 at
3085 3197 4 23 i
3095 3201 23 17 hi'
3130 3203 52 17 most

2847 3234 215 34 REASONABLE
3085 3237 128 33 PRICES.

2904 3276 93 20 FRESH
3015 3277 87 20 STOCK
3117 3279 36 19 OF

2812 3309 169 25 FOOTBALL
2996 3312 98 23 BOOTS
3106 3313 42 26 just
3161 3314 87 20 arrived.

2812 3350 35 19 All
2862 3351 71 20 orders
2951 3352 38 19 and
3007 3353 75 24 repairs
3099 3354 149 26 expeditiously

2977 3380 103 18 executed.

2812 3410 22 18 S.
2850 3410 26 19 E.
2890 3411 150 23 FORDYCE,
3066 3424 8 2 -
3099 3424 9 3 -
3132 3414 113 24 Manager

2812 3458 28 18 W.
2847 3459 22 17 L.
2877 3460 98 21 Fokster,
2987 3464 42 17 c.e.,
3055 3461 26 18 H.
3093 3462 29 17 TV.
3132 3463 114 20 Mitchell,

2895 3496 40 11 IATB
3066 3498 98 11 AUTHORISED
3174 3499 41 11 LAND

2812 3510 79 13 ENGINEER
2898 3512 70 11 MIDLAND
2975 3512 75 14 RAILWAY.
3070 3515 10 10 &
3090 3514 56 12 MINING
3160 3516 88 12 SURVEYOR,

2812 3528 86 17 HAUKAEI
2908 3530 108 16 PhXINtULA.
3054 3531 85 16 EoTOEUA
3147 3531 13 17 &
3170 3534 76 15 i'AEIIOA.

2814 3589 160 42 FORSTER
3001 3592 25 40 &
3059 3592 186 47 MITCHELL,

2839 3648 113 27 MINING
2968 3650 171 27 ENGINEERS
3160 3653 61 25 AND

2941 3685 186 29 SURVEYORS,

2812 3725 120 19 VALUERS
2945 3728 32 17 OF
2986 3728 100 18 MINING
3097 3730 54 16 AND
3161 3730 86 17 OTIIEII

2946 3751 166 22 PROPERTIES,

2882 3787 108 22 Hat/raki,
3008 3788 51 18 New
3073 3789 105 18 Zealand.

2834 3848 96 20 Members
2939 3851 21 16 of
2968 3851 32 17 the
3009 3851 47 17 N.Z.
3066 3852 92 17 Institute
3170 3853 21 16 of
3204 3852 33 18 Sur-

2811 3877 74 16 veyors.

2812 3905 107 20 Address—

2883 3942 119 18 NoiijrAxiiY
3014 3944 63 20 Road,
3089 3944 90 18 Paeroa.

2821 3991 92 31 |VTOTE
2933 4000 63 19 paper
3015 3994 40 19 and
3071 3994 116 26 Envelopes
3205 3995 43 18 with

2814 4026 36 8 ■*•'
2895 4019 82 25 printed
2991 4020 89 25 heading
3092 4023 21 16 at
3122 4021 66 25 cheap
3196 4026 53 14 rules

2815 4046 20 16 at
2845 4044 109 20 Chronicle
2968 4046 63 18 office.
