3194 4288
33 97 75 21 FROM
136 92 121 22 PRIVATE
284 90 120 20 SOLDIER
425 90 33 19 TO

120 116 240 25 AGENT-GENERAL.

109 161 30 13 PIR
149 158 56 17 CHA&.
220 151 66 19 MILL'S
295 155 84 14 CAREER.

57 188 32 21 Sir
97 185 82 22 Charles
185 183 62 24 Mills,
255 182 34 20 the
295 179 163 28 Agent-General

32 216 21 20 in
66 212 83 22 London
161 211 32 19 for
215 209 54 26 Cape
291 207 81 25 Colony,
392 206 66 20 whose

33 240 59 21 death
100 244 41 15 was
157 234 118 22 announced
283 234 39 19 last
330 232 77 24 month,
417 238 41 14 was

33 274 12 13 a
64 271 47 14 man
132 263 50 21 with
203 270 11 11 a
243 261 82 23 history.
361 258 34 19 He
417 264 41 14 was

32 290 93 23 educated
155 291 20 17 at
197 288 65 23 Bonn,
284 286 38 19 but
343 285 59 25 spent
423 283 34 20 the

31 319 78 45 freater
131 316 46 25 part
199 314 22 19 of
236 313 32 20 his
284 311 54 25 early
359 309 63 25 youth
436 310 21 19 in

51 342 89 22 orkshire
159 342 21 18 at
198 339 35 20 the
245 339 58 19 home
321 336 21 19 of
355 336 32 19 his
404 337 43 24 step-

31 369 71 23 father,
110 367 34 19 Mr
153 366 61 22 Mills,
224 365 66 20 whoso
300 369 57 13 name
367 362 25 19 he
402 361 54 19 bore.

31 395 24 20 In
68 396 19 18 1'
95 395 21 18 t3
132 393 26 19 he
167 392 37 20 left
212 391 59 20 home
289 388 39 20 and
341 387 85 20 enlisted
435 393 22 13 as

31 428 12 13 a
50 421 77 26 private
137 418 73 20 soldier
219 417 21 19 in
249 416 34 20 the
292 414 48 19 98th
349 413 108 25 Regiment

31 447 31 19 for
69 445 82 26 foreign
163 443 80 21 service.
269 441 42 19 Hia
316 440 43 19 first
368 438 89 25 military

30 472 75 21 station
124 477 41 14 was
195 470 21 18 in
236 467 69 23 China,
337 465 66 20 where
425 465 31 19 his

31 498 90 27 Buperior
128 496 104 21 education
241 493 39 20 and
297 491 129 20 attainments
436 492 21 18 at

31 531 48 14 once
97 522 94 21 obtained
208 518 128 27 recognition.
363 517 35 19 He
415 522 41 14 was

30 549 86 22 excused
131 549 51 19 from
191 546 92 23 ordinary
300 543 89 24 military
398 542 54 25 duty,

31 576 41 21 and
80 576 80 21 became
169 572 46 20 staff
224 570 54 20 clerk
285 569 21 19 in
315 569 33 19 the
355 568 100 24 Adjutan-

32 601 95 21 Generak
134 600 59 19 office.
220 597 29 19 As
268 593 4 29 '
281 594 94 27 Corporal
384 593 56 20 Mills
450 593 4 29 '

31 628 26 21 he
66 626 54 21 filled
127 633 12 12 a
143 625 55 26 place
215 621 115 28 practically
337 620 75 24 unique
424 619 32 19 for

32 661 13 13 a
52 660 46 14 man
116 652 21 19 in
153 651 31 19 his
202 647 87 21 nominal
302 646 91 26 position.
421 645 34 20 He

32 677 140 27 subsequently
195 672 138 27 accompanied
353 672 31 19 his
402 671 42 25 regi-

31 707 54 19 ment
101 706 20 17 to
130 702 65 20 India.
222 701 25 19 In
262 700 49 18 1849
327 698 25 19 ho
361 704 41 13 was
410 703 34 19 pre-

31 733 44 19 sent
90 732 20 18 at
119 729 34 19 the
167 727 64 19 battle
249 725 21 20 of
279 723 175 22 Chillian-wallah.

31 758 33 19 Ho
81 753 88 23 received
187 759 12 13 a
217 750 129 24 commission,
362 749 40 20 and
414 755 41 14 was

31 782 57 22 made
106 780 69 25 ensign
194 778 39 20 and
247 778 93 25 adjutant
357 775 22 20 in
399 776 55 22 1851,

31 809 39 20 and
87 807 21 20 in
132 807 48 18 1853
202 805 81 19 became
295 802 112 19 lieutenant
428 800 28 26 by

29 833 117 28 promotion.
172 830 75 24 When,
258 829 51 20 after
315 828 33 19 the
363 826 92 21 Crimean

31 868 44 16 war,
95 859 35 20 the
151 858 87 20 German
254 855 75 25 Legion
349 860 40 13 was
411 854 33 18 dis-

31 886 82 24 banded,
135 884 41 19 and
191 884 17 19 it
231 889 39 13 was
289 879 121 21 determined
433 880 21 18 to

30 912 57 21 make
104 910 35 21 the
161 908 124 26 experiment
298 906 22 21 of
335 913 11 13 a
365 906 87 20 German

30 939 86 25 military
139 936 116 20 Bettlemeut
271 940 25 13 on
320 933 33 19 the
375 933 77 19 eastern

30 964 72 21 border
109 963 22 20 of
144 962 78 20 British
243 959 108 24 Kaffraria,
367 957 85 26 Captain

31 991 56 20 Mills
97 996 41 13 was
151 986 85 22 selected
247 989 19 17 to
285 990 119 20 accompany
419 983 33 19 the

31 1016 84 24 settlers,
125 1014 39 21 and
178 1020 39 13 was
227 1012 67 26 placed
313 1012 20 18 in
344 1011 71 24 charge
431 1009 21 19 of

31 1044 34 21 the
87 1041 85 22 frontier
195 1039 131 22 settlements,
350 1035 103 25 becoming

31 1067 141 27 subsequently
195 1065 55 26 High
266 1063 73 21 Sheriff
353 1064 22 18 at
396 1061 56 25 King

30 1095 163 22 Williamstown.
233 1092 24 19 In
276 1091 50 19 18G5
349 1088 103 20 Kaffraria

31 1129 39 14 was
97 1117 137 28 incorporated
265 1116 46 19 with
338 1115 34 19 the
399 1114 53 22 Cape

31 1148 82 26 Colony,
133 1146 38 20 and
185 1145 20 19 in
224 1144 51 19 ISG6
288 1141 83 26 Captain
394 1140 57 19 Mills

31 1181 38 13 was
81 1172 93 21 returned
194 1172 20 18 at
226 1170 33 18 the
269 1167 48 21 bead
336 1167 21 19 of
367 1166 33 19 the
410 1166 40 24 poll

30 1203 22 18 to
61 1200 34 20 the
102 1199 53 24 Cape
171 1196 128 20 Parliament.
326 1193 24 20 In
360 1192 51 20 1867
426 1192 24 19 he

29 1227 79 20 bfcame
126 1223 57 21 Chief
196 1222 88 19 Finance
303 1218 59 21 Cierk
377 1219 21 19 in
416 1218 34 19 the

28 1253 54 21 office
91 1251 22 21 of
122 1251 34 19 the
165 1247 89 22 Colonial
262 1247 109 23 Secretary,
381 1244 38 20 and
429 1251 20 12 in

31 1280 55 22 1872,
101 1277 57 20 when
179 1273 120 27 responsible
321 1272 129 25 government

29 1312 40 14 was
90 1302 84 27 granted
195 1303 21 17 to
235 1300 33 19 the
290 1299 58 24 Cape,
363 1297 25 20 he
410 1303 39 13 wa

31 1329 106 28 appointed
142 1328 118 26 permanent
265 1324 184 24 Under-Secretary

30 1360 21 18 to
73 1357 34 19 the
123 1355 76 24 colony.
226 1353 24 19 In
269 1352 45 19 that
330 1350 85 25 position
426 1349 23 19 he

30 1383 38 21 had
78 1383 34 20 the
130 1378 131 29 opportunity
269 1376 73 25 during
351 1376 33 19 the
394 1375 55 25 early

31 1415 55 21 years
108 1408 20 20 ot
149 1404 175 27 self-government
346 1402 22 19 of
391 1401 59 26 doing

30 1435 58 23 much
105 1436 22 18 to
143 1432 90 27 organise
245 1430 37 20 and
292 1429 53 20 form
355 1428 34 20 the
398 1428 51 19 Civil

27 1454 1 29 ;
31 1462 77 21 Service
130 1460 21 20 of
168 1459 35 20 the
217 1458 58 24 Cape,
297 1455 39 20 and
349 1454 56 21 when
428 1454 21 20 in

27 1489 54 21 :1882
97 1487 17 21 it
132 1493 37 14 was
183 1482 122 23 determined
319 1484 20 17 to
357 1481 45 26 give
416 1481 34 20 the

100 1514 34 20 the
147 1512 108 25 advantage
273 1508 21 21 of
308 1508 63 20 direct
384 1514 55 20 repre-

27 1540 105 24 sentation
153 1539 26 27 by
195 1544 24 14 an
242 1533 165 29 Agent-General
428 1533 20 21 in

31 1566 97 29 England,
142 1565 24 21 he
175 1571 39 14 wa
223 1563 26 24 by
266 1567 85 16 common
367 1561 83 20 consent

27 1594 67 23 select
111 1599 20 15 i
141 1591 33 23 the
182 1590 44 22 best
244 1595 44 15 man
297 1587 58 22 fitted
373 1586 32 22 for
415 1587 34 21 tbe

27 1623 53 20 *eit,

583 78 67 19 FIRE
678 78 106 19 EATERS.

504 131 42 20 The
556 131 34 19 fire
600 132 66 18 eaters
676 139 34 12 are
720 134 45 19 who
770 140 46 13 now
823 134 73 20 exhibit-

476 157 36 25 ing
518 158 21 18 in
550 157 83 25 the.hall
643 157 22 19 of
672 158 34 19 the
714 158 93 28 Olympia
817 164 22 15 at
848 160 58 20 Paris

476 183 54 20 excel
545 183 107 25 according
670 184 21 19 to
708 184 30 21 La
757 186 84 24 Nature,
858 193 36 20 any-

476 209 58 25 thing
546 209 21 19 of
576 209 33 19 the
619 209 49 19 kind
675 210 45 20 that
736 212 36 19 has
789 212 50 20 been
859 219 46 14 seen

476 242 28 19 up
520 237 22 18 to
553 235 34 19 the
598 237 88 23 present.
713 238 57 26 They
796 242 38 15 not
859 240 47 24 only

476 261 84 20 swallow
572 261 65 20 flames
656 261 38 20 but
709 263 75 21 handle
803 264 44 25 fire,
866 266 39 19 and

475 294 59 14 cause
551 287 17 19 it
586 290 21 16 to
626 287 50 20 flash
694 289 54 20 from
762 290 54 20 their
825 291 80 25 fingers.

475 313 63 20 These
558 313 36 19 fire
616 315 66 19 eaters
709 322 35 14 are
772 318 40 18 two
837 324 69 19 young

476 339 116 20 Americans
600 339 43 20 who
652 340 49 21 have
705 342 112 20 cultivated
824 343 80 25 physics

475 366 39 20 and
543 365 100 26 elcctriciy
661 367 148 27 considerably.
837 369 66 21 When

475 392 47 26 they
530 391 87 27 perform
628 391 52 21 their
696 395 137 23 experiments
857 396 47 25 they

475 424 32 14 are
514 418 44 20 clad
568 418 22 19 in
599 424 11 13 a
619 418 54 24 tight
688 419 69 27 fitting
772 423 92 19 costume
882 423 22 20 of

475 452 11 12 a
495 444 35 20 red
538 444 74 24 colour,
622 444 63 20 which
695 449 116 22 represents
828 448 45 20 that
882 449 23 20 of

475 470 34 21 the
529 470 81 20 demons
635 470 22 19 of
675 471 54 26 fairy
748 479 75 15 scenes.
862 475 42 20 The

474 499 56 23 stage
540 502 55 19 upon
605 496 63 20 which
677 497 48 25 they
730 505 77 20 appear
815 501 88 20 remains

473 523 38 20 but
529 522 62 25 dimly
606 522 76 25 lighted
701 524 75 26 during
794 527 35 19 the
838 527 65 20 entire

473 549 49 19 time
549 548 22 20 of
609 548 53 20 their
698 557 97 19 presence
811 552 92 22 thereon.

473 576 30 18 At
512 576 36 18 the
558 574 47 21 back
612 576 23 19 of
643 574 18 20 it
670 576 59 21 there
744 578 17 20 is
779 585 12 13 a
807 580 57 23 piece
881 579 22 20 of

473 600 101 21 furniture
582 600 45 21 that
633 602 108 21 resembles
750 611 26 13 an
786 605 58 21 office
853 605 49 21 desk

473 633 45 14 seen
527 626 52 21 from
594 627 34 19 the
637 633 50 19 rear,
701 628 40 21 but
758 637 26 14 no
799 632 64 20 detail
881 633 22 19 of

474 653 41 20 this
534 653 68 26 object
619 653 17 19 is
657 654 176 27 distinguishable.
861 659 45 19 The.

475 680 81 19 demons
570 687 26 18 go
614 679 74 21 behind
703 681 18 20 it
739 684 40 19 and
798 691 54 13 Beem
880 687 22 18 to

473 706 56 19 make
546 707 207 25 some'preparations
781 710 49 20 with
850 711 53 20 their

474 732 70 25 bands,
560 732 38 20 and
617 732 50 20 then
687 733 49 27 they
759 743 57 14 come
835 738 22 19 to
868 737 34 20 the

474 759 56 19 front
539 759 21 19 of
569 758 35 20 the
612 760 56 25 stage
679 760 39 19 and
730 769 58 12 cause
798 769 49 19 very
857 763 44 20 tnin

473 785 36 19 but
518 784 92 20 brilliant
617 785 68 20 flames
700 789 22 17 to
729 788 47 20 dart
785 789 53 20 from
848 789 53 21 their

473 811 78 26 fingers.
579 810 101 27 Bringing
698 812 57 22 these
774 815 70 20 flames
854 823 47 12 near

472 837 52 19 their
543 837 79 19 mouths
640 837 48 26 they
705 845 53 15 seem
777 844 21 17 to
816 842 84 20 swallow

472 863 60 24 them,
546 863 38 19 and
603 863 49 20 then
665 865 116 26 extinguish
790 868 55 20 them
863 868 26 21 be-

472 891 63 17 tween
545 889 53 19 their
605 889 62 20 teeth.
695 891 69 22 When
774 894 49 26 they
840 894 60 21 touch

471 915 45 19 each
534 915 76 20 other's
633 915 62 21 hands
723 926 12 12 a
753 920 103 26 crackling
884 921 16 19 is

472 941 65 25 heard,
546 941 38 19 and
595 942 47 25 long
656 942 67 22 flames
732 945 47 21 dart
794 946 55 21 forth
869 947 32 20 for

471 974 10 12 a
490 967 39 20 few
539 969 84 19 seconds
639 968 52 21 from
711 971 35 21 the
766 972 40 25 tips
817 973 22 19 of
849 973 52 20 their

471 993 80 26 fingers,
561 993 62 21 which
630 995 49 26 they
687 998 144 27 continuously
838 1006 61 13 move.

470 1020 24 19 In
505 1026 11 13 a
525 1019 124 27 subsequent
664 1026 131 23 experiment,
812 1025 88 20 without

471 1046 82 25 putting
567 1047 101 26 anything
696 1049 19 20 in
741 1051 53 19 their
812 1053 87 22 mouths,

471 1072 47 26 they
526 1072 50 20 blow
587 1073 48 20 with
645 1080 77 21 energy
730 1077 42 19 and
786 1084 12 13 a
807 1078 93 20 brilliant

470 1098 56 20 flame
540 1098 66 21 makes
625 1100 27 19 its
671 1103 43 18 exit
737 1103 91 21 between
849 1104 50 20 their

471 1125 42 25 lips.
543 1125 55 26 They
607 1126 58 21 shoot
675 1127 57 21 forth
743 1136 11 12 a
762 1129 32 26 jet
810 1130 23 20 of
842 1131 57 20 flame

469 1150 63 21 which
546 1150 51 21 lasts
606 1152 34 20 for
659 1160 12 13 a
687 1155 139 21 considerable
844 1157 55 20 time.

469 1176 69 21 While
548 1177 57 21 these
624 1178 91 27 singular
729 1181 126 26 phenomena
865 1190 34 13 are

468 1203 95 27 occuring
582 1204 35 20 the
644 1209 114 23 spectators
785 1209 114 26 absolutely

469 1229 56 20 smell
534 1237 26 13 no
572 1231 71 20 odour.
671 1233 22 20 It
711 1233 18 20 is
744 1235 96 25 probable
854 1237 45 19 that

468 1255 35 20 the
509 1256 124 21 combustion
643 1258 17 20 is
668 1258 40 21 due
714 1262 21 18 to
741 1267 12 13 a
760 1268 48 19 very
817 1262 82 20 volatile

468 1289 86 18 essence,
565 1284 39 19 and
614 1284 40 19 this
665 1285 36 20 the
710 1286 38 21 fire
762 1291 66 17 eaters
849 1289 50 19 have

468 1308 98 25 promised
578 1312 21 17 to
605 1311 67 20 reveal
688 1312 56 21 after
762 1320 11 13 a
784 1314 58 27 lapse
856 1316 22 19 of
887 1322 11 13 a

467 1334 75 21 certain
551 1336 53 20 time.

532 1395 20 18 A
565 1393 95 20 SMART
670 1394 140 22 HUSBAND.

503 1441 95 26 Stranger
626 1441 122 29 (midnight)
759 1441 4 29 :
825 1445 72 21 should

468 1467 40 21 like
518 1474 39 19 you
565 1470 21 18 to
595 1474 26 19 go
637 1470 21 18 to
674 1469 112 22 Breakfast
796 1471 63 21 Creek
877 1474 21 18 to

468 1500 32 15 see
510 1500 33 20 my
553 1493 52 21 wife.

493 1521 88 21 Doctor:
655 1521 61 28 right.
745 1523 35 22 I'll
799 1524 26 21 be
837 1525 61 26 ready

467 1554 21 14 as
512 1553 48 15 soon
571 1554 21 14 as
611 1547 11 21 I
632 1554 38 14 can
691 1552 36 23 get
743 1556 33 22 my
800 1551 97 26 carriage.

468 1573 56 23 Wait
534 1573 38 22 and
583 1580 40 21 you
632 1580 37 15 can
680 1576 44 21 ride
734 1577 49 21 with
793 1584 38 15 me.

492 1600 79 22 Doctor
592 1604 48 23 (two
658 1601 62 22 hours
734 1603 61 28 later)
805 1600 3 31 i
861 1610 35 16 can

467 1634 32 14 see
520 1626 85 29 nothing
623 1627 35 22 ihe
677 1632 74 19 matter
770 1631 49 20 with
847 1639 51 19 your

468 1653 45 22 wifo
531 1658 71 23 except
620 1654 46 22 that
686 1656 34 21 she
746 1664 63 15 seems
828 1660 70 25 pretty

468 1682 42 19 mad
519 1683 20 18 at
550 1681 59 27 being
618 1682 69 20 waked

492 1709 110 29 Stranger:
795 1717 101 21 recovery,

467 1735 11 19 I
487 1736 104 24 must-say;
619 1735 75 21 Here's
703 1742 53 21 your
877 1733 5 5 '

493 1761 57 21 Wifo
566 1762 48 24 (five
629 1757 87 26 minute's
736 1764 61 26 later)
807 1757 4 33 :

468 1789 19 19 in
498 1788 88 20 creation
597 1789 33 19 did
640 1796 40 19 you
691 1790 58 26 bring
764 1799 11 12 a
785 1792 73 20 doctor
877 1796 21 16 to

466 1821 33 13 see
507 1821 30 13 me
545 1815 8 19 ?

493 1841 112 31 Husband:
687 1850 44 15 ears
751 1844 37 22 had
811 1846 86 26 stopped

468 1867 92 27 running,
578 1870 40 19 and
638 1869 16 20 it
670 1876 40 15 was
738 1871 87 27 cheaper
848 1873 49 20 than

469 1895 63 26 hiriDg
542 1903 11 13 a

568 1956 138 21 OLDBUT
717 1958 86 20 GOOD.

494 2008 21 21 It
524 2008 17 20 is
550 2008 35 21 the
598 2011 77 18 custom
684 2010 22 20 of
722 2011 45 20 turf
783 2011 113 26 gentlemen

469 2036 20 18 to
498 2036 60 19 settle
567 2036 50 19 their
627 2039 95 18 accounts
732 2044 60 19 every
805 2038 91 26 Monday

468 2062 21 19 at
506 2062 130 20 Tattersall's.
664 2062 34 21 On
716 2070 39 13 ono
778 2065 92 20 occasion
885 2072 11 12 a

469 2087 76 23 backer,
574 2088 26 26 by
616 2095 26 13 an
667 2090 109 26 oversight,
800 2091 46 26 paid
865 2091 30 20 his

466 2113 122 21 bookmaker
598 2121 12 13 a
626 2114 80 26 betting
725 2116 49 20 debt
793 2117 63 20 which
871 2117 26 21 he

467 2139 38 20 had
527 2140 74 21 settled
619 2141 87 25 already.
734 2142 47 21 This
806 2145 39 23 put
862 2144 34 20 the

467 2166 71 21 bookie
547 2167 21 19 in
578 2174 12 12 a
599 2167 75 20 mental
684 2168 27 19 fix
721 2175 23 14 as
761 2171 20 18 to
801 2170 35 20 the
852 2170 45 20 best

466 2199 70 14 course
546 2195 21 18 to
574 2195 55 18 take.
743 2197 11 18 1
770 2198 37 17 rob
827 2198 70 25 myseif

466 2220 40 19 and
620 2220 24 19 he
664 2220 65 26 urged
748 2222 47 19 with
810 2222 86 26 himself,

538 2248 71 18 return
625 2246 34 20 the
677 2253 82 20 money;
778 2255 22 14 or
816 2249 52 20 shall
886 2250 11 19 1

466 2272 50 26 keep
527 2272 16 19 it
551 2272 39 20 and
600 2279 25 19 go
636 2273 61 20 about
708 2274 48 19 with
767 2281 25 14 an
802 2274 95 28 accusing

466 2298 117 21 conscience
642 2300 81 20 Unable
737 2303 20 17 to
776 2301 69 21 decide
863 2302 34 20 the

468 2325 56 26 point
543 2325 24 20 he
588 2325 75 26 sought
679 2326 35 21 the
741 2328 69 20 advice
838 2329 21 20 of
886 2336 11 13 a

468 2352 80 19 brother
567 2352 132 26 professional
718 2353 22 20 f
758 2358 81 22 greater
865 2362 21 13 ex-

468 2378 98 23 perience.
668 2386 41 20 you
718 2380 58 21 twice
792 2388 54 17 over,
863 2382 33 20 did

467 2404 23 20 ho
498 2404 16 20 ?'
525 2405 43 20 said
578 2404 34 21 the
623 2405 68 20 latter.
788 2407 41 21 him
839 2408 33 21 for
881 2408 16 21 it

576 2490 20 20 A
606 2490 95 21 SHARP
708 2491 48 21 'UN.

491 2542 21 19 A
532 2542 38 26 boy
589 2542 21 21 in
630 2544 69 21 search
708 2545 23 20 of
737 2552 11 13 a
756 2545 98 21 situation
865 2554 20 13 en-

466 2569 56 20 tered
532 2576 11 13 a
559 2569 122 25 warehouse,
700 2571 39 20 und
759 2580 40 13 was
815 2576 42 18 met
871 2574 24 26 by

465 2601 38 14 one
512 2596 22 19 of
542 2595 34 20 the
593 2603 50 17 men,
662 2597 43 20 who
724 2598 59 20 asked
800 2600 95 20 different

465 2622 106 25 questions
583 2629 22 14 as
613 2623 54 20 what
677 2624 24 20 he
709 2625 58 20 could
778 2625 32 21 do.

491 2648 28 20 To
535 2648 29 20 all
583 2650 35 19 the
635 2651 105 25 questions
755 2652 24 20 ho
794 2654 101 20 answered

465 2674 47 20 that
527 2674 25 21 he
569 2676 59 19 could
647 2676 24 21 do
691 2678 111 25 anything;
822 2686 22 13 so
863 2680 32 20 the

465 2707 52 19 man,
529 2701 94 27 thinking
635 2702 38 20 him
691 2711 11 12 a
721 2704 32 21 bit
771 2707 33 18 too
823 2706 71 25 clever,

465 2730 45 17 sent
517 2727 40 20 him
565 2730 21 18 to
597 2728 35 21 the
650 2736 102 20 manager,
772 2732 42 20 who
834 2733 60 19 asked

466 2753 38 20 him
524 2754 33 19 tho
572 2755 106 25 questions
694 2758 39 19 and
755 2758 90 21 received
861 2759 34 20 the

466 2787 53 14 same
529 2787 95 14 answers.

599 2808 42 20 said
668 2808 35 21 the
723 2817 103 20 manager,

464 2839 40 20 you
515 2834 33 20 file
559 2834 92 21 smoke?'

491 2860 69 25 "Yes,'
578 2862 102 20 answered
701 2862 33 21 the
753 2864 45 28 boy,
819 2864 23 21 'if
855 2872 40 20 you

465 2886 40 21 will
514 2894 62 13 screw
583 2887 17 20 it
609 2887 21 20 in
642 2888 34 20 the

491 2914 32 20 He
531 2916 34 23 got
575 2914 36 21 the
619 2915 105 21 situation.

504 2970 153 24 SQUARING
668 2972 49 21 HIS
727 2972 104 21 ATIONS.

490 3018 33 20 He
546 3025 41 13 -was
604 3025 12 13 a
644 3020 147 21 mathematical
819 3020 73 26 fellow,

463 3045 38 19 and
513 3045 68 19 withal
592 3052 11 12 a
615 3049 52 17 most
684 3047 134 21 enthusiastic
835 3048 48 19 Free-

464 3078 73 14 mason.
565 3072 42 20 The
626 3073 97 26 marriage
743 3081 40 13 was
807 3077 22 17 to
848 3074 47 20 take

464 3098 56 25 place
530 3105 26 13 on
567 3098 80 27 Friday,
659 3100 37 19 but
704 3100 26 19 he
744 3101 111 25 suggested
873 3103 21 18 to

464 3124 30 20 bis
504 3126 127 24 prospective
641 3126 156 21 mother-in-law
813 3127 48 20 that
878 3127 16 21 it

464 3151 39 19 had
512 3151 67 20 better
590 3151 45 21 take
645 3153 58 25 place
713 3159 26 14 on
749 3153 114 26 Thursday.

490 3177 70 26 'Why
572 3178 25 20 do
603 3185 41 19 you
654 3179 48 20 wish
713 3180 16 19 it
861 3180 33 20 she

464 3203 59 20 atked
534 3205 139 27 BUspicionsly.

603 3231 41 20 enid
670 3232 24 20 hc
696 3246 5 10 ;
775 3233 51 20 have
844 3233 49 21 been

465 3256 81 25 making
553 3264 12 13 a
576 3258 127 25 calculation,
718 3259 40 21 and
776 3260 11 20 1
800 3260 40 20 find
851 3261 44 19 that

465 3290 29 19 mj
515 3283 61 21 silver
595 3285 92 25 wedding
707 3286 40 20 will
764 3294 55 13 come
841 3293 27 14 on
884 3293 12 14 a

465 3310 102 27 Saturday
585 3311 90 25 evening,
692 3313 39 19 and
760 3313 44 20 that
830 3314 63 19 would

465 3342 60 14 never
548 3339 30 22 do,
594 3344 21 12 as
634 3338 44 20 that
692 3339 18 19 1b
729 3339 35 20 the
780 3340 85 25 evening
884 3340 9 20 1

464 3362 51 20 have
525 3364 22 19 to
557 3370 25 19 go
592 3366 21 17 to
623 3371 32 18 my
665 3365 65 25 lodge.

953 84 141 21 PENSIONS
1105 85 56 19 FOR
1173 85 58 20 THE
1245 85 85 21 AGED.

952 135 42 20 The
1004 136 79 21 French
1103 137 139 20 Government
1259 137 20 20 in
1298 137 59 27 April

926 160 39 21 last
994 164 107 24 proposed,
1130 164 41 19 and
1203 163 35 20 the
1270 164 87 25 popular

926 186 109 23 Chambers
1045 190 104 25 accepted,
1159 197 12 12 a
1181 189 78 20 scheme
1268 190 23 19 of
1301 191 56 18 State

926 214 94 23 pensions
1030 217 21 18 to
1062 217 49 25 aged
1128 216 143 26 work-people.
1299 216 23 19 It
1339 216 18 19 iB

925 238 32 21 far
966 240 53 20 from
1026 241 61 27 being
1097 249 12 13 a
1125 242 76 23 perfect
1219 248 96 18 measure,
1334 249 22 12 or

924 271 38 14 one
972 266 67 21 whose
1053 268 55 21 basic
1124 268 46 20 idea
1188 269 17 18 is
1225 268 71 20 sound.
1334 268 21 20 It

924 292 94 24 provides
1024 294 46 19 that
1077 294 95 26 pensions
1180 294 51 20 shall
1238 294 23 20 be
1270 295 83 23 granted

924 319 21 18 to
955 319 102 21 workmen
1068 320 43 20 who
1121 320 50 20 have
1186 327 8 12 f
1197 320 105 20 bscribed
1323 320 32 21 for

924 344 34 20 ten
968 351 59 20 years
1038 349 21 16 to
1070 346 74 20 benefit
1160 346 99 25 societies,
1278 347 77 25 raising

924 369 52 21 their
986 372 108 21 allowance
1103 375 22 17 to
1136 380 12 12 a
1162 372 106 19 maximum
1278 372 23 19 of
1315 374 38 18 365

923 395 79 22 frances
1014 398 71 25 (about
1099 398 42 25 9)
1161 405 13 13 a
1190 405 54 19 year.
1271 398 49 20 Thi
1336 399 17 19 is

923 423 117 21 considered
1058 424 35 21 the
1111 425 120 24 alimentary
1249 424 103 20 minimum

923 448 62 20 below
1007 450 64 20 which
1088 453 16 17 it
1124 451 17 19 is
1163 450 77 20 useless
1255 451 22 18 to
1295 450 58 20 allow

922 475 100 24 pensions.
1049 477 43 19 The
1106 477 103 20 Socialists
1224 475 84 21 resisted
1318 477 34 19 the

923 502 98 25 proposal,
1031 503 134 25 maintaining
1177 502 44 20 that
1235 502 26 19 all
1271 502 68 20 labour-

922 533 31 14 ers
963 534 51 14 were
1023 529 87 20 entitled
1124 532 20 17 to
1160 529 46 24 help
1221 529 21 19 in
1258 528 34 20 old
1308 535 42 19 age,

922 553 37 20 and
970 556 37 18 not
1017 555 76 26 merely
1104 555 50 21 such,
1167 555 104 19 labourers
1281 561 20 13 as
1313 554 36 20 had

922 579 117 21 subscribed
1049 583 22 18 to
1082 581 89 25 friendly
1190 581 90 19 societies
1289 579 4 27 ;
1313 581 38 19 but

923 605 112 26 ultimately
1053 607 49 26 they
1121 614 51 19 gave
1194 613 48 19 way,
1258 603 40 23 and
1317 607 33 19 the

922 632 39 19 Bill
971 638 39 14 was
1026 633 85 20 allowed
1134 636 21 17 to
1165 640 46 19 pass
1233 633 87 19 without
1339 640 11 12 a

916 658 98 26 ,division.
1068 659 42 21 The
1136 660 64 20 credit
1228 659 59 19 voted
1310 666 39 12 was

921 684 90 24 BO,OOO
1018 691 13 13 a
1040 692 54 19 year,
1104 686 39 19 and
1158 685 36 21 the
1204 685 102 20 Socialists
1316 692 34 13 are

921 710 20 19 in
957 710 43 26 glee
1018 713 21 18 at
1059 712 54 19 what
1131 712 49 26 they
1203 712 93 19 consider
1315 712 33 19 the

920 736 108 21 admission
1051 738 22 19 of
1091 738 55 20 their
1164 738 107 26 principle.
1308 738 41 19 The

919 762 108 26 jubilation
1035 764 17 19 is
1061 764 98 26 justified,
1176 764 36 20 but
1223 764 15 19 it
1256 765 55 18 must
1325 764 23 19 bo

920 788 72 27 deeply
1015 789 109 21 chastened
1148 790 26 26 by
1193 790 35 20 the
1246 790 101 19 reflection

919 814 44 21 that
972 816 35 19 the
1012 816 85 24 pension
1104 816 77 21 scheme
1191 816 87 26 adopted
1289 816 16 19 is
1311 816 37 19 but

919 847 10 12 a
939 841 58 20 small
1006 842 118 21 instalment
1144 842 21 20 of
1176 843 50 19 what
1242 842 17 19 is
1273 842 74 26 rightly

919 867 67 24 asked,
1011 865 43 30 viz,
1077 868 36 21 the
1136 868 119 27 pensioning
1277 865 22 22 of
1322 869 24 19 all

920 893 70 20 honest
1000 894 150 21 workersthe
1159 894 88 26 treating
1256 894 22 20 of
1293 894 53 20 them

919 926 22 13 as
951 920 84 20 soldiers
1045 921 44 20 who
1099 921 50 20 bavo
1156 921 67 20 served
1235 920 52 20 their
1295 923 51 17 term

919 946 20 19 in
950 946 33 20 the
993 953 55 18 army
1058 947 22 20 of
1086 947 100 26 industry.
1214 946 42 21 The
1263 947 83 20 London

919 971 104 27 Spectator
1033 973 57 20 holds
1099 973 45 20 that
1160 974 34 19 the
1211 973 97 26 rejoicing
1325 973 22 20 of

919 998 33 20 the
962 999 104 20 Socialists
1073 1000 17 19 is
1096 1003 35 16 out
1139 1000 23 19 of
1170 999 62 26 place,
1242 999 103 20 inasmuch

918 1031 21 13 as
950 1024 33 20 the
993 1026 115 20 concession
1124 1026 18 20 is
1191 1026 67 20 denial
1277 1026 22 19 of
1313 1026 33 19 the

918 1051 103 19 Socialists
1030 1051 105 27 principle,
1146 1054 80 23 agrint
1237 1053 21 19 of
1268 1052 31 20 aid
1310 1055 37 16 not

918 1077 105 26 according
1033 1080 20 17 to
1063 1079 63 19 men's
1136 1079 67 24 needs,
1219 1079 35 19 but
1262 1079 72 19 accord-

917 1103 34 25 ing
961 1105 20 17 to
993 1103 51 21 their
1063 1105 70 19 merits
1144 1105 19 19 in
1175 1105 69 25 saving

918 1130 63 19 There
997 1130 15 20 is
1028 1130 47 20 here
1095 1138 12 12 a
1129 1131 109 19 confusion
1257 1131 88 20 between

918 1156 101 19 Socialism
1030 1157 39 19 and
1077 1157 144 20 Communism.
1247 1158 23 19 It
1284 1158 17 19 is
1311 1157 35 20 the

918 1182 59 20 latter
987 1182 46 20 that
1042 1183 35 20 has
1087 1183 33 20 for
1134 1184 27 19 its

917 1215 45 13 man
977 1209 108 24 according
1106 1212 21 17 to
1147 1209 30 21 his
1304 1210 41 20 The

917 1235 56 20 creed
982 1235 22 19 of
1013 1235 105 20 Socialism
1128 1236 17 20 is
1265 1237 68 20 accord-

917 1261 34 24 ing
961 1263 21 17 to
992 1261 31 19 his

943 1287 57 25 Now,
1012 1291 17 17 it
1043 1289 17 19 is
1074 1289 92 26 palpable
1185 1289 46 21 that
1251 1296 59 19 many
1324 1291 21 19 of

918 1315 34 20 the
962 1315 70 25 people
1042 1315 42 20 who
1094 1315 58 21 make
1165 1322 26 14 no
1202 1317 100 25 provision
1312 1317 33 20 for

917 1342 32 19 old
960 1348 37 18 age
1006 1348 34 13 are
1051 1342 58 20 those
1118 1343 44 19 who
1180 1343 48 19 bavo
1247 1343 96 20 rendered

918 1368 32 19 the
961 1369 45 18 best
1014 1369 75 19 service
1100 1371 20 17 to
1131 1369 33 19 the
1174 1370 65 24 State,
1255 1369 26 26 by
1292 1376 41 13 rear-

917 1395 34 25 ing
968 1394 57 26 large
1049 1394 85 21 families
1160 1396 39 19 and
1224 1396 121 26 supporting

917 1420 54 20 them
981 1420 25 26 by
1014 1420 54 21 their
1075 1428 45 13 own
1128 1421 99 27 industry,
1234 1422 52 20 until
1296 1422 48 26 they

916 1447 79 20 became
1005 1448 111 24 producers
1127 1448 37 20 and
1176 1450 112 24 taxpayers.
1316 1449 28 20 To

916 1474 69 24 ignore
995 1474 35 19 the
1040 1474 70 21 claims
1119 1475 23 20 of
1151 1475 56 20 these
1223 1475 17 20 is
1256 1477 21 18 to
1293 1482 38 13 com-

916 1500 37 20 mit
962 1505 26 14 an
999 1502 32 18 act
1041 1501 22 19 of
1076 1507 60 20 gross
1145 1501 102 27 injustice,
1267 1502 39 20 and
1324 1504 20 18 to

917 1526 59 26 apply
986 1526 34 20 the
1030 1527 54 26 pule,
1183 1528 40 20 him
1233 1528 45 20 that
1296 1528 47 21 hath

917 1552 49 21 shall
977 1552 24 21 be
1117 1554 22 20 It
1148 1554 17 21 is
1181 1554 50 26 well,
1247 1554 96 26 however,

917 1582 19 18 to
947 1579 40 21 find
999 1579 149 22 Governments
1157 1580 125 27 recognising
1294 1582 51 20 their

916 1606 49 27 duty
975 1607 87 20 towards
1072 1607 34 21 the
1115 1612 101 17 worn-out
1226 1608 87 22 workers
1324 1609 18 20 in

916 1639 11 14 a
936 1632 65 22 better
1013 1639 42 21 way
1066 1634 49 21 than
1127 1634 24 27 by
1169 1634 106 28 providing
1291 1635 52 21 them

916 1659 47 21 with
974 1659 35 21 the
1019 1660 44 21 cold
1078 1661 75 20 shelter
1161 1662 22 20 of
1200 1668 11 14 a
1222 1660 121 24 workhouse.

917 1686 24 21 In
966 1686 104 27 Germany
1094 1687 33 21 the
1151 1688 84 26 old-age
1261 1695 82 19 pension

916 1712 77 21 scheme
1002 1714 17 19 is
1036 1714 175 22 subsidised-the
1228 1716 65 25 State,
1311 1717 33 19 the

916 1739 100 27 employer
1027 1739 38 22 and
1076 1741 35 20 tho
1126 1742 101 20 workman
1239 1743 46 20 each
1296 1750 36 19 pay-

916 1768 35 24 ing
961 1774 12 12 a
983 1767 73 27 moiety
1067 1768 89 20 towards
1174 1769 35 20 the
1226 1769 117 20 fundand

915 1793 21 20 in
946 1794 93 24 England
1048 1794 34 20 the
1093 1794 77 21 scheme
1181 1798 53 17 most
1242 1796 21 19 in
1274 1796 69 20 favour

916 1820 42 19 also
967 1821 93 24 proudo
1069 1820 33 20 for
1110 1821 138 20 Government
1254 1823 90 20 addition

917 1850 19 15 to
946 1846 35 19 tho
990 1846 108 27 voluntary
1113 1848 150 21 contributions
1280 1849 21 20 of
1312 1850 34 19 the

918 1872 73 26 thrifty
1001 1874 94 19 workers.
1124 1875 122 26 By-aud-by,
1266 1876 16 19 it
1301 1883 44 19 may

917 1899 23 20 be
959 1899 71 25 hoped,
1049 1900 35 20 tho
1098 1902 101 25 principle
1218 1902 39 19 will
1313 1909 22 14 ex-

917 1926 74 19 tended
1001 1933 22 12 so
1033 1933 21 13 as
1065 1929 21 17 to
1096 1934 70 13 secure
1175 1928 34 19 the
1220 1930 95 24 payment
1325 1929 21 20 of

917 1952 94 25 pensions
1021 1952 52 21 from
1084 1953 35 20 the
1130 1954 143 21 Consolidated
1287 1956 58 19 Eund

916 1980 21 17 to
948 1978 26 20 all
1076 1980 94 25 workers,
1185 1980 52 21 from
1248 1981 98 20 whatever

917 2011 64 18 cause,
1002 2011 31 14 saA
1034 2006 4 27 r
1040 2013 11 12 e
1073 2006 48 26 only
1145 2008 92 24 personal
1253 2008 82 25 improvi-

916 2031 67 24 dence,
994 2031 147 26 drunkenness,
1151 2033 87 21 idleness
1247 2041 23 13 or
1287 2034 47 21 crim-

915 2057 69 25 inalty.

916 2114 178 21 GALLANTRY
1105 2116 37 21 OF
1155 2116 58 21 THE
1228 2117 116 20 BRITISH

1087 2142 86 20 ARMS.

940 2195 20 18 A
969 2195 78 24 gallant
1058 2196 55 24 piece
1122 2197 23 18 of
1155 2198 110 24 soldiering
1275 2199 18 18 is
1307 2199 29 18 dis-

915 2219 68 20 cribed
1000 2220 21 20 in
1046 2220 34 21 the
1104 2222 114 26 studiously
1236 2224 106 20 colourless

915 2245 70 20 official
995 2246 125 28 description
1131 2249 89 20 received
1235 2251 22 18 at
1267 2250 34 21 the
1311 2251 23 20 In-

915 2272 33 20 dia
954 2272 61 21 Office
1023 2274 22 19 of
1049 2274 33 21 the
1089 2274 84 27 holding
1179 2276 21 19 of
1205 2276 79 20 Chitrai
1289 2277 24 25 by
1317 2277 6 20 i
1327 2279 18 18 ts

916 2298 100 21 defender.
1045 2300 46 21 One
1100 2304 96 17 sentence
1209 2302 57 21 alone
1281 2303 64 21 shows

916 2328 21 17 at
946 2326 35 19 the
990 2333 52 14 same
1053 2327 49 20 time
1113 2328 43 20 how
1166 2328 50 20 hard
1231 2335 58 20 every
1307 2337 38 14 one

917 2352 22 19 of
947 2352 33 20 the
990 2352 108 21 defenders
1110 2355 37 19 had
1155 2356 21 18 to
1186 2355 58 25 fight,
1253 2356 38 20 and
1301 2356 43 21 how

917 2378 97 27 modestly
1028 2379 34 20 the
1085 2380 55 21 chief
1162 2382 47 19 tells
1234 2382 29 20 his
1282 2385 61 24 story.

1018 2406 69 25 Agent
1251 2408 53 21 That
1327 2410 17 20 is

916 2431 43 20 how
966 2432 31 19 Dr
1007 2432 110 21 Sobortson
1132 2434 101 21 describes
1252 2435 30 20 his
1300 2443 42 14 own

916 2458 72 20 wound
999 2460 19 18 at
1028 2458 33 21 the
1077 2460 52 21 head
1140 2461 20 19 of
1168 2461 34 20 the
1211 2462 92 25 garrison
1322 2463 20 20 in

917 2483 80 27 making
1006 2491 12 13 a
1035 2486 68 21 sortie.
1138 2488 32 19 On
1189 2488 70 19 March
1278 2490 12 19 3
1309 2489 34 20 the

915 2511 91 26 garrison
1029 2512 96 26 regarded
1143 2513 52 21 their
1216 2514 89 27 position
1320 2523 23 13 as

917 2538 95 25 hopeless,
1035 2539 40 19 and
1095 2540 48 19 then
1162 2540 33 19 for
1218 2548 58 13 seven
1296 2542 47 26 long

916 2565 63 20 weeks
990 2565 47 26 they
1046 2566 121 27 stubbornly
1178 2567 45 20 held
1234 2568 52 19 their
1292 2576 50 13 own.

917 2591 65 21 When
992 2591 35 20 the
1049 2594 136 19 wator-towor
1207 2594 77 20 ou*sido
1308 2595 35 20 the

915 2618 42 20 fort
967 2624 39 14 was
1013 2620 32 18 set
1054 2625 25 13 en
1089 2619 37 20 fire
1135 2620 59 20 three
1204 2620 63 25 times,
1286 2622 57 19 three

914 2644 48 20 time
970 2644 47 26 they
1028 2645 75 20 dashed
1110 2648 37 17 out
1156 2647 39 19 and
1204 2648 137 25 extinguished

914 2671 22 19 it.
965 2671 67 20 When
1043 2671 35 20 the
1088 2672 78 20 natives
1178 2680 54 13 came
1243 2675 34 18 too
1295 2681 48 14 near

914 2697 47 20 with
972 2697 52 20 their
1039 2697 69 24 minos,
1128 2699 59 26 again
1208 2700 46 25 they
1275 2700 65 21 issued

913 2723 39 20 and
967 2723 51 21 blew
1033 2724 54 20 them
1104 2732 27 19 up
1165 2725 63 20 What
1245 2727 58 20 could
1319 2728 24 20 be

914 2756 54 14 more
978 2751 93 25 thrilling
1080 2751 47 20 than
1138 2752 40 19 this
1188 2752 76 20 laconic
1281 2757 50 17 state-

914 2779 60 21 ment,
1088 2777 57 20 made
1155 2784 25 14 an
1191 2779 69 20 attack
1280 2787 25 13 on
1315 2781 26 20 all

913 2803 51 20 sides
974 2803 22 20 of
1011 2803 54 24 fort;
1202 2805 32 20 On
1253 2806 59 26 April
1331 2810 10 17 5

913 2829 35 19 the
957 2836 71 19 enemy
1042 2831 100 25 captured
1153 2838 11 12 a
1182 2832 160 22 summer-house

914 2855 68 21 within
993 2858 26 18 50
1028 2859 61 24 yards
1104 2857 22 19 of
1135 2857 34 20 the
1178 2865 42 19 gun
1240 2860 61 19 tower
1321 2860 21 20 of

913 2883 35 20 the
959 2883 47 19 fort.
1034 2883 79 21 Twelve
1122 2884 48 26 days
1177 2885 52 21 later
1237 2885 34 20 the
1279 2888 52 24 garri-

914 2914 41 19 boi,
964 2916 26 13 no
998 2910 63 19 doubt
1068 2910 78 26 finding
1154 2911 45 20 that
1205 2912 34 20 the
1246 2919 82 15 summer-

914 2937 61 19 house
995 2943 38 13 was
1054 2937 80 26 serving
1153 2944 21 12 as
1194 2946 11 12 a
1228 2945 59 14 cover
1310 2940 31 20 for

913 2962 115 26 operations
1044 2963 62 20 which
1127 2964 66 20 would
1212 2972 49 14 soon
1281 2972 60 19 prove

913 2990 118 23 disastrous,
1046 2989 71 20 sallied
1132 2993 41 22 out,
1193 2993 106 19 recorered
1318 2994 22 23 it,

913 3016 39 20 and
963 3015 50 20 blew
1023 3022 26 19 up
1057 3015 34 21 the
1101 3017 89 26 enemy's
1201 3018 69 20 mines.
1299 3020 43 21 But

914 3042 41 20 this
969 3043 61 19 sortie
1044 3045 44 17 cost
1112 3043 33 20 the
1166 3044 55 20 little
1244 3045 52 21 band
1320 3047 21 20 of

913 3069 105 20 defenders
1036 3069 60 25 dear;
1111 3072 48 24 they
1178 3071 38 19 had
1235 3078 26 14 no
1281 3073 60 20 fewer

914 3096 48 20 than
969 3095 56 25 eight
1033 3095 60 20 killed
1100 3097 38 19 and
1148 3096 87 21 tLirteen
1244 3099 96 21 wounded

913 3123 31 19 Dr
954 3121 113 20 Robertson
1077 3122 81 20 himself
1174 3130 40 13 was
1234 3125 30 19 hit
1284 3126 57 20 while

914 3149 81 25 helping
1006 3149 21 18 to
1037 3149 115 25 extinguish
1163 3149 34 20 the
1204 3151 67 21 flames
1278 3153 62 20 which

913 3175 35 21 the
958 3175 106 19 tribesmen
1076 3175 36 19 had
1133 3177 108 21 succeeded
1251 3178 19 20 in
1280 3177 50 28 ignit-

913 3202 40 25 ing.
995 3201 87 25 Captain
1106 3201 62 21 Baird
1190 3210 39 14 was
1248 3206 91 25 mortally

913 3227 98 21 wounded
1018 3226 40 21 and
1062 3228 45 20 died
1112 3229 40 19 and
1158 3236 37 14 one
1202 3237 10 12 o
1224 3230 35 20 her
1265 3232 76 20 Britiph

914 3254 40 20 and
964 3257 39 17 two
1013 3253 67 21 native
1096 3254 77 22 officers
1184 3256 22 20 of
1225 3257 116 22 distinction

915 3288 52 13 were
977 3280 103 20 wounded.
1122 3282 37 20 All
1177 3283 41 20 this
1242 3284 47 20 timo
1307 3285 34 21 the

916 3307 77 25 fatigue
1003 3307 39 20 and
1056 3313 101 20 exposure
1173 3316 52 14 were
1244 3309 97 28 dreadful,

914 3333 34 20 the
959 3333 47 20 food
1020 3340 40 13 was
1084 3336 71 24 Bcanty
1177 3337 40 19 and
1241 3337 44 26 bad,
1308 3339 34 20 the

915 3360 82 20 medical
1008 3361 65 18 stores
1086 3367 52 13 were
1157 3370 49 12 soon
1224 3364 116 25 exhausted,

913 3386 39 21 and
963 3393 22 13 as
1003 3392 11 13 a
1037 3386 71 20 climax
1133 3389 21 19 to
1169 3389 172 28 discouragement

913 3413 35 20 the
962 3414 91 24 garrison
1072 3419 52 14 seem
1144 3415 22 19 to
1185 3415 49 21 have
1254 3417 87 21 beleived

913 3440 47 20 that
974 3438 90 21 General
1083 3439 85 21 Gholam
1187 3442 70 25 Hyder
1275 3444 67 25 Khan,

913 3467 35 18 tbe
958 3466 91 19 Ameer's
1065 3467 222 23 commander-in-chief
1304 3478 37 13 was

914 3492 121 25 supporting
1046 3491 35 20 the
1088 3499 78 21 enemy.
1194 3495 41 20 The
1244 3495 35 27 joy
1288 3486 53 31 'with

917 3518 62 21 which
1004 3518 83 21 Colonel
1112 3519 80 27 Kelly's
1213 3521 53 21 little
1288 3523 55 21 force

914 3547 54 18 must
978 3544 49 21 have
1041 3544 51 21 been
1110 3546 108 21 welcomed
1234 3551 22 17 at
1266 3548 77 22 Chitrai

914 3578 45 19 may
970 3572 23 19 be
1004 3571 38 20 left
1051 3572 21 18 to
1088 3570 34 21 the
1138 3572 136 27 imagination.
1301 3576 42 20 The

915 3597 65 26 policy
990 3598 23 19 of
1022 3598 34 19 the
1070 3598 116 25 expedition
1202 3600 35 21 has
1247 3602 51 20 from
1308 3602 34 20 the

914 3625 46 19 first
969 3624 51 20 been
1030 3630 52 20 open
1093 3626 21 17 to
1123 3624 70 22 doubt.
1214 3628 42 19 But
1264 3634 29 14 we
1300 3636 42 19 may

915 3651 23 20 be
946 3650 96 20 thankful
1053 3650 45 19 that
1107 3657 22 13 so
1140 3651 67 28 happy
1216 3660 13 13 a
1238 3655 65 19 result
1308 3655 35 19 has

915 3678 49 19 been
975 3676 97 21 snatched
1082 3677 52 20 from
1145 3678 33 20 the
1188 3687 47 19 very
1253 3681 50 25 jaws
1322 3681 21 20 of

915 3703 125 25 misfortune,
1051 3704 39 19 and
1101 3700 46 23 that
1155 3712 28 13 we
1192 3706 48 21 have
1254 3708 87 20 received

914 3737 38 12 one
965 3737 55 12 more
1030 3730 59 25 proof
1100 3730 21 19 of
1129 3730 43 20 how
1183 3732 21 19 in
1214 3740 37 13 our
1267 3734 76 27 EJinpire

913 3756 35 20 the
956 3756 91 21 occasion
1056 3756 73 25 always
1140 3758 53 21 finds
1203 3759 34 20 tho
1253 3767 51 14 man.

1402 89 57 19 THE
1470 89 102 19 SERIAL
1583 87 193 21 PUBLICATION

1402 115 36 20 OF

1402 161 126 20 Somewhere
1541 160 63 19 about
1613 160 35 19 the
1660 160 74 20 middle
1742 160 22 19 of
1774 159 35 20 the

1375 187 62 20 serial
1448 186 123 26 publication
1582 186 21 19 of
1635 186 66 19 David
1721 186 76 25 Copper-

1456 214 115 24 happening
1582 214 20 17 to
1612 211 26 20 be
1648 214 37 17 out
1694 211 23 20 of
1727 212 82 24 writing

1374 245 68 20 paper,
1469 238 90 20 Dickens
1597 237 69 20 sallied
1692 237 56 20 forth
1771 243 38 13 one

1374 266 94 25 morning
1479 270 20 14 to
1510 266 35 24 get
1555 270 11 13 a
1576 263 56 19 fresh
1651 263 75 26 supply
1743 265 22 18 at
1774 262 35 20 the

1374 291 124 20 stationer's.
1527 290 33 19 He
1579 296 39 12 was
1638 288 63 26 living
1720 289 49 19 then
1786 288 21 19 in

1373 317 31 19 his
1414 317 103 19 favourite
1528 315 70 24 haunt,
1614 316 23 18 at
1656 315 53 19 Fort
1727 315 79 22 House,

1372 344 21 18 at
1407 343 136 19 Broadetairs.
1571 343 31 17 As
1618 340 25 20 he
1653 347 40 13 was
1703 341 64 19 about
1785 342 22 16 to

1371 371 59 17 enter
1448 369 34 19 the
1502 366 116 21 stationer's
1635 365 51 26 shop
1705 367 48 19 with
1771 366 34 20 the

1371 395 102 19 intention
1501 393 22 19 of
1553 392 75 26 buying
1660 393 34 18 the
1722 392 83 20 needful

1372 421 82 25 writing
1466 426 70 19 paper,
1549 419 24 21 he
1588 418 59 20 stood
1666 418 56 20 aside
1739 418 35 19 for
1793 424 12 12 a

1371 448 90 18 moment
1470 448 21 18 at
1502 445 34 20 the
1551 444 103 21 threshold
1674 447 21 16 to
1715 444 59 19 allow
1793 449 12 12 a

1371 472 45 26 lady
1426 478 21 14 to
1459 478 46 19 pass
1515 471 21 19 in
1546 471 68 20 before
1624 470 50 19 him.
1702 470 34 20 He
1754 470 50 19 then

1371 500 53 17 went
1433 505 27 12 on
1475 500 22 17 to
1507 497 64 20 relate
1572 496 77 19 with
1660 502 13 13 a
1682 496 53 19 vivid
1746 501 58 14 sense

1369 524 42 19 still
1420 530 56 18 upon
1492 523 39 20 him
1550 522 21 20 of
1591 522 86 25 mingled
1685 521 119 26 enjoyment

1369 550 38 19 and
1418 550 78 25 dismay
1505 550 19 19 in
1536 549 35 19 the
1585 555 54 12 mere
1646 548 156 19 recollection

1369 575 43 20 how
1423 575 35 20 the
1466 577 49 18 next
1522 575 78 20 instant
1611 574 24 19 he
1645 574 38 19 had
1692 572 108 21 overheard

1369 601 39 20 this
1425 604 84 22 strange
1527 600 47 25 lady
1593 599 71 25 asking
1681 600 36 19 the
1727 605 73 20 person

1369 627 73 20 behind
1461 628 35 18 the
1525 628 86 18 counter
1638 626 32 19 for
1697 625 35 20 the
1756 631 45 14 new

1367 660 63 18 green
1441 653 91 20 number.
1560 652 68 20 When
1638 652 16 19 it
1670 658 40 13 was
1721 651 79 20 handed

1367 682 21 16 to
1398 680 43 24 her,
1599 678 43 20 said
1661 678 42 23 she,
1750 677 51 21 have

1367 706 53 19 read.
1449 706 12 19 I
1472 708 53 17 want
1544 705 34 19 the
1692 698 42 26 The
1751 705 49 18 next

1366 738 38 14 one
1424 732 35 20 she
1475 738 40 13 was
1539 731 113 25 thereupon
1670 730 43 20 told
1733 729 66 21 would

1367 758 23 19 be
1409 761 36 17 out
1464 758 25 26 by
1507 757 36 20 the
1562 760 39 17 end
1617 757 23 19 of
1656 756 35 20 the

1498 786 21 18 to
1529 783 39 19 this
1778 783 22 19 be

1365 810 73 25 added,
1450 811 20 19 in
1649 809 96 26 knowing
1764 808 35 20 the

1365 843 89 18 purpose
1471 837 34 19 for
1524 835 64 20 which
1604 835 12 19 I
1635 842 40 13 was
1686 835 64 24 there,
1759 835 40 19 and

1365 863 145 24 remembering
1519 862 46 20 that
1575 864 37 17 not
1621 868 38 14 one
1666 862 56 20 word
1732 861 22 21 of
1764 861 35 20 the

1365 889 97 20 numbers
1473 889 24 19 he
1507 895 39 13 was
1564 888 73 25 asking
1654 888 35 20 for
1707 894 41 14 was
1764 889 36 24 yet

1365 915 87 24 written,
1463 915 33 19 for
1505 915 35 19 the
1551 915 44 19 first
1604 914 38 20 and
1653 914 51 26 only
1718 914 49 20 time
1777 915 20 18 in

1365 948 32 18 my
1405 941 43 25 life,
1461 942 11 19 I
1482 940 183 26 feltfrightened

1515 973 38 13 s...
1559 984 8 2 _
1661 983 29 3 _

1421 993 58 20 THE
1489 992 111 21 WRONG
1609 992 108 21 POWER.

1393 1028 19 19 A
1432 1028 67 26 windy
1515 1030 68 17 orator
1601 1028 20 18 in
1642 1027 34 20 the
1690 1027 108 20 American

1365 1055 135 25 Legislature,
1520 1053 54 21 after
1595 1060 12 13 a
1623 1053 83 27 lengthy
1729 1054 68 23 effort,

1366 1082 85 24 stopped
1461 1081 33 20 for
1505 1088 10 13 a
1525 1080 55 26 glass
1590 1079 22 20 of
1622 1082 69 18 water.

1500 1108 43 19 said
1554 1106 65 25 Blosb,
1684 1113 12 13 a
1706 1106 58 26 point
1776 1106 23 20 of

1390 1160 119 26 Everybody
1520 1159 74 24 Btared,
1612 1159 119 26 wondering
1742 1160 55 20 what

1364 1186 33 20 the
1405 1186 59 25 point
1475 1186 22 21 of
1505 1186 60 20 order
1578 1193 46 13 was.

1479 1213 18 20 is
1505 1215 16 18 it
1560 1213 61 19 asked
1631 1212 34 20 the
1675 1212 92 26 speaker.

1390 1240 25 19 'T
1434 1240 67 23 think,
1583 1239 43 20 said
1642 1239 65 24 Bloss,
1727 1240 36 19 'lt
1779 1239 18 19 is

1362 1268 37 19 out
1408 1266 23 20 of
1440 1267 59 19 order
1508 1266 33 20 for
1549 1273 12 13 a
1570 1265 96 21 windmill
1684 1267 22 19 to
1724 1272 26 19 go
1769 1265 26 26 by

1362 1341 65 20 RISE
1437 1341 33 20 IN
1489 1340 83 20 PRICE
1584 1340 36 20 OF
1630 1340 59 20 KER
1738 1340 41 21 NE

1388 1376 42 20 The
1455 1376 109 26 petroleum
1588 1374 84 25 market,
1696 1381 46 19 says
1761 1375 35 20 the

1364 1402 49 20 New
1422 1402 60 21 York
1497 1402 71 21 World
1579 1401 22 20 of
1620 1402 59 26 April
1695 1402 42 24 9th,
1746 1402 49 20 took

1362 1435 11 14 a
1380 1428 58 27 jump
1449 1428 70 25 which,
1531 1435 12 13 a
1554 1428 62 20 dozen
1635 1435 22 12 or
1671 1435 55 14 more
1735 1435 61 19 years

1362 1462 42 19 ago,
1423 1455 66 21 would
1499 1454 50 21 have
1564 1454 92 26 wrought
1670 1461 12 14 a
1701 1455 58 25 panic
1769 1462 25 13 on

1362 1489 11 13 a
1385 1481 120 22 half-dozen
1519 1480 116 26 exchanges.
1663 1481 58 21 Field
1742 1481 52 21 oil

1362 1508 44 21 that
1416 1515 17 13 is
1444 1508 54 21 fresh
1508 1508 27 21 cil
1548 1507 54 21 from
1613 1506 35 22 the
1658 1508 138 21 wellswent

1364 1541 26 19 up
1401 1536 25 20 10
1446 1538 47 18 oent
1503 1541 36 20 per
1558 1534 72 24 barrel,
1646 1534 39 21 and
1695 1541 36 14 ran
1742 1535 52 20 from

1362 1562 39 21 110
1419 1564 21 19 to
1455 1562 45 21 120.
1529 1560 34 23 Oil
1586 1560 120 22 certificates
1730 1561 64 22 which

1362 1595 33 15 are
1405 1589 116 20 warehouse
1540 1586 88 28 receipts
1642 1587 32 22 for
1689 1588 26 21 oil
1726 1588 67 22 stored

1362 1615 19 21 in
1392 1618 57 24 great
1465 1613 61 23 tanks
1537 1615 22 20 of
1569 1614 33 21 the
1611 1613 49 25 Pipe
1670 1614 58 24 Line,
1741 1618 53 19 went

1413 1642 53 21 from
1490 1642 38 21 110
1552 1644 21 19 to
1591 1642 37 20 130
1652 1640 34 22 bid
1709 1641 87 22 without

1362 1668 94 27 bringing
1465 1672 36 18 out
1511 1674 11 16 a
1533 1668 64 26 single
1604 1668 110 21 certificate
1725 1676 25 13 on
1761 1668 34 21 the

1363 1696 50 20 New
1441 1692 56 25 York
1534 1695 114 21 Petroleum
1681 1696 113 26 Exchange.

1362 1722 42 21 The
1427 1722 71 21 bidder
1521 1722 21 20 in
1565 1721 48 21 each
1629 1729 45 14 case
1698 1729 38 14 was
1761 1722 34 21 the

1363 1749 99 21 Standard
1488 1749 33 20 Oil
1540 1749 109 26 Company,
1674 1748 39 21 and
1732 1755 50 15 some-

1364 1776 57 25 thing
1431 1777 22 19 of
1463 1776 35 20 the
1508 1778 42 18 sort
1560 1775 34 20 has
1614 1776 49 19 been
1682 1776 70 21 looked
1764 1776 32 21 for

1364 1803 24 25 by
1399 1802 110 26 far-seeing
1524 1802 106 19 observers
1641 1802 32 19 for
1683 1809 54 14 some
1748 1805 48 18 tmio

1364 1830 51 24 past.
1443 1829 42 20 The
1504 1828 70 26 simple
1598 1828 41 20 fact
1658 1829 16 19 is
1698 1829 45 20 that
1761 1830 35 20 the

1366 1856 146 26 Pennsylvania
1531 1855 39 20 and
1588 1855 94 25 adjacent
1702 1856 26 20 oil
1739 1856 57 20 fields

1364 1889 35 12 are
1409 1885 35 16 not
1455 1882 88 25 yielding
1557 1879 99 22 sufficient
1665 1882 62 20 crude
1737 1880 27 22 oil
1775 1885 21 18 to

1364 1910 52 19 meet
1427 1908 34 20 the
1481 1908 91 21 demand,
1601 1906 41 21 The
1652 1910 144 24 consumption

1364 1936 16 18 is
1390 1935 63 19 about
1474 1936 84 23 ICO.OOO
1576 1934 77 21 barrels
1664 1941 36 19 per
1710 1935 37 26 day
1755 1936 39 19 and

1364 1961 35 20 the
1409 1961 82 20 outflow
1515 1961 51 19 from
1588 1961 35 19 the
1649 1961 80 25 regular
1750 1962 46 20 field

1364 1987 55 20 wells
1451 1988 17 19 is
1492 1987 51 20 from
1567 1988 84 23 70,0000
1682 1990 21 17 to
1724 1988 73 25 75,000

1365 2014 82 20 barrels.
1475 2013 47 20 This
1540 2014 66 19 leaves
1620 2020 12 13 a
1646 2013 109 27 deficiency
1774 2015 22 19 of

1364 2041 72 22 25,000
1460 2040 75 21 barrels
1565 2047 36 19 per
1623 2040 45 25 day,
1693 2040 63 21 which
1780 2041 16 20 is

1364 2066 69 20 drawn
1444 2066 52 21 from
1507 2067 35 20 the
1559 2066 49 20 tank
1628 2066 81 27 supply,
1729 2074 56 19 repre-

1364 2093 70 20 sented
1456 2093 28 26 by
1502 2093 35 20 the
1550 2093 120 20 certificates
1694 2093 53 21 from
1761 2094 35 19 the

1365 2119 96 26 pipe-line
1482 2119 65 21 tanks.
1581 2119 63 20 These
1667 2119 129 25 certificates,

1364 2145 63 21 which
1451 2152 52 14 were
1526 2145 74 27 quoted
1623 2152 21 14 as
1667 2145 38 21 low
1729 2154 22 13 as
1770 2148 26 19 GO

1364 2174 56 18 cents
1440 2179 12 13 a
1465 2172 40 20 few
1524 2171 80 21 months
1619 2178 43 18 ago,
1677 2172 49 21 have
1745 2174 50 20 been

1364 2198 33 20 bid
1420 2200 22 18 at
1472 2198 71 25 higher
1566 2199 39 19 and
1641 2199 69 25 higher
1733 2202 61 23 rates,

1364 2225 37 20 but
1423 2232 36 14 are
1477 2225 74 26 closely
1565 2224 46 21 held
1630 2225 26 25 by
1672 2225 57 21 those
1750 2227 45 20 who

1364 2251 57 20 know
1441 2251 36 21 tho
1486 2251 66 27 plight
1562 2251 21 20 in
1597 2251 64 21 which
1681 2251 34 21 the
1729 2253 53 20 Stan-

1363 2278 48 20 dard
1435 2278 34 21 Oil
1488 2279 104 25 Company
1606 2278 24 19 is.
1667 2278 47 20 This
1737 2282 58 24 great

1364 2307 53 18 trust
1427 2307 55 18 mut
1492 2304 50 21 have
1552 2305 34 19 the
1595 2304 61 20 crude
1670 2305 26 19 oil
1707 2307 21 19 to
1739 2306 55 20 work

1364 2338 32 18 up,
1408 2332 46 25 and,
1473 2338 22 13 as
1505 2331 17 20 it
1531 2331 83 20 handles
1628 2332 74 23 85,000
1718 2332 76 21 barrels

1362 2360 37 18 out
1420 2357 23 20 of
1467 2357 34 21 the
1523 2357 54 26 daily
1606 2359 142 24 consumption
1773 2359 22 20 of

1363 2385 85 23 100,000
1468 2384 82 25 barrels,
1569 2383 18 22 it
1607 2390 16 14 is
1642 2384 34 20 the
1694 2387 52 19 most
1763 2386 21 20 in-

1362 2411 87 20 terested
1456 2410 71 20 bidder
1538 2411 46 24 and,
1592 2411 20 19 in
1623 2411 75 20 normal
1710 2412 72 20 circum-

1362 2439 86 22 stances,
1481 2437 118 26 practically
1631 2437 86 21 dictates
1759 2439 35 19 the

1362 2463 83 21 market.
1479 2463 22 20 It
1523 2464 89 20 controls
1636 2464 35 20 the
1691 2465 103 26 pipe-lino

1362 2491 99 23 businesp,
1473 2490 39 20 and
1528 2490 40 20 this
1579 2491 53 24 gives
1647 2491 16 19 it
1673 2491 36 20 tho
1726 2498 68 18 power

1362 2519 20 17 to
1402 2517 25 19 fix
1442 2517 66 26 prices
1528 2516 33 21 for
1574 2517 47 20 field
1647 2517 33 21 oil.
1709 2518 29 20 Of
1752 2519 41 19 late

1361 2543 56 20 L'ma
1427 2543 33 23 oil,
1472 2543 34 20 tho
1516 2543 141 20 vile-odoured
1667 2545 51 19 stuff
1729 2545 63 19 which
1807 2541 1 25 '

1361 2576 64 13 conies
1445 2570 53 20 from
1508 2569 34 20 tho
1557 2570 49 20 Ohio
1622 2570 52 24 field,
1691 2571 36 19 has
1742 2578 51 19 gone

1361 2602 26 19 up
1397 2596 51 20 fiom
1459 2597 23 19 15
1493 2598 21 18 to
1524 2598 26 18 (!0
1558 2599 56 17 cents
1625 2603 35 18 por
1670 2597 72 24 barrel,
1754 2598 37 20 and

1361 2623 15 18 is
1388 2622 76 26 finding
1474 2630 11 12 a
1497 2623 76 19 market
1592 2623 20 19 in
1623 2623 35 19 the
1674 2624 86 26 scarcity
1771 2624 22 20 of
1807 2620 1 31 |

1361 2649 149 26 Pennsylvania
1520 2649 34 19 oil.

1448 2705 19 19 A
1482 2705 79 21 GOOD
1575 2706 119 25 REASON.

1387 2740 38 19 Let
1443 2747 31 18 us,
1488 2741 42 19 said
1549 2741 35 20 the
1606 2741 57 24 Boss,
1687 2741 53 21 after
1757 2742 34 21 the

1359 2766 66 19 bottle
1436 2766 38 20 had
1495 2766 64 26 freely
1576 2767 116 24 circulated,
1714 2768 47 20 take
1781 2777 11 12 a

1360 2792 65 20 lesson
1435 2792 52 21 from
1504 2794 39 19 this
1557 2793 45 26 day,
1613 2794 39 20 and
1671 2794 120 21 henceforth

1359 2819 39 19 live
1407 2819 21 20 in
1439 2826 61 17 peace
1509 2820 50 19 with
1568 2820 28 19 all
1606 2827 52 13 men.

1386 2845 12 20 I
1407 2846 25 20 do
1441 2845 4 26 !
1455 2846 42 20 said
1507 2846 46 25 Val,
1570 2846 21 20 in
1610 2854 10 13 a
1631 2846 54 21 voice
1694 2847 98 22 ofer

1359 2872 51 23 deep
1420 2872 121 21 conviction.

1385 2899 48 20 And
1452 2899 33 20 for
1500 2906 12 13 a
1526 2906 46 19 very
1589 2900 51 26 good
1657 2907 77 18 reaeon,
1747 2904 41 23 too,

1358 2925 62 26 quoth
1437 2926 102 25 Agnostic.

1385 2952 55 26 Why
1448 2953 9 20 ?
1467 2953 90 25 snapped
1568 2953 34 20 the
1612 2954 99 20 Punctual
1723 2954 51 21 One.

1385 2978 95 25 Because,
1495 2986 55 12 came
1565 2980 34 19 the
1620 2981 41 19 soft
1671 2981 62 26 reply,
1756 2981 23 20 be-

1358 3011 59 14 cause
1426 3013 41 18 you
1478 3006 57 19 don't
1545 3005 58 21 know
1619 3006 41 21 ho.v
1672 3010 21 17 to
1704 3008 57 25 fight.

1464 3061 37 20 AT
1515 3061 57 19 THE
1585 3062 93 20 PARTY.

1384 3092 55 27 They
1448 3100 51 13 were
1509 3100 9 12 a
1521 3103 7 10 b
1531 3093 49 26 king
1589 3094 41 24 (the
1645 3095 58 20 usual
1723 3095 68 21 idiotic

1358 3118 64 20 Xmas
1432 3120 141 19 conundrums.
1601 3120 43 20 The
1657 3121 75 26 supply
1750 3129 41 13 was

1358 3145 90 26 running
1457 3145 38 21 low
1502 3146 58 19 when
1566 3146 35 20 the
1608 3147 91 26 Chappie
1705 3144 87 30 chipped

1358 3171 20 19 in
1389 3177 21 13 as
1423 3172 106 20 follows

1384 3196 62 27 Why,
1458 3197 26 21 ho
1493 3198 69 24 asked,
1573 3198 17 20 is
1605 3205 37 14 ono
1659 3200 21 19 of
1695 3200 35 20 the
1746 3208 46 13 now

1358 3223 129 21 fashionablo
1510 3231 18 13 01
1532 3224 157 21 mine-trimmed
1711 3226 80 21 cloacks

1359 3249 40 20 like
1409 3257 12 12 a
1430 3250 185 27 newly-appointed
1624 3253 90 20 member
1723 3253 21 20 of
1754 3253 35 20 the

1359 3276 54 19 force
1420 3275 9 20 ?

1385 3302 51 20 Give
1443 3302 17 20 it
1469 3310 28 19 up
1505 3302 4 27 !
1524 3303 48 25 they
1591 3304 27 19 all
1627 3304 59 21 cried.

1385 3328 96 25 Because,
1490 3330 43 19 said
1544 3330 95 26 Chappie,
1651 3331 25 20 its
1690 3332 35 19 the
1732 3332 61 20 latest

1359 3354 53 20 form
1421 3355 22 20 of
1455 3355 92 26 'pelisse'.

1451 3405 84 20 MUCH
1545 3405 57 20 THE
1619 3406 74 21 SAME.

1386 3454 49 21 Last
1442 3463 54 18 year,
1512 3457 34 19 the
1569 3457 61 26 Fairy
1653 3458 50 25 said,
1726 3459 56 21 boast-

1360 3480 58 26 fully,
1429 3482 12 19 I
1451 3485 59 28 spout
1519 3489 33 19 my
1562 3482 110 22 Christmas
1682 3484 22 21 in
1722 3492 13 13 a
1754 3487 39 19 fine

1361 3506 33 20 old
1402 3514 99 19 mansion,
1513 3507 67 23 where
1590 3510 56 20 there
1661 3518 52 13 were
1724 3513 69 25 nearly

1361 3539 12 13 a
1381 3532 94 22 hundred
1484 3537 75 23 guests,
1579 3536 55 25 quite
1644 3537 35 19 tho
1688 3539 105 24 magazine

1361 3558 68 21 articlo
1439 3562 48 24 typo
1494 3561 22 20 of
1528 3561 63 26 placo,
1611 3562 50 20 with
1679 3570 13 13 n
1708 3570 55 14 score
1773 3565 20 19 of

1361 3588 96 18 servants.

1386 3610 44 21 Ah!
1458 3612 12 19 I
1494 3613 65 25 know,
1585 3614 34 19 the
1637 3614 92 21 Loiterer
1748 3617 45 19 said

1360 3636 136 28 significantly
1503 3636 4 31 ;
1517 3640 44 19 I've
1570 3640 51 19 been
1639 3641 57 20 thore
1712 3643 80 24 myself,

1361 3662 46 25 only
1415 3670 29 13 wo
1454 3665 50 20 used
1513 3667 20 18 to
1543 3665 78 20 call'om
1630 3667 88 21 warders
1728 3669 22 19 in
1759 3676 34 19 my

1361 3688 53 20 time.

1906 84 97 20 LOVE'S
2013 85 149 19 SACRIFICE.

1828 138 44 19 Her
1878 135 78 25 limpid,
1961 135 69 26 loving
2039 136 45 26 lips,

1853 163 26 20 In
1889 162 28 19 all
1927 162 51 18 their
1987 169 85 12 crimson
2084 162 134 19 lusciousness

1827 188 64 20 Thrill
1901 194 31 13 me
1941 189 22 17 to
1973 194 33 18 my
2015 188 64 25 finger
2090 188 40 24 tips

1853 214 30 19 At
1895 213 56 25 sight
1961 213 21 19 of
1998 213 53 20 their
2061 214 150 19 deliciousness.

1826 246 28 19 To
1864 251 33 14 see
1904 247 55 17 t.nem
1968 244 55 25 gives
2034 251 31 13 me
2076 244 75 26 pain

1853 271 11 19 I
1875 271 75 20 cannot
1960 276 21 13 to
1992 270 54 19 them
2056 276 56 18 press
2123 275 31 19 my
2165 275 43 12 own

1825 298 56 19 Time
1890 297 36 19 has
1935 296 129 26 passedwe
2074 298 54 17 meet
2138 294 65 25 again.

1852 323 11 19 I
1873 322 26 20 do
1909 325 36 17 not
1951 322 45 20 love
2004 329 44 13 now
2060 322 26 19 all
2097 322 64 19 alone.

1825 357 45 19 Her
1880 356 55 20 heart
1947 357 17 19 is
1975 357 61 22 mine,
2044 354 137 25 nowmine!

1851 383 31 19 No
1892 388 59 14 cause
1962 386 49 16 have
2021 383 11 18 I
2046 382 32 19 for
2090 382 72 24 plaint,

1825 410 131 22 Savesave,
1967 408 37 19 but
2015 409 10 19 I
2035 407 68 26 lesign

1850 435 29 19 To
1901 434 122 20 fateThat
2041 434 90 19 luecious
2155 432 37 20 red
2217 438 37 13 was

1876 460 64 26 paint.

1872 516 56 20 NOT
1937 516 80 20 VERY
2027 515 169 21 OBSERVANT.

1847 569 20 19 A
1877 569 38 25 boy
1928 568 63 20 about
2000 569 71 19 twelve
2080 574 58 20 years
2148 567 32 19 old
2192 567 62 20 called

1816 588 27 28 lat
1851 602 11 13 a
1872 595 51 20 New
1933 595 59 19 York
2002 595 65 24 police
2077 595 76 19 station
2168 595 21 17 to
2211 593 43 26 give

1821 621 65 20 notice
1896 621 46 19 that
1951 621 30 19 his
1991 621 67 19 father
2069 627 41 13 was
2119 619 90 26 missiDg.

1847 648 61 20 After
1926 648 81 25 getting
2034 654 64 17 name,
2128 648 70 21 street,
2215 646 38 19 and

1819 675 91 23 number,
1935 673 36 20 the
1997 675 95 24 sergeant
2118 672 54 27 said:

1819 701 45 25 give
1876 707 31 13 me
1917 707 12 12 a
1938 699 126 25 description
2074 699 23 20 of
2104 705 53 20 your

1905 726 17 20 is
1931 733 12 13 a
2040 726 43 19 said
2095 727 34 18 the
2144 726 45 25 boy.

1889 753 58 19 don't
1956 753 65 20 doubt
2040 752 46 20 that
2095 760 7 16 i
2117 752 39 19 but
2171 752 10 18 I
2199 753 54 17 want

1820 779 30 20 his
1859 785 44 20 age,
1912 778 77 26 height,
1997 779 70 20 colour
2078 779 21 19 of
2105 778 51 24 ba'r,
2173 778 39 19 and
2229 784 21 13 so

1844 831 42 21 The
1897 832 39 26 boy
1944 839 40 12 was
1994 831 77 25 struck,
2081 830 47 24 and,
2140 830 54 20 after
2220 829 33 20 the

1818 860 93 23 sergetsnt
1921 858 39 20 bed
1970 858 68 26 vainly
2058 857 89 25 pumped
2162 856 49 24 him,
2230 856 23 19 be

1818 884 42 19 said
1869 893 5 11 :
1930 885 17 18 is
1956 884 80 21 curious
2048 884 45 19 that
2104 891 10 12 a
2124 884 40 25 boy
2174 883 22 20 of
2203 889 50 17 your

1818 917 36 19 age
1863 911 55 20 can't
1928 912 92 19 describe
2031 911 31 19 his
2072 917 46 13 own

1844 937 65 20 "He's
1916 944 33 18 my
2123 936 76 26 replied
2210 936 2 26 -
2219 936 33 19 the

1818 963 38 20 lad.
1941 964 58 19 know
2020 963 42 20 he's
2086 963 50 19 been
2163 962 89 24 hanging

1817 989 64 20 about
1888 997 38 12 our
1933 989 62 20 house
2001 990 32 19 for
2039 992 41 17 two
2090 995 22 13 or
2123 988 57 20 throe
2187 995 64 18 years,

1818 1016 37 19 but
1862 1016 12 19 I
1884 1023 61 13 never
1958 1016 88 25 thought
2066 1017 21 18 to
2105 1014 48 20 look
2173 1018 21 15 at
2211 1014 39 19 him

1817 1042 64 19 much.
1909 1042 48 20 You
1966 1048 37 14 can
2014 1044 38 23 put
2068 1041 40 19 him
2118 1041 58 20 down
2199 1047 22 13 as
2239 1047 12 13 a

1817 1067 121 22 red-headed
1949 1075 52 18 man,
2016 1068 40 19 and
2065 1068 34 19 I'll
2118 1070 35 23 get
2173 1067 77 20 mother

1817 1096 20 18 to
1849 1094 58 21 writa
1917 1097 36 18 out
1961 1095 35 20 the
2012 1096 50 18 rest.

1841 1165 19 19 A
1874 1171 92 13 measure
1981 1165 109 25 providing
2104 1165 33 19 for
2152 1164 34 20 the
2201 1171 36 19 pay-

1815 1193 55 17 ment
1879 1191 23 20 of
1909 1190 67 27 jurors
1995 1191 37 20 has
2051 1191 102 26 appeared
2171 1197 26 12 on
2215 1191 34 18 the

1815 1217 64 20 Order
1888 1217 74 25 Paper.

1841 1243 104 20 Scientists
1956 1243 64 20 affirm
2027 1243 45 20 that
2081 1243 36 20 red
2124 1243 46 19 hair
2179 1249 70 13 moans

1815 1275 26 14 an
1851 1269 118 20 abundance
1979 1270 22 18 of
2009 1270 45 19 iron
2062 1270 24 19 in
2096 1270 34 19 tho
2140 1269 67 20 blood.

1841 1295 132 25 Philosphers
1988 1296 65 19 notico
2067 1296 16 19 it
2100 1302 22 13 as
2132 1302 12 13 a
2159 1295 90 25 peculiar

1814 1322 41 19 fact
1865 1322 45 19 that
1916 1321 116 20 red-haired
2039 1322 34 19 old
2082 1322 65 19 maids
2157 1328 34 13 are
2200 1328 48 18 very

1814 1355 51 13 rare.

1839 1374 70 21 When
1918 1373 35 20 the
1963 1373 53 20 wind
2027 1376 66 17 exerts
2103 1381 12 12 a
2124 1379 94 20 pressure
2227 1373 21 20 of

1814 1407 37 13 one
1863 1400 70 26 pound
1952 1401 20 18 to
1990 1400 35 19 tho
2044 1406 74 19 squaro
2140 1400 42 19 foot
2196 1400 17 19 it
2230 1399 18 19 is

1816 1426 89 25 blowing
1914 1428 21 17 at
1944 1425 35 20 the
1985 1430 43 15 rate
2038 1427 22 18 of
2077 1426 95 19 fourteen
2189 1425 58 20 miles

1813 1459 26 14 an
1848 1453 58 20 hour.

1839 1479 42 20 The
1890 1481 69 25 report
1966 1479 21 20 of
1997 1478 34 20 the
2041 1485 78 14 cannon
2129 1478 51 20 fired
2189 1478 28 20 off
2227 1478 21 20 in

1813 1505 127 27 Wellington
1949 1512 27 14 on
1983 1505 88 23 Queen's
2090 1505 100 26 Birthday
2206 1511 42 14 was

1812 1532 64 20 heard
1882 1532 28 26 by
1919 1539 61 19 many
1989 1532 72 27 people
2071 1531 21 21 in
2102 1531 115 27 Greytown.

1838 1558 72 21 Prince
1921 1558 78 27 George
2013 1560 21 18 of
2044 1558 74 20 Greece
2136 1557 38 21 Has
2185 1557 62 21 saved

1812 1590 55 15 more
1876 1585 50 20 lives
1936 1587 20 18 at
1966 1588 33 17 tho
2008 1584 43 21 risk
2061 1585 21 20 of
2091 1584 32 20 his
2142 1590 45 15 own
2197 1584 50 21 than

1813 1618 40 20 any
1865 1611 56 21 othet
1933 1612 65 25 Jiving
2013 1611 91 21 member
2121 1610 21 22 of
2160 1616 13 16 a
2190 1611 57 26 royal

1812 1639 69 20 house,

1838 1665 43 20 The
1891 1670 86 21 average
1986 1664 41 22 loss
2037 1664 21 21 of
2074 1664 36 21 life
2124 1664 21 20 in
2156 1663 63 21 mines
2229 1663 17 22 is

1813 1698 36 14 one
1859 1692 22 19 in
1891 1693 37 19 602
1938 1698 89 20 persons.

1839 1718 25 20 In
1875 1718 58 20 Paris
1942 1726 38 13 one
1985 1725 73 20 person
2069 1719 21 19 in
2096 1717 94 28 eighteen
2197 1717 49 21 lives

1813 1753 26 14 on
1848 1745 85 26 charity.

1911 1798 79 20 ONLY
2002 1798 59 20 ONE
2072 1798 60 19 HEN.

1841 1850 19 19 A
1888 1850 128 25 competitive
2043 1850 138 18 examination
2206 1853 39 13 was

1815 1876 60 25 lately
1894 1876 45 19 held
1959 1876 32 19 for
2009 1875 35 21 the
2065 1881 87 20 purpose
2171 1873 21 20 of
2212 1880 23 19 ap-

1815 1902 92 26 pointing
1926 1902 24 19 fit
1961 1908 85 20 persons
2058 1905 22 16 to
2099 1908 55 13 some
2173 1901 21 19 of
2213 1900 34 19 tho

1816 1929 140 19 Government
1966 1928 66 20 offices
2041 1928 21 20 in
2077 1927 66 21 India.
2172 1927 45 19 One
2227 1926 20 19 of

1815 1956 33 19 tho
1867 1955 116 20 candidates
1996 1955 156 25 inadvertontly
2171 1952 76 28 spelled

1815 1981 33 20 the
1856 1981 54 20 woid
1921 1981 76 21 Venice
2011 1981 48 20 with
2074 1984 40 17 two
2133 1980 113 22 n'sthus,

1814 2008 96 20 Vennice.
1938 2008 42 20 The
1986 2008 109 24 examiner,
2103 2014 11 12 a
2123 2007 66 20 clever
2197 2013 50 16 man,

1815 2035 36 19 but
1869 2037 37 17 not
1923 2035 74 25 always
2016 2041 13 13 a
2053 2036 78 18 correct
2156 2032 91 26 speaker,

1815 2061 76 25 sternly
1902 2061 97 26 inquired,
2076 2067 41 20 you
2136 2060 66 22 know,
2213 2065 34 17 sir,

1815 2087 54 20 there
1886 2088 17 19 in
1922 2087 37 20 but
1977 2094 38 14 one
2034 2087 40 20 hen
2101 2087 22 19 in
2143 2086 76 20 Venice
2227 2085 20 18 r"'

1814 2113 125 26 'Thenegg
1950 2115 55 18 must
2012 2114 25 19 be
2044 2120 49 19 very
2101 2119 69 14 scarce
2178 2110 69 24 there,'

1816 2146 37 14 was
1864 2141 36 19 the
1910 2140 64 26 reply.
2001 2140 42 20 The
2050 2140 108 20 candidate
2168 2138 79 26 passed.

1917 2213 39 20 HE
1968 2213 61 20 WAS
2039 2212 91 21 RIGHT.

1839 2265 39 26 Oh,
1897 2266 12 20 I
1928 2266 54 20 can't
1998 2265 52 26 sing,
2061 2264 85 27 pleaded
2158 2271 11 13 a
2179 2270 68 20 young

1813 2300 52 18 man,
1885 2293 44 19 who
1944 2293 118 25 femininely
2087 2291 81 21 wanted
2186 2293 21 17 to
2222 2291 25 20 be

1812 2319 75 21 coaxed
1897 2319 71 21 before
1977 2319 115 26 gratifying
2107 2319 31 19 his
2148 2317 98 20 auditors.

1838 2346 48 25 Tee,
1893 2353 42 19 you
1948 2353 44 13 can.
2021 2345 44 20 I've
2085 2345 61 20 heard
2166 2347 39 17 two
2225 2350 22 13 or

1813 2372 56 21 three
1878 2375 21 17 of
1909 2380 51 19 your
1970 2373 79 20 friends
2060 2378 35 20 say
2106 2378 29 18 so,
2145 2370 101 27 persisted

1812 2406 12 13 a
1843 2401 68 24 pretty
1935 2399 44 26 girl,
1989 2401 21 19 to
2023 2399 64 20 whom
2106 2399 24 19 he
2146 2398 38 19 had
2196 2397 49 20 been

1812 2426 88 25 talking.

1838 2454 38 22 No,
1887 2453 12 18 I
1907 2452 55 21 can't
1972 2453 24 19 he
2006 2452 102 27 repeated,
2127 2450 80 28 getting
2218 2457 26 19 up

1812 2482 21 18 to
1843 2486 24 18 go
1876 2483 20 15 to
1907 2479 34 20 the
1951 2480 66 26 piano.

1838 2507 48 23 Yes,
1906 2513 40 19 you
1965 2513 44 13 can.
2039 2506 32 20 Go
2086 2512 33 19 on,
2136 2512 51 17 now,
2206 2505 38 20 and

1811 2533 51 26 sing,
1874 2533 36 21 she
1920 2533 69 26 urged.

1838 2561 32 19 Ho
1881 2561 42 20 said
1934 2561 24 19 he
1968 2560 58 20 could
2036 2562 37 18 not
2088 2561 39 18 two
2145 2567 23 13 or
2187 2559 58 22 three

1811 2587 57 20 times
1879 2594 61 18 more,
1952 2589 37 18 but
2004 2591 21 16 at
2035 2588 41 18 last
2096 2587 24 19 ho
2139 2594 40 12 was
2199 2594 46 19 per

1811 2614 83 25 suaded,
1914 2615 39 19 and
1973 2615 32 19 for
2022 2620 54 13 some
2097 2614 87 20 mioutes
2211 2613 31 21 his

1810 2641 56 19 voice
1876 2641 141 20 reverberated
2034 2643 53 17 most
2106 2640 138 26 discordantly

1810 2667 90 25 through
1925 2667 35 21 the
1977 2674 63 13 room.
2068 2667 57 19 Then
2147 2667 24 19 ho
2189 2674 56 13 came

1810 2693 50 20 back
1870 2693 83 26 smiling
1964 2697 18 16 to
1992 2693 35 21 the
2037 2700 68 19 young
2112 2693 53 26 lady.

1839 2720 38 24 Ah,
1888 2721 35 19 she
1933 2720 44 20 said
1987 2721 89 25 wearily,
2083 2716 75 24 thanks
2167 2716 3 30 !
2198 2719 46 21 Tou

1811 2753 50 13 were
1870 2747 57 25 quite
1938 2747 55 25 right
2004 2747 62 19 about
2077 2747 34 19 the
2121 2747 87 25 singing.

1837 2773 39 19 His
1890 2773 45 20 face
1951 2773 93 25 clouded,
2069 2773 40 19 and
2137 2773 25 19 ho
2184 2780 61 14 never

1810 2799 62 27 spoke
1882 2801 20 18 to
1913 2800 34 20 her
1956 2800 66 26 again.

1916 2866 19 19 A
1946 2866 96 19 LEGAL
2055 2865 50 20 ACT.

1838 2919 43 20 Not
1900 2918 48 26 long
1967 2925 37 19 ago
2031 2925 26 12 an
2083 2918 67 20 officer
2170 2917 22 20 of
2210 2917 34 19 the

1812 2946 85 20 London
1916 2945 73 20 Schoul
2006 2944 70 20 Board
2096 2952 40 13 was
2155 2944 90 25 crossing

1810 2973 78 20 Covent
1899 2970 80 21 Garden
1991 2970 85 21 Market
2083 2976 21 15 at
2114 2977 9 14 o
2134 2971 41 19 late
2187 2976 56 18 rour,

1809 2999 58 20 when
1879 2998 24 19 he
1913 2998 63 19 fouud
1984 3004 11 13 a
2006 2998 53 19 little
2079 2998 67 19 fellow
2165 2996 79 25 making

1811 3026 29 19 his
1860 3024 39 20 bed
1915 3024 32 20 for
1966 3024 35 21 the
2022 3024 59 26 night
2109 3030 20 14 in
2156 3030 11 13 a
2192 3024 52 19 fruit

1810 3051 79 20 basket.

1937 3084 39 20 you
1987 3080 37 17 not
2031 3077 40 20 like
2081 3083 21 14 to
2113 3085 24 19 go
2148 3079 20 17 to
2177 3076 67 21 school

1809 3106 39 20 and
1866 3104 24 20 be
1911 3104 44 21 well
1975 3104 58 21 cared
2057 3103 52 22 for?'
2127 3104 63 20 asked
2210 3103 34 20 the

1809 3133 77 21 official.

1914 3157 75 27 replied
2000 3158 36 19 the
2046 3158 77 20 urchin.

1903 3186 25 18 do
1939 3191 39 19 you
1987 3184 59 20 know
2062 3186 47 19 that
2128 3184 11 20 I
2158 3191 31 12 am
2207 3190 37 14 one

1811 3213 20 20 of
1838 3213 36 20 the
1884 3213 72 25 people
1977 3213 43 18 who
2039 3218 34 13 are
2089 3210 118 21 authorised
2224 3213 19 16 to

1811 3240 48 20 take
1870 3247 27 18 up
1907 3238 54 19 little
1972 3238 48 26 boys
2041 3238 64 19 whom
2124 3238 11 19 I
2156 3237 40 19 find
2205 3243 21 13 as
2234 3237 11 19 I

1811 3267 42 19 find
1863 3273 46 19 you,
1921 3264 39 20 and
1970 3265 47 19 take
2026 3264 54 21 them
2088 3267 21 17 to
2120 3264 67 19 school

1883 3292 57 20 know
1960 3297 40 19 you
2010 3297 39 18 are,
2066 3290 34 21 old
2110 3291 57 25 clap,
2178 3290 17 19 if
2205 3297 40 18 you

1811 3320 41 19 find
1871 3320 54 19 them
1944 3318 20 19 in
1984 3319 35 18 the
2040 3316 87 26 streets;
2149 3318 36 18 but
2204 3316 40 20 this

1812 3346 47 20 here
1873 3346 18 19 is
1907 3347 36 18 not
1962 3351 11 12 a
1991 3347 69 18 stieet.
2088 3344 22 19 It
2132 3344 18 19 iB
2167 3343 78 26 privata

1817 3375 96 23 property
1922 3369 4 29 ;
1939 3369 40 22 and
1992 3372 16 19 if
2017 3378 41 19 you
2069 3370 111 19 interferes
2196 3370 48 19 with

1812 3406 31 19 my
1855 3398 81 26 liberty,
1946 3397 34 20 the
1990 3398 62 19 Duke
2060 3397 21 20 of
2102 3396 92 21 Bedford
2205 3396 38 19 will

1812 3426 23 19 be
1856 3425 58 20 down
1932 3429 55 21 upon
2006 3431 47 19 you.
2081 3424 11 19 I
2118 3423 70 20 knews
2211 3422 34 20 the

1812 3452 59 20 hacth
1882 3458 22 13 as
1915 3451 43 20 well
1968 3457 21 13 as
1997 3450 60 26 you.''

991 30 58 21 THE
1063 32 60 20 HOT
1138 33 93 20 LAKES
1246 33 173 24 CHRONICLE,
1435 32 193 25 WEDNESDAY,
1657 30 85 23 JULY'
1752 34 21 23 3,
1785 31 57 23 1895,

87 1674 56 22 THE
157 1669 139 27 THIRTEEN
311 1669 77 22 CLUB.

55 1708 43 25 The
106 1710 73 21 annual
188 1709 88 24 banquet
285 1706 20 20 of
313 1705 33 20 the
355 1704 94 20 Thirteen

46 1734 43 28 lub,
99 1736 63 21 Which
171 1741 40 14 was
225 1733 45 21 held
280 1734 19 18 at
309 1732 32 19 the
357 1730 92 20 Holborn

45 1764 112 23 restaurant,
164 1760 48 22 with
219 1760 27 20 all
252 1759 34 20 the
294 1757 58 21 usual
357 1762 92 20 uncanny

15 1784 164 32 Surroundings,
190 1787 30 19 six
229 1792 21 14 or
259 1790 59 15 seven
330 1783 64 20 weeks
404 1789 43 19 ago,

14 1807 101 37 Appears
132 1818 20 16 to
165 1815 50 18 have
232 1813 51 19 been
296 1818 12 12 a
325 1816 53 14 moro
392 1809 58 20 sobor

99 1842 48 20 than
160 1840 25 20 its
195 1838 111 20 immediate
319 1836 130 26 predecessor.

15 1865 80 24 **There
103 1874 40 14 was
153 1873 11 13 a
173 1867 55 24 large
238 1863 121 22 attendance,
375 1860 64 22 includ-

15 1884 52 37 ing
85 1901 12 13 a
105 1893 83 21 number
197 1891 20 20 of
231 1884 4 37 '
246 1888 144 26 distinguished
405 1888 36 19 visi-

16 1918 69 26 tors,'
96 1919 39 21 and
150 1919 33 19 the
192 1916 127 27 proceedings
332 1914 47 20 took
397 1914 54 24 quite

18 1940 12 18 fc
31 1950 28 18 |m
68 1945 114 21 instructive
191 1947 52 16 turn.
270 1942 41 19 Tho
328 1940 123 25 banqueting

18 1964 55 30 Kail
82 1978 40 14 was
131 1970 80 27 prettily
220 1967 102 22 decorated
334 1966 47 21 with
391 1966 48 24 Japa-

16 1996 61 24 nese
96 1997 87 20 lanterns
200 1995 40 20 and
259 1993 72 24 scrolls,
350 1992 101 26 peacocks'

143 2021 117 22 counterfeit
273 2020 143 25 presentments
431 2018 20 18 of

12 2041 78 29 V&lack
99 2051 40 18 cats
148 2048 40 20 and
201 2047 53 23 owls,
265 2046 38 19 and
319 2044 56 20 other
383 2043 68 26 things

16 2077 37 20 *f
61 2076 38 21 evil
117 2081 62 14 omen.
206 2074 79 23 Among
298 2071 34 19 tho
346 2070 58 20 items
417 2070 34 18 the

16 2100 82 25 %uests
106 2100 39 21 had
153 2102 19 17 to
181 2098 109 24 cheerfully
296 2097 82 19 tolerato
387 2095 63 19 under

20 2128 62 21 Their
91 2133 47 19 very
146 2131 57 14 noses
211 2130 51 14 were
271 2122 105 20 miniature
387 2121 62 19 skulls

21 2147 49 30 %uid
78 2153 98 20 skeletons
193 2150 40 20 and
242 2148 115 21 salt-cellars
374 2147 75 26 shaped

19 2176 33 27 %)
60 2178 94 22 resemble
245 2176 37 18 but
291 2175 46 24 they
350 2173 40 20 had
399 2173 50 19 been

19 2203 84 29 |braced
119 2205 31 19 for
158 2204 34 20 tho
207 2201 66 21 ordeal
286 2201 27 25 by
322 2200 33 20 the
365 2226 5 4 _
373 2199 66 26 experi-

21 2229 63 27 ence,
94 2230 63 21 which
165 2236 49 14 none
224 2227 57 21 could
291 2226 56 20 avoid
364 2226 22 20 in
394 2232 43 19 pass-

22 2257 46 27 <sfng
84 2258 50 19 from
151 2256 34 20 the
197 2254 162 26 reception-room
376 2254 20 17 to
414 2252 35 18 tho

22 2288 7 10 f
31 2282 126 26 dining-kall,
165 2282 21 20 of
192 2280 85 25 walking
283 2278 62 20 under
354 2284 13 14 a
373 2277 75 20 ladder.

10 2308 65 29 JtJEhe
91 2309 101 20 President
213 2306 62 20 stated
289 2305 50 30 that_
350 2304 33 20 the
397 2304 52 19 Club

23 2335 85 24 tlxisted
114 2337 20 18 to
143 2336 62 23 stamp
214 2335 34 17 out
256 2330 143 27 superstitions,
409 2330 40 19 and

12 2359 42 23 ':%>
75 2361 49 21 exist
145 2359 95 23 charities,
259 2357 39 20 and
321 2357 25 20 ho
367 2356 82 26 pointed

31 2387 84 28 proudly
125 2389 19 17 to
157 2386 54 20 three
219 2384 110 26 gentlemen
343 2384 104 24 present-

31 2415 35 21 Mr
82 2413 73 25 Joseph
164 2412 81 23 Hatton,
256 2410 31 20 Sir
299 2410 25 19 A.
338 2409 54 20 Dent
409 2408 40 20 and

30 2439 35 23 Mr
81 2439 74 25 Candy,
169 2437 91 22 G-Cto
273 2435 85 20 indicate
367 2435 33 19 tho
418 2435 20 19 in-

30 2464 92 24 fluential
138 2465 80 25 support
240 2464 16 19 it
277 2461 94 20 received.
405 2460 43 20 The

27 2492 103 28 honorary
147 2491 99 23 Secretary
258 2487 91 27 supplied
370 2487 78 20 further

28 2519 108 23 testimony
145 2516 61 21 under
222 2515 33 20 the
265 2520 52 14 same
330 2513 58 20 head.
414 2512 34 21 He

23 2537 57 27 Sad
88 2551 13 12 a
109 2544 56 19 letter
181 2542 51 20 from
240 2541 101 20 Professor
358 2539 88 26 Huxley,

25 2569 28 28 jfo
63 2570 62 20 which
143 2569 33 20 the
185 2568 75 20 famous
273 2568 70 18 savant
351 2565 61 20 asked
428 2569 20 16 to

26 2589 33 26 *Se
68 2595 80 21 allowed
157 2597 19 17 to
183 2600 66 14 assure
257 2593 34 19 the
296 2592 103 19 President
408 2592 39 19 and

10 2613 4 31 .
26 2613 121 29 Committee
157 2622 19 19 of
191 2621 30 18 his
232 2613 3 31 '
245 2620 69 24 hearty
327 2618 106 25 sympathy
442 2613 4 31 '

28 2648 54 21 rith
91 2648 50 19 their
155 2652 127 20 programme.
308 2645 42 19 Tho
364 2644 50 21 Eev.
423 2645 23 19 E.

30 2665 23 35 j.
59 2674 21 19 C.
88 2674 97 23 'Welldim,
193 2672 130 19 head-master
329 2671 20 19 of
356 2671 90 24 Harrow,

32 2702 70 19 irrote:
118 2699 20 20 'I
146 2698 117 26 sympathise
273 2697 48 20 with
330 2696 33 20 the
372 2696 75 26 objects

28 2725 27 28 jpf
63 2733 49 18 your
127 2725 50 20 club.
204 2723 128 27 Superstition
345 2723 36 19 has
397 2723 50 20 been

31 2751 36 21 file
76 2752 49 20 bane
136 2752 19 19 of
164 2751 72 19 human
245 2749 47 20 life.'
319 2748 32 20 Ho
365 2754 46 19 was,
422 2749 25 20 he

29 2778 113 27 Jipntinued,
151 2776 120 21 accustomed
286 2777 19 17 to
315 2774 56 20 make
388 2782 11 12 a
409 2775 28 20 dis-

10 2815 6 7 .-
26 2805 88 20 miction
130 2804 87 19 between
231 2801 134 27 superstitions
382 2802 65 20 which

26 2836 57 23 Jgere
91 2830 45 25 only
145 2829 105 24 irrational,
258 2827 37 21 and
305 2827 141 26 superstitions,

30 2855 43 22 like
90 2857 33 19 the
132 2855 96 26 objection
242 2857 19 17 to
277 2854 88 24 thirteen,
382 2855 65 19 which

31 2883 66 24 jnight
105 2883 24 19 be
139 2882 42 19 said
190 2883 19 17 to
218 2881 49 19 have
277 2886 51 13 some
337 2879 79 21 historic
425 2888 22 12 or

27 2908 122 25 .intelligible
158 2908 69 24 origin.
255 2905 4 28 '
268 2906 40 19 The
317 2905 57 20 latter
383 2906 63 25 have,'

19 2928 48 28 'ifie
88 2935 57 19 letter
163 2933 68 23 added,
248 2934 39 17 'no
306 2932 66 24 doubt,
393 2940 53 12 moro

12 2953 106 33 tenacity
127 2960 38 20 and
174 2959 34 20 lifo
217 2959 48 20 than
274 2958 33 19 tho
323 2958 77 24 former,
410 2959 37 20 but

12 2984 38 22 78
56 2986 17 20 is
82 2993 13 13 a
112 2986 50 26 good
171 2986 52 19 work
232 2987 20 18 to
266 2990 70 20 expose
352 2985 33 19 the
398 2986 49 24 folly

30 3013 24 23 fit
60 3012 62 20 both.'
148 3012 45 19 Two
201 3012 55 19 other
265 3011 66 18 letters
336 3017 50 13 were
393 3012 53 19 read.

30 3037 44 27 one
83 3045 40 14 was
132 3038 49 19 from
191 3038 30 19 Sir
229 3037 74 19 Robert
320 3036 56 24 Eeid,
386 3038 60 24 M.P.,

32 3064 35 40 ?ie
84 3063 192 26 Attorney-General,
287 3063 43 19 who
345 3066 59 17 wrote
415 3071 30 12 :

47 3090 42 21 The
108 3090 73 26 objects
195 3090 20 19 of
232 3095 48 19 your
294 3088 44 20 club
350 3089 50 20 have
414 3097 33 19 my

31 3116 75 23 sincere
116 3115 108 27 sympathy,
235 3115 43 24 and,
289 3114 16 21 if
313 3121 33 19 my
355 3122 80 20 arrange-

30 3145 65 23 ments
103 3143 40 18 had
160 3142 108 26 permitted,
282 3141 83 26 nothing
382 3143 65 19 would

10 3163 1 30 .
17 3163 65 29 i;five
90 3168 87 21 afforded
182 3175 31 12 me
221 3170 75 23 greater
303 3167 89 26 pleasure
399 3168 48 21 than

11 3199 44 24 'f
61 3201 50 14 nave
121 3194 57 20 dined
196 3194 48 19 with
252 3194 33 19 the
294 3194 101 20 President
409 3196 38 19 and

31 3221 98 23 members
147 3220 20 20 of
176 3220 33 20 the
222 3220 92 19 Thirteen
327 3220 63 20 Club.'
417 3221 30 20 Sir

31 3246 68 23 Jimes
108 3248 78 22 Linton,
201 3246 98 25 president
308 3246 20 19 of
343 3246 33 20 the
385 3247 63 26 Eoyal

11 3273 114 22 **Bistitiite
135 3273 21 19 of
168 3272 90 20 Painters
267 3273 19 18 in
296 3272 150 26 Watercolours,

11 3295 81 33 Hjj&ote
100 3299 44 20 that
152 3299 25 20 he
184 3299 119 25 thoroughly
313 3299 93 19 endorsed
415 3300 33 20 tho

31 3332 124 21 programmo
173 3324 21 20 of
207 3324 33 20 the
256 3325 51 19 club.
334 3325 114 26 Altogether

32 3358 35 15 Hie
84 3354 106 24 promoters
204 3358 73 19 appear
287 3353 19 17 to
315 3351 50 19 have
380 3359 43 13 won
437 3360 11 12 a

12 3373 71 34 yJSfeod
100 3378 44 20 deal
160 3378 19 19 of
193 3377 105 26 sympathy
316 3377 37 19 and
367 3381 81 23 support

30 3398 51 26 Som
91 3405 110 25 gentlemen
210 3404 44 19 who
263 3405 64 24 might
340 3404 49 19 havo
399 3405 48 20 been

31 3430 94 26 expected
134 3433 19 17 to
163 3430 70 25 regard
244 3430 33 19 tho
285 3430 133 25 organisation
426 3438 21 13 as

127 3455 134 26 questionable
270 3456 53 25 joke.

24 3500 67 35 |HMr
113 3506 52 22 John
188 3506 89 27 Murray,
296 3506 33 21 the
350 3507 97 21 faeetiou

125 3534 33 20 for
167 3532 156 26 Warrcambool,
334 3534 41 20 who
385 3537 62 17 want

31 3557 27 24 sjr
65 3560 65 19 obtain
140 3560 32 20 tbe
181 3561 113 19 totalitor
303 3560 31 20 for
352 3561 94 25 Victoria,

31 3585 47 22 iTsns
89 3586 61 25 began
160 3586 29 19 his
199 3587 67 25 speech
282 3594 24 12 or.
317 3588 33 19 the
360 3589 86 19 Address

31 3610 22 23 &
59 3612 63 26 Beply
130 3610 4 28 :
138 3610 29 28 '
174 3613 31 18 He
212 3620 37 12 was
259 3614 98 24 surprised
368 3615 44 20 that
421 3622 25 13 no

31 3637 82 22 fifasion
124 3645 38 12 wa
172 3639 52 19 made
230 3639 20 19 in
259 3639 34 20 the
301 3641 73 24 Speech
383 3643 21 18 to
414 3641 33 20 the

19 3661 43 33 'IS
63 3672 10 13 B
123 3671 37 13 one

24 3685 117 33 Jfiistrfllio,
160 3690 37 19 had
215 3691 100 20 identified
330 3693 77 20 himself
416 3694 32 20 for

24 3714 39 29 pB
85 3723 58 19 years
160 3716 46 19 with
228 3717 32 20 the
284 3721 88 25 country.
407 3720 40 21 The

30 3743 87 26 fcguish
127 3742 45 20 that
181 3750 38 12 was
228 3743 37 20 felt
272 3745 53 19 when
335 3746 24 19 ho
369 3748 77 19 severed

24 3772 40 24 'Wf
85 3769 117 20 connection
233 3770 45 19 with
301 3771 86 22 Victoria
410 3781 37 12 was

20 3796 57 23 _3BII
94 3796 78 23 known,
192 3795 38 19 and
252 3796 23 19 he
289 3798 56 19 could
367 3806 38 19 pay
423 3807 24 12 an

31 3822 71 22 jinest
115 3822 75 19 tribute
200 3824 19 17 to
230 3822 29 19 his
268 3823 88 27 bravery,
367 3826 38 19 and
415 3826 33 19 the

30 3849 112 27 gtandness
152 3848 21 19 of
192 3848 33 19 the
241 3855 56 19 many
306 3852 89 23 qualities
404 3853 44 18 that

30 3873 146 28 distinguished
187 3874 39 20 him
239 3875 59 19 above
316 3876 63 21 others
390 3878 19 19 of
419 3878 29 19 his

23 3920 7 7 v
30 3906 51 17 flfce.
109 3902 32 19 He
158 3901 78 19 alluded
251 3902 21 18 to
290 3901 32 19 the
335 3903 113 25 illustrious,

20 3923 45 26 He
82 3927 151 27 incomparable,
252 3927 33 19 the
303 3930 145 25 unvanquished

21 3948 101 27 Krbine.
165 3954 75 25 (Great
264 3953 105 26 laughter.)
409 3957 40 20 The

29 3982 131 25 importunity
169 3980 63 25 might
246 3980 48 19 have
306 3980 47 20 been
364 3982 57 20 taken
429 3984 21 19 of

31 4007 32 21 his
70 4007 43 21 safe
124 4007 94 19 arrivabn
228 4006 91 25 England
330 4007 20 19 of
360 4008 90 27 recalling

30 4033 88 24 J)nncan
128 4033 72 20 Gillies
210 4033 37 19 and
256 4033 116 26 appointing
381 4033 39 21 him
430 4043 20 12 as

32 4059 171 26 Agent-General.
245 4059 108 26 (Kenewed
384 4059 65 27 laugh-

490 3407 20 19 A
539 3406 91 25 singular
664 3408 61 19 death
758 3409 96 20 occurred
873 3410 22 19 at

466 3432 87 27 Chorley
563 3433 98 26 recently.
689 3433 107 22 Catherine
808 3436 83 26 Clough

464 3466 84 19 ayoung
557 3460 199 27 weaverruptureda
767 3462 127 20 bloodvessel

465 3486 87 26 through
560 3493 11 12 a
581 3486 76 20 seizure
667 3486 22 20 of
706 3488 77 19 sudden
799 3488 95 21 sickness.

464 3512 39 20 She
519 3512 88 21 vomited
634 3519 12 13 a
662 3514 96 20 corroded
781 3514 111 27 halfpenny

466 3538 61 20 which
538 3539 36 20 she
584 3539 113 21 swallowed
708 3546 10 14 e
720 3538 4 29 :
726 3540 38 26 ght
772 3547 58 20 years
851 3547 43 20 ago.

464 3564 42 20 The
523 3566 44 20 coin
585 3565 38 20 had
642 3568 36 18 not
704 3566 90 21 hitherto
821 3567 61 21 incon-

464 3592 107 22 venieLced
581 3591 40 23 her.

490 3625 42 20 The
562 3626 127 26 /r';hbishop
715 3626 22 21 of
765 3626 128 27 Canterbury

465 3654 62 18 states
542 3652 44 20 that;
601 3653 35 20 the
654 3652 118 22 authorities
788 3654 106 26 providing

465 3679 128 25 compulsory
617 3679 79 22 Becular
722 3680 109 20 education
859 3687 35 14 are

465 3705 66 20 bound
543 3708 20 17 to
571 3706 81 24 provide
661 3706 94 25 religious
765 3707 128 25 instruofcion,

466 3733 82 25 parents
568 3732 58 25 being
645 3732 82 20 allowed
739 3735 22 17 to
777 3732 74 22 choose
860 3734 34 20 the

463 3758 84 26 religion
557 3759 21 20 in
590 3759 60 20 which
666 3758 53 21 their
735 3759 90 20 children
843 3760 49 21 shall

466 3786 23 19 be
495 3786 88 25 brought
593 3793 33 18 up.
654 3786 33 19 He
697 3786 88 19 declares
796 3786 45 20 that
861 3787 33 20 the

466 3812 115 24 prevalence
586 3812 21 19 of
612 3812 89 26 juvenile
706 3813 60 18 crime
772 3814 122 24 emphasises

466 3838 33 19 the
508 3838 101 24 necessity
628 3838 33 19 for
680 3838 94 27 religious
794 3840 100 25 teaching.

488 3880 119 19 Hullcnstein
630 3881 59 21 Bros.,
706 3881 99 22 Clothiers,
823 3882 71 19 Tailors

465 3904 37 17 and
510 3905 99 20 outfitters,
619 3905 33 16 220
661 3904 37 17 nnd
704 3906 39 19 225,
754 3906 63 18 Queen
827 3906 66 21 Street,

465 3927 104 18 Auckland.
595 3927 38 17 The
652 3929 49 16 most
717 3928 76 18 reliable
805 3928 58 18 house
875 3930 20 17 in

465 3951 32 17 the
505 3951 88 22 province
609 3950 29 18 for
646 3951 72 23 variety
733 3951 37 18 and
779 3951 54 18 value
842 3953 19 16 in
870 3953 25 17 all

466 3974 132 22 departments.
623 3974 87 18 Patterns
718 3975 39 17 and
765 3975 25 17 all
804 3975 79 19 informa-

466 3997 40 17 tion
522 3997 86 23 supplied
619 3998 21 17 to
659 3999 81 22 couutry
752 3999 102 17 customers
871 4005 24 12 on

466 4020 118 23 application.
610 4021 32 17 Mr
656 4021 67 22 Jaggs,
734 4022 42 17 who
792 4023 103 22 supervises

466 4043 31 17 the
511 4043 96 23 Tailoring
618 4044 125 22 Department
755 4045 15 17 is
784 4050 35 13 one
828 4046 21 16 of
864 4046 32 18 the

467 4068 48 16 most
535 4067 75 18 reliablo
630 4068 70 17 cutters
724 4068 20 17 in
764 4068 31 18 the
815 4068 79 24 Colony,

467 4089 46 20 N.Z.
518 4089 90 25 Clothing
610 4090 86 25 Factory,
701 4090 193 23 Auckland.Adyt.

932 3817 34 16 The
978 3817 78 16 Customs
1063 3819 68 15 returns
1142 3825 51 14 ijrove
1200 3820 65 20 beyond
1276 3824 59 15 contra

914 3837 61 16 diction
990 3838 39 14 that
1040 3838 68 19 Nelson,
1117 3840 57 15 Moato
1187 3841 33 15 and
1230 3841 39 16 Co's
1277 3842 32 16 fine
1316 3844 28 15 tea

914 3861 27 12 aro
956 3856 50 21 being
1020 3859 108 18 appreciated
1142 3859 22 19 by
1175 3860 29 15 tlio
1212 3860 85 21 majority,
1318 3862 26 16 for

914 3876 17 16 in
946 3876 41 19 spite
999 3876 19 16 of
1029 3877 29 15 the
1065 3883 90 11 numerous
1168 3880 45 15 firms
1224 3880 17 15 in
1249 3885 50 15 overy
1306 3886 28 14 pai
1338 3882 6 17 t

914 3895 17 16 in
938 3895 28 16 the
979 3896 78 16 Colonies
1065 3897 38 16 that
1118 3903 29 10 are
1165 3899 72 19 copying
1251 3900 51 20 tbem,
1318 3902 26 14 the

913 3916 80 14 turnover
1006 3916 14 14 is
1028 3921 18 10 as
1054 3916 46 20 large
1112 3922 19 10 as
1138 3922 45 15 07cr,
1197 3919 34 15 and
1241 3919 28 15 the
1276 3920 69 15 demand

913 3939 18 10 so
949 3935 47 18 great
1008 3935 38 16 that
1059 3935 41 20 they
1114 3937 31 15 soil
1155 3943 46 10 more
1210 3938 67 20 Indian,
1290 3939 55 21 Ceyon

914 3953 33 15 and
968 3954 70 16 blended
1056 3956 36 15 teas
1109 3956 43 16 than
1169 3957 27 15 the
1216 3958 53 15 whole
1284 3959 18 14 of
1316 3961 7 14 t
1333 3960 11 14 h

935 3975 50 17 iports
1001 3975 34 14 and
1049 3974 65 17 dealers
1136 3977 32 19 put
1190 3977 78 19 together
1280 3977 16 16 in
1314 3979 31 15 last

914 3994 68 18 quarter
988 3993 19 15 of
1014 3994 28 15 tho
1053 3994 71 19 Colony.

935 4019 210 17 RHEUMATISM.Dr
1155 4021 20 16 E.
1183 4021 83 17 Gordon's
1279 4023 66 20 remdey

914 4042 59 12 never
988 4042 50 11 fails
1053 4039 17 15 in
1088 4041 116 19 permanently
1218 4042 59 19 curing
1288 4043 45 16 Rhue-

914 4057 71 20 matisu?,
997 4058 91 20 Lumbago,
1101 4060 80 20 Sciatica,
1192 4061 52 19 Gout,
1256 4063 39 18 etc.,
1312 4063 33 16 and

914 4078 83 16 onobottle
1005 4078 52 19 gives,
1064 4079 54 16 relief.
1138 4080 54 20 Price,
1201 4081 32 18 10s,
1239 4082 39 18 post
1284 4082 41 17 froe.

915 4097 89 17 Wlahion
1015 4097 97 19 P.OBoi
1124 4100 35 16 234.
1164 4100 80 16 Dnadinu

1387 3758 25 19 In
1431 3759 82 27 Sydney
1526 3760 89 25 reoently
1638 3768 11 13 a
1664 3765 86 20 number
1770 3768 22 19 of

1361 3784 113 26 gentlemen
1484 3786 110 20 interested
1603 3788 19 18 in
1634 3788 57 27 dairy
1702 3794 90 22 pursuits

1361 3811 96 20 attended
1476 3815 21 16 at
1514 3813 33 18 tho
1566 3813 62 19 Fresh
1644 3815 54 21 Food
1710 3819 39 19 and
1759 3820 35 19 Ice

1362 3838 119 26 Company's
1491 3839 60 23 yards
1568 3841 19 17 to
1602 3840 81 21 witness
1693 3850 12 12 a
1715 3845 46 19 trial
1773 3846 21 19 of

1362 3863 33 19 the
1419 3864 112 21 Brookside
1550 3867 71 23 patent
1647 3867 75 23 milker.
1752 3871 42 21 The

1362 3892 72 21 patent
1466 3892 17 18 is
1516 3891 34 19 Mr
1578 3891 111 27 "Withell's,
1714 3897 40 20 and
1778 3898 16 20 is

1362 3917 96 23 operated
1468 3923 27 13 on
1505 3917 33 19 the
1549 3923 85 14 vacuum
1644 3920 98 27 principle
1759 3925 35 19 the

1363 3948 93 18 pressure
1470 3943 61 25 being
1550 3942 76 21 limited
1645 3947 22 18 to
1681 3939 68 29 about'
1760 3951 35 19 the

1362 3968 80 20 suction
1463 3975 67 19 power
1548 3969 23 20 of
1580 3976 11 12 a
1608 3970 45 20 calf.
1682 3973 68 22 When
1761 3977 34 19 the

1364 3994 48 19 milk
1432 4001 68 14 ceases
1522 3997 21 18 to
1559 3995 43 20 flow
1627 3996 34 21 the
1675 4001 79 20 suction
1778 4003 17 19 is

1362 4021 153 25 automatically
1529 4024 37 17 cut
1583 4022 35 19 off.
1655 4024 41 21 The
1715 4034 80 18 process

1362 4053 37 13 can
1409 4046 25 20 bit
1442 4046 82 27 applied
1537 4047 65 20 either
1611 4050 22 18 to
1653 4057 38 14 one
1702 4059 40 14 cow
1752 4062 23 12 or
1785 4062 10 13 a

1363 4079 55 13 score
1441 4080 24 13 or
1488 4080 60 13 more.
1576 4074 42 21 The
1630 4076 49 21 trial
1703 4086 39 14 was
1766 4088 20 13 re-

1362 4099 76 25 garded
1449 4106 12 15 a
1471 4106 86 15 success.

1907 3549 22 34 j.
1963 3545 26 27 R.
2020 3543 125 34 COWAN,

1869 3593 120 20 Barrister
2004 3589 49 22 and
2066 3587 123 23 Solicitor,

1972 3624 107 20 itCTORUA..

1811 3679 49 24 May
1871 3677 25 20 be
1908 3677 105 20 consulted
2025 3677 23 18 a*;
2053 3674 115 21 Falloona's
2176 3672 67 19 Hotel.

1883 3777 33 40 <J.
1933 3777 37 39 T.
1984 3776 189 44 Henshavj,

1823 3838 143 29 GENERAL
2001 3834 243 35 STOREKEEPER,

1909 3886 54 23 THE
1987 3886 161 22 BUNGALOW.

1812 3931 189 22 KAKAEAMEA,
2027 3928 130 22 GALATEA
2187 3927 58 20 AND

1860 3957 174 22 WAI-O-TATU
2048 3954 148 21 JUNCTION.

1814 4038 83 21 Horse
1931 4036 56 22 feed
2027 4035 50 22 and
2106 4032 140 23 Luncheon

1961 4062 137 25 provided.

605 4188 127 56 Ask
757 4188 94 53 for
885 4189 328 57 Hanecok's
1240 4190 341 57 Celebrated
1611 4203 209 49 XXXX
1866 4190 143 55 Ales
2036 4188 118 51 and
2180 4188 199 52 Stout.

2300 85 116 21 Visitors
2425 86 28 20 to
2463 85 47 20 the
2525 84 53 20 Hot
2590 84 89 20 Lakes.

2463 136 58 19 THE

2322 160 157 36 Palace
2515 160 143 46 Hotel,

2275 205 93 20 Situated
2395 206 20 19 in
2439 206 35 18 the
2495 207 50 19 New
2572 207 136 19 Government

2275 231 108 25 Township
2399 231 21 18 in
2437 231 52 19 close
2508 232 108 25 proximity
2634 234 21 17 to
2674 231 34 19 the

2275 256 68 20 Baths.
2364 256 134 19 Sanatorium.
2521 258 49 18 Post
2588 258 60 19 Office
2667 256 40 20 and

2275 282 92 24 Railway
2378 281 85 20 Station.

2300 333 42 19 The
2352 332 64 19 Hotel
2426 332 17 19 is
2458 332 127 26 luxuriously
2602 332 107 21 furnished

2275 358 39 19 and
2323 359 78 24 replete
2408 358 48 18 with
2467 364 59 19 every
2536 360 131 18 convenience
2677 360 32 18 for

2274 385 83 18 tourists
2366 384 42 18 and
2423 384 74 18 others.
2526 384 19 18 It
2563 385 116 19 commands
2697 391 12 12 a

2274 409 92 25 splendid
2376 410 51 18 view
2434 409 22 19 of
2465 409 35 19 the
2510 409 55 19 Lake
2575 411 40 18 and
2624 411 17 17 is
2651 410 45 19 with-

2274 435 21 18 in
2304 441 49 19 easy
2362 441 66 13 access
2437 435 23 19 of
2468 434 35 19 the
2513 435 75 24 Geyser
2595 435 86 25 Springs
2688 435 21 19 of

2275 460 193 20 Whakarewarewa
2477 461 40 19 and
2528 461 27 19 all
2568 461 34 19 the
2613 461 65 24 sights
2688 461 21 19 of

2274 486 34 19 the
2318 487 85 19 district.

2286 512 34 20 All
2329 513 110 25 telegrams
2448 513 102 25 promptly
2562 512 96 20 attended
2667 514 28 18 to.

2355 566 77 34 John
2460 565 163 33 Johnston,

2345 685 148 20 OKOIA

2558 684 48 47 y
2622 685 43 19 ie

2278 784 226 32 BOARDING
2540 785 125 32 HOUS

2272 894 130 21 Opposite
2420 898 50 15 the
2489 894 65 21 E?osii
2563 898 52 15 ahd
2625 894 73 21 ele

2489 922 96 19 Oppigb

2270 952 47 20 And
2331 960 50 14 near
2399 954 35 20 the
2457 954 121 20 Celebrated
2603 953 101 21 PRIEST

2322 986 115 20 EACHEL
2447 987 41 19 and
2494 987 57 19 other
2559 987 98 24 BATHS,

2419 1018 138 20 EOTORUA.

2293 1070 121 36 MRS
2440 1070 215 43 YOUNG,

2507 1117 143 25 Proprietress.

2387 1143 71 19 Terms
2473 1142 110 20 Moderate.

2271 1217 273 46 PHOENIX
2566 1218 136 45 RVE

2373 1264 222 44 OFFICE.

2267 1367 80 21 Losses
2371 1368 56 19 Paid
2561 1368 112 25 20,000,
2673 1368 29 25 cm

2266 1420 169 21 FibePeemium
2445 1420 98 20 Exceeds
2587 1422 30 24 1,5
2627 1420 17 27 ).
2656 1426 46 21 ;q^

2265 1473 163 21 Accumulated
2476 1472 73 21 Fctkds

2265 1500 89 21 Exceed
2577 1501 30 20 1

2265 1552 23 24 W,
2305 1552 59 24 WARD
2373 1552 72 26 BAKER,

2304 1579 71 23 District
2383 1579 82 26 Manager,

2362 1604 93 25 Auckland,

2517 1551 17 23 W
2549 1552 12 23 A
2573 1553 53 25 WILL

2545 1577 49 25 Local

2574 1606 70 24 Rotorua-

2473 1733 211 43 -M.-SIMON.-

2463 1776 61 28 (Late
2534 1777 21 18 of
2565 1775 136 27 Melbourne.)

2491 1811 98 27 Practical
2600 1811 72 28 Tailor.

2463 1846 125 28 Clothes
2610 1847 91 28 made

2480 1882 33 24 to
2534 1878 85 27 order
2644 1888 39 19 on

2516 1911 139 29 shortest

2526 1946 111 27 notice.

2476 2080 56 25 Stylo
2542 2079 40 20 and
2592 2079 33 21 Fit
2635 2082 34 18 not
2681 2083 20 17 to

2462 2106 26 20 bo
2500 2105 94 26 equalled
2606 2107 21 19 in
2641 2109 59 18 town.

2415 2159 12 12 ?
2463 2148 96 21 AddkE
2613 2148 56 21 Next
2681 2152 20 17 tc

2463 2175 92 26 Larkirs,
2570 2175 130 22 Ohinexnniu.

2429 2239 24 26 [a
2467 2239 71 26 caed.]

2288 2284 17 20 n
2359 2286 28 21 O
2444 2284 161 23 OAMS
2630 2287 70 27 ON,

2298 2357 100 21 BAKER
2409 2359 16 20 &
2436 2357 229 23 CONFECTIONER.

2294 2421 71 20 Goods
2376 2421 104 20 delivered
2495 2420 54 26 daily
2565 2422 20 19 in
2606 2422 94 21 Rotorua

2291 2491 80 26 Butter,
2380 2493 54 26 Eggs
2442 2493 38 20 and
2489 2493 89 21 General
2584 2494 113 20 Groceries.

2310 2556 40 44 A,
2370 2557 31 40 &
2426 2557 36 40 G.
2482 2557 166 49 BROOK,

2265 2609 87 27 Boot
2362 2611 67 25 and
2445 2611 91 25 Shoe
2549 2611 148 26 Makers.

2342 2648 79 19 Fenton
2432 2647 71 23 Street,
2519 2646 98 22 Rotorua.

2262 2673 47 20 And
2331 2676 21 17 at
2380 2674 83 19 Parnoll
2490 2674 39 19 and
2557 2674 138 22 Newmarket.

2263 2752 87 25 Foreign
2361 2752 40 20 and
2411 2752 92 19 Colonial
2512 2752 62 19 Boots
2584 2753 39 19 and
2634 2754 63 19 Shoes

2328 2781 21 16 to
2359 2778 72 19 chooso
2441 2778 52 19 from
2503 2781 21 16 at
2533 2778 35 19 the
2580 2782 52 16 most

2328 2853 94 20 Football
2432 2853 58 19 boots
2500 2860 12 12 a
2519 2853 110 26 speciality.

2262 2885 34 20 All
2314 2886 69 19 orders
2402 2885 41 20 and
2460 2885 76 25 repairs
2546 2886 148 26 expeditiously

2431 2912 102 18 executed.

2291 2970 49 49 G
2342 2968 34 21 EO
2380 2968 75 47 'M
2470 2967 17 20 C
2501 2968 51 47 A
2554 2967 92 22 ULEY

2264 3029 116 22 Plumber
2395 3032 16 18 &
2437 3028 101 22 General
2557 3028 133 25 Mechanic

2367 3061 114 20 Tutanekai
2520 3061 70 20 Street.

2332 3097 298 28 ROTORUA.

2265 3168 155 37 Roturua
2441 3168 255 48 SawmiiiCoy.

2268 3244 58 22 TT7
2334 3243 70 19 HITE
2414 3243 60 19 AND
2483 3242 57 20 BED
2555 3243 69 20 PINE
2634 3244 21 20 of
2664 3244 34 20 the

2280 3276 10 15 T
2298 3264 19 27 V
2343 3271 59 18 finest
2412 3269 79 25 quality
2501 3270 40 19 and
2550 3270 98 25 carefully
2658 3273 38 17 cut.

2264 3340 93 23 ITlatni,
2385 3339 122 19 Piilintcn
2536 3339 52 17 mid
2613 3340 83 18 Tnwn

2263 3362 130 21 Shingles,
2405 3361 118 25 Palings,
2535 3361 95 18 Illuclis
2643 3363 53 17 ami

2265 3384 80 19 l*osls,

2289 3422 18 19 A
2317 3422 53 26 good
2383 3422 40 19 and
2439 3422 88 19 assorted
2539 3422 72 25 supply
2622 3423 75 25 always

2263 3455 25 12 on
2298 3448 56 20 hand
2364 3451 21 16 at
2395 3448 34 19 the
2436 3448 83 19 Timber
2528 3448 62 19 Yard.

2396 3473 172 20 ROTORUA.

2263 3521 195 27 N-B.Special
2477 3526 59 17 care
2563 3523 82 21 taken
2669 3523 28 21 in

2369 3549 47 21 the
2443 3548 144 25 seasoning.

2293 3601 83 40 Prices
2398 3602 25 38 at
2459 3600 104 40 Current
2577 3600 86 41 Rates.

2263 3671 28 26 W.
2306 3670 123 30 HE3SHAW,

2597 3669 97 31 Manager.

2314 3726 121 51 B,S.
2467 3725 39 48 C
2517 3725 152 21 OELETI
2680 3725 4 52 '

2374 3780 19 19 A
2400 3779 20 20 R
2427 3779 16 19 C
2450 3779 34 19 HI
2492 3779 16 19 T
2516 3779 17 19 E
2540 3778 16 20 C
2563 3778 22 20 T.

2351 3806 102 25 Building
2461 3805 101 26 Surveyor
2571 3806 35 18 &c.

2263 3841 71 23 Agent
2343 3839 32 19 for
2383 3838 35 19 the
2427 3836 100 21 National
2537 3836 47 19 Fire
2594 3836 40 19 and
2644 3836 40 19 Mar-

2263 3866 32 19 ino
2306 3866 112 18 Insurance
2425 3863 35 20 Co.

2327 3946 37 43 J.
2401 3942 232 49 LARKIN,

2277 4017 408 33 BOOTMHKeR,

2327 4073 321 65 ROTORUA.

2851 85 68 20 BROS
2938 89 16 18 ft
2973 87 183 24 YK/ILLIAMS

2792 143 115 28 Steam
2932 148 155 27 Sawmill

2726 182 154 21 MA.RA.EROA
2920 186 111 23 OTDBOA
3071 189 85 20 BUSH.

2751 215 44 23 Beg
2804 216 21 16 to
2834 221 12 12 a
2856 215 63 20 solicit
2933 223 12 12 a
2954 218 59 19 share
3027 220 21 19 of
3061 221 69 24 public

2884 244 117 23 patronage.

2726 285 109 20 Theimu
2844 286 82 20 Timber
2935 288 20 18 in
2965 289 40 18 this
3020 289 56 20 Bush
3090 292 17 19 is
3119 293 35 18 tha

2805 311 69 20 Finest
2883 313 21 18 in
2918 313 50 19 New
2982 314 96 20 Zealand.

2715 362 4 30 |
2726 362 43 18 The
2778 364 122 23 proprietors
2910 371 35 12 are
2954 366 98 24 prepared
3066 369 20 16 to
3097 374 59 18 guar.

2752 391 59 15 autee
2821 388 34 19 the
2864 389 79 27 quality
2952 392 40 17 and
3002 392 34 19 the
3046 392 87 20 linishof

2780 413 33 19 the
2822 414 69 19 timh&i
2903 416 93 25 supplied
3003 417 28 25 by
3046 418 60 20 them.

2776 465 73 22 Gothic
2859 466 81 22 Pickets
2955 468 12 21 a
2985 468 122 23 speciality.

2727 511 93 26 Delivery
2830 519 21 13 as
2859 512 88 20 directed
2954 514 21 18 in
2994 517 59 22 town,
3073 518 83 24 country

2870 545 22 13 or
2901 541 21 17 at
2931 539 82 21 station.

2801 583 81 22 LOWEST
2904 585 95 22 CURRENT
3014 586 68 22 RATES.

2778 623 87 21 Address

2831 651 32 19 W.
2874 651 24 19 A.
2910 652 145 21 WILLIAMS

2990 679 140 20 ROTORUA.

2767 732 27 27 J.
2813 734 50 27 W.
2884 735 215 36 WRIGrLEY,
3134 722 18 49 fc

2740 788 19 24 A
2802 790 17 18 R
2847 791 15 19 C
2889 792 21 19 II
2936 793 13 19 I
2982 794 16 19 T
3030 795 18 19 E
3081 795 15 21 0
3130 797 22 24 T,

2866 843 136 22 ROTORUA.
3076 864 5 3 .

2750 877 70 24 Agent
2834 877 31 19 for
2877 878 33 20 the
2930 879 64 20 South
3014 881 79 20 British
3102 883 47 20 Firo

2724 903 16 19 &
2752 903 80 20 Marine
2841 904 111 21 Insurance
2963 907 109 26 Company.

2790 962 209 35 Established
3021 979 59 20 1876.

2787 1128 94 38 John
2916 1131 38 38 J.
2977 1133 104 47 Keys,
3109 1126 33 8 ~

2724 1186 125 31 Builder
2879 1188 58 26 and
2964 1189 186 28 Contractor]

2791 1240 293 31 K-OTOJRXJ^I.

2721 1301 109 22 Estimates
2848 1303 57 25 given
2921 1305 33 19 for
2964 1306 113 27 Buildings,
3089 1308 51 20 alter-

2740 1328 76 21 tations
2826 1331 37 18 and
2874 1331 76 24 repairs
2960 1333 20 18 in
2991 1333 26 19 all
3028 1333 96 21 branches

2877 1357 21 19 of
2909 1357 34 20 the
2951 1359 63 20 trade.

2749 1387 100 26 Painting,
2861 1388 161 28 Paperliauging,
3037 1392 40 19 and
3093 1393 47 20 Glar-

2721 1413 41 26 ing,
2773 1413 101 21 Venet-au
2885 1416 17 19 &
2913 1416 57 19 other
2984 1417 22 18 Bl
3016 1418 37 19 nds
3063 1421 21 17 to
3094 1420 58 20 order

2735 1447 22 12 or
2773 1441 113 25 re-painted
2901 1442 39 19 and
2950 1444 99 26 re-.aped.

2721 1470 57 21 Good
2788 1471 66 20 stock*
2869 1472 20 20 of
2903 1472 88 23 Funeral
3004 1475 129 27 Rsquisites.

2766 1527 136 21 FUNEKAL
2924 1529 171 22 FUKXIaUEIt.
3135 1522 17 29 I

2817 1613 38 28 H,

2722 1659 129 31 Saddler
2862 1665 18 24 &
2895 1661 134 32 Harness
3044 1664 108 31 Maker,

2770 1707 94 22 (Nextkto
2872 1707 92 21 Larkin's
2978 1708 51 20 Boot
3043 1708 66 24 Shop.)
3138 1713 14 20 J

2844 1743 186 24 0111NEMUTU.

2744 1783 90 26 Saddles,
2845 1785 86 25 Bridles,
2940 1787 84 24 Collars,
3033 1789 32 19 &o.
3076 1788 49 23 kept
3132 1788 20 21 iu

2721 1811 68 21 Stock.

2782 1848 34 20 All
2827 1848 130 26 descriptious
2968 1851 21 19 of
3000 1851 81 21 harness
3114 1848 3 29 j

2854 1879 56 16 made
2921 1879 19 16 to
2951 1877 64 21 order.

2774 1917 82 27 Repairs
2867 1919 51 20 done
2933 1920 48 19 with
2992 1921 102 26 despatch.

2720 1955 56 26 Style
2786 1956 39 19 and
2841 1956 155 27 Workmanship
3011 1959 133 24 guaranteed.

2719 2025 190 38 JECKLIN
2911 2061 9 13 =
2925 2027 27 31 &
2971 2028 133 34 OTTER

2787 2089 113 21 FAMILY
2928 2091 156 27 BUTCHERS,

2799 2132 73 20 Arawa
2886 2132 72 26 Street,
2974 2133 98 28 Rotorua,

2746 2173 59 23 Hale
2816 2176 21 19 to
2848 2175 63 21 thauk
2926 2176 35 21 the
2972 2176 69 27 pablie
3055 2178 22 19 of
3087 2178 51 20 Roto-

2721 2208 36 13 rua
2767 2202 32 19 for
2806 2204 45 23 past
2863 2203 66 19 favors
2943 2204 40 19 and
3003 2204 37 26 bog
3058 2208 19 16 to
3095 2207 54 18 Btato

2720 2228 48 27 they
2779 2228 40 20 will
2830 2229 94 21 continue
2933 2233 21 17 to
2962 2231 58 19 merit
3029 2234 85 23 support
3123 2232 26 26 by

2721 2255 106 25 providing
2845 2255 35 20 the
2901 2256 43 20 best
2964 2257 78 26 quality
3058 2258 22 19 of
3095 2263 52 15 meat

2785 2292 32 28 At
2842 2293 107 29 lowest
2975 2298 106 32 prices.

2735 2368 201 29 BOTOHUA
2978 2371 152 35 HOTEL,

2797 2403 78 25 Facing
2893 2404 57 20 Lake
2970 2404 101 23 Rotorua.

2780 2451 137 21 NATURAL
2933 2453 58 20 HOT
3006 2454 78 20 BATH

2717 2477 96 21 attached
2824 2481 19 17 to
2855 2478 33 20 the
2899 2479 63 21 house
2969 2480 45 21 free
3025 2483 21 19 to
3063 2481 87 22 visitors.

2718 2523 90 22 Phaeton
2820 2524 49 27 kept
2880 2524 32 21 for
2921 2533 35 13 use
2966 2527 22 19 of
3008 2528 94 24 touristsi
3111 2529 40 20 and

2889 2551 94 22 invalids.

2743 2604 78 21 Terms:
2824 2606 48 18 Gs
2883 2611 34 19 per
2928 2606 44 26 day,
2984 2614 23 13 or
3016 2608 39 20 35s
3066 2615 11 12 a
3088 2608 62 21 week.

2896 2654 20 18 J.
2932 2655 163 26 FALLOONA,

2995 2683 124 25 Proprietor.

2775 2728 29 41 H.
2832 2730 39 40 W.
2894 2730 193 48 NEIGHBOUR,

2715 2789 430 51 Tailor&jjjHabit-Maker,

2717 2850 50 25 (For
2778 2851 24 18 25
2814 2857 56 19 years
2881 2850 20 19 in
2914 2851 33 19 the
2962 2851 62 21 West
3044 2852 45 20 Eud
3105 2853 22 20 o?

2882 2877 104 26 London.)

2787 2909 298 29 ROTORUA..

2816 2944 44 19 Has
2870 2944 74 26 always
2955 2952 26 13 on
2990 2946 55 19 hand

2739 2976 62 18 Ilest
2822 2975 107 23 English
2957 2978 94 18 .Scotch
3072 2977 52 19 mid

2803 2998 119 18 Colonial
2943 2999 118 18 Tweeds.

2738 3027 70 22 Style
2821 3026 53 17 and
2888 3026 43 18 Fit
2951 3027 175 22 guaranteed.

2719 3057 95 17 I.<a<licM
2833 3056 114 18 Jackets
2971 3057 53 17 and
3046 3057 96 22 Hiding

2794 3079 95 16 llnoit.'*
2899 3083 15 12 a
2924 3079 139 23 speciality

2719 3112 30 18 All
2757 3112 45 18 suits
2811 3111 52 19 made
2871 3114 20 16 to
2898 3112 54 18 order
2959 3114 21 17 at
2983 3112 98 20 Auckland
3090 3112 55 25 prictg

2764 3159 163 37 Rotopua
2942 3160 160 44 Library.

2718 3220 112 49 OPEN
2847 3221 52 20 from
2910 3222 25 19 10
2947 3229 44 12 a.m.
3001 3224 21 17 to
3032 3224 12 17 5
3051 3228 46 20 p.m.
3108 3221 39 20 and

2778 3249 12 18 6
2797 3250 26 18 30
2832 3251 19 16 to
2863 3249 23 18 10
2895 3255 14 19 p.
2917 3255 23 12 in.
2952 3249 93 24 Sundays
3054 3248 30 19 till
3093 3250 54 24 9p.m

2717 3279 193 23 Subscription:
2921 3280 50 17 2s
2985 3285 48 17 per
3045 3283 98 14 annum

2743 3311 87 20 Visitors
2850 3318 43 17 may
2912 3318 85 19 procure
3012 3310 67 19 Books
3095 3310 53 20 from

2717 3339 33 19 the
2767 3339 86 24 Library
2871 3344 24 13 on
2913 3337 81 25 making
3011 3344 11 12 a
3036 3337 80 24 deposit
3126 3337 21 19 of

2717 3366 35 18 not
2768 3365 39 19 less
2826 3364 48 19 than
2892 3365 27 19 ss,
2938 3364 39 18 and
2993 3363 121 26 purchasing
3121 3364 25 19 Is

2715 3397 80 20 Coupon
2806 3391 31 19 for
2846 3397 60 18 every
2917 3391 55 17 Four
2982 3389 70 19 books.

2742 3424 41 19 The
2802 3423 86 23 Library
2907 3422 16 19 is
2947 3428 52 19 open
3023 3422 71 24 during
3113 3422 34 19 the

2715 3450 91 25 evening.

2715 3507 240 42 STEELE
2991 3507 153 40 Bros.

2752 3591 106 37 Maaa
2889 3590 171 38 Sawmill.

2717 3647 116 40 DESIRE
2856 3649 22 17 to
2889 3648 67 19 thank
2973 3648 36 18 the
3027 3648 67 21 public
3116 3647 31 17 for

2777 3671 46 20 past
2833 3669 74 20 favorSi
2920 3671 40 17 and
2968 3670 38 21 beg
3013 3671 23 16 to
3044 3673 103 15 announce

2715 3692 47 17 that
2785 3692 75 21 having
2871 3697 12 12 a
2898 3692 55 21 large
2976 3692 58 17 stock
3047 3691 22 18 of
3091 3689 45 18 well-

2715 3714 98 18 seasoned
2836 3713 104 18 first-class
2961 3713 75 17 timber
3054 3716 26 14 on
3095 3710 53 19 hand

2715 3735 51 21 they
2789 3740 33 13 are
2841 3735 97 21 prepared
2950 3735 23 18 to
2985 3734 52 18 fulfil
3046 3733 69 18 orders
3126 3733 23 16 at

2715 3756 87 19 reduced
2814 3758 60 16 rates.

2767 3791 103 42 ~~iw,
2893 3789 170 46 SSsSeS
3077 3788 19 3 ~

2848 3840 168 19 FRUITERER.

2808 3871 100 21 Saddler's
2922 3871 56 25 shop,
2990 3870 127 20 Ohinomutu,

2717 3907 45 20 Has
2777 3906 73 24 always
2865 3912 12 12 a
2893 3905 50 24 good
2959 3904 73 25 supply
3047 3903 22 19 of
3084 3899 59 21 Fresh

2770 3932 64 24 Fruit,
2854 3931 50 19 hoth
2922 3930 51 19 local
2995 3929 40 20 and
3057 3929 24 19 im-

2822 3957 71 26 ported
2928 3963 26 12 on
2989 3955 55 20 hand

2883 3982 93 19 Also

2837 4009 19 19 A
2877 4007 153 21 wellassorted

2769 4036 58 20 st-.ck
2839 4036 21 18 of
2869 4034 92 25 Biscuits,
2969 4032 113 21 Confection-

2718 4070 34 19 ery
2762 4063 40 20 and
2813 4063 92 18 Summer
2916 4060 76 19 Drinks
3002 4061 20 17 at
3032 4057 112 20 Moderate

2903 4092 68 13 piuces
