3260 4290
66 94 71 23 SOME
166 91 103 21 COSTLY
301 91 186 21 SHIPWRECKS.

89 148 26 19 In
124 147 34 18 tho
167 145 55 25 early
238 145 49 24 clays
297 145 21 19 of
328 143 165 25 extraordinarily

64 175 47 23 long
133 177 93 20 voyages,
250 171 77 25 clumsy
343 171 61 24 ships,
428 169 40 19 and
482 175 11 13 a

64 198 117 26 navigation
196 197 98 19 rendered
311 201 35 15 not
357 204 12 12 a
381 195 51 19 little
442 195 41 18 inse-

64 231 46 14 cure
120 225 26 24 by
154 223 34 19 the
196 223 98 19 blunders
300 230 22 12 or
330 223 33 19 the
370 221 123 26 conjectures

64 252 20 18 of
93 251 35 19 the
137 249 153 24 chart-makers,
303 256 30 12 wo
342 248 72 18 should
423 250 69 20 expect

63 280 20 17 to
90 278 53 18 meet
153 275 49 20 with
211 282 12 12 a
241 277 56 23 great
307 274 83 19 number
400 272 21 19 of
431 272 62 24 costly

64 303 100 19 disasters,
184 301 36 19 the
228 307 55 13 more
301 298 129 28 particularly
439 298 53 18 since

63 330 16 18 it
97 335 41 13 was
161 328 34 19 tho
218 329 76 17 custom
308 329 19 16 to
344 324 80 19 commit
445 325 21 17 to
480 329 12 13 a

63 355 65 25 single
146 354 49 19 hold
208 354 35 18 tho
261 355 89 16 treasure
363 350 44 19 that
426 349 66 20 would

62 382 20 18 in
92 381 42 19 this
143 380 40 25 day
189 380 25 19 bo
224 376 119 22 distributed
351 381 75 19 among
435 375 57 25 eight

63 414 21 12 or
94 409 34 17 ten
138 407 58 25 great
208 405 41 20 and
256 401 97 29 powerful
363 404 101 16 steamers.

87 433 42 19 Yet
142 432 41 20 this
200 433 42 18 sort
258 430 21 19 of
292 426 111 27 shipwreck
417 426 17 19 is
457 429 34 16 not

63 459 70 25 nearly
156 465 21 12 so
208 454 113 27 frequently
343 453 105 24 occurring
471 452 20 18 in

63 485 77 20 marine
150 483 69 20 annals
234 489 22 12 as
265 486 36 13 one
317 479 66 20 would
397 484 92 19 suppose.

63 512 69 19 When
139 511 16 19 it
164 510 94 24 happens,
267 507 16 18 it
292 505 57 19 takes
358 511 26 13 an
387 503 104 21 historical

64 537 127 25 significance
200 533 57 20 much
266 538 54 12 more
332 529 99 27 profound
442 529 49 20 than

64 564 45 19 that
130 561 72 20 which'
217 558 87 20 attaches
322 560 21 16 to
357 557 40 19 loss
412 556 22 18 of
447 555 42 19 life.

63 590 43 19 Tho
115 592 87 19 niennry
210 585 20 19 of
238 583 33 21 the
280 583 40 19 loss
327 582 21 19 of
358 583 101 23 £200,000
470 581 21 19 of

64 616 59 19 silvor
144 613 39 19 and
191 607 4 29 •
205 610 47 26 gold
282 609 41 19 will
349 608 80 19 survive
456 607 34 19 the

64 639 102 25 drowning
176 639 20 17 of
207 637 48 18 1000
264 635 54 19 souls
328 635 21 18 in
358 641 13 12 a
380 639 57 20 coup.

89 666 64 19 There
162 670 39 13 was
211 663 34 19 the
263 661 79 23 Lutine,
353 661 31 18 for
393 660 96 18 instance.

63 693 72 20 When,
151 695 52 14 somo
224 687 47 19 time
285 693 45 19 ago,
349 686 56 19 there
423 691 41 14 was
478 691 12 12 a

63 718 42 20 talk
127 717 21 18 of
162 722 10 12 a
195 712 92 28 proposal
306 715 33 26 to_
353 717 81 14 recover
455 710 35 19 tho

63 749 70 18 money
143 741 43 19 that
203 741 53 18 went
266 739 59 19 down
334 738 21 19 in
368 738 42 22 her,
421 743 57 18 every-

62 769 58 24 body,
140 766 98 21 somehow
257 771 21 13 or
294 764 63 23 other,
376 763 79 20 seemed
468 765 21 16 to

63 794 108 20 remember
189 792 34 19 the
244 792 40 18 loss
303 790 20 19 of
346 789 48 19 such
408 795 12 13 a
436 788 51 25 ship,

62 820 77 25 though
164 819 15 19 it
208 816 105 27 happened
338 815 62 20 about
419 814 70 25 ninety

61 853 57 19 years
129 852 43 18 ago.

87 872 40 19 She
136 877 40 14 was
191 870 20 19 of
230 869 111 24 thirty-two
359 873 57 20 guns,
437 872 39 13 com-

60 898 86 20 manded
155 898 27 24 by
196 896 85 25 Captain
295 894 97 25 Skyimer,
404 893 38 19 and
453 892 36 32 s|ic

61 926 52 18 went
129 923 69 19 ashore
208 929 26 12 on
254 921 31 19 the
294 920 56 19 bank
368 920 21 18 of
407 919 33 18 the
450 917 38 25 Ely

61 950 69 19 Island
136 950 89 23 Passage
233 954 25 12 on
263 947 33 19 tho
305 945 59 26 night
374 945 19 19 of
404 943 85 20 October

61 976 40 23 9th,
115 977 54 17 1709.
196 974 28 19 At
242 974 43 18 first
303 972 35 19 she
354 977 40 13 was
403 969 85 25 reputed

60 1004 20 17 to
98 1002 52 18 have
167 1000 40 20 had
221 999 31 19 six
273 997 92 20 hundred
388 995 100 19 thousand

55 1027 83 26 •pounds
161 1026 83 24 sterling
274 1024 22 19 in
317 1023 66 26 specie
405 1021 82 19 aboard.

60 1054 48 19 This
117 1060 41 12 was
166 1051 116 21 afterwards
295 1047 134 21 contradicted
439 1047 26 25 by
475 1053 12 13 a

60 1081 107 18 statement
183 1078 45 19 that.
238 1073 4 26 '
250 1076 33 19 the
297 1077 68 17 return
383 1074 52 19 from
452 1073 35 18 tho

59 1105 82 21 Bullion
151 1105 59 18 Oltice
218 1102 69 21 makes
293 1101 33 19 the
334 1100 63 20 whole
405 1101 82 18 amount

60 1131 61 19 about
129 1130 26 20 £1
160 1132 70 21 -10,000
239 1127 97 25 sterling.'

86 1154 3 27 '
98 1157 34 24 If,'
143 1157 10 18 I
172 1155 41 20 find
223 1155 20 19 in
260 1161 11 12 a
287 1154 151 24 contemporary
455 1157 20 12 ac-

60 1186 64 20 count,
137 1178 4 28 '
151 1183 35 18 the
201 1181 63 19 wreck
283 1180 21 18 of
313 1179 33 19 tho
356 1178 131 19 unfortunate

59 1209 73 19 Lutino
150 1207 71 20 should
242 1206 26 19 bo
289 1203 118 25 discovered,
430 1202 57 19 there

59 1242 46 18 may
115 1235 25 19 bo
150 1240 69 13 reason
228 1235 20 16 to
256 1232 50 24 hopo
313 1232 31 17 for
353 1230 35 18 the
393 1235 93 18 recovery

59 1261 21 19 of
89 1261 33 19 the
132 1260 77 19 bullion
218 1265 25 13 on
257 1257 61 19 hoard
327 1257 20 18 of
357 1256 49 19 her.'

84 1288 26 18 In
120 1286 33 19 tho
170 1285 56 25 reign
243 1284 22 20 of
278 1283 68 18 James
359 1282 34 19 the
410 1280 76 20 Second

59 1319 52 13 some
121 1311 85 25 English
222 1309 129 21 adventurers
364 1307 56 19 fitted
430 1308 36 18 out
474 1313 12 12 a

59 1338 62 20 vessel
130 1340 20 17 to
160 1337 69 20 search
241 1336 31 19 for
282 1335 38 19 and
339 1333 65 25 weigh
414 1338 27 21 up
451 1332 34 20 the

59 1371 58 19 cargo
136 1363 20 20 of
175 1369 11 14 a
204 1362 41 19 rich
260 1360 85 27 Spanish
357 1360 44 25 ship
419 1358 66 20 which

59 1391 39 18 had
112 1390 53 19 been
181 1390 38 18 lost
229 1394 27 13 on
271 1387 35 19 tho
322 1388 54 17 coast
385 1385 20 19 of
421 1384 65 20 South

59 1416 96 20 America.
205 1415 55 24 They
295 1411 112 23 succeeded,
445 1410 40 19 aud

59 1442 87 26 brought
164 1442 58 19 home
240 1441 108 21 £OOO,OOO,
362 1437 64 20 which
445 1436 40 19 had

59 1468 49 21 been
127 1467 108 26 forty-four
252 1470 58 21 years
327 1467 21 17 at
364 1463 34 19 tho
409 1463 76 19 bottom

59 1495 21 20 of
101 1495 34 20 the
157 1500 39 14 sea.
225 1491 85 27 Captain
332 1489 84 28 Phipps.
440 1488 45 20 who

59 1519 133 26 commanded,
223 1519 41 19 had
287 1518 87 22 £20,000
401 1515 32 21 for
452 1514 33 21 his

60 1547 63 24 share,
143 1545 39 21 and
202 1545 34 21 the
255 1543 58 21 Puke
327 1543 21 19 of
369 1541 116 21 Albemarle

60 1573 93 24 £OO,OOO.
179 1572 20 20 A
227 1569 66 23 medal
317 1575 38 15 was
378 1567 68 21 struck
463 1567 22 20 in

59 1599 75 23 honour
143 1598 21 21 of
174 1598 33 20 the
217 1599 58 19 event
287 1596 19 20 in
318 1595 54 20 IGS7.

83 1625 63 21 There
163 1630 40 16 was
219 1630 12 15 a
248 1629 48 20 very
310 1621 61 27 costly
390 1620 64 21 wreck
463 1619 22 20 in

61 1652 54 22 1707.
143 1651 38 21 She
194 1657 13 13 v.
213 1656 21 15 as
252 1656 13 14 a
273 1648 68 22 Dutch
349 1648 49 21 East
416 1646 57 21 India-

59 1685 51 18 man,
122 1678 38 20 and
170 1677 109 21 I'ouudercd
289 1675 21 21 in
323 1682 10 13 n
344 1677 60 18 storm
415 1673 69 20 within

61 1705 54 21 three
137 1705 80 24 leagues
234 1703 20 20 of
270 1703 33 19 the
326 1701 67 24 Texal,
414 1699 71 25 taking

61 1731 55 21 down
126 1731 27 19 all
162 1730 64 20 hands
240 1729 36 20 but
286 1734 30 14 b<x
326 1727 38 20 and
376 1728 107 22 £OOO,OOO.

59 1758 40 20 Put
108 1758 15 18 it
134 1764 40 12 way
182 1759 34 17 not
227 1761 101 19 necessary
348 1754 43 19 that
400 1760 11 11 a
421 1751 64 21 vessel

61 1784 69 20 should
146 1783 51 19 have
214 1789 20 12 so
245 1781 57 20 much
321 1787 22 13 us
357 1787 26 12 an
393 1785 61 13 ounce
464 1778 21 19 of

60 1810 87 27 precious
156 1809 60 20 metal
226 1809 19 18 in
256 1808 34 19 her
299 1811 18 15 to
327 1808 23 18 be
360 1813 11 12 a
381 1806 42 19 rich
432 1804 51 25 ship.

60 1837 41 19 One
123 1836 21 19 of
166 1836 34 19 the
228 1834 84 19 costliest
335 1838 81 19 cargoes
439 1836 46 14 over

60 1862 74 20 carried
158 1868 38 13 was
219 1860 63 19 found
304 1859 21 19 in
345 1860 47 17 1701
410 1858 22 19 in
450 1857 34 19 the

60 1888 78 26 galleon
155 1887 118 20 Santissima
286 1884 112 24 Trinidude,
409 1885 31 18 for
449 1884 35 18 she

60 1916 37 17 had
118 1921 25 12 on
160 1912 62 21 board
237 1912 34 19 tho
282 1916 47 14 vast
347 1910 101 19 collection
464 1910 21 18 of

59 1940 77 26 foreign
144 1939 108 20 curiosities
261 1937 77 20 formed
347 1937 27 24 by
384 1937 101 19 Governor

59 1967 65 24 Pigot,
144 1966 39 19 and
202 1964 83 26 shipped
304 1966 20 17 at
334 1963 87 24 Madras,
439 1968 34 14 con-

59 1992 71 26 sisting
139 1992 21 19 of
169 1991 47 20 wild
224 1990 73 24 beasts,
309 1992 94 23 serpents,
415 1989 39 19 and
463 1995 22 13 eo

58 2019 59 20 forth.

83 2045 25 19 In
119 2045 48 18 1773
179 2043 32 20 tho
225 2043 67 19 Dutch
301 2043 38 19 lost
358 2041 33 20 tho
401 2041 72 20 Antoni-

59 2073 45 22 etta,
115 2077 24 13 an
150 2070 113 23 Indiaman,
274 2069 39 19 and
323 2069 47 19 with
389 2068 36 19 her
434 2067 50 19 sank

59 2099 99 22 £700,000
176 2095 88 25 sterling,
281 2094 79 20 besides
372 2094 68 26 jewels
464 2094 21 18 of

57 2126 56 23 groat
122 2123 65 19 value.

83 2149 25 20 In
120 2149 55 22 1871,
185 2155 12 12 a
207 2147 122 23 Scotchman,
339 2145 71 20 named
421 2145 49 19 John-

57 2178 49 22 ston,
130 2173 95 28 patented
248 2179 11 13 a
281 2175 89 17 treasure
388 2173 42 18 safe
453 2171 32 19 for

58 2203 60 25 ships.
146 2201 39 19 His
208 2199 91 26 proposal
322 2204 40 14 waa
384 2199 44 19 that
450 2198 34 19 the

58 2229 30 20 saf
90 2237 9 10 j
108 2227 73 20 should
189 2226 25 20 be
227 2224 112 26 suspended
348 2225 21 19 at
378 2225 33 18 tho
421 2223 63 26 ship's

59 2255 70 21 davits,
148 2252 66 25 ready,
227 2253 20 17 at
257 2258 26 12 an
301 2250 92 20 instant's
412 2250 70 24 notice,

59 2284 19 17 to
87 2281 24 19 be
121 2279 84 20 lowered
221 2277 42 20 into
273 2277 33 19 tho
325 2283 39 13 sea.
392 2276 33 19 He
439 2283 34 12 con-

59 2306 63 22 trived
139 2305 45 20 that
205 2304 35 19 tho
257 2304 43 19 safe
322 2302 73 21 sshould
412 2303 71 18 detach

59 2333 52 21 itself
120 2333 21 18 in
150 2331 34 19 the
191 2331 58 19 event
255 2330 22 19 ef
282 2337 12 12 a
301 2329 76 20 sudden
384 2328 98 26 calamity,

60 2359 37 21 and
106 2359 47 19 lloat
163 2357 32 24 off,
207 2359 19 16 to
237 2356 25 19 bo
277 2355 71 25 picked
358 2361 26 20 up
394 2355 27 25 by
430 2361 54 13 somo

59 2385 80 28 passing
148 2384 51 24 ship,
210 2389 21 13 or
242 2381 79 20 washed
331 2381 76 19 ashore.

85 2411 40 20 The
138 2410 45 19 idea
200 2415 40 13 was
257 2407 112 26 ingenious,
390 2407 36 20 but
442 2407 17 20 it
468 2407 17 19 is

61 2439 33 19 not
115 2442 59 19 every
195 2434 85 26 captain,
304 2434 12 18 I
334 2435 85 23 suspect,
440 2433 45 19 who

61 2464 62 20 would
132 2462 60 19 relish
202 2461 33 18 the
245 2460 44 19 idea
299 2460 21 19 of
329 2466 26 12 an
365 2458 120 21 unsinkable

62 2490 52 20 chest
123 2488 37 21 full
177 2488 19 19 of
207 2486 47 26 gold
268 2486 39 19 and
316 2485 68 25 jewels
393 2485 92 26 hanging

62 2519 20 17 at
90 2516 30 19 his
130 2514 69 23 davits,
214 2512 61 25 ready
283 2513 21 18 to
313 2512 34 18 the
357 2512 53 18 hand
421 2514 21 17 of
451 2511 34 20 the

61 2544 41 18 first
118 2541 72 24 daring
205 2538 51 20 Jack
266 2538 44 20 who
326 2537 72 20 should
408 2537 77 26 depend

61 2575 52 19 upon
121 2575 11 12 a
141 2566 57 20 black
209 2564 59 27 night
285 2564 40 19 and
334 2564 35 19 tho
377 2564 108 24 navigable

61 2594 90 28 qualities
161 2593 21 18 of
188 2592 33 19 the
230 2591 54 19 chest
291 2592 20 18 to
321 2596 53 13 come
384 2591 64 24 safely
458 2590 29 18 off

62 2620 47 21 with
126 2627 11 12 a
147 2619 38 20 few
199 2617 102 21 hundreds
310 2617 21 19 of
346 2616 110 20 thousands
465 2617 22 17 of

63 2646 80 28 pounds,

87 2673 37 19 Yet
134 2672 53 19 what
200 2669 92 30 pickings
308 2669 33 19 the
351 2669 51 25 deep
420 2668 65 20 would

63 2700 48 19 have
126 2697 74 21 offered
200 2696 92 20 —would
302 2695 39 19 still
350 2695 50 22 offer
401 2695 42 19 —if
452 2695 35 19 the

62 2731 68 19 money
153 2723 38 20 and
209 2721 68 27 jewels
297 2721 75 23 carried
386 2721 27 25 by
431 2721 56 25 ships

63 2758 48 13 were
128 2749 72 21 stowed
222 2749 21 19 in
265 2747 134 20 contrivances
421 2747 66 19 which

62 2777 70 20 floated
142 2777 51 19 after
202 2775 33 20 the
243 2773 63 21 vessel
315 2780 41 12 was
366 2779 51 19 gone
426 2771 4 27 !
444 2771 43 21 Trie

62 2803 53 21 mind
136 2803 17 19 is
175 2799 107 30 oppressed
295 2799 27 26 by
338 2799 34 19 tho
395 2799 92 25 splendid

63 2829 125 27 possibilities
196 2828 34 19 tho
240 2827 59 24 fancy
309 2827 99 24 suggests.

90 2851 4 27 '
103 2856 56 20 Some
168 2854 48 20 time
231 2852 52 26 ago,'
303 2858 45 18 says
362 2858 26 13 an
407 2851 31 20 old
457 2858 20 12 re-

63 2884 48 25 port,
136 2883 40 17 'en
197 2879 34 20 the
246 2878 73 20 arrival
341 2878 21 19 of
384 2878 33 19 tho
440 2877 47 20 Two

64 2909 75 19 Sisters.
158 2905 84 28 Captain
261 2904 94 23 O'Ncale,
369 2904 21 19 of
407 2903 78 25 Brisiol,

63 2936 21 18 at
101 2932 107 24 Dominica,
228 2938 12 14 a
257 2931 55 18 chest
327 2930 115 24 containing
452 2935 24 19 up-

64 2961 62 19 wards
144 2959 20 20 of
177 2959 66 19 £4OOO
263 2957 21 19 in
297 2956 126 25 Portuguese
441 2956 48 25 gold

64 2986 34 20 fell
114 2984 109 22 overboard
232 2990 21 12 as
263 2983 48 24 they
320 2988 52 14 were
381 2982 82 28 putting
473 2982 15 19 it

63 3012 41 20 into
123 3019 12 13 a
152 3011 52 23 boat,
229 3008 37 21 aud
290 3014 41 13 was
353 3008 38 19 lost
412 3008 21 19 in
455 3010 34 17 tori

64 3039 84 19 fathoms
158 3038 21 19 of
195 3039 65 17 water.
289 3034 55 25 They
354 3034 40 19 had
404 3034 85 25 nothing

65 3065 35 18 but
110 3065 28 20 Dr
148 3062 89 26 Halley's
256 3060 121 25 diving-bell
394 3060 20 19 in
432 3060 57 19 those

65 3091 60 23 times,
137 3090 38 20 nud
185 3089 33 20 the
227 3093 71 19 money
305 3086 36 20 lies
358 3088 20 18 at
388 3086 40 20 this
437 3086 52 19 hour

65 3116 63 20 where
137 3117 15 18 it
165 3116 56 22 sank,
240 3114 47 26 only
296 3112 78 28 deeper,
394 3112 93 27 perhaps,

66 3143 37 19 and
112 3149 46 19 very
167 3141 59 20 much
235 3142 35 17 out
280 3140 20 19 of
310 3139 60 25 sight.

90 3169 50 20 How
150 3168 47 19 such
207 3174 11 13 a
228 3166 83 20 disaster
326 3165 65 20 would
400 3165 25 19 be
435 3165 54 21 deah

65 3195 47 21 with
120 3195 20 19 in
150 3194 54 20 these
214 3194 57 18 times
282 3198 45 19 may
336 3192 25 19 be
379 3191 73 20 known
462 3191 27 26 by

66 3223 96 18 rel'ereuco
179 3222 20 17 to
209 3219 34 20 the
260 3217 154 27 comparatively
423 3220 68 17 recent

66 3253 89 20 recovery
170 3247 21 19 of
209 3252 53 14 somo
276 3244 92 20 hundred
390 3245 100 19 thousand

158 3273 28 19 off
202 3273 35 19 tho
252 3271 68 21 Grand
338 3271 85 25 Canary,
438 3271 52 19 from

66 3301 33 18 tho
108 3300 45 19 hold
171 3300 21 18 of
200 3306 12 12 a
222 3300 85 18 steamer
323 3298 53 19 sunk
393 3299 21 18 in
428 3297 61 19 about

67 3326 59 25 thirty
135 3325 86 21 fathoms
231 3325 21 19 of
261 3327 67 17 water.

65 3394 20 20 A
104 3394 65 20 NEW
191 3393 105 20 FLYING
323 3393 166 19 DUTCHMAN.

90 3447 18 19 A
118 3449 49 17 most
176 3446 125 21 remarkable
311 3451 114 14 occurrence
433 3445 17 19 is
459 3451 19 13 re-

64 3473 68 25 ported
142 3474 51 18 from
201 3473 88 20 Canada,
299 3472 52 19 from
358 3471 65 20 which
431 3472 14 18 it
456 3477 22 19 ap-

64 3505 58 18 pears
139 3499 44 19 that
204 3506 12 12 a
233 3499 68 19 vessel'
315 3498 17 20 is
346 3497 62 26 Jikcly
421 3500 21 17 at
456 3497 35 19 the

64 3530 79 19 present
151 3528 86 16 moment
252 3527 19 17 to
282 3525 25 18 he
317 3524 73 25 sailing
400 3524 61 25 ulong
470 3525 21 19 at

66 3556 32 13 sea
108 3551 47 19 with
165 3551 26 19 all
207 3551 48 19 sails
268 3552 35 22 set,
319 3550 38 19 hut
371 3550 48 19 with
435 3552 35 18 not
479 3556 12 13 a

66 3576 44 18 soul
130 3583 27 13 on
177 3576 68 20 board.
272 3576 43 19 The
337 3576 65 19 vessel
417 3576 17 18 is
456 3575 35 19 the

66 3601 93 19 schooner
176 3602 52 19 Lord
245 3602 70 23 Ehlon,
336 3602 64 18 which
415 3608 25 12 on
456 3601 35 19 the

68 3626 36 19 Bth
112 3627 83 19 October
203 3627 35 20 left
247 3628 92 22 Halifax,
350 3627 59 20 Nova
419 3627 71 24 Scotia,

67 3652 32 19 for
129 3652 143 28 Guysborough
299 3654 48 20 with
376 3660 10 13 a
410 3654 79 25 general

67 3685 66 17 cargo.
161 3678 40 19 The
218 3680 61 19 vessel
297 3683 35 21 got
350 3680 71 19 ashore
435 3686 26 13 on
479 3686 12 12 a

68 3704 47 19 rock
130 3704 29 19 off
168 3703 67 26 Canso,
250 3706 40 19 and
298 3706 36 19 her
352 3712 50 13 crew
412 3706 79 24 fearing

67 3730 36 19 sho
125 3729 66 20 would
210 3737 25 18 go
253 3731 62 24 down,
334 3732 48 19 took
405 3734 19 17 to
439 3732 52 19 their

66 3756 58 19 boats
143 3755 40 19 ani
200 3754 74 21 landed.
303 3758 52 19 Soon
374 3758 117 19 afterwards

67 3782 35 19 the
111 3781 65 20 vessel
190 3784 33 22 got
232 3782 32 23 off,
284 3783 38 19 and
335 3784 48 19 with
401 3784 26 19 all
444 3784 47 19 sails

66 3810 37 21 set,
125 3807 59 20 made
207 3807 30 19 for
254 3808 33 20 the
308 3815 50 21 open
382 3816 39 13 sen.
442 3810 49 19 -The

66 3834 96 20 schooner
171 3833 98 19 Diamond
284 3838 49 17 wont
342 3836 28 21 off
383 3836 19 20 in
412 3836 79 27 pursuit

66 3861 22 18 of
97 3859 33 21 the
140 3864 102 18 runaway,
252 3859 37 20 bus
297 3861 56 20 when
361 3862 34 19 she
402 3869 54 13 came
464 3869 27 18 up

66 3887 48 19 with
123 3886 37 19 her
169 3885 35 19 the
213 3890 33 13 sea
257 3891 38 12 was
303 3887 87 25 running
399 3891 32 17 too
441 3888 50 25 high

65 3914 20 17 to
94 3912 59 20 allow
163 3911 21 19 <>f
194 3911 36 18 her
238 3909 60 25 being
305 3912 93 21 hoarded.
425 3914 53 20 Dark-

65 3945 46 13 ness
132 3937 81 24 coming
236 3941 30 14 on.
285 3936 32 19 tho
339 3938 99 22 Diamond
453 3941 38 18 lost

67 3965 53 24 sight
130 3965 22 19 of
162 3963 35 19 the
205 3961 101 20 schooner.

512 91 156 20 ENGLAND'S
689 91 131 21 POSITION
833 93 33 20 IN
886 94 57 21 THE

633 117 110 20 COMING
759 118 70 20 WAR.

501 169 4 30 J
536 169 33 19 Sir
586 169 82 19 Charles
678 169 68 24 Dilke,
757 171 21 18 in
793 171 34 19 the
837 178 69 13 course
922 174 18 18 of

511 202 26 12 an
556 195 119 25 interesting
691 196 68 19 article
774 204 25 12 on
809 197 40 19 this
864 198 76 25 subject

511 221 21 19 in
542 221 33 19 the
586 221 50 19 New
645 221 89 24 Review,
744 229 46 17 says
801 221 4 25 :

537 249 5 8 '
553 247 118 25 Sufficiency
689 247 41 19 and
743 249 102 18 readiness
856 255 33 13 aro
908 250 32 19 tho

510 273 66 25 points
596 275 19 16 to
629 272 26 19 bo
671 273 49 19 held
734 273 21 20 in
771 275 96 18 view—in
884 276 56 18 other

511 298 68 24 words,
592 298 119 26 battleships
722 299 40 19 and
776 306 52 12 men.
856 300 84 26 Figures

510 325 21 18 of
541 331 45 12 men
597 331 25 12 on
631 331 64 18 paper
704 331 35 13 aro
748 325 22 19 of
779 332 25 13 no
819 332 35 13 use
863 326 33 19 for
905 333 35 14 our

510 356 85 18 purpose
606 350 4 24 ;
625 350 54 19 what
689 351 41 18 will
740 352 25 18 bo
775 351 75 20 needed
867 353 40 18 will
917 353 23 19 be

509 383 46 12 men
572 376 63 24 ready
651 376 31 18 for
698 376 35 19 tho
746 378 44 18 first
800 378 39 24 day
858 378 22 19 of
893 385 46 18 war,

509 401 100 25 probably
626 401 35 19 tho
671 402 40 24 day
724 402 71 20 before
804 403 34 18 tho
853 404 77 20 declara-

511 428 40 18 tion
561 428 20 17 of
599 433 45 13 war.
671 427 100 20 Reserves
781 428 63 21 which
859 437 47 18 may
917 431 23 19 bo

509 453 63 19 called
581 459 28 20 up
626 452 48 20 with
685 454 48 18 time
743 461 34 12 are
786 454 21 19 of
821 455 51 20 little
882 457 58 19 value

509 479 32 19 for
550 485 36 13 our
596 485 93 18 purpose.
717 479 113 21 Whatever
839 482 71 19 Power
919 489 21 12 or

510 505 78 19 Powers
597 511 28 12 wo
635 511 47 18 may
689 505 52 20 have
751 508 20 17 to
779 506 52 25 light
840 515 12 11 w
858 508 22 18 ill
889 508 51 21 have

508 531 53 19 their
578 531 64 18 forces
657 531 62 24 ready
737 532 60 19 when
810 532 49 26 they
878 534 62 25 begin

508 557 34 18 the
551 563 48 13 war.
627 555 39 21 We
675 557 54 19 shall
739 557 62 25 begin
820 559 14 19 it
845 560 49 18 with
903 566 37 14 our

508 582 56 25 ships
581 582 42 18 and
636 588 46 13 men
700 583 46 19 that
760 590 34 13 aro
812 585 68 25 ready,
900 586 40 20 and

508 608 57 19 those
583 607 66 19 which
659 614 34 13 aro
709 611 36 17 not
758 610 63 25 ready
831 611 40 20 will
886 618 54 14 come

508 638 32 15 too
558 634 47 19 lato.
633 633 65 20 Theso
714 641 54 13 seom
783 637 83 19 obvious
882 638 57 19 facts.

508 659 56 25 They
586 666 33 12 are
642 659 85 21 obvious
746 662 58 19 facts.
839 663 47 24 But,
910 665 20 18 in-

507 686 87 19 credible
624 686 80 24 though
739 687 16 19 it
782 695 47 18 may
860 689 31 24 be,
911 696 29 14 we

508 712 50 19 have
601 713 34 18 not
677 712 34 19 tho
756 715 80 19 trained
886 722 52 17 men,

508 738 76 19 trained
604 744 52 16 men,
675 745 31 12 wo
722 739 52 20 have
788 743 35 16 not
842 741 34 19 tho
889 741 40 20 lieu-

508 766 84 21 tenants,
604 770 29 12 wo
649 764 52 19 have
710 768 36 16 not
755 766 35 19 tho
806 766 132 26 bluejackets,

506 795 30 14 we
553 789 52 19 have
623 792 36 16 not
668 790 35 19 tho
717 791 111 25 engineers,
844 799 29 13 wo
887 793 52 20 have

506 818 35 16 not
558 815 35 19 the
602 815 83 19 firemen
696 817 40 18 and
750 818 78 19 stokers
845 818 46 21 who
905 826 34 13 are

506 847 105 18 necessary
628 844 21 16 to
659 842 47 19 take
715 845 36 17 out
765 850 50 13 even
825 845 33 18 tho
874 845 64 20 wholo

506 866 21 20 of
536 865 45 21 our'
588 867 88 25 existing
685 868 63 24 fleets,
765 870 40 19 and
814 870 42 19 still
865 871 38 18 less
917 873 21 18 to

506 893 47 19 take
563 894 35 18 out
607 893 35 19 tho
656 894 57 19 fleets
723 895 66 19 which
799 902 29 13 wc
844 896 64 24 ought
918 898 20 19 to

506 918 57 24 have,
572 919 41 19 and
631 919 16 19 it
656 919 17 19 is
682 922 22 17 to
713 920 26 20 be
753 921 67 26 hoped
830 922 40 19 will
886 922 52 21 have

505 944 21 19 in
536 947 39 17 two
584 951 23 13 or
617 945 56 19 three
682 947 65 23 years'
758 948 54 19 time.
840 948 21 19 It
878 948 18 19 is
905 948 32 19 for

505 971 34 19 the
549 971 60 19 naval
619 971 126 25 authorities,
756 973 41 19 and
806 976 34 16 not
854 974 32 19 for
895 974 31 25 lay-

505 1003 45 12 men
569 997 40 18 and
626 997 96 24 civilians,
734 1000 20 18 to
769 999 41 19 find
819 999 35 19 tho
868 1006 68 13 means

505 1023 21 17 of
540 1023 89 24 meeting
647 1030 37 12 our
699 1024 86 20 demand
804 1025 32 20 for
858 1026 78 19 trained

505 1054 45 13 men
557 1049 19 19 to
586 1055 47 12 man
642 1056 36 12 our
685 1050 90 20 ironclad
782 1051 45 19 iieet
838 1052 20 18 of
865 1051 60 20 battle-

504 1075 62 25 ships.
595 1074 42 19 The
644 1075 33 25 pul
682 1075 30 20 die
721 1077 74 24 hardly
801 1077 71 19 realise
882 1077 54 20 what

504 1100 34 19 the
557 1105 168 16 commencement
744 1103 21 19 of
779 1110 36 12 our
833 1105 48 17 next
895 1110 41 12 war

506 1126 29 19 wi'
540 1126 3 27 1
543 1126 2 27 .
568 1126 25 19 bo
616 1126 47 20 like.
699 1128 21 19 It
739 1129 17 18 is
783 1129 97 24 assumed,
905 1130 31 19 for

504 1152 98 26 example,
613 1152 21 19 in
651 1154 71 19 almost
732 1155 120 25 everything
866 1155 40 19 that
921 1156 14 18 i.s

504 1179 84 22 written,
599 1178 45 19 that
651 1186 29 12 wo
690 1180 53 19 shall
753 1181 25 18 be
786 1181 45 19 well
840 1181 93 25 provided

504 1204 48 19 with
562 1211 54 12 news
630 1205 52 19 from
692 1206 28 19 all
729 1209 57 22 parts
795 1207 21 19 of
826 1207 34 19 tho
874 1207 59 20 world

504 1230 27 24 by
548 1237 69 12 means
631 1231 21 18 of
671 1232 34 18 tho
726 1232 79 20 electric
824 1233 110 26 telegraph.

504 1256 65 19 Given
586 1256 35 19 the
630 1257 42 19 fact
682 1258 45 19 that
741 1258 35 19 tho
794 1264 57 20 great
869 1260 67 19 cables

503 1282 61 19 touch
574 1282 59 19 shore
643 1283 21 18 in
673 1284 94 25 territory
775 1284 66 21 which
851 1286 40 18 will
901 1289 34 16 not

504 1308 24 20 be
551 1308 21 19 in
595 1308 35 20 the
647 1308 66 20 hands
727 1311 22 18 of
778 1317 48 18 very
848 1312 86 25 friendly

503 1333 128 21 Powers—in
649 1334 104 27 Portugal,
769 1337 33 18 for
817 1338 91 24 example

503 1366 22 13 cv
544 1360 40 19 else
592 1367 48 19 pass
656 1361 90 26 through
760 1362 77 24 Persia,
854 1363 81 26 Turkey

503 1387 21 17 in
534 1387 54 22 Asia,
601 1387 40 18 and
651 1387 57 19 other
716 1388 117 20 uncivilised
844 1389 62 24 lands,
919 1391 15 18 it

503 1413 17 18 is
537 1412 98 25 probable
645 1413 45 19 that
700 1414 34 19 the
748 1414 50 19 lines
816 1415 40 19 will
866 1415 25 19 bo
904 1416 20 18 in-

503 1439 87 19 terfered
609 1439 49 19 with
677 1446 55 19 upon
755 1441 55 19 laud.
847 1441 87 26 Foreign

503 1463 55 21 fleets
581 1471 78 18 possess
682 1465 106 27 telegraph
812 1467 61 25 ships,
899 1468 41 20 thoi

503 1496 60 14 crews
572 1491 21 19 of
604 1491 64 19 which
677 1498 34 13 aro
721 1493 80 19 trained
811 1493 20 19 in
841 1493 34 19 tho
884 1493 50 26 duty

503 1517 21 19 of
532 1516 84 26 picking
626 1523 27 20 up
663 1517 67 21 cables
740 1520 20 18 at
770 1525 40 18 sea,
828 1519 40 19 and
878 1520 56 20 there

502 1543 17 19 is
537 1549 54 13 somo
602 1549 71 15 reason
689 1546 21 18 to
725 1549 70 22 expect
805 1545 44 20 that
865 1545 69 21 before

502 1568 34 21 tho
555 1568 113 28 beginning
685 1571 23 19 of
725 1578 42 13 war
781 1571 27 20 all
818 1577 36 15 our
868 1571 66 21 cables

503 1595 40 21 will
565 1595 25 21 be
609 1598 40 18 cut.
685 1596 42 21 Our
742 1597 135 21 Government
900 1605 34 15 aro

502 1622 115 20 committed
626 1624 20 18 to
655 1622 33 20 the
698 1623 66 26 policy
774 1624 21 20 of
805 1623 83 28 Bending
899 1627 34 19 out

502 1648 102 27 garrisons
614 1651 19 18 to
641 1649 80 26 coaling
731 1651 84 21 stations
825 1650 64 21 which
900 1658 33 14 are

502 1681 105 20 necessary
616 1674 31 21 for
657 1675 34 20 tho
702 1677 100 25 efficiency
812 1677 21 20 of
844 1677 34 21 the
887 1677 46 21 fleet

502 1701 40 20 and
560 1702 31 19 for
601 1701 35 20 the
649 1703 113 25 protection
780 1704 21 19 of
817 1710 37 13 our
869 1704 63 20 trade.

501 1726 71 25 Theso,
583 1734 23 13 as
622 1731 83 17 matters
715 1729 66 25 stand,
795 1729 41 20 will
845 1729 52 21 have
912 1733 21 17 to

502 1754 25 19 bo
537 1756 44 17 sent
590 1755 22 18 at
621 1754 34 19 the
665 1758 89 17 moment
763 1755 58 21 when
837 1757 34 19 the
880 1762 53 20 navy

502 1780 41 19 will
560 1780 52 19 have
630 1780 34 20 tho
674 1783 52 18 most
739 1783 21 18 to
776 1782 26 19 do
812 1784 20 18 to
846 1782 48 20 hold
908 1783 25 19 its

501 1812 51 14 own.
581 1806 17 19 A
618 1807 92 25 question
727 1808 66 19 which
807 1809 11 18 I
837 1809 61 19 asked
912 1809 21 19 in

504 1832 119 19 Parliament
635 1832 40 20 last
689 1840 50 18 year
748 1834 90 26 brought
848 1837 35 17 out
898 1835 35 20 the

501 1859 42 18 fact
560 1858 44 19 that
616 1859 66 20 Sierra
696 1859 73 25 Leone,
786 1860 32 19 for
834 1861 97 26 example,

502 1884 36 19 has
557 1891 11 12 a
583 1885 90 18 harbour
691 1886 66 19 which
772 1886 34 19 tho
823 1893 54 19 navy
893 1888 41 19 and

501 1911 35 18 tho
558 1910 127 21 commission
703 1919 26 12 on
749 1912 79 25 coaling
849 1914 84 18 stations

502 1936 89 20 consider
602 1943 105 20 necessary
717 1945 22 12 as
748 1945 12 12 a
770 1939 80 25 coaling
859 1940 74 18 station

502 1963 31 19 for
542 1963 34 19 the
584 1963 51 22 fleet,
646 1964 40 18 and
696 1964 65 19 which
769 1965 37 18 has
816 1964 50 20 been
876 1966 47 18 forti-

502 1989 38 19 fied
551 1989 4 24 ;
570 1989 37 19 but
624 1989 49 24 that,
685 1996 26 13 on
721 1993 84 16 account
816 1991 20 18 of
846 1991 34 19 tho
896 1998 24 13 un-

502 2015 122 19 hcalthincss
645 2016 21 18 of
684 2016 34 19 the
732 2017 86 24 climate,
838 2017 34 19 tho
891 2024 40 19 gun

503 2041 125 19 detachment:
647 2041 65 20 which
722 2043 59 19 bears
795 2043 34 19 the
838 2050 59 12 name
912 2045 22 18 of

503 2067 66 19 Sierra
587 2067 66 19 Leone
670 2068 15 18 is
700 2069 100 19 stationed
816 2072 20 16 at
854 2069 65 20 Devon-

502 2095 44 23 port
556 2093 21 19 in
587 2093 47 19 time
644 2094 21 18 of
674 2101 60 18 peace
745 2095 12 19 !'

517 2166 87 20 JABEZ
619 2166 158 22 BALFOUR'S
796 2168 122 21 VICTIMS.

529 2218 40 21 The
593 2220 65 19 result
677 2220 21 19 of
713 2220 34 20 tho
770 2223 70 18 recent
863 2223 68 25 appeal

504 2246 54 19 made
578 2246 20 19 in
611 2246 34 20 tho
661 2253 66 12 names
743 2246 22 19 of
782 2254 21 12 so
816 2254 57 19 many
889 2255 32 17 pro-

503 2271 76 20 minent
604 2272 84 27 English
715 2272 168 28 philanthropies
907 2282 24 13 on

504 2297 67 21 behalf
595 2299 22 19 of
640 2299 34 20 the
698 2299 109 20 Liberator
837 2302 94 19 sufferer?

503 2331 61 13 seems
590 2328 21 17 to
631 2326 51 19 have
701 2326 48 19 been
771 2327 61 19 about
856 2328 76 21 £2,000

503 2350 118 27 altogether.
650 2352 47 19 This
715 2352 68 25 brings
794 2353 34 20 the
837 2354 52 20 fund
905 2361 27 19 up

503 2379 19 18 to
533 2378 112 26 something
661 2385 48 13 over
723 2379 98 26 £45,000,
831 2387 23 12 or
872 2382 57 19 about

504 2405 77 22 £5,000
599 2405 38 19 less
647 2404 48 20 than
711 2405 93 20 one-half
822 2406 51 20 what
894 2415 38 12 was

503 2430 104 27 originally
624 2432 110 19 circulated
751 2432 64 19 would
826 2434 25 19 be
865 2441 55 12 neces-

503 2464 50 18 sary.
582 2458 20 19 It
620 2464 62 13 seems
693 2465 43 12 now
751 2458 74 21 almost
840 2458 92 28 hopeless

504 2485 20 17 to
543 2486 72 23 expect
626 2483 45 21 that
682 2484 32 20 the
729 2484 49 20 fund
791 2492 35 13 can
847 2493 46 13 ever
908 2486 24 20 be

549 2511 77 24 beyond
637 2512 97 22 £50,000,
745 2517 49 14 even
810 2512 15 19 if
837 2513 15 18 it
862 2520 36 11 can
910 2512 21 21 he

504 2536 67 20 forced
591 2543 28 18 up
630 2538 21 18 to
662 2537 49 20 that,
743 2538 18 18 ft
772 2538 15 18 is
803 2538 32 20 pad
847 2541 19 17 to
885 2539 47 20 hear

504 2563 44 19 that
558 2570 49 12 even
619 2570 43 12 now
673 2570 42 12 new
727 2570 54 13 cases
792 2565 22 19 of
826 2566 44 19 ruin
883 2566 49 25 keep

504 2589 79 25 coming
600 2589 28 19 in.
658 2590 93 20 Between
769 2591 49 26 duly
841 2592 36 19 and
893 2592 26 19 De-

504 2616 79 19 cember
592 2616 46 25 they
647 2616 35 18 had
691 2617 60 19 about
761 2624 11 12 a
780 2617 89 21 hundred
878 2618 54 20 fresh

504 2641 112 27 applicants
636 2642 31 19 for
687 2643 63 22 relief,
767 2650 58 20 many
844 2644 21 20 of
880 2644 52 20 them

506 2669 115 25 presenting
631 2675 54 13 cases
695 2669 22 19 of
727 2669 33 19 tho
778 2673 52 17 most
840 2671 82 20 distress

504 2695 35 26 ing
559 2702 96 18 urgency.
684 2696 45 18 And
750 2696 54 20 since
820 2697 60 21 about
900 2697 33 21 the

506 2721 72 21 middle
597 2721 21 19 of
632 2718 111 24 December
758 2722 47 27 they
826 2723 48 20 have
896 2724 35 19 bar!

506 2747 86 20 thirteen
604 2755 42 12 new
658 2755 62 18 cases,
731 2749 70 26 nearly
812 2750 26 19 all
850 2750 20 19 of
881 2750 51 20 them

505 2774 48 26 aged
563 2774 76 26 people.
668 2774 44 20 One
720 2775 20 19 of
751 2775 53 20 them
814 2777 16 19 is
840 2783 11 12 a
860 2777 72 23 widow,

507 2801 43 19 who
561 2801 37 19 lost
607 2801 78 20 £2,700
695 2801 25 26 by
732 2802 33 20 the
776 2805 64 18 e-asii.
868 2803 22 19 11
901 2803 33 19 fas

506 2827 49 20 been
578 2827 64 20 found
666 2827 124 26 practicable
809 2831 21 18 to
854 2829 80 26 provide

506 2853 55 20 small
581 2854 101 19 annuities
699 2855 33 19 for
747 2855 25 19 all
791 2855 33 19 old
839 2856 96 25 people—

506 2880 61 20 about
586 2881 37 19 five
644 2880 89 20 hundred
750 2882 19 18 in
791 2882 129 20 number—be-

506 2909 62 17 tween
593 2909 82 23 seventy
694 2907 38 19 aud
749 2907 69 26 eighty
833 2915 57 18 years
915 2909 21 19 of

506 2939 42 20 age,
567 2933 37 19 and
616 2933 16 19 it
650 2940 39 13 was
699 2934 94 25 devoutly
810 2934 62 25 hoped
891 2934 45 21 that

507 2960 34 19 tho
560 2966 53 13 same
632 2959 63 26 might
713 2959 50 21 hiivo
778 2961 48 19 been
838 2962 51 19 done
903 2961 32 19 for

507 2986 56 19 those
573 2985 88 20 between
670 2987 54 25 sixty
734 2987 39 19 and
784 2990 89 23 seven*}'.
902 2988 32 19 All

507 3013 51 24 hope
569 3012 21 20 of
600 3012 60 27 doing
671 3013 46 23 this,
729 3013 97 25 however,
847 3014 33 20 has
892 3021 42 12 now

508 3039 47 20 been
566 3039 125 25 abandoned,
701 3040 38 19 and
751 3040 34 20 the
804 3043 75 17 utmost
892 3041 41 19 that

507 3072 34 13 can
562 3066 24 19 bo
600 3066 51 18 dono
671 3066 32 19 for
718 3066 54 20 them
788 3067 17 19 is
820 3069 20 17 to
861 3067 43 25 give
925 3074 11 13 a

507 3091 53 20 little
579 3092 67 19 casual
658 3092 44 25 help
718 3093 51 19 from
781 3095 49 18 time
844 3095 21 18 to
882 3093 53 21 time.

507 3118 22 20 It
537 3118 17 20 is
574 3125 47 19 very
631 3118 59 21 much
701 3121 21 18 to
738 3119 24 20 he
773 3119 108 27 regretted,
899 3120 35 20 but

507 3144 55 21 there
573 3151 62 14 seems
645 3152 25 13 no
682 3145 46 27 help
739 3146 32 20 for
782 3148 22 18 it.

1039 103 20 19 A
1073 102 75 20 WISE
1167 102 138 21 WARNING.

987 155 25 19 In
1024 155 34 19 the
1068 161 71 13 course
1148 155 21 19 of
1186 162 12 12 a
1212 157 68 18 re.'ent
1291 157 71 24 speech
1373 160 20 16 at

961 180 33 20 the
1016 181 69 25 Royal
1103 181 90 19 Colonial
1218 182 104 24 Institute,
1339 183 53 19 Lord

964 206 99 27 iiosebery
1073 207 98 19 observed
1185 207 46 19 that
1240 208 16 18 if
1267 215 11 12 a
1289 209 104 26 labouring

960 233 51 19 class
1035 233 150 25 predominated
1206 233 19 19 in
1247 242 12 11 a
1283 236 109 23 {articular

960 258 63 25 State,
1035 259 37 20 and
1085 259 58 20 couid
1154 259 49 26 only
1209 266 32 14 see
1251 261 21 19 in
1284 261 34 19 the
1328 261 64 19 influx

960 285 21 18 of
1000 285 138 25 immigration
1153 292 11 13 a
1181 286 98 25 lowering
1301 286 23 20 of
1339 287 53 20 their

960 318 43 12 own
1014 318 66 19 wages
1094 313 38 18 and
1145 312 19 19 of
1176 312 53 19 their
1239 319 42 12 own
1294 319 66 13 means
1370 314 22 18 of

959 338 94 24 comfort,
1072 338 47 26 they
1134 338 58 19 could
1207 339 36 18 not
1268 338 23 19 ho
1313 340 78 24 greatly

961 364 74 19 blamed
1047 365 18 18 if
1080 364 45 24 they
1136 364 87 26 opposed
1236 364 43 20 that
1290 365 89 25 immigra-

960 390 47 18 tion.
1036 390 20 19 It
1078 390 64 25 might
1171 392 22 17 he
1218 397 67 19 wrong
1308 391 51 19 from
1380 398 11 13 a

961 416 217 23 politico-economical
1190 417 56 23 point
1256 418 21 17 of
1289 417 54 23 view,
1355 418 35 18 buL

960 439 46 28 they
1018 442 58 19 could
1088 444 41 22 not,
1150 442 91 26 perhaps,
1252 449 32 12 see
1295 450 20 12 so
1327 444 31 18 far
1369 450 21 12 as

960 468 32 19 the
1003 468 79 20 eternal
1100 475 69 12 causes
1186 468 62 19 which
1264 469 72 24 guided
1351 469 38 19 aud

958 495 100 24 governed
1079 494 109 25 humanity.
1217 494 53 25 They
1287 501 40 12 s»w
1338 495 51 19 their

959 526 45 13 own
1027 521 68 18 homes
1127 527 54 13 more
1209 520 131 19 comfortable
1364 520 25 25 by

958 546 87 26 keeping
1062 546 132 26 competition
1212 547 43 22 out,
1270 547 38 18 and
1324 546 54 20 there-

959 573 41 19 fore
1020 574 48 25 tboy
1086 579 50 13 were
1155 572 123 20 determined
1295 576 19 16 to
1324 572 25 20 do
1360 579 28 13 so.

960 599 30 18 He
1002 606 38 12 was
1058 601 36 17 not
1115 599 123 24 vindicating
1252 599 46 19 that
1312 605 76 17 course,

959 625 36 19 but
1023 632 40 12 was
1086 625 73 26 simply
1185 625 90 24 pointing
1299 626 35 18 out
1355 625 33 19 the

958 658 88 13 common
1066 658 58 13 sense
1139 651 21 19 of
1175 651 22 18 it.
1225 650 54 25 They
1297 653 53 17 must
1365 651 23 19 be

958 678 82 21 careful,
1052 677 54 23 then,
1125 677 54 19 when
1191 677 48 24 they
1247 678 95 18 censured
1354 677 34 19 the

958 704 91 24 working
1072 710 44 12 man
1139 703 20 19 in
1175 703 50 19 New
1249 703 87 19 Zealand
1355 703 32 19 for

957 731 62 24 doing
1036 729 45 24 this,
1101 730 44 18 that
1155 729 49 26 they
1218 736 45 18 may
1279 731 36 17 not
1332 729 44 20 here-

957 757 59 22 after,
1034 757 39 19 and
1089 757 36 18 not
1143 762 21 13 so
1175 755 46 25 long
1241 755 66 24 hence,
1324 762 5 18 [
1337 762 32 12 ass
1377 762 11 12 a

957 782 75 20 r-imilar
1056 788 83 14 censure
1160 788 26 12 on
1207 782 51 18 their
1284 789 50 11 own.
1362 782 4 20 '
1376 782 10 18 1

957 809 47 19 take
1014 809 22 23 it,
1047 807 16 20 if
1074 809 56 18 there
1138 807 17 20 is
1166 814 37 12 one
1212 810 99 23 certainty
1322 808 20 18 iu
1353 807 34 19 tho

958 835 60 19 world
1028 835 16 19 it
1055 834 16 19 is
1082 834 51 19 this:
1151 834 44 19 that
1207 833 46 21 with
1264 833 35 21 the
1308 834 78 25 growth

956 862 22 18 of
985 861 141 25 immigration,
1136 860 38 19 and
1186 860 47 19 with
1242 860 33 19 tho
1284 861 102 18 continual

956 888 76 25 closing
1042 887 21 19 of
1075 886 32 21 the
1118 886 88 20 confines
1216 886 21 19 of
1245 888 65 18 States
1320 889 21 16 to
1352 886 34 21 the

955 914 98 19 destitute
1072 913 108 25 emigrants
1191 912 21 19 of
1223 913 45 18 ther
1277 917 108 20 countries,

955 940 57 19 there
1028 940 16 19 is
1056 946 25 13 no
1097 941 85 23 country
1192 938 19 20 in
1223 938 35 20 ths
1270 939 60 18 world
1342 940 44 18 that

955 967 38 18 will
1005 969 35 17 not
1058 966 23 19 be
1096 966 110 24 compelled
1218 967 21 17 to
1258 965 92 20 consider
1360 966 26 19 its

956 992 86 26 position
1055 992 48 19 with
1119 992 72 24 regard
1206 994 20 16 to
1239 997 74 20 pauper
1321 992 51 19 immi-

953 1020 86 24 giation,
1049 1018 69 20 unless
1129 1017 16 19 it
1165 1017 70 20 wishes
1246 1018 139 25 permanently

955 1046 19 17 to
985 1044 87 26 degrade
1091 1044 33 19 the
1143 1046 66 17 stains
1224 1044 38 18 and
1274 1044 34 19 the
1317 1044 57 19 condi-

955 1072 42 17 tion
1021 1072 21 17 of
1067 1070 26 21 its
1115 1075 44 14 own
1184 1070 90 26 working
1297 1070 88 21 classes.'

953 1096 4 26 '
967 1097 47 19 This
1026 1097 16 20 is
1050 1104 12 13 a
1073 1097 46 19 wise
1129 1096 103 26 warning,'
1244 1103 43 19 says
1299 1103 10 13 a
1320 1097 65 20 Homo

952 1124 88 24 journal.

1083 1169 71 20 TALL
1171 1168 80 20 TALK.

978 1223 42 19 Tho
1038 1222 105 26 following
1159 1220 64 21 'tall'
1244 1220 100 26 specimen
1363 1221 31 27 of]

951 1248 120 27 journalism
1081 1249 16 18 is
1107 1249 52 18 from
1169 1248 34 19 the
1213 1247 77 20 Tuscon
1301 1248 51 23 Star,
1363 1248 22 19 of

952 1274 85 20 Orizon'a
1048 1272 3 26 :
1067 1274 43 20 The
1119 1280 59 14 naino
1194 1273 22 20 of
1224 1272 36 20 tlio
1268 1274 81 19 builder
1363 1274 21 19 of
1391 1272 2 26 |

952 1300 34 20 tho
1004 1300 87 21 Chincso
1100 1300 47 21 wall
1156 1300 17 19 is
1187 1300 38 18 lost
1235 1299 21 19 in
1272 1299 35 20 tlio
1320 1299 64 20 Asian
1390 1294 4 28 j

952 1329 94 23 mystery.
1087 1326 77 20 Eleven
1196 1331 55 14 acres
1280 1326 22 19 of
1333 1326 60 19 solid!

952 1360 92 18 masonry
1052 1352 37 20 has
1097 1354 34 17 not
1138 1351 72 21 served
1218 1352 21 19 to
1247 1357 92 20 preservo
1349 1352 35 19 tlio
1391 1351 2 27 i

951 1386 58 12 name
1029 1380 20 17 of
1059 1379 34 19 tho
1103 1378 80 20 builder
1197 1378 21 18 of
1227 1378 35 18 tho
1280 1378 102 24 pyramids
1392 1378 1 24 i

952 1405 21 19 of
983 1404 84 21 Ghizah.
1096 1405 54 23 They
1158 1405 61 18 'were
1234 1404 21 18 of
1264 1410 26 12 no
1310 1404 74 19 benclit

951 1434 20 16 to
982 1431 34 19 tlio
1025 1431 75 19 human
1110 1437 51 12 race.
1189 1430 41 19 But
1240 1430 34 19 tho
1284 1436 68 13 names
1362 1430 22 20 of
1391 1430 1 20 i

951 1457 35 19 tlio
1003 1457 90 20 builders
1108 1456 21 20 of
1149 1456 59 19 roads
1227 1462 33 13 aro
1275 1456 107 20 immortal.

950 1483 43 19 The
1011 1482 129 27 Mongolian'
1148 1481 102 26 shepherd
1263 1481 42 21 will
1327 1482 55 20 show

950 1515 40 20 you
1013 1510 35 19 tho
1068 1509 49 20 road
1135 1508 65 20 which
1222 1507 76 27 Gengis
1319 1508 63 21 Khan,
1391 1507 1 28 j

950 1535 58 20 made
1019 1535 89 26 through
1116 1535 33 20 the
1159 1534 89 21 NonIJOU
1255 1534 57 20 Pass,
1340 1535 42 19 The

950 1561 61 22 Swiss
1021 1563 84 26 peasant
1116 1561 39 20 \viil
1165 1561 60 29 guide
1236 1567 40 19 you
1292 1567 46 14 over
1349 1561 44 29 tho}

950 1587 49 21 road
1008 1587 103 23 traversed
1121 1587 27 28 by
1156 1587 106 21 Hannibal
1272 1593 65 15 across
1349 1587 33 22 the

950 1613 64 28 Alps;
1030 1615 40 20 and
1088 1614 34 22 the
1132 1614 72 21 veriest
1218 1613 60 27 yokel
1288 1613 21 21 in
1326 1612 42 29 Bug-

950 1641 47 19 land
1021 1641 102 26 watching
1140 1641 31 20 hia
1196 1641 46 21 kiuo
1260 1646 59 21 graae
1334 1647 48 14 over
1390 1641 2 28 j

950 1667 106 26 •Salisbury
1079 1667 64 25 Plain,
1160 1667 53 21 from
1231 1667 34 19 tlio
1283 1667 57 20 ruins
1361 1667 21 21 of

950 1693 134 26 Stonehengo,
1095 1693 41 21 will
1146 1700 77 14 answer
1237 1693 34 20 the
1281 1694 99 25 question,
1390 1688 2 31 |

952 1718 4 32 '
966 1719 55 21 Who
1039 1720 53 20 built
1103 1720 44 20 that
1157 1721 48 19 road
1220 1722 20 18 to
1250 1719 34 20 tho
1300 1719 82 27 heights
1390 1718 2 32 j

950 1746 20 20 of
980 1745 37 21 Old
1030 1747 72 19 Sarum
1112 1745 14 21 V
1156 1740 4 32 '
1169 1745 81 22 Crosar.'
1277 1746 42 20 The
1330 1740 62 32 typi-1

950 1772 30 20 cal
1001 1772 52 20 New
1071 1772 118 26 Zoalandor,
1204 1773 19 19 in
1245 1771 87 27 crossing
1348 1773 34 19 tho
1390 1771 2 31 j

950 1799 101 19 continent
1075 1799 27 25 by
1125 1799 34 19 tho
1187 1799 101 19 Southern
1309 1798 73 20 Pacific

950 1824 96 20 Railroad
1065 1832 11 12 a
1093 1825 101 19 thousand
1208 1832 58 18 years
1285 1824 63 20 hence
1362 1825 20 19 to

950 1850 46 20 visit
1006 1851 33 19 the
1050 1852 57 18 ruins
1116 1852 21 18 of
1146 1852 90 22 London,
1249 1850 39 20 will
1307 1854 44 22 stop
1361 1852 21 18 at

950 1877 33 19 tho
996 1877 3 20 '
1008 1877 51 20 Casa
1070 1878 80 19 Grande
1163 1877 3 20 '
1176 1878 40 18 and
1227 1877 36 19 ask
1280 1883 11 13 a
1302 1878 68 18 descen-

950 1903 49 19 dant
1017 1904 21 18 of
1048 1904 35 19 tho
1091 1904 59 19 Pima
1165 1904 85 19 Indians
1267 1903 46 20 who
1330 1903 52 20 built

950 1929 34 19 tho
1002 1929 74 20 citadel
1089 1930 21 19 of
1133 1929 43 20 that
1198 1936 64 16 name,
1285 1929 39 19 and
1349 1929 33 19 the

950 1955 68 25 gentle
1037 1963 75 18 savage
1121 1956 41 20 will
1171 1956 63 24 reply,
1251 1956 19 18 in
1290 1956 33 19 tho
1342 1956 40 19 soft

950 1981 73 20 dialect
1034 1983 21 18 of
1063 1982 32 19 his
1105 1982 58 23 tribe,
1177 1981 4 24 '
1192 1982 78 19 Smith'
1280 1981 3 24 :
1299 1982 37 18 but
1345 1982 37 19 ask

950 2006 42 20 him
1003 2006 4 21 '
1084 2008 52 19 built
1145 2008 35 19 the
1190 2008 100 19 Southern
1309 2008 73 19 Pacific

949 2032 97 21 Railroad
1057 2034 15 19 ?'
1088 2034 39 19 and
1138 2034 33 19 the
1181 2034 53 19 child
1246 2034 20 19 of
1284 2034 98 18 centuries

950 2058 41 20 will
1001 2067 83 16 answer,
1098 2058 4 25 '
1113 2060 100 23 Crocker,'
1224 2060 39 19 and
1279 2062 35 17 not
1324 2060 58 19 know

950 2085 87 26 perhaps
1057 2086 44 20 that
1112 2085 44 20 that
1166 2093 48 12 once
1228 2088 68 17 meant
1306 2093 11 12 a
1331 2086 51 19 dead

949 2117 44 17 one,
1002 2118 23 12 or
1032 2119 56 12 more
1098 2112 77 25 strictly
1182 2112 101 25 speaking
1292 2118 12 12 a
1312 2111 59 26 going-

949 2137 148 21 to-bo-defunot
1118 2144 38 13 one
1166 2137 4 25 ;
1192 2137 28 20 all
1233 2137 35 20 tho
1287 2144 54 13 sumo
1361 2138 21 18 in

951 2164 56 23 1,000
1017 2170 66 19 years.

1143 41 57 21 THE
1213 41 60 22 HOT
1288 43 92 21 LAKES
1397 43 174 22 CHRONICLE,
1588 43 190 22 WEDNKSDAY,
1794 41 103 21 MARCH
1916 42 32 23 13,
1978 42 58 23 1895,

538 3220 63 19 When
622 3220 33 19 the
670 3220 109 26 daughters
794 3229 34 12 are
853 3221 82 24 infants,

508 3246 86 20 mothers
604 3253 35 13 are
654 3247 84 20 anxious
750 3251 20 16 to
780 3248 51 25 keep
848 3247 88 21 matches

508 3274 35 18 out
553 3273 21 20 of
585 3273 51 19 their
646 3274 64 18 reach.
740 3274 62 27 Quite
816 3274 33 21 the
861 3281 75 13 rever«p

508 3299 56 20 takes
583 3300 56 25 place
657 3300 55 19 when
730 3301 46 25 they
794 3307 52 18 grow
858 3307 32 19 up,
906 3301 30 19 for

508 3325 47 21 then
566 3326 34 20 the
611 3326 68 25 puzzle
690 3326 15 20 is
717 3328 20 19 to
748 3328 40 19 find
801 3328 33 19 tlie
843 3327 92 20 matches.

534 3368 89 20 Mamma
635 3368 3 26 :
661 3368 4 26 '
677 3370 77 24 Bobby,
769 3370 11 19 I
804 3371 66 19 notice
893 3370 44 19 that

508 3401 49 19 your
576 3395 55 19 little
654 3396 59 19 sister
728 3396 49 19 lock
802 3397 33 18 the
858 3396 79 21 smaller

508 3420 66 26 apple.
602 3422 39 19 Did
665 3428 40 18 you
726 3422 27 20 let
774 3422 36 20 her
834 3422 48 20 have
902 3422 35 20 her

508 3447 73 24 choice,
604 3454 22 13 as
649 3448 11 19 I
684 3448 41 19 told
745 3456 40 18 you
797 3449 16 20 ?'
850 3449 71 21 Bohbv
933 3447 3 27 :

509 3473 4 24 '
523 3473 42 20 Yea
576 3482 5 15 ;
596 3474 10 19 I
617 3473 42 20 lold
677 3474 34 19 her
723 3475 34 20 she
768 3476 59 19 could
844 3476 49 19 have
904 3475 32 20 tbe

508 3500 54 20 little
573 3507 36 12 one
620 3507 22 13 or
653 3507 51 13 tone
707 3502 64 19 —and
784 3502 35 20 she
834 3502 60 20 chose
905 3502 32 19 the

508 3527 53 20 little
571 3526 50 20 one.'

536 3579 72 19 Friend
620 3579 4 27 :
641 3579 3 27 '
656 3579 51 20 That
718 3580 67 21 vilUan
796 3581 20 19 in
834 3587 49 19 your
895 3587 41 13 new

510 3605 46 26 play
578 3605 17 19 is
614 3612 12 12 a
641 3608 135 24 masterpiece.
809 3607 73 20 Where
905 3607 31 19 did

508 3638 40 18 you
559 3634 33 21 get
606 3632 35 19 the
658 3633 103 19 character
770 3633 10 19 ?
809 3633 114 20 Dramatist
934 3632 3 24 :

509 3657 4 27 '
524 3657 11 19 I
554 3657 99 27 imagined
674 3666 10 12 a
696 3666 44 12 man
756 3661 102 23 possessed
877 3659 21 19 of
913 3659 23 19 all

510 3684 33 19 the
554 3684 91 20 varieties
663 3685 21 19 of
696 3685 122 21 wickedness
835 3686 60 20 which
908 3692 28 19 my

510 3709 45 21 wife
574 3711 87 20 ascribes
682 3713 21 17 to
725 3719 29 13 me
769 3712 56 20 when
846 3713 35 19 she
896 3715 42 22 gets

509 3737 50 20 mad.

535 3780 22 20 If
567 3781 9 18 I
587 3781 36 19 had
636 3781 33 19 the
681 3781 60 26 wings
753 3782 21 19 of
784 3789 10 12 a
805 3782 50 23 bird,
871 3781 65 26 s'ghed

510 3806 33 20 the
554 3806 52 25 lady,
617 3807 31 19 I'd
668 3807 26 26 fly
704 3814 55 19 away
770 3809 39 18 and
820 3808 24 19 bo
861 3811 20 16 at
892 3810 46 17 rest.

512 3833 59 22 Well,
584 3840 30 19 my
630 3834 47 18 dear
694 3834 82 21 madam,
790 3834 98 20 ventured
906 3834 34 19 the

510 3859 89 22 boarder,
609 3866 39 18 you
660 3866 42 18 may
713 3861 32 24 get
754 3860 54 20 them
818 3862 40 23 yet.
886 3861 11 18 I
908 3867 32 12 see

510 3885 26 25 by
554 3892 11 12 a
576 3888 47 16 note
632 3892 38 18 you
689 3888 46 18 sent
748 3888 22 20 to
782 3894 32 17 my
831 3893 53 13 room
900 3886 39 20 this

511 3918 93 18 morning
612 3918 40 19 you
663 3911 79 26 alreadg
754 3912 48 20 have
814 3920 10 12 a
837 3912 40 19 hill.

536 3955 73 20 Friend
620 3955 3 27 :
651 3955 3 27 '
665 3956 45 19 Tou
735 3956 41 19 still
801 3957 78 25 employ
910 3957 30 18 Dr

510 3982 115 24 Hardhead,
646 3982 10 19 I
681 3982 45 20 see.'
755 3983 46 19 Mrs
816 3983 31 19 De
869 3983 56 25 Style
936 3982 4 26 :

511 4008 4 27 '
528 4008 50 20 lie's
587 4009 45 25 just
644 4009 70 26 lovely.
743 4009 37 25 My
801 4009 90 20 husband
903 4009 36 19 and

510 4035 11 19 I
532 4035 48 19 both
592 4035 40 19 like
642 4035 46 20 bin!.
720 4035 64 20 When
797 4043 28 12 we
835 4041 35 14 are
881 4036 59 25 ailing

511 4061 24 19 he
546 4062 112 18 commends
670 4062 31 19 old
712 4062 45 26 port
767 4062 31 19 for
809 4069 33 19 my
852 4062 87 19 husband

512 4087 39 21 and
562 4088 97 26 Newport
670 4088 31 19 for
712 4088 43 20 me.'

86 4025 211 17 RHEUMATISM.—Dr
307 4025 21 16 E.
335 4025 80 19 Gordon's
427 4029 66 20 remedy

69 4049 59 13 KS.VEB
144 4049 50 12 fails
209 4046 17 14 iii
244 4045 114 19 permanently
373 4047 56 20 curing
439 4049 44 16 Kheu-

150 4065 92 19 Luniljujro,
254 4063 79 21 Sciatica,
344 4065 50 19 (Jout,
406 4068 37 18 etc.,
460 4068 33 16 and

73 4085 77 16 nebottlo
163 4085 46 19 gives
216 4084 53 20 relief.
291 4084 46 15 Trice
352 4084 32 20 10s,
389 4086 39 17 post
433 4087 60 16 free.—

72 4104 28 17 W.
111 4104 86 19 CtAVTON,
208 4104 71 17 I'.OBox
291 4104 33 18 231,
335 4103 82 17 DuneJin.

1053 2197 31 3 —

1133 2234 16 19 is
1159 2234 35 19 tho

1003 2266 150 22 SINCEREST

998 2299 41 19 The
1049 2300 80 19 articles
1139 2302 51 17 most
1201 2299 90 20 imitated
1302 2306 33 13 are

1022 2328 145 21 CLEMENTS
1177 2330 84 19 TONIC
1270 2330 40 20 and

1028 2359 169 23 FLETCHER'S
1207 2360 86 20 PILLS.

950 2391 85 21 WHY?

975 2425 127 21 BECAUSE
1124 2427 47 24 they
1199 2426 51 19 have
1277 2427 34 19 tho
1339 2428 44 19 best

949 2453 115 25 reputation
1074 2453 40 19 and
1124 2459 33 13 are
1168 2455 51 17 most
1229 2452 21 20 in
1260 2453 85 20 demand
1356 2454 26 25 by

951 2478 32 19 cho
1006 2478 74 26 public,
1098 2479 147 25 consequently,
1267 2486 59 18 every
1344 2480 30 19 dis-

950 2504 71 20 honest
1031 2504 67 20 trader
1109 2505 47 19 tries
1175 2507 20 17 to
1211 2505 57 19 trado
1284 2512 26 12 on
1328 2505 54 21 their

952 2531 52 18 fame
1013 2531 40 18 and
1063 2538 87 12 renown.

976 2556 21 19 It
1012 2558 18 18 is
1051 2557 63 25 really
1138 2557 113 19 wonderful
1277 2557 45 20 that
1349 2559 33 18 the

950 2582 118 20 Australian
1076 2584 71 24 people
1157 2590 34 12 aro
1208 2590 21 13 so
1248 2584 47 19 slosv
1314 2586 20 18 to
1351 2591 32 12 see

950 2609 33 18 the
994 2609 55 19 truth
1060 2615 22 14 as
1092 2609 83 25 regards
1185 2609 33 20 the
1236 2610 147 26 unscrupulous

950 2635 76 25 quacks
1040 2635 41 19 and
1098 2635 115 20 charlatans
1231 2635 44 20 who
1291 2643 49 19 prey
1359 2644 25 12 on

950 2661 34 19 tho
994 2661 98 26 credulity
1101 2662 22 18 of
1132 2661 34 19 tho
1176 2660 117 21 Australian
1309 2663 74 24 public.

951 2686 92 27 Scarcely
1051 2694 13 13 a
1072 2687 58 20 week
1140 2693 45 14 over
1192 2691 68 22 passes
1275 2688 37 19 but
1330 2689 54 19 what

952 2713 33 19 the
994 2720 55 18 press
1068 2720 84 19 exposes
1168 2714 35 19 tlio
1220 2714 107 19 barefaced
1344 2715 40 18 and

951 2739 101 20 shameful
1062 2740 96 26 practices
1178 2741 21 20 of
1214 2745 55 13 some
1287 2740 21 21 of
1326 2740 56 21 these

951 2765 86 25 harpies,
1047 2767 39 24 yet,
1099 2766 20 19 in
1130 2766 43 18 face
1180 2766 21 18 of
1208 2766 27 18 all
1244 2766 47 25 they
1302 2773 51 12 seem
1364 2771 20 14 to

951 2791 71 25 thrive,
1033 2792 38 19 and
1080 2792 34 19 the
1124 2798 62 19 paper
1194 2792 43 19 who
1244 2792 79 20 hounds
1330 2793 54 19 them

952 2817 58 19 down
1027 2820 50 17 most
1105 2818 77 19 thrives
1199 2818 70 19 fattest
1288 2824 26 14 on
1331 2818 54 21 their

952 2843 165 21 advertisements
1125 2844 40 19 and
1175 2844 68 19 cracks
1259 2844 125 26 champagne

952 2876 46 12 over
1023 2871 49 19 each
1099 2870 157 19 balance-sheer..
1284 2871 100 19 Clements

952 2895 61 19 Tonic
1022 2897 40 19 and
1072 2896 110 20 Fletcher's
1192 2896 49 19 Pills
1257 2896 51 19 have
1324 2904 61 12 never

953 2923 81 24 stooped
1070 2924 21 17 to
1125 2922 104 26 deception
1266 2923 39 18 and
1338 2923 35 20 mis-

953 2948 164 25 representation.
1149 2948 55 25 They
1230 2955 34 12 are
1291 2948 94 22 scientific

953 2973 145 26 therapeutical
1107 2977 76 22 agents,
1197 2975 39 19 and
1255 2975 93 20 evidence
1364 2982 21 14 as

953 3003 20 15 to
981 3000 53 19 their
1047 3001 58 19 value
1116 3008 36 11 can
1161 3001 26 19 be
1206 3001 64 19 found
1286 3001 21 20 in
1324 3008 60 19 every

954 3026 82 24 district,
1046 3027 40 19 and
1096 3027 48 19 such
1154 3027 62 25 being
1223 3027 34 19 tlio
1272 3034 45 12 case
1335 3028 15 19 it
1369 3029 16 19 is

953 3059 133 19 unnecessary
1104 3055 20 17 to
1148 3053 79 22 further
1255 3053 54 20 extol
1333 3054 53 21 their

952 3079 81 20 virtues.

976 3130 118 19 HrMulhal]
1107 3131 80 18 reminds
1195 3137 21 12 us
1225 3131 43 18 that
1275 3131 32 19 the
1324 3137 51 19 carry-

954 3152 30 24 ing
994 3154 52 17 trade
1055 3160 15 12 is
1079 3160 34 11 one
1130 3154 19 18 of
1163 3155 31 17 the
1211 3154 50 19 chief
1281 3154 103 20 industries.

954 3176 57 19 There
1027 3182 36 17 are,
1090 3177 23 19 ho
1129 3184 46 17 says,
1194 3179 95 20 3,590,000
1307 3184 76 17 persona

955 3200 80 23 engaged
1051 3206 23 14 on
1091 3201 85 23 railways
1200 3201 36 18 and
1253 3201 20 18 in
1289 3202 98 24 sea-going

954 3223 94 23 shipping.
1073 3224 38 17 The
1120 3230 49 16 gross
1176 3226 78 22 receipts
1271 3225 20 17 of
1307 3225 32 18 the
1356 3232 20 11 oc-

954 3248 95 21 cupations
1056 3247 18 18 in
1082 3248 59 17 which
1149 3248 48 17 these
1204 3253 42 12 men
1253 3254 29 11 are
1289 3248 97 24 employed

954 3271 77 17 amount
1048 3272 19 16 to
1086 3271 57 17 about.
1159 3270 134 23 £650,000,000
1308 3272 79 23 sterling

954 3299 33 18 per
994 3298 75 17 annum,
1080 3293 59 20 which
1149 3293 15 19 is
1181 3295 54 21 equal
1252 3297 20 15 to
1289 3296 51 18 £IBO
1354 3302 33 16 per

955 3322 48 15 man,
1014 3323 19 12 or
1042 3317 64 23 nearly
1115 3316 110 24 £2,000,000
1233 3324 32 17 per
1273 3319 42 23 day.

981 3344 65 20 There
1064 3351 34 13 nro
1122 3351 49 19 very
1197 3352 61 18 many
1276 3345 110 22 charitable

955 3370 70 26 people
1034 3370 20 20 in
1065 3370 148 25 Cliristchurch,
1228 3371 38 20 but
1278 3372 57 20 thero
1352 3380 35 13 are

955 3403 37 12 ono
1011 3403 21 12 or
1051 3397 38 19 two
1105 3396 89 26 peculiar
1213 3404 54 13 ones.
1294 3399 18 18 A
1338 3406 49 16 poor

955 3429 77 12 woman
1042 3422 35 19 did
1087 3423 32 19 for
1128 3429 12 13 a
1149 3423 75 19 certain
1232 3423 71 27 family
1313 3431 12 13 a
1335 3425 41 19 half-

955 3448 56 24 day's
1021 3448 97 26 washing,
1133 3448 82 19 cleaned
1233 3449 34 20 the
1286 3450 99 25 windows,

955 3474 78 19 cleared
1052 3476 34 17 out
1105 3474 34 20 the
1158 3474 80 20 kitchen
1257 3482 70 20 range,
1346 3478 41 19 and

955 3500 63 19 throw
1027 3500 22 19 in
1058 3500 80 19 besides
1154 3507 11 12 a
1175 3501 38 19 few
1223 3500 77 21 similar
1317 3503 69 20 trifles.

956 3526 31 19 On
995 3526 82 25 leaving
1087 3526 35 19 she
1132 3533 40 12 was
1191 3526 76 19 offered
1285 3528 98 25 sixpence,

956 3552 39 19 and
1002 3558 26 13 on
1037 3552 71 25 mildly
1114 3553 120 25 suggesting
1241 3552 43 21 that
1292 3554 34 19 the
1334 3556 53 19 work

955 3585 41 13 was
1006 3578 64 21 worth
1079 3585 60 18 mow-,
1150 3578 36 20 she
1200 3585 41 13 was
1258 3580 47 19 told.
1335 3583 11 9 1:
1350 3582 19 21 \\
1369 3582 7 6 T
1377 3589 10 12 c

956 3605 46 24 only
1013 3611 50 18 gave
1074 3605 15 18 it
1099 3607 20 17 to
1129 3611 40 19 you
1179 3606 34 18 out
1224 3605 21 19 of
1254 3605 84 26 charity,
1358 3613 29 14 wo

956 3630 87 25 thought
1051 3637 40 18 you
1098 3638 51 12 were

976 3671 34 14 The
1018 3670 35 15 l>est
1060 3670 78 16 medicine
1150 3670 59 17 known
1216 3671 15 15 in
1238 3671 63 17 Sander
1305 3673 32 15 and
1345 3674 42 15 Hois

959 3688 87 24 Eucalypti
1058 3689 75 16 Extract.
1160 3690 40 17 Test
1204 3692 23 14 its
1233 3692 63 15 cmiimt
1307 3693 80 19 powerful

957 3709 47 16 til'oet
1011 3709 16 14 in
1034 3709 66 19 coughs,
1107 3709 139 21 colds,influenza,
1254 3711 79 16 etc.—the
1341 3713 46 15 relief

958 3729 12 15 is
983 3728 129 16 instantaneous.
1138 3729 97 16 Thousands
1251 3730 37 19 j;ive
1312 3732 27 15 the
1347 3732 42 16 most

957 3747 92 22 gratifying
1062 3747 94 26 testimony.
1181 3749 31 16 His
1225 3749 64 23 Mi>jssy
1305 3751 27 14 the
1342 3751 46 22 King

957 3768 17 14 of
991 3767 50 20 Italy,
1059 3767 33 15 and
1102 3768 67 15 medical
1181 3768 91 20 gyndicatea
1278 3769 23 16 all
1315 3775 38 10 over
1360 3772 27 14 the

958 3787 46 19 globe
1012 3791 27 10 ore
1046 3786 20 15 its
1073 3784 72 22 patrons!
1166 3787 45 16 Head
1222 3788 27 15 the
1260 3788 58 17 official
1325 3791 62 19 reporot

959 3807 33 14 that
1000 3810 100 15 accompany
1112 3806 40 15 each
1164 3807 65 15 botttle.
1256 3807 65 22 Hosier,
1336 3809 51 16 M.8..

954 3821 1 25 i
959 3825 45 16 Prof.
1011 3824 102 21 University,
1125 3825 103 20 Greifswald,
1251 3829 63 17 reports
1355 3821 33 24 Tlif

959 3844 88 20 Eucalypti
1052 3844 70 16 Extract
1129 3846 61 18 proved
1194 3845 121 22 magnificently
1321 3852 66 16 success,

954 3864 1 22 !
959 3864 24 15 ful
990 3864 17 15 in
1019 3868 39 15 very
1070 3868 55 11 severe
1136 3864 98 19 contusions,
1242 3865 67 20 bruises,
1321 3867 67 19 sprains,

959 3883 71 18 wounds,
1236 3885 90 17 andlimbs.
1336 3887 43 18 (Mod-

961 3904 28 14 ioli
993 3902 40 19 mal,
1042 3902 49 19 Nov.,
1101 3904 6 13 1
1110 3904 42 18 SSI),
1172 3904 21 14 lu
1200 3904 70 15 diseases
1289 3905 17 14 of
1318 3905 27 16 the
1352 3906 28 15 ];id

959 3926 44 16 neys,
1018 3921 52 18 either
1082 3922 53 15 active
1149 3923 93 19 congestion
1255 3928 19 10 or
1286 3925 103 21 suppression

960 3940 83 22 (urcemia)
1060 3945 20 11 or
1103 3941 116 19 albuminuria,
1241 3942 65 21 dropsy,
1321 3944 69 16 Hthiasis

959 3960 69 20 nothing
1030 3959 35 17 will
1074 3961 48 18 ociunl
1128 3961 15 14 in
1150 3961 77 16 itsactiou
1233 3961 156 21 EucalrptiExtracl

959 3981 55 17 Doses,
1023 3979 33 15 6to
1063 3980 9 14 S
1082 3980 54 19 drops.
1157 3980 64 19 Healer,
1296 3982 46 16 Prof.
1348 3983 33 15 TJni

959 3999 66 18 vevsity,
1034 3998 104 20 Greifswald,
1146 4000 245 19 reports:—Drpihoria.Tonsils

959 4018 278 21 continuallycohereiitpresentiug
1244 4020 95 16 ulcemvith
1342 4022 50 16 white

959 4038 74 15 exudate
1044 4036 54 17 Cured
1111 4038 17 15 in
1143 4038 16 15 1-1
1166 4038 46 21 days.
1232 4039 74 20 Surgical
1317 4041 52 15 Clinic
1375 4042 17 15 o<

961 4057 44 16 frof.
1017 4056 88 21 M'lntyre,
1116 4057 65 20 College
1188 4058 18 16 of
1209 4058 98 18 Physicians
1312 4060 33 16 and
1351 4060 31 16 Sur-

961 4081 45 15 •rons,
1024 4076 20 15 St
1056 4076 145 17 Louis—Scirrhus
1208 4078 17 14 of
1234 4078 59 15 Breast
1309 4078 84 18 Excisions

962 4095 74 21 uoalypti
1040 4095 70 16 Extract
1117 4097 91 19 employed.
1229 4097 27 15 No
1262 4105 6 8 i.
1274 4098 63 17 .relliij?
1354 4099 9 15 l<
1380 4100 12 14 ,t

962 4115 179 17 discoloration.Cured
1154 4117 33 14 ult
1204 4117 66 18 drys.—
1274 4117 66 20 fAdvt.^

1401 102 36 46 \<*
1457 100 128 36 Rotolti
1631 98 171 38 Sawmill.
1818 112 24 22 &

1401 171 1 22 i
1420 173 130 20 rKTEITB
1569 174 60 18 AND
1656 173 54 19 UED
1733 171 65 21 PINE
1821 172 21 18 of

1401 198 1 27 i
1507 199 35 20 »'he
1552 199 60 20 finest
1631 199 78 26 quality
1728 198 38 20 and
1787 204 55 14 carc-

1401 223 1 29 I
1411 226 52 25 fully
1474 228 41 18 cut.

1585 251 11 10 ft
1606 251 3 11 I
1622 251 40 11 C.-v

1401 273 109 23 IMATAI,
1540 272 132 21 FUKATKA
1691 272 38 19 au<l
1757 271 82 19 TAVA

1410 298 99 26 Shingles,
1525 298 99 26 Paling??,
1646 298 70 19 Blocks
1728 297 38 20 and
1775 297 66 18 Posts.

1450 348 11 21 A
1468 347 41 26 good
1520 347 32 20 and
1561 347 74 20 assorted
1649 347 61 24 f.opply
1718 347 64 25 always
1794 350 21 17 on

1496 372 44 21 band
1547 373 17 19 at
1575 372 26 20 the
1610 371 65 22 Timber
1691 372 48 21 Yard.

1539 397 166 30 -FJO-TO^UA.

1410 439 180 26 N.B.—Special
1603 445 57 14 care
1672 439 73 20 tsken
1764 440 22 19 in
1799 439 42 20 the

1491 467 145 24 seasoning.

1437 505 85 39 Prices
1550 506 24 37 a!
1597 504 104 42 Current
1722 505 87 41 Rales,

1526 583 34 21 W.
1576 584 156 24 HENSHAW,

1707 612 106 26 Managpr.

1475 672 92 32 H.C.
1588 674 193 35 WRIGHT,

1481 719 139 21 STJEGEON
1630 722 130 21 DENTIST.

1456 772 118 24 (Successor
1585 775 20 17 to
1616 775 14 17 A
1639 772 4 29 .
1655 774 22 20 L.
1689 776 103 25 Wrighl),

1895 123 30 29 J.
1949 121 37 30 H.
2009 117 249 35 BUCHANAN,

2034 162 215 26 MEitCHAXT.

1958 199 170 19 ESTABLISHED
2139 199 46 15 1892.

2033 270 78 17 Iviason.

1889 291 118 22 MAKBLE
2023 291 61 19 AND
2106 286 163 22 FEEESTONE

1882 324 116 22 bIMNEY
2020 320 104 23 PIECES.
2139 320 98 21 }LAcST:S,
2250 319 43 19 Etc.

1900 359 130 32 VICTORIA
2051 357 103 31 S'„.lu
2187 374 30 10 un
2218 374 41 14 UI)

1952 399 249 35 AUCKLAND-

1886 470 64 18 DesiE
1992 465 40 21 and
2053 465 66 20 Prices
2136 461 113 21 forwarded
2269 468 24 11 on

1884 597 68 46 W.
1978 590 288 53 THOMAS,

1865 657 76 24 MON
1947 653 177 25 UMBXTAL
2135 650 125 23 MASON.

1907 690 137 24 VICTOEIA
2057 686 104 23 STEEET
2171 685 74 22 EAST,

1990 722 172 25 AUCKLAND.

1893 780 92 24 Orders
2007 779 28 25 in
2056 775 110 28 Mavblo,
2187 771 107 26 Granite

1859 814 49 25 and
1918 814 86 27 Stone,
2015 809 131 35 promptly
2157 806 49 26 and
2215 804 78 26 faith-

1432 823 89 21 Notifies
1531 824 44 20 that
1588 825 23 19 he
1629 827 19 18 is
1667 828 121 26 continuing
1806 829 34 19 the
1859 822 50 17 ana
1917 822 17 15 D
1942 830 5 7 '
1947 822 49 15 one
1998 831 6 11 '

1406 851 94 19 business
1510 850 22 20 of
1541 857 12 14 a
1563 853 55 18 Dent
1623 846 2 29 ;
1628 855 20 16 st
1657 856 22 17 at
1689 855 34 19 the
1734 856 98 18 Premise.-!
1860 848 66 27 fully
1940 846 134 24 executed.

1404 876 228 26 SHORTLAND-ST.,
1649 881 85 20 assisted
1756 881 26 26 by
1800 882 39 19 Mn

1404 903 34 19 AY~.
1449 903 28 19 11.
1488 903 106 20 YVmonr.
1613 905 42 20 The
1666 907 109 25 high-class
1785 908 53 19 work
1886 906 110 29 Designs
2009 904 50 25 and
2073 902 82 30 prices
2164 900 55 24 frco
2232 907 33 15 on

1403 929 22 19 of
1439 930 33 19 the
1483 929 41 20 late
1534 930 35 19 Mr
1579 931 25 19 A.
1615 931 22 19 L.
1650 933 85 26 Wright
1756 933 40 20 will
1814 934 25 20 be
1949 927 14 11 °
1990 936 167 30 application.

1403 956 45 19 adh.
1456 956 34 19 red
1502 957 27 23 t>,
1538 957 37 18 and
1587 964 38 17 any
1637 959 39 19 left
1688 960 113 20 unfinished
1813 961 24 23 by
2006 956 3 28 -
2009 956 7 14 1
2027 956 7 13 l

1410 982 36 19 bat
1456 981 117 27 gentleman
1585 983 40 19 will
1646 985 24 19 be
1687 986 113 26 completed
1811 986 25 25 by

1497 1008 34 19 the
1541 1016 42 13 new
1594 1016 149 18 management.

1474 1069 214 31 Established
1710 1081 60 19 is7g-

1470 1127 96 37 John
1597 1128 34 36 J.
1664 1128 105 45 Keys,

1405 1182 119 27 Builder
1557 1182 58 26 and
1648 1182 188 33 Contractor,

1472 1220 259 26 ROj^RUA-

1919 1036 99 31 GEO.
2039 1036 31 29 S.
2089 1032 143 36 WOOD,

1952 1081 79 17 EPSOM
2053 1077 142 19 AUCKLAND.

1894 1118 122 22 Builder
2033 1117 22 20 &
2069 1114 186 22 Contractor.

2039 1222 39 19 and
2095 1219 97 21 Furnishc

1403 1253 108 21 Estimates
1531 1253 56 25 given
1603 1254 32 18 for
1648 1253 114 24 Buildings,
1773 1253 62 20 niter-
1856 1250 56 26 Stylo
1923 1251 22 19 at
1957 1251 66 19 lowest
2038 1249 60 19 Kates
2111 1246 31 21 for
2150 1244 59 22 Cash.

1420 1281 76 19 (ations
1507 1281 37 18 and
1556 1281 74 24 repairs
1642 1280 20 19 in
1673 1280 26 18 all
1710 1280 98 20 branches

1559 1306 137 20 ofthctrado.
1858 1302 107 21 Furniture
1989 1302 20 18 of
2030 1307 37 19 any
2089 1300 122 23 Descnptio:

1445 1359 135 20 FUNERAL
1611 1358 172 20 FOKNISIJEIt.
1820 1355 16 25 S

1974 1354 93 21 Shortest
2089 1352 72 20 Notice

1598 1548 34 20 Six
1643 1547 59 23 miles
1712 1549 52 19 from
1774 1548 58 20 Lake
1841 1547 71 28 Taupo
1922 1546 101 27 (Eotomn
2033 1544 58 27 side),

1526 1589 220 33 SUPERIOR
1780 1585 390 37 ACCOMMODATION

1594 1637 54 22 ALL
1659 1637 58 23 THE
1727 1634 145 26 COMFORTS
1882 1636 34 21 OF
1928 1636 17 21 A
1954 1633 82 25 HOME
2048 1634 53 23 FOE

1553 1678 215 34 TOURISTS
1806 1677 89 32 AND
1931 1674 207 34 INVALIDS.

1768 1729 97 17 =o«=s»JQg.

1401 1768 69 26 Hot
1484 1765 204 33 Swimming
1702 1764 108 28 Baths
1945 1763 71 27 Hot
2030 1760 141 29 Douche
2182 1759 109 28 Baths

1701 1798 118 27 Grand
1838 1796 151 28 Climate.

1501 1838 304 27 Elevation—l3so
1825 1836 68 28 feet
1906 1836 109 26 above
2027 1841 58 21 sea
2094 1832 97 32 level.

1402 1916 257 28 COMPETENT
1677 1916 161 27 GUIDES
1850 1923 155 24 accompany
2018 1914 107 25 tourists
2133 1914 28 23 to
2168 1912 45 25 the
2226 1911 52 24 vari-

1501 1960 46 15 ous
1561 1951 82 31 places
1658 1951 26 22 of
1696 1951 117 29 interest,
1828 1949 86 24 which
1922 1949 75 23 bal'lo
2011 1949 45 23 the
2069 1948 65 23 most
2147 1945 76 25 facile
2233 1953 58 24 pen,

1501 1984 50 24 and
1565 1992 45 16 can
1623 1984 60 31 only
1697 1981 32 27 be
1741 1983 109 24 realized
1865 1982 73 24 when
1957 1988 68 19 seen.

1536 2031 87 26 MRS
1637 2031 38 26 R.
1695 2029 196 31 GRAHAM,
1912 2028 245 33 Proprietress.

1472 2119 27 9 W
1507 2118 90 24 '~">ER
1611 2117 195 25 VALLEY
1817 2115 226 22 containsthofollbwii
2054 2112 140 30 gunequallod
2204 2112 87 21 Natural

1528 2144 212 24 dors:—Tuhuatahi,
1762 2151 23 12 or
1805 2144 65 19 Great,
1891 2143 131 25 Champagne
2041 2141 106 21 Cauldron
2157 2139 4 29 ;
2176 2139 34 20 the
2229 2139 63 20 Groat

1595 2171 79 20 Geyser
1684 2165 3 29 ;
1697 2170 34 21 the
1742 2169 88 21 Donkev
1841 2170 80 23 Engine
1930 2165 4 29 ;
1946 2168 34 21 the
1992 2168 84 20 Fairies'
2086 2166 51 21 Bath
2148 2165 4 29 ;
2163 2166 34 19 the
2210 2165 72 26 Lightn-

1482 2198 37 25 ing
1532 2198 46 19 Pool
1588 2192 4 31 ;
1604 2198 35 18 the
1648 2198 51 19 Case
1714 2197 25 20 de
1752 2196 84 26 Geyser,
1852 2203 21 12 or
1885 2194 102 27 Dragon's
1999 2195 70 19 mouth
2080 2192 4 31 :
2095 2194 35 19 the
2138 2192 58 20 black
2209 2192 84 25 Geyser;

1482 2224 35 20 the
1524 2224 52 20 Mud
1588 2224 93 24 Geyser;
1699 2223 35 20 the
1744 2222 53 21 Blue
1808 2222 55 21 Lake
1872 2231 5 17 ;
1886 2221 35 20 the
1941 2222 32 19 Oil
1986 2222 66 22 Bath;
2072 2220 35 21 the
2130 2219 78 26 Ei-gle's
2228 2219 65 24 Nest;

1482 2251 37 19 the
1529 2249 78 20 Devil's
1619 2250 70 19 Punch
1701 2249 54 20 Bowl
1768 2245 3 28 ;
1783 2248 34 21 the
1830 2249 71 19 Prince
1916 2248 21 19 of
1947 2248 78 19 Wales'
2036 2247 99 21 Feathers
2143 2245 4 28 ;
2156 2247 33 18 the
2206 2245 58 20 Mirr<
2273 2245 20 28 r;

1482 2277 34 20 the
1526 2276 55 21 Twin
1592 2276 78 26 Geyser
1680 2271 4 31 ;
1696 2276 35 19 the
1741 2276 60 19 Coral
1813 2276 78 24 Geyser
1902 2271 3 31 ;
1917 2274 34 20 the
1962 2274 67 20 Green
2046 2274 47 19 Pool
2103 2271 4 31 ;
2128 2273 44 19 Ter(
2180 2271 80 24 kerehc,
2273 2278 20 14 or

1482 2304 49 19 Hell
1543 2304 78 22 Geyser
1630 2297 4 29 ;
1644 2302 36 19 tho
1691 2302 69 19 S;enm
1772 2302 103 20 Hammer.
1905 2300 84 21 Guide's
2001 2301 31 20 fco
2043 2300 22 21 to
2076 2300 80 22 Geyser
2175 2297 78 26 Yal!ey,
2265 2300 28 23 ss;

1482 2330 93 21 distance
1585 2329 51 20 from
1647 2329 34 19 the
1692 2328 62 24 hotel,
1764 2336 38 12 on.)
1813 2328 52 21 mile.

1891 2396 21 14 or
1926 2389 78 21 Ladder
2015 2388 84 26 Rapids.
2129 2387 41 21 Tho
2189 2387 100 20 Grandest

1738 2428 12 13 n
1762 2420 149 27 Hemisphere;
1922 2420 74 26 falling
2006 2421 21 20 in
2048 2421 28 18 six
2095 2419 88 20 dislimt
2199 2419 91 20 cascades

1982 2454 41 13 i.nco
2036 2447 50 20 Iroin
2098 2446 35 20 tho
2154 2446 62 23 hotel,
2236 2445 55 21 (hrto

1404 2522 223 28 K.ERAPITI
1656 2530 22 11 or
1689 2523 35 19 tin?
1735 2523 76 19 Devil's
1822 2523 80 23 Trump;
1911 2526 7 14 t,
1929 2523 16 18 is
1963 2522 41 20 said
2026 2525 20 16 to
2067 2521 48 21 emit
2137 2528 11 14 a
2169 2521 119 23 procured'

1482 2551 71 19 ISOlbs
1563 2550 22 20 of
1599 2553 64 17 steam
1674 2551 21 18 to
1705 2549 35 20 the
1747 2548 54 24 inch,
1817 2549 52 19 from
1879 2555 24 13 an
1921 2551 97 22 aperture
2027 2549 21 19 oE
2069 2548 64 20 about
2154 2549 22 18 12
2194 2547 68 20 inches
2272 2547 12 20 it

1481 2577 105 19 diamet'.r,
1614 2576 99 19 Distance
1728 2575 52 20 from
1790 2575 94 21 hotelthi
1884 2573 4 26 -
1888 2581 23 14 co
1921 2577 39 18 and
1972 2582 12 13 a
1995 2575 42 20 half
2048 2575 68 24 mi'cs;
2136 2574 70 20 saddle
2224 2573 68 21 horses

1481 2606 20 16 to
1515 2604 46 18 visit
1576 2602 32 21 the
1618 2603 68 23 above,
1699 2604 22 17 2s
1728 2603 24 19 (.id
1764 2602 54 20 each.

1408 2666 93 24 THEL
1523 2663 132 26 HUKA
1674 2663 172 32 FALLS,
1865 2663 33 21 Hio
1916 2663 78 20 Grand.

1482 2695 140 25 Hemisphere.
1651 2694 41 20 The
1706 2694 53 20 Fnlie
1772 2701 43 20 may
1832 2695 23 19 be
1867 2694 69 20 visited
1945 2700 24 13 ui
1982 2694 12 19 11

1484 2721 77 21 Devil's
1568 2721 103 25 Trumpet.
1700 2720 99 21 Distance
1811 2721 51 19 from
1874 2720 52 20 hotel
1938 2720 56 20 three

1482 2748 59 20 burse
1550 2755 21 12 or
1582 2747 67 22 buggy
1665 2749 12 17 2
1682 2754 6 11 s
1698 2747 25 21 9d
1735 2747 54 20 each.

1565 3039 83 34 (Both.
1661 3042 103 24 Houses
1777 3041 81 25 under
1873 3050 68 17 same
1950 3039 194 35 management)

1406 3115 200 33 Pleasantly
1625 3117 162 27 situated.

1446 3153 220 33 Magnificent
1677 3154 90 28 view
1776 3154 37 28 of
1818 3155 111 27 Maori
1937 3154 47 27 Pa
1995 3154 28 27 &
2032 3154 156 27 Rotorua
2200 3152 91 27 Lake

1506 3196 72 26 Hot
1587 3196 147 27 Mineral
1748 3196 28 28 &
1791 3197 154 33 Sulphur
1958 3194 109 30 Baths
2077 3195 37 29 in
2131 3194 154 34 grounds

1860 3248 10 12 o

1475 3291 197 39 Buggies
1692 3294 44 32 to
1755 3292 298 36 Government
2072 3290 150 40 Baths.

1943 3448 276 28 PROPRIETOR

1408 3711 80 41 Smith
1517 3711 48 39 and
1584 3709 114 51 Carriage
1719 3709 106 44 Works,
1856 3707 80 40 Coach
1963 3710 49 39 and
2043 3709 111 52 Wgagon
2188 3711 105 52 Factory

1614 3776 213 22 ESTABLISHED
1843 3775 81 21 OVER
1940 3776 26 20 10
1981 3777 107 21 YEARS.

1428 3826 36 16 The
1474 3824 115 21 undersigned
1598 3830 29 10 uro
1634 3824 138 17 manufacturers
1781 3824 18 16 of
1806 3824 22 16 all
1838 3824 62 15 classes
1908 3824 18 15 of
1935 3823 79 17 Vehicles
2023 3824 13 17 &
2047 3825 119 21 Agricultural
2175 3826 32 21 Im|
2214 3826 73 18 lem'eiits

1429 3847 37 17 Our
1473 3846 114 17 well-known
1593 3845 100 21 reputation
1700 3850 19 11 as
1726 3845 85 17 Practical
1827 3844 100 17 Mechaiiioa
1943 3845 33 16 and
1991 3845 59 17 W.P's
2061 3847 20 17 27
2097 3852 51 15 years
2159 3848 100 21 experience
2277 3849 18 16 in

1408 3869 29 16 tho
1447 3867 117 17 Australasian
1573 3867 83 19 Colonies,
1665 3867 64 20 justify
1738 3872 19 10 us
1766 3867 16 15 in
1800 3866 82 19 claiming
1893 3867 40 15 that
1947 3871 25 11 wo
1989 3872 31 10 can
2035 3867 68 16 furnish
2118 3874 10 11 a
2145 3869 56 16 hitter
2215 3870 45 15 clus.3
2278 3871 17 16 of

1408 3890 79 18 vehiolfcß,
1496 3888 95 17 consistent
1599 3887 41 17 with
1647 3887 61 17 honest
1719 3888 45 15 work
1773 3891 19 13 at
1799 3893 10 11 a
1818 3887 73 21 cheaper
1903 3888 35 16 rate
1947 3887 40 15 than
1999 3892 33 12 bjiv
2041 3889 17 15 of
2067 3894 31 10 tm
2107 3890 110 20 competitors

1429 3911 37 10 ti„.
1474 3910 60 11 n.,i.ii,.
1544 3909 32 12 w,m
1591 3908 34 13 fln,i
1633 3908 14 13 it
1659 3909 16 12 in
1691 3909 44 12 (!,,.;,•
1751 3909 98 15 ~.U:,„),-i!
1865 3909 17 14 to
1898 3908 149 17 ENCOURAGE
2066 3909 80 18 LOCAL
2165 3911 130 23 INDUSTwY,

1821 3936 5 14 f
1839 3929 92 17 first-class
1946 3930 79 16 material
2037 3930 35 17 and
2088 3932 127 22 workmanship
2232 3935 31 19 put
2279 3934 16 16 in

1413 3957 74 13 VctuciM
1495 3957 50 11 maao
1553 3957 18 10 10
1580 3957 111 10 tncirvaiuea
1700 3957 62 11 oraers.

1429 3974 48 19 N,T3.
1479 3972 102 18 —VeUiolos
1588 3971 19 17 ut
1611 3971 26 17 all
1644 3971 115 22 dosoriptious
1768 3972 85 22 repaired,
1863 3972 78 22 painted,
1950 3972 96 17 renovated
2054 3974 34 16 and
2107 3974 50 16 iuiJj
2174 3976 16 15 to
2206 3975 40 17 look
2263 3982 33 14 cqu

1412 4041 200 30 WILLIAM
1631 4041 184 32 PARKER,
1837 4042 257 32 Coachbmlder.

1765 4080 140 26 JAMES
1924 4081 134 30 HAUA,
2079 4080 217 31 Blacksmith

1662 4111 149 17 DEVOKPOBT
1824 4111 73 21 ROAD,
1915 4113 121 16 TAUKAXU
2044 4114 18 17 &..

747 4163 127 51 Ask
946 4166 94 55 for
1084 4170 325 54 Hancock's
1437 4174 342 54 Celebrated
1803 4186 206 44 XXXX
2031 4179 143 51 Ales
2198 4176 118 52 and
2340 4177 191 53 Stout.

2356 642 296 45 HERBAUS

2312 774 160 36 .Medical
2512 776 234 38 Electrician.

2414 855 244 32 AUCKLAND.

2474 969 106 27 BEST

2337 1025 162 37 Eleetpie
2525 1028 198 41 .Machines

2436 1098 55 21 FOE
2503 1099 71 21 SALE
2583 1101 37 19 AT

2345 1153 181 30 LOWEST
2552 1155 160 28 PRICES.

2366 1264 171 22 INSPECTION
2563 1265 128 22 INVITED.

2342 1370 75 24 Prom
2426 1371 43 24 the
2479 1379 75 25 many
2564 1372 65 24 facts
2637 1373 35 24 all
2679 1374 70 23 must

2310 1424 98 27 belie?o
2433 1426 57 25 that
2520 1426 73 25 there
2618 1428 21 24 is
2663 1428 47 25 not
2733 1435 12 17 a

2310 1479 80 33 single
2402 1480 96 27 disease
2507 1480 27 25 in
2547 1489 61 18 man
2619 1482 57 25 that
2689 1491 59 24 may

2310 1537 44 24 not
2364 1535 66 26 have
2444 1534 33 27 its
2491 1536 103 35 remedy
2608 1545 28 19 or
2646 1545 61 19 cure
2721 1537 26 26 in

2310 1601 68 19 some
2392 1592 64 28 herb
2473 1599 26 18 or
2513 1592 75 27 other
2608 1592 21 28 if
2649 1600 38 20 we
2700 1593 49 27 but

2310 1649 75 26 knew
2409 1646 84 28 which
2517 1648 82 34 plant.
2656 1649 92 35 Thirty

2310 1705 80 33 years'
2421 1705 46 24 life
2491 1704 25 25 in
2542 1704 64 25 New
2636 1705 112 26 Zealand

2310 1762 66 24 have
2392 1762 45 25 not
2448 1761 66 25 been
2524 1761 99 26 wasted
2647 1760 28 27 in
2697 1760 52 26 this

2310 1818 110 30 respect,
2435 1823 27 18 so
2475 1824 38 18 we
2527 1816 63 25 offer
2604 1819 26 23 to
2644 1817 35 24 all
2692 1817 57 24 who

2310 1872 80 25 suffer
2403 1870 55 33 just
2472 1872 68 24 what
2553 1872 64 24 each
2631 1880 56 16 case'
2709 1880 28 17 re

2312 1928 94 32 quires.

2346 2055 55 24 Our
2415 2053 113 26 Electric
2542 2053 82 25 Baths
2637 2062 43 16 are
2705 2054 44 25 the

2313 2108 56 25 best
2388 2109 26 24 in
2439 2109 44 22 the
2513 2109 60 31 city,
2604 2115 68 18 none
2697 2108 52 25 like

2313 2164 6 23 I
2326 2166 68 24 hem.
2473 2163 54 24 Our
2556 2162 115 26 mineral
2700 2164 49 24 and

2312 2218 107 33 Vapour
2432 2217 80 26 Baths
2526 2227 43 15 are
2583 2218 53 25 also
2660 2219 27 24 of
2707 2220 42 24 the

2313 2274 56 24 first
2382 2274 79 24 order.

2480 2504 122 31 OTA

2480 2523 123 46 oiu

2318 2639 138 27 QEING
2476 2646 19 21 a
2518 2639 89 26 Cash
2632 2640 115 32 Buyer

2318 2666 29 22 u
2387 2672 140 33 Buying
2561 2672 36 27 in
2636 2673 111 34 Largre

2314 2705 196 30 Quantities
2540 2707 16 25 I
2584 2713 56 20 am
2664 2707 82 26 thus

2313 2738 145 28 enabled
2510 2740 34 26 to
2599 2746 147 25 procure

2313 2771 105 33 goods
2460 2773 36 25 at
2532 2773 58 26 the
2627 2773 120 26 lowest

2312 2806 151 31 possible
2507 2806 121 32 price?,
2678 2806 68 26 and

2314 2838 68 27 tliei
2394 2838 92 28 efore
2501 2846 55 19 am
2572 2839 36 26 in
2623 2846 20 19 a
2656 2841 71 31 posi-

2313 2872 73 26 tion
2396 2873 34 26 to
2452 2872 62 26 sell
2528 2872 36 26 at
2583 2872 163 32 cheapest

2312 2905 103 30 rates.
2452 2907 46 24 As
2523 2912 45 20 an
2589 2905 156 33 example

2316 2939 10 24 I
2351 2940 104 30 quote
2478 2938 58 27 the
2565 2938 180 34 following

2312 2972 141 26 articles
2470 2971 54 27 for
2543 2972 91 27 Gash
2648 2973 96 33 Only.

2312 3023 52 23 Jam,
2376 3024 127 20 Australian.
2523 3023 63 20 d<zen
2597 3022 42 21 tiaa
2693 3025 12 18 (J
2734 3025 11 18 0

2329 3064 13 11 „
2362 3050 48 20 Men
2416 3050 30 20 tie
2458 3051 16 18 &
2486 3050 61 26 Doy'a
2695 3051 10 19 6
2735 3053 10 17 G

2313 3076 112 24 Ki-rosene,
2457 3076 69 21 White
2554 3076 53 21 Rose
2636 3077 38 20 and

2338 3102 118 25 Snowilakp,
2469 3105 38 18 130
2520 3107 39 15 test
2681 3104 24 20 15
2735 3105 10 18 0

2312 3130 65 22 Sugar
2387 3130 36 21 No
2442 3131 9 18 1
2467 3130 103 22 uOlbtass
2681 3131 24 19 14
2735 3133 10 17 o'

2318 3209 90 27 lobacco,
2420 3209 33 19 OMi
2463 3210 110 26 rjonntiiea
2695 3211 12 18 5
2736 3212 10 18 8

2317 3237 41 21 iVa,
2371 3237 21 18 L.
2404 3237 26 19 1).
2443 3236 145 21 jS'atiian'nand
2599 3236 75 21 Nelson

2339 3262 85 21 MoateA
2437 3265 22 18 at
2471 3263 22 20 Id
2507 3262 28 21 off
2546 3263 13 20 f.
2567 3270 9 13 r
2588 3264 32 19 Gib
2634 3263 9 20 1,
2655 3267 5 14 t
2663 3274 8 8 a

2315 3289 65 23 Flou-,
2409 3290 47 19 oUlb
2489 3290 117 20 Housewife
2625 3290 40 20 ail

2338 3316 113 26 Champion
2462 3318 22 17 5s
2498 3318 37 17 ami
2547 3324 22 11 us
2581 3316 30 20 6d,

2315 3342 94 21 Wn'kalo
2422 3342 96 21 Potatoes
2529 3344 20 18 8s
2561 3349 10 12 a
2587 3342 53 21 sack.

2338 3370 42 18 The
2390 3368 65 20 above
2474 3368 116 21 quotations
2610 3376 33 13 are
2667 3369 78 27 subject

2313 3400 19 15 to
2341 3394 78 21 market
2427 3394 135 21 fluctuation?.

2338 3421 67 20 Other
2415 3422 62 24 goods
2490 3422 80 26 equally
2586 3421 67 27 eLeup.

2340 3493 97 22 JUonllily
2448 3493 101 20 accounts,
2566 3488 45 20 that
2623 3489 17 20 is
2651 3492 97 18 accounts

2313 3516 44 20 i-aid
2371 3515 112 20 deforctlio
2493 3515 49 19 luth
2552 3515 21 19 of
2589 3515 71 20 month
2671 3516 66 20 follow-

2312 3542 34 26 ing
2357 3542 47 20 date
2415 3542 69 19 or.-i.le
2493 3541 39 19 will
2541 3541 23 20 be
2575 3542 78 19 treated
2663 3549 21 12 as
2691 3542 56 21 cash.

2455 3575 134 22 WILLIAM
2603 3577 118 19 ROGERS.

2375 3681 37 45 J.
2449 3680 234 48 LARKIN,

2332 3763 405 29 BOOTMRKeR,

2374 3830 324 62 i^OTORUA.

2316 4003 49 49 J.
2401 4004 78 46 W
2511 4003 66 47 W
2581 4004 135 20 IiIGLE

2434 4061 167 26 AEOHITECT,

2419 4104 17 19 E
2451 4104 115 20 OTOE,
2580 4104 22 17 TT
2617 4104 26 20 A.

2827 100 175 22 ITZROY
3046 98 149 22 HOTEL

2881 139 92 22 Wakefield
2985 140 32 25 St.,
3027 139 93 22 Auckland.

2817 188 135 32 Newman
3001 191 123 31 Meider

2946 538 90 44 ,w

2946 570 58 40 \Jr

2787 644 68 20 Having
2865 645 49 16 taken
2926 646 26 14 the
2967 646 52 15 abjvc
3029 644 107 17 well-known
3148 646 25 14 Hu

2769 663 32 15 will
2812 663 19 16 bo
2843 664 37 19 glad
2892 666 15 14 to
2918 670 26 9 see
2954 665 32 15 and
2998 665 76 16 welcome
3085 665 21 14 all
3126 663 25 17 his
3171 663 2 20 <

2947 684 67 16 friends.

2854 718 52 18 ONLY
2918 720 38 16 THE
2964 719 52 17 BEaT
3025 719 81 17 BRANDS

2827 753 17 15 of
2852 753 53 16 Wines
2912 755 31 16 and
2951 756 62 18 Spirits
3020 755 42 21 kept
3069 755 16 15 in
3093 755 49 16 Stock

2811 790 112 17 SPARKLING
2931 792 27 16 XX
2959 793 27 16 XX
2994 793 38 16 ALE
3039 797 21 13 on
3075 793 78 21 draught.

2770 823 53 19 Every
2829 823 107 18 convenience
2947 826 86 17 combined
3045 827 39 15 with
3092 827 62 19 civility
3165 832 8 11 a

2787 843 71 15 comfort
2865 844 27 15 for
2898 846 68 18 country
2980 846 65 15 visitors
3052 847 32 14 and
3092 846 79 17 Boarders

2769 918 237 43 STEELE
3042 923 151 42 Bros.

2803 1003 162 38 JVlararoa
2993 1004 168 40 Sawmill.

2772 1077 10 18 I
2794 1077 89 19 \ESIRE
2906 1079 23 17 to
2940 1079 66 17 thank
3024 1079 35 18 the
3077 1081 66 20 public
3165 1081 31 19 for

2773 1097 8 18 I
2797 1097 7 7 '
2828 1101 46 20 past
2883 1100 74 18 favors-
2970 1100 41 18 and
3019 1100 36 22 beg
3063 1101 22 18 to
3093 1107 103 14 announce

2766 1120 46 18 that
2834 1121 75 21 having
2921 1127 12 13 a
2949 1122 54 20 large
3027 1123 57 17 stock
3096 1124 22 17 of
3139 1124 48 18 -well-

2765 1143 97 18 seasoned
2884 1143 105 18 first-class
3012 1143 72 18 timber
3103 1150 24 12 on
3143 1145 53 19 hand

2766 1162 49 21 they
2837 1169 34 12 are
2890 1165 98 21 prepared
3001 1166 21 16 to
3035 1165 51 18 fulfil
3095 1166 68 18 orders
3175 1168 22 17 at

2765 1185 86 18 reduced
2862 1187 63 17 rates.

2766 1278 186 31 JECKLI'N
2975 1280 26 30 &
3019 1280 175 32 COTTER

2774 1326 107 24 \\7ISII
2896 1328 20 18 to
2924 1333 107 14 announce
3039 1326 46 21 that
3090 1327 47 20 tliov
3147 1328 49 20 hare

2765 1379 74 25 ojjeueJ
2852 1385 10 14 a
2874 1378 106 22 Butcher's
2992 1380 53 26 Shop
3062 1380 91 26 oppotile
3165 1381 32 20 llio

2767 1430 140 23 Court-llouse
2926 1433 39 20 and
2984 1436 82 20 request
3085 1441 9 12 n
3110 1433 56 22 share
3177 1434 21 20 of

2813 1559 80 28 ,0K
2909 1561 43 21 01
2968 1562 18 20 A
3052 1561 34 33 \.
3086 1561 9 12 r
3116 1561 40 21 iE
3173 1561 23 22 W

2925 1613 121 24 PRIVATE

2772 1661 224 35 BOARDING
3039 1663 148 33 HOUSE

2768 1775 130 21 GPPOSttPE
2916 1778 50 17 ttHB
2986 1775 66 22 BOSHI
3060 1778 52 18 AND
3121 1774 70 22 ©ELE

2984 1803 96 20 OHPIGB

2768 1834 47 19 And
2831 1841 48 14 near
2899 1836 33 18 (ho
2956 1835 120 21 Celebrated
3099 1834 97 21 PRIEST

2821 1867 114 21 RACHEL
2944 1869 41 19 and
2990 1869 59 19 othor
3055 1867 97 26 BATHS,

2916 1900 139 21 ROTORUA.

2792 1953 119 35 MES
2938 1953 211 40 YOUNG,

3006 1999 140 26 Proprietress.

2886 2025 68 21 Terms
2970 2025 111 20 Moderate.

2769 2077 45 35 B.
2845 2078 40 35 S.
2928 2078 270 37 CORLETT.

2852 2151 255 27 ARCHITECT.

3001 2228 91 21 SURV
3101 2229 16 20 E
3126 2229 17 19 Y
3151 2229 17 20 0
3181 2229 13 19 U

2803 2304 90 32 COMET
2913 2304 94 36 STORE,
3033 2304 130 33 ROTORUA.

2772 2406 204 21 DRESSMAKING
2991 2407 18 20 in
3021 2407 25 20 all
3059 2408 25 19 \U
3097 2407 73 22 branch

2792 2490 58 34 M.
2876 2490 296 40 BRENNEN,

2789 2605 131 20 GENERAL
2931 2605 92 26 STORE,
3034 2606 136 20 ROTORUA.

2768 2650 64 26 Every
2847 2650 120 28 description
2982 2652 21 20 of
3022 2652 57 20 Fruit
3093 2652 39 19 and
3146 2652 33 20 Coi

2806 2677 115 26 fcclioncry,
2939 2678 97 25 Tobacco,
3053 2678 116 26 Cigarettes,

2848 2704 32 19 &c.
2962 2706 33 17 &<:.
3076 2705 32 19 &.C.

2872 2733 67 21 Finest
2949 2734 88 21 Smoked
3045 2735 49 19 Fish

2844 2766 70 19 Finest
2927 2766 83 22 Oysters
3020 2774 26 11 on
3057 2766 59 20 band.

2768 2837 47 27 K-
2853 2836 341 29 WHRBRICK

2812 2890 179 21 OATBTJILI)ER
2998 2892 13 19 &
3018 2890 178 25 CONTRACTOR

2913 2988 140 21 ROTORUA.

2797 3039 108 20 Estimates
2914 3038 106 21 furnished
3030 3039 43 19 free
3083 3039 21 18 of
3114 3039 50 20 cost.

2766 3168 78 28 Wtch
3135 3171 58 30 &c,

2884 3229 189 26 Hamilton.

2778 3268 86 27 Repairs
2887 3273 20 17 to
2931 3269 93 24 watches,
3049 3269 70 23 clocks,
3144 3269 40 23 &c.,

2817 3295 97 21 executed
2935 3295 103 26 promptly
3057 3295 40 19 aud
3115 3298 21 16 at

2893 3323 103 18 moderate
3005 3325 61 16 rates.

2766 3348 68 26 Agent
2841 3348 34 20 for
2886 3348 101 20 Rotorua:
3025 3348 20 19 J.
3069 3346 122 21 SEVERIN

2772 3399 127 47 A.N.
2944 3399 45 47 B
2989 3399 45 47 u
3065 3399 13 20 s
3153 3399 20 21 r

2893 3451 200 22 THEORGINAL

2768 3484 146 21 VENETIAN
2924 3485 60 19 AND
3005 3485 81 20 WIRE
3104 3485 94 19 GAUZE

2872 3516 93 22 BLINP
2982 3518 110 24 MAKER,

2810 3570 28 28 J.
2856 3570 52 28 w.
2928 3555 251 46 weigleyT^

2785 3627 16 19 A
2845 3627 19 20 R
2891 3627 16 19 C
2934 3627 22 19 II
2984 3627 10 18 I
3029 3626 16 19 T
3078 3626 18 19 E
3128 3626 16 20 C
3177 3626 21 24 T,

2911 3678 138 21 ROTORUA.

2794 3708 70 22 Agent
2880 3706 29 19 fin
2925 3709 34 16 tic
2979 3706 64 19 South
3064 3704 78 21 Britibb
3153 3705 45 20 Firo

2768 3735 17 18 &
2796 3734 80 19 Marine
2886 3733 113 19 Insurance
3010 3733 110 25 Company.

2817 3787 162 37 Rotorua
2994 3787 160 41 Library.

2770 3895 62 47 OP
2839 3896 17 19 E
2864 3895 18 20 N
2898 3895 52 20 from
2962 3897 24 19 10
2998 3903 45 13 am.
3052 3897 21 19 to
3083 3897 12 18 5
3104 3902 43 19 p.m.
3158 3894 38 19 and

2829 3923 12 18 0
2849 3923 26 18 30
2883 3924 20 17 to
2913 3923 78 26 10p.m.
3002 3923 94 23 Sundays
3104 3921 30 20 till
3142 3922 52 23 9p.m

2771 3953 193 22 Subscription:
2973 3954 53 18 SSOs
3039 3958 48 17 per
3100 3955 94 18 nini.uui

2794 3984 88 21 Visitors
2902 3991 42 17 may
2965 3991 84 19 procure
3065 3982 65 21 Books
3145 3982 49 19 from

2768 4011 34 18 the
2819 4010 86 25 Library
2923 4018 24 11 on
2965 4011 81 25 making
3065 4017 9 12 a
3088 4008 75 25 deposit
3175 4006 20 20 of

2769 4039 36 16 not
2820 4036 40 19 lees
2879 4036 49 20 than
2944 4044 29 13 os.
2991 4037 39 19 aid
3047 4034 116 28 purchasing
3174 4033 20 18 1»

2768 4069 80 18 coupon
2859 4062 31 19 Cor
2900 4069 60 19 every
2972 4063 55 19 Four
3037 4062 67 20 books.

2794 4093 42 20 The
2960 4094 17 21 is
3001 4101 51 20 open
3074 4092 69 23 during
3161 4089 33 20 the

2768 4120 91 24 evening.
