2559 4020
698 122 79 23 Police
795 121 134 31 Magistrate
947 121 115 24 sanctions
1082 121 46 23 and
1150 120 127 28 authorises

699 155 39 23 the
757 155 120 23 formation
897 154 24 24 of
941 155 86 22 certain
1049 154 82 24 armed,
1147 154 73 22 forces
1229 162 6 20 ;
1264 162 13 15 a

698 187 80 26 month
800 187 136 28 afterwards,
959 186 36 23 his
1018 194 121 15 successor
1162 187 24 22 in
1213 187 63 23 office

698 221 74 22 issues
792 228 14 15 a
825 220 174 28 Proclamation,
1017 218 85 32 styling
1122 218 63 24 these
1205 219 72 23 forces

723 253 76 30 illegal
978 251 45 23 and
1042 253 143 29 threatening
1196 256 23 19 to
1230 251 47 24 dis-

698 293 66 23 perse
776 286 68 28 them,
856 285 42 23 and
910 284 94 31 proceed
1016 285 89 30 against
1112 285 62 22 them
1186 284 91 24 accord-

699 319 40 30 ing
759 322 23 20 to
802 318 49 23 law.
886 317 44 23 We
950 321 36 19 act
1003 318 25 22 in
1049 317 119 23 obedience
1190 322 23 18 to
1235 325 42 16 one

699 351 79 24 Police
800 351 143 30 Magistrate,
966 350 42 23 and
1032 350 37 23 the
1086 354 56 19 next
1158 350 58 23 fines
1233 350 46 23 and

688 388 3 4 '
697 384 122 31 imprisons
826 391 38 22 :,us
875 383 35 23 for
921 391 25 15 so
958 383 77 30 doing.
1070 382 64 24 With
1146 390 42 16 one
1200 383 77 23 breath

694 416 59 31 .they
769 423 116 17 announce
902 415 37 24 the
957 415 65 31 pride
1041 415 72 23 which
1134 415 53 31 they
1204 416 75 23 would

698 449 44 23 feel
762 449 23 23 in
804 449 91 30 placing
912 448 137 24 themselves
1068 453 23 18 at
1103 456 41 15 our
1154 448 67 28 head,
1234 448 43 24 and

698 481 55 24 with
764 482 38 23 the
812 486 55 19 next
879 482 53 29 they
943 481 104 23 threaten
1059 485 23 19 to
1094 481 72 23 inflict
1178 488 61 23 upon
1249 489 28 16 us

698 514 38 24 the
748 514 117 31 penalties,
869 514 71 23 ofi-the
950 514 56 22 laws
1018 514 88 30 against
1118 514 103 23 sedition.

732 547 68 23 Since
812 547 37 23 the
861 547 68 22 above
940 554 47 15 was
1006 547 24 22 in
1050 551 58 27 type,
1122 554 32 15 we
1173 546 57 23 have
1240 555 37 15 re-

698 580 76 23 ceived
787 588 13 15 a
817 580 66 22 letter
903 579 58 23 from
982 579 38 23 the
1041 580 82 22 Crown
1143 579 135 24 Prosecutor

697 612 73 24 which
782 613 46 23 will
838 613 27 23 be
877 612 69 23 found
957 613 24 22 in
993 620 41 15 our
1046 613 109 27 columns,
1169 618 23 17 to
1203 613 74 23 which

697 653 33 15 we
741 646 45 30 beg
797 651 22 18 to
832 645 41 24 call
885 646 37 22 the
934 646 110 23 attention
1057 646 25 22 of
1097 653 41 15 our
1149 645 98 24 readers.

731 707 116 24 Pursuant
858 712 22 19 to
893 715 28 16 an
941 708 174 23 advertisement
1133 708 24 22 in
1178 716 41 15 our
1233 708 45 23 last

696 741 104 28 number,
820 740 37 24 the
878 740 81 24 Public
978 740 80 31 Safety
1077 740 136 24 Committee
1232 745 47 19 met

697 782 29 15 on
749 773 151 31 Wednesday,
922 778 23 18 to
967 773 54 23 take
1043 774 48 22 into
1113 774 165 23 consideration

696 806 38 23 the
747 807 186 23 communication
946 806 25 23 of
986 806 38 23 the
1044 806 78 24 Police
1141 806 136 31 Magistrate

696 844 23 18 to
731 839 38 23 the
780 839 165 23 Commandant
956 839 26 23 of
997 839 38 23 the
1053 839 126 25 Volunteer
1192 839 85 24 Forces

696 872 137 23 established
850 872 71 23 under
941 871 39 24 the
1000 872 116 31 authority
1134 872 26 23 of
1176 872 37 23 the
1232 873 45 23 late

696 904 78 24 Police
786 905 134 30 Magistrate
932 904 45 24 and
989 904 38 24 the
1040 905 146 30 Magistrates
1201 905 24 23 of
1240 906 38 24 the

695 938 112 30 territory,
828 938 131 30 requesting
977 938 48 23 him
1044 943 21 18 to
1085 938 53 23 take
1159 942 62 28 steps
1243 940 34 23 for

694 970 39 23 the
745 971 127 23 immediate
884 968 136 33 disbanding
1038 971 25 23 of
1078 971 37 23 the
1127 979 66 24 corps
1206 973 69 23 under

694 1003 36 23 his
743 1003 126 24 command.

728 1036 50 24 The
791 1037 99 30 meeting
900 1044 45 16 was
957 1044 14 16 a
982 1044 55 24 very
1048 1037 41 24 full
1102 1046 49 20 one,
1165 1038 38 23 the
1219 1046 57 16 wor-

694 1069 85 31 shipful
791 1070 39 23 the
841 1070 82 30 Mayor
932 1071 25 22 in
976 1070 38 23 the
1028 1070 77 24 Chair.
1141 1071 61 24 Four
1214 1079 61 16 reso-

693 1102 85 24 lutions
791 1110 55 16 were
858 1103 80 30 passed
957 1104 168 30 unanimously,
1140 1109 22 18 to
1182 1104 38 24 the
1231 1105 43 23 fol-

692 1135 84 31 lowing
792 1135 71 24 effect.
903 1138 20 21 1.
943 1136 62 23 That
1025 1137 36 22 the
1083 1137 136 24 Committee
1239 1138 36 24 did

693 1173 40 18 not
745 1169 102 23 consider
859 1169 37 23 the
910 1170 139 24 53,-soldiers
1061 1173 51 22 s,eiit
1124 1170 64 24 from'
1194 1171 81 23 Auc-

692 1201 53 24 kland
757 1210 12 15 a
781 1203 113 22 sufficient
905 1203 125 30 protection
1050 1203 34 22 for
1105 1203 38 24 the
1163 1204 56 23 lives
1232 1205 42 23 and

692 1239 106 27 property
809 1236 23 22 in
845 1235 45 23 this
912 1235 136 29 settlement,
1061 1237 44 23 and
1121 1236 49 24 that
1181 1245 13 15 a
1205 1245 68 23 gene-

692 1267 34 24 ral
748 1269 99 30 meeting
870 1269 26 22 of
919 1268 45 23 the-
977 1269 149 31 Magistrates
1146 1270 82 23 should
1247 1271 27 24 be

692 1301 72 23 called
787 1306 22 18 to
817 1310 2 7 '
834 1302 103 26 consider.
946 1314 7 17 ;,
955 1302 107 24 whether-
1078 1310 33 16 we
1134 1303 65 23 could
1221 1304 53 24 with

692 1334 73 31 safety
784 1335 38 30 lay
842 1335 64 22 down
927 1343 40 15 our
987 1343 69 16 arms.
1101 1338 23 21 2.
1153 1337 61 22 That
1237 1337 37 23 the

693 1368 135 23 Committee
840 1376 44 15 was
896 1368 66 23 much
985 1368 135 24 dissatisfied
1139 1374 23 18 at
1181 1370 38 22 the
1231 1378 42 15 un-

692 1406 118 18 courteous
822 1409 91 15 manner
931 1403 24 21 in
972 1401 75 24 which
1066 1403 18 22 it
1102 1403 44 23 had
1164 1403 55 23 been
1239 1409 34 18 at-

691 1434 100 30 tempted
809 1439 23 18 to
849 1439 42 26 put
911 1434 64 23 down
998 1434 39 23 the
1058 1435 146 25 Volunteers.
1249 1439 23 22 3.

692 1467 62 23 That
764 1467 38 23 the
816 1467 134 23 Committee
971 1467 93 24 differed
1073 1468 72 23 'from-
1161 1469 38 23 the
1218 1470 54 23 view

692 1500 68 23 taken
772 1500 30 30 by
813 1500 38 23 the
863 1500 156 24 Government
1025 1501 24 22 in
1057 1502 29 22 its
1098 1502 175 30 proclamations

691 1533 44 23 and
746 1533 23 23 in
790 1533 46 23 Mr.
851 1533 142 23 Shortland's
1014 1533 65 24 letter
1099 1539 21 19 to
1133 1535 36 23 the
1181 1536 91 30 Mayor,

691 1566 24 23 of
731 1566 38 23 the
781 1566 45 23 late
837 1566 93 24 Wairau
948 1566 126 30 Massacre,
1088 1568 44 23 and
1152 1569 87 23 instead
1251 1570 24 22 of

691 1599 123 32 regarding
833 1600 16 23 it
870 1608 25 14 as
915 1600 37 23 ths
971 1600 71 24 result
1062 1601 24 23 of
1102 1609 13 15 a
1135 1606 87 19 contest
1232 1603 40 22 be-

691 1637 71 18 tween
790 1632 76 24 armed
895 1633 90 23 settlers
1021 1634 56 23 from
1108 1634 88 24 Nelson
1228 1636 45 22 and

691 1665 101 28 Natives,
807 1674 25 14 as
852 1665 37 24 the
912 1666 155 24 Government
1087 1668 46 28 did,
1146 1668 54 30 they
1218 1676 54 16 con-

690 1698 88 24 sidered
798 1700 18 22 it
828 1707 24 15 as
870 1699 37 23 the
919 1700 71 23 result
1002 1700 26 23 of
1042 1708 28 15 an
1083 1706 95 26 attempt
1196 1702 24 23 of
1235 1704 37 21 the

691 1732 76 24 Police
788 1732 135 31 Magistrate
935 1733 25 23 of
976 1733 87 23 Nelson
1086 1738 24 18 to
1122 1739 92 19 execute
1232 1735 41 24 her

692 1765 119 31 Majesty's
833 1770 95 19 warrant
946 1766 44 23 and
1002 1772 94 26 support
1108 1767 40 24 her
1160 1769 112 30 authority

690 1806 53 15 over
763 1798 41 23 her
826 1799 106 31 subjects.
980 1801 23 21 4.
1028 1800 25 23 A
1074 1801 199 24 Sub-Committee

691 1839 45 16 was
764 1832 120 31 appointed
910 1837 21 18 to
953 1840 96 23 prepare
1071 1841 13 16 a
1108 1838 120 19 statement
1251 1836 25 22 of

690 1864 37 24 the
757 1872 92 16 manner
878 1865 23 23 in
922 1865 74 24 which
1026 1866 38 23 the
1087 1867 136 23 Committee
1251 1869 24 22 of

690 1897 79 31 Safety
788 1898 40 23 has
846 1899 134 30 discharged
997 1900 29 22 its
1042 1900 81 29 duties,
1134 1901 30 22 'to
1181 1901 30 22 be
1227 1901 46 24 laid

689 1937 23 17 at
725 1939 29 15 an
765 1932 62 30 early
838 1932 43 30 day
894 1932 76 26 before
984 1940 12 14 a
1008 1932 83 23 Public
1103 1932 111 33 Meeting.
1237 1951 5 5 .

722 1964 43 23 We
786 1965 56 22 have
862 1965 67 30 again
952 1966 109 30 carefully
1082 1967 129 23 considered
1234 1968 38 23 the

689 1997 59 29 legal
767 1998 96 29 position
884 1998 26 22 of
931 1998 38 22 the
990 1998 77 22 Police
1089 2000 137 30 Magistrate
1239 2017 3 9 ,

689 2029 45 23 this
747 2029 105 30 District,
865 2031 23 22 in
908 2031 64 22 order
985 2035 22 18 to
1026 2033 111 22 ascertain
1158 2032 60 23 what
1234 2041 37 16 are

689 2062 71 31 really
778 2063 37 23 the
835 2063 70 23 limits
928 2063 24 23 of
972 2071 28 15 an
1019 2064 114 31 authority
1152 2065 71 23 which
1244 2067 27 22 he

689 2104 73 15 seems
786 2096 101 23 resolved
912 2101 22 18 to
957 2097 86 22 stretch
1066 2103 21 17 to
1112 2099 37 23 the
1178 2104 91 19 utmost.

688 2129 43 23 We
745 2137 37 16 are
795 2129 99 24 satisfied
907 2130 47 23 that
968 2130 38 23 the
1026 2131 130 23 conclusion
1174 2140 32 15 we
1218 2140 52 23 pre-

687 2163 89 30 viously
788 2170 61 16 came
861 2168 31 23 to,
905 2163 43 23 and
967 2163 75 23 which
1061 2172 34 15 we
1112 2165 71 22 staled
1196 2166 23 22 in
1231 2174 40 15 our

687 2196 44 23 last
742 2196 95 23 number
848 2197 19 22 is
888 2201 86 18 correct
984 2206 6 20 ;
1009 2198 97 30 namely,
1120 2198 49 23 that
1185 2198 85 32 though

688 2229 38 23 the
739 2229 77 23 Police
830 2229 156 30 Magistrate's
999 2230 129 24 Ordinance
1146 2232 65 30 gives
1222 2233 50 22 that

688 2262 76 23 officer
776 2262 38 24 the
826 2262 46 23 sole
884 2271 73 22 power
979 2263 24 23 of
1019 2264 152 31 adjudicating
1188 2266 22 22 in
1222 2274 48 14 cer-

689 2296 46 22 tain
759 2296 101 23 criminal
889 2304 70 21 cases,
984 2297 93 31 thereby
1105 2299 108 30 reducing
1233 2300 37 22 the

688 2328 64 23 other
763 2329 98 24 Justices
873 2333 23 19 to
909 2337 60 16 mere
983 2330 95 31 cyphers
1091 2339 24 14 as
1127 2332 93 29 regards
1233 2332 38 24 the

688 2361 105 32 ordinary
806 2363 118 23 execution
936 2363 25 23 of
977 2363 59 23 their
1054 2364 71 29 office,
1138 2370 37 24 yet
1186 2365 49 23 that
1247 2367 23 22 in

687 2400 89 26 respect
788 2396 24 22 of
828 2395 57 24 their
897 2396 93 30 general
1001 2398 103 29 capacity
1116 2399 25 21 of
1151 2406 119 16 conserva-

688 2433 46 18 tors
747 2429 24 22 of
787 2429 38 23 the
838 2436 75 23 peace,
926 2429 44 23 and
982 2430 23 22 in
1018 2430 29 22 all
1059 2435 93 18 matters
1165 2436 39 18 not
1216 2440 54 23 spe-

687 2461 66 24 cified
772 2462 31 30 by
824 2462 36 23 the
880 2462 138 29 Ordinance,
1032 2463 36 22 the
1089 2464 148 30 Magistrates
1249 2466 24 23 of

688 2495 37 23 the
746 2497 105 28 territory
870 2502 38 16 are
928 2496 62 30 quite
1010 2497 152 30 independent
1183 2499 26 22 of
1233 2499 37 23 the

687 2528 78 23 Police
778 2528 143 30 Magistrate.
957 2529 94 31 Among
1069 2530 38 23 the
1128 2536 48 17 acts
1195 2531 74 23 which

687 2561 52 31 they
752 2569 37 15 are
802 2566 126 27 competent
948 2567 23 18 to
991 2562 28 24 do
1039 2563 24 23 of
1081 2563 58 23 their
1160 2572 49 15 own
1228 2573 41 15 au-

686 2595 85 31 thority
783 2595 44 23 and
838 2594 94 24 without
943 2596 115 23 reference
1076 2601 23 18 to
1112 2596 53 29 him,
1180 2605 38 16 are
1230 2598 39 24 the

686 2629 156 30 appointment
853 2628 26 23 of
894 2629 84 30 special
990 2629 135 29 constables,
1138 2630 38 24 the
1188 2631 83 31 calling

686 2662 60 23 them
760 2667 38 17 out
810 2669 28 16 on
855 2662 61 30 duty,
938 2661 38 24 the
997 2663 87 30 raising
1105 2664 25 22 of
1145 2663 37 24 the
1203 2673 67 22 posse

686 2695 126 28 comitatus,
827 2695 36 23 the
876 2694 100 31 quelling
994 2695 26 23 of
1035 2697 64 28 riots,
1112 2697 43 23 and
1178 2697 38 23 the
1228 2706 40 15 au-

685 2728 113 30 thorising
810 2728 37 23 the
858 2728 79 30 people
950 2732 22 19 to
993 2728 61 30 drill,
1067 2735 111 25 pursuant
1196 2736 22 18 to
1231 2732 38 22 the

685 2762 127 30 provisions
826 2761 23 23 of
863 2761 39 23 the
913 2761 48 23 Act
972 2761 24 23 of
1012 2762 91 31 George
1115 2763 38 23 tbe
1166 2764 49 24 3rd.

719 2794 107 29 Further,
838 2802 32 15 we
882 2802 38 15 are
932 2794 25 24 of
972 2796 92 30 opinion
1076 2796 49 23 that
1141 2796 64 25 when
1229 2798 38 23 the

687 2828 151 31 Magistrates
855 2828 25 22 of
896 2828 36 22 the
951 2829 107 30 territory
1075 2829 57 23 have
1155 2831 113 24 exercised

685 2862 58 22 their
755 2861 113 31 authority
879 2861 23 23 in
914 2869 43 23 any
971 2862 25 23 of
1011 2862 63 23 these
1086 2868 102 24 matters,
1210 2866 58 22 such

685 2902 25 15 as
721 2895 132 30 appointing
864 2895 84 30 special
966 2895 137 29 constables,
1117 2904 25 15 or
1153 2897 115 24 authoris-

685 2928 40 30 ing
744 2933 21 18 to
788 2928 58 28 drill,
869 2928 39 23 the
931 2928 79 23 Police
1033 2929 142 31 Magistrate,
1188 2931 40 23 has
1239 2939 30 16 no

685 2969 75 23 power
779 2967 22 17 to
813 2961 85 23 revoke
910 2969 24 15 or
946 2963 115 23 over-rule
1074 2963 59 23 what
1148 2964 53 31 they
1214 2965 55 23 have

685 2995 130 23 authorised
829 3003 24 15 or
866 2995 65 23 done.

718 3028 26 23 If
759 3036 32 15 we
803 3036 37 15 are
852 3033 86 19 correct
948 3029 24 22 in
986 3036 40 16 our
1044 3030 101 30 opinion,
1166 3031 38 23 the
1222 3031 46 24 late
1280 3030 3 24 i

684 3061 86 24 sudden
782 3062 44 22 and
838 3062 110 30 arbitrary
957 3066 37 19 act
1002 3062 26 24 of
1037 3062 37 24 the
1087 3063 79 24 Police
1178 3064 90 31 Magis-
1281 3057 2 36 j

684 3099 58 18 trate
753 3102 82 23 proves
843 3095 60 23 what
913 3102 33 16 we
957 3095 59 24 have
1027 3096 92 31 already
1137 3097 44 23 had
1200 3106 66 16 occa-

684 3128 50 22 sion
746 3132 21 18 to
779 3128 65 30 point
854 3132 47 24 out,
914 3127 38 24 the
964 3129 148 31 impropriety
1124 3130 25 23 of
1163 3132 105 30 appoint-

683 3161 41 30 ing
743 3161 98 30 military
852 3168 53 16 men
920 3161 80 31 totally
1018 3163 107 30 ignorant
1145 3163 25 23 of
1183 3164 43 24 law
1244 3170 22 19 to

684 3194 131 23 administer
828 3191 37 25 the
875 3193 43 24 law
931 3201 24 16 as
972 3195 97 23 salaried
1086 3196 79 23 Police
1177 3196 90 33 Magis-

684 3231 78 19 trates.
799 3226 26 24 If
835 3226 77 31 Major
920 3226 133 25 Richmond
1063 3229 64 23 acted
1134 3238 29 15 on
1170 3229 37 25 his
1218 3239 50 17 own

680 3260 122 32 judgment
810 3259 35 24 his
859 3264 58 19 want
929 3260 23 23 of
964 3260 60 32 legal
1035 3261 119 32 knowlege
1165 3263 42 24 has
1219 3266 48 22 evi-

683 3294 77 31 dently
767 3294 37 22 led
815 3293 46 23 him
874 3294 47 22 into
934 3302 14 14 a
960 3301 82 24 wrong
1051 3302 92 23 course;
1157 3297 45 23 and
1213 3298 19 23 if
1238 3298 29 24 he

684 3327 64 24 acted
764 3335 30 15 on
804 3326 38 24 the
859 3327 122 31 judgment
993 3327 26 24 of
1034 3327 83 30 others,
1130 3337 33 15 we
1175 3330 44 32 beg
1229 3339 37 16 re-

682 3360 122 31 spectfnlly
815 3365 23 18 to
850 3360 143 24 recommend
1005 3365 24 19 to
1037 3361 55 28 him,
1103 3370 25 15 as
1137 3370 34 16 we
1178 3371 88 17 recom-

682 3393 96 24 mended
785 3398 23 19 to
816 3393 35 24 his
858 3393 153 31 predecessor,
1020 3398 22 19 to
1051 3394 27 23 be
1083 3402 63 17 more
1153 3398 85 24 careful
1243 3403 22 19 to

682 3428 70 22 select
763 3427 138 23 counsellors
913 3427 55 23 who.
974 3435 38 15 are
1025 3433 127 26 competent
1159 3434 22 19 to
1190 3430 76 26 advise

681 3461 55 28 him,
750 3460 43 24 and
805 3459 93 34 to^ke.ep
915 3460 49 23 him
986 3465 40 19 out
1033 3457 4 6 '
1044 3461 25 23 of
1089 3461 130 27 difficulties
1242 3466 26 23 of

682 3494 73 23 which
765 3501 33 16 we
805 3494 73 23 forsee
887 3493 48 23 that
942 3494 119 24 otherwise
1070 3495 45 23 this
1126 3496 44 24 will
1177 3497 88 25 neither

680 3527 28 23 be
720 3527 39 24 the
769 3527 44 23 last
825 3534 40 16 nor
877 3527 38 23 the
925 3531 62 19 most
1000 3528 96 23 serious.

715 3560 50 24 The
778 3560 47 24 real
835 3560 102 31 question
948 3567 75 17 seems
1035 3565 23 19 to
1068 3557 30 27 be
1109 3561 100 26 whether
1225 3564 39 24 the

681 3593 149 31 Magistrates
839 3593 24 24 of
872 3593 39 23 the
920 3594 106 30 territory
1037 3602 36 15 are
1086 3599 23 19 to
1120 3597 73 23 retain
1206 3597 58 24 their

681 3627 77 23 offices
767 3635 25 15 or
803 3631 48 19 not.
898 3626 50 24 The
969 3626 131 25 Ordinance
1119 3628 65 25 takes
1204 3631 59 24 from

680 3659 62 24 them
765 3660 38 23 the
825 3667 74 23 power
921 3659 26 23 of
962 3660 77 31 acting
1056 3661 25 22 in
1098 3661 31 24 all
1140 3663 124 31 important

680 3697 95 19 matters,
785 3693 85 30 arising
881 3693 24 22 in
916 3692 38 24 the
967 3693 106 31 ordinary
1080 3695 183 26 administration

680 3726 25 23 of
711 3726 84 31 justice
803 3734 6 20 ;
825 3725 43 24 and
880 3725 37 23 the
925 3725 79 24 Police
1014 3726 136 32 Magistrate
1157 3736 85 19 asserts
1250 3739 13 16 a

679 3759 62 31 right
753 3764 21 19 to
787 3758 114 25 over-rule
913 3759 30 23 all
955 3759 49 24 that
1017 3759 53 32 they
1081 3760 29 24 do
1131 3762 23 23 in
1173 3763 31 23 its
1221 3772 41 16 ex-

679 3793 141 30 traordinary
842 3792 190 25 administration.
1084 3794 112 25 Whether
1208 3797 55 31 they

678 3826 45 23 will
747 3826 66 23 think
837 3826 37 23 the
897 3833 66 16 name
987 3826 44 24 and
1052 3829 169 32 responsibility
1239 3831 26 24 of

678 3859 149 32 Magistrates
849 3859 71 25 worth
941 3860 122 31 retaining,
1084 3862 65 23 when
1173 3863 30 23 all
1218 3864 44 25 -the

677 3899 75 25 power
764 3893 26 24 of
804 3893 38 24 the
856 3893 64 24 office
938 3894 19 22 is
976 3893 70 24 taken
1063 3894 58 24 from
1141 3896 70 30 them,
1229 3903 33 18 wfe

678 3927 87 23 confess
778 3934 33 16 we
823 3926 68 24 much
903 3926 77 24 doubt.
1016 3928 35 22 At
1068 3928 38 24 the
1125 3936 62 16 same
1200 3931 61 24 time.

1300 119 97 32 judging
1407 121 32 30 by
1449 120 39 23 the
1505 121 115 23 character
1626 138 6 11 ,,
1641 122 25 22 of
1681 121 38 24 the
1737 121 107 32 majority
1863 123 26 22 of

1303 161 42 15 our
1367 153 71 23 Local
1456 154 157 30 Magistrates,
1635 161 32 16 we
1686 158 83 19 cannot
1789 154 97 24 hesitate

1303 190 23 19 to
1338 185 66 24 think
1413 186 50 23 that
1474 186 53 31 they
1540 187 45 22 will
1595 187 82 30 regard
1687 187 39 22 the
1736 188 113 23 assertion
1860 188 29 23 of

1304 226 25 15 as
1340 218 66 24 much
1420 218 116 31 authority
1555 224 33 18 as'
1600 220 38 22 the
1655 220 44 22 law
1717 220 87 23 invests
1825 220 61 23 them

1304 251 62 29 with,
1388 259 25 15 as
1432 259 14 16 a
1463 251 56 31 duty
1538 253 52 29 they
1606 260 47 15 owe
1665 256 22 19 to
1700 252 38 23 the
1748 253 85 30 public,
1844 253 44 23 and

1304 284 50 23 that
1370 284 53 30 they
1444 284 45 23 will
1506 289 41 19 not
1566 293 53 22 pass
1631 292 51 16 over
1701 285 23 22 in
1743 286 84 22 silence
1849 286 38 22 the

1305 317 69 30 slight
1383 317 49 23 that
1443 317 41 23 has
1496 317 58 23 been
1566 322 39 26 put
1614 325 61 23 upon
1687 317 71 23 them.

1338 349 50 24 The
1400 357 79 16 course
1492 350 73 23 which
1576 357 32 16 we
1620 350 80 23 should
1714 350 56 23 have
1778 351 108 30 expected

1305 381 38 23 the
1353 381 77 24 Police
1442 381 138 32 Magistrate
1592 387 21 19 to
1625 383 57 23 have
1694 383 98 30 adopted
1804 391 30 15 on
1853 383 35 24 his

1305 415 82 23 arrival
1399 415 61 29 here,
1473 415 74 24 would
1558 415 57 24 have
1626 415 58 24 been
1696 420 22 19 to
1737 416 58 23 have
1816 416 72 24 called

1305 447 104 30 together
1432 456 14 15 a
1467 448 93 31 general
1583 448 98 31 meeting
1704 449 25 22 of
1754 448 40 24 the
1816 449 72 24 Local

1306 480 155 30 Magistrates,
1480 486 25 18 to
1526 482 57 23 have
1600 481 112 24 informed
1729 481 63 24 them
1811 482 25 23 of
1851 482 37 24 the

1305 517 80 19 nature
1407 513 26 24 of
1458 522 45 22 any
1525 514 147 23 instructions
1691 514 30 23 he
1740 514 74 31 might
1832 515 56 23 have

1305 545 101 28 receiveji
1428 550 23 19 at
1472 547 57 23 head
1548 551 110 27 quarters,
1679 547 44 23 and
1742 551 23 19 to
1782 547 57 24 have
1851 555 36 16 re-

1308 579 93 30 quested
1411 578 58 24 their
1481 580 92 31 opinion
1585 588 59 23 upon
1657 580 38 23 the
1707 584 59 19 state
1778 580 26 23 of
1812 580 76 24 affairs

1303 611 25 23 in
1340 611 37 23 the
1397 611 88 24 district
1505 613 71 23 under
1597 613 58 23 their
1675 614 211 30 superintendance.

1305 643 59 24 This
1372 644 72 24 would
1456 646 58 23 have
1525 646 58 23 been
1594 654 13 15 a
1617 646 154 31 gentlemanly
1779 647 44 23 and
1834 655 54 15 con-

1305 677 101 31 ciliatory
1418 685 87 22 course,
1519 679 43 23 and
1572 684 60 18 must
1649 679 58 23 have
1725 679 114 24 disarmed
1856 680 30 23 all

1305 711 127 29 opposition
1452 716 21 19 to
1496 719 45 23 any
1561 712 76 23 future
1658 720 79 16 course
1761 712 72 23 which
1859 713 29 23 he

1306 743 72 31 might
1389 743 56 24 have
1454 744 98 31 thought
1560 750 81 26 proper
1652 749 23 19 to
1682 745 76 31 adopt.
1778 746 109 23 Hitherto

1305 775 63 24 there
1378 776 43 23 has
1431 776 58 25 been
1501 778 40 24 the
1552 783 100 25 greatest
1661 778 126 24 defference
1797 779 54 30 paid
1863 783 21 19 to

1305 808 38 24 the
1355 809 113 31 authority
1479 811 26 22 of
1520 811 38 23 the
1568 811 77 23 Police
1658 811 136 31 Magistrate
1802 820 7 21 ;
1822 812 65 23 here-

1295 842 67 23 /after
1371 849 32 16 we
1415 843 130 31 apprehend
1555 843 39 24 the
1604 844 71 23 limits
1684 845 24 22 of
1715 844 49 23 that
1774 844 112 30 authority

1304 874 48 23 will
1366 875 27 23 be
1402 883 62 15 more
1475 876 85 31 closely
1567 876 118 23 examined
1694 877 45 23 and
1748 879 30 21 its
1788 878 100 23 exercise

1305 907 107 31 regarded
1423 908 53 23 with
1488 916 63 16 more
1560 909 113 31 jealousy.

1338 941 34 22 As
1383 941 92 30 regards
1488 942 39 22 the
1538 943 114 30 propriety
1665 942 25 23 of
1705 942 37 24 the
1754 943 128 23 volunteers

1305 973 66 31 being
1382 973 56 32 kept
1449 982 29 15 on
1490 975 55 28 foot,
1559 982 32 16 we
1602 975 89 24 confess
1704 983 32 16 we
1749 981 82 18 cannot
1848 983 36 16 see

1305 1006 38 23 the
1355 1006 105 31 slightest
1470 1015 82 16 reason
1564 1013 22 18 to
1598 1008 69 24 doubt
1679 1010 24 22 it.
1751 1009 51 23 The
1821 1009 66 23 small

1304 1039 59 31 body
1374 1041 25 22 of
1414 1040 95 23 soldiers
1519 1041 73 23 which
1603 1041 56 23 have
1670 1042 57 23 been
1740 1047 51 18 sent
1802 1050 35 20 us,
1850 1050 38 15 are

1305 1079 28 16 no
1345 1069 29 27 do'
1384 1073 69 24 doubt
1465 1082 13 15 a
1491 1079 64 25 great
1567 1076 103 22 increase
1682 1079 22 19 to
1717 1083 40 16 our
1770 1076 99 29 security
1879 1085 5 19 ;

1303 1105 42 23 but
1356 1105 72 24 would
1444 1106 54 31 they
1517 1108 24 22 in
1562 1115 50 16 case
1632 1108 24 23 of
1678 1116 13 15 a
1712 1108 102 23 collision
1834 1109 52 23 with

1305 1138 36 23 the
1355 1138 94 25 Natives
1460 1140 29 23 be
1501 1140 37 24 the
1549 1140 46 24 less
1607 1140 101 24 effective
1721 1141 20 23 if
1755 1142 54 30 they
1829 1149 57 16 were

1304 1171 84 25 backed
1402 1180 30 23 up
1442 1173 30 30 by
1484 1175 49 22 400
1547 1174 128 23 volunteers
1684 1175 10 23 ?
1714 1175 42 22 and
1769 1175 60 22 what
1848 1176 36 21 in-

1300 1204 53 32 jury
1366 1206 19 22 is
1397 1206 71 30 likely
1481 1211 22 18 to
1517 1208 57 22 arise
1594 1207 59 23 from
1671 1208 37 22 the
1728 1208 115 23 existence
1863 1208 25 23 of

1303 1237 38 24 the
1364 1238 137 25 Volunteers
1512 1239 10 24 1
1547 1248 38 15 are
1605 1241 52 30 they
1679 1248 24 16 so
1724 1241 127 31 dangerous
1873 1250 13 14 a

1303 1271 58 31 body
1383 1271 49 24 that
1452 1272 38 24 the
1510 1273 127 24 settlement
1656 1278 61 19 must
1733 1275 27 22 be
1776 1274 110 30 instantly

1301 1304 63 24 freed
1374 1304 59 24 from
1445 1305 37 23 the
1494 1306 63 31 peril'
1564 1307 24 23 of
1603 1307 59 23 their
1674 1314 107 24 presence
1790 1308 9 23 ?
1835 1307 50 23 The

1303 1337 103 31 Marquis
1418 1338 25 23 of
1458 1338 141 32 Normanby,
1623 1340 61 23 Lord
1700 1340 61 23 John
1781 1340 102 28 Russell,

1302 1371 43 22 and
1357 1371 37 23 Sir
1406 1371 91 31 George
1510 1372 82 31 Gipps,
1605 1380 61 16 seem
1679 1378 22 18 to
1714 1373 56 23 have
1783 1373 58 23 been
1861 1373 24 23 of

1301 1411 14 16 a
1326 1403 102 24 different
1440 1406 101 30 opinion.

1334 1461 38 23 On
1391 1461 37 23 tho
1447 1462 82 22 arrival
1550 1463 26 22 of
1595 1462 39 23 the
1654 1463 58 30 brig,
1736 1471 41 15 one
1802 1464 25 22 of
1847 1464 37 23 the

1301 1494 108 31 principal
1428 1495 100 31 subjects
1548 1495 27 23 of
1590 1497 94 29 enquiry
1702 1504 53 20 was,
1774 1497 60 22 what
1848 1505 36 15 re-

1301 1528 87 30 ception
1401 1528 37 23 the
1450 1535 62 16 news
1531 1529 26 22 of
1575 1528 36 24 the
1630 1529 46 23 late
1696 1530 107 31 unhappy
1821 1530 63 23 affair

1301 1560 42 23 had
1363 1565 45 18 met
1427 1561 53 23 with
1501 1566 23 18 at
1543 1561 131 25 Auckland.
1711 1563 95 24 Viewed
1826 1571 25 16 as
1871 1572 13 15 a

1301 1601 110 16 massacre
1434 1594 24 23 of
1477 1602 42 15 our
1539 1595 72 23 fellow
1630 1601 155 26 countrymen,
1804 1598 17 21 it
1839 1605 44 15 was

1301 1627 122 23 calculated
1446 1633 22 17 to
1491 1627 57 24 have
1571 1629 87 22 excited
1681 1630 97 30 feelings
1803 1631 25 22 of
1844 1631 38 22 the

1301 1660 90 30 deepsst
1409 1662 182 22 commiseration
1600 1671 6 19 ;
1634 1662 44 23 and
1698 1664 85 22 viewed
1804 1672 25 14 as
1856 1671 26 15 an

1301 1697 35 19 act
1355 1693 23 23 of
1395 1695 124 22 resistance
1538 1699 22 19 to
1582 1695 36 23 the
1634 1695 106 26 -Queen's
1760 1697 122 31 authority,

1300 1726 116 31 involving
1434 1726 37 24 the
1484 1728 139 23 destruction
1635 1728 25 24 of
1669 1737 13 15 a
1694 1729 79 23 Police
1793 1730 89 31 Magis-

1301 1764 64 23 trate,
1378 1764 42 18 two
1439 1759 72 25 Local
1531 1761 158 30 Magistrates,
1710 1763 44 23 and
1773 1768 20 18 a'
1802 1763 81 23 Crown

1301 1792 135 24 Prosecutor
1449 1795 121 29 executing
1583 1803 12 14 a
1605 1800 104 24 warrant,
1723 1796 53 23 with
1795 1796 38 24 the
1848 1796 34 24 aid

1301 1825 25 23 of
1346 1826 88 30 regular
1456 1826 143 31 Constables,
1618 1829 19 22 it
1655 1836 45 16 was
1719 1830 125 23 calculated
1861 1834 22 19 to

1300 1860 72 22 excite
1383 1860 38 22 the
1433 1865 60 18 most
1504 1861 72 23 active
1588 1862 142 30 indignation
1742 1871 29 15 on
1783 1863 38 23 the
1832 1869 52 25 part

1301 1892 25 22 of
1333 1892 38 23 the
1384 1892 163 25 Government.

1333 1925 35 23 As
1380 1926 92 30 regards
1486 1926 37 23 the
1534 1926 66 25 latter
1612 1929 64 30 point
1695 1929 24 22 of
1738 1930 56 21 view
1806 1938 42 20 we,
1860 1930 23 22 in

1301 1958 76 24 Cooks
1390 1959 79 28 Strait,
1483 1967 38 15 are
1542 1961 24 22 in
1583 1961 46 23 fact
1647 1961 53 31 only
1712 1970 12 14 a
1742 1962 86 24 barrier
1842 1963 40 23 be-

1299 1996 71 18 tween
1383 1992 38 22 the
1433 1991 95 24 Natives
1541 1993 44 22 and
1596 1994 123 23 Auckland
1754 1996 20 21 if
1783 2003 33 14 we
1825 2003 57 14 were

1300 2024 121 28 sacrificed,
1435 2024 37 23 the
1485 2029 49 19 seat
1546 2025 25 23 of
1589 2026 155 23 Government
1755 2027 75 23 would
1843 2032 39 18 not

1299 2057 54 31 long
1364 2058 92 23 remain.
1494 2057 51 24 The
1557 2059 50 22 idea
1627 2060 25 22 of
1668 2059 101 31 hostility
1781 2060 101 24 between

1301 2090 35 23 the
1350 2095 41 18 two
1404 2099 63 15 races
1479 2091 75 23 would
1566 2097 45 24 not,
1625 2093 22 22 in
1661 2092 37 24 the
1712 2093 83 23 Native
1813 2094 69 28 mind,

1299 2123 27 23 be
1340 2124 101 23 confined
1453 2129 22 18 to
1488 2124 46 23 this
1546 2125 88 24 district
1644 2135 7 19 ;
1671 2126 44 23 and
1727 2126 38 23 the
1780 2131 56 19 taste
1849 2127 34 23 for

1300 2156 37 23 the
1350 2156 115 24 Pakeha's
1486 2158 67 23 blood
1565 2166 54 15 once
1631 2159 115 30 indulged,
1759 2160 73 23 would
1844 2165 40 18 not

1299 2189 28 23 be
1340 2191 99 23 satisfied
1450 2191 67 23 while
1527 2199 44 23 any
1585 2193 113 22 remained
1710 2194 24 21 in
1743 2193 37 23 the
1788 2193 93 24 islands.

1332 2223 65 23 With
1422 2224 46 23 this
1491 2225 167 24 consideration
1686 2226 76 23 before
1791 2235 36 21 us,
1851 2235 31 15 we

1300 2257 109 30 naturally
1421 2257 82 24 looked
1514 2257 35 24 for
1562 2259 36 22 the
1611 2264 114 26 strongest
1737 2261 144 30 expressions

1300 2291 20 22 of
1333 2290 141 29 condolence,
1487 2292 45 22 and
1545 2292 38 23 the
1594 2297 59 18 most
1663 2293 71 23 active
1743 2294 110 23 assertion
1861 2294 25 23 of

1300 2323 111 31 authority
1430 2328 23 19 at
1472 2324 132 25 Auckland.
1641 2326 42 23 We
1705 2332 75 25 regret
1802 2332 21 18 to
1843 2335 40 23 say

1299 2356 49 24 that
1359 2365 31 15 we
1402 2357 47 23 find
1464 2357 59 23 little
1536 2358 24 23 of
1578 2359 70 23 either
1668 2367 42 15 one
1723 2368 25 14 or
1759 2360 40 23 the
1811 2360 70 24 other.

1300 2390 48 23 Not
1359 2390 50 30 only
1422 2391 38 22 the
1472 2399 152 23 newspapers,
1637 2393 41 22 but
1689 2393 38 23 the
1743 2393 139 24 Governor's

1299 2423 174 30 Proclamation,
1487 2424 44 24 and
1543 2425 35 23 his
1590 2425 66 23 letter
1668 2431 21 18 to
1702 2427 38 22 the
1757 2426 66 24 Chan
1828 2435 53 15 man

1299 2456 25 23 of
1338 2457 37 23 the
1395 2457 82 23 Public
1498 2458 80 30 Safety
1597 2459 136 24 Committee
1750 2460 62 28 here,
1827 2466 57 17 treat

1299 2490 37 23 the
1349 2490 62 23 affair
1423 2492 24 21 in
1460 2491 38 23 the
1511 2499 62 16 same
1582 2500 92 15 manner
1684 2500 24 16 as
1718 2494 18 22 it
1743 2500 47 16 was
1799 2494 84 23 treated

1298 2524 22 22 in
1345 2523 36 23 the
1405 2523 121 24 document
1547 2530 41 25 put
1609 2526 97 23 forward
1729 2527 72 22 under
1832 2528 47 23 Mr.

1300 2556 156 31 M'Donogh's
1465 2559 111 28 sanction,
1584 2558 36 23 the
1626 2559 71 23 whole
1704 2560 25 22 of
1737 2560 36 23 the
1780 2561 103 23 material

1297 2594 52 27 part
1366 2590 24 23 of
1404 2590 73 24 which
1499 2591 28 23 he
1539 2591 41 24 has
1592 2593 62 22 since
1672 2593 175 31 acknowledged
1860 2600 22 17 to

1299 2623 26 23 be
1338 2624 136 29 unfounded,
1488 2624 45 24 and
1550 2624 42 24 has
1612 2627 118 23 retracted.
1768 2626 50 24 The
1830 2627 53 32 only

1298 2657 101 23 material
1422 2657 121 24 difference
1567 2659 100 23 between
1691 2660 37 23 the
1758 2660 125 24 Auckland

1298 2694 120 19 statement
1436 2691 43 23 and
1499 2691 48 23 that
1568 2697 42 26 put
1627 2692 59 24 forth
1711 2694 53 22 here
1788 2694 28 28 is,
1835 2694 49 24 that

1297 2723 65 23 while
1381 2724 47 23 Mr.
1447 2724 138 32 M'Donogh
1604 2726 50 23 said
1673 2727 48 22 that
1742 2727 28 23 he
1790 2727 37 23 did
1844 2732 40 19 not

1298 2756 66 23 know
1375 2757 74 23 which
1460 2764 66 25 party
1538 2767 46 15 was
1594 2760 24 22 in
1632 2760 38 22 the
1682 2767 85 24 wrong,
1787 2761 44 23 and
1842 2761 42 23 left

1298 2790 17 22 it
1327 2794 23 19 to
1357 2789 26 24 be
1391 2790 99 24 inferred
1497 2791 58 24 from
1566 2792 36 24 the
1611 2794 144 30 expressions
1763 2794 64 29 used,
1836 2794 48 23 that

1298 2822 36 24 the
1348 2823 121 32 European
1480 2829 67 27 party
1559 2833 52 21 was,
1625 2835 42 14 one
1675 2826 25 23 of
1710 2827 37 23 the
1759 2827 125 25 Auckland

1298 2857 130 23 documents
1449 2862 84 20 asserts
1554 2859 75 31 boldly
1651 2859 50 24 that
1723 2860 54 23 both
1797 2861 86 31 parties

1298 2897 57 16 were
1366 2890 21 23 in
1407 2890 38 24 the
1464 2899 79 24 wrong
1553 2901 6 19 ;
1581 2893 44 23 and
1643 2893 48 23 that
1712 2893 35 23 for
1768 2894 40 23 the
1828 2902 53 23 very

1298 2924 116 30 ingenious
1424 2932 90 22 reason,
1524 2925 48 24 that
1583 2926 66 23 blood
1660 2926 45 23 had
1717 2927 57 23 been
1787 2927 56 23 shed
1854 2935 29 16 on

1298 2956 55 23 both
1366 2957 59 23 sides
1435 2958 5 23 2

1330 2989 48 25 The
1390 2991 122 23 document
1523 2992 24 23 in
1558 2992 72 23 which
1646 2992 45 23 this
1703 2997 122 19 statement
1842 3002 40 22 ap-

1296 3031 65 23 pears
1382 3024 20 22 is
1423 3032 14 15 a
1460 3024 168 24 Proclamation
1653 3026 120 23 addressed
1799 3031 23 19 to
1845 3027 37 23 the

1298 3062 97 23 Maories
1407 3063 25 22 in
1444 3062 59 23 their
1516 3064 73 22 native
1598 3063 113 32 language
1722 3064 25 23 of
1756 3064 37 24 wh
1806 3065 28 23 eh
1846 3065 37 24 the

1296 3095 113 30 following
1421 3095 19 23 is
1453 3103 14 15 a
1477 3097 137 23 translation
1624 3106 6 14 ::

1406 3132 50 26 brig
1474 3133 96 20 Victoria
1587 3133 39 22 has
1643 3134 89 22 arrived
1750 3134 58 22 from
1830 3135 53 22 Port

1295 3158 147 21 Nicholson
1445 3158 37 23 the
1503 3160 92 22 horizon
1609 3160 19 21 is
1644 3160 63 28 dark,
1725 3161 37 21 the
1782 3162 43 27 day
1845 3169 37 15 ex-

1296 3184 115 28 ceedingly
1420 3185 61 22 dark.
1512 3186 67 23 News
1588 3187 55 22 from
1654 3188 70 22 above
1735 3188 40 22 has
1785 3189 97 22 reached

1295 3212 81 26 stating
1385 3212 50 22 that
1445 3220 13 14 a
1468 3213 92 22 conflict
1569 3214 40 21 has
1627 3214 66 22 taken
1708 3215 64 27 place
1781 3216 101 22 between

1296 3238 37 22 the
1343 3238 93 23 Natives
1446 3240 46 22 and
1510 3240 157 28 Europeans
1669 3249 63 14 some
1748 3242 58 22 have
1816 3243 66 22 fallen

1296 3272 27 14 on
1334 3265 54 22 both
1397 3266 58 22 sides
1485 3268 54 21 with
1547 3275 27 14 us
1584 3268 53 21 both
1653 3269 82 27 parties
1750 3276 38 15 are
1799 3277 81 20 wrong,

1294 3292 118 27 according
1421 3296 23 19 to
1457 3294 39 22 the
1514 3294 53 22 laws
1583 3295 54 21 both
1653 3296 25 20 of
1690 3296 52 21 God
1758 3296 46 22 and
1820 3304 60 15 man.

1294 3318 47 22 The
1351 3319 129 27 particulars
1496 3321 26 22 of
1532 3321 39 22 the
1587 3322 95 27 conflict,
1700 3323 23 21 in
1741 3322 72 22 which
1828 3324 53 22 both

1293 3345 128 27 Europeans
1433 3348 44 21 and
1489 3348 94 21 Natives
1596 3348 57 22 have
1663 3349 76 27 fallen,
1750 3356 33 15 we
1794 3357 37 15 are
1842 3355 40 17 not

1293 3374 24 21 in
1326 3372 41 23 full
1375 3374 125 28 possession
1509 3376 29 25 of,
1548 3375 42 21 but
1606 3383 33 13 we
1654 3383 37 14 are
1706 3376 93 28 seeking
1813 3377 68 23 infor-

1293 3400 83 22 mation
1385 3407 24 15 as
1425 3403 22 19 to
1463 3401 38 22 the
1519 3402 71 26 origin
1605 3402 26 21 of
1642 3402 38 22 the
1697 3403 91 22 affair
1788 3404 34 22 for
1838 3404 43 22 this

1292 3432 91 22 purpose
1393 3427 38 22 the
1442 3428 123 22 Governor,
1571 3428 45 22 had
1632 3432 49 19 sent
1691 3436 66 16 some*
1762 3430 87 23 officer's
1859 3435 22 19 to

1293 3454 37 21 the
1346 3454 93 22 Natives
1455 3454 22 22 in
1494 3455 66 21 order
1577 3455 48 22 that
1639 3456 28 22 he
1684 3464 52 19 may
1752 3457 55 22 hear
1822 3459 60 21 what

1294 3480 52 28 they
1355 3480 56 23 have
1421 3484 23 19 to
1455 3489 46 19 say,
1514 3482 43 21 and
1568 3482 92 28 thereby
1670 3483 28 23 be
1707 3483 58 28 fully
1774 3486 107 27 acquain-

1293 3508 36 21 ted
1341 3508 51 22 with
1402 3508 38 22 the
1450 3508 169 23 circumstance.
1648 3510 43 22 Let
1700 3518 26 15 us
1736 3511 51 22 wait
1797 3515 23 19 to
1828 3512 53 22 hear

1293 3534 36 22 the
1340 3538 135 18 correctness
1486 3535 46 22 and
1548 3536 61 21 truth
1619 3537 26 21 of
1658 3537 43 23 this
1712 3541 83 19 matter
1801 3546 6 19 ;
1823 3540 58 22 until

1291 3561 72 22 which
1374 3561 27 22 do
1411 3565 40 18 not
1460 3561 32 22 let
1501 3569 26 14 ub
1544 3563 123 27 prejudge.'
1689 3564 33 22 To
1738 3572 26 14 us
1779 3565 55 28 they
1844 3574 37 20 ap-

1291 3595 54 21 pear
1353 3588 54 22 both
1416 3595 78 21 wrong
1522 3589 68 22 blood
1600 3589 49 25 .has
1658 3591 57 21 been
1726 3591 52 27 spilt
1788 3599 29 15 on
1827 3593 54 22 both

1291 3615 66 22 sides.
1384 3615 22 22 It
1414 3616 19 21 is
1444 3623 66 15 cause
1520 3616 25 22 of
1551 3619 63 24 great
1623 3621 75 22 regret
1707 3617 48 23 that
1768 3618 37 22 the
1814 3619 67 23 blood

1291 3642 26 21 of
1327 3649 41 15 our
1376 3642 73 22 fellow
1459 3646 112 18 creatures
1582 3643 80 23 should
1670 3644 30 22 be
1710 3645 64 22 shed.

1340 3668 47 23 The
1397 3669 95 22 Natives
1503 3670 44 22 and
1557 3670 38 22 the
1606 3670 130 29 Europeans
1748 3671 57 23 both
1814 3680 66 20 agree

1291 3695 49 23 that
1349 3694 37 23 the
1395 3696 71 28 origin
1475 3696 28 22 of
1508 3696 46 22 this
1563 3697 95 27 quarrel,
1671 3698 32 27 (in
1714 3699 74 22 which
1798 3703 83 25 twenty

1289 3720 56 24 lives
1353 3722 57 22 have
1420 3722 57 23 been
1489 3723 61 27 lost,)
1563 3730 44 15 was
1625 3724 69 22 about
1703 3725 61 23 land.
1795 3727 22 21 Is
1827 3727 54 23 land

1290 3756 62 15 more
1362 3750 101 22 valuable
1475 3750 54 22 than
1539 3750 38 21 the
1587 3750 38 22 life
1640 3751 27 21 of
1677 3759 53 15 man
1738 3752 9 21 ?
1775 3753 49 22 The
1835 3754 45 22 Eu-

1289 3783 92 21 ropeans
1391 3777 26 22 of
1429 3777 53 22 Port
1493 3777 122 23 Nicholson
1632 3785 40 20 say
1681 3778 49 22 that
1745 3779 136 28 Rauparaha

1289 3803 45 21 and
1344 3803 140 28 Rangihaeta
1501 3804 108 28 proposed
1627 3805 48 22 that
1693 3805 44 22 Mr.
1750 3807 68 27 Spain
1834 3809 45 21 and

1291 3830 43 22 Mr,
1346 3830 78 27 Qarke
1441 3831 81 22 should
1539 3831 63 22 settle
1620 3831 38 22 the
1674 3839 50 15 case
1740 3835 140 27 concerning

1291 3856 36 22 the
1343 3857 65 27 land;
1425 3857 57 23 after
1499 3858 72 22 which
1588 3858 53 28 they
1657 3863 46 17 tore
1720 3866 30 21 up
1766 3859 38 24 the
1817 3861 61 28 flags,

1289 3884 71 22 threw
1369 3884 64 23 down
1443 3885 39 21 the
1491 3885 63 27 poles
1566 3885 48 22 that
1632 3885 45 23 had
1692 3886 56 22 been
1764 3891 35 19 set
1807 3894 30 22 up
1846 3890 35 20 for

1289 3911 81 26 marks,
1382 3911 67 23 burnt
1468 3912 38 22 the
1524 3913 128 26 Surveyor's
1667 3913 87 27 houses,
1771 3915 45 21 and
1831 3919 49 18 sent

1289 3937 47 22 him
1348 3938 43 22 and
1407 3939 35 21 his
1458 3946 55 15 men
1529 3939 35 21 off
1573 3939 38 23 the
1627 3939 59 23 land.
1717 3940 54 22 This
1788 3941 37 22 led
1842 3941 37 22 the

1914 121 108 26 Surveyor
2030 123 23 18 to
2064 121 39 22 the
2119 122 118 23 residence
2253 123 26 21 of
2286 122 39 22 Me
2343 122 154 29 Europeans

1914 150 22 17 to
1947 147 36 21 the
1999 147 76 21 Police
2093 148 140 28 Magistrate,
2250 149 120 26 informing
2385 149 47 23 him
2451 153 46 22 that

1914 173 37 21 the
1962 173 92 22 Natives
2063 173 46 22 had
2119 178 40 18 not
2168 175 53 28 kept
2236 173 55 24 their
2304 178 59 19 word
2374 175 25 22 in
2409 176 86 30 leaving

1914 199 37 21 the
1962 202 78 19 matter
2049 202 23 19 to
2082 200 37 22 the
2136 202 171 22 Commissioner
2314 210 6 19 ;
2335 205 23 18 at
2372 202 72 23 which
2462 206 34 22 the

1915 225 73 22 Police
2004 226 133 26 Magistrate
2152 228 45 21 and
2212 228 38 22 the
2267 226 123 25 constables
2407 234 56 18 went
2475 236 21 17 to

1915 252 52 21 take
1981 253 49 21 Rau
2034 260 38 19 par
2074 253 42 23 aha
2133 254 46 21 and
2196 254 137 28 Rangihaeta
2332 260 4 10 1
2349 258 22 18 to
2387 255 38 22 the
2444 259 52 21 resi-

1915 278 69 22 dence
2006 279 24 21 of
2050 279 39 21 the
2112 280 136 28 Europeans,
2269 285 19 18 to
2307 281 133 27 investigate
2460 284 36 23 the

1915 312 58 14 case.
2000 305 190 28 Butauparaba
2205 307 45 22 and
2265 308 138 27 Rangihaeta
2413 308 37 23 did
2459 315 38 18 not

1915 331 60 26 yield
1992 334 23 18 to
2034 331 38 22 the
2091 339 127 21 summons;
2241 334 50 27 they
2310 335 74 21 would
2403 339 40 18 not
2460 344 35 19 go.

1915 357 63 22 Then
1988 357 37 22 the
2043 358 75 22 Police
2135 359 132 27 Magistrate
2281 361 69 21 called
2367 361 39 21 the
2422 364 74 21 armed

1915 391 51 15 men
1976 387 23 18 to
2015 392 62 14 come
2092 385 97 23 forward
2206 387 45 21 and
2268 390 67 19 arrest
2350 387 69 22 them.
2448 389 49 22 Just

1909 410 80 27 ,at'this
2000 411 53 21 time
2063 418 15 14 a
2086 418 47 20 gun
2143 420 44 14 was
2202 413 57 21 fired
2274 413 54 22 from
2343 413 38 22 the
2399 415 97 28 Europe-

1916 444 47 19 ans,
1978 437 45 21 and
2039 444 13 14 a
2067 438 94 22 conflict
2177 439 91 27 ensued,
2283 440 24 22 in
2326 439 73 23 which
2413 444 83 21 several

1916 463 39 21 fell
1966 471 27 14 on
2004 463 53 22 both
2068 464 66 22 sides.

2080 491 124 23 Wakefield
2223 492 116 27 observing
2356 493 52 27 this,
2427 495 71 23 called

1915 519 44 24 out,
1976 517 5 11 '
1990 517 68 21 Cease
2075 517 110 28 shedding
2199 519 82 22 blood.'
2307 519 47 23 The
2370 520 127 28 Europeans

1915 543 120 23 laiddown
2046 543 57 23 their
2117 552 67 19 arms,
2201 546 64 21 stood
2277 545 43 23 still
2326 554 6 19 ;
2350 554 63 15 some
2423 548 26 21 of
2459 548 37 23 the

1916 570 92 22 Natives
2017 569 38 22 did
2063 570 107 28 likewise,
2182 572 118 27 supposing
2309 574 48 20 that
2362 573 39 22 the
2408 576 88 21 conflict

1916 604 44 14 was
1976 604 58 14 over.
2065 597 32 21 At
2114 597 43 22 this
2175 599 52 21 time
2243 599 159 28 Rangihaeata,
2421 608 24 14 as
2460 602 36 22 the

1915 623 129 27 Europeans
2054 630 47 20 say,
2119 632 64 14 came
2193 632 29 20 up
2232 625 53 22 from
2302 626 38 21 the
2355 628 94 27 pursuit,
2460 636 37 15 en-

1915 650 68 27 raged
2001 653 23 18 at
2040 650 37 22 the
2093 647 43 25 loss
2152 651 26 21 of
2190 651 33 22 his
2240 652 53 27 wife,
2311 652 45 22 and
2376 653 121 29 thereupon

1915 676 53 22 slew
1985 677 52 21 with
2060 677 36 21 his
2115 684 49 15 own
2187 678 62 22 hand
2272 679 82 21 several
2377 680 118 29 European

1915 703 133 26 gentlemen.

2022 735 99 22 Natives'
2133 736 44 22 tale
2186 736 19 22 is
2215 744 25 15 as
2250 738 81 21 follows
2339 738 94 23 .-That
2443 740 52 28 they

1915 761 46 21 had
1970 768 66 15 never
2043 762 48 22 sold
2102 762 37 23 the
2154 763 71 27 lands,
2242 764 19 21 it
2269 764 16 22 is
2295 764 57 23 their
2361 773 51 15 own
2429 767 53 22 land
2489 776 6 18 ;

1915 788 46 21 and
1976 788 47 21 that
2033 789 65 22 when
2115 789 54 29 they
2178 797 44 15 saw
2239 790 36 22 the
2286 791 56 28 flags
2358 792 46 22 and
2423 794 73 21 marks

1916 815 92 26 erected,
2020 816 109 27 supposed
2136 816 48 23 that
2189 817 57 22 their
2253 818 51 22 land
2314 826 43 15 was
2366 819 69 23 taken
2441 820 55 23 from

1915 841 72 26 them;
2007 841 53 28 they
2079 842 111 23 therefore
2207 844 75 26 pulled
2300 845 60 22 them
2379 846 76 27 down,
2473 848 23 21 in

1915 867 63 21 order
2000 867 49 22 that
2066 868 39 21 the
2124 869 132 27 Europeans
2274 870 69 28 might
2360 872 136 24 understand

1916 893 90 28 thereby
2015 895 53 26 they
2079 895 44 22 had
2138 898 40 19 not
2192 896 49 21 sold
2258 896 54 22 their
2326 898 70 27 lands,
2416 907 25 14 or
2448 908 49 20 pro-

1915 920 70 22 mised
1995 924 21 18 to
2027 921 28 21 do
2066 928 31 15 so.
2128 921 28 22 In
2167 922 58 22 their
2235 924 121 21 estimation
2368 925 17 21 it
2396 933 102 21 was-pre-

1915 947 109 26 sumption
2036 955 28 13 on
2076 948 38 22 the
2124 952 49 23 part
2183 949 26 21 of
2220 949 37 22 the
2273 952 117 26 Surveyors
2405 956 22 18 to
2439 959 58 17 erect

1915 973 86 27 houses,
2012 977 23 18 to
2046 978 38 18 cut
2093 975 56 21 lines
2158 983 28 14 on
2195 976 65 22 lands
2270 976 44 23 that
2322 977 37 22 did
2366 983 41 17 not
2415 980 82 28 belong

1915 1003 23 17 to
1948 1000 65 27 them,
2027 1001 45 21 and
2084 1001 52 28 they
2142 1003 132 22 considered
2280 1004 51 27 they
2338 1005 45 22 had
2388 1013 14 14 a
2411 1008 85 26 perfect

1914 1026 59 27 right
1981 1030 23 18 to
2015 1027 27 22 do
2053 1035 24 15 as
2088 1028 52 27 they
2150 1029 90 27 pleased
2250 1030 49 22 with
2307 1031 57 22 what
2373 1039 45 15 was
2425 1040 70 20 grow-

1915 1053 40 26 ing
1964 1061 23 14 or
1997 1053 105 28 standing
2115 1062 27 14 on
2157 1055 59 23 their
2225 1064 49 15 own
2285 1057 72 23 lands.
2386 1059 49 22 The
2446 1061 51 22 Sur-

1915 1087 75 20 veyors
2001 1081 74 22 would
2084 1086 40 17 not
2133 1082 66 22 listen
2213 1086 24 18 to
2248 1084 54 22 their
2310 1089 185 25 remonstrances,

1915 1107 45 21 and
1975 1107 109 23 therefore
2101 1109 53 26 they
2168 1109 67 22 burnt
2253 1110 33 22 the
2303 1111 47 22 hut.
2378 1112 65 28 They
2453 1115 42 21 had

1915 1140 28 14 no
1952 1133 110 23 intention
2078 1138 22 18 to
2115 1136 63 27 fight,
2197 1144 40 14 nor
2252 1137 41 22 had
2311 1138 52 27 they
2374 1146 13 14 a
2403 1139 94 28 thought

1915 1160 47 21 that
1971 1168 59 20 way;
2060 1163 19 20 it
2095 1170 43 14 was
2157 1163 37 22 the
2209 1164 60 26 sight
2281 1164 25 21 of
2319 1164 37 22 the
2373 1172 65 21 guns,
2458 1168 37 21 the

1914 1187 63 26 firing
1987 1189 25 20 of
2020 1188 36 22 the
2067 1189 137 28 Europeans,
2216 1190 46 22 and
2271 1190 34 22 the
2316 1191 83 28 falling;
2405 1193 27 22 of
2439 1195 56 21 their

1914 1213 81 23 friends
2005 1215 48 21 that
2070 1216 81 21 roused
2166 1217 68 27 them,
2251 1217 42 22 and
2303 1217 41 22 call
2359 1220 136 28 everybody

1914 1243 22 18 to
1946 1241 86 22 witness
2042 1242 49 21 that
2106 1243 16 21 it
2133 1250 44 14 was
2187 1243 37 22 the
2240 1244 124 28 Europeans
2376 1246 49 22 who
2436 1255 59 14 com-

1914 1268 97 25 menced,
2023 1269 30 25 by
2062 1269 81 26 killing
2154 1267 61 24 three
2226 1270 96 27 Natives,
2338 1272 46 21 and
2399 1274 52 27 they
2461 1283 34 14 re-

1913 1294 79 22 turned
2001 1295 38 21 the
2048 1295 48 26 fire,
2108 1296 46 21 and
2164 1297 37 21 the
2211 1298 94 26 struggle
2316 1300 78 25 began.

1964 1326 44 21 But
2016 1326 63 23 there
2089 1328 19 21 is
2117 1335 42 14 one
2170 1329 85 22 feature
2265 1330 19 21 in
2297 1330 43 22 this
2354 1331 64 24 affair
2427 1342 67 19 pecu-

1913 1351 64 27 liarly
1985 1353 43 22 bad
2040 1354 22 21 in
2073 1354 39 22 the
2128 1355 127 23 estimation
2267 1357 24 21 of
2300 1357 128 29 Europeans
2456 1362 36 22 the

1914 1380 93 21 conduct
2016 1380 27 21 of
2055 1380 142 28 Rangibaeta
2206 1384 91 20 towards
2307 1385 36 21 the
2355 1386 37 22 the
2408 1390 85 24 gentle-

1914 1412 57 19 men,
1980 1406 55 27 who,
2044 1407 16 21 it
2069 1408 20 21 is
2099 1408 55 27 said,
2163 1409 43 22 had
2214 1410 150 28 surrendered,
2375 1418 119 21 supposing

1912 1432 38 21 the
1960 1432 54 27 fight
2023 1437 23 18 to
2063 1434 28 22 be
2102 1442 80 15 over
2183 1440 23 17 at
2221 1436 35 22 his
2272 1437 75 28 killing
2361 1440 62 24 them
2434 1444 49 22 thus

1914 1460 36 19 the
1961 1460 128 27 Europeans
2103 1469 37 14 are
2155 1463 112 22 horrified.
2295 1465 62 26 Now,
2368 1467 39 23 the
2422 1469 71 24 Euro-

1913 1493 66 19 peans
1993 1487 46 22 and
2054 1488 95 23 Natives
2164 1490 63 26 have,
2242 1491 34 21 for
2287 1491 49 22 four
2352 1500 71 22 years,
2435 1497 58 23 lived

1912 1513 100 26 together
2026 1521 54 20 very
2090 1516 91 30 quietly,
2192 1518 45 20 and
2247 1518 22 21 in
2282 1519 64 21 order
2356 1523 22 19 to
2389 1524 103 23 continue

1912 1546 66 20 peace
1997 1541 43 21 and
2059 1543 109 21 maintain
2189 1544 48 22 that
2260 1545 57 26 good
2340 1546 83 29 feeling
2455 1552 37 21 the

1914 1566 114 23 Governor
2037 1568 41 22 has
2087 1574 51 17 sent
2148 1570 63 22 down
2220 1578 59 15 some
2288 1575 73 25 troops
2368 1578 23 18 to
2401 1583 92 20 prevent

1913 1593 37 21 the
1968 1596 109 26 necessity
2095 1597 25 20 of
2136 1597 69 21 either
2223 1598 126 28 Europeans
2360 1608 25 15 or
2401 1603 92 24 Natives

1912 1621 99 27 carrying
2018 1629 89 15 arms
2108 1623 53 27 they
2169 1631 36 15 are
2215 1624 59 22 alike
2282 1626 33 22 for
2323 1627 36 22 the
2371 1632 121 23 protection

1913 1648 25 20 of
1945 1648 92 22 Natives
2046 1656 25 15 as
2080 1650 49 21 well
2140 1657 24 15 as
2171 1651 134 27 Europeans.
2334 1654 59 23 That
2399 1659 93 24 promise

1912 1674 48 21 that
1969 1681 42 15 was
2022 1676 66 21 made
2099 1681 22 17 to
2137 1685 46 19 you
2194 1678 28 27 by
2234 1678 36 22 the
2279 1679 42 23 late
2333 1681 118 24 Governor
2460 1693 33 14 re-

1912 1700 98 28 specting
2018 1709 57 19 your
2084 1703 71 27 lands,
2169 1705 42 21 will
2223 1705 26 21 be
2259 1706 82 28 3trictly
2354 1709 98 24 adhered
2463 1716 20 18 to

1936 1735 23 30 if
1977 1729 20 20 G
2013 1736 12 13 v
2025 1756 5 9 l
2027 1736 12 14 e
2034 1756 5 9 ,
2040 1736 51 15 mor
2109 1738 24 14 sa
2135 1738 14 20 y
2150 1738 10 14 s
2161 1747 6 11 >
2185 1731 38 22 Ac
2239 1732 60 23 lands
2314 1742 42 20 you
2378 1736 58 23 have
2455 1743 38 18 not

1912 1758 53 22 sold,
1983 1758 58 19 shall
2058 1761 40 17 not
2116 1758 27 21 be
2164 1758 66 22 taken
2255 1759 53 23 from
2332 1770 44 18 you
2411 1766 81 24 quietly

1912 1781 62 22 leave
1983 1789 54 20 your
2048 1784 64 21 lands
2127 1789 22 17 to
2165 1785 28 21 be
2203 1786 78 22 settled
2294 1788 29 27 by
2333 1789 38 21 the
2386 1791 103 24 Commis-

1912 1815 77 21 sioner,
2002 1810 48 21 who
2061 1811 56 21 shall
2129 1812 77 22 decide
2218 1814 117 27 equitably.
2366 1817 57 22 lam
2435 1826 57 15 com-

1912 1836 96 21 manded
2026 1838 30 26 by
2074 1838 37 22 the
2132 1839 118 22 Governor
2270 1845 18 17 to
2310 1843 58 22 write
2387 1852 45 19 you
2451 1846 42 21 this

1912 1869 122 21 assurance,
2047 1864 42 22 and
2101 1866 42 20 call
2154 1872 55 21 your
2220 1868 79 26 special
2309 1871 108 22 attention
2427 1876 23 18 to
2460 1873 31 22 his

1913 1892 161 20 Proclamation
2093 1892 23 21 in
2127 1893 95 22 another
2237 1899 46 21 part
2293 1895 26 22 of
2332 1897 43 21 this
2391 1902 102 24 paper:

1913 1917 94 21 Guokge
2023 1918 101 28 Clarke,
2145 1919 67 22 Chief
2234 1921 113 24 Protector
2366 1925 26 20 of
2412 1927 79 22 Abori-

1945 1979 41 24 We
2004 1982 124 28 expressed
2148 1982 23 23 in
2185 1991 40 15 our
2237 1984 155 24 lasLuumber
2409 1996 16 12 a
2435 1989 55 29 hop*

1911 2012 49 22 that
1972 2012 46 22 Mr.
2038 2012 145 24 Shortland's
2195 2015 159 29 proclamation
2365 2022 126 29 respecting

1912 2045 38 22 the
1962 2045 59 28 land,
2034 2045 75 23 would
2117 2051 40 18 not
2169 2055 63 16 come
2241 2049 44 23 into
2296 2050 37 22 the
2342 2050 73 24 hands
2424 2053 25 23 of
2457 2053 34 23 the

1913 2079 83 21 natives
2025 2079 63 22 since
2108 2079 16 23 it
2141 2080 66 24 could
2232 2081 50 32 only
2300 2088 90 25 operate
2411 2093 25 16 as
2463 2095 27 15 an

1912 2111 80 23 official
2009 2112 120 23 invitation
2145 2118 23 18 to
2187 2114 63 24 them
2268 2121 19 18 to
2307 2121 50 18 turn
2377 2118 39 23 the
2434 2125 56 19 esta-

1912 2144 85 23 blished
2015 2146 90 22 settlers
2118 2151 40 18 out
2171 2148 26 22 of
2211 2147 73 31 doors,
2303 2150 44 23 and
2364 2155 23 18 to
2400 2159 91 23 prevent

1912 2177 63 24 those
1987 2178 48 23 who
2056 2186 39 16 are
2107 2182 165 30 commencing,
2282 2183 58 23 from
2360 2186 131 31 continuing

1912 2211 57 23 their
1987 2213 125 29 operation.
2150 2213 51 25 Our
2219 2215 48 23 fear
2284 2224 73 16 seems
2379 2223 40 18 not
2430 2224 23 18 to
2463 2220 26 23 be

1912 2244 91 23 without
2020 2245 142 25 foundation.
2199 2248 43 23 We
2260 2257 35 16 are
2312 2250 112 25 informed
2439 2253 28 31 by
2479 2261 12 15 a

1911 2278 135 30 gentleman,
2067 2287 30 15 on
2115 2280 77 24 whose
2209 2282 112 31 authority
2333 2291 32 16 we
2384 2292 41 16 can
2437 2287 52 29 rely,

1911 2311 50 23 who
1973 2311 38 24 has
2024 2313 57 22 been
2094 2314 102 31 recently
2204 2317 121 30 surveying
2335 2325 28 15 on
2372 2318 38 22 the
2423 2319 65 29 Hutt,

1912 2344 48 24 that
1972 2345 26 23 he
2010 2350 46 18 met
2064 2354 30 14 on
2106 2346 146 33 Wednesday
2262 2351 83 22 several
2356 2351 95 24 Natives
2463 2361 25 15 on

1912 2378 37 23 the
1961 2379 52 22 road
2025 2383 23 18 to
2061 2379 91 31 Petoni,
2166 2383 133 30 conversing
2310 2383 53 24 with
2375 2386 68 22 much
2453 2394 36 23 ap-

1911 2417 77 25 parent
2001 2412 87 31 delight
2096 2413 69 24 about
2173 2415 36 23 the
2220 2415 173 31 Proclamation,
2403 2419 42 23 and
2452 2427 38 16 one

1912 2446 24 22 of
1952 2445 35 23 the
1999 2447 113 30 principal
2125 2447 79 24 Chiefs
2222 2449 49 24 said
2281 2454 21 19 to
2314 2450 56 30 him,
2409 2460 44 23 you
2464 2461 26 15 no

1912 2487 61 15 come
1985 2487 28 14 on
2025 2487 38 22 my
2072 2480 54 23 land
2223 2483 95 31 proving
2325 2483 61 24 what
2394 2486 21 22 is
2423 2486 68 31 likely

1912 2518 22 17 to
1946 2513 27 22 be
1984 2512 38 23 the
2040 2513 67 23 effect
2119 2515 25 22 of
2160 2515 39 22 the
2216 2516 134 30 injudicious
2362 2518 128 24 documents

1910 2550 42 27 put
1964 2546 67 22 forth.

1945 2579 74 23 These
2027 2579 134 25 documents
2166 2581 45 24 will
2218 2583 78 31 satisfy
2302 2591 41 16 our
2350 2585 91 24 readers
2447 2586 44 23 that

1912 2620 41 16 our
2075 2615 79 23 careth
2166 2615 34 23 for
2210 2624 60 16 none
2282 2617 25 23 of
2319 2617 63 24 these

1912 2646 53 23 Still
1976 2654 32 15 we
2026 2654 60 15 were
2105 2652 40 19 not
2164 2650 110 30 prepared
2290 2655 22 18 to
2324 2651 47 24 find
2384 2652 59 23 what
2460 2661 28 15 we

1912 2679 28 23 do
1950 2679 47 24 find
2008 2684 22 18 to
2043 2680 27 23 be
2084 2680 37 24 the
2135 2687 58 18 state
2202 2682 25 24 of
2237 2683 82 31 feeling
2330 2688 22 20 at
2359 2685 127 29 Auckland,

1911 2717 40 19 not
1978 2713 180 25 lukewarmness
2186 2716 92 32 merely,
2300 2717 42 24 but
2366 2720 124 29 something

1912 2746 70 24 which
1995 2754 32 16 we
2037 2754 42 16 can
2093 2748 53 31 only
2155 2750 82 30 regard
2249 2758 25 16 as
2283 2751 48 23 that
2343 2751 56 31 high
2408 2753 81 30 species

1913 2780 25 23 of
1947 2780 148 23 exultatation
2108 2781 74 24 which
2197 2788 65 19 turns
2272 2784 37 23 the
2320 2785 65 23 brain
2397 2786 25 22 of
2430 2786 59 22 those

1912 2814 18 22 it
1950 2814 84 22 affects.
2071 2814 30 23 In
2122 2815 39 23 the
2173 2824 54 23 very
2239 2824 60 17 same
2318 2826 70 23 paper
2396 2818 2 8 '
2409 2827 24 15 as
2453 2827 36 14 an-

1911 2854 98 16 nounces
2022 2847 38 22 the
2073 2853 77 25 report
2162 2850 25 23 of
2202 2850 39 23 the
2253 2859 118 21 massacre,
2389 2860 34 15 we
2434 2856 55 19 meet

1911 2880 55 23 with
1987 2880 38 23 the
2043 2880 117 32 following
2176 2883 101 31 ribaldry
2285 2885 101 23 inserted
2404 2885 36 24 for
2457 2885 32 24 the

1912 2918 139 17 amusement
2063 2913 26 23 of
2104 2915 30 22 its
2145 2915 109 24 readers.'
2281 2917 68 24 What
2366 2923 62 19 must
2439 2918 50 23 have

1912 2946 56 23 been
1987 2946 38 22 the
2044 2950 60 20 state
2117 2948 25 22 of
2157 2949 63 23 mind
2233 2949 25 23 of
2274 2949 62 25 those
2347 2951 51 23 who
2416 2953 25 22 in
2457 2951 32 23 the

1911 2979 63 23 fresh
1983 2979 85 31 receipt
2077 2980 26 23 of
2112 2981 57 23 such
2181 2989 68 21 news,
2261 2983 63 24 could
2331 2984 48 23 find
2390 2985 98 30 pleasure

1910 3013 25 22 in
1947 3012 55 24 such
2014 3018 126 18 comments
2152 3022 61 24 upon
2225 3017 19 22 it
2255 3024 24 16 as
2289 3017 87 23 follows
2387 3026 6 15 ::

1938 3044 105 22 Jingle's
2071 3045 104 23 Report.
2215 3047 153 23 Government
2390 3050 51 26 brig
2460 3056 28 15 re-

1910 3071 78 22 turned
1999 3071 57 22 from
2069 3072 83 22 Cook's
2168 3074 106 21 Straits
2275 3075 64 22 awful
2354 3076 133 22 newshor-

1911 3098 35 22 rid
1963 3106 109 14 massacre
2103 3099 30 22 all
2150 3100 97 28 through
2267 3109 39 15 one
2316 3102 106 23 madman
2452 3104 35 20 The

1914 3127 63 19 Great
1985 3127 73 19 Man's
2067 3126 85 22 fault
2154 3127 80 23 should
2251 3129 54 22 have
2316 3130 80 21 turned
2409 3130 45 22 him
2462 3129 28 22 off

1910 3153 54 27 long
1978 3160 70 19 ago
2049 3153 82 28 people
2145 3155 122 26 petitioned
2281 3156 73 23 him
2356 3157 128 22 obstinate

1912 3180 106 22 would'nt
2027 3181 29 21 do
2065 3181 19 21 it
2113 3188 37 15 see
2157 3182 59 21 what
2225 3183 107 22 it'scome
2342 3187 22 18 to
2394 3182 91 24 dreadful

1911 3207 136 28 catastrophe
2076 3214 61 21 very.
2168 3209 53 22 Port
2237 3210 113 22 Nickian's
2366 3209 118 29 frightened

1940 3242 51 19 poor
1997 3238 112 19 creatures
2137 3235 84 22 Militia
2226 3244 61 20 corps
2295 3241 64 18 out
2359 3238 71 27 funny
2432 3236 52 23 work

1939 3269 49 20 eyes
2003 3262 60 21 front
2092 3262 61 21 don't
2167 3262 40 22 fire
2222 3263 35 22 off
2265 3271 54 20 your
2334 3265 88 22 ramrod
2435 3264 49 22 sir-

1911 3290 124 25 dangerous
2053 3296 55 20 very
2137 3289 96 22 chalked
2252 3291 45 21 foot
2314 3291 105 22 foremost
2445 3289 38 23 and

1910 3316 30 22 all
1950 3316 53 21 that.
2008 3342 5 5 _
2034 3315 59 22 Half
2110 3316 25 21 of
2148 3316 37 21 the
2201 3316 92 23 lobsters
2306 3319 69 27 going
2390 3318 61 22 down
2463 3317 20 21 in

1910 3343 37 22 the
2145 3343 43 22 'em
2199 3351 30 20 up
2238 3348 65 19 smart
2331 3353 29 14 no
2369 3345 113 22 mistake-

1910 3370 103 25 Quixotic
2024 3369 91 22 affair
2117 3370 63 21 don't
2194 3370 45 22 like
2249 3372 18 21 it
2279 3372 65 23 much
2373 3376 35 18 too
2422 3377 60 20 many

1909 3396 119 23 windmills
2047 3396 63 23 there
2138 3397 59 27 hope
2215 3398 54 28 they
2284 3400 66 21 won't
2362 3402 38 25 get
2411 3398 70 23 hurt-

1909 3424 59 28 good
1983 3424 85 21 fellows
2098 3431 61 21 very.
2199 3424 70 23 Great
2284 3426 104 27 curiosity
2406 3429 21 18 at
2448 3424 31 22 the

1933 3450 71 28 Royal
2054 3447 44 25 one
2108 3452 26 21 of
2140 3451 38 22 the
2189 3451 57 23 New
2253 3452 96 23 Zealand
2358 3451 122 29 Company's

1909 3479 39 27 big
1956 3478 60 22 brass
2029 3485 86 19 guns
2112 3479 49 27 just
2175 3478 113 23 arrived
2288 3483 23 18 to
2328 3480 26 22 be
2364 3486 51 16 seen
2429 3478 52 26 daily

1910 3506 70 26 heavy
1996 3504 67 22 metal
2094 3505 112 22 extensive
2218 3506 80 23 calibre
2327 3514 51 20 veiy
2406 3509 75 21 sentup

1908 3532 80 22 loaded
1997 3534 37 21 too
2063 3533 87 26 primed
2178 3533 70 27 ready
2262 3537 20 19 to
2295 3541 29 20 go
2339 3534 55 22 off
2395 3532 85 26 charged

1909 3559 54 22 with
1976 3565 128 20 vengeance
2121 3563 79 24 patent
2211 3567 68 21 grape
2293 3561 50 22 shot
2371 3559 77 23 benefit
2461 3556 22 23 of

1910 3586 37 23 the
1967 3585 126 23 Maories
2095 3586 25 22 of
2136 3594 79 15 course
2245 3588 97 27 emitting
2357 3586 123 24 continuous

1909 3614 83 26 volleys
2002 3612 26 22 of
2035 3612 37 23 the
2084 3621 61 15 same
2159 3615 61 22 since
2235 3615 105 22 arrival
2340 3622 29 15 no
2383 3610 99 31 percepti-

1908 3640 37 22 ble
1964 3640 63 22 effect
2055 3640 80 28 plenty
2144 3642 62 21 noise
2237 3641 72 23 clouds
2327 3642 24 21 of
2371 3638 109 25 smoke!

1909 3666 75 23 clouds
1991 3666 6 21 .'
2006 3667 5 21 !
2044 3668 76 21 clouds
2128 3668 7 21 !
2142 3668 6 22 J
2157 3668 7 22 !

1943 3701 29 23 In
1982 3701 39 23 the
2037 3709 63 16 same
2120 3710 72 24 paper
2209 3702 49 24 also
2270 3703 16 22 is
2300 3710 13 15 a
2324 3702 65 23 letter
2400 3700 79 23 written

1908 3734 58 23 from
1978 3734 56 23 Port
2046 3734 137 30 Nicholson,
2201 3736 59 22 from
2272 3734 74 24 which'
2353 3741 32 17 we
2396 3734 48 30 give
2455 3737 24 17 an

1908 3772 94 19 extract.
2040 3767 51 24 The
2103 3769 77 22 writer
2191 3768 86 30 though
2284 3769 26 22 in
2321 3776 14 15 a
2345 3767 45 24 less
2397 3766 82 30 degree,

1908 3801 20 22 is
1940 3801 131 31 apparently
2083 3801 115 24 animated
2208 3802 55 22 with
2281 3800 36 24 the
2334 3807 61 17 same
2412 3797 65 32 spirit.

1908 3834 37 23 Of
1952 3834 36 23 the
1999 3834 142 32 authorship,
2152 3842 33 15 we
2195 3842 41 15 can
2243 3828 56 29 f&rin
2307 3841 29 16 no
2345 3832 120 32 conjecture
2472 3836 6 20 ;

1908 3867 39 24 the
1960 3867 50 31 only
2023 3867 51 24 clue
2087 3873 23 18 to
2119 3869 19 22 it
2150 3867 75 31 being,
2244 3867 45 23 that
2301 3866 37 24 the
2350 3866 73 23 writer
2433 3862 47 24 des-

1908 3901 72 23 cribes
2008 3900 95 24 himself
2133 3908 26 16 as
2191 3908 13 16 a
2236 3904 124 27 temporary
2377 3916 4 13 (
2389 3894 92 27 resident

1908 3939 104 26 amongst
2034 3942 36 21 us,
2095 3941 24 16 as
2140 3934 84 30 having
2244 3931 106 28 assisted.
2353 3931 37 24 the
2411 3927 70 26 Police

588 34 97 46 &l)t
714 35 114 40 jtfeto
854 34 211 41 &t&lmt*
1091 33 189 46 <&z}tttt
1305 34 91 39 atn>
1421 34 303 45 Bcmngton
1748 30 254 50 Sbputatov.

148 120 169 26 SHIPPING
334 122 275 24 INTELLIGENCE.

309 175 141 19 ARRIVED.

117 201 51 26 July
177 201 35 24 27,
224 201 101 20 schooner
330 201 84 20 -Nehon
423 201 84 24 Packet,
518 200 35 24 20,
571 199 97 27 Jackson,

90 227 68 22 from'
158 227 70 22 Queen
238 227 126 21 Charlotte's
377 227 79 21 Sound.

118 254 59 20 Same
187 255 46 26 day,
242 254 102 20 schooner
354 254 120 24 Richmond,
484 254 34 26 30,
530 253 80 26 Finlay,
618 253 50 20 from

90 282 35 19 the
134 282 101 20 Chatham
246 282 90 19 Islands.

327 326 117 20 SAILED.

113 354 50 25 July
175 354 33 25 26,
220 354 46 26 brig
281 354 84 24 Nelson,
378 354 39 19 153
437 357 54 21 tons,
510 352 110 24 M'Laren,
638 352 30 19 for

88 380 86 21 Palliser
183 381 52 26 Bay.
303 392 4 3 -
382 400 2 4 ,
471 378 11 29 \
534 385 19 21 \>
604 397 3 5 ,

115 408 60 19 Same
185 409 47 25 day,
242 409 136 24 government
386 407 48 25 brig
442 406 104 26 Victoria,
557 406 111 23 2.oo~tons,

86 434 111 24 Richards,
215 435 33 20 for
257 434 82 26 Cloudy
355 434 45 26 Bay
409 434 41 19 and
465 434 87 19 Nelson.-

86 468 46 19 gers
162 462 68 24 Major
241 462 124 23 Richmond,
377 461 45 21 Col.
436 460 124 21 Wakefield.

112 489 51 25 July
173 489 34 23 27,
219 488 47 26 brig
275 489 77 23 James,
365 489 40 19 200
418 490 55 21 tons,
491 488 61 22 Ross,
564 487 33 20 for
614 487 54 20 Lon-

85 515 50 20 don.

111 543 62 19 Snme
183 543 47 25 day,
240 542 119 26 brigantine
374 543 69 23 Ariel,
459 543 47 23 104,
524 541 144 23 Cruiksliank,

85 571 32 19 for
127 569 65 21 Otaki
201 569 42 20 and
251 569 113 20 the-coast.

308 615 33 19 IN
357 615 86 20 PORT.

108 642 52 25 Brig
174 642 82 25 Lunar,
271 642 38 20 155
320 644 58 21 tons,
393 642 36 20 W.
440 642 61 20 Ellis.
529 641 86 21 Rhodes
628 641 38 19 and

82 669 48 22 Co.,
141 671 90 24 Agents.

108 697 117 23 Schooner,
234 697 60 25 Lady
303 698 75 26 Leigh,
391 698 40 19 109
442 699 57 22 tons,
510 697 78 25 Munn,
614 695 52 21 Fitz-

81 724 93 24 herbert,
185 725 79 25 Agent.

108 751 108 21 Schooner
222 752 72 19 Maori
300 752 72 26 Davis,
382 752 24 19 15
415 755 56 22 tons,
480 751 84 26 Wylde.
591 750 75 26 Agent.

83 778 22 21 J.

109 806 122 24 Brigantine
246 806 57 24 Ann,
314 806 26 19 62
357 808 55 23 tons,
424 805 100 27 Higgins.
551 805 36 20 W.
600 805 66 25 Lyon,

82 832 76 26 Agent.

110 860 50 24 Brig
170 860 101 25 Brigand,
284 861 38 19 180
332 862 57 22 tons,
400 860 92 20 Padden.
522 860 144 20 Bethune'and

83 886 91 24 Hunter,
185 887 87 25 Agents.
609 900 5 7 .
633 900 4 6 .

108 914 107 20 Schooner
233 914 104 20 Governor
348 915 92 23 Hobson,
455 915 27 20 40
492 916 56 25 tons,
568 914 98 20 Scanlon.

81 941 63 23 Hort,
156 942 94 19 Mocatta
260 942 41 19 and
312 942 47 24 Co.,
370 944 86 23 agents.

108 968 107 21 Schooner
224 970 106 24 Industry,
343 970 25 19 24
377 971 56 22 tons,
442 970 118 19 Anderson.
588 968 77 26 Agent,

82 996 20 21 J.
119 996 72 20 Wade.

107 1023 122 25 Brigantine
238 1024 99 24 Hannah,
350 1024 25 20 90
386 1025 56 25 tons,
463 1024 53 20 Bell.
544 1023 72 20 Willis
625 1023 41 20 and

82 1050 47 24 Co.,
140 1051 88 25 Agents.

108 1077 107 21 Schooner
244 1079 142 25 Shepherdess,
412 1079 26 19 41
468 1081 56 21 tons,
547 1078 117 22 Anderson.

81 1104 23 20 C.
116 1105 34 19 W.
162 1105 104 25 Schultze,
278 1106 77 25 Agent.

107 1131 106 21 Schooner
231 1133 79 19 Nelson
327 1133 85 25 Packet,
437 1134 25 18 20
482 1136 56 23 tons,
559 1133 104 19 Jackson.

81 1159 89 20 Wellace
179 1160 40 20 and
231 1159 46 26 Co.,
289 1161 76 24 Agent.

106 1187 106 20 Schooner
219 1187 121 22 Richmond,
351 1188 26 20 30
390 1190 55 19 tons,
457 1187 81 22 Finlay.
582 1188 78 21 Agent.

254 1249 123 19 CUSTOM
394 1249 107 19 HOUSE.

314 1311 113 13 IMPORTS.

107 1335 30 20 In
156 1342 45 14 the
222 1337 130 24 ''Scotia,"
372 1343 65 14 from
454 1338 103 19 Sydney.
587 1338 72 25 Agent,

80 1363 122 20 Mackattie.
234 1364 24 19 10
275 1364 62 20 boxes
360 1366 40 23 tea,
421 1366 26 19 19
461 1365 49 25 bags
530 1365 72 24 coffee,
624 1366 35 18 100

80 1390 77 20 barrels
171 1391 50 20 beef
233 1391 41 19 and
289 1392 59 25 pork,
367 1393 11 18 5
394 1399 57 13 cases
466 1392 87 26 brandy,
570 1392 26 19 40
612 1392 47 26 kegs

79 1417 94 24 tobacco,
186 1418 12 19 6
215 1424 56 13 cases
287 1419 59 23 wine,
364 1420 38 19 100
419 1420 50 25 bags
484 1420 60 23 flour,
562 1420 26 19 37
603 1420 56 19 casks

78 1444 80 20 bottled
168 1445 37 24 ale,
219 1446 9 18 1
240 1446 49 19 cask
301 1446 79 23 blocks,
393 1448 38 19 130
451 1447 59 20 cedar
521 1447 82 25 planks,
623 1448 36 19 120

79 1472 49 25 bags
143 1472 83 23 biscuit,
237 1473 39 19 fiOO
293 1474 43 19 feet
345 1474 60 19 cedar
422 1474 130 26 boat-plank,
565 1475 13 18 2
593 1474 66 20 boats'

80 1499 66 24 keels,
155 1500 12 19 4
177 1500 111 24 gunwales,
301 1501 10 19 1
322 1501 45 19 bale
377 1502 70 24 shoes,
461 1502 71 20 Order.
562 1502 12 19 2
588 1502 71 19 trunks

80 1526 61 20 boots
151 1527 40 19 and
201 1527 68 24 shoes,
283 1528 65 19 Waitt
358 1529 42 19 and
411 1530 69 23 Tyser.
511 1528 124 26 Passengers

80 1553 26 20 R.
117 1554 88 26 Wilson,
217 1554 32 21 W.
262 1554 52 25 Bell,
325 1556 70 19 James
406 1556 62 26 King,
479 1557 43 20 Mr.
532 1556 127 21 Liddelland

78 1580 80 27 family,
169 1582 42 19 Mr.
224 1582 25 19 R.
261 1582 74 26 Eager,
346 1582 53 21 Mrs.
412 1584 65 25 Eager
487 1584 41 20 and
538 1584 78 25 family.

107 1608 39 20 In'
159 1615 46 13 thb
412 1617 64 14 from
501 1611 87 20 Macao
613 1617 46 14 and

80 1635 144 25 Singapore,
248 1637 34 20 via
310 1637 64 20 King
398 1638 117 21 George's
546 1638 87 21 Sound.

78 1664 94 19 Bethuno
182 1664 42 19 and
237 1665 90 26 Hunter,
339 1665 84 25 Agents.
453 1667 39 19 500
508 1666 103 26 packages
620 1668 39 21 tea,

80 1690 40 19 100
130 1691 49 25 bags
189 1691 49 27 rice,
256 1693 26 19 50
292 1692 62 20 boxes
368 1699 56 19 sago,
437 1693 25 19 60
472 1694 50 25 bags
538 1699 85 20 pepper,
634 1695 25 19 50

76 1716 65 21 Tjoxes
159 1719 60 19 china
229 1725 112 19 preserves,
357 1721 13 19 3
381 1721 69 19 chests
466 1721 105 26 camphor,
583 1721 12 19 5
612 1722 47 25 bags

77 1745 77 25 cloves,
172 1746 11 19 1
202 1746 48 20 cask
268 1749 101 24 nutmegs,
386 1748 28 19 40
428 1748 63 20 boxes
507 1749 73 23 cassia,
592 1749 10 19 1
620 1749 39 20 box

77 1778 62 20 curry
149 1773 89 26 powder,
252 1775 9 18 1
272 1775 41 19 box
322 1775 101 25 clothing,
435 1777 25 19 10
477 1776 63 20 boxes
551 1775 41 21 silk
602 1777 57 25 piece

76 1800 73 25 goods,
168 1801 23 19 10
209 1801 50 26 bags
276 1802 105 23 turmeric,
400 1803 13 19 2
430 1803 62 20 boxes
510 1810 64 17 mace,
596 1805 13 19 4
625 1804 34 20 do.

76 1827 98 25 rhubarb,
186 1827 44 21 700
248 1829 49 26 bags
317 1836 67 19 sugar,
402 1831 41 19 250
461 1831 49 25 bags
530 1831 71 25 coffee,
619 1832 39 19 200

76 1855 63 19 boxes
150 1856 65 23 cigars
233 1857 12 19 8
256 1863 56 14 cases
322 1857 88 20 bamboo
419 1859 55 23 hats,
485 1859 26 19 20
522 1864 57 14 cases
597 1859 62 19 hard-

76 1888 60 18 ware,
157 1883 37 23 300
194 1883 37 23 ft.
249 1885 132 25 gunpowder,
400 1885 12 20 7
433 1885 82 20 baskets
532 1886 95 23 tobacco,
649 1886 10 20 7

76 1916 56 14 cases
150 1911 99 25 muskets,
270 1912 72 20 Order.
372 1912 124 27 Passengers
525 1913 27 20 D.
573 1912 86 25 Monro,

76 1937 75 21 andT.
165 1938 115 26 Shepherd.

78 2000 27 18 To
115 2000 36 19 the
163 2000 78 19 Editor
250 2000 28 24 of
288 2001 36 19 the
353 2003 52 19 New
415 2003 94 19 Zealand
520 2003 87 20 Gazette
619 2003 40 19 and

230 2027 125 24 Wellington
365 2029 120 22 Spectator.

102 2059 47 20 Sir.
181 2059 26 20 In
228 2059 36 21 the
289 2059 162 23 Proclamation
474 2062 73 21 issued
571 2062 30 23 by
621 2062 34 22 the

76 2085 68 21 Chief
151 2085 74 21 Police
237 2086 134 27 Magistrate,
383 2088 77 27 giving
470 2089 73 21 notice
553 2088 48 22 that
610 2096 44 21 9113'

76 2112 72 21 future
158 2112 126 22 assemblies
294 2113 33 21 for
334 2113 36 22 the
381 2122 94 19 purpose
483 2115 27 22 of
516 2115 90 28 drilling
617 2116 38 21 will

76 2139 27 20 be
113 2142 40 23 put
163 2146 12 13 a
184 2142 48 24 stop
242 2142 28 23 to,
282 2139 37 22 the
329 2140 83 22 former
426 2142 125 22 assemblies
563 2142 34 22 for
609 2143 46 21 that

76 2172 91 20 purpose
178 2173 37 14 are
225 2165 162 26 characterized
402 2175 24 14 as
437 2169 112 22 unlawful.
579 2170 33 21 As
621 2177 34 19 my

76 2192 109 21 attention
203 2192 40 21 has
259 2193 56 21 been
334 2194 70 21 called
422 2198 22 17 to
461 2196 42 21 this
525 2197 130 25 expression,

77 2219 12 21 I
100 2218 43 22 feel
153 2219 83 26 bound,
247 2219 23 21 in
284 2220 79 26 justice
373 2226 22 16 to
404 2222 74 26 Major
489 2222 131 28 Richmond,
637 2226 18 19 to

76 2248 54 18 state
141 2245 49 22 that
199 2246 27 20 its
235 2253 39 14 use
283 2247 18 20 is
310 2247 68 27 solely
388 2248 142 23 attributable
538 2253 22 18 to
571 2250 84 26 myself,

77 2272 43 21 and
131 2272 48 21 that
188 2273 17 20 it
216 2280 42 14 was
270 2273 52 22 used
332 2274 171 29 inadvertently.

159 2299 11 21 I
181 2306 42 20 am,
236 2300 40 26 Sir,
288 2307 55 19 your
353 2301 104 22 obedient
466 2306 94 24 servant,

324 2333 26 21 R.
370 2333 74 23 Davis
459 2335 105 25 Hanson,
581 2335 50 22 C.P.

67 2388 93 65 New
191 2388 218 65 Zealand
440 2388 217 65 Gazette

112 2453 67 21 AND
195 2453 214 23 WELLINGTON
428 2456 188 23 SPECTATOR.

203 2509 131 25 Saturday,
351 2509 61 22 July
426 2511 34 26 29,
477 2513 59 20 1843.

108 2560 77 31 Major
203 2560 139 29 Richmond,
362 2569 40 15 our
422 2570 48 15 new
492 2563 71 23 Chief
581 2564 77 25 Police

74 2593 143 31 Magistrate,
241 2594 41 23 has
304 2595 76 23 issued
402 2595 60 24 what
491 2596 27 23 he
548 2602 70 19 terms
641 2607 13 14 a

74 2627 175 28 Proclamation,
269 2626 28 32 (it
317 2629 20 21 is
358 2628 37 23 the
414 2629 50 23 first
484 2631 53 22 time
550 2638 31 16 we
600 2631 58 24 have

73 2660 84 23 known
169 2668 13 15 a
193 2661 135 29 Magistrate
340 2669 89 16 assume
442 2662 48 24 that
501 2664 64 23 office
583 2664 26 23 of
618 2665 38 23 the

72 2693 77 30 Royal
162 2693 165 32 Prerogative,)
339 2695 23 22 in
374 2695 75 23 which
460 2696 29 23 he
506 2698 89 27 recites,
609 2706 24 14 as
645 2707 13 14 a

72 2726 47 23 fact
162 2727 47 23 that
221 2727 74 22 divers
315 2735 94 23 persons
421 2729 23 22 in
457 2728 37 24 the
507 2729 109 32 Borough
633 2732 26 22 of

238 2760 55 22 have
315 2761 132 28 unlawfully
468 2763 129 24 assembled
621 2769 35 18 to-

73 2793 80 29 gether
163 2793 35 22 for
216 2793 38 22 the
273 2801 96 23 purpose
390 2795 26 22 of
433 2795 68 31 being
513 2797 87 23 trained
612 2798 44 23 and

74 2825 79 23 drilled
172 2831 23 17 to
213 2834 68 21 arms,
301 2826 43 24 and
365 2828 24 22 of
410 2829 124 30 practising
557 2831 99 31 military

108 2892 38 23 On
169 2892 78 24 behalf
264 2893 25 23 of
310 2894 114 23 ourselves
453 2895 43 23 and
526 2896 38 24 the
593 2897 63 24 other

73 2925 111 23 members
197 2927 26 22 of
232 2926 36 23 the
280 2927 126 23 Volunteer
510 2937 33 16 we
555 2930 28 23 do
597 2937 59 17 most

72 2959 154 31 respectfully,
240 2958 40 24 but
299 2965 23 18 at
334 2960 37 24 the
383 2968 62 16 same
464 2962 53 24 time
537 2968 60 18 most
609 2972 46 15 em-

71 2991 122 32 phatically
205 2993 44 22 and
261 2993 114 31 distinctly
394 2995 66 30 deny,
473 2996 49 23 that
539 2996 63 24 there
614 2997 41 24 has

72 3025 57 23 been
143 3033 41 22 any
197 3026 55 23 such
265 3026 76 31 illegal
360 3028 138 32 assembling
517 3030 81 23 within
611 3031 45 23 this

73 3058 108 31 Borough
203 3068 25 14 as
252 3059 37 23 the
313 3060 120 23 document
462 3068 91 18 asserts.
602 3064 51 23 The

72 3090 126 25 Volunteer
218 3092 84 23 Forces
314 3097 22 18 to
357 3093 74 23 which
450 3095 18 22 it
485 3095 94 30 alludes,
598 3104 57 16 were

71 3123 87 24 formed
172 3125 71 23 under
251 3125 38 23 the
299 3134 91 22 express
398 3127 108 24 direction
517 3129 44 22 and
570 3130 85 23 control

73 3157 26 22 of
108 3158 87 22 several
207 3158 24 23 of
247 3158 37 23 the
302 3158 70 24 Local
391 3160 157 31 Magistrates,
560 3163 38 23 the
609 3163 45 24 late

71 3189 114 24 lamented
198 3191 43 23 and
252 3191 37 23 the
301 3198 90 24 present
411 3193 81 31 Mayor
510 3202 84 24 among
615 3196 38 24 the

73 3224 95 22 number
178 3233 5 18 ;
203 3224 85 23 several
308 3226 24 22 of
350 3226 61 23 them
430 3235 56 15 were
500 3228 114 24 members
632 3230 26 23 of

72 3256 38 23 the
125 3256 72 31 Corps
205 3266 6 19 ;
237 3257 43 24 and
298 3258 37 23 the
354 3259 70 24 whole
444 3261 147 31 proceedings
610 3262 45 25 had

72 3289 38 23 the
123 3290 100 23 sanction
237 3291 42 23 and
289 3297 153 19 countenance
452 3294 23 22 of
485 3293 37 24 the
533 3294 45 24 late
589 3296 69 24 Chief

73 3322 78 24 Police
179 3323 144 30 Magistrate,
348 3325 46 24 Mr.
420 3326 145 32 M'Donogh.
610 3329 43 24 We

72 3361 83 18 cannot
174 3357 104 22 conceive
299 3357 37 23 the
355 3358 50 23 idea
425 3360 26 22 of
470 3368 43 23 any
533 3362 79 23 Police
628 3370 26 16 or

70 3390 125 30 protective
206 3389 60 24 force
276 3390 72 23 which
360 3391 81 24 should
450 3393 53 24 bear
512 3402 14 15 a
538 3395 115 24 character

70 3430 63 15 more
153 3423 86 30 strictly
252 3423 150 24 conformable
423 3430 22 18 to
464 3426 49 30 law,
527 3428 44 23 and
591 3436 62 16 more

69 3456 48 23 free
129 3456 57 23 from
199 3464 43 23 any
250 3457 51 30 just
312 3457 134 30 imputation
458 3459 24 23 of
492 3459 68 32 being
574 3463 77 23 within

70 3489 38 23 the
118 3494 138 19 enactments
266 3490 89 30 against
365 3490 77 31 illegal
451 3493 139 30 assemblies,
599 3495 53 23 than

70 3530 41 15 our
123 3522 126 24 Volunteer
261 3523 82 23 Force.
636 3523 5 27 J

105 3555 24 23 It
156 3556 103 24 becomes
278 3556 124 31 extremely
420 3557 94 24 ditticult
535 3564 22 19 to
587 3560 66 24 know

69 3588 60 24 what
141 3590 96 22 reliance
259 3598 31 15 we
310 3598 50 23 may
371 3590 64 31 place
457 3599 58 23 upon
529 3592 37 24 the
583 3601 69 16 coun-

69 3624 98 21 tenance*
188 3623 26 22 of
235 3631 40 15 our
299 3623 77 24 Police
400 3624 157 31 Magistrates.
600 3627 51 24 The

70 3655 88 23 Nelson
177 3656 78 23 Police
274 3657 137 30 Magistrate
422 3657 55 23 calls
488 3663 40 18 out
539 3659 39 24 the
583 3660 13 25 '
596 3660 55 25 Co-

69 3688 92 29 nstables,
175 3690 104 30 ordinary
292 3690 42 23 and
346 3690 92 31 special,
452 3696 21 17 to
490 3692 68 23 assist
569 3693 47 24 him
627 3694 24 23 in

68 3722 122 31 executing
208 3723 25 22 in
250 3730 82 23 person
351 3724 38 22 the
408 3724 102 25 Queen's
526 3725 107 25 Warrant
643 3736 6 20 ;

68 3754 38 23 the
119 3756 83 29 parties
214 3757 89 29 against
315 3757 71 23 whom
398 3757 19 23 it
428 3758 20 22 is
459 3757 99 24 directed
576 3760 73 29 resist,

68 3788 43 22 and
125 3795 111 17 massacre
254 3789 38 23 the
310 3790 136 30 Magistrate
457 3791 44 23 and
515 3790 36 24 his
571 3794 84 22 assist-

68 3826 59 18 ants.
172 3821 58 23 This
253 3830 74 16 conies
349 3823 76 24 before
449 3824 38 23 the
510 3824 139 32 Wellington

68 3854 80 23 Police
160 3854 141 31 Magistrate,
312 3856 44 23 and
367 3856 28 24 he
408 3857 69 31 styles
489 3857 47 23 it'V
541 3866 14 15 a
564 3864 86 20 contest

66 3887 101 23 between
187 3881 192 34 armed^Settlers
397 3890 59 23 from
474 3891 87 24 Nelson
576 3893 43 23 and
637 3901 13 16 a

68 3920 58 31 body
148 3921 24 25 of
344 3923 85 30 Again,
452 3924 45 30 the,
508 3924 140 33 Wellington
