2559 4020
77 132 64 26 great
153 130 77 21 extent
246 126 94 24 allowed
351 126 70 23 under
434 126 37 23 tbe
482 124 68 24 Land
560 124 92 24 Claims*

77 161 158 27 Commission,
254 159 156 24 Government
419 159 21 23 is
456 158 72 30 likely
539 162 23 19 to
573 157 29 23 be
613 163 39 17 en-

74 193 67 30 tirely
152 192 80 24 unable
244 197 22 18 to
279 192 42 23 sell
332 199 44 23 any
383 191 64 24 lands
458 192 23 22 in
493 191 38 23 the
544 190 66 23 north
620 190 32 23 for

74 233 14 17 a
98 225 55 31 long
164 226 61 23 time.
261 224 52 24 The
324 225 135 31 proprietors
471 223 25 23 of
510 223 63 23 these
585 227 67 19 tracts

73 266 42 15 can
127 258 25 24 of
161 265 78 16 course
259 257 85 31 always
362 256 111 25 undersell
493 256 38 23 tbe
548 254 104 25 Govern-

72 291 75 29 ment?
156 290 44 24 and
211 290 37 24 the
260 290 78 31 public
349 290 44 23 will
404 291 55 22 have
475 289 58 23 little
545 288 73 23 desire
630 292 22 19 to

73 331 45 24 pay
129 331 69 21 more,
210 323 66 24 when
295 323 52 31 they
360 330 40 15 can
417 326 38 26 get
466 321 39 24 the
517 321 135 30 commodity

72 357 36 23 for
119 357 53 23 less.
209 356 50 24 The
268 356 45 23 evil
322 356 41 23 has
372 362 32 16 we
413 355 57 23 have
478 354 58 24 been
543 353 109 24 informed

71 389 91 31 already
181 389 47 29 felt,
249 388 45 24 and
305 388 45 23 will
368 395 29 16 no
416 387 70 24 doubt
504 387 105 23 continue
626 394 26 15 so

71 422 55 31 long
136 430 23 16 as
167 422 61 23 there
240 422 19 22 is
272 428 44 22 any
327 420 106 24 available
446 420 53 23 land
509 420 72 23 under
590 419 62 23 these

70 460 80 26 grants
161 456 24 21 in
197 455 36 22 the
245 453 98 24 market.

105 488 24 23 It
140 489 27 26 is,
185 487 97 30 perhaps
294 482 156 33 unnecessary*
456 490 22 18 to
491 486 101 28 observe,
605 485 47 24 that

69 521 48 23 Mr.
144 519 100 25 Clendon
268 527 45 16 was
337 519 99 23 satisfied
457 519 55 23 with
534 519 118 23 Governor

70 554 117 23 Hobson's
198 552 89 31 pledge,
299 560 26 16 or
337 554 23 21 in
372 551 63 24 other
444 552 80 28 words,
537 551 70 25 found
616 551 36 23 his

67 594 49 22 way
127 594 54 22 very
193 585 86 30 shortly
288 586 48 22 into
350 585 36 23 the
398 585 138 31 Legislative
546 584 106 24 Council.

68 620 112 22 Whether
198 620 18 21 it
236 626 46 15 was
291 635 1 6 ■
301 619 62 30 quite
375 623 84 18 correct
480 622 23 19 to
520 618 93 31 appoint
631 622 21 19 to

68 652 50 23 that
131 653 62 22 office
206 659 24 16 so
243 651 63 30 large
319 660 13 14 a
345 651 155 23 Government
511 651 103 28 creditor,
628 658 24 15 or

70 693 24 15 so
115 685 63 31 large
190 693 12 14 a
220 684 97 24 creditor
329 684 24 23 of
372 684 118 23 Governor
502 684 105 28 Hobson,
627 691 25 16 as

71 718 48 23 Mr.
134 717 101 24 Clendon
247 725 46 15 was
305 717 35 23 till
351 717 38 23 the
401 721 128 26 agreement
540 723 46 17 was
595 716 57 31 fully

67 751 86 24 carried
171 752 47 21 into
239 750 74 29 effect,
334 757 52 23 may
402 750 97 31 perhaps
516 749 70 23 admit
598 750 25 23 of
632 757 20 15 .a

67 784 78 23 doubt.

351 821 23 11 ♦
409 823 4 4 ■

68 842 29 19 To
108 841 35 19 the
153 841 78 19 Editor
240 840 28 25 of
274 841 36 19 the
346 841 53 19 New
407 840 97 20 Zealand
513 841 89 19 Gazette
610 841 44 19 and

222 868 128 24 Wellington
361 868 117 24 Spectator.
480 868 6 11 1
490 868 5 10 '

98 905 47 27 Sir,
148 915 26 5 —
176 904 11 22 I
196 904 56 22 have
265 904 47 27 just
322 903 92 28 perused
424 903 37 22 the
470 903 90 27 leading
567 903 84 27 article,

71 931 24 22 in
106 931 37 22 the
160 932 89 20 Colonist
259 936 23 16 ol
295 930 102 27 Tuesday
407 931 46 25 last,
466 937 28 15 on
505 929 72 23 which
589 930 11 22 I
609 931 43 26 beg

70 961 23 19 to
105 958 49 22 offei
168 965 13 15 a
190 959 41 21 few
240 958 109 26 remarks,
360 964 23 14 as
393 957 11 22 I
420 957 144 26 exceedingly
578 961 73 22 regret

72 984 48 22 that
132 985 35 22 the
178 985 77 22 Editor
265 984 26 21 of
301 991 14 15 a
324 991 73 20 paper,
408 983 119 28 supported
536 983 31 28 by
583 990 68 21 many

70 1011 26 21 of
106 1011 38 22 the
153 1015 58 18 most
218 1011 139 27 respectable
366 1018 89 19 persons
465 1011 22 21 in
498 1017 39 15 our
551 1017 100 15 commu-

68 1037 56 27 nity,
147 1037 78 23 should
244 1044 52 14 ever
315 1037 57 21 have
391 1037 116 27 published
526 1044 27 14 an
573 1037 77 21 article

68 1063 85 28 having
176 1072 22 14 so
222 1064 105 22 immoral
343 1071 14 14 a
374 1063 119 27 tendency.
534 1063 117 28 Although

68 1090 108 27 perfectly
193 1098 70 14 aware
282 1090 24 21 of
327 1091 37 21 the
381 1091 66 26 proof
457 1090 48 22 that
524 1090 83 22 existed
628 1091 25 21 of

67 1117 46 22 Mr.
134 1117 117 28 Murphy's
275 1117 83 26 having
381 1117 117 27 positively
521 1117 130 21 committed

66 1143 64 27 theft,
149 1144 38 21 the
208 1145 109 20 Colony's
333 1143 77 22 Editor
428 1144 125 26 designates
571 1143 45 22 him
633 1151 14 15 a

241 1171 46 22 and
303 1171 24 21 in
338 1178 151 19 consequence
501 1171 25 21 of
536 1177 57 20 your
610 1177 39 15 ex-

63 1204 80 21 posure
159 1198 27 22 of
196 1198 43 22 Mr.
262 1197 116 28 Murphy's
395 1197 84 27 crimes,
500 1204 90 14 accuses
606 1204 43 21 you

65 1224 99 22 forsooth
180 1225 25 21 of
411 1224 37 21 the
464 1224 43 21 veil
523 1224 25 21 of
564 1224 85 27 private

139 1251 42 22 and
192 1251 133 27 attempting
333 1255 22 17 to
366 1251 98 21 discover
473 1258 25 14 or
505 1251 144 21 inventsome

91 1285 116 15 personal
372 1277 94 27 through
478 1277 70 23 which
558 1284 41 16 our
605 1277 45 22 late

68 1311 97 15 worthy
176 1304 73 22 Police
261 1304 129 27 Magistrate
399 1305 69 26 might
477 1304 27 22 be
513 1304 122 22 wounded!
643 1305 6 20 !

70 1330 12 22 I
101 1331 107 27 sincerely
228 1335 63 22 trust,
311 1331 44 21 Mr.
372 1331 83 26 Editor,
466 1331 56 23 .that
537 1331 63 22 when
612 1331 37 22 the

68 1360 56 18 next
132 1358 77 26 sitting
217 1358 26 21 of
254 1357 38 22 the
303 1359 106 26 Supreme
425 1358 68 21 Court
503 1364 145 21 commences,

66 1391 46 20 you
118 1384 42 22 will
172 1385 79 21 refrain
261 1385 58 21 from
331 1384 126 27 publishing
465 1385 22 21 in
505 1384 36 22 the
565 1385 86 21 Gazette

66 1418 44 19 any
120 1415 86 23 reports
216 1413 26 19 of
253 1410 64 27 theft,
329 1411 126 26 burglaries,
467 1412 48 25 &c,
534 1411 48 22 that
598 1420 51 20 may

66 1437 57 22 have
141 1437 55 21 been
215 1437 131 23 committed
361 1437 22 21 in
399 1438 142 27 Wellington,
559 1439 42 22 lest
620 1439 29 28 by

66 1464 139 27 mentioning
223 1464 38 22 the
280 1471 79 15 names
383 1464 24 21 of
429 1464 36 22 the
481 1465 108 22 offenders
605 1473 44 20 you

89 1491 111 21 withdraw
210 1491 37 21 the
258 1490 43 22 veil
313 1491 26 21 of
348 1490 82 28 private
525 1491 44 22 and
589 1492 60 22 draw

66 1518 65 21 down
142 1525 57 20 upon
210 1518 99 26 yourself
321 1517 38 21 the
367 1518 97 22 virtuous
478 1518 137 27 indignation
626 1519 26 22 of

65 1544 38 21 the
115 1544 75 22 Editor
199 1545 25 21 of
235 1544 38 22 the
285 1545 97 20 Colonist.

92 1570 48 22 The
150 1571 47 22 well
209 1571 80 21 known
302 1571 96 32 subtlety
409 1571 26 21 of
445 1571 37 21 the
498 1572 77 21 Crown
593 1573 56 21 Pro-

64 1601 87 18 secutor
161 1598 18 21 is
188 1598 117 27 beatifully
322 1598 112 21 exhibited
451 1598 22 21 in
491 1598 36 22 the
542 1599 105 28 bringing

64 1624 94 22 forward
178 1625 24 20 of
219 1624 93 22 Colonel
328 1624 142 22 Wakefield's
490 1625 53 22 offer
560 1628 23 18 to
602 1627 45 21 Mr.

65 1651 106 27 Murphy,
192 1651 24 21 of
235 1651 38 21 the
298 1651 151 28 appointment
467 1651 27 21 of
513 1652 134 28 Company's
654 1663 2 16 j

64 1678 76 26 Agent
150 1681 22 18 at
187 1678 55 22 New
259 1678 127 27 Plymouth.
423 1679 33 21 At
473 1678 37 22 the
530 1679 53 21 time
600 1679 48 22 that

64 1704 53 21 offer
128 1712 42 14 was
189 1705 72 26 made,
282 1705 92 21 Colonel
393 1705 123 22 Wakefield
534 1705 113 23 doubtless

63 1730 82 22 looked
155 1738 28 14 on
193 1731 43 22 Mr.
258 1732 100 27 Murphy
374 1739 23 14 as
413 1739 14 13 a
441 1739 53 20 very
511 1732 74 22 clever
601 1733 45 22 and

63 1758 112 27 energetic
185 1765 57 20 man,
254 1758 41 21 but
305 1759 45 21 Mr.
362 1758 44 22 M's
416 1759 53 20 total
477 1761 57 19 want
549 1760 28 25 of
582 1761 63 25 prin-

64 1785 53 25 ciple
136 1792 43 14 was
195 1784 52 22 then
263 1785 83 27 utterly
357 1785 107 23 unknown
475 1789 22 19 to
508 1786 46 22 Col.
567 1787 80 22 Wake-

63 1812 59 26 field,
134 1818 24 15 or
172 1812 28 21 he
216 1819 70 15 never
303 1812 73 22 would
396 1812 56 22 have
470 1813 111 27 proffered
599 1814 47 22 him

62 1839 55 21 such
128 1846 28 14 an
166 1839 158 26 appointment.

90 1865 48 21 The
153 1865 98 21 remarks
268 1872 28 14 on
313 1865 37 22 the
366 1865 121 28 indelicacy
505 1867 24 26 (!)
552 1867 26 22 of
593 1876 54 19 your

61 1892 124 26 producing
208 1892 36 21 the
253 1895 3 4 '
269 1892 116 27 catalogue
408 1893 27 21 of
458 1893 55 23 Mr.-
528 1894 99 29 Murphy
637 1903 9 14 s

63 1919 79 21 crimes
158 1926 36 14 are
211 1919 81 21 indeed
310 1919 122 22 fallacious.
460 1920 59 22 Such
539 1928 28 14 an
579 1928 67 21 expo-

63 1952 54 14 sure
127 1952 44 14 was
179 1945 111 28 requisite,
303 1949 22 18 to
336 1953 66 24 prove
412 1949 23 19 to
444 1946 38 22 the
493 1947 154 23 Government

65 1972 39 20 the
113 1973 108 26 necessity
232 1972 26 21 of
270 1973 123 26 exercising
402 1980 60 14 more
472 1975 94 21 -caution
576 1975 23 21 in
609 1975 37 21 the

61 1998 110 21 selection
181 1998 25 21 of
218 1998 94 27 officers,
320 1998 72 28 filling
406 1999 28 21 its
450 2003 58 18 mbst
524 2001 123 26 important

62 2025 121 21 situations.
212 2025 42 21 We
264 2025 108 27 certainly
389 2032 36 15 are
439 2026 107 22 indebted
563 2031 22 17 to
597 2028 47 22 Mr.

61 2052 124 22 Shortland,
194 2052 35 21 for
238 2052 86 27 having
332 2055 48 18 sent
395 2060 24 14 so
435 2053 84 27 perfect
534 2060 14 15 a
557 2054 89 26 gentle-

60 2085 53 14 man
125 2086 23 14 as
157 2078 45 22 Mr.
212 2079 154 27 M'Donough,
374 2081 22 19 to
403 2079 32 21 fill
445 2079 37 21 the
491 2081 163 26 appointment'

61 2105 74 21 which
145 2105 98 27 Murphy
253 2113 26 14 so
288 2105 64 27 sadly
363 2106 120 27 disgraced.
513 2107 11 22 I
534 2108 67 22 much
611 2115 35 15 re-

61 2135 50 23 gret
121 2132 47 21 that
183 2132 36 21 the
237 2133 79 21 Crown
333 2132 135 27 Prosecutor,
480 2134 26 22 of
517 2135 28 21 all
562 2135 81 27 others,

60 2158 79 22 should
148 2158 57 22 have
216 2166 64 14 come
289 2159 96 21 forward
401 2166 24 15 as
443 2160 37 21 the
496 2160 117 29 champion
623 2162 26 22 of

61 2193 13 13 a
90 2193 52 13 man
157 2193 24 13 so
197 2186 94 26 morally
300 2186 112 22 worthless
430 2194 23 14 as
469 2187 44 22 Mr.
531 2189 99 27 Murphy
638 2196 5 19 ;

61 2212 45 21 and
116 2212 48 22 who
176 2212 83 28 though
269 2212 94 22 allowed
373 2213 29 27 by
412 2213 28 21 all
452 2217 21 18 to
488 2222 85 19 possess
583 2219 63 23 great

60 2242 45 18 tact
112 2239 41 21 and
163 2239 82 27 ability,
255 2246 51 20 was,
315 2240 56 20 from
378 2240 66 27 being
451 2241 81 28 utterly
539 2241 106 23 deficient

61 2266 23 20 in
94 2266 113 27 principle,
219 2270 22 18 to
251 2266 29 21 be
289 2266 101 27 guarded
404 2267 85 26 against
501 2276 23 14 as
534 2269 38 21 the
583 2276 61 15 more

60 2292 123 27 dangerous
193 2292 120 22 character.

85 2320 28 20 In
124 2320 133 26 conclusion,
270 2320 65 22 allow
345 2327 35 14 me
391 2320 43 22 Mr.
442 2321 77 22 Editor
526 2325 21 18 to
556 2325 89 25 request

62 2346 56 26 that,
129 2346 62 22 when
202 2353 43 20 any
256 2347 76 21 officer
346 2346 91 28 holding
445 2355 13 13 a
467 2348 53 27 high
531 2349 112 27 situation,

60 2373 71 21 either
141 2373 70 21 under
227 2374 38 20 the
284 2373 153 22 Government
451 2381 24 15 or
493 2376 121 27 Company,
625 2377 19 21 is

60 2400 71 27 guilty
141 2400 25 21 of
178 2400 78 21 crimes
266 2408 24 13 so
301 2400 84 22 serious
400 2408 24 14 as
440 2401 63 23 those
515 2403 129 22 committed

60 2426 29 27 by
99 2434 40 14 our
148 2426 44 22 late
203 2427 74 21 Police
294 2427 137 26 Magistrate,
442 2435 45 20 you
501 2429 44 21 will
555 2433 39 18 not
603 2430 39 22 fail

60 2457 20 17 to
99 2454 63 26 point
181 2457 23 17 at
222 2453 62 22 them
304 2454 38 21 the
363 2453 70 28 finger
452 2455 26 21 of
494 2463 72 20 scorn,
587 2464 55 14 even

60 2480 86 27 though
160 2487 45 19 you
219 2480 80 22 should
316 2481 69 21 shock
400 2481 37 21 the
452 2481 94 28 feelings
564 2483 26 22 of
606 2483 38 22 the

60 2507 103 21 sensitive
174 2506 77 22 Editor
260 2507 26 21 of
298 2507 37 22 the
348 2508 93 22 Colonist.
472 2509 12 21 I
500 2509 44 28 beg
560 2513 21 18 to
591 2511 51 21 sub-
654 2516 2 6 '

61 2534 71 22 scribe
140 2534 86 26 myself,
654 2532 2 36 j

167 2565 62 22 Your
238 2569 58 18 most
310 2566 104 23 obedient
423 2572 95 23 servant,
654 2560 2 35 [

430 2594 21 22 A
466 2595 150 23 Subscriber.

85 2619 54 25 July
148 2621 33 23 24,
193 2621 60 20 1843.

58 2666 29 19 To
96 2666 36 19 the
137 2666 78 20 Editor
224 2666 28 24 of
261 2666 37 19 the
334 2666 52 20 New
400 2667 93 20 Zealand
501 2667 87 21 Gazette
600 2669 46 19 and'
654 2651 2 47 j

214 2693 129 25 Wellington
654 2704 2 17 I

88 2724 51 23 Mr.
153 2725 98 26 Editor,
252 2736 29 4 —
281 2725 120 28 Referring
410 2728 23 20 to
443 2733 27 14 an
481 2727 76 21 article
571 2727 73 22 which
654 2722 2 18 l

60 2751 112 28 appeared
188 2751 23 22 in
231 2759 58 20 your
304 2759 68 20 paper
389 2753 26 21 of
439 2753 82 26 June,*
538 2753 22 22 in
571 2754 72 22 which
654 2753 2 26 i

61 2777 129 28 you-stated
205 2778 47 22 that
268 2778 38 22 the
324 2779 57 21 flour
396 2779 114 28 produced
528 2780 59 22 from
606 2781 38 22 the
654 2796 2 16 ,

61 2805 74 21 wheat
142 2812 77 20 grown
228 2805 24 22 in
261 2805 44 22 this
315 2805 89 28 Colony,
416 2807 18 21 is
444 2809 39 19 not
498 2814 22 14 so
538 2807 65 22 white
620 2815 24 15 or

61 2831 59 27 good
131 2839 22 15 as
164 2838 22 15 as
196 2831 16 22 it
219 2831 81 23 should
310 2832 35 25 be,
355 2833 70 28 owing
434 2836 22 18 to
465 2833 62 22 there
536 2834 69 28 being
614 2842 30 15 no

63 2859 90 26 regular
169 2858 47 22 mill
233 2859 24 21 in
273 2858 38 22 the
320 2859 71 27 place,
411 2867 44 20 you
464 2860 44 21 will
518 2861 74 27 oblige
607 2869 36 15 me

59 2885 31 26 by
99 2886 82 26 stating
192 2886 57 21 what
258 2893 14 14 a
280 2886 90 27 regular
381 2887 50 21 mill
441 2887 26 26 is,
483 2894 69 15 never
560 2888 84 28 having
654 2891 2 20 !

59 2911 71 23 heard
139 2913 37 20 the
186 2916 55 18 term
261 2912 74 22 before
352 2913 60 22 used.
451 2914 54 21 And
524 2921 24 15 as
565 2918 21 19 to
605 2916 37 21 the
654 2930 2 9 ,

59 2938 76 22 colour
153 2939 42 21 and
212 2939 86 28 quality
316 2939 25 22 of
361 2940 36 22 the
416 2940 57 22 flour
489 2941 64 22 made
567 2946 23 18 at
605 2942 38 22 the

57 2966 107 26 irregular
182 2967 53 26 mill,
251 2966 12 22 I
279 2966 45 22 will
340 2967 114 28 challenge
470 2967 137 29 Valparaiso,
620 2977 24 14 or

64 2999 43 20 any
127 2993 62 21 other
207 2996 103 25 country,
325 2998 23 17 to
364 2995 95 26 produce
475 3002 14 14 a
505 2998 99 25 stronger
619 3004 25 14 or

58 3019 73 22 better
149 3019 105 23 coloured
272 3020 57 22 flour
342 3021 53 22 than
414 3021 13 22 I
440 3022 66 21 made
515 3022 44 22 last
574 3024 68 27 week,

58 3046 56 22 from
129 3053 61 15 some
207 3047 74 21 wheat
298 3054 76 20 grown
393 3052 23 17 at
432 3048 37 21 the
486 3048 59 23 Hutt
555 3049 30 27 by
595 3051 47 21 Mr.

59 3073 143 22 Molesworth
211 3073 47 22 and
268 3073 45 21 Mr.
325 3073 81 22 Shand.
446 3075 55 21 And
517 3076 12 21 I
545 3076 98 23 likewise

58 3099 85 27 ground
159 3102 23 18 at
198 3099 41 22 the-
251 3106 62 16 same
327 3100 60 27 time,
404 3108 13 14 a
435 3101 70 27 single
524 3102 76 23 bushel
621 3104 26 21 of

58 3126 74 22 wheat
143 3126 34 21 foT
185 3132 14 15 a
204 3126 71 21 baker
282 3126 26 22 in
325 3127 43 21 this
383 3131 66 23 town,
466 3128 58 22 from
539 3129 75 22 which
630 3130 12 22 I

58 3151 114 29 produced
179 3153 63 22 539>s
252 3152 25 22 of
288 3152 64 23 flour.

85 3179 12 22 I
108 3179 77 22 should
195 3178 57 22 have
263 3180 113 22 answered
391 3188 55 20 your
460 3181 78 23 article
555 3189 87 22 sooner,

57 3206 41 22 but
114 3206 58 22 have
190 3209 55 19 been
260 3206 93 27 waiting
367 3208 57 21 until
439 3208 12 22 I
465 3209 67 22 could
542 3209 76 24 obtain
628 3218 14 15 a

57 3232 60 28 good
130 3232 83 27 sample
230 3232 26 22 of
268 3234 78 21 wheat.
382 3234 72 22 There
472 3234 19 24 is
505 3240 62 18 'some
588 3245 55 22 very-

57 3259 59 28 good
134 3264 23 17 at
172 3261 36 19 the
225 3259 66 26 Hutt,
312 3260 44 22 and
374 3268 58 15 some
449 3269 52 21 very
515 3262 59 26 dark
587 3264 55 23 with

57 3289 67 24 smut,
134 3285 72 27 owing
215 3288 23 19 to
247 3285 97 23 unclean
355 3288 57 21 seed.
448 3287 102 24 Farmers
560 3295 84 18 cannot

57 3314 28 22 be
95 3315 42 19 two
148 3313 83 21 careful
240 3313 24 21 in
274 3313 116 27 obtaining
395 3315 58 26 good
463 3315 59 23 seed.
599 3318 2 5 '
625 3321 3 4 '

85 3340 13 22 I
108 3339 57 23 have
174 3339 86 21 written
275 3339 51 28 this,
343 3340 47 22 that
406 3341 38 22 the
458 3342 76 23 blame
551 3344 26 21 oT
588 3345 56 22 dark

57 3367 56 22 flour
123 3374 51 19 may
184 3366 39 22 fall
233 3372 60 21 upon
303 3366 38 22 the
350 3366 59 27 right
414 3372 72 23 party.
514 3370 53 23 And
579 3372 64 22 wJien

57 3401 46 20 you
120 3394 58 22 have
197 3393 120 22 examined
331 3393 38 21 the
384 3394 94 28 samples
496 3396 48 23 that
559 3398 13 21 I
586 3398 58 23 have

57 3423 49 19 sent
117 3428 50 20 you,
178 3427 45 20 you
233 3419 45 22 will
288 3426 51 15 own
348 3419 48 23 that
406 3421 53 21 dark
469 3421 57 24 flour
540 3423 19 22 is
577 3429 65 25 occa-

57 3447 78 23 sioned
145 3448 29 27 by
183 3447 37 21 the
230 3447 85 21 farmer
324 3445 45 23 and
378 3450 39 19 not
427 3447 38 23 the
475 3449 79 23 miller.
614 3444 22 27 W

211 3478 64 23 Your
284 3482 59 18 most
353 3478 104 23 obedient
466 3485 96 19 servant.
603 3483 9 9 *'

294 3506 99 22 Thomas
408 3506 100 23 Jordan.
522 3514 6 8 '
560 3503 39 37 Jt

410 3534 21 21 A
443 3529 201 34 practicaU^iller.

84 3569 112 26 •Query,
207 3567 69 28 July?
307 3567 45 22 Ed.
363 3567 87 23 N.Z.G.
505 3589 5 9 t
511 3559 58 41 fr*

93 3602 31 24 In
141 3602 64 31 reply
218 3607 22 19 to
263 3602 47 24 Mr.
324 3602 92 30 Jordan,
428 3610 33 17 we
473 3600 173 38 arefextremely

57 3636 77 31 happy
145 3640 24 19 to
180 3636 65 24 learn
257 3636 50 23 that
318 3636 29 23 he
357 3636 42 24 has
410 3637 57 23 been
482 3645 26 16 so
519 3640 127 24 successful

57 3670 25 22 in
99 3670 126 31 producing
235 3670 115 23 firsts-rate
370 3670 133 27 flour-itonx
510 3671 57 24 New
585 3672 60 25 Zea-

57 3702 53 23 land
120 3703 79 27 wheat,
208 3711 25 14 as
243 3703 30 22 he
282 3706 95 20 asserts.
407 3703 52 25 The
466 3704 79 24 article
554 3705 92 25 alluded

57 3739 22 19 to
91 3743 46 15 was
148 3736 91 23 written
249 3736 31 30 by
292 3744 14 15 a
317 3736 130 31 gentleman
459 3737 51 24 who
527 3744 84 19 cannot
623 3744 23 20 at

57 3768 47 23 this
115 3774 100 17 moment
226 3769 30 23 be
267 3769 100 24 referred
383 3774 23 19 to
415 3779 6 20 ;
440 3770 44 25 but
493 3778 34 17 we
537 3779 109 24 presume

57 3801 51 23 that
126 3802 29 30 by
167 3809 13 15 a
330 3802 77 29 mill/
426 3804 28 23 he
473 3809 79 19 meant
563 3814 14 16 a
595 3805 50 25 mill

57 3834 88 23 similar
164 3838 22 19 to
198 3835 65 23 those
273 3835 76 24 which
367 3844 37 16 are
416 3838 125 31 commonly
552 3840 57 23 used
621 3840 24 24 in

57 3867 110 31 England
178 3877 7 19 ;
203 3868 181 32 distinguishing
394 3870 62 24 them
474 3871 31 31 by
516 3872 50 24 that
577 3878 67 25 term,

57 3901 57 23 from
127 3900 83 24 certain
222 3901 62 23 hand
294 3902 45 23 and
357 3903 65 24 other
433 3904 67 24 jnills
517 3909 24 20 at
552 3912 93 27 present

57 3941 63 18 more
130 3934 115 33 generally
256 3934 59 24 used
323 3936 25 22 in
359 3935 36 25 the
409 3936 106 30 Colony.-

564 71 7 10 r
581 35 99 47 fl<tp
705 34 117 42 Weto
847 34 206 41 Ztalanb
1079 33 189 46 i&aittu
1291 32 92 39 mtfc
1407 30 299 45 WitMnQtow
1731 27 251 48 &j>tttator*

1905 115 219 25 WHOLESALE
2154 114 125 25 PRICES
2313 114 174 26 CURRENT.

2004 154 133 11 CORRECTED
2152 154 29 11 UP
2195 154 30 11 TO
2239 153 56 12 LAST
2311 152 82 13 NIGHT.

2141 3051 122 22 DUTIES.

1905 3078 99 22 British
2015 3077 92 23 Spirits
2321 3080 33 21 4s.
2364 3086 41 22 per
2412 3079 74 27 gallon.

1905 3105 106 22 Foreign
2021 3104 58 23 ditto
2321 3106 33 22 ss.
2364 3113 41 21 per
2411 3106 75 28 gallon.

1905 3132 105 22 Tobacco
2019 3132 178 28 manufactured,
2325 3134 30 21 Is.
2363 3140 41 21 per
2412 3134 31 21 lb.

2018 3158 209 24 Unmanufactured
2322 3160 37 22 t)d.
2369 3167 41 21 per
2417 3160 30 22 lb.

1905 3186 74 22 Snuff
2322 3188 32 21 2s.
2363 3187 78 28 perlb.

1905 3213 87 22 Cigars
2323 3215 32 21 2s.
2365 3221 40 21 per
2413 3214 29 22 lb.

1905 3240 82 22 Wines
2314 3241 26 21 15
2352 3248 42 21 per
2402 3243 55 19 cent.

1905 3267 55 27 Tea,
1975 3268 85 26 Sugar,
2077 3268 87 26 Flour,
2183 3268 115 33 Wheat,]

1923 3294 45 21 and
1977 3293 64 23 other
2053 3294 86 28 Grain,
2150 3296 13 20 5
2173 3302 41 20 per
2223 3299 58 19 cent.
2293 3290 5 26 I
2339 3309 12 14 A
2392 3309 7 7 ,
2414 3316 44 7 mn%

1905 3320 40 23 All
1953 3320 64 23 other
2025 3320 107 23 Foreign
2138 3322 144 27 productions
2293 3320 13 35 f
2324 3311 30 21 ad
2364 3311 101 21 valorem-

1919 3347 44 22 and
1968 3348 169 22 manufactures
2144 3349 26 21 10
2175 3356 42 20 per
2223 3353 58 19 cent.
2285 3343 13 33 J

2108 3375 186 25 EXCHANGE.

1905 3415 68 22 Bank
1981 3414 51 24 bills
2042 3422 29 15 on
2082 3416 95 22 London
2210 3403 81 42 {30&
2300 3407 30 20 60
2341 3405 56 23 days
2406 3405 18 22 si
2424 3405 43 31 e¥>
2476 3405 10 20 2

2217 3433 10 24 L
2259 3439 39 20 per
2309 3436 60 19 cent,
2378 3438 108 23 premium.

1906 3456 35 22 On
1950 3455 89 28 Sydney
2326 3459 73 23 Ditto.

1905 3482 89 23 Private
2003 3479 51 25 bills
2303 3485 114 24 Nominal.

1926 3540 38 17 The
1974 3540 49 18 Nev
2034 3539 101 19 Zealand
2145 3542 94 20 Gazette
2244 3544 37 17 and
2292 3544 134 17 Wziiingtox
2436 3544 53 16 Skc-

1904 3565 65 13 TAToa
1973 3562 16 18 is
1996 3560 98 21 published
2100 3566 56 18 every
2161 3563 115 23 Wednesday
2284 3565 38 18 ud
2331 3565 94 21 Saturday.
2446 3563 40 18 Sub-

1902 3582 63 21 joined
1970 3586 31 13 arc
2008 3582 31 16 the
2046 3584 57 16 terms
2107 3588 5 12 :
2113 3591 21 5 —
2134 3591 3 5 •

1926 3603 63 17 Pares
1996 3607 24 12 or
2025 3607 44 13 this
2074 3604 99 17 Pap*b.—
2173 3605 56 21 Forty
2232 3606 86 22 shillings
2323 3610 34 18 per
2365 3610 85 17 annum,?

1905 3624 39 16 able
1950 3624 20 16 in
1976 3624 82 17 advance
2062 3630 5 13 ;
2078 3629 21 13 or
2105 3630 35 12 one
2142 3625 82 23 .shilling
2229 3628 28 15 for
2262 3628 59 21 tingle
2327 3628 93 16 numbers.

1925 3644 158 18 Advertisements
2088 3646 39 17 Trill
2132 3649 34 15 not
2171 3652 67 17 appear
2247 3648 20 17 in
2277 3649 33 16 the
2319 3652 79 17 ensuing
2408 3647 72 17 number

1904 3665 17 18 if
1928 3666 85 17 received
2017 3666 48 17 later
2070 3667 47 16 than
2128 3668 20 17 10
2156 3668 74 21 o'clock,
2237 3673 48 16 a.m.,
2291 3673 25 13 on
2322 3669 32 17 the
2360 3668 91 21 mornings
2458 3668 28 15 be-

1904 3687 38 17 fore
1954 3686 121 22 publication.
2095 3689 159 17 Advertisements
2267 3690 38 18 trill
2315 3690 22 16 be
2347 3689 98 18 continued
2451 3687 33 17 and

1904 3708 78 20 charged
1991 3708 51 16 until
2050 3710 169 20 counter-ordered;
2228 3711 47 16 such
2281 3710 53 17 order
2339 3711 52 16 must
2395 3710 23 17 be
2425 3710 39 16 sent
2469 3709 17 15 to

1905 3729 31 17 the
1944 3729 55 17 Office
2012 3729 36 16 two
2067 3730 45 20 days
2130 3730 62 18 before
2201 3732 117 20 publication,
2328 3732 38 16 and
2377 3731 51 17 must
2435 3729 23 17 be
2467 3728 18 16 in

1903 3750 79 20 writing.
2005 3748 159 21 Advertisements
2176 3751 83 18 received
2276 3751 53 23 after
2346 3753 22 16 10
2384 3751 66 18 o'clock
2464 3753 20 12 on

1905 3770 82 22 Tuesday
1999 3770 38 16 and
2046 3770 68 23 Friday
2123 3773 96 21 mornings
2228 3772 39 18 -will
2276 3774 22 17 be
2309 3772 80 22 charged
2396 3769 54 21 Wioe
2457 3770 27 16 the

1905 3791 53 18 usual
1963 3791 54 17 rates.
2300 3799 17 8 „.

1908 3823 3 2 ■
1925 3812 31 17 All
1960 3812 68 19 orders,
2039 3812 160 21 advertisements,
2210 3814 36 16 and
2256 3814 166 17 communication*
2431 3814 19 15 to
2459 3810 27 17 the

1904 3833 70 19 Editor,
1978 3837 33 13 are
2015 3834 99 19 requested
2119 3835 19 16 to
2144 3835 24 17 be
2173 3835 100 17 addressed
2277 3830 65 27 ttfpil
2347 3836 78 21 Office^-

1905 3879 74 18 Printed
1991 3878 38 18 and
2041 3879 100 21 published
2157 3885 56 17 every
2227 3881 115 22 Wednesday
2358 3871 137 28 and'kiturday'

1925 3901 90 19 morningi
2028 3899 25 21 by
2071 3901 86 18 Samuei.
2170 3903 90 18 Rxvans,
2276 3904 20 15 at
2310 3903 33 16 the
2358 3903 57 17 Office
2428 3899 22 17 «f
2458 3900 28 14 «•

1906 3936 3 3 .
1925 3922 49 17 NiVT
1985 3920 102 19 2*ALAKD
2098 3922 93 18 GaZXTTX
2203 3927 41 13 AVD
2258 3924 137 17 WIMIXaTOy
2468 3921 11 13 4

1922 3947 46 15 tok,
1978 3942 160 22 tfanners-strtet,
2147 3944 117 21 Wtllington,
2277 3944 43 18 Part
2332 3944 105 19 NicholKWi
2450 3941 37 15 «•*

1926 3964 86 17 Zealand.
2147 3977 9 6 .
2328 3962 3 3 '
2406 3959 12 20 1

2246 179 16 17 £
2284 183 15 12 8.
2323 178 19 17 d.
2398 178 16 17 &
2476 180 10 15 d

1905 209 52 22 Ale
1963 216 5 14 :
1982 214 41 22 per
2032 207 49 21 hhd
2246 208 14 22 7
2287 209 14 19 0
2329 209 13 19 0
2359 221 6 6 .
2373 221 6 6 .
2398 207 14 21 7
2438 206 14 22 7
2481 210 12 18 0

2081 241 40 21 per
2125 234 102 22 barrel..
2245 235 13 19 5
2286 236 14 19 0
2328 235 14 19 0
2359 247 20 7 ..
2398 234 15 20 6
2440 234 14 19 0
2481 236 12 19 0

2081 267 40 21 per
2130 260 40 22 doz
2249 262 13 20 0
2276 261 27 21 13
2332 261 13 19 0
2362 273 19 7 ..
2401 261 14 20 0
2429 260 27 20 14
2482 263 13 19 0

1905 289 98 21 Arrack
2012 295 6 13 :
2034 287 42 21 Per
2085 287 45 30 gal.
2139 287 24 21 in
2173 287 62 22 bond
2249 289 13 20 0
2291 288 11 19 1
2331 287 13 20 9
2362 301 6 5 .
2375 300 6 6 .
2399 288 15 20 0
2441 287 14 19 2
2484 291 12 19 o

1905 315 93 22 Bread:
2013 314 44 22 Per
2065 313 46 23 2lb.
2122 313 49 23 loaf
2185 328 47 6 ....
2250 315 14 20 0
2291 316 13 19 0
2332 313 13 21 5
2363 327 20 6 ..
2401 315 14 19 0
2443 313 13 20 0
2483 315 12 19 0

1905 342 73 22 Beef:
1994 339 77 28 Fresh,
2090 347 90 15 carcase
2195 347 42 20 per

2021 367 23 21 1b
2246 369 14 19 0
2287 367 13 19 0
2316 367 27 20 10
2359 379 20 7 ..
2399 367 15 20 0
2442 366 14 20 0
2481 368 12 18 0

2012 393 54 26 Salt,
2076 400 40 19 per
2130 393 68 22 tierce
2210 407 8 7 .
2224 407 7 7 .
2248 395 14 19 0
2289 395 14 19 0
2330 394 14 20 0
2361 407 6 6 .
2374 405 6 8 .
2401 395 14 19 6
2443 394 14 19 0

1905 422 94 22 Butter
2007 428 5 14 :
2031 419 66 28 Irish,
2106 427 41 20 per
2153 419 32 23 lb.
2210 434 5 6 .
2223 434 6 6 .
2248 421 14 20 0
2291 421 11 19 1
2330 420 14 20 2
2361 433 6 7 .
2374 433 6 6 .
2399 421 15 19 0
2443 419 11 20 1
2483 421 12 18 3

2026 446 71 22 Fresh
2251 449 14 19 0
2292 449 13 19 2
2333 447 14 20 6
2364 460 18 6 ..
2402 447 13 20 0
2443 446 13 20 3
2484 447 13 19 0

1904 475 111 22 jprandx:
2031 473 59 21 First
2097 473 93 28 quality,
2197 480 41 21 per

2053 499 77 27 gallon
2139 499 24 22 in
2173 499 63 22 bond
2249 501 13 20 0
2290 501 14 20 6
2332 501 13 19 0
2363 513 6 7 .
2375 513 7 6 .
2401 501 13 19 0
2443 499 15 20 &
2483 499 13 21 6

1905 529 86 21 Brown
2011 527 74 21 Stout
2093 534 5 14 :
2121 533 41 21 per
2175 526 56 22 hhd.
2245 527 55 21 610
2328 528 13 19 0
2359 540 5 6 .
2371 540 7 6 .
2400 526 55 22 710
2484 527 11 19 0

1905 553 99 25 Cigars:
2017 553 102 27 Manilla,
2128 560 40 20 per
2173 553 62 28 1000,
2249 554 15 20 3
2291 555 14 19 0
2332 555 49 19 0..
2399 552 14 21 5
2443 552 13 20 0
2485 553 11 19 0

2013 579 98 23 Inferior
2249 581 15 20 0
2291 581 13 20 0
2331 581 13 19 0
2361 593 20 7 ..
2401 581 13 19 0
2442 577 20 22 0'
2484 581 11 18 0

2013 606 137 27 Havannah,
2156 614 40 19 per
2202 606 33 22 lb.
2270 613 61 15 none
2362 606 134 21 ..000

1989 639 7 6 •
2013 632 171 27 Chinsurahper
2190 633 72 22 10001
2279 634 25 20 10
2332 634 13 20 0
2363 646 19 7 ..
2401 634 14 20 0
2443 632 13 21 0
2483 633 12 20 0

2013 659 157 23 Alexandrian
2184 662 78 20 ....0
2290 661 14 20 0
2331 661 83 19 0..0
2442 659 13 20 0
2483 660 12 19 0

1905 688 87 22 Coffee
1999 696 5 14 :
2017 686 64 27 Java,
2092 694 39 20 per
2139 686 24 22 lb
2248 688 15 20 0
2290 688 14 20 0
2331 687 14 20 6
2363 701 5 6 .
2375 700 7 6 .
2400 687 14 20 0
2441 686 14 19 0
2483 687 12 19 9

1905 715 103 24 Cheese:
2024 713 106 22 Cheshire
2249 715 13 19 0
2292 714 10 19 1
2331 714 83 20 6..0
2443 712 10 20 1
2483 713 12 20 9

2022 740 56 22 Pine
2087 740 76 27 Apple
2184 755 46 6 ....
2248 742 15 19 O
2290 742 14 20 0
2332 741 13 19 0
2362 754 18 6 ..
2401 742 13 19 0
2443 739 11 19 1
2482 740 13 19 2

2021 767 79 21 Dutch
2250 769 14 20 0
2290 767 55 22 010
2361 781 20 7 ..
2400 769 14 20 0
2443 766 10 19 1
2483 767 12 19 0

1905 796 106 21 Candles
2018 801 6 13 :
2031 793 95 27 English
2133 800 56 21 wax,
2196 800 41 21 per

2048 820 24 21 lb
2248 821 15 21 0
2289 821 14 21 3
2331 821 13 20 0
2361 822 54 20 ..vO
2441 820 14 20 3
2483 820 13 20 6

2034 846 83 22 Mould
2247 848 15 20 0
2290 847 10 20 1
2330 847 83 21 0..0
2441 847 14 20 0
2483 847 12 20 0

2036 873 99 27 Dips...
2248 875 14 19 0
2289 875 14 20 0
2330 873 14 20 0
2361 887 19 6 ..
2399 875 14 19 0
2442 873 13 20 0
2483 875 12 18 0

1906 902 92 22 Flour:
2009 900 131 27 lstquality,
2151 903 85 24 perton

2030 920 32 28 of
2065 927 56 21 2000
2130 926 34 21 lbs
2235 927 29 21 22
2277 928 25 20 10
2332 928 12 19 0
2361 927 52 20 ..25
2436 927 19 19 D
2484 929 12 18 0

2003 953 113 23 2ndditto
2237 954 25 20 15
2290 955 12 19 0
2330 955 14 19 0
2361 954 52 21 ..18
2441 954 12 19 0
2482 955 12 18 0

1905 982 75 22 Flax:
1996 982 30 22 N.
2036 980 26 22 Z.
2074 983 86 24 perton
2185 980 77 21 ....15
2290 982 13 19 0
2332 982 12 19 0
2362 995 19 5 ..
2399 982 14 20 0
2441 981 12 19 0
2481 981 13 19 0

1932 1009 73 22 Do.—
2006 1007 132 21 onboard—
2140 1007 118 26 pressedl7
2286 1009 13 19 0
2327 1009 13 19 0
2359 1021 19 7 ..
2395 1009 15 19 0
2438 1007 13 20 0
2479 1008 13 20 0

1905 1036 61 22 Gin:
1986 1034 53 24 Pale
2056 1034 25 22 in
2091 1034 60 22 bond
2248 1035 14 20 0
2288 1035 13 20 3
2330 1036 12 19 0
2359 1048 20 6 ..
2398 1036 13 19 0
2439 1034 14 20 4
2480 1035 13 19 0

1955 1062 62 25 Case,
2025 1062 14 20 4
2046 1060 37 26 gal
2091 1062 38 20 4-5
2138 1060 24 22 in
2171 1060 62 22 bond
2248 1061 10 20 1
2289 1063 13 19 8
2330 1061 80 21 0..1
2427 1061 26 19 10
2483 1062 12 18 0

1906 1089 81 22 Hams:
2003 1087 129 28 Yorkshire,
2147 1087 86 28 perlb.
2249 1089 13 20 0
2292 1089 10 19 1
2331 1089 13 19 0
2362 1102 18 6 ..
2400 1090 13 19 0
2443 1087 10 20 1
2483 1088 12 20 2

1905 1116 114 22 Mustard
2027 1122 5 14 :
2043 1115 49 21 -Per
2100 1115 71 21 dozen
2249 1117 14 19 0
2278 1115 26 21 18
2332 1116 48 19 0..
2401 1116 13 20 0
2443 1114 12 20 0
2484 1115 12 19 0

1905 1143 101 22 Mutton
2014 1150 5 14 :
2040 1141 95 22 Carcase
2144 1148 41 21 per
2193 1141 24 22 lb
2229 1157 5 5 .
2249 1143 14 19 0
2290 1143 12 20 0
2331 1142 13 19 9
2363 1155 4 6 .
2375 1155 5 6 .
2400 1143 13 19 0
2442 1142 13 19 0
2471 1141 23 21 11

1905 1170 123 22 Muskets:
2043 1167 94 23 Walnut
2144 1168 93 22 stocked
2251 1170 13 19 0
2291 1169 13 20 0
2332 1169 13 19 0
2363 1182 18 6 ..
2401 1169 13 20 0
2443 1169 12 19 0
2485 1170 12 19 0

1905 1197 78 21 Milk:
1999 1195 43 23 Per
2048 1195 51 27 pint
2250 1197 13 19 0
2290 1197 14 18 0
2331 1195 13 20 3
2363 1209 18 5 ..
2401 1197 12 19 0
2443 1195 12 20 0
2483 1196 12 20 4

1905 1224 92 22 Maize:
2013 1229 40 20 per
2062 1221 80 22 bushel
2249 1223 13 19 0
2290 1221 12 22 7
2331 1223 13 19 0
2363 1235 19 7 ..
2401 1223 12 20 0
2442 1223 13 19 0
2483 1223 11 19 0

1905 1251 56 21 Oil:
1978 1248 104 26 Linseed,
2092 1255 41 20 per
2141 1248 77 27 gallon
2228 1264 6 6 .
2250 1250 12 19 0
2290 1248 13 22 7
2332 1249 12 19 0
2363 1263 18 5 ..
2401 1248 54 21 010
2483 1250 12 19 0

1979 1275 286 27 Black,incask,perton24
2292 1277 13 19 0
2333 1276 13 19 0
2364 1289 19 7 ..
2402 1277 13 19 0
2443 1276 13 19 0
2483 1277 12 18 0

2014 1303 79 25 Sperm
2245 1303 14 20 0
2286 1303 12 19 0
2328 1302 11 19 0
2358 1316 19 6 ..
2396 1304 14 20 0
2439 1302 12 19 0
2481 1303 11 18 0

1905 1331 76 21 Pork:
1996 1328 78 27 Fresh,
2092 1335 89 15 carcase
2196 1336 41 20 per

2022 1355 22 22 lb
2248 1357 13 19 0
2289 1357 12 19 0
2330 1356 12 20 5
2361 1370 18 6 ..
2399 1358 13 18 0
2441 1357 12 19 0
2481 1358 12 19 0

1905 1384 64 21 Pork
1976 1391 5 13 :
1998 1382 66 27 Irish,
2076 1389 40 17 per
2124 1382 74 22 barrel
2212 1379 92 25 ..4^o
2332 1384 13 20 0
2363 1397 6 5 .
2376 1397 6 6 .
2401 1383 12 21 5
2442 1383 11 20 5
2483 1385 12 19 0

1905 1411 129 22 Potatoes:
2057 1409 57 21 New
2127 1408 108 28 Zealand,

2082 1443 40 20 per
2130 1439 39 18 ton
2248 1437 15 20 4
2290 1439 13 19 0
2332 1438 12 19 0
2362 1451 6 6 .
2375 1451 6 7 .
2402 1437 12 22 7
2442 1439 12 19 0
2483 1439 11 19 0

1905 1465 94 21 Porter
2008 1470 5 14 :
2043 1463 102 26 Dunbar,
2157 1463 24 21 in
2188 1463 47 21 bot.

2072 1497 40 20 per
2121 1489 43 22 doz
2248 1491 14 20 0
2289 1491 13 20 0
2330 1492 13 18 0
2361 1505 18 5 ..
2399 1493 13 19 0
2440 1492 14 19 0
2483 1493 12 19 0

2012 1516 87 27 Bryant
2109 1516 44 22 and
2163 1517 71 21 Davis
2248 1519 14 19 0
2290 1519 13 19 0
2330 1518 13 20 0
2362 1531 5 7 .
2375 1531 5 6 .
2401 1519 12 19 0
2442 1519 12 19 0
2482 1520 12 19 0

1905 1545 98 22 Pickles
2013 1552 6 13 :
2051 1543 117 27 AssoiJed,
2196 1550 41 21 per

2077 1571 58 25 doz.,
2159 1573 77 24 quarts
2251 1572 11 18 1
2292 1572 10 20 1
2332 1573 13 19 0
2363 1585 19 6 ..
2403 1572 10 20 1
2430 1571 25 22 10
2483 1573 11 19 0

1905 1599 72 21 Pitch
1990 1606 6 14 :
2028 1597 139 27 Stockholm,
2196 1604 42 21 per

2053 1624 73 22 barrel
2250 1627 14 19 0
2290 1627 14 19 0
2332 1627 13 19 0
2362 1639 19 7 ..
2403 1627 9 19 1
2442 1627 12 19 5
2483 1628 12 20 6

1905 1652 80 22 Plank
1993 1660 6 14 :
2027 1651 55 21 Port
2104 1651 132 27 Nicholson,

2053 1685 42 20 per
2104 1680 39 20 100
2152 1678 47 22 feet
2212 1693 5 6 .
2225 1693 5 5 .
2250 1680 54 20 010
2331 1681 13 19 0
2362 1694 6 6 .
2375 1693 6 7 .
2400 1681 13 20 0
2429 1681 24 20 12
2481 1682 12 20 0

1905 1706 57 22 Rice
1968 1714 5 14 :
1987 1705 111 23 Common
2106 1712 40 21 per
2152 1709 49 18 cwt.
2213 1721 5 5 .
2227 1721 4 5 .
2250 1707 14 19 0
2291 1709 13 19 0
2332 1708 12 19 0
2363 1721 5 5 .
2375 1721 6 6 .
2401 1708 53 20 010
2481 1710 12 18 0

1986 1731 66 24 Good
2250 1734 10 19 1
2289 1735 15 19 4
2332 1735 12 19 0
2362 1748 6 6 .
2375 1748 6 6 .
2401 1733 12 23 I
2429 1734 26 21 10
2482 1737 11 18 0

1905 1760 54 21 Rum
1967 1768 5 13 :
1989 1759 25 23 P.
2025 1759 26 21 B.
2063 1759 34 25 P.,
2112 1766 39 20 per
2159 1759 78 27 gallon

2025 1785 23 21 in
2064 1785 61 23 bond
2249 1788 13 20 0
2289 1789 13 19 3
2331 1788 11 19 0
2361 1802 19 6 ..
2401 1789 12 20 0
2440 1789 12 19 5
2481 1790 11 19 0

1905 1814 87 22 Sugar:
2010 1813 121 21 Mauritius
2140 1820 40 20 per
2187 1817 49 19 cwt.
2252 1815 12 19 0
2292 1816 13 19 0
2333 1816 50 19 0..
2416 1821 56 15 none

2013 1839 81 22 Brown
2109 1839 56 22 ditto
2248 1842 10 19 1
2287 1842 13 20 2
2329 1842 80 20 0..1
2439 1843 12 20 8
2480 1844 11 19 0

2013 1867 97 21 Refined
2125 1867 53 28 loaf,
2196 1875 40 20 per

2039 1893 23 21 lb
2249 1896 13 20 0
2290 1896 13 20 0
2332 1895 12 22 7
2362 1910 18 6 ..
2400 1898 13 19 0
2441 1897 12 20 0
2481 1898 11 19 8

2014 1920 97 22 Manilla
2129 1928 40 20 per
2182 1924 49 19 cwt.
2248 1923 10 20 1
2288 1924 12 19 0
2328 1924 14 18 0
2360 1936 19 7 ..
2400 1924 9 19 1
2439 1924 13 19 6
2479 1926 12 17 0

1904 1947 59 22 Salt
1970 1954 7 14 :
1992 1947 127 27 Liverpool,
2129 1954 41 20 per
2179 1950 40 19 ton
2227 1950 35 19 .0
2290 1951 12 18 0
2330 1951 13 18 0
2361 1963 6 6 .
2374 1963 6 6 .
2401 1951 12 20 0
2441 1951 13 20 0
2482 1953 11 17 0

1904 1975 59 19 Soap
1971 1982 7 13 :
2004 1973 104 21 Hawes's
2130 1974 105 25 London,

2030 2006 40 18 per
2076 2003 40 17 ton
2234 2001 27 19 20
2288 2001 14 19 0
2330 2001 82 21 0..23
2441 2001 13 21 0
2481 2004 11 18 0

2023 2025 119 28 Liverpool
2236 2027 25 20 16
2290 2028 12 19 0
2330 2028 14 20 0
2361 2028 51 20 ..18
2441 2028 11 19 0
2481 2030 11 20 0

1904 2053 104 22 Starch:
2024 2052 75 22 Perlb
2250 2055 14 19 0
2291 2056 13 18 0
2332 2055 13 19 9
2362 2068 19 6 ..
2401 2055 12 20 0
2443 2056 9 20 1
2481 2058 12 18 0

1905 2080 142 22 Scantling:
2064 2079 43 22 Per
2114 2081 40 20 100
2164 2080 67 22 feet..
2251 2081 13 19 0
2292 2081 12 22 8
2333 2082 12 19 0
2363 2095 19 5 ..
2401 2083 14 19 0
2429 2081 26 21 12
2481 2084 12 19 0

1905 2107 126 22 Shingles:
2049 2106 44 22 Per
2100 2107 61 26 1000,
2170 2107 29 21 N.
2208 2107 26 21 Z.
2250 2109 13 19 0
2291 2109 13 19 9
2332 2109 13 19 0
2363 2122 18 6 ..
2401 2110 12 19 0
2429 2109 26 21 12
2481 2112 11 18 0

2033 2133 73 28 Ditto,
2129 2133 28 22 V.
2168 2134 29 22 D.
2209 2134 27 21 L.
2250 2136 13 19 0
2291 2136 13 19 0
2332 2136 13 19 0
2363 2149 5 6 .
2377 2149 5 5 .
2401 2137 13 19 0
2430 2137 25 20 10
2481 2138 11 19 6

1904 2161 62 22 Tar:
1982 2160 55 23 Coal
2251 2162 10 19 1
2292 2162 10 20 1
2332 2163 13 19 0
2364 2176 18 6 ..
2402 2163 13 20 0
2443 2164 13 20 0
2481 2165 12 19 0

1986 2187 132 23 Stockholm
2252 2188 10 20 I
2293 2190 10 19 1
2332 2190 50 20 0..
2401 2190 13 20 0
2442 2191 13 19 0
2481 2192 12 18 0

1904 2215 48 22 Tea
1961 2223 5 14 :
1976 2215 81 26 Hyson
2062 2213 57 28 skin,
2125 2222 40 20 per
2175 2215 63 21 chest
2251 2217 13 19 5
2292 2218 13 19 0
2333 2217 12 19 0
2364 2230 5 6 .
2377 2230 5 6 .
2403 2216 12 21 7
2443 2217 12 21 7
2481 2219 12 17 0

1979 2243 94 25 Congou
2239 2244 25 20 10
2292 2244 12 20 0
2332 2244 13 20 0
2363 2257 5 6 .
2376 2257 6 7 .
2401 2244 12 20 0
2430 2244 24 21 18
2481 2246 11 19 0

1904 2269 104 22 Tobacco
2018 2276 5 14 :
2037 2268 143 28 Negrohead,
2198 2276 41 22 per

2063 2295 32 22 lb.
2108 2296 24 21 in
2148 2295 61 22 bond
2250 2298 13 19 0
2293 2298 6 19 1
2332 2297 49 20 0..
2401 2298 12 19 0
2443 2298 10 20 1
2481 2300 11 19 6

1905 2323 164 22 Turpentine:
2085 2323 147 26 Pergallon..
2251 2325 13 19 0
2292 2326 12 18 8
2332 2324 14 20 0
2364 2337 18 7 ..
2402 2325 13 20 0
2430 2325 26 21 10
2481 2327 11 18 0

1905 2349 162 22 Whalebone:
2083 2349 92 22 Perton
2185 2352 79 19 ....90
2291 2352 13 19 0
2332 2352 97 19 0..110
2442 2354 14 19 0
2481 2354 11 18 0

1906 2376 80 22 Wine:
2003 2375 89 29 Sherry,
2103 2384 40 20 per
2151 2377 52 27 pipe
2214 2391 18 6 ..
2237 2378 27 20 28
2292 2379 12 20 0
2332 2378 14 20 0
2364 2379 51 20 ..40
2442 2380 13 19 0
2481 2380 11 19 0

2013 2403 73 28 Ditto,
2101 2410 41 20 per
2155 2403 81 22 dozen.
2252 2405 9 20 1
2290 2406 14 19 4
2332 2405 13 20 0
2363 2418 19 6 ..
2401 2406 13 19 2
2429 2406 26 20 10
2481 2408 11 18 0

2015 2430 60 27 Port,
2086 2437 40 20 per
2135 2431 50 27 pipe
2212 2432 50 21 ..28
2290 2434 13 19 0
2331 2433 13 19 0
2362 2433 51 20 ..60
2441 2434 13 19 0
2479 2434 12 19 0

2081 2465 40 19 per
2130 2457 49 22 doz.
2210 2472 6 6 .
2223 2472 6 6 .
2249 2460 9 19 1
2288 2460 12 20 8
2330 2460 13 20 0
2361 2472 5 7 .
2373 2472 6 7 .
2398 2460 14 20 2
2439 2460 13 20 8
2478 2461 12 19 0

2013 2483 151 29 Champagne,
2178 2484 56 23 ditto
2248 2486 12 21 2
2288 2486 13 20 5
2329 2486 14 20 0
2360 2500 19 5 ..
2398 2486 14 21 4
2427 2486 27 22 10
2478 2488 12 19 0

1905 2511 120 22 Poultry:
2041 2511 80 27 Fowls,
2128 2518 40 20 per
2174 2512 50 26 pair
2230 2528 5 5 .
2251 2514 13 19 0
2291 2514 13 19 8
2332 2514 13 19 0
2363 2526 19 6 ..
2401 2514 13 19 0
2429 2514 26 20 16
2481 2515 11 18 0

2039 2537 86 28 Ducks,
2135 2538 56 21 ditto
2205 2540 25 19 '..
2249 2540 13 20 0
2278 2540 24 20 16
2330 2540 14 19 0
2361 2553 19 6 ..
2399 2540 13 20 0
2441 2542 13 19 0
2480 2542 11 18 0

2041 2564 80 28 Geese,
2132 2565 55 22 each
2211 2580 6 6 .
2224 2580 5 5 .
2250 2567 9 20 1
2288 2568 14 19 0
2330 2568 13 19 0
2361 2580 5 6 .
2373 2580 6 7 .
2399 2568 13 19 0
2439 2568 14 20 0
2479 2569 11 18 0

2039 2591 110 29 Turkeys,
2159 2592 57 22 each
2250 2594 54 20 010
2332 2594 12 19 0
2363 2607 19 6 ..
2401 2595 13 19 0
2441 2596 14 19 0
2480 2596 12 18 0

2039 2618 105 27 Pigeons,
2154 2619 80 27 (wild,)

2067 2653 39 20 per
2115 2645 49 29 pair
2184 2648 78 19 ....0
2291 2648 10 19 1
2331 2648 82 21 0..0
2439 2648 13 21 2
2479 2649 11 19 0

2039 2672 86 27 Ducks,
2133 2672 36 23 do.
2180 2674 52 21 do..
2251 2675 13 20 0
2290 2675 14 20 4
2332 2675 13 19 0
2363 2688 19 7 ..
2401 2676 12 19 0
2441 2677 14 19 6
2479 2676 11 19 0

1904 2701 73 22 Eggs:
1994 2700 44 21 Per
2047 2700 73 21 dozen
2251 2702 14 20 0
2291 2702 14 21 2
2331 2702 14 19 6
2363 2716 18 6 ..
2401 2703 13 20 0
2440 2704 13 19 3
2479 2704 13 17 0

1904 2728 78 23 Cows:
1996 2726 73 23 Milch
2198 2728 65 21 ...15
2290 2730 14 19 0
2332 2730 13 19 0
2362 2729 51 20 ..25
2441 2731 12 19 0
2479 2732 11 17 0

1905 2755 96 22 Mares:
2017 2754 76 22 Brood
2236 2756 28 21 50
2290 2757 13 19 0
2332 2756 12 20 0
2363 2758 50 20 ..80
2441 2758 12 19 0
2479 2757 11 19 0

1905 2782 116 22 Working
2038 2781 133 22 Bullocks:
2194 2782 44 21 Per

1930 2810 50 26 pair
2237 2810 28 21 40
2292 2811 12 19 0
2332 2809 13 20 0
2363 2808 52 22 ..60
2441 2812 14 18 0
2479 2810 12 19 0

1905 2836 63 21 Hire
1978 2842 27 15 op
2017 2841 68 15 ditto
2091 2842 6 15 :
2113 2835 43 22 Per
2163 2836 52 26 day,
2224 2843 14 14 a

1931 2865 60 19 team
2001 2861 46 22 and
2054 2860 74 23 driver
2252 2863 10 20 1
2292 2864 13 19 0
2332 2864 13 19 0
2364 2877 19 6 ..
2401 2864 14 20 2
2441 2865 14 19 0
2480 2865 12 19 0

1905 2889 87 22 Sheep:
2006 2887 65 22 Each
2250 2890 10 21 1
2289 2891 14 20 0
2330 2890 14 20 0
2361 2903 20 7 ..
2401 2891 11 20 1
2441 2891 12 20 8
2479 2892 13 19 0

1905 2916 63 21 Boat
1978 2914 73 23 Hire:
2067 2914 44 22 Per
2116 2914 50 33 day,
2172 2915 64 22 with-

2096 2945 39 18 out
2144 2942 74 22 hands
2227 2944 35 19 .0
2276 2944 26 19 10
2330 2944 14 19 0
2361 2957 6 6 .
2375 2957 5 6 .
2401 2944 9 19 1
2441 2946 14 19 0
2480 2945 11 19 0

1904 2969 87 22 Wages
1998 2975 5 14 :
2032 2968 139 28 Mechanics,
2184 2977 3 6 -
2197 2976 41 20 per

2058 2996 63 22 week
2250 2997 13 20 2
2290 2997 14 20 0
2331 2998 49 19 0..
2399 2998 14 20 2
2429 2998 26 21 10
2480 2999 12 20 0

2184 3038 47 6 ....
2250 3024 10 21 1
2290 3024 14 21 4
2330 3024 14 21 0
2362 3038 6 6 .
2374 3038 7 6 .
2401 3026 11 19 1
2429 3026 26 20 10

710 121 64 20 Just
795 120 115 25 opened,
926 120 55 20 and
994 119 43 21 for
1058 119 61 21 Sal©
1140 119 38 26 by
1193 118 44 20 the

877 145 195 28 undersigned,
1125 142 32 26 ,'.

685 178 249 24 /GENTLEMEN'S
955 178 143 27 Wellington,
1117 178 63 27 drab,
1201 176 66 24 black

684 204 54 25 vJT
762 206 89 26 button,
862 206 45 21 and
916 205 105 22 Clarence
1030 205 73 27 boots,

710 232 103 26 Blucher,
826 232 111 26 Oxonian,
949 232 44 21 and
1006 231 58 27 light
1079 231 96 27 walking
1192 228 72 27 shoes,

710 258 108 28 Working
827 259 71 21 men's
907 258 75 22 nailed
994 257 49 22 half
1049 257 71 27 boots,

710 285 66 27 Boys'
787 286 66 21 shoes
861 285 45 22 and
915 288 61 18 stout
983 284 49 22 half
1039 284 69 26 boots,

710 311 66 23 Girls'
794 311 43 23 and
852 311 119 22 children's
987 310 64 22 shoes
1061 310 46 22 and
1117 310 61 22 cloth
1186 310 80 21 button

682 338 70 27 boots,

709 364 90 23 Ladies'
827 364 60 22 cloth
915 364 72 26 boots,
1013 362 156 23 double-soled
1192 361 71 27 shoes,

682 391 113 27 Morocco,
805 390 89 27 lasting,
903 390 45 22 and
958 390 86 22 French
1053 392 76 25 carpet
1138 390 99 26 slippers,

708 418 47 21 The
774 417 71 22 above
861 416 91 23 articles
966 424 36 14 are
1021 416 26 21 of
1063 424 14 14 a
1094 423 54 20 very
1168 414 99 28 superior

682 444 141 27 description.
1014 449 13 10 ■*

709 471 37 21 An
755 472 132 19 assortment
896 469 25 22 of
929 470 131 26 Stationery,
1072 468 122 27 consisting
1203 467 32 21 of:
1238 477 28 5 —

708 496 58 26 Post,
778 496 60 22 bank
847 496 44 22 and
901 495 96 28 foolscap
1006 503 75 24 paper,

708 523 80 27 Demy,
799 522 103 28 blotting,
914 522 43 22 and
969 522 101 28 imperial
1081 529 47 20 cap,

708 549 172 23 Memorandum
890 549 75 27 books,
978 549 103 26 assorted,

713 576 89 26 Oblong
812 576 90 27 clasped
909 576 73 27 pencil
992 575 75 28 books,
1095 597 7 2 .

711 602 89 23 Collins'
811 602 113 27 indelible,
936 602 106 26 assorted,

708 629 105 22 Account
823 629 75 27 books,
910 630 57 21 from
978 636 42 15 one
1030 629 63 27 quire
1103 628 109 27 upwards,

709 656 97 27 Wafers,'
814 655 86 28 sealing
910 663 56 19 wax,
978 656 44 22 and
1030 656 41 21 ink
1080 655 107 27 powders,

708 682 89 23 Artist's
806 682 92 28 pencils,
905 682 59 28 good
973 682 94 27 writing,
1075 682 45 21 and
1131 681 134 28 carpenter's

680 709 69 27 leads,

708 736 59 22 Steel
778 743 55 21 pens
843 736 46 22 and
897 743 43 21 pen
953 735 93 27 holders,

710 765 24 19 11
746 763 49 22 doz.
807 762 91 23 Smith's
908 769 56 20 copy
974 762 60 31 slips,

670 791 2 28 j
710 789 97 22 Gillott's
818 789 75 22 school
903 796 60 20 pens,
975 788 71 29 quills,

670 822 2 17 I
708 815 132 28 Envelopes,
853 815 99 22 national
962 815 75 22 school
1046 815 73 26 slates,

708 842 80 27 Coffee,
800 845 42 22 tea,
854 842 43 21 and
905 841 86 22 refined
1001 848 71 20 sugar,

707 869 74 21 Prime
792 867 57 22 Cork
859 868 74 22 butter
941 869 24 20 in
975 868 82 26 firkins,
1070 876 24 13 or
1103 869 30 26 by
1143 868 38 21 the
1192 867 71 21 dozen

679 895 93 28 pounds,

705 923 28 20 40
747 921 81 22 barrels
838 921 110 28 superfine
957 921 121 22 American
1091 921 63 27 flour,

706 949 122 21 American
837 948 111 27 chopping
957 956 59 19 axes,
1027 948 49 22 iron
1087 952 37 17 tea
1132 948 86 25 kettles,

706 976 13 20 5
734 978 49 18 cwt.
804 975 123 22 Rodway's
946 979 78 23 patent
1046 974 66 22 horse
1136 975 65 21 shoes
1218 973 45 23 and

678 1001 63 27 nails,

706 1028 74 22 Hall's
789 1028 60 28 glass
858 1028 143 30 gunpowder,
1009 1028 89 27 powder
1106 1027 74 28 flasks,

706 1055 66 26 Ivory
797 1055 97 22 handled
921 1062 80 20 razors,
1028 1055 130 22 Cowovan's
1178 1054 84 23 Canton

678 1089 63 14 razor
750 1082 137 27 sharpeners,

706 1108 117 27 Crockery,
839 1108 116 27 including
973 1109 85 26 dinner,
1079 1108 120 25 breakfast,
1217 1107 45 22 and

679 1138 35 19 tea
724 1136 103 26 services,

706 1162 54 21 Fine
771 1165 38 19 cut
818 1161 107 22 tumblers
935 1162 46 21 and
989 1162 57 21 wine
1056 1162 90 27 glasses,

706 1189 94 26 Pickles,
811 1189 93 26 vinegar
918 1189 24 21 in
957 1189 66 27 pints,
1034 1188 74 22 lemon
1121 1189 68 26 juice,
1201 1187 61 23 salad

678 1216 36 26 oil,
725 1224 84 19 capers,
821 1222 82 19 sauces,
914 1215 106 27 mustard,
1032 1215 62 28 pearl
1106 1215 84 28 barley,
1202 1221 59 20 sago,

678 1243 102 26 oatmeal,
793 1243 45 21 and
849 1243 92 27 tapioca,

705 1269 68 22 Fresh
784 1269 86 22 salmon
882 1269 44 21 and
935 1276 66 20 soups
1009 1268 25 22 in
1044 1269 113 27 canisters,

706 1296 111 21 Hockins'
827 1299 76 24 patent
913 1295 87 22 seidlitz
1008 1295 25 22 in
1046 1296 107 27 powders,

705 1323 57 21 Soda
773 1323 45 22 and
827 1323 78 27 ginger
915 1323 54 21 beer
978 1322 106 28 powders,

705 1349 169 28 Ra&pberryade
885 1349 44 22 and
939 1349 147 22 Cheltenham
1096 1349 61 28 salts,

705 1377 80 20 Steer's
806 1376 123 27 opodildoc,
947 1375 95 22 James's
1060 1376 97 28 powder,
1169 1375 94 27 Dalby's

677 1403 146 26 carminitive,

705 1430 78 21 Brown
795 1429 110 26 Windsor,
917 1429 73 28 fancy,
1002 1429 44 22 and
1055 1430 93 26 shaving
1157 1435 71 21 soaps,

705 1457 95 21 Essence
816 1457 26 21 of
853 1457 85 26 ginger,
955 1455 85 29 brandy
1053 1457 85 26 bitters,
1155 1455 106 23 aromatic

677 1483 98 27 vinegar,
787 1483 164 21 inexhaustible
962 1483 59 26 salts,

704 1510 137 21 Permanent
848 1509 47 27 ink,
907 1509 103 27 scouring
1020 1509 73 28 drops,
1103 1509 98 28 pastiles,

705 1537 47 21 Salt
761 1537 26 21 of
793 1537 92 26 lemons,
897 1539 63 19 court
969 1536 97 27 plaister,

705 1563 119 22 Lavender
832 1566 71 19 water.
910 1563 49 22 Eau
970 1565 27 20 de
1006 1563 106 28 Cologne,

703 1590 68 21 Bears
780 1598 84 19 grease,
877 1590 50 22 cold
936 1597 82 20 cream,
1030 1598 109 14 macassar
1150 1590 37 26 oil,
1199 1589 62 21 tooth

677 1617 94 28 powder,
783 1618 48 25 &c,

703 1643 88 22 Ladies'
807 1644 89 21 tortoise
912 1643 57 22 shell
983 1643 49 22 side
1047 1644 84 26 combs,
1152 1642 109 27 dressing,

675 1671 44 21 and
729 1671 65 21 small
805 1671 61 21 tooth
878 1671 84 21 combs.

703 1697 63 26 Hair,
798 1697 69 27 tooth,
898 1697 52 27 nail,
980 1697 100 28 shaving,
1105 1697 46 22 and
1178 1695 85 24 clothes

675 1724 99 27 brushes,

704 1751 77 26 Slates,
793 1751 56 21 slate
857 1752 89 25 cistern,
956 1751 97 26 hearths,
1065 1751 105 27 chimney
1180 1749 80 29 pieces,

703 1778 79 21 Hones
792 1778 45 21 and
846 1777 103 27 chimney
960 1781 55 24 pots,

702 1804 55 22 And
773 1810 119 16 numerous
908 1805 63 21 other
985 1805 95 26 articles,
1093 1805 71 22 which
1174 1799 48 26 witf
1232 1804 29 21 be

675 1831 48 22 sold
733 1838 54 21 very
796 1832 50 26 low,
857 1832 39 21 for'
901 1831 54 22 cash
966 1832 58 27 only,
1035 1832 30 27 by

899 1864 21 21 J.
936 1864 162 26 BODDINGTON,
1145 1881 5 14 j

768 1891 112 21 Lambton
890 1890 73 27 Quay,
973 1898 54 13 near
1037 1890 37 22 the
1148 1889 78 27 Office,
1237 1897 26 14 or

899 1917 76 22 James
988 1917 112 26 Jackson,

1032 1944 113 21 Lambton
1161 1945 72 26 Quay.

702 1972 60 21 June
773 1973 20 25 2,
806 1972 61 20 1843.
1270 1968 3 30 j

924 2016 90 20 Seeds.

676 2051 71 48 ON
758 2050 86 28 SALE,
855 2053 23 19 at
887 2050 39 21 the
934 2051 86 20 Gazette
1025 2050 78 26 Office,
1111 2050 23 21 in
1140 2045 121 33 qnantiti^S

753 2081 22 18 to
782 2078 45 21 suit
835 2077 138 27 purchasers,
985 2077 36 22 the
1032 2077 113 27 following
1154 2076 64 23 seeds
1227 2083 24 14 :—
1251 2086 10 5 -

702 2111 74 22 Sword
787 2111 106 27 long-pod
903 2111 65 26 bean,
980 2107 7 5 '

703 2143 118 28 Long-pod
831 2142 65 28 bean,

703 2177 110 27 Speckled
823 2177 71 21 dwarf
901 2176 83 29 kidriey
994 2177 65 27 bean,

703 2209 73 22 Broad
786 2209 66 26 bean,
1272 2208 2 32 |

701 2241 74 22 Horse
786 2241 66 26 bean,
1073 2257 3 3 .
1272 2253 2 14 |

701 2273 86 22 Scarlet
795 2280 92 19 runner,

701 2304 68 28 Early
778 2305 112 21 Warwick
900 2313 48 19 pea,

700 2337 68 26 Early
779 2337 116 22 Mazarine
906 2344 49 19 pea,

701 2369 105 22 Prussian
817 2368 51 22 blue
880 2376 47 19 pea,

700 2401 111 22 Nonsuch
820 2407 51 20 pea,

701 2433 54 22 Blue
766 2433 101 27 imperial
880 2440 48 19 pea,

701 2465 94 28 Spanish
806 2464 71 22 dwarf
884 2472 50 20 pea,

700 2498 71 25 Large
783 2497 98 27 cabbage
891 2497 90 27 lettuce,
1214 2507 10 4 -
1248 2505 2 6 ■

698 2529 133 22 Drumhead
841 2529 99 27 cabbage
948 2528 92 28 lettuce,

700 2560 104 28 Cabbage
814 2560 91 27 lettuce,

699 2592 75 22 White
785 2593 79 21 selesia
874 2593 89 26 lettuce,

698 2624 81 22 Brown
788 2624 45 21 and
843 2624 65 22 white
917 2631 51 20 goss
977 2624 91 28 lettuce,

700 2657 116 21 Battersea
826 2656 106 28 cabbage,

699 2688 131 22 Drumhead
840 2688 107 28 cabbage,

698 2715 49 23 Red
757 2716 78 22 Dutch
845 2716 107 26 cabbage,

699 2742 94 23 Puller's
800 2742 61 28 early
872 2743 105 27 cabbage,

702 2770 74 21 Vaual
785 2770 105 27 cabbage,
1239 2788 5 3 .
1255 2781 6 2 -

699 2796 107 23 Prussian
814 2796 66 23 white
890 2796 91 30 turnip^
1043 2813 3 4 .
1234 2793 21 29 ,'

698 2824 86 22 Yellow
794 2823 78 22 Swede
881 2824 83 32 turnip,

699 2850 85 27 Purple'
788 2854 37 24 top
837 2850 76 23 Swede
923 2851 81 28 turnip,

700 2878 74 21 White
784 2881 63 18 stone
858 2878 82 28 turnip,

700 2904 74 22 White
783 2905 58 21 horn
849 2905 86 27 turnip,-

700 2932 70 21 Silver
778 2931 80 22 leaved
867 2927 59 33 bee^,
1030 2946 4 3 -

698 2958 50 23 Red
757 2958 58 28 beet,

698 2986 75 21 White
783 2986 59 27 beet,

698 3012 109 27 Mangold
816 3013 99 27 wurtzel,
1110 3031 6 3 .
1246 3012 24 16 >;

698 3039 143 27 Altringham
851 3043 80 24 Carrot,
1000 3049 4 3 ■
1028 3056 4 3 .
1041 3048 14 12 n
1152 3057 12 9 ..
1174 3046 3 4 •
1199 3045 4 12 i

698 3066 68 27 Early
776 3067 55 21 horn
842 3069 78 25 carrot,

698 3094 64 25 Long
772 3100 82 20 orange
865 3097 79 23 carrot,

698 3119 76 24 White
785 3120 106 28 mustard,

700 3144 82 25 Curlea
777 3146 3 5 1
791 3145 67 27 cress,'
883 3150 3 4 '

698 3174 65 25 Long
772 3173 81 22 scarlet
860 3172 82 28 radish,
1108 3183 4 8 >

696 3200 77 24 .White
781 3200 75 28 turnip
866 3199 81 27 radish,

698 3226 50 23 Red
756 3226 76 25 turnip
841 3226 81 28 radish,
1111 3245 3 6 ,
1220 3246 3 4 .
1249 3245 2 4 ,

698 3254 134 27 Strasburgh
841 3254 75 26 onion,

698 3280 80 23 Brown
789 3280 97 28 Spanish
895 3280 74 28 onion,
1115 3293 2 6 •
1124 3287 4 4 '

698 3307 99 28 Parsnip,

699 3334 82 24 Curlea
790 3334 96 28 parsley,
1158 3354 4 4 .

699 3360 162 24 Greeiftcurled
874 3361 81 23 endive

699 3388 108 22 Batavian
817 3387 88 29 endive,

699 3415 68 28 Leek,

700 3443 134 27 Asparagus,

685 3487 2 3 .
699 3470 43 21 Sea
750 3469 56 27 kail,
814 3471 4 12 '
978 3479 2 6 ■
1014 3480 6 3 -

700 3496 73 22 Globe
781 3503 89 20 saroyg,
879 3520 4 3 .
1017 3496 4 3 '
1034 3519 3 5 ,

701 3522 81 23 Curled
791 3523 93 27 brocoli,

700 3549 49 22 Red
757 3550 57 22 solid
824 3546 74 31 celery
907 3550 47 22 and
962 3550 68 24 white
1041 3551 86 28 eeleryy
1214 3570 2 4 ,

700 3576 104 23 Summer
813 3583 87 22 savory,
1010 3587 5 4 -
1035 3578 11 22 \

700 3602 189 29 Winter-sav:ory>.
904 3605 4 17 :

700 3630 66 27 Sage,
1234 3635 11 8 rr
1252 3637 8 22 ;-

700 3656 96 27 Thyme,

701 3683 102 22 Brussels
813 3685 93 26 sprouts,

700 3710 96 27 Borage,
1108 3710 5 4 '
1143 3718 12 7 -•

700 3736 119 28 Angelica,

700 3763 94 28 Salsafy,
824 3784 3 6 .

700 3790 79 28 Sorell,

701 3816 124 28 Lavender,

864 3886 4 3 .
896 3865 54 20 For
963 3865 70 22 Sale.
1115 3887 2 4 ,
1152 3881 3 6 ,

673 3897 93 23 HHHE
783 3897 111 25 .CARGO
909 3898 41 24 OF
963 3899 104 24 MAIZE
1081 3907 41 21 per
1134 3901 71 23 Ariel.

679 3922 29 25 X
763 3941 7 4 -
839 3936 2 6 '
870 3943 10 5 „
952 3934 5 5 -
971 3934 7 11 r
1012 3940 4 5 -
1045 3927 77 29 lißyiif
1138 3928 45 25 and
1193 3929 41 25 Co,

698 3951 105 27 January
812 3951 35 26 27,
856 3952 64 21 1843.

1294 117 300 21 HOLLOWAY'S
1622 116 255 21 OINTMENT.

1401 148 233 26 HOLLOWAY'S
1656 148 112 26 PILLS.

1293 206 313 20 EXTRAORDINARY
1617 205 92 21 CURE
1726 204 30 21 of
1764 210 14 15 a
1789 205 87 21 CASE

1468 232 228 24 ABANDONED,

1293 265 35 22 By
1339 264 97 27 GUY'S,
1448 272 45 14 the
1503 264 255 26 METROPOLITAN,
1770 263 106 23 KING'S

1343 291 150 27 COLLEGE,
1509 298 45 15 and
1569 287 148 25 CHARING
1733 291 90 21 CROSS

1300 333 3 3 .
1327 335 21 9 
1375 329 3 4 •
1481 317 195 24 .HOSPITALS.

1293 350 54 22 This
1348 366 4 9 t
1356 350 59 25 ,Fact
1432 358 44 14 was
1491 349 111 23 SWORN
1622 350 40 22 TO
1677 350 45 21 this
1740 349 36 22 Bth
1796 349 43 27 day
1855 350 25 21 of

1320 377 87 26 March,
1415 378 60 24 1842,
1484 377 78 21 before
1573 376 37 22 the
1620 376 69 28 Right
1698 376 132 22 Honorable
1839 376 37 21 the

1321 401 61 24 Lord
1391 403 88 28 Mayor,
1490 406 23 19 at
1521 403 38 22 the
1574 402 194 23 Mansion-house.

1410 437 140 25 Summary
1573 435 31 21 of
1622 435 136 21 Affidavit.

1280 468 115 48 WM.
1409 467 135 28 BROOKE,
1561 467 140 27 Messenger,
1721 467 25 22 of
1756 468 19 25 2,
1792 467 84 22 Union-

1376 493 12 10 v
1387 497 75 24 street,
1470 495 68 21 South
1539 495 68 24 wark,
1615 493 102 26 London,
1727 489 91 26 maketh
1824 493 52 22 oath

1293 520 45 22 and
1347 521 65 26 saith,
1430 521 48 22 that
1491 521 28 21 he
1530 521 59 26 (this'
1594 520 122 28 deponent)
1728 527 43 15 was
1780 519 97 23 afflicted

1293 547 52 22 with
1349 548 78 26 fifteen
1436 548 90 26 running
1534 549 69 20 ulcers
1617 555 29 14 on
1663 547 34 21 his
1711 547 42 21 left
1767 553 54 21 arm,
1833 547 44 21 and

1288 574 118 25 .ulcerated
1420 582 60 14 sores
1495 575 44 22 and
1555 575 92 22 wounds
1654 595 2 6 ,
1665 580 30 15 on
1710 573 53 22 both
1776 573 55 28 legs,
1843 573 34 22 for

1293 600 73 23 which
1387 601 111 27 deponent
1519 609 44 14 was
1587 599 109 24 admitted
1719 608 30 14 an
1772 600 105 22 out-door

1293 627 86 27 patient
1388 630 24 19 at
1420 628 38 21 the
1473 627 159 29 Metropolitan
1649 627 109 27 Hospital,
1769 627 23 21 in
1803 627 72 27 April,

1294 655 59 25 1841,
1364 653 73 22 which
1447 654 28 21 he
1484 655 118 22 continued
1609 655 35 21 for
1651 655 78 26 nearly
1738 653 49 22 four
1794 653 82 22 weeks.

1293 680 89 22 Unable
1398 684 22 18 to
1434 681 87 22 receive
1536 689 14 14 a
1564 688 52 15 cure
1632 681 68 26 there,
1712 680 38 24 the
1764 679 113 28 deponent

1292 707 81 28 sought
1381 707 67 22 relief
1453 711 24 18 at
1486 707 36 22 the
1533 708 62 21 three
1606 708 113 26 following
1729 707 103 26 hospitals
1841 714 35 14 :-»

1289 731 84 28 ICing's
1383 733 89 28 College
1482 734 105 27 Hospital
1595 735 25 21 in
1627 735 63 26 May,
1700 734 36 22 for
1736 735 44 25 Jive
1791 733 83 28 weeks;

1294 760 51 27 Guy
1355 768 9 14 8
1375 761 103 27 Hospital
1494 762 23 20 in
1528 761 62 28 July,
1601 761 34 22 for
1649 762 35 20 six
1699 761 83 26 weeks;
1799 761 49 21 and'
1853 764 24 18 at

1292 786 98 28 Charing
1401 787 64 22 Cross
1480 787 102 28 Hospital
1597 792 24 17 at
1634 787 38 22 the
1682 787 45 22 end
1742 787 26 22 of
1780 787 95 27 August,

1291 813 35 21 for
1335 821 68 15 jsome
1420 813 76 24 weeks,
1507 821 61 15 more
1576 822 7 19 ;
1595 814 82 22 -which
1696 813 113 28 deponent
1827 814 47 26 left,

1291 839 68 28 being
1367 840 23 22 in
1401 848 13 13 a
1423 841 35 21 far
1465 848 68 14 worse
1540 841 113 21 condition
1660 841 53 21 than
1722 841 63 21 when
1794 840 28 22 he
1832 841 44 21 had

1292 866 86 27 quitted
1389 867 78 27 Guy's,
1477 867 74 22 where
1567 867 35 22 Sir
1618 867 101 26 Bransby
1729 867 91 26 Cooper,
1831 867 45 21 and

1291 893 64 22 other
1363 893 97 22 medical
1474 893 86 22 officers
1571 893 26 21 of
1607 893 37 21 the
1654 893 169 24 establishment
1831 893 45 22 had

1291 919 47 22 told
1349 919 111 28 deponent
1469 920 48 22 that
1526 921 38 21 the
1575 919 53 28 only
1637 919 85 23 chance
1735 920 24 21 of
1764 921 72 25 saving
1844 921 33 19 his

1291 947 39 24 life
1343 954 42 14 was
1392 949 29 19 -to
1430 949 41 19 lose
1485 948 32 20 his
1526 954 47 14 arm
1579 949 10 19 I
1596 949 4 10 '
1606 961 5 3 -
1616 947 48 22 The
1681 946 112 28 deponent
1803 947 73 22 there-

1292 973 139 28 upon-called
1441 982 60 20 upon
1510 974 41 22 Dr.
1562 973 88 28 Bright,'
1660 973 62 23 chief
1728 973 115 28 physician
1854 974 25 21 of

1293 1000 78 27 Guy's,
1388 1001 56 26 who,
1456 1008 28 14 on
1502 1001 95 26 viewing
1613 1001 129 26 deponent's
1756 1001 119 26 condition,

1291 1027 78 28 kindly
1378 1027 45 22 and
1432 1027 101 28 liberally
1543 1028 56 26 said,
1695 1028 78 25 utterly
1783 1029 23 19 at
1816 1034 13 14 a
1836 1030 40 18 loss

1290 1055 58 20 what
1356 1056 22 19 to
1387 1055 26 20 do
1419 1055 43 25 for
1470 1061 40 19 you
1515 1057 10 19 t
1538 1055 39 20 but
1585 1056 50 19 here
1646 1055 18 20 is
1676 1055 186 26 half-a-sovereign
1869 1063 7 12 :

1289 1088 26 19 go
1326 1084 21 18 to
1356 1083 45 19 Mr.
1411 1080 115 29 Holhway,
1538 1083 44 20 and
1587 1083 36 26 try
1632 1083 57 19 what
1705 1083 60 24 effect
1778 1083 34 20 his
1820 1083 57 20 Pills

1291 1109 42 20 and
1344 1110 105 20 Ointment
1464 1111 45 19 will
1515 1111 59 25 have,
1585 1116 24 14 as
1617 1111 16 19 I
1639 1110 50 20 have
1691 1110 125 26 frequently
1829 1111 47 19 wit-

1289 1137 72 20 nessed
1369 1138 35 19 the
1413 1137 115 26 wonderful
1536 1138 72 25 effects
1620 1138 48 25 they
1677 1138 52 19 have
1737 1138 23 19 in
1769 1138 107 25 desperate

1291 1170 62 14 cases.
1383 1165 45 19 You
1437 1171 38 14 can
1486 1165 29 20 let
1523 1171 33 14 me
1564 1171 34 14 see
1606 1171 41 19 you
1770 1164 54 22 This
1834 1172 42 14 un-

1291 1190 129 28 prejudiced
1427 1191 78 22 advice
1513 1199 44 14 was
1564 1191 105 22 followed
1676 1192 29 26 by
1714 1192 37 21 the
1758 1191 116 28 deponent,

1291 1218 44 21 and
1345 1225 13 14 a
1366 1218 87 27 perfect
1468 1225 51 14 cure
1530 1218 94 22 effected
1638 1218 24 21 in
1677 1220 63 20 three
1750 1218 80 25 weeks,
1848 1218 27 26 by

1291 1244 37 21 the
1337 1251 38 15 use
1383 1244 66 22 alone
1459 1245 25 21 of
1491 1244 138 28 Holloway's
1636 1245 53 22 Pills
1700 1245 44 22 and
1751 1244 123 27 Ointment,

1291 1270 56 25 after
1355 1271 51 22 four
1422 1271 112 28 Hospitals
1550 1272 44 21 had
1610 1272 68 22 failed
1689 1272 5 21 !
1703 1272 5 22 !
1718 1272 4 21 !
1753 1272 72 21 When
1835 1272 40 21 Dr.

1288 1297 81 28 Bright
1381 1305 43 14 was
1439 1298 73 22 shown
1528 1299 31 27 by
1569 1299 39 21 the
1624 1300 119 27 deponent,
1756 1298 37 21 the
1808 1298 69 22 result

1291 1324 26 21 of
1323 1324 33 22 his
1366 1324 86 23 advice,
1460 1325 45 22 and
1514 1325 94 27 charity,
1620 1326 28 21 he
1662 1325 56 27 said,
1827 1326 49 19 loth

1290 1352 113 20 astounded
1417 1352 43 21 and
1473 1352 121 26 delighted!
1601 1353 43 25 for
1651 1354 17 19 I
1677 1353 89 25 thougJit
1776 1354 47 19 that
1833 1353 23 25 if
1862 1353 16 20 I

1290 1385 46 14 ever
1344 1385 43 15 saw
1394 1385 41 19 you
1445 1381 67 25 again,
1520 1382 60 22 alive,
1589 1381 18 18 it
1616 1380 70 20 would
1695 1381 24 19 be
1727 1381 88 19 without
1822 1386 55 19 your

1290 1413 53 14 arm.
1361 1408 60 19 lean
1430 1408 47 25 only
1485 1413 95 20 compare
1586 1408 43 19 this
1637 1413 49 14 cure
1695 1409 21 18 to
1726 1414 12 13 a
1747 1408 73 19 charm

1317 1441 76 22 Sworn
1403 1444 24 18 at
1432 1441 36 22 the
1479 1441 194 31 Mansion-house*!
1719 1455 3 3 ■
1742 1445 3 6 '

1345 1469 25 21 of
1377 1467 37 22 the
1422 1469 45 26 city
1475 1468 25 22 of
1507 1469 102 26 London,
1618 1469 42 21 this
1669 1462 8 28 L
1686 1469 52 21 Wm.
1749 1470 126 21 BROOKE.

1344 1495 38 22 Bth
1393 1494 42 28 day
1446 1495 26 21 of
1478 1495 86 27 March,
1577 1497 60 20 1842.
1657 1490 16 38 J

1345 1532 76 25 Before
1427 1539 38 19 me,
1522 1531 195 30 JOHNJPIRIE,
1735 1534 93 22 Mayor.
1858 1540 2 4 '

1291 1566 35 21 IN
1340 1566 62 22 ALL
1417 1566 102 22 Diseases
1529 1567 26 21 of
1567 1566 38 22 the
1621 1566 61 28 Skin,
1694 1567 49 22 Bad
1755 1568 63 26 Legs,
1825 1568 51 22 'Old

1289 1593 109 27 Wounds,
1407 1593 44 22 and
1460 1593 83 27 Ulcers,
1553 1593 48 22 Bad
1608 1594 95 26 Breasts,
1714 1595 52 21 Sore
1774 1594 100 28 Nipples,

1291 1620 82 27 Stoney
1380 1619 45 22 and
1435 1620 120 22 Ulcerated
1561 1620 103 27 Cancers,
1673 1621 117 27 Tumours,
1799 1622 76 22 Swell-

1289 1646 57 27 ings,
1365 1647 67 27 Gout,
1447 1647 162 26 Rheumatism,
1626 1648 43 21 and
1685 1648 122 28 Lumbago,
1819 1648 57 22 like-

1291 1674 50 22 wise
1350 1673 23 22 in
1385 1681 61 16 cases
1456 1674 26 21 of
1489 1674 58 22 Piles
1553 1682 6 20 ;
1571 1674 37 21 the
1620 1674 59 27 Pills,
1688 1675 24 22 in
1724 1676 28 21 all
1761 1675 36 22 the
1804 1676 72 21 above

1291 1707 66 19 cases,
1369 1700 69 27 ought
1453 1705 21 17 to
1491 1701 26 21 be
1528 1701 55 22 used
1599 1701 52 22 with
1665 1702 38 21 the
1718 1703 122 26 Ointment,
1853 1710 23 14 as

1290 1727 27 27 by
1338 1727 44 22 this
1401 1735 77 14 means
1498 1735 63 15 cures
1580 1728 45 22 will
1643 1729 27 21 be
1686 1729 94 22 effected
1796 1729 53 22 with
1864 1737 13 14 a

1291 1754 66 22 much
1372 1756 90 25 greater'
1474 1755 116 27 certaint}',
1608 1755 44 22 and
1667 1755 24 22 in
1707 1756 50 21 half
1769 1756 37 21 the
1823 1757 53 20 time

1290 1780 48 23 that
1353 1782 18 20 it
1389 1782 71 21 would
1477 1782 86 26 require
1580 1782 29 26 by
1622 1782 66 26 using
1703 1783 37 21 the
1758 1782 118 23 Ointment

1290 1807 71 22 alone.
1390 1808 47 21 The
1448 1808 117 22 Ointment
1573 1809 19 21 is
1602 1809 82 26 proved
1695 1812 23 19 to
1729 1810 27 21 be
1765 1817 15 14 a
1789 1810 85 22 certain

1290 1834 91 28 remedy
1387 1834 38 22 .for
1434 1835 37 22 the
1482 1835 44 22 bite
1536 1836 27 21 of
1570 1835 155 23 moschettoes.

1286 1867 108 28 .Burns,
1408 1869 94 26 -Scalds,'
1517 1869 130 26 Chilblains,
1667 1869 106 28 Chapped
1794 1870 80 22 Hands

1290 1894 172 34 ahtL^Lins^also
1473 1895 100 23 Bunions
1587 1897 45 21 and
1648 1896 47 22 Soft
1707 1897 74 25 Corns,
1793 1897 44 22 will
1847 1897 27 22 be

1289 1921 152 28 immediately
1451 1921 66 23 cured
1528 1923 29 26 by
1567 1922 41 21 the'
1615 1930 39 14 use
1665 1923 25 21 of
1702 1923 37 21 the
1750 1923 124 22 Ointment.

1317 1956 69 21 THE
1401 1957 97 20 PILLS
1509 1964 37 14 are
1556 1959 41 19 not
1606 1956 53 28 only
1667 1957 35 21 the
1710 1957 65 22 finest
1782 1958 94 27 remedy

1286 1980 157 24 Vnowrf'when
1453 1983 55 20 used
1517 1983 54 21 with
1584 1983 38 21 the
1639 1984 124 26 Ointment,
1773 1984 41 21 but
1823 1991 24 14 as
1862 1983 20 25 ai

1291 2009 97 22 General
1408 2008 113 23 Medicine
1539 2008 64 22 there
1618 2010 20 21 is
1656 2009 94 27 nothing
1769 2010 66 27 equal
1851 2013 22 18 to

1289 2036 68 23 them.
1387 2036 27 21 In
1425 2043 94 15 nervous
1526 2036 116 21 affections
1653 2036 53 26 they
1715 2036 41 21 will
1766 2036 30 21 be
1806 2037 70 21 found

1289 2064 26 20 of
1322 2062 36 24 the
1368 2066 96 24 greatest
1474 2063 90 21 service.
1594 2062 72 23 These
1682 2063 54 21 Pills
1750 2070 44 20 are,
1812 2064 64 21 with-

1289 2094 39 17 out
1338 2089 124 28 exception,
1474 2089 36 22 the
1527 2090 67 21 finest
1604 2089 94 22 Purifier
1712 2090 26 21 of
1750 2090 37 21 the
1803 2090 73 22 Blood

1289 2123 52 15 ever
1351 2116 137 26 discovered,
1498 2117 45 21 and
1561 2116 111 23 OUGHT
1685 2116 41 22 TO
1741 2116 39 23 BE
1794 2117 81 22 USED
1881 2123 2 8 '

1289 2144 41 21 BY
1345 2144 62 21 ALL
1422 2144 153 21 FEMALES.

1309 2177 79 22 Orders
1397 2177 103 22 received
1509 2181 22 18 at
1542 2177 37 21 the
1615 2179 109 21 Gazette
1762 2179 93 21 Office.

1518 2229 42 20 On
1575 2229 70 24 Sale,

1291 2264 43 31 rp
1338 2262 44 25 HE
1412 2262 72 22 NEW
1507 2262 163 26 ZEALAND,
1689 2263 185 26 PORTFOLIO,

1293 2284 33 26 si.
1364 2288 127 23 conducted
1507 2289 29 27 by
1556 2289 72 22 H.S.
1646 2290 122 26 Chapman,
1790 2290 35 26 (of
1838 2290 38 22 the

1293 2314 85 23 Middle
1385 2316 110 27 Temple,)
1506 2316 215 23 BarristeY-at-Law.

1317 2350 42 21 No.
1373 2349 19 21 I.
1394 2360 28 4 —
1422 2350 22 20 A
1460 2349 76 22 Letter
1551 2353 23 17 to
1583 2354 3 2 '
1593 2349 37 23 the
1648 2350 70 27 Right
1735 2350 61 22 Hon.
1815 2351 61 22 Lord

1290 2377 98 26 Stanley,
1408 2377 115 27 Secretary
1543 2377 27 21 of
1585 2377 61 21 State
1665 2377 35 21 for
1719 2377 37 21 the
1776 2378 100 22 Colonial

1290 2403 154 28 Department,
1478 2403 34 22 On
1520 2403 37 22 the
1566 2403 188 23 Administration
1759 2405 26 21 of
1789 2405 87 21 Justice

1289 2431 23 21 in
1323 2430 57 22 New
1881 2435 2 15 :

1316 2457 45 21 No.
1373 2456 63 22 ll.—
1438 2457 75 21 Letter
1527 2460 23 18 to
1568 2457 60 22 John
1644 2457 59 23 Abel
1719 2458 77 27 Smith,
1813 2459 61 28 Esq.,

1290 2484 68 27 M.P.,
1392 2483 35 23 On
1437 2484 38 21 the
1482 2484 145 27 Advantages
1634 2485 72 21 which
1713 2486 73 21 would
1796 2493 79 14 accrue

1289 2514 22 18 to
1322 2511 94 27 English
1426 2511 124 27 Capitalists
1560 2511 57 22 from
1629 2511 37 22 the
1677 2512 168 22 establishment
1853 2513 26 22 of

1289 2544 16 15 a
1310 2539 60 20 Loan
1381 2538 145 27 Company.iox
1535 2539 54 20 New
1599 2540 98 25 Zealand,
1709 2539 85 22 similar
1804 2544 23 17 to
1837 2540 38 21 the

1290 2565 127 22 Australian
1426 2565 67 26 Txusj;

1317 2592 42 22 No.
1470 2592 148 32 AgLAdaress
1629 2596 22 19 to
1661 2593 37 22 the
1709 2593 55 22 New
1775 2593 101 22 Zealand

1289 2619 65 22 Land
1363 2619 139 28 PropnMorS
1510 2620 100 21 resident
1623 2621 23 21 in
1656 2620 38 22 the
1705 2621 84 21 United
1803 2621 73 26 King-

1289 2646 58 27 dom,
1358 2653 31 14 on
1404 2645 89 24 sevffl«i8
1493 2643 7 14 f
1500 2650 97 19 Tnaiters
1607 2647 25 22 of
1639 2648 137 27 importance
1786 2651 22 19 to
1818 2648 58 22 their

1495 2669 62 24 cviH'

1315 2707 42 21 No.
1375 2707 72 21 IV.—
1447 2702 134 32 ".'Oa^Sf-.
1588 2709 116 22 Financial
1723 2709 113 23 condition
1853 2710 26 22 of

1289 2734 55 26 New
1353 2731 352 36 Zealand/h^&jfcrfcfcjrerry,
1717 2737 59 27 Esq.,
1786 2737 88 24 F.R.S.,

1290 2761 79 22 l'\S.A.
1463 2766 152 34 ••J&ifcj&BK/Eai
1635 2770 21 21 jbi

1346 2805 5 3 -
1364 2805 7 3 '
1472 2796 83 21 -Ckxtitt:
1562 2801 122 16 AHCESIrcE.
1881 2807 2 10 i

1318 2826 86 21 Gazette
1415 2826 78 26 Office,
1497 2821 98 31 T^a»h»
1601 2828 65 24 JS43.

1284 2881 12 20 ?.*
1420 2873 5 5 '
1514 2878 54 21 Fo*
1582 2878 70 24 Sale,

1290 2911 91 49 THE
1396 2911 144 23 COTTAGE
1555 2912 129 22 situatea'in
1703 2913 99 22 Oriental
1818 2914 56 27 Bay,

1362 2937 46 22 and
1422 2938 69 27 lately
1499 2939 108 28 occupied
1622 2939 29 27 by
1662 2939 38 22 the
1717 2940 158 27 undersigned.

1290 2966 20 20 A
1325 2965 53 27 long
1394 2964 61 23 lease
1473 2965 25 22 of
1514 2965 38 23 the
1569 2966 84 21 section
1668 2974 58 19 upon
1746 2967 72 23 which
1839 2967 37 21 the

1288 2991 68 23 house
1366 2991 76 22 stands
1452 2991 44 23 will
1504 2993 28 21 be
1542 2992 104 28 granted.

1314 3019 69 22 Town
1392 3018 56 22 land
1456 3019 44 21 will
1509 3019 28 22 be
1546 3019 69 22 taken
1625 3020 23 21 in
1658 3019 122 28 exchange.

1316 3046 42 21 For
1366 3045 86 22 further
1459 3045 137 28 particulars,
1608 3046 67 27 apply
1684 3048 23 20 to

1609 3078 98 23 George
1721 3078 88 28 Duppa,
1825 3087 25 14 or

1609 3105 42 29 W^
1661 3112 29 22 V.
1705 3113 102 22 Brewer

1279 3161 2 5 '
1289 3162 121 26 Country
1423 3162 126 21 Sections
1568 3163 44 21 for
1631 3163 61 22 Sale
1714 3170 35 16 on
1767 3165 109 23 Liberal

1531 3189 104 22 Terms.

1290 3214 163 51 SEVERAL
1488 3215 102 23 Sections
1617 3216 27 23 of
1674 3218 101 28 Country
1803 3218 72 28 Land,

1353 3242 91 27 already
1454 3241 82 24 chosen
1545 3243 25 22 in
1579 3243 39 23 the
1632 3245 93 23 Porirua
1739 3245 92 28 district,
1841 3246 36 22 for

1289 3269 57 27 Sale,
1357 3276 75 16 TERMS
1442 3276 105 16 LIBERAL.
1576 3270 77 29 Apply
1660 3275 26 19 to

1383 3302 25 22 F.
1423 3303 29 22 A.
1467 3303 172 29 Molesworth,
1655 3306 186 28 Murphy-street,
1852 3315 25 14 or

1384 3330 34 21 W.
1434 3330 28 22 V.
1477 3330 108 28 Brewer,
1595 3332 197 24 Manners-street.

1455 3384 90 21 Beach
1563 3385 146 27 Frontage.

1291 3419 66 48 TO
1371 3417 40 22 BE
1425 3417 66 27 LET,
1504 3417 74 23 heach
1587 3418 102 27 frontage
1703 3420 44 22 lots
1756 3419 25 23 fn
1791 3424 86 20 section

1361 3445 43 21 490
1413 3452 29 14 on
1459 3444 37 22 the
1506 3445 57 22 Plan
1573 3445 28 22 of
1608 3445 38 23 the
1655 3448 67 22 Town
1737 3448 26 22 of
1769 3447 108 30 Welling-

1288 3475 47 24 ton,
1345 3471 116 28 adjoining
1470 3471 44 22 Mr.
1521 3471 92 23 Taine's
1620 3476 68 24 store;
1704 3474 45 22 and
1756 3475 25 22 in
1791 3476 85 23 section

1288 3500 48 27 616,
1343 3499 101 22 between
1453 3499 73 26 Major
1535 3499 93 23 Baker's
1637 3499 45 23 and
1689 3501 46 22 Mr.
1743 3502 134 23 Swainson'g

1279 3548 2 7 ,
1288 3525 89 23 houses,
1399 3537 3 9 i

1312 3550 63 26 Also,
1380 3551 38 23 the
1427 3551 114 28 following
1549 3553 98 23 sections
1657 3561 29 15 on
1696 3555 39 22 the
1742 3555 56 24 Plan
1806 3556 26 23 of
1839 3556 37 23 the

1288 3579 78 28 Town,
1376 3579 46 22 viz:
1423 3590 29 5 —

1294 3614 17 14 i.
1390 3606 28 21 55
1554 3607 43 21 319
1745 3610 42 21 922
1826 3626 3 5 .

1378 3634 42 21 240
1555 3633 42 23 718
1733 3637 55 22 1079
1833 3654 6 3 -

1290 3681 5 6 ,
1315 3661 77 28 Apply
1405 3663 23 19 to
1456 3677 4 5 ,

1465 3687 26 22 E.
1506 3687 22 23 J.
1543 3687 154 29 Wakefield,
1712 3697 25 15 or

1463 3713 36 22 W.
1514 3713 29 23 V.
1559 3714 109 29 Brewer,
1682 3717 194 24 Manners-street.

1353 3781 2 9 ,
1375 3769 5 3 -
1407 3760 44 23 Ex
1464 3760 137 22 schooner

1288 3787 50 57 A
1359 3793 68 23 FEW
1446 3794 79 23 TONS
1547 3794 41 22 OF
1611 3795 193 25 MANAWATU
1825 3798 51 23 PO-

1366 3821 127 28 TATOES,
1509 3821 35 23 for
1559 3821 52 24 Sale
1625 3826 23 19 at

1614 3854 120 24 Wallace
1749 3856 46 23 and
1809 3857 41 24 Co.

1315 3880 61 23 Jung
1386 3882 35 26 24,
1433 3882 62 21 1843.
1815 3873 26 18 **

1289 3923 73 51 ON
1376 3926 92 27 SALE,,
1477 3929 23 20 at
1510 3927 47 21 this
1566 3927 75 26 office,
1649 3927 72 24 blank
1730 3930 59 22 But
1800 3931 76 22 Books

1364 3952 19 14 <<;
1519 3952 73 25 office,
1603 3953 56 24 Dee.
1669 3955 20 20 4.
