2569 4010
43 47 166 180 New
264 47 386 180 Zealand
705 47 387 180 Gazette
1147 47 166 180 and
1368 47 552 180 Wellington
1975 47 552 180 Spectator.

2331 523 99 39 [Vol.
2455 522 27 31 I.

46 562 63 31 No.
131 558 67 39 34.]

551 545 130 32 PORT
706 541 287 36 NICHOLSON,
1016 535 260 36 SATURDAY
1298 532 242 37 MORNING,
1564 529 265 32 DECEMBER
1853 531 30 32 5,
1908 529 89 29 1840.

697 638 116 21 UNION
827 636 101 21 BANK
944 636 42 20 OF
1003 631 218 23 AUSTRALIA.

662 666 94 21 Lonhon
776 665 93 20 Otice.
887 663 42 21 No.
946 663 34 19 'H.
998 661 51 21 Old
1067 660 184 20 Bro*i>-street.

716 690 95 28 Capital,
821 690 123 23 £500,000;
965 687 52 28 paid
1026 694 36 19 up,
1079 686 117 25 £300,000.

896 716 60 20 Diret
965 722 43 13 rors
1015 722 6 12 :

718 745 89 26 George
819 743 46 22 Fife
877 743 84 25 Angas,
975 741 59 26 Esq.,

719 772 85 21 Robert
814 769 92 26 Brooks,
918 769 43 26 Esq
973 784 6 11 ,

718 798 78 22 James
805 797 61 21 John
877 796 86 21 Cumnr
969 802 31 18 us,
1012 793 61 28 Esq..

719 825 85 22 Robert
813 823 123 26 Gardener,
948 822 13 21 b
968 829 40 19 sq.,
1022 818 148 26 Manchester,

719 852 61 22 John
793 851 67 26 Gore,
873 850 59 27 Esq.,

720 878 61 22 John
793 877 98 21 William
905 875 89 24 Buckle,
1008 873 59 28 Esq.,

720 904 118 28 Benjamin
851 903 26 22 E.
890 902 71 22 Lindo
978 902 59 26 Esq.,

721 932 92 21 Charles
824 929 94 23 Edward
927 927 111 28 Mangles,
1050 926 60 27 Esq.,

721 957 143 28 Christopher
876 957 101 24 Rawson,
989 955 60 27 Esq.,
1062 952 98 27 Halifax,

720 986 99 21 Thomas
829 983 78 26 Sands,
919 983 44 26 Esq
974 998 6 10 ,
991 979 125 28 Liverpool,

721 1012 78 21 James
809 1010 69 27 Bogle
890 1008 78 22 Smith.
981 1009 58 25 Esq.,

722 1039 78 21 James
809 1035 97 24 Ruddell
915 1034 72 25 Todd,
998 1034 52 27 Esq.

666 1073 118 21 Trustees:
810 1071 96 21 George
925 1069 65 21 Caiik
1015 1067 73 26 Glyn,
1114 1066 58 26 Esq.,
1193 1063 64 22 John

704 1099 75 26 Gore,
790 1098 60 27 Esq.,
867 1096 46 22 and
921 1095 77 22 Javks
1008 1094 23 21 J.
1042 1094 116 24 Cummins,
1169 1091 52 27 Esq.

669 1132 113 23 Bankers:
808 1131 91 22 Messrs.
923 1129 35 21 Gl
977 1136 22 19 n,
1024 1127 129 25 Hallifax,
1174 1125 83 25 Mills,

916 1155 44 23 and
979 1155 35 22 Do.

752 1194 131 25 Secretary:
899 1191 62 21 Samu
974 1197 20 14 :l
1005 1189 110 25 Jackson,
1126 1186 52 28 Esq.

706 1226 102 23 Colonial
820 1226 129 27 Inspector:
965 1224 21 21 J.
998 1223 24 21 C.
1034 1222 123 25 M'Laren,
1172 1219 51 28 Esq.
1274 1221 1 30 j

793 1280 69 21 New
881 1277 124 22 Zealand
1023 1275 115 21 Branch.

673 1315 67 22 Local
752 1314 113 22 Directors
873 1320 5 13 :
895 1312 57 21 Geo.
964 1312 22 20 S.
998 1310 83 23 Evans,
1097 1308 59 28 Esq.,
1168 1306 93 26 D.C.L.,

818 1339 45 23 and
874 1339 58 21 Geo.
946 1338 107 24 Huntf.ii,
1065 1336 52 26 Esq.

674 1376 123 26 Manager:
813 1374 63 21 Jo«n
887 1373 83 24 Smith,
984 1371 58 26 Esq.,
1057 1369 45 22 late
1114 1368 25 22 of
1149 1367 38 22 the
1197 1367 65 22 Com-

723 1400 92 23 mercial
825 1399 64 23 Bank
900 1399 26 21 of
939 1397 109 27 England,
1061 1395 151 23 Manchester.

784 1433 114 23 Branches
908 1437 24 17 at
947 1431 98 27 Sydney,

949 1459 7 21 1
963 1459 75 21 lobart
1045 1456 76 27 Town,

950 1486 8 21 ]
970 1487 128 23 aunceston,
1111 1482 44 22 and

950 1512 8 22 1
968 1515 34 18 ort
1015 1510 78 28 Philip.
1135 1523 3 5 •

676 1551 52 21 Port
737 1548 132 27 Nicholson,
880 1546 80 23 March
970 1547 35 25 24,
1017 1546 61 21 IS4O.

665 1606 9 8 fc
676 1605 44 28 rp
725 1604 42 21 HE
784 1602 116 23 Directors
916 1600 26 21 of
957 1599 39 22 the
1014 1599 55 21 New
1087 1596 99 23 Zealand
1201 1595 64 22 Land

683 1621 28 32 X
751 1631 116 26 Company
881 1627 80 27 herebj
983 1626 51 27 give
1051 1625 80 25 no'ice,
1150 1623 48 22 that
1213 1623 53 26 they

674 1658 58 21 have
740 1664 113 15 EFFECTED
865 1663 28 13 AN
906 1660 171 16 ARRANGEMENT
1086 1651 51 21 with
1145 1651 37 21 the
1191 1651 73 20 UniOll

676 1684 63 22 Bank
755 1684 25 21 of
799 1682 119 24 Australia,
936 1680 43 22 No.
996 1681 35 24 38,
1047 1678 43 22 Old
1108 1677 157 23 Broad-street,

677 1711 102 25 London,
790 1710 35 21 for
834 1709 38 21 the
885 1707 169 22 establishment
1067 1705 27 21 of
1108 1712 12 14 a
1137 1704 129 21 BRANCH

678 1738 87 21 BANK
781 1737 34 21 IN
831 1734 71 23 NEW
917 1733 159 25 ZEALAND,
1090 1731 94 26 through
1196 1729 70 22 which

676 1764 38 22 the
723 1764 103 22 business
838 1762 28 22 of
878 1761 38 22 the
934 1760 56 22 New
1008 1758 100 23 Zealand
1122 1757 64 23 Land
1203 1757 66 21 Com-

676 1799 61 19 pany
746 1791 45 21 will
800 1790 27 21 be
837 1787 136 24 transacted.
1001 1786 48 21 The
1066 1786 113 21 Directors
1195 1783 73 21 there-

677 1818 47 21 fore
734 1816 146 23 recommend
888 1819 23 18 to
929 1813 111 23 Colonists
1056 1812 38 21 the
1113 1811 73 22 Union
1204 1809 64 23 Bank

678 1846 25 20 of
722 1844 114 22 Australia
854 1850 24 14 as
897 1849 28 14 an
952 1839 169 23 establishment
1142 1837 128 28 possessing

678 1872 57 21 their
753 1871 69 21 entire
846 1868 138 23 confidence,
1005 1866 44 21 and
1068 1865 50 22 able
1137 1868 22 18 to
1179 1863 91 26 provide

678 1897 127 27 effectually
822 1897 33 21 for
872 1896 36 21 the
924 1893 105 23 financial
1045 1895 71 19 wants
1131 1891 26 21 of
1168 1891 37 21 the
1222 1891 49 21 first

678 1925 136 22 settlement.

848 1950 35 26 By
894 1948 65 22 order
968 1947 26 21 of
1005 1947 38 21 the
1054 1947 78 24 Board,

926 1981 84 22 JOHN
1027 1980 103 25 WARD,
1146 1979 125 25 Secretary.

667 2019 68 18 -New
746 2016 101 21 Zealand
856 2013 210 25 IroiidjCcmpany's
1077 2010 90 26 Office,*

707 2043 20 24 1,
738 2041 160 24 Adam-street,
910 2037 106 28 Adclphi,
1027 2037 52 21 27th
1089 2037 67 26 Aug.,
1168 2037 61 20 1839.

786 2094 107 20 TOWN
907 2092 115 21 ACRES
1036 2092 44 20 TO
1094 2091 76 23 LET,

680 2127 180 50 NUMBERS
876 2133 30 15 on
916 2125 37 22 the
963 2122 240 30 Surveyor-General's
1212 2129 60 21 map,

743 2156 3 4 •
786 2171 4 4 .
818 2155 39 20 199
953 2154 41 19 470
1090 2152 40 20 288

819 2181 40 21 168
954 2180 42 19 .559
1090 2178 42 21 314

819 2208 40 20 156
956 2207 40 20 19(5
1091 2206 41 19 310

817 2235 42 21 423
954 2234 42 20 306
1091 2232 43 20 424

831 2261 28 21 47
899 2263 3 5 '
954 2260 41 21 305
1092 2257 40 22 723

817 2288 12 20 5
832 2290 12 10 r
838 2288 18 20 A
956 2286 40 21 167
1091 2285 41 20 343

708 2315 55 21 And
773 2321 68 20 many
852 2314 75 21 others
937 2313 23 21 in
972 2312 36 21 the
1020 2314 58 19 most
1092 2310 108 22 desirable
1214 2312 61 25 parts

682 2341 25 23 of
720 2342 37 21 the
768 2345 67 17 town.
866 2340 43 22 For
920 2339 132 28 particulars
1066 2337 66 32 apply
1142 2341 23 17 to

1085 2365 23 21 J.
1119 2362 34 23 W.
1165 2364 82 21 Child.

711 2395 87 27 Petoni,
809 2394 60 22 Nov.
878 2395 35 25 30,
926 2394 60 21 1840.

888 2448 70 21 FOR
974 2447 98 23 SALE,

686 2482 164 52 SEVERAL
869 2482 70 21 T.iwn
956 2481 46 22 and
1019 2481 100 26 Country
1137 2479 101 23 Sections
1254 2477 26 23 of

751 2510 73 23 Land.
854 2509 76 27 Apply
941 2512 22 18 to

1005 2535 94 21 Robert
1111 2533 26 22 R.
1148 2533 100 21 Strano.

731 2592 105 21 TOWN
864 2590 55 21 and
934 2589 168 22 COUNTRY
1117 2588 104 21 LAND.

686 2627 52 48 A
756 2625 108 23 LARGE
884 2624 96 22 number
1000 2623 27 21 of
1045 2622 69 22 Town
1139 2622 70 22 Acres
1233 2620 45 22 and

765 2653 101 26 Country
876 2651 102 22 Sections
991 2654 22 17 to
1024 2649 27 22 be
1061 2649 38 21 let.
1127 2649 71 21 Town
1207 2648 72 22 Acres

686 2680 44 22 will
742 2680 26 21 be
780 2678 142 23 sub-divided
934 2682 22 16 to
970 2677 45 21 suit
1031 2679 96 19 tenants.
1158 2675 60 27 Al<o,
1235 2679 44 17 two

685 2707 69 21 Town
766 2707 79 24 Acres,
856 2705 54 22 Nos.
923 2706 39 20 108
973 2703 46 23 and
1029 2704 38 20 128
1083 2710 29 14 on
1128 2702 37 22 the
1184 2702 54 21 Plan
1256 2702 27 21 of

686 2734 38 21 the
734 2733 70 22 Town
813 2741 5 18 ;
834 2736 23 18 to
867 2733 28 20 be
905 2731 48 22 sold
967 2730 72 23 either
1048 2730 22 22 in
1082 2729 70 22 whole
1163 2736 25 14 or
1198 2733 66 23 parts.

714 2761 63 25 Al<o,
789 2759 145 28 preliminary
941 2759 100 26 Country
1049 2757 97 26 Section,
1154 2756 52 21 with
1215 2754 65 22 order

686 2788 27 21 of
725 2787 77 22 choice
799 2789 2 3 1
813 2787 46 26 153,
873 2790 22 17 to
906 2785 27 21 be
944 2784 55 22 sold.

714 2814 44 22 For
766 2813 88 23 further
862 2811 139 29 particulars,
1018 2810 67 27 apply
1094 2813 24 18 to

1027 2838 96 21 Dudley
1134 2837 118 21 Sinclair.

714 2867 59 21 Nov.
784 2868 34 24 2S,
831 2867 61 20 1840.

793 2919 106 21 TOWN
913 2919 114 20 ACRES
1043 2919 44 19 TO
1102 2918 74 20 LET.

688 2953 181 50 NUMBERS
884 2959 29 14 on
924 2952 38 21 the
973 2950 239 28 Surveyor-General's
1221 2957 59 21 map,

961 2980 42 19 438

962 3006 42 20 553

962 3033 42 20 627

963 3059 40 21 775

951 3086 54 21 1007

951 3113 54 21 1057

718 3141 43 22 For
775 3139 132 29 particulars
922 3138 93 28 enquire
1032 3141 23 20 at
1069 3138 37 22 the
1123 3138 64 21 office
1202 3137 27 23 of
1245 3137 37 22 the

719 3195 58 22 Nov.
788 3196 34 25 26,
834 3194 61 22 1840.

796 3249 106 22 TOWN
917 3248 114 21 ACRES
1046 3248 44 19 TO
1104 3247 75 20 LET.

691 3282 182 51 NUMBERS
888 3289 28 14 on
930 3281 37 21 the
977 3279 240 28 Surveyor-General's
1227 3277 56 23 Plan

773 3311 28 21 of
812 3309 37 22 the
860 3312 67 24 town,
968 3309 40 21 179

980 3335 27 22 75

979 3363 28 20 62

966 3390 43 21 330

953 3417 55 20 1097

721 3444 37 22 On
767 3443 137 28 application
918 3446 24 18 to
958 3442 43 22 Mr.
1018 3441 25 23 F.
1059 3441 84 26 Logan,
1161 3439 69 28 Clyde
1243 3442 44 19 ter-

693 3478 58 20 race,
764 3471 86 26 Petoni,
861 3474 69 18 terms
939 3469 84 22 willbe
1033 3468 65 22 made
1108 3467 89 22 known.

721 3497 174 28 Clyde-tetrace,
906 3496 59 22 Nov.
976 3497 34 24 23,
1022 3496 61 21 1840.

694 3551 184 26 BUILDING-,
888 3549 238 22 ALLOTMENTS
1148 3548 45 20 TO
1211 3546 76 22 LET.

697 3584 91 48 THE
808 3583 201 23 ADVERTISER
1025 3582 65 21 offers
1106 3588 59 20 upon
1182 3580 106 26 Building

772 3611 89 24 Leases,
873 3618 14 14 a
896 3610 95 21 number
1001 3608 27 22 of
1038 3608 70 21 Town
1118 3608 136 21 Allotments
1262 3606 24 21 in

697 3638 38 21 the
745 3641 59 18 most
813 3636 108 22 desirable
932 3639 60 24 parts
1002 3635 27 22 of
1040 3634 43 22 this
1094 3634 137 22 Settlement.

725 3664 47 22 The
791 3664 111 21 attention
920 3663 26 22 of
963 3662 38 22 the
1018 3661 75 28 public
1111 3661 17 21 is
1143 3658 145 34 particularly

697 3690 72 23 called
789 3694 23 18 to
831 3690 38 22 the
874 3700 4 4 •
888 3689 126 26 advantage
1033 3688 25 21 of
1077 3687 105 26 Building
1198 3686 89 25 Leases,

698 3717 73 22 which
781 3718 38 20 the
829 3715 152 27 undersigned
991 3716 17 20 is
1020 3713 95 22 enabled
1124 3718 22 17 to
1155 3716 73 23 grant,
1236 3712 52 26 viz.,

698 3744 58 22 from
766 3751 68 14 seven
846 3746 23 18 to
886 3745 139 23 twenty-one
1042 3747 72 20 years,
1131 3739 121 26 according
1267 3742 23 17 to

699 3770 38 22 the
756 3770 65 21 value
840 3769 27 22 of
887 3768 38 23 the
948 3767 114 27 buildings
1083 3765 110 29 proposed
1215 3769 23 18 to
1262 3765 28 21 be

699 3796 99 24 erected.
945 3821 18 22 f
986 3821 21 22 a
1033 3818 221 25 MOLEsWORTH

700 3879 89 48 FOR
812 3878 85 27 SALE,
919 3876 70 23 Town
1009 3876 46 23 and
1073 3876 100 26 Country
1193 3874 95 26 Section,

774 3905 45 21 No.
834 3906 47 20 881.

982 3930 82 22 Wattt
1076 3928 45 23 and
1129 3928 106 23 Tinline.

1512 624 45 21 TO
1573 624 76 23 LET,

1283 659 120 52 TOWN
1419 659 105 25 ACRES,
1540 658 42 20 394
1595 656 45 22 and
1655 657 49 20 395.
1734 654 44 23 For
1788 652 88 23 further

1358 686 140 28 particulars,
1511 684 92 27 enquire
1615 683 27 21 of

1458 719 26 22 T.
1502 719 33 22 M.
1553 715 181 24 PARTRIDGE
1744 713 45 23 and
1802 713 46 23 CO.

1512 774 44 20 TO
1572 772 76 23 LET,

1285 811 44 29 rp
1334 809 72 22 OWN
1422 807 105 26 ACRES,
1542 807 41 20 245
1597 805 46 22 and
1656 806 49 20 392.
1735 803 44 22 For
1791 801 87 23 further

1281 840 2 7 1
1292 827 29 32 X
1363 835 139 29 particulars,
1523 833 93 27 enquire
1634 836 23 18 at
1676 831 39 22 the
1759 830 97 21 Gazette

1285 863 78 24 Office.

1287 917 92 49 THE
1403 913 157 28 Undersigned
1577 913 58 21 have
1654 912 69 22 Town
1743 911 72 21 Acres
1834 909 45 22 and

1362 944 99 27 portions
1481 943 26 21 of
1525 948 62 16 acres
1603 944 23 17 to
1641 939 32 21 let
1687 939 23 21 in
1730 938 30 21 all
1777 941 61 24 parts
1858 936 25 21 of

1287 970 146 28 Wellington.
1446 969 49 22 The
1506 972 68 18 terms
1582 966 43 22 will
1629 966 28 22 be
1664 965 68 28 given
1740 971 62 21 upon
1810 964 72 27 appli-

1288 1002 82 20 cation.
1499 1019 130 25 HANSON
1641 1018 46 22 and
1697 1016 156 24 ALZDORF.

1316 1051 87 26 Petoni,
1415 1051 60 26 Sept.
1485 1051 35 25 29,
1532 1049 60 21 1840.

1290 1105 92 48 THE
1403 1100 228 25 UNDERSIGNED
1648 1100 65 21 offers
1730 1099 34 21 for
1784 1097 53 27 sale,
1859 1104 23 14 or

1365 1131 67 25 lease,
1443 1130 54 22 land
1506 1130 24 20 in
1548 1127 38 22 the
1596 1131 59 17 most
1665 1125 111 22 desirable
1786 1129 63 23 parts
1861 1124 26 21 of

1291 1158 36 23 the
1337 1158 77 25 Town,
1426 1157 72 21 either
1506 1157 24 20 in
1541 1153 103 26 building
1652 1153 41 21 lots
1704 1160 26 13 or
1746 1158 70 18 acres,
1836 1151 47 21 also

1290 1191 43 17 two
1344 1185 99 26 Country
1455 1183 102 22 Sections
1568 1180 25 22 of
1605 1180 61 27 early
1682 1179 78 21 choice
1769 1186 6 18 ;
1797 1178 86 22 further

1292 1211 131 30 particulars
1433 1210 26 22 of
1681 1232 21 22 H
1706 1231 61 23 ORT
1767 1248 7 10 f

1362 1264 139 22 Auctioneer
1511 1261 46 23 and
1567 1259 149 23 Commission
1729 1257 128 23 Merchant.

1318 1291 124 26 Britannia,
1457 1290 58 22 Nov.
1527 1290 33 25 28,
1575 1289 60 20 1810.

1294 1346 27 21 T
1342 1345 69 22 AND
1434 1344 40 22 TO
1499 1343 39 23 BE
1566 1341 57 22 LET
1652 1340 42 22 OR
1722 1339 80 22 SOLD
1812 1338 75 22 —The

1302 1366 10 24 I
1326 1373 14 17 A
1370 1370 159 27 Undersigned
1538 1369 57 22 have
1610 1375 29 14 on
1649 1367 62 21 hand
1721 1366 85 22 several
1817 1366 69 21 Town

1295 1400 69 22 Acres
1375 1399 44 21 and
1430 1399 100 25 Country
1541 1395 108 25 Sections,
1661 1398 21 17 to
1693 1393 31 21 let
1735 1400 24 14 or
1769 1392 40 22 sell
1817 1392 72 22 either

1294 1427 22 22 in
1327 1425 71 22 whole
1409 1426 71 20 Acres
1490 1423 45 23 and
1546 1422 108 25 Sections,
1666 1428 24 13 or
1700 1419 98 22 divided.

1551 1456 62 21 John
1624 1454 45 22 and
1680 1454 58 21 Geo.
1751 1452 82 26 Wade,

1476 1484 66 22 Land
1551 1482 45 22 and
1605 1481 148 22 Commission
1767 1480 94 27 Agents.

1322 1519 130 23 November
1460 1520 35 25 20,
1508 1517 62 22 1840.

1296 1569 364 53 LANDAGENCIE
1671 1570 54 20 S.—
1725 1569 40 21 TO
1792 1568 97 22 LAND-

1374 1599 183 22 HOLDERS.—
1557 1597 48 21 The
1626 1595 156 28 Undersigned
1801 1595 44 26 beg
1869 1599 21 17 to

1296 1628 55 21 olfer
1361 1626 134 22 themselves
1506 1629 22 17 to
1539 1623 57 22 their
1605 1623 85 21 friends
1701 1622 45 22 and
1761 1621 39 22 the
1816 1621 74 27 public

1297 1661 23 14 as
1331 1654 87 26 Agents
1429 1654 33 20 tor
1472 1653 37 20 the
1521 1649 95 28 disposal
1624 1650 27 20 of
1657 1649 70 21 Town
1737 1649 46 21 and
1791 1648 99 27 Country

1298 1680 82 26 Lands,
1392 1680 44 21 and
1447 1682 58 19 trust
1515 1678 57 22 their
1582 1676 95 22 colonial
1690 1676 134 26 experience
1840 1682 50 19 may

1298 1707 77 22 entitle
1386 1706 61 21 them
1459 1710 21 17 to
1492 1713 11 13 a
1517 1705 65 21 share
1592 1703 25 21 of
1629 1703 37 21 the
1676 1703 75 26 public
1761 1706 129 23 patronage.

1324 1734 62 26 They
1400 1733 41 21 will
1453 1733 27 20 be
1491 1732 74 27 happy
1576 1734 22 17 to
1608 1737 94 19 arrange
1716 1730 35 20 for
1760 1729 46 21 and
1816 1736 76 19 super-

1297 1761 80 21 intend
1386 1760 38 21 the
1435 1766 92 20 surveys
1536 1757 44 22 and
1588 1756 159 22 sub-divisions
1755 1755 26 22 of
1788 1755 36 21 the
1831 1755 60 21 land.

1301 1787 87 22 Liberal
1399 1787 111 21 advances
1522 1784 43 22 will
1580 1784 27 21 be
1623 1783 64 21 made
1699 1790 28 14 on
1739 1782 66 22 lands
1814 1781 78 28 placed

1298 1815 22 21 in
1332 1814 57 21 their
1400 1813 71 22 hands
1478 1813 35 20 for
1521 1811 54 22 sale.
1603 1810 63 27 They
1676 1809 42 21 will
1727 1809 47 21 also
1782 1809 27 21 be
1819 1809 73 27 happy

1299 1847 22 15 to
1332 1841 65 22 assist
1407 1840 136 26 proprietors
1553 1838 22 21 in
1586 1837 87 26 leasing
1683 1836 58 21 their
1751 1835 73 22 lands.

1556 1863 84 23 JOHN
1652 1863 44 21 and
1708 1863 71 21 GEO.
1791 1862 102 21 WADE.

1328 1894 145 27 Wellington,
1486 1893 51 21 Oct.
1549 1893 20 24 7,
1582 1892 59 20 1840.

1298 1948 25 22 Hs.
1350 1946 206 24 WANGAHUI
1572 1945 55 21 and
1642 1943 202 22 TARANAKI.

1304 1984 27 23 T
1356 1983 78 22 AND
1449 1979 193 24 AGENCIES
1652 1978 75 21 —The
1737 1976 159 26 Undersigned

1383 2009 83 23 bavins
1481 2007 57 20 been
1555 2005 101 21 solicited
1672 2006 29 24 by
1716 2004 86 20 several
1819 2004 26 21 of

1301 2034 84 21 friends
1395 2037 23 17 to
1428 2032 91 28 explore
1530 2030 37 23 the
1578 2034 101 23 country,
1690 2029 46 22 and
1753 2029 70 21 select
1839 2028 57 22 their

1302 2061 100 25 Country
1415 2059 80 24 Lauds,
1505 2059 54 25 begs
1570 2061 21 17 to
1602 2056 80 22 inform
1699 2056 34 21 his
1749 2055 86 22 friends
1851 2055 44 22 and

1302 2087 38 21 the
1351 2087 82 27 public,
1444 2086 49 21 that
1502 2084 80 23 should
1590 2091 13 13 a
1611 2084 111 21 sufficient
1731 2082 95 22 number
1834 2082 60 26 offer,

1303 2114 28 21 lie
1346 2114 43 21 will
1407 2117 76 23 accept
1500 2112 37 21 the
1548 2117 85 21 agency
1644 2110 25 22 of
1680 2109 108 22 selection
1797 2117 5 16 ;
1818 2108 45 22 and
1874 2109 22 21 in

1303 2140 64 22 order
1382 2145 23 17 to
1421 2140 26 21 do
1466 2146 66 20 every
1549 2138 82 26 justice
1649 2142 22 16 to
1687 2137 35 21 his
1740 2136 156 25 constituents,

1303 2168 44 20 will
1358 2171 34 17 set
1407 2171 38 17 out
1461 2164 153 26 immediately
1632 2171 29 14 on
1677 2171 28 14 an
1723 2162 120 28 exploring
1859 2169 38 14 ex-

1302 2194 101 27 pedition
1414 2192 95 28 through
1525 2192 37 21 the
1574 2190 70 22 whole
1655 2190 26 21 of
1693 2189 37 22 the
1741 2194 95 23 country
1848 2196 49 14 now

1303 2221 68 21 about
1381 2225 23 16 to
1414 2221 26 21 be
1452 2219 87 28 opened
1549 2218 35 21 for
1597 2217 115 22 selection.
1741 2216 70 28 Early
1828 2216 70 27 appli-

1304 2248 74 22 cation
1389 2248 19 20 is
1419 2246 125 28 requested.

1715 2270 62 22 John
1789 2269 82 23 Wade.

1332 2300 125 22 December
1467 2299 47 27 3rd,
1526 2300 62 20 1840.

1460 2352 129 24 FLOUR!
1614 2350 128 23 FLOUR!

1306 2388 117 49 FIFTY
1441 2388 81 21 TONS
1544 2386 72 21 BEST
1635 2385 88 22 FIRST
1743 2385 111 25 FLOUR,
1873 2391 28 14 ex

1397 2415 96 27 Morley,
1505 2414 4 9 '
1525 2416 24 20 at
1558 2413 47 22 £20
1615 2420 39 19 per
1664 2417 45 20 ton,
1719 2416 23 17 at
1749 2411 39 22 the
1796 2413 75 20 Stores
1880 2411 25 21 of

1593 2439 63 22 John
1667 2439 46 21 and
1722 2439 59 21 Geo.
1792 2438 82 22 Wace.

1376 2498 48 19 ON
1443 2496 97 25 SALE,
1561 2494 50 20 EX
1632 2493 201 24 «MORLE-_y'

1309 2530 130 49 ELOUR
1455 2529 58 26 (first
1523 2527 103 29 quality,)

1392 2556 123 22 Preserved
1529 2555 71 26 fruits,

1391 2583 111 26 Walnuts,

1391 2611 70 21 Straw
1471 2610 58 26 hat«,

1392 2637 99 28 Liqueur
1501 2642 61 16 cases
1572 2634 123 26 furnished,

1391 2664 53 22 Best
1455 2663 89 23 French
1554 2662 87 27 brandy
1650 2662 24 21 in
1685 2658 73 24 dozen
1769 2667 69 19 cases,

1339 2691 31 22 At
1379 2691 38 22 the
1428 2691 74 21 Stores
1513 2690 27 22 of

1622 2714 63 22 John
1696 2714 46 22 and
1753 2714 58 22 Geo.
1823 2712 80 23 Wade.

1338 2744 126 22 December
1473 2743 49 26 3rd,
1534 2743 60 22 1840.

1312 2799 70 48 ON
1400 2799 84 23 SALE,
1497 2806 27 14 ex

1391 2827 24 19 15
1427 2830 49 16 tons
1487 2823 113 23 excellent
1610 2822 103 22 Colonial
1727 2822 66 26 flour,
1809 2820 38 23 the
1857 2820 48 22 best

1311 2852 45 22 and
1365 2851 106 28 cheapest
1480 2851 24 21 in
1515 2851 38 21 the
1564 2850 93 26 Colony.

1340 2880 25 20 10
1375 2883 51 17 tons
1440 2879 122 21 American
1579 2876 62 25 ditto,
1659 2876 22 20 in
1700 2874 113 23 excellent
1828 2873 79 23 condi-

1311 2906 54 23 tion,
1382 2905 95 28 cheaper
1487 2904 56 22 than
1554 2910 52 14 ever
1616 2902 83 22 offered
1716 2902 77 22 before
1810 2902 23 21 in
1853 2901 53 22 New

1312 2932 107 22 Zealand.
1810 2954 5 5 .

1338 2961 27 19 50
1375 2959 64 21 casks
1449 2958 102 25 tobacco,
1562 2956 125 22 warranted
1697 2956 39 21 the
1743 2956 57 25 best,
1809 2961 23 15 in
1843 2956 64 20 small

1312 2986 77 26 handy
1399 2985 118 28 packages.

1341 3014 25 20 16
1377 3013 54 26 bags
1441 3012 54 21 rice.

1341 3039 144 27 Gunpowder
1494 3037 23 22 in
1529 3038 90 26 quarter
1628 3034 93 23 barrels.

1341 3065 92 26 Biscuit,
1446 3067 32 19 Ist
1487 3064 94 27 quality.

1341 3093 116 21 Molasses.

1339 3121 14 19 3
1363 3119 62 22 bales
1435 3118 78 26 calico,
1525 3123 55 19 very
1589 3115 79 28 cheap.

1341 3145 114 26 Blankets,
1466 3145 57 21 from
1534 3144 38 21 9-4
1581 3143 90 21 to-12-4.
1698 3147 3 5 '

1341 3172 120 22 Excellent
1475 3171 91 26 Sydney
1575 3169 58 23 beef,
1649 3169 24 21 in
1682 3168 89 22 tierces.

1341 3199 65 21 Ditto
1417 3199 129 23 American,
1558 3196 23 21 in
1592 3195 64 22 ditto.

1342 3225 89 28 Sherry,
1442 3225 58 21 from
1510 3225 46 21 245.
1568 3227 21 17 to
1599 3224 46 20 3.>s.
1657 3229 39 21 per
1706 3221 82 22 dozen.

1343 3253 61 26 Port,
1415 3253 23 21 in
1448 3251 79 21 bottle.

1343 3279 85 26 Porter,
1438 3279 23 21 in
1471 3277 66 22 wood
1547 3274 45 23 and
1601 3274 78 23 bottle.

1342 3306 52 26 Ale,
1405 3306 23 21 in
1440 3305 57 21 ditto
1507 3304 64 22 ditto.
1910 3318 5 9 ,

1342 3332 99 28 Brandy,
1452 3338 58 20 rum,
1522 3330 47 28 gin,
1580 3329 39 22 &c.
1631 3329 17 21 &re.&
1644 3336 6 6 r
1652 3335 19 15 e.

1509 3363 75 29 Apply
1594 3366 23 18 to
1628 3361 61 23 John
1701 3361 45 22 and
1758 3361 57 21 Geo.
1827 3359 83 23 Wade.

1520 3417 70 22 FOR
1607 3416 98 24 SALE,

1334 3455 17 21 A
1374 3450 276 26 THOROUGH-BRED
1666 3448 93 23 MARE
1768 3448 45 22 and
1822 3447 89 22 FOAL.

1317 3471 50 32 l\
1396 3481 47 21 The
1461 3486 62 16 mare
1540 3481 40 23 got
1595 3477 30 27 by
1640 3476 48 21 that
1699 3476 89 21 famous
1802 3474 111 27 imported

1318 3508 64 22 horse
1570 3507 39 18 out
1619 3503 26 21 of
1650 3510 14 14 a
1670 3510 62 14 mare
1739 3502 30 27 by

1317 3535 47 22 The
1375 3533 45 23 foal
1430 3533 30 27 by
1470 3540 28 14 an
1509 3530 111 28 imported
1629 3529 61 22 Arab
1697 3529 66 21 horse

1344 3568 54 21 Two
1408 3566 72 23 Milch
1492 3566 70 23 Cows,
1574 3570 42 15 one
1632 3562 53 22 with
1703 3570 14 13 a
1732 3568 78 21 young
1826 3561 49 21 calf
1892 3565 21 17 at

1318 3595 40 22 her
1367 3595 55 26 foot,
1434 3593 37 22 the
1480 3592 66 22 other
1556 3589 96 23 forward
1661 3589 23 21 in
1695 3589 51 21 calf.
1777 3588 77 27 Apply
1864 3591 23 18 to

1633 3624 61 20 John
1706 3621 44 22 and
1762 3621 58 22 Geo.
1915 3625 3 6 1

1321 3683 92 48 MR.
1429 3682 28 21 D.
1475 3678 92 24 MUNN
1586 3678 54 25 begs
1656 3681 23 17 to
1694 3676 82 21 inform
1787 3675 33 22 his
1830 3674 84 22 friends

1412 3707 44 23 and
1466 3707 38 21 the
1518 3704 75 29 public
1611 3707 49 18 that
1676 3702 28 23 he
1722 3702 40 22 has
1779 3702 95 26 opened,
1890 3702 23 20 in

1320 3736 37 22 the
1377 3735 68 21 house
1462 3737 57 18 next
1534 3737 22 16 to
1574 3730 106 22 Barrett's
1699 3729 76 25 Hotel,
1793 3735 14 14 a
1822 3727 91 28 general

1321 3763 100 25 Grocery
1432 3761 70 23 Store,
1511 3758 74 22 where
1595 3757 53 27 they
1659 3763 40 15 can
1711 3756 28 21 be
1748 3754 104 28 supplied
1862 3754 51 22 with

1321 3788 89 22 articles
1430 3787 25 22 of
1475 3786 38 22 the
1533 3785 50 21 best
1601 3783 135 27 description
1756 3785 23 18 at
1798 3780 115 23 moderate

1321 3815 79 27 prices.
1689 3835 7 7 ,
1822 3833 6 9 ,
1875 3832 8 8 ,

1349 3842 29 22 D.
1391 3841 72 22 Munn
1480 3838 45 23 will
1541 3837 46 22 also
1602 3836 59 22 have
1676 3836 84 26 always
1777 3841 29 15 on
1823 3836 62 19 hand
1901 3840 13 14 a

1321 3869 61 26 large
1397 3867 80 28 supply
1492 3866 26 22 of
1533 3863 116 27 Scantling
1664 3862 47 22 and
1725 3861 92 22 Timber
1833 3860 27 21 of
1876 3859 37 22 the

1321 3897 51 22 best
1381 3893 94 29 quality.

1351 3921 125 23 December
1485 3918 47 27 3rd,
1544 3918 59 21 1840.

1921 617 230 21 DISSOLUTION
2167 617 42 20 OF
2224 616 262 21 PARTNERSHIP.

1908 650 146 49 NOTICE
2070 650 17 21 is
2104 650 82 27 hereby
2200 650 74 26 given,
2289 649 50 21 that
2352 648 38 22 the
2400 652 101 23 partner-

1990 677 48 26 ship
2050 676 95 21 hitlvrto
2155 676 137 21 maintained
2303 675 101 22 between
2418 674 82 22 H.and

1907 704 26 21 T.
1944 703 61 21 Cook
2015 703 18 21 is
2049 703 43 21 this
2110 703 42 26 day
2169 702 111 22 dissolved
2296 702 31 27 by
2344 701 84 22 mutual
2447 708 53 14 con-

1908 734 56 17 sent.
1995 729 38 22 All
2043 730 78 21 claims
2132 736 28 14 on
2171 729 37 21 the
2219 729 48 21 said
2284 728 50 22 firm
2351 734 22 16 to
2390 727 43 22 this
2450 727 51 23 date

1910 757 43 21 will
1963 757 27 21 be
2000 760 47 18 met
2056 757 29 27 by
2096 756 25 21 T.
2131 755 67 22 Cook.

2278 781 86 22 Henry
2376 781 71 26 Cook,

2275 807 99 23 Thomas
2384 808 70 22 Cook.

1910 836 100 22 Witness
2010 847 27 5 —
2038 835 35 22 W.
2085 835 119 23 Johnston.

1937 862 146 28 Wellington,
2102 864 31 20 Ist
2143 861 125 23 December
2277 863 62 21 1840.

1938 917 25 21 T.
1975 917 63 21 Cook
2048 915 63 23 takes
2121 915 43 22 this
2176 915 101 22 occasion
2294 915 27 21 of
2339 913 111 27 thanking
2466 913 37 21 the

1911 944 75 27 public
2000 944 35 21 for
2050 943 37 21 the
2103 943 77 21 liberal
2192 946 191 22 encouragement
2397 941 45 21 and
2456 948 50 19 sup-

1912 975 50 22 port
1976 970 28 21 he
2018 970 39 21 has
2074 969 104 22 received
2192 969 22 21 in
2230 976 33 14 coi
2271 968 104 27 junction
2393 967 51 21 with
2463 967 42 21 Mr.

1916 997 28 21 H.
1955 996 68 27 Cook,
2035 997 45 21 and
2089 997 54 26 begs
2153 999 24 18 to
2187 995 100 21 intimate
2296 995 48 21 '.hat
2354 994 27 22 he
2392 993 39 22 has
2438 993 68 22 taken

1913 1024 47 21 into
1969 1023 142 33 partnership
2120 1023 35 21 his
2165 1022 97 25 brother,
2278 1021 44 22 Mr.
2339 1023 21 19 S.
2378 1020 67 26 Cook,
2463 1020 45 21 and

1914 1051 67 26 hopes
2001 1051 30 26 by
2047 1049 107 27 assiduity
2170 1049 46 21 and
2235 1048 109 22 attention
2365 1047 22 21 in
2406 1047 38 21 the
2463 1046 45 22 dis-

1915 1077 80 26 charge
2006 1076 26 22 of
2043 1077 102 21 business
2156 1075 53 28 they
2226 1075 44 21 will
2285 1074 73 22 retain
2376 1082 12 13 a
2404 1074 104 21 continu-

1915 1110 55 15 ance
1981 1103 26 21 of
2019 1103 37 21 the
2067 1110 61 14 same
2137 1103 82 21 favors.

1930 1157 228 21 DISSOLUTION
2176 1157 41 20 OF
2233 1154 268 22 PARTNERSHIP.,

1916 1191 147 49 NOTICE
2080 1191 18 21 is
2112 1190 85 27 hereby
2211 1190 75 26 given,
2303 1188 49 22 that
2362 1188 37 21 the
2409 1192 102 23 partner-

1998 1218 49 27 ship
2057 1217 70 27 lately
2137 1217 84 22 carried
2233 1224 28 14 on
2276 1216 73 21 under
2365 1215 38 21 the
2421 1214 49 21 firm
2489 1214 26 22 of

1925 1244 101 27 Reading
2036 1244 45 22 and
2090 1244 94 26 Newell,
2196 1244 18 21 is
2231 1243 43 22 this
2291 1242 45 28 day
2353 1241 111 22 dissolved
2481 1241 30 27 by

1918 1271 85 21 mutual
2016 1275 100 17 consent.

1945 1298 47 21 The
2002 1298 102 21 business
2115 1298 22 21 in
2148 1297 73 22 future
2233 1296 42 22 will
2290 1296 28 21 be
2334 1294 85 23 carried
2436 1301 29 15 on
2482 1294 31 27 by

1918 1325 22 21 J.
1953 1324 93 26 Newell,
2057 1329 23 16 to
2097 1324 70 21 whom
2186 1323 29 22 all
2233 1323 63 22 debts
2313 1322 42 21 due
2373 1326 22 17 to
2412 1320 37 23 the
2466 1320 49 23 said

1920 1352 47 21 firm
1979 1359 37 13 are
2028 1356 21 16 to
2059 1351 28 21 be
2098 1350 57 28 pad,
2167 1350 44 21 and
2222 1350 29 26 by
2269 1349 72 22 whom
2359 1348 30 22 all
2406 1352 107 17 accounts

1919 1378 88 27 against
2016 1377 38 23 the
2064 1378 49 22 said
2123 1378 50 21 film
2184 1377 44 22 will
2237 1378 27 20 be
2275 1376 59 27 paid.

2247 1403 23 22 J.
2286 1402 26 22 B.
2332 1401 154 22 READING.

2248 1430 22 21 J.
2286 1428 140 23 NEWELL.

1922 1458 146 27 Wellington,
2087 1457 130 23 November
2232 1458 34 26 26,
2287 1457 61 21 1840.

1948 1486 99 22 Witness
2047 1497 28 4 —
2075 1485 73 22 Jabez
2159 1486 89 20 Allen.

1949 1539 21 22 J.
1987 1539 29 22 N.
2031 1543 89 17 returns
2134 1538 82 22 thanks
2231 1541 22 18 to
2268 1536 38 23 the
2320 1536 75 27 public
2410 1536 35 21 for
2459 1535 66 22 their-

1922 1567 54 21 kind
1993 1569 122 23 patronage
2130 1565 56 21 from
2203 1564 37 22 the
2257 1564 54 21 time
2326 1563 27 21 In*
2372 1562 146 22 commenced

1923 1593 102 21 business
2040 1592 25 22 in
2085 1592 44 21 this
2148 1591 94 27 Colony,
2263 1590 45 22 and
2327 1590 82 26 during
2426 1589 35 22 his
2481 1597 37 14 co-

1923 1619 142 32 partnership
2080 1618 52 22 with
2150 1619 41 21 Mr.
2207 1618 23 22 J.
2247 1618 24 21 B.
2290 1617 109 26 Reading.
2429 1616 34 21 As
2480 1615 38 23 the

1925 1646 111 26 buildings
2115 1645 44 21 this
2174 1645 54 21 time
2244 1643 168 22 henceforward
2430 1642 43 21 will
2491 1642 27 22 be

1924 1672 176 28 superintended
2110 1672 52 27 only
2174 1672 28 26 by
2213 1671 22 21 J.
2247 1671 37 26 N.,
2303 1671 28 20 he
2348 1670 64 21 holds
2429 1668 95 22 hiins-lf

1925 1700 65 20 liable
2007 1700 32 20 for
2054 1706 45 20 any
2117 1698 92 22 mistake
2225 1698 48 21 that
2289 1705 52 19 may
2358 1697 63 21 arise.
2452 1696 21 21 J.
2491 1696 29 22 N.

1927 1731 65 17 trusts
2007 1726 49 21 that
2070 1725 114 22 moderate
2200 1724 92 27 charges
2307 1724 44 21 and
2369 1730 109 20 economy
2496 1723 24 22 in

1925 1753 101 25 erecting
2035 1760 68 20 every
2120 1752 56 21 kind
2191 1752 22 21 of
2236 1750 112 28 building*
2365 1750 115 21 entrusted
2497 1753 24 18 to

1925 1780 53 25 him,
1998 1779 42 21 will
2059 1779 78 21 entitle
2155 1778 45 22 him
2216 1782 23 17 to
2252 1778 67 21 merit
2333 1785 13 14 a
2361 1777 63 22 share
2440 1776 27 22 of
2483 1776 37 23 the

1927 1806 73 27 public
2011 1811 128 22 patronage.

2101 1861 29 20 T.
2146 1860 54 20 and
2215 1860 25 20 S.
2256 1859 92 21 COOK

1928 1894 91 49 BEG
2034 1897 21 18 to
2071 1894 102 21 intimate
2184 1897 22 17 to
2223 1893 105 21 Families
2343 1892 45 22 and
2405 1892 118 27 Shipping,

2005 1920 47 22 that
2063 1920 53 27 they
2127 1920 106 21 continue
2249 1924 22 17 to
2287 1920 82 27 supply
2385 1919 59 21 fresh
2463 1919 60 26 beef,'

1929 1948 54 25 veal,
1995 1950 95 23 mutton,
2103 1947 61 27 pork,
2177 1947 39 20 &c.
2224 1947 47 25 &c,
2282 1953 24 14 as
2314 1946 46 21 also
2371 1953 67 20 every
2445 1945 80 22 article

1927 1975 23 21 in
1960 1974 38 23 the
2009 1974 111 28 provision
2133 1973 70 22 trade.
2233 1973 37 22 An
2285 1973 123 21 allowance
2424 1976 23 17 to
2466 1972 59 27 Cap-

1917 2002 69 21 ■tains
1994 2001 37 21 _e>f
2050 2000 83 21 vessels
2152 1999 44 21 will
2216 2000 28 20 be
2264 1999 65 21 made
2347 2000 25 20 in
2389 1999 79 26 taking
2485 1999 37 21 the

1928 2034 92 14 carcass.

1956 2053 145 26 Wellington,
2118 2052 55 22 Dec.
2183 2053 20 25 2,
2214 2053 61 21 1840.

2153 2107 147 20 TIMBER.

1931 2140 184 50 SEASONED
2125 2140 88 26 boards,
2228 2141 7 20 1
2247 2140 39 26 in.,
2299 2141 11 25 \
2320 2140 40 26 in.,
2370 2139 46 22 and
2426 2141 11 24 J
2448 2140 32 21 in.

2012 2167 105 21 Weather
2127 2166 88 22 boards.

2011 2194 118 26 Scantling
2139 2194 26 20 of
2176 2193 29 22 all
2217 2193 63 22 sizes.

2013 2220 98 28 Norway
2122 2220 68 22 deals.

2013 2248 102 21 Battens.

2012 2275 28 21 50
2050 2275 60 26 pairs
2120 2274 86 21 French
2217 2273 114 27 windows,
2342 2277 44 18 two
2396 2274 65 22 sizes.

2014 2301 124 21 Pannelled
2148 2301 73 21 doors.

2111 2328 25 21 T.
2153 2328 32 21 M.
2204 2327 182 22 PARTRIDGE
2396 2327 46 22 and
2452 2328 47 21 CO.

1934 2356 195 23 Manners-street,
2139 2354 146 27 Wellington,

1983 2383 33 21 Ist
2026 2382 131 26 December,
2172 2383 58 19 1840.

2008 2437 162 21 TENDERS
2184 2437 68 20 FOR
2267 2436 183 20 BUILDING.

1936 2470 91 49 THE
2041 2470 229 21 UNDERSIGNED
2277 2477 38 14 aie
2327 2469 99 22 desirous
2437 2469 27 22 of
2476 2477 55 14 con-

2010 2497 98 27 tracting
2122 2496 52 22 with
2190 2496 102 22 Builders
2306 2496 34 21 for
2350 2496 37 21 the
2398 2498 98 21 erection
2507 2496 28 21 of

1935 2532 13 14 a
1958 2525 70 25 Store,
2040 2524 28 21 all
2082 2524 36 21 the
2129 2524 113 21 materials
2252 2523 26 22 of
2290 2523 72 22 which
2374 2522 43 22 will
2432 2523 29 22 be
2478 2530 53 15 sup-

1934 2550 67 28 pLed.
2031 2550 20 22 A
2063 2550 52 27 plan
2127 2550 44 22 and
2181 2550 151 28 specification
2343 2550 27 21 of
2380 2550 38 21 the
2427 2550 105 27 building

1934 2577 104 29 required
2049 2585 52 19 may
2112 2577 27 23 be
2149 2584 51 17 seen
2212 2582 23 17 at
2246 2577 36 21 ihe
2292 2576 73 23 Office
2377 2576 27 22 of

2204 2613 7 6 -
2244 2603 81 22 Waitt
2336 2603 47 22 and
2391 2603 110 23 Tinline.

1963 2630 148 28 Wellington,
2122 2630 57 23 Dec.
2189 2633 21 25 3,
2222 2632 61 21 IC«>.

1944 2686 87 22 TUST
2045 2685 167 27 RECEIVED,
2229 2684 45 23 and
2290 2692 29 15 on
2331 2684 50 26 'sale
2393 2685 30 27 by
2433 2684 39 23 the
2484 2684 48 23 Un-

1936 2718 26 17 V
2001 2712 125 27 dersigned.

1962 2741 29 20 30
2002 2739 63 22 casks
2075 2738 114 23 Dunbar's
2198 2738 101 28 superior
2309 2738 85 23 bottled
2404 2736 42 29 ale,

1962 2768 28 19 50
2000 2766 54 26 kegs
2064 2764 99 23 assorted
2174 2766 73 27 paints
2248 2778 6 14 t
2254 2774 3 3 -
2360 2764 120 30 /'"'->

1976 2794 14 20 2
2000 2792 85 22 barrels
2095 2792 63 27 paint
2167 2792 37 27 oil,
2358 2787 6 25 /
2510 2806 12 7 >.

1964 2821 27 20 10
2000 2819 54 27 kegs
2064 2819 81 26 butter,

1979 2848 10 20 1
2002 2853 51 15 case
2063 2845 92 27 fowling
2164 2845 81 28 pieces.
2358 2858 3 4 •
2404 2847 118 23 .".-.'

2247 2871 83 23 Waitt
2341 2871 45 22 and
2393 2871 110 23 Tinline.

1965 2899 147 27 Wellington,
2127 2899 54 22 Dec.
2190 2900 20 25 3,
2223 2899 61 21 1840.

2149 2953 69 20 FOR
2229 2952 97 25 SALE,

1940 2987 70 49 BY
2016 2987 66 21 THE
2092 2985 237 23 UNDERSIGNED,
2339 2993 11 13 a
2358 2985 64 22 small
2430 2985 106 28 quantity

2017 3014 25 21 of
2049 3013 54 23 seed
2112 3020 61 19 corn,
2188 3012 54 22 seed
2251 3019 60 20 peas,
2324 3012 77 25 (white
2409 3012 45 21 and
2462 3011 71 27 blue,)

1941 3041 90 22 kitchen
2041 3039 84 28 garden
2137 3039 72 25 seeds,
2230 3039 62 26 hops,
2310 3039 43 21 salt
2362 3039 22 21 in
2395 3038 127 27 hogsheads
2528 3047 6 18 ;

1940 3068 50 27 pale
2000 3067 35 21 ale
2044 3067 24 21 in
2080 3073 61 15 cases
2151 3065 44 22 and
2205 3065 70 25 casks,
2287 3065 59 26 good
2357 3064 109 26 muskets,
2477 3072 58 19 gun-

1940 3094 96 30 powder,
2047 3093 52 22 shot
2113 3093 70 26 (large
2193 3091 45 23 and
2252 3091 84 28 small,)
2351 3099 69 20 paper
2430 3091 36 22 for
2474 3091 61 22 roof-

1939 3128 46 20 ing,
1998 3121 59 26 lamp
2068 3123 75 19 cotton
2152 3127 5 19 ;
2174 3119 46 22 also
2231 3125 29 15 an
2276 3123 137 18 assortment
2430 3118 28 22 of
2473 3118 61 24 iron-

1940 3154 116 20 mongery.

2094 3173 64 22 Luke
2168 3172 130 26 Nattrass,
2311 3171 110 23 Lambton
2433 3172 74 27 Quay.

1943 3228 87 48 FOR
2049 3227 85 25 SALE,
2156 3234 13 14 a
2188 3226 64 22 small
2270 3227 104 27 quantity
2391 3227 27 21 of
2434 3227 102 26 superior

2014 3254 80 22 SEED
2111 3253 121 22 WHEAT.
2262 3253 77 28 Apply
2355 3257 23 18 to
2397 3253 44 22 Mr.
2458 3253 78 22 James

1943 3281 67 26 Watt,
2021 3281 144 26 Wellington.

1945 3329 43 20 r*\
2000 3327 104 22 EORGE
2119 3326 127 26 SLATER,
2257 3326 45 23 late
2320 3327 26 21 of
2358 3326 100 28 Sydney,
2477 3326 60 22 Aus-

1944 3352 54 24 \JT
2026 3354 73 26 tralia,
2110 3354 45 21 and
2165 3353 129 22 afterwards
2311 3354 26 21 of
2350 3354 87 21 Hobart
2458 3352 78 26 Town,

1944 3381 50 22 Van
2002 3380 117 23 Dieman's
2129 3380 71 22 Laid.
2201 3391 29 5 —
2233 3380 106 22 Whereas
2348 3380 37 21 the
2393 3379 48 22 said
2448 3380 89 26 George

1944 3408 79 25 Slater,
2035 3406 37 23 the
2083 3414 40 15 son
2134 3406 26 22 of
2170 3406 61 23 John
2243 3407 78 27 Slater,
2334 3407 26 22 of
2373 3406 161 26 Birmingham,

1944 3435 22 21 in
1988 3434 38 21 the
2043 3434 89 26 County
2149 3434 27 21 of
2193 3434 118 26 Warwick,
2337 3432 112 28 England,
2465 3431 71 22 coach

1945 3461 76 27 spring
2031 3460 84 25 maker,
2127 3460 41 21 left
2186 3460 67 22 home
2270 3460 71 22 about
2358 3462 9 19 1
2374 3462 5 19 1
2398 3466 66 20 years
2484 3466 50 19 ago,

1946 3488 43 21 and
2000 3491 60 18 went
2070 3491 22 17 to
2104 3486 97 28 Sydney,
2213 3487 44 22 and
2268 3486 129 23 afterwards
2408 3490 22 17 to
2449 3485 89 22 Hobart

1945 3514 77 23 Town,
2034 3514 40 21 but
2083 3513 40 22 has
2133 3518 41 17 not
2184 3514 57 21 been
2251 3513 70 22 heard
2329 3513 26 21 of
2366 3514 34 20 for
2409 3519 62 15 more
2483 3511 55 23 than

1946 3540 43 23 five
2005 3547 73 21 years.
2115 3540 54 22 This
2187 3541 18 21 is
2224 3545 23 16 to
2265 3541 50 25 give
2335 3539 74 21 notice
2428 3538 50 22 that
2492 3545 46 20 any

1946 3575 87 19 person,
2043 3566 50 22 who
2104 3574 40 14 can
2156 3567 44 21 and
2211 3567 43 21 will
2264 3567 51 26 give
2323 3565 60 22 valid
2391 3565 145 22 information

1946 3594 26 21 of
1990 3594 38 21 the
2044 3598 92 21 present
2151 3594 115 21 residence
2284 3592 26 22 of
2329 3592 37 21 the
2383 3591 48 22 said
2448 3591 90 27 George

1946 3620 78 26 Slater,
2036 3620 20 21 if
2068 3620 65 26 alive,
2144 3627 26 14 or
2181 3620 19 21 if
2210 3619 58 22 dead
2276 3618 142 27 satisfactory
2434 3618 69 27 proof
2515 3618 26 21 of

1946 3647 37 22 the
1994 3647 54 21 time
2057 3646 47 22 and
2114 3646 63 28 place
2187 3646 27 21 of
2224 3646 35 21 his
2269 3645 74 26 death,
2355 3645 64 26 shall,
2430 3652 29 13 on
2465 3645 73 27 appli-

1946 3674 74 21 cation
2033 3678 21 16 to
2073 3674 44 21 Mr.
2136 3672 161 26 Breidenbach,
2315 3671 118 22 merchant
2451 3671 26 21 of
2489 3668 49 25 Bir-

1946 3700 124 26 mingham,
2081 3698 117 27 aforesaid,
2209 3700 87 20 receive
2314 3705 13 14 a
2342 3697 86 22 reward
2444 3697 26 22 of
2482 3698 54 26 £10,

1946 3726 45 22 and
2002 3726 20 22 if
2033 3726 44 21 this
2087 3725 175 22 advertisement
2271 3723 82 22 should
2362 3728 61 17 meet
2439 3724 39 21 the
2495 3731 43 20 eye

1946 3753 26 22 of
1984 3752 37 22 the
2032 3752 50 22 said
2091 3752 90 27 George
2190 3752 74 21 Slater
2270 3751 27 21 he
2309 3751 42 21 will
2362 3751 29 21 be
2400 3750 85 32 hereby
2502 3751 36 21 in-

1947 3779 86 22 formed
2042 3779 50 21 that
2097 3779 30 31 by
2133 3777 107 29 applying
2246 3781 22 18 to
2275 3777 39 21 the
2321 3777 49 22 said
2379 3777 43 21 Mr.
2430 3777 108 22 Breiden-

1947 3806 63 25 bach,
2021 3805 29 22 he
2061 3805 45 22 will
2116 3812 54 14 near
2180 3804 25 22 of
2216 3803 128 28 something
2359 3803 88 28 greatly
2464 3806 23 19 to
2503 3803 36 22 his

1946 3832 134 27 advantage.

1974 3859 22 21 It
2013 3859 21 21 is
2049 3857 110 28 supposed
2176 3857 37 22 the
2230 3856 47 23 said
2293 3857 90 26 George
2400 3855 73 23 Slater
2492 3863 47 15 em-

1947 3885 86 22 barked,
2042 3892 63 15 some
2115 3891 66 21 years
2190 3884 61 22 since
2258 3884 25 22 in
2292 3883 40 23 the
2342 3883 108 23 southern
2467 3881 71 25 whale

1948 3911 90 28 fishery.

92 652 83 23 NEW
196 649 170 22 ZEALAND
385 642 187 24 COMPANY.
642 647 2 12 i

38 680 94 27 Capital,
147 679 120 25 £100,000,
281 677 23 20 in
314 675 57 21 4000
380 673 80 21 Shares
471 672 22 19 ot
507 670 46 20 M2o
564 670 63 22 each,

264 703 29 21 all
303 701 54 28 paid
366 708 38 19 up.

119 734 131 21 Governor:
266 730 48 21 The
325 728 65 22 Earl
401 732 27 14 of
439 725 112 20 Durham.

84 761 92 26 Deputy
186 760 130 21 Governor:
332 755 87 21 Joseph
434 751 82 25 Somes,
532 751 54 25 fcsq.

274 783 113 21 Directors
396 788 5 12 :

93 814 113 21 Viscount
217 812 109 26 Ingeatre,
342 807 70 26 M.P.,

97 840 60 22 Lord
168 840 71 23 Petre,

96 867 81 27 Henry
189 866 28 21 A.
229 862 123 29 Aglionby,
365 861 61 26 E«i-,
438 858 61 22 M.P.

97 894 62 22 Hon.
171 892 92 23 Francis
272 889 91 26 Baring,
376 887 69 25 M.P.,

94 921 63 22 John
169 918 102 23 EUorker
280 915 110 25 Boulcott,
408 914 61 27 Esq.,

94 948 63 23 John
169 946 99 22 William
280 943 93 26 Buckle,
383 941 61 28 Esq.,

97 974 90 23 Russell
197 973 77 25 Ellice,
285 971 62 27 Esq.,

95 1003 80 22 James
186 1000 85 23 Robert
280 998 94 25 Gowen,
385 997 62 26 Esq.,

97 1030 62 21 John
173 1028 66 22 Hine,
253 1026 59 25 Esq.,
330 1040 2 4 ■

97 1056 100 21 William
208 1053 60 22 Hutt
285 1051 62 26 Esq.,
359 1049 69 26 M.P.,

71 1094 4 6 '
97 1084 96 21 Stewart
202 1077 164 29 Majoribanks,
379 1075 60 26 Esq.,

97 1110 36 22 Sir
143 1108 98 22 William
253 1102 152 27 Molesworth,
417 1102 69 25 Bart,
497 1101 68 24 M.P.,

100 1134 130 24 Alexander
239 1132 80 25 Nairn,
332 1130 60 27 Esq.,

98 1163 63 22 John
172 1160 65 26 Pirie,
248 1158 60 28 Esq.,
323 1157 130 24 Alderman,

98 1190 37 22 Sir
145 1190 88 24 George
243 1184 103 26 Sinclair,
358 1184 69 24 Bart,
441 1185 68 22 M.r.,

69 1235 4 5 .
98 1216 63 23 John
173 1214 58 23 Abel
241 1211 80 24 Smith.
333 1211 61 27 Esq.,
406 1209 69 26 M.P.,

99 1243 61 22 Wm.
170 1242 137 26 Thompson,
320 1238 60 27 Esq.,
394 1235 130 23 Alderman,
535 1234 70 24 M.P.,

99 1270 63 22 Hon.
174 1266 120 24 Frederick
304 1265 47 22 Jas.
363 1263 152 24 Tollemache,
526 1263 69 22 M.r.,

63 1307 2 3 •
100 1295 99 24 Edward
210 1294 27 22 G.
249 1291 133 26 Wakefield,
395 1290 60 27 Esq.,

100 1324 37 22 Sir
146 1323 81 30 Henry
237 1319 79 26 Webb,
328 1319 71 25 Bart.,

102 1350 87 22 Arthur
198 1347 80 25 Willis,
290 1346 61 26 Esq.,

101 1378 91 24 George
203 1372 118 24 Frederick
331 1374 91 22 Young,
434 1370 52 25 Esq.

159 1404 118 22 Secretary
285 1407 5 14 :
305 1399 64 21 John
381 1397 83 24 Ward,
476 1395 52 25 Esq.

48 1437 91 50 THE
149 1435 62 23 main
220 1435 98 21 features
325 1431 26 21 of
358 1430 38 21 the
404 1434 84 22 system
495 1428 26 21 of
528 1426 112 23 coloniza-

123 1464 48 21 tion
182 1459 96 29 adopted
287 1459 31 27 by
328 1458 38 21 the
379 1457 123 26 Company,
520 1456 118 33 are^-lst,

48 1493 37 20 the
95 1491 47 22 sale
152 1490 26 21 of
188 1487 72 26 lands,
274 1489 25 18 at
311 1493 30 13 an
356 1484 98 21 uniform
470 1482 45 21 and
529 1482 112 20 sufficient

50 1519 57 25 price
115 1526 4 18 ;
138 1516 47 22 and
198 1514 76 26 2ndly,
291 1512 38 22 the
345 1510 155 28 employment
514 1508 25 21 of
553 1515 13 13 a
580 1507 61 26 large

50 1545 86 26 portion
146 1544 27 21 of
179 1543 38 21 the
226 1539 212 29 purchase-money,
450 1543 23 14 as
484 1543 28 14 an
524 1536 117 24 Immigra-

48 1573 46 21 tion
106 1569 73 24 Fund.
210 1569 27 21 In
248 1567 61 21 these
320 1567 105 25 respects,
442 1562 37 22 the
490 1562 118 27 principles
619 1562 27 19 of

49 1599 70 22 South
133 1595 115 24 Australia
261 1593 59 21 have
335 1592 58 21 been
408 1590 105 21 followed
526 1595 24 14 as
564 1590 89 24 nearly-,

49 1633 23 14 as
91 1625 174 22 circumstances
281 1618 81 28 would,
382 1618 24 21 in
422 1616 37 23 the
477 1618 91 25 present
584 1621 57 19 case,

50 1660 28 20 ?e
74 1660 49 41 'Fhe
138 1675 74 30 grand
227 1675 74 26 object
316 1672 26 21 of
357 1671 39 22 the
411 1677 57 19 new,
482 1676 25 15 or
519 1667 124 28 improved,

48 1709 85 22 system
144 1704 27 22 of
182 1703 37 21 the
229 1699 97 29 disposal
342 1698 27 22 of
385 1696 96 24 colonial
495 1695 73 27 lands,
586 1703 18 14 is
620 1698 23 18 to

48 1732 101 27 regulate
165 1731 38 21 the
218 1727 80 28 supply
313 1726 27 21 of
356 1732 50 15 new
422 1723 61 25 land,
499 1722 30 37 by
546 1722 37 21 the
597 1722 47 21 real

51 1762 70 18 wants
134 1757 25 21 of
173 1757 39 21 the
227 1754 119 25 Colonists,
363 1759 23 14 so
403 1750 49 23 that
466 1750 38 21 the
518 1748 55 23 land
588 1748 57 21 shall

51 1793 68 14 never
137 1785 29 21 be
185 1783 71 21 either
274 1778 192 29 superabundant,
488 1784 25 14 or
532 1776 112 24 deficient,

50 1813 72 21 either
138 1814 38 18 too
193 1809 78 30 cheap,
288 1814 25 14 or
332 1810 38 17 too
389 1806 61 21 dear.
490 1804 21 21 It
528 1802 41 22 has
587 1802 58 21 been

51 1839 77 22 shown
138 1837 51 22 that
197 1836 37 21 the
245 1835 43 21 due
301 1832 132 29 proportion
446 1832 104 20 between
565 1830 81 26 people

51 1866 46 21 and
103 1864 56 23 land
165 1870 53 20 may
222 1862 29 22 be
259 1860 128 26 constantly
394 1858 94 22 secured
493 1858 30 26 by
530 1858 116 20 abandon-

51 1893 39 26 ing
100 1893 38 21 the
149 1891 38 21 old
197 1893 84 24 system
292 1887 26 21 of
329 1893 97 17 grants,
438 1884 45 23 and
493 1884 114 26 requiring
617 1890 29 13 an

53 1919 98 22 uniform
161 1917 62 28 price
232 1922 40 21 per
281 1921 58 19 acre,
356 1913 34 21 for
399 1912 30 22 all
439 1918 50 15 new
499 1910 71 24 lands,
582 1910 65 21 with-

53 1950 40 17 out
102 1944 127 27 exception.
259 1941 25 22 If
295 1940 37 22 the
342 1940 61 27 price
415 1940 28 20 be
457 1941 41 18 not
512 1941 37 17 too
563 1938 50 24 low,
629 1940 19 17 it

51 1973 75 21 deters
136 1970 137 28 speculators
283 1967 57 22 from
356 1966 118 26 obtaining
488 1964 61 26 land,
566 1963 52 22 with
634 1971 14 14 a

53 2000 55 21 view
119 2002 23 18 to
151 1997 91 26 leaving
252 1995 57 21 their
318 1997 106 23 property
435 1992 21 21 in
469 1999 13 14 a
493 1991 75 21 desert
580 1994 66 22 state,

52 2026 45 18 •iid
112 2025 52 17 thus
177 2025 106 20 prevents
293 2020 110 23 injurious
413 2018 122 24 Hiopprsion
543 2025 14 10 i-
565 2016 92 23 it-alwv-

53 2049 29 26 by
93 2046 136 28 compelling
237 2050 67 20 every
311 2043 106 20 labourer
424 2045 23 16 to
455 2041 61 20 work
524 2041 35 19 for
566 2046 80 19 wages,

53 2075 57 22 until
120 2074 30 21 he
159 2073 41 21 has
210 2070 68 23 saved
292 2069 38 22 the
341 2068 54 27 only
405 2075 80 14 means
494 2067 26 20 of
531 2066 118 24 obtaining:

53 2101 61 27 land,
125 2101 88 21 insures
227 2105 14 14 a
255 2096 82 28 supply
352 2095 27 22 of
389 2094 80 22 labour
483 2093 35 21 for
531 2092 56 22 hire.
617 2092 30 26 If,

55 2136 28 14 on
93 2128 39 21 the
142 2126 65 22 other
216 2123 69 27 hand,
301 2122 38 22 the
349 2122 62 27 price
420 2121 27 21 be
457 2124 42 17 not
507 2123 38 18 too
554 2121 61 24 high,
631 2122 19 18 it

55 2155 87 22 neither
151 2152 101 22 confines
262 2150 38 21 the
310 2150 89 21 settlers
414 2147 76 22 within
506 2154 13 14 a
533 2153 66 20 space
614 2153 36 13 in-

55 2179 161 27 conveniently
231 2183 95 19 narrow,
343 2183 42 14 nor
401 2174 52 21 does
469 2174 17 21 it
502 2176 94 23 prevent
610 2173 39 21 the

55 2208 78 27 thrifty
147 2207 105 21 labourer
266 2204 59 21 from
339 2201 121 27 becoming
474 2208 14 14 a
499 2199 149 26 land-owner,

57 2235 57 23 after
123 2233 102 26 working
234 2238 63 15 some
306 2230 56 21 time
372 2229 35 21 for
418 2235 80 20 wages.
602 2253 4 5 #

81 2260 161 25 -^-Sufficient,
259 2258 43 21 but
320 2260 41 17 not
379 2262 62 15 more
461 2254 54 21 than
535 2254 115 21 sufficient

57 2289 59 26 price
127 2288 35 21 for
175 2286 30 22 all
218 2292 50 15 new
282 2283 62 27 land,
361 2282 19 21 is
395 2282 39 21 the
448 2282 62 21 main
526 2281 86 21 feature
627 2279 26 21 of

57 2315 37 22 the
112 2321 50 15 new
177 2315 83 28 system
276 2310 27 22 of
319 2308 159 23 colonization.
513 2308 20 21 It
549 2307 102 21 obviates

57 2348 66 21 every
135 2347 86 21 species
236 2338 26 22 of
274 2336 104 28 bondage
384 2344 6 17 ;
410 2335 31 27 by
455 2335 120 27 providing
590 2340 61 15 com-

57 2368 88 22 binable
155 2367 85 25 labour,
252 2364 18 22 it
279 2363 93 23 renders
379 2362 105 27 industry
492 2369 54 19 very
555 2361 96 27 produc-

57 2396 51 25 tive,
119 2394 46 22 and
173 2392 124 23 maintains
304 2390 56 22 both
370 2389 54 27 high
441 2396 80 20 wages,
537 2387 45 22 and
596 2387 54 27 high

58 2422 87 27 profits;
168 2422 19 20 it
201 2419 78 22 makes
298 2417 38 22 the
354 2416 83 27 colony
453 2423 24 14 as
493 2415 117 22 attractive
627 2422 25 13 as

58 2448 103 28 possible,
175 2446 56 22 both
246 2449 23 18 to
285 2443 123 29 capitalists
424 2442 45 22 and
485 2446 22 17 to
521 2441 115 22 labourers
646 2448 5 18 ;

57 2475 45 23 and
112 2479 41 17 not
162 2472 85 28 merely
257 2475 22 18 to
290 2471 70 25 these,
373 2470 42 21 but
424 2469 54 27 also,
489 2469 30 27 by
528 2467 125 25 bestowing

58 2510 28 14 on
101 2502 38 22 the
152 2500 87 26 colony,
257 2498 38 22 the
305 2498 75 21 better
394 2496 119 22 attributes
528 2495 26 22 of
570 2502 28 13 an
615 2494 38 21 old

57 2529 92 27 society,
160 2531 23 18 to
192 2527 62 22 those
263 2525 49 22 who
319 2524 59 21 have
386 2531 13 13 a
406 2522 92 22 distaste
506 2522 34 21 for
547 2521 59 21 what
612 2521 41 21 has

57 2555 126 23 heretofore
192 2554 58 21 been
261 2552 38 22 the
314 2550 114 28 primitive
438 2549 115 22 condition
565 2549 27 21 of
602 2555 51 14 new

58 2583 108 21 colonies.

84 2609 48 22 The
142 2611 64 25 great
216 2606 74 28 object
299 2604 26 22 of
336 2604 39 21 the
384 2611 61 20 price
454 2611 19 14 is
486 2606 23 18 to
523 2609 78 15 secure
615 2604 38 19 the

58 2640 58 18 most
125 2633 110 23 desirable
245 2632 143 28 proportions
397 2631 102 20 between
513 2629 80 27 people
608 2627 45 23 and

58 2663 65 25 land;
138 2663 43 20 but
191 2660 37 22 the
238 2659 53 28 plan
301 2658 42 22 has
352 2658 39 21 the
398 2657 88 22 further
492 2656 71 22 result
570 2655 26 22 of
601 2663 54 20 pro-

60 2689 82 27 ducing
152 2696 14 14 a
175 2693 106 19 revenue,
299 2684 73 23 which
387 2684 46 21 will
448 2687 42 18 not
504 2682 54 28 only
573 2681 81 29 supply

60 2716 37 22 the
108 2716 108 27 requisite
229 2713 68 28 profit
310 2716 23 17 to
349 2712 38 21 the
402 2710 157 22 shareholders
573 2709 27 22 of
615 2709 38 22 the

60 2743 124 26 Company,
207 2741 42 21 but
271 2738 113 23 furnishes
408 2737 37 22 the
469 2744 78 15 means
566 2736 34 21 for
624 2743 29 14 an

62 2768 155 28 Immigration
228 2766 72 26 Fund,
302 2778 31 4 —
335 2773 13 14 a
356 2764 56 23 fund
420 2763 127 27 constantly
556 2763 99 27 applica-

60 2797 35 21 ble
112 2800 23 18 to
152 2796 39 21 the
206 2800 96 22 purpose
319 2792 26 21 of
358 2791 107 26 bringing
479 2790 80 22 labour
576 2794 23 17 to
615 2789 38 22 the

60 2823 80 27 colony
142 2834 31 5 —
175 2822 49 21 that
238 2821 26 25 is,
281 2820 23 21 in
322 2818 95 25 causing
434 2818 37 21 the
487 2818 50 21 best
555 2824 56 14 sort
631 2816 26 21 of

60 2849 152 23 colonization
222 2850 22 19 to
254 2844 98 29 proceed
361 2848 23 17 at
394 2844 39 21 the
446 2847 98 23 greatest
556 2843 98 27 possible

60 2881 54 17 rate.
144 2875 55 22 And
206 2874 44 21 this
257 2874 19 21 is
283 2872 38 22 the
329 2870 85 23 second
423 2870 86 22 feature
520 2870 26 21 of
557 2869 39 22 the
605 2876 50 14 new

61 2907 92 24 system.

64 2930 3 6 1
86 2929 50 22 The
146 2927 155 28 employment
310 2924 27 22 of
352 2924 38 22 the
404 2924 211 27 purchase-money,
631 2928 26 14 or

62 2956 37 22 the
109 2953 111 30 principal
229 2956 50 24 part
289 2952 25 21 of
325 2952 25 25 it,
360 2950 24 22 in
396 2950 126 27 conveying
531 2949 87 22 settlers
633 2951 22 18 to

61 2983 37 22 the
110 2982 89 26 colony,
210 2980 41 22 has
260 2978 39 23 the
307 2978 118 26 following
435 2977 83 22 effects.
547 2975 23 22 It
579 2975 78 21 makes

62 3010 37 21 the
114 3008 134 29 purchasers
263 3006 26 21 of
304 3004 55 23 land
374 3011 37 15 see
426 3003 93 28 plainly,
534 3002 50 21 that
598 3002 59 20 their

64 3043 81 20 money
156 3034 44 23 will
210 3034 28 21 be
246 3031 110 24 returned
365 3031 24 22 in
403 3030 38 22 the
454 3030 70 27 shape
537 3029 27 21 of
577 3029 80 21 labour

63 3063 45 22 and
117 3060 138 30 population.
285 3060 22 21 It
317 3058 74 27 tends,
406 3058 24 21 in
441 3057 52 27 fact,
509 3060 22 18 to
540 3055 69 22 lower
619 3055 38 21 the

64 3096 118 20 necessary
191 3094 3 3 '
201 3086 106 23 standard
326 3086 27 21 of
369 3085 69 27 price,
453 3084 103 26 because,
575 3082 54 22 with
645 3089 13 14 a

64 3118 106 20 constant
177 3114 73 21 influx
260 3113 26 21 of
297 3112 80 24 people
386 3115 24 18 to
420 3110 37 23 the
468 3110 89 27 colony,
566 3109 37 21 the
614 3108 43 22 due

64 3142 130 28 proportion
201 3145 100 16 between
307 3144 80 22 people
396 3137 45 22 and
447 3137 55 22 land
509 3144 52 19 may
568 3136 28 21 be
604 3135 55 28 kept

66 3177 29 20 up
103 3170 32 25 by
145 3175 14 14 a
166 3167 70 22 lower
244 3165 68 27 price,
318 3165 62 21 -than
389 3164 22 22 if
422 3164 63 22 there
495 3171 58 14 were
562 3170 31 14 no
602 3162 55 22 such

65 3194 152 28 immigration
224 3208 4 7 .
246 3192 25 22 It
281 3191 111 22 therefore
398 3190 131 23 diminishes
535 3190 39 21 the
581 3189 78 28 period

66 3222 82 26 during
156 3220 74 22 which
239 3218 39 23 the
286 3218 106 22 labourer
405 3220 61 19 must
477 3217 61 22 work
553 3217 35 21 for
601 3216 56 27 hire,

67 3249 44 22 and
120 3247 31 29 by
161 3248 37 21 the
213 3245 64 28 rapid
291 3251 103 23 progress
408 3243 73 22 which
495 3244 19 21 it
526 3244 95 27 imparts
635 3246 24 18 to

66 3276 37 22 the
112 3276 51 21 best
173 3276 47 20 sort
227 3272 27 22 of
265 3271 159 26 colonization,
438 3270 19 21 it
471 3270 102 28 explains
588 3273 23 18 to
620 3269 39 22 the

67 3302 118 26 labouring
194 3300 57 23 class
261 3298 26 23 of
292 3297 150 27 immigrants,
453 3297 49 21 that
511 3304 67 19 every
586 3304 43 14 one
637 3296 27 21 of

67 3329 61 22 them
141 3328 51 23 who
208 3327 19 22 is
241 3324 139 24 industrious
398 3323 45 22 and
460 3323 86 27 thrifty,
562 3330 53 20 may
631 3323 28 22 be

67 3363 49 15 sure
126 3359 24 18 to
158 3355 94 22 become
265 3355 40 20 not
320 3350 86 28 merely
422 3357 29 14 an
467 3356 75 15 owner
556 3350 27 21 of
597 3349 62 27 land,

67 3383 40 21 but
123 3382 48 22 also
186 3389 26 14 in
229 3380 36 22 his
284 3382 60 22 turn,
366 3385 29 14 an
417 3376 115 28 employer
550 3376 27 22 of
596 3374 65 24 hired

67 3409 122 25 labourers,
200 3415 15 14 a
222 3410 83 19 master
316 3406 26 21 of
353 3407 110 19 servants.

95 3436 67 22 From
172 3435 62 22 these
244 3431 187 26 considerations,
445 3430 38 21 the
494 3430 117 26 Company
620 3430 42 20 has

69 3462 97 28 adopted
184 3461 39 22 the
238 3467 63 16 same
318 3461 84 25 system
420 3457 26 22 of
461 3456 116 27 disposing
592 3455 26 22 of
633 3456 29 21 its

69 3488 153 28 wastelands,
236 3495 25 14 as
276 3487 42 22 has
332 3485 93 26 already
439 3483 85 28 proved
537 3482 80 27 highly
629 3482 34 22 fa-

69 3516 106 22 vourable
191 3518 22 19 to
227 3514 38 22 the
279 3511 186 31 productiveness
479 3509 27 22 of
520 3509 104 26 industry
638 3516 24 14 in

69 3542 70 23 South
151 3541 121 23 Australia.
302 3539 28 22 In
340 3547 14 14 a
365 3545 50 15 new
426 3537 90 31 colony,
528 3535 96 33 planted
638 3535 25 22 in

69 3576 14 15 a
92 3569 73 22 fertile
175 3568 46 23 and
235 3566 117 23 extensive
367 3565 112 26 territory,
495 3563 19 21 it
527 3563 20 21 is
562 3562 101 27 obvious,

70 3595 49 22 that
137 3595 38 22 the
191 3594 172 23 establishment
377 3592 27 21 of
420 3590 56 23 such
491 3597 13 14 a
519 3592 83 25 system
616 3596 20 14 is
652 3596 12 14 a

65 3625 86 23 .matter
168 3622 26 21 of
212 3622 37 21 the
265 3620 94 28 deepest
377 3620 102 21 moment
495 3620 23 18 to
535 3615 38 22 the
589 3615 75 22 future

71 3648 88 23 welfare
171 3648 26 22 of
210 3648 92 26 society.
438 3645 17 20 it
471 3643 38 22 the
523 3643 51 21 best
589 3641 77 23 effects

71 3682 50 23 may
131 3675 54 22 with
195 3674 130 23 confidence
335 3674 29 21 be
375 3669 138 29 anticipated
519 3677 5 13 :
540 3676 13 14 a
561 3671 105 20 constant

71 3702 44 21 and
123 3702 91 27 regular
222 3701 81 27 supply
313 3700 27 21 of
351 3707 51 14 new
412 3697 55 23 land
476 3697 24 22 in
515 3696 43 22 due
573 3703 93 20 propor-

68 3728 46 23 tion
125 3732 23 18 to
158 3728 39 22 the
216 3731 70 19 wants
297 3727 26 22 of
333 3734 14 14 a
354 3725 133 29 population
500 3723 126 26 increasing
637 3722 31 27 by

68 3754 71 23 births
149 3755 47 22 and
208 3754 154 27 immigration
369 3761 6 18 ;
392 3752 32 22 all
438 3752 39 21 the
492 3750 137 26 advantages
644 3752 23 18 to

69 3781 73 23 which
152 3781 102 23 facilities
264 3781 26 22 of
301 3782 115 25 transport
423 3778 46 22 and
475 3776 191 23 communication

70 3815 37 15 are
118 3808 104 22 essential
229 3816 6 18 ;
252 3807 112 26 certainty
378 3806 27 21 of
414 3805 78 26 limits,
507 3803 47 22 and
568 3805 99 24 security

71 3834 25 22 of
106 3834 50 23 title
166 3838 23 19 to
198 3837 106 25 property
312 3834 26 21 in
352 3832 67 26 land;
435 3832 38 21 the
483 3832 99 26 greatest
594 3829 73 22 facili-

69 3861 43 22 ties
121 3867 30 16 on
160 3862 118 27 acquiring
286 3860 39 22 the
337 3859 44 22 due
391 3859 104 27 quantity
501 3865 6 18 ;
522 3857 38 22 the
570 3859 100 24 greatest

71 3891 191 24 encouragement
274 3890 24 19 to
305 3885 155 28 immigration
471 3883 46 23 and
525 3883 130 23 settlement
662 3890 5 19 ;

71 3914 47 22 and
130 3914 40 23 the
183 3917 59 20 most
255 3913 66 31 rapid
335 3919 105 25 progress
453 3911 28 22 of
495 3910 38 22 the
547 3909 80 28 people
642 3909 24 22 in

72 3940 101 23 material
182 3941 96 22 comfort
288 3940 45 22 and
339 3939 73 22 -social
