2569 4010
1918 3899 74 17 Printed
2003 3900 34 17 and
2046 3901 97 20 published
2154 3904 19 15 at
2184 3903 32 16 the
2224 3904 55 16 Office
2286 3904 21 15 of
2316 3904 30 16 the
2354 3904 47 17 New
2408 3905 98 17 Zealand

1939 3920 90 17 Gazette
2041 3925 42 13 and
2094 3923 137 17 Weuxnoxon
2243 3925 120 20 S**ctatox,
2379 3926 44 16 Port
2434 3926 72 18 Nichol-

1938 3944 39 15 son,
1986 3941 44 18 New
2037 3942 86 17 Zealand.
2390 3957 3 2 .

532 33 101 41 TIJE
629 33 25 18 v
653 31 118 44 kEW
774 35 247 40 :^E^L^M)
1040 40 225 33 GAZETTE
1284 39 100 33 AND
1403 38 329 32 WELLINGTON
1754 36 293 33 SPECTATOR.

829 125 168 21 GENERAL
1012 126 117 20 STORE.

690 158 90 47 MR.
796 157 142 22 TELFOIID
953 158 84 26 having
1050 158 100 27 recently
1160 158 66 22 made
1236 165 40 15 ex-

778 185 86 22 tensive
881 184 127 28 purchases,
1027 186 52 26 begs
1089 189 22 17 to
1122 191 119 16 announce
1252 189 23 18 to

696 211 26 21 lis
732 210 84 23 friends
826 211 46 20 that
884 212 27 20 he
922 210 39 22 has
972 219 28 13 on
1011 211 53 27 sale,

716 237 184 22 HARDWARE
916 238 24 20 of
952 238 37 21 the
999 238 48 21 first
1056 238 91 27 quality,
1157 238 119 28 including

688 271 12 13 :i
709 268 63 22 great
779 264 86 26 variety
874 264 28 21 of
911 264 65 21 nails.

714 290 104 21 FLOUR,
828 290 25 21 of
864 289 49 22 first
922 290 44 22 and
976 290 82 22 second
1069 290 92 27 quality.

715 316 181 23 GROCERIES.
899 329 30 4 —
929 317 53 27 Tea,
997 324 82 19 sugars,
1086 315 4 3 '
1098 317 77 24 coffee,
1192 317 83 27 butter,

689 350 59 20 soap,
760 343 96 26 candles,
867 344 54 23 rice,
936 351 64 19 curry
1017 344 96 26 powder,
1130 343 86 27 pickles
1230 345 46 21 and

690 377 81 19 <auces,
782 370 111 26 spicerif?.
905 370 40 21 &c.

714 395 101 22 WINES
829 396 68 21 AND
907 396 155 22 SPlßlTS.—
1064 396 90 22 Besides
1164 396 37 23 the
1213 398 63 21 usual

688 422 79 27 •simply
777 422 25 21 of
815 424 67 21 wines
891 423 45 21 and
946 423 79 27 spirits,
1041 423 61 22 there
1111 423 19 21 is
1140 430 12 13 a
1163 424 114 21 consider-

687 449 51 22 able
743 450 102 27 'inantity
849 449 27 22 of
883 450 87 21 Scotch
981 449 124 27 Whiskey;
1118 450 158 23 andalitnited

688 476 101 27 .piantity
800 477 26 20 of
837 476 115 21 Colonial
964 476 120 21 Whiskey.

715 503 96 21 BOOTS
827 503 67 21 AND
909 503 137 21 SHOES.—
1047 503 72 22 There
1129 503 40 21 has
1176 504 57 21 been
1241 511 36 14 re-

687 529 77 22 ceived
783 537 13 14 a
815 530 102 26 quantity
940 530 25 21 of
987 529 135 27 Wellington
1147 529 65 22 boots
1230 532 46 21 and

689 555 112 22 Warren's
808 556 113 27 blacking.

716 582 168 22 BLANKETS.
886 595 31 4 —
919 583 68 21 Fresh
1003 583 91 21 arrivals
1110 583 58 21 have
1178 591 64 14 come
1253 588 23 18 to

687 608 60 22 hand
758 609 22 22 in
790 611 39 20 8-4
837 610 45 21 and
893 611 56 25 11-4,
968 610 26 21 of
1008 610 87 21 various
1111 610 104 26 qualities
1230 612 46 21 and

688 636 78 26 prices.

716 663 296 22 HABERDASHERY.—
1012 662 72 22 There
1100 663 19 22 is
1135 670 12 14 a
1156 663 70 22 select
1236 664 41 23 but

686 689 85 22 limited
798 690 102 27 quantity
924 697 29 14 on
979 689 67 28 hand,
1069 689 117 28 including
1204 696 70 22 tapes,

688 715 95 26 threads,
794 716 65 21 black
870 716 46 22 and
930 716 106 22 coloured
1050 723 86 15 sewing
1151 725 64 14 silks
1230 720 46 20 and

688 743 62 26 twist,
772 743 96 26 darning
887 747 84 22 cotton,
989 742 95 27 needles,
1103 744 85 25 combs,
1211 744 65 23 India

686 769 41 21 ■?ilk
737 769 43 21 and
789 774 73 16 cotton
871 769 179 26 handkerchiefs,
1059 770 84 25 braces,
1151 771 41 21 &c.

715 796 164 21 DRAPERY.-
884 796 92 21 -White
996 800 75 17 cotton
1094 797 102 27 shirting,
1216 802 60 18 stout

686 822 141 22 unbleached
840 827 83 22 cotton,
938 823 59 22 40in.
1013 823 62 26 wide,
1093 827 75 18 cotton
1185 824 89 28 checks,

688 849 52 21 .lark
752 849 77 25 prints.
841 850 40 21 &c.
893 850 39 21 &c.

714 875 52 22 OIL
789 876 66 21 AND
881 876 142 22 LAMPS.—
1023 876 54 21 This
1095 877 66 22 latter
1180 877 40 22 has
1239 885 35 14 re-

685 902 78 22 ceived
773 910 28 14 an
812 903 99 21 increase
921 904 27 20 of
957 903 38 22 the
1004 903 49 22 best
1067 903 85 27 quality
1170 904 48 22 that
1235 904 40 23 has

684 933 40 22 yet
734 929 55 21 been
801 930 82 21 offered
894 930 22 20 in
928 929 37 22 the
977 930 92 27 Colony.

712 955 71 22 There
795 955 39 22 has
843 956 48 21 also
902 964 63 13 come
976 960 21 17 to
1017 957 59 20 hand
1093 964 14 13 a
1122 957 65 21 small
1203 957 32 22 lot
1251 958 28 21 of

685 985 65 18 straw
769 982 59 25 hats,
852 983 48 21 sou'
925 986 96 23 westers,
1044 983 81 22 Scotch
1144 991 60 20 caps,
1224 991 51 15 um-

686 1009 87 24 brellas,
784 1010 41 20 &c.

712 1035 57 22 CLO
778 1035 103 27 THING,
893 1035 122 28 consisting
1020 1037 26 20 of
1053 1036 91 21 Jackets
1151 1037 24 21 in
1181 1037 94 22 beaver-

686 1066 57 23 teen,
756 1062 114 27 corduroy,
882 1062 44 22 and
937 1062 57 22 duck
1003 1071 5 18 ;
1027 1063 129 27 waistcoats,
1169 1064 21 20 in
1202 1071 68 14 swan-

685 1089 64 21 down
761 1089 45 21 and
814 1090 135 21 beaverteen
956 1097 5 18 ;
981 1089 58 22 duck
1049 1093 108 24 trowsers,
1169 1091 41 20 &c.
1218 1099 6 17 ;
1239 1098 36 14 re-

684 1120 68 22 yntta,
762 1115 138 23 unbleached
910 1120 82 22 cotton,
1003 1117 19 21 &
1030 1120 60 18 stout
1098 1117 85 26 striped
1192 1117 68 21 shirts
1267 1126 5 18 ;

685 1143 119 27 Guernsey
822 1143 82 26 frocks,
924 1143 73 26 shirts,
1017 1143 52 22 blue
1087 1143 46 22 and
1150 1143 41 22 red
1210 1151 64 20 serge

685 1169 64 27 ditto,
761 1173 75 18 cotton
848 1169 45 22 and
904 1171 93 20 worsted
1007 1169 62 22 hose.

789 1223 40 21 TO
843 1223 65 22 THE
923 1223 116 22 RETAIL
1053 1223 115 22 TRADE.

672 1258 2 19 i
712 1256 45 22 Mr.
766 1256 92 22 Telford
870 1256 40 22 has
919 1256 124 28 peculiarly
1052 1257 130 22 favourable
1192 1261 82 19 attrac-

684 1284 59 21 tions
754 1284 34 21 for
799 1283 36 22 the
844 1284 73 21 Trade
927 1284 23 21 in

711 1310 38 21 An
760 1310 115 22 extensive
886 1310 80 28 supply
978 1310 25 22 of
1013 1310 52 27 rice,

712 1338 54 20 Raw
780 1344 84 16 suirars.

710 1363 205 27 STATIONERY,
940 1363 122 27 consisting
1084 1364 27 21 of
1130 1364 44 28 day
1194 1365 78 28 books,

683 1390 81 26 pocket
779 1390 94 26 ledgers,
891 1393 59 23 note,
968 1390 176 26 memorandum,
1163 1392 45 21 and
1223 1400 51 19 pass

682 1417 77 27 books,
770 1418 88 26 writing
865 1424 77 20 paper,
958 1417 48 27 ink,
1022 1416 72 27 slates,
1110 1417 56 22 slate
1180 1419 92 27 pencils,

682 1444 42 21 &c.

709 1469 102 27 Ticking.

712 1498 19 21 A
747 1496 41 23 few
802 1499 45 19 sets
862 1497 26 21 of
903 1504 81 15 scales
999 1497 45 22 and
1058 1505 103 15 weights
1182 1499 45 21 still
1244 1506 28 15 on

682 1523 70 22 hand.

710 1550 136 22 SNUFF.—
849 1551 44 21 Mr.
904 1550 90 22 Telford
1004 1558 131 15 announces
1144 1559 14 14 a
1167 1552 60 22 fresh
1239 1560 34 14 ar-

681 1577 56 21 rival
745 1578 28 20 of
780 1577 43 21 this
830 1577 83 26 article,
923 1578 23 21 in
954 1578 88 21 various
1050 1579 99 25 superior
1156 1579 104 27 qualities
1265 1588 5 19 ;

682 1604 45 21 and
737 1604 64 21 snuff
809 1604 70 21 boxes
890 1607 22 18 at
923 1604 113 22 moderate
1046 1605 79 27 prices.

709 1636 129 22 November
846 1639 21 24 9,
879 1638 61 20 1840.

829 1691 160 21 FENCING
1004 1692 116 21 POLES.

685 1724 90 24 1/TR.
799 1724 143 21 TELFORD
961 1724 19 21 is
997 1726 128 21 authorised
1145 1730 22 17 to
1183 1727 89 22 receive

685 1746 58 25 j-VX
773 1750 75 22 orders
858 1751 35 21 for
903 1751 43 22 this
957 1752 82 26 article,
1053 1756 21 17 to
1084 1752 27 22 be
1123 1752 114 22 delivered
1248 1759 23 16 at

683 1776 77 28 Lowry
768 1778 54 26 Bay,
828 1777 36 22 the
874 1778 72 21 Beach
951 1781 23 18 at
980 1779 84 24 Petoni,
1072 1779 198 28 oratWellington.

837 1811 105 21 HOUSE
958 1811 60 22 FOR
1032 1813 85 21 SALE.

708 1837 59 21 That
780 1838 50 21 well
844 1838 96 21 finished
954 1839 44 21 and
1014 1844 67 16 water
1095 1839 57 27 tight
1168 1839 102 23 Wooden

682 1863 84 27 House,
778 1865 107 25 occupied
895 1865 29 26 by
936 1865 43 21 Mr.
990 1865 84 28 Grace;
1091 1868 27 19 14
1128 1866 45 22 feet
1182 1874 87 20 square,

681 1891 45 21 and
736 1892 25 25 7i
775 1891 45 21 feet
834 1891 54 26 high
904 1892 23 20 in
945 1892 37 21 the
1000 1886 66 27 walls.
1097 1893 21 20 It
1133 1893 19 21 is
1168 1893 38 21 the
1222 1894 50 22 best

681 1917 73 22 model
765 1918 26 21 of
801 1925 14 14 a
824 1918 146 22 comfortable
979 1919 65 21 small
1054 1919 69 22 house
1131 1924 40 22 yet
1180 1920 59 21 built
1247 1922 23 21 in

681 1944 38 22 the
730 1944 93 27 Colony.

709 1978 85 26 Petoni,
811 1979 59 26 Sept.
883 1980 33 24 18,
928 1980 60 20 1840.

812 2023 154 20 WEEKLY
979 2024 162 20 MARKET.

683 2057 91 47 MR.
789 2056 22 21 J.
825 2056 145 22 TELFORD
984 2056 41 21 has
1038 2056 109 28 arranged
1156 2061 23 17 to
1189 2056 59 23 have
1258 2066 11 13 a

772 2090 93 15 weekly
890 2091 92 14 maiiket
1010 2091 29 13 on
1063 2084 139 21 MONDAY
1225 2085 45 22 and

680 2110 168 22 SATURDAY
865 2110 167 26 EVENINGS,
1048 2114 22 18 at
1079 2110 35 22 his
1124 2110 145 28 Warehouse,

680 2136 58 21 from
748 2139 14 20 4
771 2141 23 18 to
805 2138 13 21 7
827 2136 93 26 o'clock,
933 2137 68 27 being
1015 2137 108 22 intended
1138 2138 83 28 chiefly
1237 2139 33 21 for

680 2162 38 23 the
740 2163 191 22 accommodation
953 2164 25 20 of
996 2164 141 21 Workmen's
1157 2164 113 24 Families.

679 2190 47 21 The
745 2190 115 27 following
879 2190 88 21 articles
985 2190 44 21 will
1048 2191 26 21 be
1094 2191 48 21 sold
1161 2192 22 21 in
1204 2192 66 22 small

680 2218 127 26 quantities,
818 2221 23 17 at
850 2216 130 22 reasonable
990 2217 71 27 prices
1067 2225 5 13 :
1074 2229 31 5 —

708 2251 74 26 Flour,
794 2258 72 19 sugar,
879 2254 42 23 tea,
933 2251 75 26 cofl'ee,
1027 2251 79 27 butter,
1117 2251 87 28 cheese,
1216 2259 54 15 can-

679 2277 56 27 dles,
746 2285 60 20 soap,
823 2278 40 21 &c.
876 2278 38 21 &c.

709 2311 52 21 Port
769 2310 131 26 Nicholson,
911 2310 60 22 June
982 2312 33 25 15,
1027 2312 59 21 IS4O.

703 2365 168 25 LEDGERS,
887 2366 164 21 ACCOUNT
1066 2368 79 24 BOOK
1145 2368 40 24 3,
1201 2369 45 20 &c.

681 2401 72 48 ON
769 2402 85 26 SALE,
871 2406 24 17 at
903 2401 38 22 the
952 2402 70 22 Olßce
1033 2402 26 22 of
1069 2402 38 22 the
1212 2404 53 22 Zea-

759 2428 53 21 land

709 2454 104 27 Ledgers,
824 2455 69 27 demy
902 2456 46 21 and
959 2455 104 29 foolscap.

707 2481 106 22 Journals
823 2482 46 21 and
880 2482 51 21 cash
943 2482 77 21 books.

708 2508 51 27 Day
769 2508 77 27 books,
857 2509 78 21 bound
943 2510 24 20 in
978 2509 91 22 vellum.

709 2535 105 27 Foolscap
823 2535 48 22 and
881 2540 78 23 quarto
970 2536 52 21 cash
1030 2536 44 21 and
1084 2540 97 19 account
1189 2537 79 26 books,

679 2561 52 22 half
742 2562 83 21 bound.

707 2588 104 27 Superior
820 2589 171 22 memorandum
1005 2589 77 27 books,
1101 2590 89 22 various
1204 2592 65 21 sizes.

709 2615 83 22 Pocket
804 2615 75 27 books,

709 2642 132 22 Parchment
853 2642 76 22 bound
943 2642 45 23 and
997 2642 91 28 clasped
1098 2644 170 23 memorandum

679 2668 78 22 books.
809 2672 19 7 ~~

709 2696 124 21 Portfolios.

709 2722 70 27 Large
790 2722 44 23 and
843 2722 65 23 small
919 2722 68 23 wafer
997 2724 64 22 seals.

710 2749 80 22 Patent
799 2750 86 21 wafers.

709 2776 104 26 Superior
823 2776 73 28 quills.

708 2802 71 23 Office
790 2810 42 20 pen
844 2803 85 22 knives.

709 2829 90 27 Sealing
809 2837 55 19 wax,
876 2835 43 16 two
929 2831 111 27 qualities.

711 2856 64 21 India
785 2857 87 20 rubber.

708 2882 49 21 Red
767 2882 44 22 and
820 2883 67 21 black
896 2883 46 27 ink,
954 2884 22 22 in
987 2885 89 27 powder
1087 2884 44 23 and
1140 2885 90 22 bottles.

710 2909 86 24 Rulers,
807 2910 88 21 various
904 2910 64 22 sizes.

708 2936 53 21 Best
770 2936 53 22 steel
835 2943 54 20 pens
900 2937 44 21 and
966 2938 103 21 osewood
1078 2938 97 22 holders.

709 2962 71 27 Large
790 2963 44 21 and
844 2963 65 22 small
919 2964 66 21 slates
999 2964 46 22 and
1054 2964 56 23 slate
1119 2965 94 27 pencils.

709 2989 47 22 Red
767 2994 56 22 tape,
836 2990 40 22 &c.
889 2990 40 21 &c.

681 3015 28 22 In
733 3016 36 21 the
794 3016 118 22 wholesale
931 3025 68 19 paper
1018 3017 141 27 department
1178 3019 44 21 will
1241 3019 27 22 be

802 3043 18 21 fr
827 3044 46 21 u-id
884 3051 28 14 an
923 3044 116 22 extensive
1048 3045 64 21 stock
1121 3045 27 22 of

710 3070 54 21 Fine
774 3069 46 22 laid
829 3076 58 21 pott,

708 3096 54 22 Fine
772 3096 62 22 thick
844 3104 61 15 wove
916 3102 79 22 quarto
1004 3101 56 23 post,

709 3123 61 24 Ditto
825 3124 58 21 ditto
916 3129 77 16 octavo
1004 3124 43 26 do.,

707 3150 116 27 Superfine
834 3158 61 14 wove
905 3154 78 24 quarto
993 3152 57 21 satin
1060 3155 57 23 post,

710 3176 61 22 Ditto
825 3177 58 22 ditto
909 3182 79 17 octavo
998 3177 63 27 ditto,

709 3203 62 22 Ditto
782 3203 46 22 thin
839 3204 45 22 laid
894 3209 79 22 quarto
982 3204 63 26 ditto,

709 3230 62 21 Ditto
827 3230 56 22 ditto
893 3236 78 17 octavo
982 3230 62 27 ditto,

708 3257 115 26 Superfine
835 3257 61 27 large
910 3258 49 21 thin
972 3258 51 21 blue
1041 3265 62 14 wove
1117 3262 79 24 quarto
1210 3264 57 22 podt,

680 3283 110 27 stamped,

708 3310 115 27 Superfine
832 3309 47 23 laid
889 3310 105 28 foolscap,

709 3337 71 27 Large
790 3337 48 21 thin
849 3341 79 23 quarto
938 3342 57 23 post,

708 3363 58 22 Note
776 3371 75 20 paper,

692 3400 3 4 •
709 3390 78 21 Brown
799 3397 74 21 paper,
881 3390 102 28 imperial
992 3399 58 21 cap.,

708 3417 48 27 Bag
764 3417 63 26 ditto,

709 3443 62 22 Kent
780 3443 63 28 ditto,

709 3470 70 27 Royal
789 3470 68 27 hand,

709 3497 97 21 Lumber
815 3497 65 27 ditto,

708 3523 56 22 Blue
775 3523 72 28 demy,

707 3551 75 26 Demy
789 3550 97 27 blotting
892 3557 76 21 paper,

708 3577 88 21 Double
804 3584 82 20 crown,

707 3603 70 22 Small
786 3603 68 28 hand,

709 3631 86 25 Crown,

707 3657 74 21 Blank
791 3657 72 26 cards,
875 3657 39 22 &c.
926 3658 41 21 &re.
978 3658 40 22 &c.

786 3711 98 20 BILLS
898 3712 44 20 OF
957 3712 206 23 EXCHANGE.

681 3745 163 49 PRINTED
861 3747 103 21 FORMS
979 3747 60 23 FOR
1054 3749 79 22 SALE
1148 3751 42 22 AT
1204 3752 65 22 THE

753 3773 111 21 OFFICE
879 3773 38 22 OF
931 3774 73 22 THIS
1020 3775 108 23 PAPER.

672 3810 2 5 '
707 3805 130 22 November
846 3808 21 23 4,
881 3808 60 21 1840.

681 3860 73 47 ON
768 3860 85 26 SALE,
869 3864 22 19 at
901 3860 44 23 this
954 3862 77 28 Office,
1043 3863 48 22 files
1102 3864 25 22 of
1138 3864 38 23 the
1213 3865 57 23 New

758 3885 102 24 Zealand

862 3921 76 26 Office,
950 3921 57 22 Nov.
1018 3925 32 24 28,
1063 3925 60 20 1840.

1929 120 25 20 J.
1972 118 136 23 TAXNE'S
2124 120 119 22 STORE,
2260 120 256 24 WELLINGTON.-

1923 153 94 48 JUST
2027 153 108 26 received,
2146 153 62 22 TEA
2226 153 144 27 KETTLES,
2382 162 132 25 saucepans,

1987 180 45 22 and
2043 180 72 27 frying
2125 188 61 19 pans,
2199 181 23 20 in
2232 184 62 23 great
2306 181 92 26 variety.
2427 181 63 28 Also,
2501 189 15 15 a

1925 205 203 28 Itirgcaasoftment
2137 206 26 21 of
2174 207 116 26 crockery.
2361 229 5 3 .
2412 229 22 4 ...
2453 212 6 3 *
2494 213 13 22 '_

2040 260 166 20 WILLIAM
2225 252 169 33 MURRAY,
2427 252 12 4 ~
2442 253 10 13 r
2478 253 40 8 °~~

1927 285 91 28 Tailor,
2030 294 44 14 and
2085 286 112 22 Gkneual
2214 285 136 24 Furnisher
2365 294 28 14 op
2407 286 129 25 GenTLE*"'

2058 313 67 22 men's
2136 311 115 24 Wearing
2259 313 118 27 Appakel,

1925 346 47 49 rN
1984 346 117 27 returning
2109 346 82 22 thanks
2203 350 21 17 to
2240 347 62 22 those
2319 347 128 26 gentlemen
2459 346 57 25 -vrho

1979 373 57 22 have
2053 381 23 14 so
2093 373 78 27 kindly
2192 374 108 21 favoured
2319 374 46 21 him
2386 374 51 21 with
2456 374 60 23 their
2518 377 6 13 7
2534 385 3 10 1

1922 400 76 21 oiders
2016 400 60 22 since
2097 399 26 22 he
2143 400 148 21 commenced
2311 400 101 22 business
2430 402 22 20 in
2477 401 39 22 the

1922 426 93 28 Colony,
2026 427 53 26 begs
2087 426 64 21 leave
2162 431 22 17 to
2197 427 100 22 intimate
2317 426 48 23 that
2381 426 29 23 he
2423 427 41 22 has
2481 428 44 22 re-

1921 456 80 19 moved
2013 453 65 22 to'his
2087 460 49 15 new
2151 452 77 28 house,
2246 454 100 21 between
2365 454 43 21 Mr.
2426 454 90 22 Allen's

1921 479 45 22 and
1975 480 37 21 Dr.
2022 479 136 27 Monteith's,
2168 480 72 21 where
2251 480 29 21 he
2290 479 44 23 still
2346 482 80 20 carries
2436 488 30 15 on
2477 481 39 23 the
2530 494 4 2 -

1921 506 70 21 above
2003 507 100 21 business
2120 507 22 21 in
2158 506 29 22 nil
2206 506 28 22 its
2252 506 116 27 branches,
2386 508 43 21 and
2446 508 70 26 hopes
2534 513 2 5 '

1923 532 46 22 lint
1980 532 37 23 the
2028 533 136 22 satisfaction
2175 533 28 22 he
2213 532 41 23 has
2270 534 90 26 already
2370 534 66 26 given
2448 539 23 17 to
2481 534 37 23 his

1923 566 119 15 numerous
2053 560 82 21 friends
2146 560 19 21 &
2175 560 35 21 the
2220 560 131 26 gentlemen
2361 560 27 21 of
2401 561 116 23 Britannia

1923 586 41 21 will
1975 593 77 15 secure
2062 591 21 17 to
2091 586 46 22 him
2148 594 13 13 a
2172 587 149 22 continuance
2332 587 25 21 of
2369 587 57 22 their
2434 587 87 23 favors.'

1949 612 34 21 W.
2002 614 39 25 M.,
2059 613 64 22 while
2139 620 28 14 on
2184 613 37 21 the
2239 614 118 21 continent
2373 614 27 21 of
2420 614 94 29 Europe,

1920 639 88 22 studied
2019 640 36 22 the
2064 640 66 21 latest
2141 639 88 22 Fiench
2240 640 43 21 and
2297 640 80 22 Italan
2387 641 108 22 fashions.

1949 666 92 27 Repairs
2056 666 43 22 and
2114 666 132 23 alterations
2260 667 109 22 executed
2385 668 51 21 with
2452 672 64 18 neat-

1921 699 52 14 ness
1982 693 45 21 and
2042 693 113 28 despatch.

1949 718 103 27 Wanted,
2067 727 12 14 a
2096 720 58 26 good
2170 723 50 18 coat
2233 720 86 21 maker.
2349 720 63 27 Also,
2429 728 29 15 an
2475 729 40 20 ap-
2527 740 4 4 ,

1921 746 99 26 prentice
2027 754 5 17 ;
2049 753 41 15 one
2101 746 48 22 who
2161 747 40 21 has
2210 746 58 23 been
2286 754 63 15 some
2367 748 52 21 time
2435 751 24 18 at
2475 748 46 27 the.
2528 758 6 4 -

1922 772 61 21 trade
1994 772 71 23 would
2079 773 28 21 be
2118 774 120 26 preferred.

1922 833 219 25 WHOLESALE
2173 835 125 24 PRICES
2334 823 180 38 CURRENT^

1992 873 132 16 CORRECTED
2140 874 29 14 UP
2183 874 28 14 TO
2228 875 84 14 FRIDAY
2328 875 109 14 EVENING.

2263 894 16 17 £
2302 899 15 11 s.
2342 894 18 16 «t.
2416 894 15 17 £
2453 899 17 13 t.
2496 896 18 17 d.

1921 913 63 21 Ale:
2004 913 25 21 In
2039 913 76 26 bottle,
2130 921 40 23 per
2180 914 10 22 d
2190 914 55 22 0?...
2264 917 14 19 0
2296 916 24 20 16
2348 917 13 19 0
2379 930 18 6 ..
2416 918 13 18 0
2457 918 15 19 0
2499 918 15 19 0

2004 940 83 21 Hewitt
2097 941 43 21 and
2153 941 81 21 Field's
2245 958 5 4 .
2266 943 13 20 7
2307 944 13 18 0
2349 943 12 20 0
2380 957 18 5 ..
2417 943 12 21 7
2445 943 27 21 10
2499 944 14 21 0

1921 966 113 22 Arrack:
2051 967 41 21 Per
2100 967 75 26 gallon
2201 971 79 19 ....0
2307 970 14 19 3
2349 970 13 20 6
2380 983 17 6 ..
2416 971 14 20 0
2457 971 14 20 0
2499 974 15 20 0

1922 993 77 21 Bread
2009 1001 5 13 :
2033 993 38 22 Per
2080 993 44 23 2lb.
2139 994 48 22 loaf
2201 997 79 20 ....0
2307 998 14 18 0
2339 997 91 20 10..0
2458 998 15 19 0
2499 999 15 20 0

1921 1019 59 22 Beef
1989 1028 4 14 :
2011 1020 74 27 Fresh,
2106 1028 88 15 carcase
2212 1029 40 20 per

2038 1047 21 21 lb
2263 1051 13 19 0
2307 1050 7 20 1
2347 1051 13 19 0
2378 1064 4 5 .
2391 1064 5 6 .
2415 1052 13 19 0
2456 1051 14 20 0
2498 1052 15 19 0

1920 1073 106 22 Butter:
2045 1073 60 27 Irish,
2118 1082 39 19 per
2166 1075 29 21 lb.
2228 1078 52 18 ..0
2310 1077 6 19 1
2347 1077 15 20 4
2379 1091 18 5 ..
2417 1078 13 20 0
2460 1078 9 20 1
2488 1077 27 22 10

2043 1100 66 22 Fresh
2266 1104 13 20 0
2306 1104 14 20 3
2348 1104 81 20 6..0
2457 1106 15 19 0
2499 1106 15 19 0

1921 1126 109 23 Brandy:
2046 1127 56 21 First
2111 1127 91 27 quality,
2213 1136 39 19 per

2067 1153 75 27 gallon
2264 1157 13 19 0
2294 1157 22 19 11
2347 1157 14 20 0
2379 1170 17 6 ..
2415 1158 14 19 0
2445 1157 26 21 14
2498 1158 15 20 0

1921 1179 85 23 Brown
2026 1180 73 22 Stout
2106 1188 5 14 :
2137 1180 113 22 Trueman

2156 1207 44 21 and
2209 1209 39 20 Co.
2265 1209 11 19 7
2305 1211 13 17 0
2346 1211 14 18 0
2377 1223 17 6 ..
2415 1211 11 20 7
2443 1210 26 21 10
2497 1211 15 20 0
2522 1220 4 3 •

1919 1233 101 22 Cigars:
2033 1233 100 27 Manilla,
2142 1242 39 19 per
2190 1236 60 25 1000,
2265 1237 13 19 .'5
2295 1237 25 19 10
2347 1238 14 18 0
2378 1250 18 6 ..
2415 1238 12 19 4
2457 1238 14 20 0
2498 1239 15 19 0

2029 1260 95 22 Inferior
2264 1263 12 20 2
2305 1264 13 18 0
2346 1265 81 19 0..0
2455 1265 14 20 0
2497 1265 15 20 0

2031 1287 179 28 Havannah,per
2219 1288 29 22 lb.
2264 1291 12 19 0
2295 1290 23 19 14
2347 1291 13 19 0
2377 1304 18 6 ..
2415 1292 12 19 0
2455 1292 15 19 0
2497 1292 14 20 0

2028 1313 123 22 Chinsurah
2264 1317 13 19 2
2295 1317 24 19 10
2347 1318 13 18 0
2377 1331 18 5 ..
2414 1319 13 19 0
2455 1319 14 19 0
2497 1319 14 20 0

2029 1341 153 22 Alexandrian
2266 1344 7 20 1
2293 1344 24 20 10
2346 1345 13 19 0
2377 1358 17 6 ..
2413 1346 14 19 0
2455 1345 14 20 0
2496 1346 15 20 0

1918 1367 88 22 Coffee
2014 1375 5 13 :
2031 1367 62 26 Java,
2106 1376 38 19 per
2153 1367 23 23 lb
2263 1372 13 19 0
2307 1371 7 19 1
2346 1372 13 19 3
2377 1385 5 5 .
2389 1385 5 6 .
2413 1372 14 20 0
2457 1372 9 21 1
2497 1374 15 19 6

1918 1394 104 22 Cheese:
2038 1394 105 23 Cheshire
2263 1398 13 20 0
2307 1398 6 20 1
2346 1398 13 20 3
2377 1412 18 6 ..
2414 1400 13 19 0
2457 1399 9 20 1

2038 1421 52 22 Pine
2102 1422 73 27 Apple
2264 1425 12 20 0
2307 1425 9 20 1
2346 1426 81 19 4..0
2455 1426 14 21 2
2496 1428 16 19 0

1918 1447 107 23 Candles
2032 1455 6 14 :
2046 1448 91 25 English
2147 1456 55 18 wax,
2210 1457 41 19 per

2062 1474 23 22 lb
2264 1479 12 19 0
2305 1478 13 20 2
2333 1479 27 20 10
2377 1492 18 6 ..
2413 1480 14 19 0
2455 1480 14 20 3
2496 1481 16 20 0

2050 1501 78 23 Mould
2263 1506 13 19 0
2306 1505 9 20 1
2346 1506 81 21 0..0
2458 1507 9 20 1
2496 1508 15 21 4

1919 1527 91 22 Flour:
2021 1529 129 26 Istquality,
2164 1537 38 20 per
2210 1534 37 17 ton

2042 1555 25 21 of
2077 1556 55 21 2030
2142 1556 33 22 lbs
2250 1559 28 20 20
2306 1560 13 19 0
2347 1560 13 19 0
2379 1573 17 6 ..
2415 1561 13 20 0
2457 1562 14 19 0
2497 1562 27 20 0-

2019 1582 14 21 2
2033 1582 28 21 nd
2072 1582 56 22 d.tto
2253 1586 23 20 16
2304 1588 13 18 0
2345 1587 13 19 0
2377 1600 17 6 ..
2413 1588 13 19 0
2455 1588 14 20 0
2495 1590 16 19 0

1919 1607 60 22 Gin:
2001 1608 52 22 Pale
2264 1614 12 19 0
2304 1613 12 19 5
2346 1614 12 19 6
2377 1628 17 5 ..
2413 1615 13 19 0
2455 1615 14 20 9
2495 1616 16 20 0

2000 1635 60 26 Case,
2076 1637 13 19 :i
2104 1637 88 25 gallons
2200 1639 46 19 4-5.
2265 1640 7 19 1
2303 1641 13 18 0
2345 1640 13 19 0
2376 1654 18 5 ..
2412 1642 14 19 0
2453 1642 16 19 0
2495 1644 15 19 0

1918 1661 83 21 Haws:
2018 1661 126 28 Yorkshire,
2161 1671 39 20 per
2210 1664 23 22 lb
2242 1681 5 5 .
2264 1667 12 19 0
2307 1667 7 20 1
2348 1667 7 19 1
2377 1681 17 6 ..
2413 1669 14 18 0
2457 1668 10 21 I
2496 1670 15 19 6

1919 1687 126 23 Mustard:
2063 1689 41 21 Per
2113 1690 70 22 dozen
2266 1694 6 19 1
2304 1694 12 19 8
2345 1696 81 18 0..0
2455 1696 15 19 0
2495 1698 16 18 0

1919 1714 113 22 Mutton:
2053 1716 94 22 Carcase
2159 1725 38 20 per
2208 1718 21 21 lb
2241 1735 5 4 .
2263 1721 12 19 0
2304 1722 13 19 0
2344 1722 14 19 .0
2376 1735 4 5 .
2389 1736 5 5 .
2413 1723 13 18 0
2457 1722 9 20 1
2495 1724 16 19 0

1919 1741 122 22 Muukkt*:
2058 1743 90 22 Walnut
2156 1745 92 22 stacked
2266 1747 6 20 1
2304 1748 14 19 0
2345 1749 13 18 0
2376 1762 17 5 ..
2416 1750 7 19 1
2455 1750 14 18 8
2495 1751 16 19 0

1919 1768 77 22 Milk.
2015 1769 40 21 Per
2062 1770 47 27 pint
2263 1775 12 19 0
2304 1776 12 18 0
2344 1775 13 20 3
2376 1788 18 6 ..
2412 1776 14 19 0
2455 1777 14 18 0
2496 1778 15 19 0

1918 1795 43 21 On.
1969 1803 5 13 :
1992 1796 101 27 Linseed,
2106 1804 38 20 per
2153 1799 76 24 gallon
2241 1802 34 19 .0
2303 1802 13 19 6
2344 1803 14 18 0
2376 1815 17 6 ..
2412 1804 14 19 0
2454 1803 15 20 8
2494 1804 16 19 6

1992 1823 75 23 Black,
2074 1824 21 21 in
2103 1824 58 24 cask,
2165 1833 40 19 per
2209 1832 38 15 ton
2252 1828 23 19 lfi
2304 1829 14 20 0
2345 1830 13 18 0
2376 1842 18 6 ..
2412 1831 14 19 0
2454 1830 15 21 0
2495 1831 15 20 0

1919 1848 62 22 Pork
1989 1857 5 13 :
2010 1849 75 28 Fresh,
2104 1858 89 15 carcase
2209 1860 40 20 per

2036 1875 20 32 !'»
2262 1882 12 20 0
2303 1883 13 18 0
2344 1882 49 24 fij..
2412 1884 13 19 0
2453 1884 15 19 0
2494 1884 15 20 8

1919 1904 75 20 Pork:
2013 1904 62 23 Irish,
2087 1912 39 19 per
2137 1905 72 22 barrel
2224 1909 49 20 ..5
2302 1910 14 19 0
2344 1910 13 19 0
2375 1923 18 6 ..
2412 1911 13 19 0
2454 1911 15 20 0
2495 1912 15 19 0

1919 1929 128 23 Potatoes;
2069 1931 55 21 New
2139 1931 108 28 Zealand,

2095 1966 38 18 per
2143 1963 37 17 ton
2250 1962 24 21 10
2303 1964 13 19 0
2344 1964 13 19 0
2375 1964 50 20 ..15
2454 1965 15 20 0
2495 1966 15 19 0

1919 1983 91 21 Porter
2020 1992 6 13 :
2055 1984 102 27 Dunbar,
2168 1987 23 20 in
2201 1987 45 21 bot.
2255 2009 12 3 _

2085 2015 38 18 per
2133 2009 42 20 doz
2262 2013 12 19 0
2290 2009 28 23 14'

1918 2033 97 21 Pickles
2027 2041 5 13 :
2064 2034 115 26 Assorted,
2211 2044 39 19 per

2088 2060 58 24 doz..
2172 2067 76 22 quarts
2265 2066 8 20 1
2304 2066 14 20 8
2346 2067 13 19 0
2377 2080 5 6 .
2390 2080 6 6 .
2415 2067 7 20 1
2443 2067 27 20 16
2496 2069 15 19 0

1918 2086 72 22 Pitch
2005 2094 5 14 :
2041 2087 138 28 Stockholm,
2211 2098 39 19 per

2065 2115 70 21 barrel
2264 2119 9 20 1
2293 2119 24 20 13
2346 2121 14 19 0
2377 2134 5 6 .
2389 2134 6 6 .
2415 2120 10 21 1
2443 2122 26 19 18
2496 2123 15 20 0

1918 2140 78 23 Plank
2006 2148 6 14 :
2039 2141 53 22 Port
2116 2143 132 27 N'chnlson,

2066 2176 39 19 per
2115 2171 40 20 100
2165 2171 46 21 feet
2224 2187 19 5 ..
2263 2174 12 20 0
2290 2174 27 20 18
2344 2174 14 21 0
2376 2188 18 6 ..
2414 2174 7 20 1
2441 2176 28 19 10
2495 2176 16 19 0

2039 2195 120 26 Hokianga
2263 2200 12 20 ?
2303 2201 13 19 5
2344 2202 14 18 0
2375 2215 19 6 ..
2413 2202 12 20 2
2443 2202 26 19 10
2495 2204 16 19 0

1917 2221 70 22 Rice:
2000 2223 107 21 Common
2118 2231 40 19 per
2163 2228 50 18 cwt.
2225 2241 18 5 ..
2265 2228 6 19 1
2306 2228 7 19 1
2345 2229 13 18 0
2377 2243 17 5 ..
2415 2229 7 19 I
2442 2230 27 19 10
2495 2230 16 20 0

1999 2249 63 21 Good
2264 2255 7 19 i
2291 2254 26 21 lo
2344 2256 14 19 0
2375 2270 18 5 ..
2412 2256 13 20 2
2453 2257 15 19 0
2494 2258 15 19 0

1918 2275 52 22 Rum
1979 2283 5 13 :
2003 2276 23 21 P.
2038 2277 22 20 B.
2076 2276 30 22 P..
2123 2277 55 28 duty
2193 2279 53 26 free,

2025 2310 37 17 per
2072 2303 74 24 ffsillon
2163 2300 3 5 '
2261 2310 13 17 0
2302 2308 13 20 5
2344 2309 14 19 G
2375 2323 18 6 ..
2412 2310 14 20 0
2441 2310 26 20 1.3
2494 2311 16 20 0

1916 2329 89 22 Sucar:
2022 2329 117 23 Mauritius
2150 2338 39 20 per
2196 2337 50 17 cwt.
2264 2336 52 19 II.)
2344 2337 14 19 0
2375 2350 18 5 ..
2412 2337 13 20 2
2453 2337 14 19 5
2495 2338 15 19 0

2027 2356 77 22 Brown
2260 2363 14 19 0
2302 2363 14 20 0
2342 2364 15 19 0
2374 2376 19 7 ..
2413 2364 7 19 1
2452 2364 15 20 8
2492 2365 17 20 0

2026 2383 95 23 Refined
2139 2384 51 26 loaf,
2209 2394 39 19 per

2051 2410 22 21 lb
2262 2416 12 19 0
2302 2416 15 19 0
2344 2417 13 18 8
2375 2430 18 7 ..
2412 2418 14 19 0
2453 2418 15 20 0
2494 2418 17 20 9

1916 2437 73 21 Salt:
2006 2437 124 27 Liverpool,
2142 2446 40 17 per
2192 2444 38 17 ton
2240 2457 5 5 .
2261 2443 13 20 (5
2302 2444 14 19 0
2343 2444 13 19 0
2375 2444 51 21 ..10
2453 2446 14 19 0
2495 2446 15 19 0

1916 2463 60 22 So.vr
1985 2472 6 14 :
2019 2464 100 22 Hawes's
2144 2465 102 27 London,

2042 2499 39 16 per
2089 2495 37 18 ton
2246 2496 27 20 42
2302 2497 14 19 0
2343 2498 13 17 0
2374 2498 51 19 ..60
2453 2498 15 19 0
2494 2499 16 20 0

1916 2517 105 22 Starch:
2037 2517 42 22 Per
2088 2518 23 21 lb
2262 2524 14 17 0
2305 2524 8 19 1
2345 2525 82 19 9..0
2454 2525 15 19 2
2495 2526 16 19 0

1916 2544 142 22 ScANTi.iNo:
2076 2545 167 24 PerlOOfeet..
2262 2551 14 19 0
2292 2550 25 20 18
2345 2552 13 19 0
2376 2565 18 5 ..
2413 2552 10 20 1
2453 2551 15 20 5
2495 2552 16 20 0

1916 2571 127 21 Shingles:
2061 2572 42 22 Per
2111 2574 54 21 1000
2264 2577 7 20 ]
2292 2578 26 18 10
2345 2579 13 18 0
2376 2592 18 5 ..
2413 2579 13 20 2
2453 2578 15 19 5
2495 2579 16 20 0

1914 2597 64 22 Tar.
1995 2598 51 21 Coal
2262 2604 54 19 115
2345 2606 13 18 0
2376 2618 18 5 ..
2413 2606 14 19 0
2454 2606 15 19 0
2495 2606 17 19 O

1999 2625 126 22 Stockholm
2263 2631 13 19 2
2304 2632 14 19 0
2346 2632 81 19 0..2
2454 2632 15 19 5
2496 2634 16 19 O

1915 2650 48 22 Tea
1973 2658 6 14 :
1998 2651 86 27 Hyson,
2095 2660 38 19 per
2145 2654 61 21 chest
2226 2657 50 20 ..10
2303 2658 15 19 0
2344 2659 15 19 0
2376 2659 48 20 ..11
2443 2659 24 20 11
2495 2660 17 20 0

1916 2677 118 22 Tobacco:
2049 2679 142 27 Nesyrohead,
2209 2689 41 19 per

2076 2705 21 21 lb
2263 2712 13 19 0
2305 2711 9 20 7
2345 2712 15 19 4
2377 2725 18 6 ..
2413 2713 14 18 0
2455 2712 15 20 2
2497 2713 15 20 0

1916 2731 163 22 Turpentine:
2098 2733 41 21 Per
2145 2734 86 26 gallon.
2240 2750 5 5 .
2264 2738 13 18 0
2305 2738 13 18 8
2346 2739 14 18 6
2377 2752 19 6 ..
2414 2740 15 19 0
2457 2740 14 19 0
2497 2740 16 21 0

1918 2757 160 23 Whalebone:
2097 2759 40 22 Per
2149 2765 54 17 t0n.
2211 2764 66 20 ...80
2305 2765 15 20 0
2346 2766 14 19 0
2377 2779 19 6 ..
2414 2766 15 19 0
2457 2766 15 20 0
2497 2767 16 20 0

1916 2783 83 23 Wine:
2016 2785 88 28 Sherry,
2114 2794 40 19 per
2163 2787 52 28 pipe
2226 2790 50 21 ..28
2305 2792 14 19 0
2346 2793 83 19 0..40
2455 2794 16 19 O
2497 2794 15 19 0

2026 2812 69 27 Ditto,
2112 2821 40 20 per
2166 2815 80 22 dozen.
2264 2818 9 20 I
2302 2818 16 20 4
2345 2820 14 19 0
2376 2833 19 6 ..
2413 2819 14 20 2
2455 2820 16 21 0
2497 2822 15 19 0

1918 2865 120 23 Poultry:
2053 2866 79 27 Fowls,
2141 2875 40 20 per
2187 2869 50 26 pair
2243 2886 6 5 .
2264 2872 14 19 0
2293 2872 27 19 10
2346 2872 14 20 0
2377 2886 19 5 ..
2413 2873 15 20 0
2455 2873 16 20 0
2497 2872 15 21 0

2053 2893 84 27 Ducks,
2149 2895 56 22 ditto
2226 2910 6 6 .
2240 2911 5 5 .
2263 2899 14 19 0
2293 2898 25 20 15
2346 2900 14 19 0
2377 2912 5 6 .
2390 2912 6 6 .
2413 2900 16 19 0
2456 2900 15 20 0
2497 2900 15 21 0

2053 2920 79 26 Geese,
2146 2921 55 22 ditto
2226 2938 18 5 ..
2262 2926 15 19 0
2293 2925 25 19 15
2346 2926 14 19 0
2377 2940 17 5 ..
2413 2926 15 20 0
2455 2926 16 20 0
2496 2926 15 21 0

2051 2946 103 29 Turkeys
2264 2957 60 16 none
2333 2950 23 22 in
2367 2951 37 22 the
2414 2950 97 25 market.

2052 2973 52 27 Pipr-
2109 2982 47 18 <ms,
2168 2975 80 27 (wild,)

2079 3008 40 19 per
2128 3002 49 25 pair
2263 3005 14 18 0
2304 3004 14 19 3
2346 3005 82 20 0..0
2455 3006 16 20 0
2496 3006 16 21 0

2052 3026 83 27 Ducks,
2146 3028 34 21 do.
2193 3029 51 20 do..
2264 3030 13 20 0
2304 3030 14 19 5
2346 3031 14 20 0
2376 3044 18 6 ..
2413 3032 15 20 0
2455 3032 15 20 0
2495 3032 16 21 0

1918 3053 60 21 Eogs
1986 3060 6 14 :
2008 3053 42 21 Per
2059 3052 72 22 dozen
2263 3057 14 19 0
2304 3057 15 20 6
2346 3058 81 21 0..0
2455 3058 16 21 0
2495 3059 16 20 0

1916 3105 76 21 Cows:
2012 3105 66 22 Milch
2250 3109 26 21 20
2304 3110 14 20 0
2345 3111 82 21 0..30
2455 3113 15 19 0
2495 3113 16 20 0

1917 3132 96 21 Mares:
2031 3131 71 23 Brood
2249 3136 27 21 50
2303 3137 15 20 0
2344 3138 83 21 0..90
2455 3139 16 21 0
2496 3140 15 21 0

1916 3158 115 22 Working
2049 3159 120 23 Bullocks
2177 3168 5 14 :
2208 3161 42 22 Per

1943 3184 49 27 pair
2250 3190 28 21 40
2305 3191 15 20 0
2346 3191 14 20 0
2377 3192 51 21 ..60
2456 3193 15 20 0
2496 3192 15 21 0

1916 3211 64 22 Hire
1992 3219 26 13 of
2029 3219 79 15 ditto:
2126 3213 42 23 Per
2175 3214 52 28 day,
2237 3223 13 13 a

1944 3241 59 18 team
2014 3238 43 22 and
2066 3238 74 23 driver
2264 3244 10 19 1
2292 3244 27 20 10
2345 3245 15 20 0
2377 3258 17 7 ..
2413 3245 14 21 2
2455 3246 16 20 0
2495 3246 16 21 0

1916 3265 63 21 Boat
1991 3265 73 22 Hike:
2079 3266 43 22 Per
2128 3267 50 26 day,
2185 3269 64 21 with-

2107 3298 40 18 out
2155 3294 91 23 hands.
2261 3298 14 19 0
2292 3297 26 20 10
2344 3298 14 20 0
2375 3312 19 6 ..
2414 3298 10 21 1
2455 3299 15 21 0
2494 3300 17 20 0

1916 3345 87 23 Wages
2010 3353 5 15 :
2043 3347 140 27 Mechanics,
2210 3356 42 21 per

2070 3374 67 22 week'
2262 3377 14 20 2
2292 3377 26 21 14
2344 3378 14 19 0
2375 3391 19 7 ..
2413 3378 14 21 3
2455 3380 15 20 6
2496 3381 15 20 0

2052 3400 126 24 Labourers
2263 3404 54 20 110
2344 3405 82 21 0..2
2455 3406 14 21 2
2495 3408 16 20 0

1937 3457 38 15 The
1989 3457 45 16 New
2046 3458 98 16 Zealand
2156 3459 93 17 Gazette
2260 3460 42 17 will,
2315 3460 26 16 for
2353 3460 31 16 the
2395 3464 79 17 present,
2486 3464 23 16 b«

1916 3477 96 20 published
2020 3478 72 20 weekly,
2100 3484 53 15 every
2161 3480 87 20 Saturday
2257 3485 52 12 morn
2319 3485 27 15 n?.
2369 3482 22 16 So
2396 3486 44 14 soon
2448 3483 61 18 aslti*

1916 3498 108 21 sufficiently
2031 3500 102 19 supported,
2145 3500 14 16 it
2167 3500 36 17 will
2215 3502 21 15 be
2245 3502 61 15 issued
2313 3500 134 23 semi-weekly.',
2464 3504 45 17 Sub-

1914 3519 61 19 joined
1984 3524 30 11 are
2022 3520 28 15 the
2058 3522 56 14 terms
2119 3526 4 4 •
2125 3528 22 4 —
2451 3531 4 5 ,
2477 3531 4 6 ,
2491 3524 5 4 -

1939 3540 61 16 Price
2008 3544 23 12 op
2038 3545 40 11 the
2086 3540 97 18 Paper.—
2184 3542 54 20 Forty
2245 3542 83 20 shillings
2337 3547 31 16 per
2378 3548 76 16 annum,
2466 3549 43 16 p*y-

1916 3560 38 17 able
1963 3560 17 17 in
1989 3561 87 19 advance;
2088 3566 20 12 or
2114 3566 24 12 on
2141 3568 8 10 j
2158 3562 75 20 shilling
2241 3563 26 16 for
2274 3563 58 18 single
2340 3565 92 17 numbers.
2452 3566 3 4 '

1937 3581 188 18 Advertisements.
2125 3591 22 3 —
2148 3584 31 15 Six
2191 3582 47 17 lines
2249 3584 36 15 and
2296 3584 64 17 under.
2372 3585 24 16 3s.
2405 3585 30 17 6d.
2441 3586 66 17 forth*

1916 3601 38 17 first
1967 3601 92 19 insertion,
2071 3603 36 16 and
2119 3608 34 12 one
2164 3603 76 17 slullin-r
2248 3604 25 16 for
2280 3605 43 15 easli
2332 3606 111 20 subsequent
2451 3608 57 16 inser-

1916 3622 37 16 tion
1959 3627 5 14 ;
1976 3623 46 16 from
2029 3624 28 15 six
2066 3624 18 15 to
2092 3627 28 13 ten
2130 3624 52 18 lines,
2192 3624 34 16 five
2234 3624 84 17 shillings
2330 3625 28 17 for
2369 3627 31 16 the
2413 3627 45 20 first,
2470 3628 36 17 and

1916 3647 33 12 one
1962 3643 74 19 shilling
2046 3644 36 16 and
2093 3644 86 20 sixpence
2191 3644 28 16 for
2230 3645 43 16 each
2285 3646 111 21 subsequent
2408 3647 99 21 inssrtion;

1916 3664 55 15 above
1984 3667 28 13 ten
2024 3664 52 19 lines,
2088 3665 35 16 five
2135 3664 84 20 shillings
2232 3665 27 16 for
2271 3666 29 16 ths
2314 3667 36 16 first
2362 3671 30 13 ten
2403 3666 57 22 lines^
2470 3670 37 16 and

1916 3684 97 21 fourpenee
2020 3689 29 15 per
2057 3685 36 17 line
2101 3686 27 15 for
2137 3686 29 16 the
2174 3690 64 12 excess
2246 3686 20 16 of
2274 3686 40 17 that
2323 3689 84 18 number;
2420 3690 37 16 and
2464 3691 44 16 two-

1916 3709 56 16 pence
1979 3711 32 15 per
2017 3705 36 17 line
2061 3706 27 15 for
2095 3706 44 16 each
2147 3706 112 20 subsequent
2267 3707 94 18 insertion.

1939 3725 153 18 Advertisements
2100 3726 36 16 will
2144 3728 30 14 not
2182 3731 66 16 appear
2260 3728 18 16 in
2291 3729 30 16 the
2333 3734 79 16 ensuing
2422 3730 84 19 number,

1917 3746 16 17 if
1941 3747 81 16 received
2029 3747 45 16 later
2082 3747 43 16 than
2139 3747 70 21 Friday,
2222 3749 20 15 10
2253 3748 73 19 o'clock,
2339 3754 41 12 a.m.
2403 3751 106 17 Advertiie-

1916 3770 60 14 merits
1984 3767 35 16 will
2027 3768 20 16 be
2055 3768 98 16 continued
2161 3769 35 15 ani
2205 3769 76 19 charged
2286 3770 47 17 until
2339 3772 167 19 counter-ordered;

1917 3787 44 16 such
1969 3787 51 16 order
2026 3789 49 16 must
2083 3788 21 17 be
2112 3790 41 15 sent
2160 3791 18 14 to
2186 3789 31 17 the
2223 3790 55 17 Office
2285 3791 51 17 three
2344 3792 43 20 days
2394 3792 62 17 before
2463 3793 45 20 pub-

1917 3808 79 17 lication,
2005 3808 34 16 and
2046 3811 50 14 must
2103 3809 22 16 be
2133 3809 18 16 in
2161 3810 79 21 writing.

1939 3828 28 17 All
1975 3829 64 17 orders,
2051 3829 159 20 advertisements,
2222 3832 35 16 and
2269 3832 165 18 communications
2447 3835 19 15 t«
2475 3834 32 18 th«

1918 3849 67 19 Editor,
1993 3853 29 12 are
2029 3850 95 20 requested
2132 3852 18 15 to
2158 3852 21 15 be
2186 3852 98 17 addressed
2292 3855 19 14 to
2318 3853 36 16 this
2361 3853 61 17 Office.

84 127 130 21 NOTICE
239 127 43 21 TO
305 127 158 22 HOLDERS
484 126 42 22 OF
548 125 97 22 LAND

293 153 143 22 ORDERS.

70 186 147 47 NOTICE
234 187 18 21 is
267 186 83 28 hereby
364 188 73 26 given,
454 185 47 22 that
515 184 37 23 the
567 184 55 23 Plan
636 186 26 19 of

135 212 36 23 the
181 214 94 21 District
281 214 26 21 of
314 214 52 21 Port
375 212 133 25 Nicholson,-
516 219 59 19 upon
588 210 68 23 which

70 238 63 22 there
148 247 37 14 are
200 247 61 15 more
277 240 52 21 than
346 247 43 14 one
404 238 111 23 hundred.
523 239 97 21 sections
636 242 20 16 <-t

68 264 55 23 land
134 273 55 19 open
201 270 24 17 to
234 266 113 26 selection,
363 265 19 22 is
390 273 50 14 now
450 265 69 25 rearly
529 264 33 22 for
571 271 87 21 inspec-

69 292 47 21 tion
127 295 23 18 at
159 291 38 22 the
208 292 70 23 Office
288 292 26 22 of
325 292 37 21 the
374 290 228 28 Survejo--General,
615 297 41 15 ana

69 317 49 22 that
128 318 37 21 the
174 318 108 23 selection
292 319 23 21 in
325 319 18 21 it
359 318 44 22 will
419 318 29 21 be
465 318 64 21 made
545 324 29 15 on
592 318 64 21 Mon-

70 344 51 27 day,
133 344 54 23 Dec.
199 345 45 23 7th.
252 349 23 18 at
286 347 8 20 1
299 347 10 19 1
321 345 92 22 o'clock.

96 371 48 21 The
154 372 65 27 plans
229 372 25 21 of
267 372 36 21 the
316 372 100 21 District*
431 371 26 21 of
472 370 127 28 Wanganui
615 370 42 21 and

69 396 111 23 Taranaki
191 398 44 22 will
248 398 46 22 also
312 398 26 21 be
353 405 29 14 re,
392 397 28 27 d/
437 398 35 21 for
487 397 124 27 inspection
629 403 26 14 on

69 424 45 21 and
125 425 56 21 after
190 424 103 23 Tuesday
305 428 59 22 next,
376 425 18 21 D
410 432 18 13 c.
439 426 38 23 Ist,
486 424 43 21 and
541 424 38 21 the
590 423 56 22 selec

68 450 46 21 tion
126 452 26 19 of
162 452 96 20 sections
267 452 86 21 therein
364 450 44 23 will
418 450 50 22 take
478 450 64 28 place
551 457 30 14 on
591 450 65 21 Mon-

69 475 50 29 day,
133 477 51 22 Feb.
196 479 39 25 Ist,
247 479 61 20 1841.

119 503 35 22 W.
166 504 33 21 M.
211 504 105 26 SMITH,
329 504 91 26 Captain
432 503 70 27 Royal
514 503 115 27 Artillery,

317 529 229 27 Surveyor-General.

96 556 146 28 Wellington,
254 557 57 22 Nov.
321 559 34 24 27,
368 558 58 21 1840.

97 612 105 23 COWS,
218 612 185 23 BULLOCKS,
419 612 54 21 and
488 611 141 21 HORSES.

69 644 90 48 POR
171 644 86 26 SALE,
268 644 84 22 several
362 644 70 22 Milch
441 645 69 25 Cows,
519 644 52 21 with
579 644 67 21 Calve

142 675 23 17 at
174 670 60 22 their
242 671 65 25 sides,
321 671 45 21 and
375 671 22 21 in
409 671 55 21 Calf.
494 671 62 25 Also,
569 678 14 13 a
592 678 64 14 num-

30 704 19 23 /
67 697 41 21 ber
117 697 26 21 of
155 697 108 27 Working
274 697 109 26 Bullocks,
395 698 45 20 and
449 705 13 13 a
472 697 41 21 few
524 697 92 21 Horses.

94 730 77 27 Apply
182 734 22 17 to
217 730 43 22 Mr.
271 730 72 27 Bligh,
355 730 145 27 Wellington.

259 786 44 19 TO
316 785 45 20 BE
376 785 92 24 SOLD,

180 818 61 15 WITH
257 818 130 15 IMMEDIATE
402 818 140 20 POSSESSION,

68 845 51 47 A
126 844 130 26 STRONG,
268 845 133 26 excellently
412 844 62 27 built,
484 844 172 27 weather-proof

148 871 80 26 Warri,
240 871 134 27 comprising
388 878 14 14 a
417 871 97 27 parlour,
534 871 42 21 bed
592 878 63 14 room

68 897 71 25 (lined
149 897 45 21 and
204 897 102 27 floored,)
317 897 46 22 and
370 906 13 13 a
390 899 63 20 Store
462 898 51 21 with
521 898 134 21 convenient

67 923 85 27 fittings
162 932 5 18 ;
195 924 96 22 situated
311 925 23 21 in
357 932 12 13 a
387 925 101 26 pleasant
509 925 45 21 and
570 925 85 21 central

67 954 50 23 p<irt
127 951 26 20 of
163 950 38 22 the
212 951 81 21 Beach.

93 977 48 21 The
152 977 132 28 superiority
294 977 25 21 of
330 977 38 21 the
376 977 103 27 building
487 977 95 22 renders
590 977 43 22 this
643 985 12 14 a

66 1002 130 22 favourable
206 1004 142 27 opportunity
359 1004 34 21 for
403 1004 135 27 purchasing
552 1005 18 21 it
585 1004 72 22 either

65 1030 36 21 for
110 1037 14 14 a
133 1035 58 16 store
202 1038 25 14 or
237 1031 83 26 private
331 1030 195 27 dwelling-house.

93 1056 45 22 For
147 1057 132 27 particulars
288 1057 67 27 apply
366 1061 21 17 to
403 1057 31 22 H.
444 1057 44 22 and
498 1057 26 22 T.
536 1057 92 22 COOK.

291 1111 139 22 NOTICE.

65 1146 97 48 ANY
180 1154 81 20 person
278 1148 99 22 desirous
394 1148 26 21 of
437 1149 101 28 building
555 1158 30 14 on
602 1151 53 21 land

145 1174 116 27 adjoining
272 1174 36 21 the
317 1179 67 22 town,
402 1183 42 14 can
456 1184 91 19 procure
557 1178 54 21 land
623 1178 33 21 for

65 1199 38 22 the
114 1207 94 19 purpose
217 1201 46 21 free
274 1201 26 21 of
309 1205 57 22 rent,
383 1202 29 26 by
428 1203 107 27 applying
545 1207 23 18 to
579 1204 77 22 James

67 1225 67 27 Watt,
147 1227 52 26 Esq.

242 1280 54 24 £10
310 1284 165 21 REWARD.

64 1315 90 47 WE
167 1315 85 28 hereby
260 1317 53 21 offer
324 1317 37 21 the
378 1318 70 22 above
463 1319 87 22 reward
566 1320 36 21 for
617 1320 37 23 the

161 1343 128 21 conviction
301 1344 25 20 of
337 1352 44 19 any
392 1352 79 19 person
488 1347 127 22 concerned
630 1347 23 22 in

65 1368 37 22 the
113 1369 80 26 killing
203 1377 25 13 or
243 1370 135 28 purchasing
394 1372 73 26 cattle,
488 1379 50 14 now
555 1374 100 27 running

64 1402 29 14 on
104 1395 38 21 the
154 1393 76 24 Island
241 1397 71 21 called
323 1397 83 26 Kapiti,
418 1398 96 22 situated
532 1400 22 21 in
575 1400 78 23 Cook's

66 1422 86 27 Straits,
172 1423 44 21 and
236 1423 44 21 Mr.
302 1424 79 27 Bundy
400 1425 19 20 is
439 1426 110 21 stationed
569 1434 30 14 on
616 1428 37 21 the

66 1447 77 23 Island
153 1452 21 18 to
181 1456 61 14 warn
248 1449 29 22 all
286 1451 81 26 parties
375 1452 162 27 transgressing
544 1461 25 13 as
576 1454 68 21 above

294 1476 34 22 W.
345 1477 24 22 B.
387 1478 124 22 RHODES
523 1480 45 21 and
580 1480 45 22 CO.

294 1522 19 21 A
334 1522 91 23 CARD.

173 1555 78 21 MR.
279 1556 263 27 MONTEITH,

285 1589 146 21 (FromPetoni,)

237 1616 241 29 SURGEON,

180 1650 106 15 LAHBTON
298 1651 67 19 QUAY,
376 1652 156 16 WELLINGTON.

300 1698 115 22 SPARS.

65 1729 88 48 f^OR
175 1731 86 27 SALE,
281 1739 13 13 a
312 1733 96 20 number
427 1734 26 21 of
469 1733 62 29 large
548 1736 102 28 SPARS,

137 1757 55 21 used
201 1758 24 21 in
234 1759 87 26 getting
338 1759 33 22 off'
385 1759 38 22 the
439 1760 109 23 schooner
563 1763 88 22 Jewess

65 1785 22 19 at
98 1783 87 22 Petoni.

91 1810 76 27 Apply
177 1814 23 18 to
208 1811 71 22 Willis
288 1812 43 21 and
340 1813 45 26 Co.,
395 1820 25 15 or
430 1816 21 19 to
460 1814 24 22 T.
494 1814 32 22 M.
536 1815 115 27 Partridge

65 1836 43 21 and
119 1837 37 21 Co.

91 1863 86 26 Petoni,
189 1863 59 23 Nov.
258 1865 19 26 7,
291 1866 60 21 1840.

267 1920 68 21 FOR
350 1920 96 23 SALE.

63 1950 115 37 rpHAT
195 1951 46 22 fine
251 1952 43 22 fast
303 1953 82 28 sailing
394 1959 78 21 cutter,
489 1955 124 30 belonging
629 1961 22 19 to

70 1976 28 22 X
138 1978 121 26 Daymond
268 1980 46 21 and
322 1980 89 27 Young,
425 1982 24 21 of
462 1982 84 27 Kapiti,
566 1985 83 21 burden

61 2004 14 19 4
85 2007 59 17 tons.

93 2036 54 22 This
166 2040 78 23 cutter,
266 2037 72 23 which
354 2039 19 22 is
389 2040 50 22 well
456 2040 82 24 known
555 2042 61 28 here,
633 2044 18 21 is

61 2063 125 27 admirably
196 2064 95 27 adapted
301 2065 34 22 for
346 2066 42 21 this
397 2067 104 29 harbour,
519 2069 69 27 being
601 2070 50 23 able

61 2093 22 17 to
94 2090 53 21 beat
155 2091 24 21 in
190 2098 44 19 any
246 2091 65 23 wind.
337 2093 77 27 Apply
424 2098 22 17 to

89 2143 17 9 «
505 2122 28 21 w
535 2139 6 5 -
557 2122 92 24 LYON.

89 2143 87 26 Petoni,
188 2144 50 22 Oct.
249 2146 35 25 2?,
295 2147 62 20 1840.
367 2154 6 6 >

225 2195 74 25 £600
323 2201 163 23 WANTED.

61 2230 184 47 WANTED,
258 2233 36 22 the
303 2242 49 14 sun)
361 2235 26 21 of
392 2235 66 28 £600,
468 2244 59 21 upon
535 2239 60 26 good
602 2246 48 19 per-

157 2260 64 21 sonal
231 2267 25 14 or
265 2260 83 22 landed
357 2263 102 27 security,
470 2264 33 22 for
510 2265 35 21 six
552 2265 97 21 months.

89 2290 31 21 Fo
122 2298 11 14 '*
148 2292 131 27 particulars
295 2295 68 27 apply
380 2300 21 17 to
418 2297 37 21 the
475 2298 64 21 office
559 2298 27 21 of
605 2299 44 21 Mr.

63 2318 35 20 W.
113 2320 25 19 V.
148 2318 98 28 Brewer,
250 2321 203 29 *barrister-at-law,
467 2324 145 28 Wellington.

62 2371 90 49 ALL
167 2373 135 23 PERSONS
317 2375 106 24 indebted
434 2380 21 19 to
465 2378 37 23 the
512 2379 46 22 late
568 2380 50 22 firm
629 2381 25 21 of

142 2399 99 28 Hopper,
254 2401 70 27 Petre,
338 2403 43 22 and
397 2404 151 30 Molesworth,
566 2414 36 15 are
617 2415 29 14 re-

62 2432 29 29 2?
93 2428 32 18 est
136 2453 21 8 tt
165 2430 22 18 to
199 2434 43 20 pay
253 2428 55 22 their
317 2430 123 26 respective
454 2437 108 18 accounts
576 2437 23 18 to
613 2435 37 21 the

63 2454 60 19 Hon.
136 2454 30 20 H.
178 2454 71 25 Petre,
262 2462 25 14 or
296 2459 23 18 to
334 2456 25 21 F.
373 2457 29 21 A.
420 2458 151 25 Molesworth,
591 2461 57 25 Eiq..

61 2478 76 22 before
147 2479 38 22 the
195 2481 53 21 20th
257 2481 43 27 day
310 2482 27 21 of
348 2483 125 23 December
482 2490 55 17 next
545 2495 5 17 ;
567 2488 45 21 and
622 2488 28 22 all

61 2511 91 20 persons
162 2509 23 19 to
195 2507 73 22 whom
279 2508 36 22 the
326 2509 47 22 said
390 2510 49 23 firm
456 2512 18 21 is
491 2512 107 24 indebted
613 2522 38 14 are

61 2533 118 26 requested
189 2537 22 18 to
221 2535 56 20 send
287 2535 22 21 in
321 2535 57 23 their
387 2542 107 18 accounts
510 2543 22 18 to
550 2540 38 22 the
604 2542 46 21 said

60 2559 88 26 parties,
160 2560 23 20 in
194 2561 66 21 order
268 2561 49 22 that
323 2562 38 22 the
368 2571 61 15 same
437 2572 52 19 may
496 2566 27 22 be
531 2568 119 22 examined

61 2585 46 21 and
117 2586 57 26 paid.

90 2611 86 25 Petoni.
189 2613 57 22 Nov.
257 2616 32 26 27,
301 2617 60 22 1840.

62 2667 36 47 J
131 2667 106 22 ALLEN
248 2674 87 19 returns
346 2671 81 24 thanks
437 2677 22 18 to
475 2674 37 22 his
528 2682 123 17 numerous

102 2705 11 9 •
143 2695 85 22 friends
238 2696 44 21 and
291 2697 38 22 the
339 2700 81 26 public,
427 2700 35 21 for
468 2702 37 20 the
513 2709 53 20 very
573 2703 77 23 liberal

62 2724 91 23 support
162 2722 29 20 he
201 2722 40 21 has
257 2723 95 23 hitherto
369 2727 108 27 received,
496 2729 46 21 and
559 2729 52 27 begs
629 2735 22 17 to

61 2747 82 22 inform
163 2748 61 22 them
244 2750 47 21 that
310 2751 83 28 having
413 2754 64 22 made
497 2756 154 23 considerable

63 2775 75 20 additi-
147 2782 27 13 ns
184 2778 23 19 to
216 2775 35 23 his
261 2777 81 22 former
352 2779 69 27 stock,
433 2780 27 22 he
476 2781 41 21 has
533 2787 64 22 great
613 2784 38 22 ad-

61 2804 107 24 vantages
178 2805 23 18 to
212 2803 53 22 offer
275 2804 21 21 in
307 2806 118 27 groceries,
444 2809 118 25 preserved
580 2809 69 27 fruits',

63 2829 90 25 pickles,
174 2836 100 20 vinegar,
293 2832 45 21 and
352 2834 123 26 provisions
493 2835 26 21 of
530 2836 31 21 all
578 2836 71 23 kinds.

90 2862 62 27 Also,
174 2870 27 15 an
223 2867 114 21 extensive
356 2872 133 19 assortment
505 2870 26 21 of
547 2872 100 26 muslins,

61 2893 77 23 prints,
146 2891 87 26 shawls,
237 2892 80 27 cloaks,
323 2895 74 26 scarfs,
407 2896 100 27 calicoes,
514 2897 128 26 longcloths

62 2916 208 29 shirtmg,hosiery,
282 2919 44 21 and
335 2920 163 30 haberdashery
505 2931 5 18 ;
528 2924 70 22 ladies
606 2926 45 21 and

63 2943 120 21 children's
193 2944 101 27 bonnets,
303 2946 64 22 shoes
373 2948 45 21 and
425 2949 69 27 boots,
502 2950 149 26 gentlemen's

61 2969 56 25 hats,
136 2977 59 20 caps,
209 2971 150 31 Wellington,
372 2975 114 28 Clarence,
497 2977 46 22 and
554 2978 97 23 Blucher

63 2997 71 25 boots,
147 2997 100 28 clothing
257 2999 22 21 in
288 3004 64 21 great
361 3001 92 28 variety.

90 3029 109 28 Shipping
209 3032 101 27 supplied
321 3034 50 21 with
383 3035 112 23 butcher's
504 3041 62 18 meat
583 3038 66 25 daily,

63 3061 28 15 on
103 3057 35 20 the
149 3061 60 18 most
217 3060 116 21 resonable
344 3064 74 19 terms.

192 3115 192 23 BARRETT'S
399 3119 123 21 HOTEL.

63 3145 52 48 R
142 3147 144 23 BARRETT
300 3150 53 26 begs
366 3155 22 18 to
399 3152 82 23 inform
492 3154 37 22 the
540 3155 111 23 Colonists

119 3183 10 10 •
161 3175 23 19 of
200 3175 52 21 Port
261 3176 130 28 Nicholson,
401 3178 48 23 that
457 3180 37 21 the
503 3181 71 22 above
585 3183 66 21 Hotel

61 3206 19 14 is
89 3206 49 14 now
148 3207 66 20 open,
225 3202 43 21 and
279 3207 68 18 trusts
361 3204 28 28 by
406 3206 110 28 affording
532 3215 68 21 every
615 3217 36 14 ac-

61 3227 167 21 commodation
239 3231 22 19 to
272 3228 33 23 his
315 3237 82 20 guests,
409 3236 22 17 to
441 3234 66 21 merit
519 3241 13 14 a
548 3236 103 22 continu-

61 3258 56 15 ance
127 3254 27 20 of
164 3254 38 22 the
216 3258 122 25 patronage
354 3257 91 29 already
460 3259 115 24 bestowed
590 3270 60 20 upon

89 3305 85 28 Wines,
192 3307 80 28 spirits,
287 3309 42 28 ale,
345 3310 45 23 and
406 3316 82 24 porter,
506 3314 26 22 of
547 3314 39 23 the
602 3316 50 22 best

61 3332 94 28 quality.

89 3360 38 20 An
136 3359 107 28 ordinary
253 3361 59 28 daily
321 3366 24 18 at
354 3367 42 18 two
411 3366 93 22 o'clock.
532 3368 57 22 Cold
604 3376 12 14 c
626 3369 25 22 il-

61 3387 82 20 lations
153 3387 83 26 always
246 3389 75 27 ready.
352 3390 65 23 Good
425 3392 62 23 beds.
519 3406 4 2 -

63 3439 71 21 THE
159 3440 93 24 HOPE
278 3443 131 23 COFFEE
432 3448 55 21 aad
512 3448 139 24 EATING

297 3470 121 24 HOUSE.

63 3499 35 50 S
131 3500 176 24 MARSHALL
321 3503 53 27 begs
391 3504 64 24 leave
474 3509 22 20 to
513 3506 84 25 inform
616 3508 35 23 his

105 3537 9 10 •
144 3530 86 19 friends
240 3530 44 20 and
294 3530 38 21 the
343 3531 74 26 public
427 3532 21 22 in
459 3535 100 26 general,
567 3535 48 22 that
623 3537 27 21 he

61 3555 41 18 has
112 3555 87 25 opened
209 3555 37 22 the
256 3556 70 21 above
335 3556 76 28 house,
420 3559 43 21 and
471 3560 69 27 hopes
551 3562 29 27 by
589 3563 63 22 strict

61 3582 112 19 attention
183 3584 23 18 to
216 3589 110 21 economy
335 3584 44 22 and
388 3585 92 28 quality,
498 3587 50 22 that
562 3588 28 22 he
606 3590 44 21 will

61 3611 89 17 receive
160 3614 14 14 a
183 3608 65 22 share
258 3609 25 21 of
294 3610 58 21 their
361 3615 98 23 support.

90 3632 49 22 Hot
149 3633 72 27 joints
232 3636 68 26 ready
314 3636 57 22 from
386 3639 27 20 12
423 3638 32 22 till
463 3640 21 21 2.
514 3640 57 22 Cold
581 3642 70 25 joints

62 3659 83 27 always
154 3661 77 27 ready.

143 3708 145 27 QUEEN'S
303 3711 98 22 HEAD
416 3714 159 22 TAVERN.

63 3742 37 49 J
131 3743 47 22 HO
181 3744 64 23 WES
268 3746 54 27 begs
341 3751 22 18 to
379 3751 76 20 return
472 3750 82 23 thanks
562 3752 35 21 for
614 3752 37 23 the

104 3780 11 11 •
145 3775 93 24 support
246 3773 28 21 he
284 3773 40 22 has
333 3775 102 22 received
444 3776 62 22 since
521 3777 29 22 he
566 3780 85 26 opened

63 3798 39 19 the
112 3798 71 20 above
194 3799 172 29 establishment,
385 3803 45 21 and
448 3803 62 22 takes
526 3804 38 21 the
574 3813 78 19 oppor-

62 3824 75 26 tunity
147 3827 23 18 to
180 3831 119 17 announce
310 3827 48 22 that
365 3828 29 22 he
404 3828 39 22 has
454 3829 82 28 always
548 3838 28 14 on
591 3833 62 21 hand

53 3850 38 20 .of
102 3850 36 21 the
155 3857 55 21 very
228 3851 56 25 best,
293 3853 85 28 quality
395 3862 65 20 every
478 3856 133 29 description
630 3859 26 21 of

64 3882 58 20 veer,
133 3878 42 25 ale,
186 3878 65 27 wine,
260 3880 45 22 and
314 3880 80 27 spirits,
401 3885 23 18 at
429 3882 115 23 moderate
552 3883 99 29 charges.

93 3908 144 29 Wellington,
248 3912 126 23 December
382 3916 20 21 4.
415 3916 60 21 1840.

1304 122 41 48 S.
1373 121 158 25 HARTLEY-,
1543 120 75 22 Cu'ler
1627 120 47 21 and
1685 120 52 21 Gun
1749 120 78 26 Smith,
1839 121 56 25 begs

1343 159 9 9 •
1380 151 57 18 mo?t
1446 147 145 27 re*pectf<iily
1605 152 22 16 to
1643 147 84 21 inform
1738 146 37 22 the
1787 146 73 27 public
1872 151 20 15 oi

1302 175 145 25 Wellington,
1459 174 50 21 that
1518 174 28 21 he
1566 174 47 21 Ims'
1625 172 148 23 coinmaticed
1794 174 101 21 business'

1303 209 53 14 near
1366 205 22 17 to
1398 200 38 22 the
1446 202 65 20 St.n-e
1522 200 25 21 of
1565 200 42 21 Mr.
1620 200 98 26 Rhodes,
1731 199 45 22 and
1787 200 66 26 hoped
1864 200 28 26 by

1303 228 106 27 punctual
1419 227 137 22 attendance
1566 227 43 21 and
1620 226 117 21 moderate
1752 226 98 26 charges,
1872 231 21 16 \v

1304 254 64 22 merit
1385 261 12 14 a
1413 252 65 23 share
1493 254 28 21 of
1533 253 57 22 their
1606 259 123 21 patronage
1740 253 44 20 and
1796 257 97 23 support.

1304 307 214 49 FBRADEY,
1536 307 53 22 boot
1602 306 85 26 maker,
1705 306 143 28 respectfully
1858 307 34 21 in-

1352 346 11 9 •
1394 335 68 20 forms
1473 334 39 21 the
1529 334 104 21 colonists
1653 334 27 21 of
1693 334 53 21 Port
1761 334 131 23 Nicholson,

1304 360 48 22 that
1362 361 27 21 he
1400 361 39 21 has
1450 361 106 21 removed
1564 365 21 17 to
1595 360 146 25 W.'lliii'jcton,
1754 365 54 16 next
1816 363 20 17 to
1847 360 44 21 Mr.

1305 387 145 27 Goodfellow,
1460 387 77 25 baker,
1549 387 72 22 where
1631 387 36 21 his
1682 387 103 21 business
1804 386 41 22 will
1866 387 27 22 be

1304 414 85 21 carried
1406 421 28 14 on
1450 415 23 20 in
1495 414 81 26 future,
1596 414 45 21 and
1657 413 129 27 gentlemen
1806 421 39 14 can
1865 413 27 21 bi-

1304 440 101 27 supplied
1415 440 51 22 with
1475 441 63 21 boots
1547 440 25 22 of
1583 448 13 13 a
1603 440 101 28 superior
1710 440 96 28 quality;
1818 439 26 22 he
1853 440 40 21 has

1304 466 45 22 also
1361 467 33 21 for
1404 467 44 21 sale
1458 475 14 13 a
1490 467 62 22 stock
1568 467 26 21 of
1613 466 171 27 Ironmongery,
1803 466 42 22 and
1863 466 27 22 all

1304 497 56 18 sorts
1370 494 26 20 of
1403 494 63 26 nails,
1478 494 29 21 all
1519 494 25 21 of
1552 494 35 21 the
1599 501 51 19 very
1662 493 50 22 best
1722 494 91 26 quality,
1824 493 45 22 and
1879 502 13 13 a

1304 520 100 27 quantity
1416 520 25 21 of
1453 520 65 22 other
1528 520 68 25 goods
1606 520 70 27 really
1687 520 69 21 worth
1774 520 116 25 attention,

1304 553 23 14 as
1338 546 37 21 the
1387 546 70 22 whole
1469 547 44 21 will
1523 547 28 22 be
1561 546 47 23 sold
1618 547 33 21 oft'
1665 552 23 16 at
1699 554 53 20 very
1759 546 44 21 low
1813 547 79 27 prices.

1397 600 50 21 EX
1695 600 102 21 ANN.'

1305 626 70 48 ON
1391 627 85 25 SALE,
1487 634 22 15 at
1519 627 39 22 the
1568 629 73 20 Stores
1648 628 27 21 of
1681 628 38 21 the
1730 627 160 28 Undersigned.

1383 654 72 21 Men's
1465 658 78 22 strong
1553 654 72 21 nailed
1636 654 72 26 boots,

1331 679 113 23 Women's
1457 681 46 21 and
1516 680 118 23 children's
1649 681 63 22 boots
1730 680 44 23 and
1791 680 63 24 shoes
1870 682 27 21 of

1303 706 27 21 all
1342 707 63 26 sizes,

1330 732 17 21 L
1356 732 53 22 ulios
1420 734 52 26 jean
1484 734 71 27 boots,

1329 760 68 21 Small
1408 760 70 21 scales
1488 761 45 21 and
1544 760 98 28 weights,

1329 786 74 21 Horse
1413 786 52 22 shoe
1476 788 64 25 nails,

1330 813 55 21 Boat
1395 814 55 21 nails
1460 814 47 21 and
1516 821 84 14 reeves.

1330 839 107 28 Muskets,

1328 866 83 27 Cigar.,

1328 896 69 24 Hoop
1406 900 56 20 iron,

1330 920 49 26 Bar,
1391 920 45 25 rod,
1448 920 46 22 and
1504 920 63 22 sheet
1576 920 56 26 iron,

1328 946 82 27 Spices,
1421 947 86 27 ginger,
1519 948 49 26 &c,
1578 955 28 14 an
1616 951 135 18 assortment
1759 948 35 21 for
1801 948 91 27 making

1302 972 78 28 ginger
1389 974 52 20 beer
1448 981 5 17 ;

1328 999 106 28 Allspice,
1446 1007 90 21 pepper,
1551 1002 39 21 &c.

1534 1034 34 22 W.
1585 1035 23 22 B.
1625 1035 126 22 RHODES
1763 1035 43 22 and
1817 1036 46 21 CO.

1302 1087 102 49 NOW
1424 1087 100 28 landing,
1540 1088 44 22 and
1600 1096 28 14 on
1645 1089 46 21 sale
1702 1093 23 18 at
1736 1089 36 22 the
1784 1091 73 20 Stores
1868 1091 25 20 of

1384 1115 36 21 the
1432 1115 157 26 undersigned,

1328 1141 89 21 Double
1423 1141 110 22 barrelled
1540 1148 58 20 guns
1605 1141 136 27 (flintlocks)
1747 1143 23 21 in
1780 1142 110 22 excellent

1302 1167 125 22 condition.

1328 1194 85 25 Butter,
1425 1195 64 26 tripe,
1501 1198 43 21 tea,
1555 1195 22 21 in
1588 1195 74 21 chests
1672 1195 44 21 and
1727 1195 51 21 half
1790 1195 79 23 chests.

1328 1221 110 26 Clothing,
1450 1221 72 26 corks,
1535 1228 99 20 canvass,
1641 1222 59 26 shot,
1712 1221 68 23 flints.

1330 1248 51 21 Iron
1392 1248 87 25 boilers,
1492 1248 136 26 gunpowder
1638 1249 23 21 in
1672 1248 52 22 half
1735 1249 89 22 barrels.

1328 1274 83 27 Spades
1422 1274 44 22 and
1476 1275 96 26 shovels,
1583 1282 60 19 axos,
1655 1275 64 26 nails,
1732 1275 39 22 &c.

1328 1301 21 21 A
1361 1301 59 27 large
1434 1306 85 23 quanty
1536 1302 27 22 of
1578 1302 62 27 pork,
1657 1303 22 21 in
1695 1303 58 25 good
1767 1301 121 28 condition,

1301 1327 58 23 from
1369 1328 37 22 the
1419 1332 69 18 coast.

1538 1355 34 22 W.
1584 1355 25 23 B.
1622 1355 127 23 RHODES
1759 1357 46 21 and
1814 1357 46 22 CO.

1441 1410 166 22 GENERAL
1626 1411 118 21 STORE.

1300 1436 161 49 KNIGHT
1476 1438 45 20 and
1538 1438 80 21 HAIR
1629 1438 146 27 respectfully
1789 1439 100 22 intimate

1386 1468 22 16 to
1427 1464 58 21 their
1500 1465 82 21 friends
1598 1465 44 21 and
1661 1465 36 21 the
1715 1465 136 22 inhabitants
1867 1467 26 20 of

1301 1490 53 22 Port
1363 1490 132 26 Nicholson,
1509 1491 50 22 that
1568 1491 50 28 they
1629 1491 57 22 have
1698 1499 29 14 on
1738 1492 52 26 sale,
1801 1498 21 16 at
1832 1493 58 22 their

1300 1518 70 25 Store,
1391 1517 36 22 the
1444 1517 115 28 following
1576 1518 96 27 articles,
1690 1519 71 21 which
1779 1520 50 27 they
1846 1527 42 15 can

1300 1544 52 21 with
1363 1545 130 21 confidence
1504 1545 152 26 recommend,
1664 1546 43 21 viz.
1716 1562 5 5 .
1723 1557 31 5 —

1326 1572 77 25 Sugar,
1415 1576 52 21 teas,
1479 1572 65 27 flour,
1563 1572 78 27 butter,
1659 1573 86 26 cheese,
1763 1573 53 27 lard,
1835 1574 52 26 rice,

1299 1598 76 26 coffee,
1386 1599 99 26 tobacco,
1497 1599 108 27 almonds,
1622 1603 103 18 currants
1741 1600 46 21 and
1803 1600 85 28 raisins,

1300 1624 101 25 together
1411 1625 50 22 with
1471 1633 14 13 a
1495 1626 89 26 general
1594 1630 136 18 assortment
1737 1626 26 21 of
1771 1627 117 25 groceries.

1298 1651 63 27 Also,
1378 1659 13 14 a
1400 1652 79 27 supply
1490 1654 26 20 of
1526 1652 121 28 hardware,
1658 1653 173 28 haberdashery,
1843 1654 45 22 and

1299 1678 94 27 dranery
1403 1679 26 20 of
1439 1686 68 20 every
1518 1679 143 27 description.

1325 1705 57 21 N.B.
1389 1717 25 4 —
1417 1705 19 22 A
1455 1706 82 28 supply
1556 1706 24 21 of
1598 1706 87 22 refined
1703 1714 74 20 sperm
1796 1707 28 22 oil
1840 1708 50 26 just

1299 1739 63 14 come
1372 1736 22 17 to
1404 1732 68 21 hand.

1326 1785 44 21 Mr.
1383 1785 28 22 K.
1422 1785 41 22 has
1473 1793 29 14 on
1519 1786 68 26 hind,
1606 1794 12 13 a
1634 1786 64 27 1-rgp
1716 1791 134 18 assortment
1866 1789 26 20 of

1300 1812 148 26 Agricultural
1468 1813 44 21 and
1534 1813 89 22 Girden
1645 1813 67 22 Seed.s
1737 1814 44 21 and
1807 1814 81 28 Imple-

1298 1842 79 23 ments,
1389 1839 28 21 all
1429 1839 25 21 of
1465 1840 72 21 which
1548 1840 26 22 he
1585 1847 40 14 can
1640 1840 53 21 with
1709 1840 129 23 confidence
1855 1849 33 14 re-

1298 1865 125 27 commend,
1440 1866 39 21 the
1496 1868 63 20 seeds
1577 1867 69 27 being
1660 1867 30 21 all
1710 1868 26 20 of
1755 1867 43 22 last
1815 1869 73 27 year's

1297 1892 102 24 harvest;
1415 1893 45 22 and
1470 1901 25 14 as
1504 1893 28 22 he
1542 1894 41 21 will
1592 1894 26 21 be
1628 1894 140 26 continually
1775 1895 22 20 in
1805 1895 83 27 receipt

1298 1919 26 21 of
1341 1919 59 21 fresh
1417 1920 99 26 supplies
1532 1920 56 21 from
1607 1920 36 21 his
1661 1920 100 26 relativp,
1784 1920 34 22 the
1838 1922 49 21 well

1298 1945 80 22 known
1390 1946 101 27 Nursery
1501 1947 45 22 and
1561 1948 121 21 Seedsman
1698 1948 24 21 in
1741 1948 100 24 London,
1860 1948 28 22 he

1298 1971 68 24 hopes
1377 1976 21 17 to
1409 1973 26 21 be
1444 1974 94 21 favored
1555 1973 51 22 with
1624 1974 38 22 the
1676 1978 123 23 patronage
1813 1977 25 20 of
1850 1975 37 22 the

1325 2022 144 27 Wellington,
1483 2024 50 21 Oct.
1543 2025 31 24 lfi,
1587 2025 61 20 1840.

1297 2077 196 47 WORKING
1533 2078 158 22 BULLOCKS
1727 2079 67 22 AND
1829 2080 60 23 FAT

1394 2103 190 23 WETHERS.—
1584 2105 47 22 The
1647 2105 156 23 UmWsi<rned
1812 2108 43 25 bog
1866 2112 22 17 to

1297 2130 73 24 notify
1389 2130 47 22 that
1455 2131 53 28 they
1525 2131 56 22 have
1599 2140 29 14 on
1648 2132 61 22 hand
1727 2136 44 19 two
1786 2134 100 26 splendid

1298 2154 108 28 Working
1425 2158 106 22 Bullocks
1542 2167 5 16 ;
1571 2159 54 25 also,
1645 2167 61 14 some
1729 2161 99 22 superior
1848 2161 41 23 Fat

1298 2184 108 22 Wether,
1419 2185 48 26 jusr
1477 2185 93 26 arrived,
1585 2186 66 21 offers
1661 2187 34 20 for
1706 2187 72 22 which
1789 2187 51 28 they
1850 2196 38 15 aie

1297 2211 68 27 ready
1375 2215 9 18 t
1407 2212 88 22 receive
1505 2216 24 18 at
1538 2213 56 21 their
1605 2213 72 22 Stm-p.

1578 2239 128 22 KNIGHT
1716 2241 44 21 and
1772 2242 87 22 HAIR.

1324 2265 41 21 Oj*
1385 2268 19 20 8,
1417 2267 61 21 1810.

1299 2319 71 49 ON
1382 2320 83 22 SALE,
1479 2327 28 14 ex

1378 2347 127 21 Il'ivannnh
1518 2347 92 26 Cigars..

1380 2373 94 22 Manilla
1487 2373 114 23 Cheroots.

1379 2400 79 21 Scotch
1471 2401 66 20 snuff.

1380 2426 85 22 French
1477 2434 89 20 rapppe.

1380 2452 82 29 Cherry
1472 2454 94 27 brandy.

1629 2482 148 23 WILLIAM
1794 2484 91 22 LYON.

1501 2536 68 20 FOR
1585 2537 98 25 SALE,

1298 2561 200 50 BLANKETS,
1509 2564 38 19 9-4
1556 2563 43 21 and
1610 2565 58 21 10-4.

1379 2588 79 21 Prints.

1378 2615 118 27 Crockery,
1514 2616 60 22 fblue
1584 2616 134 28 Stanhope,)
1733 2618 122 25 consisting
1866 2620 25 21 of

1298 2645 95 21 tureens,
1411 2648 55 19 soup
1483 2642 77 26 plates,
1578 2643 78 26 plates,
1678 2643 74 22 dishes
1777 2646 61 22 (with
1863 2654 25 14 or
1898 2644 2 32 j

1298 2668 91 21 without
1399 2669 94 26 covers.)
1511 2670 97 26 teacups
1618 2670 44 21 and
1674 2677 97 16 saucers,
1785 2675 35 18 tea
1830 2675 56 24 pots,

1298 2695 53 22 milk
1362 2698 55 21 pots,
1429 2702 66 18 sugar
1505 2696 74 25 bowls,
1591 2703 69 15 ewers
1671 2697 45 22 and
1726 2698 80 25 basins,
1818 2700 41 21 &c.

1324 2722 21 21 A
1356 2722 111 25 40-sf:>llon
1481 2730 86 17 copper,
1579 2722 51 22 with
1643 2723 62 22 pock.

1323 2748 59 21 Tubs
1394 2748 26 21 of
1431 2749 88 21 various
1529 2750 61 25 shes,
1603 2749 50 22 well
1661 2750 98 28 adapted
1767 2751 32 22 for
1805 2752 84 28 salting

1297 2783 27 19 po
1325 2783 12 7 v
1337 2775 14 20 k
1363 2775 43 21 «md
1417 2775 94 27 making
1520 2776 78 22 bacon.

1323 2802 140 27 Carpenters'
1474 2802 45 22 and
1528 2802 130 28 gardeners'
1669 2804 63 21 tools.

1711 2831 21 22 J.
1750 2832 109 22 MINET.

1323 2855 145 26 Wellington,
1483 2856 48 22 Oct.
1543 2858 33 23 30,
1589 2858 60 21 1840.

1299 2910 123 47 THRESH
1439 2910 91 22 PORK.
1536 2910 70 22 -The
1627 2911 158 28 Undersigned
1804 2912 85 28 having

1368 2936 124 25 purchased
1512 2937 25 22 th
1540 2945 9 7 Q
1568 2939 72 20 entire
1657 2945 67 15 car»o
1741 2939 27 21 of
1785 2939 54 27 pis^,
1860 2947 27 15 ex

1475 2964 44 21 and
1534 2964 69 21 which
1621 2971 37 15 are
1670 2964 95 23 allowed
1775 2969 21 18 to
1805 2966 28 21 be
1845 2974 42 14 one

1297 2989 24 21 of
1333 2989 37 20 the
1379 2990 49 21 b?st
1437 2990 45 21 lots
1492 2997 52 15 ever
1553 2991 97 25 brought
1663 2995 22 17 to
1700 2992 44 21 this
1763 2992 68 28 place,
1850 3001 37 14 are

1297 3016 93 21 enabled
1410 3019 22 18 to
1452 3017 81 26 supply
1551 3018 58 21 fresh
1634 3018 56 27 pork
1709 3019 27 21 of
1757 3027 13 14 a
1789 3020 99 27 superior

1297 3043 83 26 quality
1391 3043 59 26 daily
1461 3048 23 16 at
1561 3044 71 21 Store.

1322 3069 48 22 The
1377 3069 106 27 shipping
1490 3070 100 27 supplied
1598 3070 52 22 with
1657 3071 61 22 fresh
1725 3072 58 24 beef,
1791 3076 95 22 mutton,

1297 3095 43 22 and
1351 3095 54 28 pork
1413 3104 5 15 ;
1434 3096 47 21 also
1491 3100 68 18 stores
1570 3098 25 21 of
1611 3105 68 19 every
1690 3098 141 26 description.

1324 3123 20 20 A
1354 3123 156 26 consignment
1520 3124 26 21 of
1556 3124 80 22 cheese
1645 3124 102 23 received
1758 3126 29 27 by
1797 3126 38 22 the
1842 3126 45 22 late

1297 3149 91 22 arrivals
1397 3149 57 22 from
1467 3150 98 27 Sydney.

1300 3189 2 6 .
1324 3175 96 22 Wanted
1431 3182 22 16 to
1465 3176 94 28 charter,
1571 3185 12 14 a
1594 3178 65 21 small
1670 3177 121 23 Schooner.

1604 3204 129 22 KNIGHT
1742 3205 46 22 and
1798 3205 88 23 HAIR.

1328 3229 146 28 Wellington.
1486 3230 59 22 Nov.
1556 3232 33 25 12,
1601 3232 62 20 1840.

1298 3282 90 49 THE
1404 3283 227 22 UNDERSIGNED
1646 3275 72 31 takes'
1725 3284 45 23 this
1784 3290 104 22 opportu-

1357 3310 49 26 nity
1416 3313 21 18 to
1446 3314 77 17 return
1533 3310 80 22 thanks
1621 3310 35 23 for
1664 3310 38 22 the
1709 3311 78 21 liberal
1796 3316 92 23 support

1297 3335 27 22 he
1331 3336 102 21 received
1441 3337 66 21 while
1514 3337 23 21 in
1546 3337 101 22 business
1654 3345 60 19 upon
1723 3337 39 22 the
1771 3338 63 25 Hutt,
1843 3340 45 21 and

1297 3362 52 28 begs
1360 3366 22 18 to
1392 3363 82 21 inform
1483 3363 33 21 his
1526 3363 82 22 friends
1615 3364 45 21 and
1669 3364 38 21 the
1714 3365 80 27 public,
1805 3365 48 22 that
1860 3366 28 22 he

1297 3396 39 14 rias
1345 3396 51 14 now
1406 3389 89 28 opened
1505 3389 35 22 his
1549 3397 48 14 new
1608 3394 60 17 store
1688 3398 59 20 upon
1765 3392 121 23 Thorndon

1298 3416 55 25 Flat,
1365 3415 73 22 where
1448 3415 30 22 he
1488 3415 41 22 has
1538 3416 65 21 made
1613 3424 14 13 a
1636 3421 64 22 great
1710 3418 97 21 addition
1820 3424 23 16 to
1854 3419 34 22 his

1297 3442 61 22 usual
1368 3443 63 21 stock
1441 3443 26 20 of
1479 3443 87 21 various
1576 3443 96 26 articles,
1684 3444 118 28 especially
1817 3446 71 23 ladies

1297 3469 43 21 and
1351 3468 121 22 children's
1481 3469 97 27 wearing
1588 3470 101 27 apparel.

1636 3505 28 22 A.
1681 3505 205 25 HORNBROOK.

1324 3529 147 27 Wellington,
1482 3530 60 22 Nov.
1552 3532 19 25 6,
1584 3532 61 21 1840.

1298 3583 146 49 STOLEN,
1461 3584 57 20 from
1534 3591 13 14 a
1555 3585 90 27 saw-pit
1655 3589 23 18 at
1689 3586 36 22 the
1735 3587 56 23 back
1801 3589 28 21 of
1839 3589 47 22 Col.

1362 3610 144 22 Wakefield's
1515 3611 122 26 residence,
1646 3620 14 13 a
1670 3614 96 22 number
1775 3615 24 21 of
1811 3620 77 23 strong

1298 3636 54 23 wide
1363 3637 65 21 slabs.
1461 3637 61 25 Also,
1534 3645 13 14 a
1556 3638 62 22 short
1629 3639 54 22 time
1694 3641 69 25 since,
1776 3649 12 14 a
1802 3643 49 26 pair
1866 3643 26 21 of

1297 3671 48 14 new
1363 3671 56 19 oars,
1439 3663 58 22 from
1518 3671 13 13 a
1549 3664 52 22 boat
1621 3672 55 15 near
1693 3666 44 22 Mr.
1758 3668 130 23 Monteith's

1297 3691 102 26 Surgery,
1408 3697 42 14 one
1458 3690 92 27 English
1558 3692 64 22 make
1631 3693 45 21 and
1685 3700 41 16 one
1734 3695 71 21 mouri
1814 3696 72 27 make,

1297 3717 121 27 belonging
1428 3721 22 17 to
1462 3717 27 21 R.
1502 3718 74 22 Davis.

1324 3744 110 21 Whoever
1446 3744 45 21 will
1506 3744 50 26 give
1573 3745 144 23 information
1735 3748 28 21 of
1779 3748 71 22 either
1867 3749 25 22 of

1298 3770 35 22 the
1345 3770 68 22 above
1424 3770 120 29 robberies,
1559 3771 44 23 will
1620 3773 88 22 receive
1723 3773 165 29 half-a-guinea

1297 3797 84 21 reward
1396 3796 57 22 from

1572 3825 28 22 R.
1611 3826 82 26 Davis,
1705 3827 90 26 Pipetea
1805 3828 55 22 Pah.

1299 3878 97 48 FOR.
1400 3878 86 26 SALE,
1502 3885 42 15 one
1555 3879 25 21 of
1593 3879 39 21 the
1643 3880 78 21 fastest
1732 3880 78 23 Whale
1822 3883 66 21 Boats

1371 3904 26 22 in
1406 3904 152 27 the-harbour,
1567 3912 50 14 oars
1627 3906 46 21 and
1683 3900 51 27 sails
1744 3908 118 26 complete.

1338 3930 12 28 \
1573 3930 89 23 ;Waitt
1672 3932 45 22 and
1726 3932 108 23 Tinline.
