4220 5890
82 200 45 24 poal
138 200 49 21 line.
214 200 42 21 Tht
263 201 43 20 first
315 203 41 23 try,
372 200 64 21 wbic'i
454 207 38 12 was
507 199 84 22 secured
599 199 26 21 br

82 228 92 21 Steve;?,
188 235 40 14 v,a*
238 234 55 15 mote
303 228 34 21 th*
347 228 64 21 result
420 227 21 22 of
451 227 37 22 bad
499 227 45 26 play
555 234 24 13 on
590 226 35 23 the

83 260 46 22 p>rt
144 256 19 21 of
179 256 105 26 Tuapt-kn,
300 260 58 17 tore*'
374 263 23 14 or
407 261 56 16 mora
480 255 21 21 of
515 255 36 21 the
566 255 59 21 l«aek<

77 284 81 25 leaving
167 283 36 21 the
217 284 85 20 defence
315 285 22 18 to
351 291 38 13 one
405 282 93 28 another,
517 282 34 21 the
562 283 63 20 result

76 311 61 23 being
147 312 45 20 that
200 312 50 27 good
255 312 110 26 dribbling,
375 310 76 22 headed
461 310 24 28 by
497 311 14 20 R
529 310 95 27 Marston,

75 339 64 21 prided
151 341 21 19 in
186 347 12 13 a
215 343 41 22 try,
277 340 65 20 which
359 346 40 14 w,w
416 339 109 21 couv*erltd
543 339 82 25 making

74 370 37 16 t'-e
128 367 173 20 scorp—Vincent
318 367 17 21 5.
353 366 98 26 Tuapeka
468 366 36 22 nil.
531 366 94 26 Nothing

73 392 99 27 tainted,
182 393 98 28 Tutpeka
290 393 42 21 still
343 393 73 26 plaved
428 393 48 21 with
491 397 57 24 great
557 393 65 26 spirit,

75 420 38 21 but
122 421 27 20 all
160 425 22 17 to
195 428 27 14 no
236 422 61 20 ?.vai!.
325 423 42 19 The
386 421 50 21 local
451 426 53 16 team
518 421 105 26 gradually

75 455 54 13 wore
138 449 57 20 them
205 449 59 21 down
277 454 21 15 to
308 449 54 21 their
376 456 45 14 own
438 449 32 26 20,
490 449 65 21 where
570 449 52 21 from

75 483 55 13 Jonie
141 477 58 20 clean
216 477 39 20 and
272 477 45 20 wei!
334 477 75 26 judged
428 477 87 24 passitiz.
531 476 23 22 C.
565 476 57 26 Jolly

75 503 84 23 •feared
169 503 35 22 the
214 504 41 22 ball
264 504 40 22 and
314 512 35 14 ran
358 504 83 26 merrily
450 512 66 14 aeross
529 504 36 21 the
573 505 46 21 line.

73 530 49 22 This
132 534 33 23 try
180 539 40 13 was
234 535 36 17 not
285 532 112 21 enhanced.
423 532 26 21 Sc
457 532 131 21 »re—Vincen
592 538 6 7 r
599 530 1 27 .
608 532 12 20 8

162 559 97 27 Tuapeka
271 560 37 21 ni'.
336 560 83 26 Shortly
428 560 61 25 afier,
499 560 40 21 and
550 559 69 20 within

74 586 40 20 five
129 594 23 13 or
165 588 31 19 six
215 588 89 20 minutes
322 587 21 20 of
361 588 56 22 time,
435 587 22 21 T.
481 586 81 22 Michell
578 589 41 18 met

73 614 50 21 with
133 621 26 14 an
174 614 91 21 accident
281 616 65 20 which
360 614 98 23 rendered
473 615 42 21 him
529 615 54 21 unfit
598 618 21 16 to

75 641 54 27 play.
157 642 71 23 Owing
236 644 21 19 to
267 642 46 23 that
323 643 34 21 the
367 642 50 22 local
428 644 53 20 team
489 649 49 16 very
547 642 71 22 kind'v

72 676 9 15 t
83 670 19 22 S
102 670 48 23 -red
158 672 23 20 to
194 672 39 20 end
247 671 35 21 the
297 672 75 24 match,
389 671 65 21 which
471 670 113 23 concluded
598 670 20 21 iu

70 698 54 19 th>-ir
133 698 73 20 favour
215 699 26 24 by
251 699 13 19 8
273 706 68 18 po:ns
351 703 20 14 to
381 699 35 19 nil.

94 725 43 20 The
147 726 47 25 pl.y
203 726 127 25 throughout,
342 731 37 14 rr.\a
390 724 99 21 f»vefrom
498 724 118 26 roughncs«,

70 752 39 20 and
122 752 48 21 wi'h
184 752 37 21 the
235 753 105 25 exception
356 752 21 20 oF
393 751 35 20 the
438 750 94 23 Dnnedtn
546 752 72 19 team.'*

70 782 55 24 tour,
136 787 40 13 was
186 780 35 20 the
228 780 45 20 best
283 779 113 27 exposition
406 778 22 21 of
437 778 84 21 football
534 785 47 14 seen
591 785 25 14 on

67 807 36 21 the
116 807 110 24 uoldfields.

96 835 40 20 For
145 835 36 21 the
198 833 50 22 local
264 833 98 23 forward*
372 833 87 25 perhaps
477 833 24 20 E.
522 832 93 23 MarsMn.

75 862 61 20 Foote
145 863 39 19 and
200 862 61 19 Watt
275 862 82 19 deserve
371 861 72 25 special
462 861 98 23 mention,
576 860 38 19 and
624 860 1 26 ]

69 894 74 20 among
153 888 35 20 the
198 888 61 20 lucks
268 887 106 25 Burnside,
390 886 64 25 Jollv,
470 887 87 20 Stevens
575 887 40 20 and

68 914 67 23 Grant
150 915 27 22 all
186 915 72 28 played
272 915 49 21 wi»h
336 913 50 28 good
401 913 126 27 judgement.
555 913 58 22 Reid.
624 913 1 30 !

68 946 22 17 at
101 943 46 26 full,
157 943 76 27 proved
249 943 21 20 of
284 946 56 18 creat
355 943 62 19 seivic
419 949 10 6 u
432 957 5 6 .
452 941 40 21 and
506 949 26 13 no
550 941 64 21 doubt
624 941 1 29 !

70 978 41 12 was
121 971 142 20 instrumental
279 970 19 20 in
309 969 80 23 savins;
403 969 29 20 off
447 976 55 12 more
512 969 48 20 than
576 976 38 12 one
624 965 1 27 I

68 1004 70 17 score;
151 997 80 26 indeed,
242 997 16 20 it
268 997 72 25 speaks
350 996 45 20 well
411 995 31 21 for
455 995 97 28 Tuipek.v
567 995 47 21 that
624 990 1 33 )

104 1025 39 21 had
153 1033 21 12 S'»
184 1025 60 21 mn:h
255 1024 54 20 work
323 1027 21 16 to
353 1023 33 21 do.

90 1053 32 19 On
136 1052 113 26 Tuap-kt's
263 1051 42 21 side
319 1051 118 23 Buchanan,
454 1051 24 20 A.
497 1051 60 20 Toms
572 1050 40 20 and

70 1079 22 22 T.
105 1079 82 21 .Michell
198 1086 51 14 were
263 1078 85 25 perhaps
362 1077 35 21 the
414 1078 44 25 pick
473 1080 93 20 amongst
577 1077 35 20 th-*

70 1107 109 25 forwards;
200 1106 23 22 L.
239 1106 83 22 Roonev
337 1105 42 20 also
393 1105 82 26 playing
495 1113 11 12 a
527 1105 85 24 dashing

69 1141 66 18 game,
144 1134 78 26 despite
231 1141 12 13 a
252 1134 38 20 bad
300 1133 68 20 throat
379 1133 94 20 affection
484 1131 52 22 from
548 1131 63 21 which

70 1162 25 20 lie
106 1169 40 13 w»s
160 1162 103 25 suffering.
294 1160 24 21 R.
334 1159 82 21 Michell
431 1160 39 20 anil
484 1159 22 21 T.
524 1159 86 26 Siugloe,

68 1190 22 19 at
100 1188 58 25 win;?,
169 1188 34 22 did
212 1195 85 19 yeoman
307 1187 81 21 service.
417 1187 81 26 Among
507 1187 34 20 the
551 1187 61 20 hacks

68 1216 62 21 Clark
139 1216 40 21 and
197 1216 67 26 Airey,
279 1215 22 21 of
316 1215 35 20 the
365 1214 106 21 Lawrence
485 1214 125 25 contingent,

70 1251 51 14 were
137 1244 105 25 decidedly
256 1243 36 21 the
309 1242 55 27 pick,
382 1242 35 21 the
437 1242 43 21 first
496 1241 116 22 mentioned

69 1272 81 24 playing
158 1272 63 19 about
230 1271 36 19 th«
275 1270 44 20 bfst
330 1270 145 24 Iwckgameou
485 1270 35 19 the
527 1268 84 26 ground.

67 1296 18 25 I.
101 1298 23 23 B.
135 1299 83 26 Rooney
227 1301 22 18 at
256 1297 19 28 §,
288 1298 35 21 did
332 1300 37 19 not
383 1296 47 28 play
447 1296 51 23 vrir.h
515 1297 30 21 his
554 1295 58 22 usud

67 1326 58 27 da?b,
136 1326 57 25 being
202 1321 110 31 hampered
329 1325 47 21 with
386 1332 12 13 a
407 1325 38 22 had
455 1326 58 25 km*%
528 1324 41 22 and
580 1324 31 23 W.

67 1354 85 24 Georsre,
165 1354 44 20 who
216 1360 39 13 was
263 1353 99 23 suffering
377 1352 53 21 from
445 1350 108 28 influenzi,
573 1358 40 13 was

67 1383 37 18 not
119 1380 31 22 his
164 1381 95 25 ordinary
268 1380 45 21 self.
340 1380 105 21 O'Conner
459 1383 23 17 at
497 1379 39 21 full
555 1379 57 23 back,

68 1409 45 20 who
136 1409 53 20 tilled
212 1409 40 19 this
269 1408 86 27 position
381 1407 33 21 for
435 1408 36 20 the
489 1408 44 20 first
556 1407 57 26 time,

67 1436 90 26 justified
172 1436 30 20 his
214 1435 74 22 choice.

92 1463 44 19 The
145 1463 79 19 visitors
235 1469 50 13 were
294 1462 128 20 entertained
432 1463 22 18 at
462 1461 72 20 dinner
543 1462 22 19 at
578 1461 34 19 the

67 1490 50 20 Port
133 1489 74 23 Phillip
223 1488 68 26 Hotel,
307 1488 65 20 which
383 1494 41 13 waa
432 1487 81 21 catered
529 1488 21 19 in
560 1487 54 20 Host

66 1516 75 21 Nash's
158 1516 45 20 best
216 1515 61 27 style,
287 1515 39 21 and
336 1522 11 14 a
357 1515 87 21 number
450 1514 22 21 of
485 1517 63 18 toasts
562 1521 52 14 were

66 1543 104 21 honoured
180 1543 39 20 and
230 1550 57 18 songs
297 1549 58 20 sung,
365 1550 12 12 a
387 1548 48 20 very
447 1542 20 25 pi
480 1545 59 17 asmt
555 1549 48 13 even-

68 1572 32 20 iiit
111 1578 39 13 was
166 1572 65 24 spent.
261 1570 128 21 Afterward*
401 1569 49 26 they
461 1576 52 14 were
522 1571 89 23 present,

70 1599 26 26 by
115 1597 73 28 special
204 1597 116 26 invitation,
336 1599 23 19 at
373 1604 12 13 a
400 1597 70 26 dance,
493 1596 65 22 which
574 1591 40 26 had

66 1626 52 21 been
136 1625 105 26 organised
259 1626 20 20 in
299 1625 54 21 their
368 1624 88 22 honour.
482 1625 44 20 One
536 1624 40 21 and
588 1623 27 21 all

63 1654 66 26 ■Aptak
148 1660 50 19 very
216 1652 70 27 highly
303 1652 22 21 of
342 1652 36 21 the
387 1652 49 21 kind
445 1651 40 21 and
501 1651 115 28 hospitible

67 1688 84 14 mannpr
167 1681 19 20 in
206 1680 65 22 which
290 1680 49 22 they
360 1687 52 14 were
429 1679 92 23 received
539 1686 26 14 on
581 1679 36 21 the

67 1709 90 20 occasion
167 1708 21 21 of
195 1708 52 20 their
256 1708 45 20 first
310 1707 54 21 visit.

85 1791 177 43 Warden's
287 1791 114 49 Court,
429 1789 163 43 Waikaia.

186 1878 81 24 (Before
284 1878 88 20 Wanlen
390 1878 114 24 Hawkin*.)

96 1915 54 25 The
163 1913 136 36 following
321 1913 120 26 business
464 1922 53 16 was
530 1916 72 23 trans-

59 1952 80 28 acted
151 1952 28 27 in
192 1951 46 27 the
256 1951 82 27 above
360 1949 82 28 Court
454 1960 34 17 on
512 1950 47 27 the
571 1949 46 30 7th

65 1992 102 25 instant
181 2003 40 14 :

103 2027 74 27 Arch.
212 2026 140 32 M'Donell,
387 2029 83 23 -water
499 2036 60 16 race
590 2030 28 23 at

64 2065 95 35 Upper
190 2063 138 37 Waikaia;
365 2073 79 21 same,
487 2064 131 28 extended

64 2104 79 26 claim
156 2103 27 25 of
195 2112 49 17 one
257 2101 58 27 acta
328 2105 27 24 at
369 2102 92 35 Upper
477 2100 122 29 Waikaia
612 2114 6 21 ;

66 2141 19 25 F
110 2140 156 28 Mnrehison,
281 2139 133 27 extended
432 2140 80 25 claim
525 2140 28 25 of
569 2149 49 17 one

64 2187 59 19 acre
144 2180 28 24 at
197 2176 94 36 Upper
318 2176 137 33 Waikaia;
478 2178 68 26 Arch
569 2178 49 27 and

66 2217 67 26 Alex
168 2214 131 27 M'Donell
324 2215 54 26 and
404 2214 26 27 F.
458 2214 160 32 Murchison,

66 2257 82 22 water
158 2262 59 16 race
228 2255 27 23 at
266 2252 93 34 Upper
371 2251 122 27 Waikaia
506 2263 6 19 ;
532 2252 43 27 W.
592 2252 24 27 F.

64 2290 93 35 Boyer,
171 2289 61 26 dam
251 2292 27 23 at
305 2288 165 27 Blackmans
493 2289 125 32 Terrace;

64 2327 119 27 Howard
214 2326 85 30 Miles,
331 2328 83 25 water
453 2336 59 18 race
550 2326 68 28 from

63 2365 111 27 Shie'd's
188 2364 83 27 Creek
282 2375 5 21 ;
306 2364 72 26 John
402 2363 24 26 R
452 2363 91 36 Perry,
557 2365 61 26 dam

63 2405 30 24 at
106 2401 131 27 Waikaka
247 2413 5 17 ;
267 2400 27 27 E.
307 2401 18 26 J
345 2399 114 31 Vernon,
472 2402 146 34 protection

63 2440 43 26 for
117 2440 41 26 six
170 2439 107 26 months
290 2438 42 27 for
343 2438 78 26 claim
441 2438 28 26 of
481 2441 52 24 two
546 2448 71 18 acres

62 2480 30 24 at
104 2476 94 35 Upper
214 2475 120 27 Waikaia
344 2486 6 20 ;
362 2474 100 35 Joseph
475 2475 98 32 Potter,
585 2476 31 26 D.

63 2514 114 29 Huuter,
197 2513 52 27 and
275 2513 80 27 Arch.
378 2512 142 30 M'Donell,
546 2523 58 25 pros-

63 2551 168 35 prospecting
240 2549 77 28 claim
327 2551 28 25 of
364 2550 50 34 300
414 2550 50 34 yds
475 2551 35 34 by
517 2551 50 35 300
567 2551 51 35 yds

61 2591 30 24 at
113 2587 84 27 Gow's
222 2587 99 32 Creek;
343 2586 28 27 J.
397 2586 84 35 Frago
505 2588 54 26 and
585 2587 29 26 R.

62 2626 114 28 Hntton,
188 2625 133 27 extended
332 2625 79 27 claim
429 2625 28 26 of
477 2627 54 25 two
543 2635 73 17 acres

61 2667 30 25 at
103 2663 137 28 Growlers'
253 2662 77 33 Flat;
352 2662 30 27 R.
398 2662 113 32 Hutton,
534 2666 84 24 water

62 2712 60 16 race
131 2705 29 22 at
169 2700 138 27 Growlers'
318 2701 70 31 Flat;
405 2702 65 25 Alex
483 2701 132 27 M'Donell

62 2739 52 26 and
128 2738 27 27 F.
171 2737 160 31 Murchison,
344 2737 132 28 extended
488 2739 80 26 claim
590 2737 28 28 of

59 2780 56 23 two
127 2786 71 17 acres
220 2778 27 24 at
270 2775 94 35 Upper
388 2775 137 33 Waikaia;
544 2775 72 26 John

62 2812 161 31 Murchison,
234 2812 205 34 amalgamation
451 2812 28 26 of
487 2813 93 26 claims
589 2815 29 23 at

61 2849 73 29 Rosk
147 2850 109 26 Terrace
267 2861 5 18 ;
294 2849 68 27 A.J.
379 2849 70 27 Mees
462 2850 53 26 and
529 2853 87 32 party,

59 2889 134 32 dredging
204 2888 78 25 claim
296 2887 28 26 of
342 2892 51 21 two
415 2888 76 25 miles
515 2897 33 16 on
571 2888 46 26 the

62 2926 123 26 Waikaia
197 2925 71 25 river
280 2927 28 24 at
321 2923 139 29 Growlers'
470 2924 68 27 Flat.

94 2963 57 26 The
175 2961 81 27 above
286 2962 177 35 applications
489 2972 66 17 were
579 2963 36 26 all

61 3000 115 31 granted

96 3038 105 26 Several
214 3038 77 26 other
303 3039 73 32 large
388 3038 175 34 app'ications
576 3039 41 26 for

48 3075 145 34 •\lredging
205 3083 74 18 areas
293 3084 67 17 were
373 3075 146 34 adjourned
533 3076 71 34 pend

61 3113 47 32 ing
120 3120 103 26 survey.

95 3149 91 27 James
200 3148 99 28 Parker
310 3149 64 28 sued
387 3149 103 29 George
503 3148 110 29 Stanton

61 3188 42 26 for
115 3187 45 26 the
172 3188 171 26 cancellation
355 3188 28 26 of
395 3198 16 16 a
424 3191 83 23 water
519 3198 59 17 race
589 3194 27 19 at

61 3224 94 34 Upper
169 3222 127 31 Waikaia,
313 3224 84 26 which
411 3224 22 25 it
448 3233 51 17 was
509 3225 103 31 alleged

59 3261 53 25 had
125 3260 66 25 been
202 3260 125 26 obtained
346 3260 36 34 by
395 3259 201 34 misrepresenta-

59 3297 65 27 tion.
164 3296 75 27 After
245 3295 112 37 hearing
366 3295 125 29 evidence
502 3306 33 17 on
548 3297 65 27 both

59 3335 78 30 sides,
156 3334 42 26 his
223 3334 123 35 Worship
371 3334 83 26 found
479 3335 60 25 that
568 3335 46 27 the

59 3372 75 33 right
145 3371 55 25 had
212 3371 66 26 beeu
290 3371 125 25 obtained
428 3371 36 34 by
475 3371 129 34 misrepre

59 3408 140 29 sentation,
230 3407 50 27 an«l
311 3408 89 25 would
434 3410 46 23 not
510 3409 102 26 believe

59 3444 166 27 defendant's
244 3445 124 26 evidence
414 3444 41 27 He
480 3445 134 27 cancelled

60 3482 47 27 the
131 3482 74 31 right
226 3483 53 25 and
303 3491 66 26 gave
392 3485 69 23 costs
483 3482 49 35 (j£6
553 3483 58 34 15s)

63 3520 104 33 against
179 3520 151 26 defendant.

62 3610 121 43 Teviot
200 3610 63 42 and
291 3611 193 42 Alexandra
505 3612 88 42 Fruit-

216 3669 166 51 growers'
409 3669 58 44 Co.

101 3756 58 28 The
173 3755 75 29 usual
275 3756 123 37 meeting'
415 3756 30 30 of
464 3757 47 29 the
530 3758 88 29 above

64 3806 136 29 company
213 3806 56 18 was
278 3796 63 29 held
350 3803 29 22 at
393 3798 46 29 the
450 3798 166 30 Athenaeum

62 3847 38 18 on
127 3836 137 38 Saturday
296 3837 127 38 evening.
462 3838 154 29 Present—

64 3876 106 30 Messrs
194 3876 134 29 Bennetts
348 3877 172 36 (chairman),
538 3878 57 29 Wat-

64 3928 61 25 son,
157 3922 116 31 Harms,
297 3917 151 39 Campbell,
472 3919 144 34 Bloxham,

65 3956 124 35 Pennell,
223 3956 33 30 R.
290 3958 117 36 Wilson,
446 3959 100 35 Broad,
587 3959 29 30 F.

65 3998 119 33 Wilson,
198 3997 121 36 Manuel,
332 4000 72 27 Uren
417 4000 53 28 and
480 4000 136 37 Tauiblyn

283 4088 124 21 MINUTES.

102 4118 58 28 The
175 4118 117 29 minutes
306 4119 29 28 of
348 4120 52 28 Inst
414 4120 122 39 meeting
547 4131 70 18 were

67 4158 63 30 read
142 4159 53 29 and
208 4160 159 30 confirmed.

221 4209 250 22 CORRESPONDENCE.

105 4239 57 29 The
182 4246 138 32 secretary
343 4243 126 37 reported
500 4243 61 28 that
581 4243 35 28 he

64 4279 57 29 had
135 4280 123 30 received
274 4281 46 29 the
341 4282 160 40 company's
522 4294 80 28 agree-

69 4325 76 25 ment
169 4322 53 27 and
248 4322 80 28 other
351 4333 106 27 papers,
481 4324 70 28 from
574 4323 45 30 Mr

68 4359 90 35 Lorie,
173 4360 45 27 the
235 4362 158 37 company's
407 4362 54 29 late
476 4373 140 27 manager.

70 4399 46 29 Mr
129 4400 78 28 Lorie
221 4402 125 38 strongly
356 4403 121 28 asserted
488 4403 41 28 his
538 4403 79 29 claim

68 4444 29 24 to
116 4450 18 18 a
152 4440 78 28 small
254 4446 113 24 amount
390 4444 88 27 which
501 4443 34 28 he
560 4443 58 28 said

69 4490 55 18 was
144 4481 92 37 owing
250 4486 28 24 to
292 4482 56 28 bira
363 4482 37 37 by
414 4484 47 28 the
474 4494 144 27 company.

107 4520 58 29 The
178 4527 136 32 secretary
328 4522 54 28 had
402 4524 56 27 also
471 4524 87 27 found
572 4530 47 21 out

69 4560 91 28 where
173 4571 75 17 some
261 4562 28 28 of
302 4562 47 28 the
358 4573 75 18 cases
443 4564 89 27 which
547 4567 73 24 went

69 4600 116 38 missing
197 4605 29 24 at
239 4601 146 30 Lawrence
399 4614 79 24 were,
501 4604 50 28 but
565 4604 54 28 had

68 4649 50 21 not
128 4642 93 29 traced
236 4642 73 29 them
330 4642 45 31 all.
417 4644 117 29 Further
555 4654 48 19 con-

69 4683 148 28 sideration
230 4684 30 27 of
270 4685 55 28 this
339 4689 99 24 matter
451 4696 53 17 was
520 4685 49 29 left
591 4690 28 25 to

67 4726 68 25 next
149 4724 130 32 meeting.

107 4764 45 28 Mr
168 4764 66 38 Bloy
247 4769 85 25 wrote
351 4765 68 30 with
438 4765 139 30 reference
591 4770 27 25 to

65 4804 51 28 the
129 4814 76 19 cases
229 4805 54 28 .and
306 4811 61 24 sent
384 4818 16 17 a
420 4811 149 24 statement
591 4807 28 28 of

68 4850 140 29 accounts,
222 4845 54 28 and
290 4846 21 27 it.
326 4858 53 17 was
390 4847 124 28 resolved
529 4852 27 23 to
567 4847 50 28 ask

67 4884 46 28 Mr
128 4884 67 39 Bloy
208 4889 29 25 to
250 4887 99 28 render
360 4898 16 17 a
391 4898 73 18 more
482 4887 135 39 complete

61 4931 130 23 -account.

104 4964 78 30 With
196 4967 98 38 regard
308 4971 29 25 to
358 4968 47 29 the
418 4972 112 25 amount
556 4968 58 29 said

64 5009 30 25 to
110 5012 33 23 be
156 5007 91 37 owing
259 5012 28 24 to
302 5008 45 29 Mr
360 5009 89 34 Lorie,
462 5009 22 28 it.
498 5020 54 17 was
573 5020 28 18 re-

62 5045 97 29 solved
188 5057 34 18 on
256 5048 47 27 the
328 5049 103 28 motion
457 5049 30 28 of
513 5049 101 28 Messrs

64 5084 105 30 Wilson
185 5087 53 27 and
254 5087 99 36 Broad,
367 5088 60 27 that
436 5089 46 26 the
496 5092 116 24 account

64 5125 35 28 be
120 5125 73 39 paid.
233 5127 27 29 It
282 5138 55 18 was
356 5127 125 30 resolved
495 5129 118 34 further,

61 5175 39 18 on
116 5167 47 28 the
184 5167 104 28 motion
301 5168 31 28 of
354 5168 103 28 Messrs
480 5169 135 27 Bloxham

61 5206 55 27 and
134 5206 144 36 Campbell
292 5208 66 28 with
371 5208 140 28 reference
525 5213 28 23 to
568 5209 46 28 the

66 5256 75 18 same
154 5247 109 39 subject
275 5247 60 29 that
353 5248 47 29 the
414 5249 53 27 late
489 5258 130 25 manager

67 5286 34 29 be
115 5286 135 31 informed
264 5288 60 28 that
338 5288 45 27 the
400 5298 134 28 company
549 5298 70 17 were

67 5327 136 33 surprised
239 5329 33 27 he
304 5328 98 28 should
429 5328 33 29 be
494 5328 62 29 able
588 5332 27 23 t'>

67 5367 100 28 render
179 5379 33 16 an
226 5371 116 26 account
355 5369 72 28 after
450 5369 48 28 the
519 5368 100 28 annual

68 5407 114 30 balance
196 5409 76 28 sheet
287 5409 52 28 had
364 5409 68 28 been
448 5413 61 24 sent
524 5419 38 28 up
584 5409 34 37 by

68 5447 57 28 him
158 5448 111 29 audited
301 5448 55 29 and
386 5449 87 28 found
506 5452 113 27 correct.

70 5487 119 30 Further
208 5498 34 21 on
262 5489 47 29 the
332 5489 104 30 motion
461 5489 30 30 of
520 5491 102 28 Messrs

70 5527 114 30 Pennell
198 5531 52 27 and
275 5530 151 39 Campbell,
449 5530 22 29 it
492 5541 55 17 was
570 5530 32 28 de-

70 5569 79 30 tided
170 5571 61 28 that
254 5569 45 31 Mr
320 5571 80 29 Lorie
428 5571 35 29 be
485 5571 86 29 asked
595 5575 27 24 to

71 5610 109 39 explain
195 5613 61 36 why
270 5612 33 30 he
317 5613 48 28 did
379 5616 47 25 not
449 5613 102 29 deduct
573 5612 49 29 the

70 5651 66 28 calls
146 5661 35 18 on
202 5661 16 19 a
242 5653 101 27 certain
369 5653 132 36 grower's
527 5653 94 27 shares

71 5691 79 29 when
163 5692 35 29 he
211 5692 51 29 had
276 5703 35 17 an
333 5693 180 39 opportunity
534 5695 29 26 to
588 5691 35 30 do

71 5743 39 24 so,
125 5733 36 37 by
175 5733 87 28 which
277 5734 128 28 omission
417 5733 47 30 the
483 5743 135 29 company

70 5773 54 29 had
140 5773 78 29 made
231 5785 16 17 a
259 5773 63 30 loss.

777 208 135 21 TKAN3FBB
925 209 33 19 OF
971 209 111 19 SHARES.

692 239 27 29 It
732 251 55 18 wis
801 240 123 29 resolved
948 244 28 25 to
990 240 64 30 take
1068 250 137 20 measures

641 280 1 30 I
654 284 28 24 to
696 280 119 30 transfer
828 291 74 19 some
922 282 94 28 shares
1037 280 89 30 which
1150 280 54 28 had

641 321 1 40 !
654 321 68 30 been
748 322 130 30 forfeited
901 322 37 35 by
958 324 202 37 non-payment
1176 321 28 29 of

653 361 46 29 the
713 372 97 28 person
826 363 59 27 who
898 362 55 28 had
968 363 81 27 taken
1065 363 76 27 them
1156 372 44 27 up.

743 410 107 22 ORANGE
863 411 54 20 AND
932 410 80 22 APPLE
1026 411 87 21 CA3E3.

687 442 46 28 Mr
745 442 140 38 Campbell
896 442 120 29 referred
1026 448 28 22 to
1063 454 16 17 a
1087 442 115 28 circular

651 483 122 27 received
788 483 35 29 bv
845 483 54 27 him
922 482 71 28 from
1019 482 44 29 Mr
1087 483 59 27 Bull
1173 482 27 29 in

650 523 140 29 reference
803 527 27 23 to
844 533 103 27 orange
960 522 56 30 and
1023 522 82 39 apple
1113 532 86 25 case-*,

649 563 89 29 which
764 563 33 29 he
819 563 103 29 offerel
945 567 27 25 at
999 564 48 27 25$
1073 573 49 28 pjr
1148 564 50 28 100

649 612 82 20 cases.

687 644 79 29 Aitor
778 642 162 38 discussion,
964 643 21 29 it
1006 654 55 18 wis
1084 643 95 30 decide
1188 642 10 30 1

647 695 34 18 on
709 686 46 26 the
789 686 101 26 motion
924 686 29 26 of
988 685 42 27 .\[r
1056 684 141 35 Bloxham,

647 724 136 28 seconded
800 725 34 36 by
854 724 43 29 Mr
914 723 102 34 Eirrii,
1039 727 27 24 to
1091 724 51 28 eall
1159 724 40 28 for

647 763 110 29 tenders
771 764 43 27 for
827 764 70 28 fr>m
912 764 53 28 500
979 769 28 23 to
1017 764 81 33 5,000
1112 774 14 18 c
1136 774 61 24 isss,

647 804 45 28 the
706 804 201 36 specifications
922 809 27 23 to
964 804 33 28 be
1018 814 62 18 seen
1101 809 28 23 at
1150 804 47 28 the

647 842 154 35 manager's
833 844 44 28 offi
887 854 32 23 *e,
963 843 135 29 Dmeliu.
1138 843 59 29 The

645 882 112 28 tenders
781 883 88 27 would
895 883 33 27 be
948 882 159 28 considered
1131 890 28 19 at
1181 894 16 15 a

644 922 170 39 subsequent
828 922 131 35 meeting.

784 971 117 20 CAKTAQS
920 971 33 19 OF
967 971 77 19 FRUIT

679 1001 57 29 The
763 1002 139 28 chairmm
931 1001 120 39 brought
1079 1011 34 28 up
1139 1001 56 29 this

642 1045 108 31 matter,
779 1041 54 28 and
861 1042 63 27 real
958 1042 46 27 the
1032 1042 161 27 resolutions

642 1081 156 37 (published
813 1081 36 37 by
866 1092 29 16 us
905 1093 15 15 a
945 1080 94 29 month
1053 1082 62 35 ago)
1133 1092 45 27 pre-

642 1121 82 38 paid
740 1122 36 34 by
794 1122 46 26 the
861 1121 157 29 committee
1040 1120 150 38 appointed

642 1166 26 24 to
682 1161 126 29 consider
822 1160 45 29 Mr
892 1160 134 30 I'ennell's
1049 1162 101 27 motion
1167 1171 26 17 m

641 1207 111 33 cartage
761 1201 29 28 of
800 1201 67 28 fruit
879 1206 26 22 to
919 1200 153 30 Lawrence.
1113 1200 79 29 With

642 1241 98 40 regard
755 1246 27 24 to
794 1242 45 28 the
849 1241 186 29 strawberries
1049 1242 52 27 and
1115 1242 77 28 smtil

642 1282 75 36 fruit,
746 1281 102 29 Messrs
877 1281 94 29 Harris
997 1281 54 29 and
1078 1281 114 29 Watson

642 1323 147 38 expressed
804 1322 69 29 their
891 1321 168 37 willingness
1082 1328 30 22 to
1134 1328 59 22 cart

642 1363 36 29 all
700 1363 46 28 the
769 1362 66 28 fruit
853 1362 66 37 they
945 1360 80 30 could
1052 1372 66 18 over
1139 1362 54 28 and

642 1405 87 27 above
743 1403 71 29 their
832 1412 61 18 own
910 1402 73 29 fruit.
1025 1402 57 29 The
1104 1401 89 31 chair•

645 1455 60 17 man
727 1443 90 29 stated
839 1443 21 27 it
880 1454 30 16 as
930 1455 16 14 *
967 1442 139 28 condition
1134 1444 63 26 that

644 1493 120 28 growers
785 1482 107 35 should,
912 1493 29 17 as
957 1482 42 28 far
1020 1493 30 16 as
1063 1482 132 39 possible,

644 1523 108 30 consult
778 1524 45 28 the
856 1523 183 29 convenience
1064 1522 30 30 of
1119 1522 78 30 those

646 1564 59 29 who
743 1564 92 29 carted
875 1563 44 29 for
957 1563 83 29 them.
1096 1563 101 29 Messrs

649 1604 108 30 Manuel
771 1604 54 29 and
838 1604 75 30 John
927 1603 135 38 Tamblyn
1087 1604 48 35 (by
1157 1604 42 29 his

647 1646 122 35 brother)
783 1645 57 29 also
854 1644 58 30 said
928 1644 65 38 they
1008 1644 89 29 would
1108 1645 47 29 fall
1169 1645 26 29 in

648 1687 63 28 with
726 1688 46 27 the
792 1691 196 32 arrangement
1011 1685 65 29 with
1100 1684 99 42 regard

647 1732 28 23 to
707 1727 79 29 small
818 1727 68 29 fruit
917 1736 29 18 as
979 1726 91 29 stated
1102 1727 96 28 above.

647 1766 79 31 With
758 1768 100 38 regard
893 1771 29 25 to
953 1766 48 30 the
1033 1767 83 38 price,
1149 1768 47 28 the

647 1818 121 26 growers
794 1808 96 38 acting
913 1817 30 18 as
969 1807 116 29 carriers
1109 1807 90 29 stated

649 1850 64 36 they
722 1848 89 29 would
822 1849 34 28 be
865 1847 121 30 satisfied
998 1847 63 29 with
1071 1848 126 38 ordinary

649 1891 141 27 rates—2s
805 1889 35 30 6d
854 1889 44 28 for
910 1894 89 22 crates
1017 1888 29 28 of
1064 1893 75 31 Icwt,
1164 1888 35 29 tid

649 1940 49 28 per
711 1930 58 28 half
782 1940 70 24 case,
866 1928 54 29 and
939 1932 26 24 Is
979 1938 49 28 per
1040 1938 70 20 case.

685 1970 77 31 With
778 1969 100 39 regard
893 1976 28 23 to
935 1976 111 32 cartage
1068 1969 30 30 of
1124 1969 77 40 large

647 2016 80 24 stone
748 2012 75 34 fruit,
845 2011 47 28 the
914 2010 142 38 following
1080 2021 120 24 growers

647 2050 102 40 agreed
781 2056 30 24 to
835 2060 52 19 run
918 2050 72 29 their
1025 2056 87 23 teams
1140 2051 58 36 (the

649 2093 116 29 number
778 2092 29 29 of
820 2093 95 28 horses
934 2095 49 24 not
1005 2095 30 25 to
1057 2091 34 29 be
1113 2091 72 40 speci-

649 2134 63 35 fied)
728 2133 55 29 and
800 2136 59 25 cart
880 2132 77 35 fruit,
978 2136 54 25 two
1059 2133 68 37 trips
1153 2143 49 28 per

649 2174 85 30 week,
749 2174 102 38 during
859 2172 124 36 January
994 2173 54 29 and
1059 2172 141 40 February

647 2226 35 18 on
697 2215 46 29 the
756 2225 76 19 same
841 2213 154 30 conditions
1004 2224 29 18 as
1044 2214 156 30 mentioned

647 2255 89 29 above
748 2255 66 28 with
828 2253 100 40 regard
941 2257 30 26 to
985 2253 78 29 small
1077 2254 123 29 fruit:—

649 2296 103 28 Messrs
765 2295 105 39 Joseph
891 2293 54 30 and
959 2293 74 30 John
1054 2293 146 39 Tamblyn,

650 2335 119 36 Manuel,
785 2335 143 36 Bennetts,
940 2333 97 31 Harris
1050 2334 55 30 and
1119 2333 60 31 Wat-

647 2387 59 19 son.
746 2377 58 34 (Mr
835 2375 82 29 Toms
950 2375 61 29 who
1050 2386 55 18 was
1143 2376 57 28 also

648 2417 157 29 mentioned
831 2426 29 18 as
886 2427 17 17 a
927 2415 133 40 probable
1090 2416 110 35 carrier,

649 2468 56 18 was
727 2460 49 26 not
796 2457 133 38 present.)
968 2458 40 27 As
1021 2457 114 38 regards
1153 2457 48 29 the

647 2497 84 40 price,
751 2497 67 38 they
842 2496 103 41 agreed
963 2500 29 26 to
1016 2496 45 29 the
1087 2500 113 27 current

647 2542 58 25 rate
718 2537 30 30 of
763 2538 9 28 1
779 2549 13 17 s
805 2548 49 28 per
873 2547 72 20 case.
985 2537 46 29 All
1051 2538 47 29 the
1121 2537 80 30 other

647 2577 265 30 recommendations
927 2578 30 28 of
974 2578 48 28 the
1043 2578 157 28 committee

646 2630 36 19 on
702 2619 47 29 the
772 2622 101 26 matter
894 2629 71 20 were
990 2618 130 39 adopted,
1145 2618 55 30 and

646 2660 47 30 the
706 2658 184 31 committee's
912 2660 76 30 work
1001 2659 29 29 in
1052 2659 150 39 preparing

645 2702 47 28 the
703 2700 163 29 resolutions
875 2711 54 17 was
937 2701 115 36 heartily
1064 2701 136 27 endorsed

646 2752 34 18 on
692 2740 47 30 the
753 2740 102 30 motion
870 2740 29 29 of
913 2740 104 30 Messrs
1033 2740 88 30 Broad
1146 2740 53 29 and

647 2782 87 29 Uren.

684 2822 58 28 The
753 2821 138 29 chairman
915 2822 86 28 asked
1025 2822 41 27 for
1086 2832 16 18 a
1124 2821 76 33 large

646 2862 166 30 attendance
831 2868 30 23 at
884 2862 46 29 the
941 2862 159 30 November
1115 2867 68 23 meet-

647 2904 49 36 ing
708 2913 31 19 so
752 2902 60 29 that
823 2903 65 35 they
904 2903 89 38 might
1007 2904 64 38 givo
1084 2914 34 18 an
1134 2903 52 29 esti-

648 2947 71 25 mate
729 2944 30 28 of
772 2944 47 28 the
832 2944 133 37 probable
976 2954 76 28 crop.

721 2983 214 30 FRUITGROWERS*
956 2992 170 21 NEWSPAPER.

683 3024 46 29 Mr
750 3024 145 40 Campbell
916 3024 163 31 introduced
1102 3028 29 26 to
1153 3024 47 29 the

646 3066 91 27 notice
750 3065 30 27 of
793 3066 47 27 the
865 3075 137 29 company
1023 3077 16 16 a
1065 3075 85 28 paper
1172 3066 27 27 in

647 3106 47 28 the
706 3104 201 38 fruitgrowers'
921 3106 138 34 interests,
1078 3106 89 27 which
1178 3106 22 27 it

647 3156 52 19 was
712 3144 116 31 decided
841 3149 29 25 at
884 3145 47 30 the
955 3151 94 24 recent
1063 3145 137 30 Brisbane

647 3186 77 29 Fruit
739 3186 170 29 Conference
922 3191 28 24 to
967 3187 164 37 inaugurate
1144 3186 54 29 and

644 3226 120 37 publish.

792 3272 108 21 SPECIAL
919 3272 130 22 MEETING.

682 3304 28 29 It
731 3315 55 18 was
812 3304 115 30 decided
950 3305 28 29 fo
992 3304 51 30 call
1056 3316 17 17 a
1098 3305 101 38 special

644 3345 123 37 meeting
805 3344 46 29 for
875 3350 68 23 next
976 3346 138 36 Saturday
1143 3346 52 36 (to*

645 3386 126 34 morrow)
789 3385 125 39 evening,
927 3389 29 25 to
971 3384 59 29 deal
1046 3386 64 27 with
1122 3396 75 17 some

645 3424 152 38 important
822 3424 126 29 business
973 3425 61 28 that
1047 3425 80 28 could
1152 3429 49 25 not

645 3464 35 29 be
704 3464 75 29 dealt
797 3464 95 40 finally
905 3464 66 30 with
985 3469 29 25 at
1037 3465 61 30 that
1115 3469 68 26 meet-

645 3505 60 37 ing.

684 3545 66 29 This
764 3545 151 29 concluded
929 3546 47 28 the
999 3546 127 29 business
1146 3547 55 28 and

647 3585 47 30 the
708 3585 122 39 meeting
844 3596 55 19 was
913 3585 164 41 adjourned.

676 3678 162 52 Tuapeka
861 3678 129 53 County
1018 3679 149 44 Council.

684 3763 57 30 The
773 3763 128 38 ordinary
938 3765 122 37 meeting
1096 3766 30 29 of
1153 3765 46 31 the

647 3804 111 38 County
783 3803 113 31 Council
928 3816 53 18 was
1007 3805 63 30 held
1096 3811 29 25 at
1151 3807 48 29 the

648 3844 112 29 Council
790 3844 159 37 Chambers,
975 3846 156 36 Lawrence,
1162 3857 35 18 on

647 3885 100 38 Friday
790 3885 154 30 afternoon.
995 3886 202 30 Present—Crs

649 3926 106 29 Bennet
769 3925 311 37 (chairman),Oudaille,
1095 3927 99 37 Inglis,

647 3965 153 36 Osboume,
813 3965 110 37 Cotton,
938 3967 175 39 Livingston,
1127 3969 68 35 Sim,

646 4006 55 29 and
713 4007 138 37 Simpson.

861 4056 126 21 MINUTKS.

684 4087 58 29 The
752 4087 117 29 minutes
877 4088 30 28 of
918 4089 46 28 the
974 4088 127 36 previous
1115 4093 68 25 mjet-

647 4127 49 39 ing
711 4138 70 19 were
792 4128 150 28 confirmed
955 4139 30 18 as
995 4129 73 28 read.

794 4177 255 21 CORRKSPONDKNCK.

684 4209 57 29 The
755 4209 142 38 following
911 4209 124 29 business
1046 4209 30 29 of
1085 4210 114 30 interest

647 4249 26 29 in
689 4250 45 28 the
745 4249 108 29 district
863 4259 54 18 was
931 4250 74 28 dealt
1020 4249 64 29 with
1096 4261 45 17 :

686 4289 79 29 From
801 4289 46 29 the
881 4289 152 38 Roxburgh
1069 4289 128 39 Borough

648 4330 123 34 Council,
785 4331 166 36 submitting-
966 4332 45 26 the
1032 4331 62 37 plan
1110 4332 30 27 of
1154 4333 45 26 the

648 4369 133 38 proposed
819 4370 143 27 extension
998 4370 30 28 of
1052 4371 47 27 the
1125 4375 73 24 town

649 4409 184 35 waterworks,
847 4410 65 28 with
926 4421 15 17 a
953 4414 110 35 request
1083 4411 43 27 for
1138 4422 45 27 per-

649 4449 108 29 mission
781 4454 29 24 to
823 4450 130 28 intersect
963 4461 16 17 a
993 4451 117 36 by-road
1133 4451 66 29 with

648 4490 77 38 pipes
745 4490 94 28 within
854 4491 46 27 the
925 4491 132 29 council's
1069 4492 115 36 jurisdic-

648 4531 57 28 tion
708 4529 75 31 —Cr
787 4529 90 38 Inglis
882 4530 115 39 pointed
1000 4535 49 25 oat
1055 4532 62 29 that
1122 4531 77 31 there

648 4581 55 18 was
725 4581 35 18 no
774 4571 86 27 traffic
894 4581 65 17 over
985 4576 45 23 the
1053 4572 74 35 road,
1145 4573 54 28 and

649 4611 45 28 the
720 4611 94 38 laying
839 4611 30 28 of
882 4612 45 27 the
943 4612 75 37 pipes
1035 4612 88 29 would
1152 4618 47 24 not

647 4653 27 28 in
689 4663 52 27 any
757 4663 57 28 way
837 4652 131 29 interfere
983 4653 64 28 with
1065 4654 45 29 the
1126 4655 52 37 pub-

647 4693 35 29 lic
706 4694 290 28 convenience.—The
1010 4699 110 33 request
1141 4705 55 19 was

647 4734 148 38 approved,
822 4733 108 38 subject
955 4736 28 26 to
997 4734 48 29 the
1067 4734 113 30 endorse-

647 4778 75 25 ment
734 4774 30 28 of
789 4774 46 28 the
847 4774 142 28 chairman
1002 4775 55 29 and
1076 4777 122 28 member

647 4814 42 30 for
704 4816 44 27 the
762 4814 110 40 Riding.

682 4856 82 28 From
791 4856 46 27 the
851 4855 140 38 president
1004 4856 28 27 of
1047 4857 46 27 the
1115 4856 27 30 N
1165 4858 30 28 Z.

647 4894 129 30 Counties
789 4894 170 30 Association
970 4906 34 19 on
1014 4897 46 28 the
1070 4898 126 38 question

644 4936 29 28 of
686 4935 68 30 local
767 4941 183 33 government
964 4936 108 35 reform,
1094 4938 104 37 asking

645 4976 46 29 the
715 4977 105 29 council
842 4981 28 25 to
894 4977 81 39 bring
1000 4977 118 30 forward
1140 4989 55 28 any

644 5018 125 38 question
797 5019 65 35 they
873 5018 108 28 desired
1009 5025 28 20 to
1062 5020 69 27 raise
1147 5025 49 22 not

644 5058 69 26 later
726 5057 65 27 than
806 5058 45 26 the
871 5058 6 25 I
890 5058 43 26 Ith
944 5057 64 32 inst,
1023 5061 29 24 to
1068 5060 32 26 be
1120 5058 75 28 dealt

646 5096 63 28 with
749 5096 35 38 by
820 5097 46 27 the
903 5096 144 28 executive
1084 5097 30 28 of
1150 5098 47 29 the

644 5136 171 36 association,
843 5138 59 27 who
930 5136 88 30 wjuld
1040 5139 89 28 watch
1151 5139 46 28 the

646 5177 180 37 proceedings
879 5177 28 28 in
964 5176 177 31 Parliament.

648 5216 144 29 Received.

687 5256 79 28 l«V)in
792 5256 46 29 the
866 5256 111 38 County
992 5256 132 37 engineer
1142 5257 58 37 (Mr

652 5296 106 38 It.Hay)
773 5298 104 37 stating
892 5297 60 30 thai;
966 5308 52 18 one
1031 5297 126 36 cylinder
1171 5299 29 27 of

647 5336 30 30 of
690 5340 46 25 the
752 5337 102 29 Millers
872 5338 59 28 Flat
946 5338 99 35 bridge
1061 5338 51 28 had
1131 5339 69 27 been

649 5377 80 33 su'ik,
766 5378 55 28 and
846 5378 34 28 he
906 5378 89 36 hoped
1021 5377 36 28 all
1091 5378 110 28 further

649 5417 93 36 delays
752 5416 25 29 in
789 5418 45 28 the
844 5418 75 28 work
926 5418 89 28 would
1022 5418 32 28 be
1061 5418 140 29 obviated.

653 5457 41 29 He
703 5457 54 29 had
771 5456 125 29 declined
910 5461 28 25 to
952 5468 47 18 use
1017 5462 107 24 cement
1137 5468 49 28 sup-

650 5497 83 39 plied,
746 5497 56 29 and
811 5509 15 15 a
841 5498 90 28 better
943 5498 68 28 kind
1030 5498 89 29 would
1134 5498 69 30 have

651 5545 28 22 to
693 5539 33 28 be
735 5538 365 30 substituted.—Received.

689 5579 81 29 From
783 5579 46 29 the
839 5583 137 34 secretary
990 5578 30 30 of
1033 5579 47 29 the
1096 5579 107 29 Golden

651 5620 132 29 Treasure
819 5620 147 38 Dredging
1000 5620 49 29 Co.
1084 5620 59 35 (Mr
1176 5621 26 28 J.

652 5660 127 35 Burton),
801 5660 105 38 stating
929 5660 61 28 that
1000 5660 47 28 the
1068 5670 135 28 company

643 5699 1 38 I
652 5700 53 29 had
716 5700 123 37 recently
852 5699 152 38 purchased
1018 5710 16 19 a
1047 5703 85 26 water
1141 5710 62 19 race

128 98 174 53 Friday,
335 95 239 56 SsptembW
602 91 58 52 17,
698 99 105 40 1897

1842 81 197 47 MOUNT
2127 88 226 41 BENGER
2439 80 143 44 MAIL

759 5784 127 26 (Continued
898 5791 27 14 on
937 5783 80 21 fourth
1035 5783 67 27 Page.)

1618 190 153 55 gEEDS.

1535 351 3 41 s
1552 357 144 35 quotations
1716 352 28 26 of
1761 351 29 26 all

1239 395 169 35 Agricultural
1429 394 76 28 Saeds
1521 402 34 17 we
1569 391 80 33 stock,
1670 390 29 27 of
1709 388 81 27 which

1235 436 42 25 the
1291 435 96 35 qualify
1401 434 20 25 is
1435 433 42 25 the
1490 431 82 27 finest.

1232 514 19 22 11
1269 520 168 43 Standard
1510 518 89 42 Bone
1635 515 148 42 Manure,

1266 592 61 26 Tins
1340 589 139 29 oKleliMtwi
1494 588 106 28 Manure
1614 586 44 26 has
1668 594 33 17 no
1714 582 73 38 pqual

1233 630 35 25 for
1281 628 105 37 O'ulify.
1427 628 21 26 It
1467 629 21 25 is
1510 626 52 27 rich
1582 626 26 25 in
1632 622 156 36 Phosphate*

1230 677 15 19 a
1254 668 27 26 id
1298 671 71 24 Atom
1382 665 107 34 >nia,and
1501 666 20 26 is
1531 661 139 35 admirably
1679 658 106 35 adapted

1232 705 36 26 fiir
1282 711 52 20 root
1353 713 79 25 crops
1453 711 70 28 grass
1543 700 80 32 lands,
1637 699 48 25 and
1706 698 81 25 wheat

1232 751 72 26 crops

1265 790 37 27 Oa
1308 798 36 19 vr
1348 797 27 20 10
1380 797 26 20 s.
1408 788 113 27 —Other
1551 785 84 28 makes
1665 783 25 27 of
1719 782 68 27 Bone

1233 828 26 25 M
1268 837 84 16 mures
1366 837 39 16 are
1502 824 91 27 offered
1608 830 24 19 to
1646 821 102 26 farmers
1761 828 26 17 as

1232 866 40 23 tfiH
1460 862 84 25 brand.
1585 860 82 25 When
1680 857 106 34 buving,

1231 902 70 25 insist
1316 910 31 16 (»n
1362 910 12 16 a
1397 905 138 25 ;*u<ranree
1561 897 76 33 being
1760 902 26 18 »»

1232 938 103 27 without
1351 938 48 25 tlii*
1414 935 77 28 brand
1511 944 63 18 none
1587 935 21 25 is
1621 934 118 35 genuine.

1410 1011 202 31 LAWB'B

1228 1063 360 33 SUPERPHOSPHATE
1609 1061 48 30 OF
1679 1060 106 31 LIME.

1420 1124 182 31 CROSS'

1228 1175 362 35 SUPERPHOSPHATE
1610 1175 47 30 OF
1679 1173 108 30 LIME.

1270 1230 64 28 Both
1347 1230 67 26 thnsH
1427 1228 119 27 Manures
1555 1237 40 17 are
1606 1226 28 27 of
1640 1225 61 36 high
1712 1224 77 31 grade

1227 1279 36 26 qu
1273 1269 115 32 iliry.and
1399 1277 40 15 arn
1451 1266 52 27 well
1515 1265 81 27 suited
1609 1266 36 24 for
1655 1272 120 26 encourag-

1228 1309 44 33 ing
1287 1306 40 27 th.<
1342 1305 98 35 growth
1454 1305 25 26 of
1491 1302 31 29 all
1538 1307 54 24 root
1605 1310 80 28 crops.

1469 1368 34 19 ox
1524 1361 203 26 Application-.

1402 1431 150 29 PLANET
1578 1431 47 29 Jr.

1307 1482 108 31 FARM
1451 1480 263 30 IMPLEMENTS.

1270 1536 23 24 VV
1293 1531 3 37 !
1305 1536 44 26 rite
1371 1544 28 17 or
1421 1533 45 28 call
1487 1533 36 27 for
1536 1533 44 27 full
1595 1531 150 37 particulars
1766 1531 24 26 of

1234 1574 67 26 these
1325 1572 113 28 valuable
1462 1571 168 35 implement*,
1648 1569 80 26 which
1748 1578 41 17 are

1234 1613 24 26 in
1270 1622 42 16 use
1324 1611 31 35 by
1368 1611 41 26 the
1421 1607 238 29 thousandsinNew
1669 1605 118 29 Zealand.

1302 1689 118 30 FRUIT
1441 1687 130 36 TREES,
1592 1686 131 36 ROSES,

1232 1740 270 33 STRAWBERRY
1535 1738 160 36 PLANTS,
1728 1737 62 36 &c,

1383 1791 37 29 Of
1439 1790 68 28 Best
1527 1788 121 37 Quality.

1232 1875 246 56 NIMMO
1500 1879 16 50 I
1541 1872 248 64 BLAIR,

1328 1948 98 31 SEED
1449 1945 249 32 MERCHANTS.

1438 1995 150 27 DUNKDIN.

1234 2069 210 54 yiCTOHIA
1463 2066 145 31 LIVERY
1623 2063 167 33 STABLES

1321 2138 71 21 PEEL
1407 2136 112 26 STREET,
1535 2134 168 23 LAWRENCE.

1232 2208 35 42 T.
1296 2208 123 50 Dwyer
1465 2216 7 32 :
1520 2216 8 31 :
1584 2202 205 53 Proprietor.

1268 2294 60 29 The
1341 2303 68 28 very
1421 2293 63 28 best
1499 2291 130 37 Stabling
1646 2288 143 40 provided,

1232 2335 66 29 with
1312 2346 17 18 a
1343 2334 101 30 Groom
1458 2332 101 39 always
1574 2331 28 30 in
1615 2329 174 32 attendance.

1234 2428 26 29 A
1282 2426 162 31 Handsome
1468 2424 56 31 and
1551 2422 237 41 Well-appointed

1329 2485 156 38 Hearse
1509 2493 53 28 on
1591 2481 104 38 Hire.

1268 2578 160 30 First-class
1461 2576 96 40 Single
1590 2575 55 29 and
1679 2574 108 30 Double

1232 2619 141 40 Buggies;
1394 2620 67 34 also,
1477 2615 109 32 Ladies'
1599 2615 56 31 and
1675 2615 96 31 Gentle-

1231 2660 88 30 men's
1333 2660 103 29 Saddle
1451 2658 113 30 Horses.

1294 2766 21 24 0
1332 2764 21 24 0
1372 2764 23 24 K

1585 2761 173 26 THIBI

1295 2841 103 26 B')OTS
1415 2845 36 22 for
1466 2843 41 24 the
1524 2841 82 29 Great,

1324 2887 73 24 Boots
1417 2889 35 21 for
1475 2888 41 23 the
1530 2886 91 29 Small;

1294 2930 71 24 Room
1381 2930 37 23 for
1437 2930 41 23 the
1495 2929 81 30 Short,

1325 2975 72 23 Boots
1414 2975 38 23 for
1468 2975 41 23 the
1527 2973 54 26 Tall
1597 2980 7 23 ;

1296 3020 57 24 Boot
1357 3028 10 14 i
1381 3019 37 25 for
1437 3020 40 25 the
1496 3018 97 33 Young,

1325 3061 71 21 8.-)i;ts
1415 3061 36 21 (or
1467 3061 39 21 tho
1526 3059 46 23 Uid
1585 3066 7 21 ;

1347 3122 31 23 nd
1400 3121 100 24 BOOTS
1516 3120 46 25 and
1581 3119 106 26 SHOES

1332 3239 41 35 ;;>
1425 3239 121 35 Bail
1560 3237 127 43 lie's,

1240 3314 115 32 Opposite
1371 3311 162 27 Commercial
1553 3311 82 31 Hotel,
1655 3310 133 33 Roxburgh

1263 3427 132 28 fdrCome
1412 3427 46 25 and
1478 3429 91 27 inspect
1581 3426 42 26 the
1638 3426 81 25 Stock.

1232 3538 36 57 J
1273 3582 10 14 §
1346 3539 49 38 H.
1456 3538 83 39 PS
1590 3537 202 43 RSON,

1332 3603 68 23 ROSS
1414 3604 98 27 PLACE,
1527 3602 167 28 LAWRENCE,

1275 3650 266 33 CONTRACTOR,
1561 3648 184 35 BUILDER,

1484 3699 53 20 AND

1369 3730 278 31 UNDERTAKER.

1230 3806 146 29 Contracts
1390 3804 84 30 taken
1486 3804 43 29 for
1543 3803 137 31 Builders'
1701 3803 83 31 Work

1348 3845 30 29 of
1390 3855 83 28 every
1487 3844 179 39 description.

1291 3917 199 23 ESTIMATES
1521 3917 196 23 PREPARED.

1263 3978 27 29 A
1304 3977 196 29 well-assorted
1527 3976 86 29 Stock
1634 3977 30 29 of
1684 3976 84 29 Furni-

1228 4021 60 25 ture
1301 4017 101 37 always
1416 4027 35 17 on
1466 4016 82 29 hand.

1265 4057 133 30 Funerals
1409 4056 155 30 conducted
1578 4057 28 29 in
1616 4056 37 29 all
1666 4060 76 35 parts
1757 4056 30 29 of

1228 4098 47 28 the
1303 4098 122 28 District.
1466 4097 106 29 Hearse
1598 4097 136 38 provided
1764 4097 23 28 if

1229 4138 136 38 required.

1235 4212 193 57 COBB
1501 4213 51 56 &
1616 4212 169 62 CO.'S

1345 4292 170 22 TELEGRAPH
1541 4292 70 22 LINE
1637 4292 36 21 OF

1279 4332 130 29 ROYAL
1432 4333 95 28 .uAIL
1548 4331 189 30 COACHES.

1434 4382 149 31 Lawrence

1268 4426 155 27 Beaumont
1548 4424 66 28 Moa
1627 4424 63 28 Flat

1267 4465 98 28 Teviot
1547 4464 159 29 Alexandra

1267 4505 86 33 Clyde
1550 4505 146 29 Cromwell

1268 4547 174 28 Arrowtowu
1550 4545 185 37 Queenstown

1485 4586 63 29 And

1305 4634 56 30 Alll
1383 4634 198 30 Intermediate
1606 4634 105 30 Places.

1267 4717 78 29 Cobb
1359 4717 54 28 and
1439 4715 74 32 Co.'s
1536 4716 155 39 Telegraph
1717 4716 69 30 Line

1228 4758 28 29 of
1271 4758 86 38 Royal
1372 4756 66 31 Mail
1462 4757 122 30 Coaches
1607 4758 77 29 leave
1706 4756 60 29 Law-

1228 4809 80 18 rence
1327 4798 45 29 for
1395 4799 46 28 the
1461 4798 154 29 Beaumont
1635 4798 56 29 and
1712 4798 55 28 Rox-

1228 4840 91 37 burgh
1338 4850 83 27 every
1443 4839 70 37 day;
1534 4840 55 29 and
1610 4840 77 28 leave
1710 4840 57 27 Rox-

1228 4880 91 38 burgh
1352 4880 43 27 for
1427 4880 168 35 Alexandra,
1630 4879 154 36 Cromwell,

1233 4925 176 29 Arrowtowu,
1423 4920 55 29 and
1501 4920 183 37 Queenstown
1701 4930 82 28 every

1225 4961 137 39 Tuesday,
1389 4961 144 39 Thursday
1557 4961 54 30 and
1635 4960 149 39 Saturday,

1226 5003 132 37 reaching
1367 5002 186 36 Queenstown
1563 5003 47 28 the
1619 5012 74 19 same
1702 5011 66 19 even-

1226 5043 58 35 ing.
1329 5047 165 32 Passengers
1508 5042 77 27 leave
1603 5041 131 27 Dunedin
1748 5041 37 35 by

1228 5081 45 28 the
1287 5081 64 28 8.15
1365 5090 64 18 a.m.
1454 5080 70 27 train
1537 5091 8 23 ;
1566 5080 76 27 leave
1663 5078 105 36 Queens-

1228 5125 71 24 town
1315 5131 35 18 on
1364 5131 75 18 same
1453 5120 67 38 days
1534 5123 28 25 at
1578 5120 15 28 5
1604 5130 74 24 a.m.,
1692 5118 78 29 reach-

1227 5163 49 37 ing
1290 5161 156 37 Roxburgh
1466 5167 28 21 at
1508 5161 16 27 8
1540 5170 77 27 p.m.,
1631 5160 56 27 and
1700 5159 72 28 arriv-

1227 5202 51 37 ing
1297 5206 28 23 at
1348 5200 149 30 Lawrence
1519 5205 29 23 at
1578 5201 61 27 1.45
1661 5209 66 28 p.m.
1752 5208 34 19 on

1228 5241 144 35 following
1386 5241 78 35 days.

1267 5281 130 29 Dunedin
1419 5280 130 38 Booking
1565 5278 86 30 Office
1664 5278 44 29 for
1722 5278 50 29 Pas-

1230 5332 114 26 sengers
1358 5321 54 28 and
1428 5320 108 29 Parcels
1548 5332 6 17 :
1583 5319 70 30 N.Z.
1668 5319 122 39 Express

1232 5361 74 30 Co.'s
1322 5361 92 29 Office,
1432 5363 203 31 .\lanse-street,
1651 5359 138 29 Dunedin.

1268 5401 82 30 Head
1376 5401 101 29 Office:
1512 5400 175 35 Peel-street,
1712 5398 59 30 Law-

1233 5452 28 19 re
1265 5453 57 18 nee.

1369 5482 37 29 H.
1428 5480 118 30 CRAiG
1566 5487 24 22 &
1613 5479 67 37 CO.,

1574 5526 181 38 Proprietors.

1327 5642 127 28 valuable
1465 5642 58 26 free
1534 5641 78 28 Book
1623 5641 169 38 concerning

1235 5682 167 38 yourselves.
1458 5680 142 29 Professor
1639 5679 153 38 Hermann,

1237 5722 156 40 Specialist,
1420 5722 36 31 40
1491 5720 205 41 Collins-place,
1720 5722 54 29 Mel-

1225 5758 1 36 l
1237 5763 113 31 bourne.

1928 184 167 40 RECORD
2137 183 150 41 TJKIGN.

1920 218 175 36 ■"'ECOJKD

1920 306 99 31 enable
2046 306 47 28 the
2121 303 94 41 public
2239 307 29 25 to
2295 303 83 28 Dross

1907 348 117 29 suitable
2037 351 27 24 to
2076 346 48 28 the
2136 344 134 35 occasion,
2283 345 14 27 I
2310 344 68 28 have

1934 395 183 33 REDUCKD
2139 395 133 29 PRICES

1822 442 29 28 of
1865 450 45 28 my
1923 440 77 35 large
2018 438 56 28 and
2088 436 94 29 varied
2305 437 71 27 viz.:

1896 491 86 35 Suits,
1994 490 39 30 £3
2051 490 49 34 3s;
2123 487 139 35 Trousers,
2283 488 53 29 15s.

1895 532 119 37 Factory
2027 548 11 5 -
2053 528 80 30 made
2176 527 84 37 Suits,
2302 529 71 33 21s;

1969 573 141 32 Trousers,
2123 569 32 29 6s
2170 567 45 30 6d.

1844 625 72 36 Ties,
1931 624 82 39 Caps,
2027 623 111 31 Braces,
2152 621 61 33 &c,
2227 619 35 31 6d
2277 619 75 30 each.

1818 667 78 29 Hard
1910 666 56 29 and
1981 666 62 28 Soft
2057 663 62 29 Felt
2142 670 5 20 I
2156 666 64 31 tats,
2248 663 27 28 Is
2295 661 75 30 each.

1837 745 127 22 REDUCr
1977 743 43 22 »N3
2037 743 30 21 IX
2083 741 53 23 ALL
2150 740 96 22 OTHER
2260 741 89 22 LINES.

1914 810 39 41 E,
2000 808 42 41 A,
2091 805 185 50 HART,

1816 868 106 20 TAILOR
1945 868 16 19 k
1985 863 198 23 GENTLEMEN'S
2208 863 167 21 OUTFITTER.

1874 905 262 29 ScOTLANP-STRKET,
2157 900 162 29 ROXBURGH.

1822 1000 54 35 If
1896 1000 26 30 R
1982 995 393 38 FINLAYSON,

1903 1051 160 22 barrister
2079 1049 61 21 and
2154 1048 155 24 solicitor,

2018 1096 164 33 Lawrencx,

1821 1166 66 28 Will
1914 1162 96 31 attend
2038 1162 46 29 the
2104 1160 152 37 Roxburgh
2280 1159 95 30 Court.

1823 1321 99 37 Money
1933 1324 28 23 to
1972 1317 76 30 Lend
2058 1329 34 16 on
2105 1315 134 30 Freehold
2251 1315 125 38 Security

1853 1453 12 20 ;
1994 1457 226 32 NOVKL.TIES.

1863 1500 138 38 (Suitable
2017 1500 43 29 for
2077 1498 105 38 Young
2194 1496 54 30 and
2263 1495 77 39 Old).

1935 1582 27 28 A
1975 1581 136 38 complete
2125 1579 104 39 display
2244 1578 29 29 of

1823 1623 131 30 FANCY
1986 1621 135 35 GOODS,
2157 1618 220 31 CHRISTMAS

1874 1663 136 35 CARDS,
2050 1661 108 34 TOYS,
2200 1659 133 37 BOOKS,

1947 1703 237 31 MAGAZINES,
2204 1703 49 28 &c.

1822 1782 149 22 BARGAINS
1990 1781 39 22 ON
2047 1781 58 21 THE
2123 1779 137 22 SHILLING
2277 1778 100 21 TABLE.

1947 1847 161 30 Inspection
2129 1845 122 29 Invited.

1882 1934 55 59 F.
1985 1927 343 63 .lEFFKRY.

1827 2013 195 26 BOQKSELLEII,
2036 2011 132 25 CHEMIST,
2182 2010 81 21 NEWS
2280 2009 97 21 AGENT

1974 2037 2 26 .
1989 2039 118 21 .STATION
2115 2039 41 24 ER,
2170 2037 38 21 fco.

1889 2075 141 31 TEVIOT
2060 2071 251 33 DISI'KNSARY.

1910 2184 186 33 ILLIAM
2140 2185 52 34 Vf
2207 2180 169 37 ALONE,

1907 2338 174 41 General
2116 2336 172 45 Grocer,

1844 2482 501 38 SCOTLAND-STREET,

1985 2633 223 31 ROXBURGH.

1821 2745 215 55 HUGH
2110 2741 260 42 BRUCE,

1910 2812 202 31 BOARDING
2140 2809 140 36 HOtJSK,

1847 2864 317 35 WfIITKHATEN-STKBKT,
2188 2862 152 28 JjAWRKNCB

1883 2911 144 39 (Opposite
2043 2909 116 40 English
2174 2908 129 38 Church.)

1830 3003 82 21 FIRST
1929 3002 85 21 CLASS
2037 2997 245 26 ACCOMMODMIOW
2307 2998 54 21 FOR

1905 3029 59 23 TUB
1978 3028 184 23 TRAVELLING
2180 3027 107 22 PUBLIC.

1865 3111 78 30 Good
1967 3109 131 40 Stabling
2123 3109 54 29 and
2199 3106 127 35 Paddock

1969 3149 256 33 Accommodation.

1904 3232 168 27 —Chakgks
2093 3231 158 26 Modkkatb.
2254 3244 37 5 —

1883 3394 137 31 ILLEKS
2084 3392 97 32 FLAT
2237 3391 135 35 HOTEL,

1985 3547 121 23 MILLERS
2132 3546 77 22 FLAT.

1855 3817 32 30 P.
1910 3816 108 29 Laffky

2168 3812 166 40 Proprietor.

1818 3972 256 31 DISSOLUTION
2103 3970 48 31 OL'
2178 3968 169 30 PARTNER-

2048 4025 102 29 SHIP.

1816 4121 166 40 JOHNS
2036 4120 32 38 &
2116 4116 250 42 M'COMBE,

1958 4179 158 28 MILLERS
2136 4177 97 29 FLAT.

2015 4262 155 30 Purchased
2182 4262 45 28 the
2241 4261 129 28 Business

1870 4316 5 6 •
1913 4306 30 29 of
1968 4306 46 28 the
2040 4305 60 29 firm
2130 4304 30 29 of
2191 4302 91 30 John's
2314 4310 55 20 and

1820 4347 146 33 M'Combe,
1981 4346 21 26 it
2016 4346 55 27 will
2095 4346 33 26 be
2151 4344 81 27 taken
2254 4352 67 18 over
2339 4353 31 15 as

1818 4386 70 29 from
1902 4386 47 29 the
1967 4385 63 29 isth
2043 4385 66 34 inst,
2125 4383 55 29 and
2203 4382 52 28 will
2271 4382 82 27 hence-

1818 4426 117 29 forward
1962 4426 34 28 be
2022 4424 107 30 carried
2147 4434 35 18 on
2210 4422 88 28 under
2323 4422 47 28 the

1818 4476 80 19 name
1911 4466 29 29 of
1989 4464 31 31 fl.

1854 4506 48 28 All
1935 4510 130 25 accounts
2102 4505 94 37 owing
2227 4506 73 25 must
2336 4502 35 28 be

1817 4546 100 30 settled
1937 4551 29 24 at
1985 4557 78 18 once.

1969 4603 33 30 E.
2041 4600 185 38 JOHNS,

1829 4658 116 23 GROCER
1959 4659 62 21 AND
2039 4657 136 23 GENERAL
2190 4654 166 24 MERCHANT.

2018 4723 155 23 AGENCIES:

1817 4764 175 29 Manchester
2006 4763 63 29 Fire
2084 4763 148 28 Insurance
2248 4760 48 31 Go.

1816 4805 159 29 Australian
1985 4804 108 29 Mutual
2102 4803 149 28 Provident
2260 4800 111 38 Society

1820 4910 127 57 WM.
1976 4905 392 67 KINASTON,

1877 4997 243 44 Hermitage
2158 4993 149 42 Street,

1992 5054 224 32 Roxburgh,

1821 5115 237 37 carpenter,
2087 5113 173 31 builder

1822 5190 6 8 .
1850 5190 6 8 .
1879 5190 7 8 .
1909 5191 6 7 .
1936 5167 166 30 PICTURE
2129 5165 168 36 FRAMER,
2319 5174 55 19 and

1965 5229 269 41 Undertaker,

1822 5328 109 29 Picture
1945 5327 171 38 Mouldings,
2129 5326 119 32 Glasses,
2269 5325 105 37 Paints,

1887 5368 55 28 and
1968 5366 229 39 Paperhangings
2221 5367 29 27 of
2270 5366 36 29 all

1932 5408 182 39 descriptions
2127 5408 29 28 in
2174 5406 88 30 stock.

1822 5459 102 31 Orders
1937 5459 86 31 taken
2045 5460 44 29 for
2108 5458 100 40 supply
2221 5458 29 30 of
2262 5458 113 30 Timber

1964 5500 29 30 in
2006 5511 55 28 any
2074 5499 159 41 quantities.

1822 5585 88 32 W.K.
1923 5585 104 40 having
2048 5584 114 32 secured
2182 5595 16 19 a
2219 5583 156 32 First-class

1982 5653 237 43 HEARSE,

1822 5728 23 30 is
1858 5726 137 41 prepared
2008 5729 28 26 to
2056 5725 121 30 conduct
2196 5724 133 33 Funerals
2347 5728 28 29 in

1922 5767 36 30 all
1972 5769 76 37 parts
2060 5766 30 31 of
2102 5766 49 30 the
2164 5766 120 33 district*

2754 197 442 60 DJMANTIDE

2632 299 105 32 WAIT
2763 299 75 30 FOR
2861 298 53 30 NO
2941 294 370 38 MAN.—(Shakesphere.)

2408 395 155 56 NEVER
2582 394 95 29 before
2690 393 27 29 in
2731 392 47 29 the
2791 391 106 38 history
2910 390 30 29 of
2952 390 47 28 the
3024 389 123 30 author's
3160 387 140 30 residence
3319 387 30 28 in
3371 384 91 39 Otago
3481 384 50 28 has

2497 435 67 28 such
2577 445 15 18 a
2605 435 106 37 variety
2724 433 29 30 of
2763 433 70 37 style
2847 432 70 28 been
2930 430 104 29 offered
3046 435 29 24 to
3088 440 16 19 a
3117 428 220 38 discriminating
3349 425 98 41 people
3461 434 31 18 as
3511 423 24 29 is

2405 485 62 18 now
2481 474 135 37 showing.

2481 514 123 29 Colonial
2624 513 54 30 and
2704 511 176 31 Continental
2905 511 99 39 Sheep,
3022 510 118 29 Foreicm
3163 508 170 35 Silkworms,
3359 506 47 30 the
3427 505 104 29 Cotton

2405 554 93 29 Fields
2512 555 28 28 of
2554 555 130 36 England
2698 553 53 29 and
2767 553 127 28 America
2906 552 70 27 have
2999 551 71 28 been
3093 549 126 39 stripped
3239 549 44 29 for
3295 548 47 28 the
3361 555 121 30 purpose
3505 544 29 29 of

2404 595 192 38 contributing
2606 601 29 23 to
2648 595 47 28 the
2709 595 75 28 show
2799 593 88 28 which
2900 592 48 29 the
2962 591 183 38 Advertising
3157 590 110 29 Author
3279 589 49 28 has
3342 588 47 28 the
3398 585 135 41 privilege

2403 635 29 30 of
2452 636 164 39 presenting
2630 639 28 25 to
2671 634 36 29 all
2721 633 55 30 and
2790 633 113 37 sundry.

2480 677 189 34 Dress-stuffs,
2684 675 150 36 Shirtings,
2847 674 196 34 Flannelettes,
3057 672 95 40 Poplin
3160 672 123 34 Lustres,
3293 670 103 35 Priuts,
3408 667 126 35 Sateens,

2405 715 130 37 Muslins,
2550 715 136 35 Galateas,
2700 715 82 34 Hats,
2796 713 168 37 Trimmings
2980 715 39 34 (as
3033 713 95 34 Laces,
3153 712 130 34 Flowers,
3305 706 152 39 Ribbons),
3481 706 56 29 and

2405 766 67 19 —as
2488 756 46 29 the
2547 756 68 29 door
2628 765 99 28 swung
2740 764 80 29 open,
2834 754 73 27 what
2919 753 37 29 do
2969 763 54 28 you
3037 752 81 29 think
3132 762 40 19 we
3186 761 54 19 saw
3243 767 36 5 —

2743 805 50 39 (To
2806 805 35 30 be
2853 804 148 31 continued
3015 805 28 28 in
3056 814 50 19 our
3118 804 88 37 next.)

2638 879 98 69 B.
2827 873 488 89 DXMAHT,

2552 983 103 29 CASH
2676 981 163 35 DRAPER,
2861 979 204 36 CLOTHIER,
3085 979 81 28 *ND
3187 977 209 30 IMPORTER.

2786 1032 72 27 Rosa
2880 1030 95 35 Place,
2996 1030 163 28 Lawrench.

2924 1223 144 29 TAILOR
3096 1223 83 29 AND
3208 1221 164 30 HATTER.

2798 1304 41 22 AM
2853 1302 160 27 acknowledged
3028 1303 22 20 to
3063 1301 25 22 be
3101 1301 74 23 second
3188 1304 22 19 to
3224 1308 52 15 none
3290 1301 32 23 for

2796 1364 140 30 STYLE!

2943 1403 193 38 QUALITY!

3113 1441 317 33 WORKMANSHIP!

2457 1872 71 39 3ss

2931 1566 159 26 15E3IPENTS
3115 1566 37 21 OF
3177 1565 188 22 ROXBURGH-

2755 1596 81 27 Kindly
2846 1603 21 13 re
2869 1602 46 14 men
2924 1595 35 21 l>er
2974 1595 46 20 that
3029 1594 67 26 owing
3108 1595 22 19 to
3140 1600 35 20 my
3184 1594 99 19 immense
3292 1592 130 26 assortment,
3433 1592 36 21 the
3478 1591 59 22 Show

2806 1625 19 19 in
2837 1623 35 21 the
2884 1623 104 21 Windows
2998 1623 17 21 is
3024 1621 49 28 only
3082 1628 12 14 a
3103 1628 49 20 very
3162 1621 57 20 small
3231 1623 47 25 part
3283 1619 22 22 of
3314 1627 33 20 niy
3358 1620 130 22 Exhibition.

2808 1692 111 26 Intending
2928 1691 118 22 Customers
3057 1689 40 22 will
3109 1690 40 21 find
3158 1689 45 21 that
3213 1689 10 22 I
3233 1689 52 22 have
3295 1688 60 22 made
3363 1688 35 22 the
3404 1688 65 22 inside
3475 1688 22 22 of
3502 1694 35 21 my

2754 1721 162 20 Establishment
2934 1719 107 26 especially
3060 1717 118 26 attracive,
3195 1717 40 21 and
3253 1717 103 21 earnestly
3371 1717 65 21 invite
3452 1723 43 20 you
3516 1718 21 19 to

2755 1752 84 17 saunter
2853 1747 89 26 through
2960 1747 36 21 the
3015 1746 80 22 various
3112 1745 147 27 Departments
3273 1744 41 23 and
3329 1744 83 27 luspeot
3421 1743 36 23 the
3467 1743 70 23 Latest

2755 1775 107 23 Fashions.

2792 1842 186 31 OPPOSITE
2999 1841 110 31 BANK
3131 1840 48 30 OF
3198 1840 92 30 NEW
3309 1839 192 38 ZEALAND,

3079 1882 163 29 Lawkkncb.

3061 2022 76 94 0.
3180 2021 229 93 UfIMT

2581 2158 77 30 BEG
2683 2157 49 30 TO
2757 2155 217 32 ANNOUNCE
2996 2154 105 31 THAT
3126 2154 105 30 THEY
3256 2152 110 31 HAVE

2435 2236 452 58 PURCHASED
2923 2234 153 57 THE
3108 2232 404 57 GOODWILL

2702 2345 72 20 —OF
2797 2343 54 22 THI
2876 2331 193 34 BUSINESS
3094 2341 34 22 OF
3151 2340 93 23 THE—

2526 2415 259 53 Mutual
2820 2413 263 65 Ag©aey
3118 2412 126 62 Co.!
3277 2411 155 65 &td.,
3473 2445 6 9 -

2443 2520 138 40 Together
2595 2518 66 30 with
2675 2517 72 31 their
2770 2515 227 37 BCILDINGS,
3016 2514 90 31 which
3119 2514 54 30 will
3186 2514 163 31 henceforth
3361 2525 38 29 go
3412 2514 90 31 under

2881 2558 48 29 the
2942 2567 81 19 name
3035 2556 30 30 of

2408 2639 658 92 DALGETY'S
3107 2639 424 87 STORE.

2481 2848 84 30 These
2589 2846 95 30 Stores
2706 2855 47 19 are
2776 2848 131 34 amongst
2927 2843 48 31 the
2998 2843 118 40 Largest
3137 2841 54 31 and
3212 2843 222 40 Best-equipped
3447 2843 28 30 in
3489 2843 46 30 the

2404 2889 114 37 C«lonv,
2532 2889 55 29 and
2609 2898 52 18 our
2683 2885 106 30 friends
2811 2896 63 28 may
2897 2885 140 30 therefore
3058 2884 59 38 rely
3138 2894 75 28 upon
3236 2883 73 29 their
3328 2884 207 40 consignments

2404 2932 84 38 being
2500 2931 95 28 shown
2610 2933 29 24 to
2654 2928 48 28 the
2716 2927 62 29 best
2791 2926 158 39 advantage
2963 2925 78 29 when
3055 2924 121 39 exposed
3189 2923 45 30 for
3247 2923 65 31 sale.

2421 3079 119 30 Auotion
2556 3078 77 29 Sales
2646 3078 30 28 of
2690 3074 181 40 Sheepskins,
2884 3075 195 36 Kabbitskins,
3092 3074 98 38 Hides,
3203 3074 114 37 Tallow,
3328 3074 61 37 &c,
3401 3076 117 39 weekly.

2633 3224 76 28 Send
2735 3223 45 29 for
2803 3232 52 20 our
2881 3222 106 30 Advice
3008 3221 89 30 Notes
3122 3222 55 30 and
3201 3222 113 30 Labels.

2598 3357 95 50 To
2754 3357 212 60 &m®Qp
3028 3356 312 52 Qwi@f®;

2963 3555 27 41 i

3007 3636 26 18 n

2896 3726 30 42 i

2669 3836 39 32 IS
2732 3835 219 32 ANNUALLY
2976 3835 104 32 USED
3106 3830 108 34 UPON
3239 3829 27 30 A

2402 3915 353 65 QUARTER
2770 3932 37 23 of
2820 3933 58 22 the
2892 3913 288 59 SHEEP»
3193 3927 59 23 THE
3274 3901 254 61 WORLD

2437 4030 60 30 ITS
2518 4030 236 31 BENEFICIAL
2776 4030 169 31 EFFECTS
2963 4028 82 29 AND
3064 4025 167 32 LASTING
3254 4016 234 37 PROPERTIES

2804 4082 129 31 ALONE
2959 4080 114 30 MAKE
3099 4078 39 32 IT

2401 4141 153 56 T[IE
2595 4140 398 60 CHEAPEST
3027 4137 95 58 OF
3161 4135 144 60 ALL
3343 4129 188 59 DIPS.

2399 4244 247 36 figjK'uOCUKABLE
2674 4253 72 20 FBOM

2890 4281 104 30 JOHN
3020 4278 221 37 THOMPSON,
3264 4278 159 32 Lawrence,

2813 4334 63 29 And
2899 4335 71 28 from
2992 4334 36 28 all
3052 4333 88 29 Stock
3161 4332 56 30 and
3241 4331 110 29 Station
3373 4330 121 35 Agents.

2446 4412 176 44 Murray,
2650 4411 176 36 Roberts
2858 4410 80 36 and
2970 4409 90 43 Co.,
3093 4415 82 30 Chief
3201 4415 109 36 Agents
3330 4412 45 29 for
3398 4410 100 36 Otago.

2888 4795 30 56 I

2818 4852 11 13 r

2861 4883 27 32 8

3137 4892 130 99 m

2736 5067 32 19 S£

2523 5119 156 59 NEW
2739 5120 245 59 RAPID
3033 5119 388 61 BICYCLES.

2409 5224 58 34 QT.
2482 5222 116 22 GEORGE
2613 5221 206 24 ENGINEERING
2831 5223 52 26 CO.,
2897 5223 103 27 LiMiTßft,
3013 5231 35 14 are
3057 5224 37 20 the
3102 5224 81 21 Makers
3192 5223 25 21 of
3223 5223 36 21 the
3268 5223 49 26 only
3328 5223 81 26 Bicycle
3419 5224 114 27 possessing

2407 5244 33 36 jjj
2469 5250 21 23 in
2499 5251 71 26 happy
2578 5250 138 21 combination
2728 5251 35 20 the
2774 5251 114 26 perfection
2897 5251 22 20 of
2926 5251 57 21 those
2989 5252 97 26 qualities
3092 5256 52 16 most
3150 5251 85 21 coveted
3241 5251 26 26 by
3276 5251 134 26 experienced
3420 5252 112 26 Cyclists—

2576 5283 200 31 STABILITY
2796 5284 7 31 f
2880 5284 123 31 SPEED
3018 5286 6 29 !
3102 5284 244 32 DURABILITY
3361 5285 7 29 !

2452 5326 48 21 This
2510 5325 43 21 fact
2561 5324 38 21 has
2608 5324 82 22 become
2699 5325 103 25 generally
2812 5326 116 26 recognised
2939 5326 21 21 in
2968 5326 106 28 Tuapeka,
3085 5326 40 22 and
3135 5328 19 20 iu
3165 5333 139 21 consequeno3
3320 5326 10 21 I
3345 5333 34 15 am
3393 5326 56 28 daily
3458 5327 74 27 selling

2402 5353 57 21 thesH
2469 5352 105 22 Machines
2585 5354 21 19 to
2617 5353 87 25 Cyclists
2715 5353 44 20 who
2770 5354 50 19 have
2831 5354 50 20 been
2890 5354 144 26 disappointed
3045 5355 26 23 by
3080 5355 60 20 other
3150 5355 76 25 makes,
3238 5355 41 21 and
3290 5354 45 21 who
3344 5360 35 15 are
3384 5354 54 27 glad,
3449 5355 84 27 indeed,

2403 5380 31 21 for
2444 5387 32 14 me
2486 5383 21 17 to
2517 5380 59 20 make
2585 5380 58 20 them
2650 5387 25 13 an
2685 5380 110 20 allowance
2805 5380 31 20 for
2847 5381 55 20 their
2912 5381 105 21 discarded
3029 5384 83 18 mounts

2403 5419 56 36 As
2470 5420 93 35 Part
2575 5419 193 44 Payment
2777 5418 67 36 for
2852 5430 24 25 a
2888 5420 188 37 Machine
3085 5421 93 44 they
3188 5432 79 26 can
3281 5421 170 45 Depend
3465 5432 67 27 on.

2457 5505 66 22 Those
2533 5504 45 22 whs
2587 5511 34 15 are
2631 5507 37 19 not
2680 5505 22 21 in
2711 5512 12 14 a
2732 5505 88 27 position
2831 5507 22 20 to
2862 5507 100 26 purchase
2972 5514 38 14 one
3019 5507 22 21 of
3050 5507 57 22 these
3117 5507 53 22 ideal
3180 5507 68 22 steeds
3258 5514 37 15 can
3304 5507 72 22 obtain
3387 5507 53 22 from
3452 5515 33 16 me

2523 5533 70 29 New
2615 5541 56 21 and
2696 5533 200 31 Second-hand
2923 5535 132 29 Bicycles
3078 5535 29 30 of
3130 5546 84 25 every
3236 5535 179 39 description.

2622 5592 691 90 CHARLES~STOKES,

2561 5692 218 32 MERCHANT
2811 5693 152 38 TAILOR,
2988 5694 71 29 Ross
3090 5693 99 37 Place,
3214 5693 162 31 Lawrence.

2812 5747 95 38 Agent
2932 5746 44 29 for
3001 5746 140 38 Tuapeka.

2461 5787 125 27 Catalogues
2598 5794 27 15 ob
2638 5785 141 29 Applieatloa.
3019 5785 109 23 ~r-Wben
3140 5785 101 28 Ordering
3254 5786 93 23 Mention
3363 5787 42 23 this
3417 5788 74 24 Paper.

3567 216 257 44 Speargrass
3858 210 91 39 Flat
3988 205 130 40 Hotel

3667 277 101 29 BALD
3792 274 94 30 HILL
3911 271 110 31 FLAT.

3564 360 92 21 JAMES
3667 358 154 22 FALCONER

3972 354 143 20 Proprietor

3565 434 8 11 f
3582 428 82 28 rHE
3677 427 87 29 above
3779 425 85 29 Hotel
3877 422 57 30 will
3947 422 35 29 be
3996 418 89 31 found
4104 428 18 17 a

3572 467 31 15 -*•
3647 471 74 26 most
3746 464 182 32 comfortable
3957 461 56 30 aud
4044 458 61 31 well-

3563 507 151 41 appointed
3727 506 95 30 House
3837 505 37 37 by
3898 502 154 30 Travellers
4065 499 56 29 and

3565 551 47 28 the
3622 548 95 40 public
3730 546 153 40 generally.
3923 544 119 28 Patrons
4057 549 64 28 may

3564 590 58 38 rely
3634 600 36 18 on
3683 598 84 28 every
3784 585 138 31 attention
3937 583 85 38 being
4035 581 86 40 given

3564 634 28 26 to
3603 630 72 29 their
3687 628 129 30 comfort.

3563 705 45 28 An
3621 703 159 29 Excellent
3793 701 90 28 Table
3895 700 121 28 Always
4029 696 91 28 Kbpt,

3626 775 73 39 Only
3714 775 47 29 the
3775 774 67 29 Best
3855 772 119 40 Liquors
3988 769 78 39 Kept

3770 815 30 29 in
3814 813 97 31 Stock.

3566 870 159 29 First-class
3739 868 139 37 Stabling,
3892 866 68 29 with
3977 865 102 29 Groom
4092 863 31 28 in

3758 907 176 29 attendance.

3627 997 220 32 AILWAY
3924 993 201 36 HOTEL,

3659 1065 66 21 ROSS
3744 1063 98 26 PLACE,
3863 1061 170 23 LAWRENCE.

3567 1132 110 37 John
3704 1129 151 45 Laffey,
3885 1127 237 46 Proprietor

3644 1188 80 37 (Late
3737 1187 30 29 of
3779 1186 145 30 Havelock
3937 1185 106 38 Hotel.)

3604 1268 63 29 J.L.
3680 1268 71 37 begs
3771 1270 29 26 to
3812 1266 127 28 intimate
3951 1265 62 29 that
4024 1265 36 29 he
4071 1265 53 29 ha»

3568 1307 155 41 purchased
3753 1306 48 30 the
3831 1305 89 30 above
3945 1303 178 31 well-known

3569 1349 141 38 Hostelry,
3718 1347 56 29 and
3789 1347 93 38 hopes,
3891 1347 38 36 by
3939 1345 80 29 strict
4030 1348 78 26 atten-

3570 1390 57 30 tion
3640 1393 29 25 to
3681 1388 48 30 the
3738 1387 118 31 comfort
3864 1387 30 29 of
3906 1385 153 31 Travellers
4067 1384 56 31 and

3569 1431 48 30 the
3628 1430 94 40 public
3735 1428 150 40 generally,
3898 1431 30 27 to
3942 1430 73 27 meet
4026 1426 68 30 with
4106 1436 20 20 a

3567 1471 54 29 fair
3633 1470 80 30 share
3725 1470 29 29 of
3766 1473 162 35 patronage.

3605 1510 59 31 The
3687 1509 122 40 Railway
3830 1508 24 31 is
3876 1519 52 20 one
3941 1507 30 31 of
3983 1507 48 31 the
4043 1507 62 31 best-

3566 1551 149 40 appointed
3727 1550 99 30 Hotels
3834 1549 108 31 outside
3949 1548 31 30 of
3992 1548 129 30 Dunedin

3567 1592 97 31 Under
3676 1590 87 31 J.L.'s
3777 1593 202 37 management,
3989 1588 48 30 the
4047 1598 55 20 com-

3566 1634 56 29 fort
3634 1633 30 29 of
3672 1637 113 35 patrons
3794 1630 54 30 will
3857 1632 37 29 be
3904 1630 79 30 made
3993 1640 17 18 a
4019 1628 103 40 special

3565 1674 116 35 feature,
3694 1673 55 29 and
3761 1682 37 20 no
3810 1672 82 30 effort
3902 1671 55 30 will
3972 1670 35 30 be
4021 1669 100 41 spared

3565 1719 29 25 to
3607 1715 65 39 give
3684 1722 84 29 every
3781 1712 181 29 satisfaction.

3565 1787 59 30 The
3636 1787 63 29 best
3712 1786 103 30 brands
3828 1786 30 29 of
3878 1785 107 36 Wines,
4009 1783 114 40 Spirits,

3601 1827 56 30 and
3672 1827 67 30 Ales
3750 1826 102 39 always
3862 1825 78 40 .kept
3952 1825 29 28 in
3994 1823 90 31 stock.

3566 1902 129 38 Simpson
3707 1900 56 29 and
3777 1899 98 29 Hart's
3888 1899 66 29 Ales
3967 1898 103 39 always
4083 1908 37 18 on

3812 1939 69 40 Tap.

3566 2015 157 29 First-class
3735 2015 129 37 Stabling
3876 2012 246 30 Accommodation

3572 2077 280 59 MASONIC

3660 2140 68 21 ROSS
3741 2138 97 26 PLACE,
3852 2137 168 23 LAWRENCE.

3565 2208 34 31 R.
3619 2208 113 31 WEBB
3935 2206 184 31 Peopribtor.

3601 2289 59 30 The
3711 2288 124 31 Masonic
3890 2287 102 30 affords
4014 2286 37 30 all
4069 2286 49 30 the

3564 2329 131 31 comforts
3707 2329 30 31 of
3747 2340 18 19 a
3777 2328 89 38 home,
3876 2327 56 32 and
3945 2327 24 31 is
3982 2325 133 43 provided

3563 2370 68 29 with
3643 2370 48 30 the
3711 2380 67 28 very
3796 2370 63 29 best
3872 2368 246 31 Accommodation

3562 2410 46 30 for
3631 2408 162 33 Travellers.
3831 2408 158 31 First-class
4021 2407 95 31 Tabid.

3563 2451 68 30 Best
3650 2449 97 31 Wines
3768 2450 54 31 and
3844 2450 101 40 Spirits
3967 2448 102 40 always
4087 2447 31 30 in

3563 2490 90 31 stock.

3683 2558 134 22 CHARGES
3834 2557 161 23 MODERATE.

3598 2612 59 31 The
3680 2613 160 40 Proprietor
3864 2612 99 31 wishes
3988 2615 29 27 to
4040 2611 76 31 draw

3563 2653 108 41 Special
3695 2654 136 30 attention
3855 2657 30 26 to
3913 2653 46 30 the
3984 2651 132 41 Stabling

3563 2695 245 30 Accommodation
3826 2694 143 39 provided,
3982 2693 91 30 which
4091 2693 24 30 is

3563 2735 153 34 unlimited,
3729 2735 55 29 and
3796 2735 30 29 of
3838 2736 47 27 the
3898 2735 62 28 best
3973 2733 78 30 kind.

3629 2798 232 31 JCTOKIA
3935 2798 28 28 H
3974 2799 24 28 0
4011 2796 23 30 T
4047 2799 24 27 HI
4083 2797 34 32 L,

3651 2865 71 23 PEEL
3734 2865 111 27 STREET,
3862 2864 169 23 LAWRENCE.

3587 2958 170 37 Ronald
3786 2956 309 36 Montgomery,

3753 3014 180 31 Propeietoh.

3564 3108 60 30 One
3645 3108 30 29 of
3695 3107 48 30 the
3763 3110 72 26 most
3859 3106 182 30 comfortable
4061 3105 61 31 and

3589 3146 232 33 best-conducted
3834 3146 154 30 Hostelries
3998 3157 36 20 on
4043 3146 52 31 the-

3713 3187 90 38 Otago
3816 3187 160 30 Goldfields.

3663 3278 58 21 HOT
3742 3276 63 23 AND
3824 3276 75 22 COLD
3916 3276 104 22 BATHS,

3588 3347 111 30 Sample
3718 3346 96 29 Rooms
3834 3354 51 20 for
3903 3344 186 32 Travellers.

3562 3426 166 40 Passengers
3735 3426 86 29 galled
3830 3426 44 29 for
3881 3426 47 29 the
3935 3426 76 39 early
4019 3426 96 35 Train..

3565 3573 62 63 D.
3674 3572 61 62 M

3768 3571 167 26 ITCU
3969 3572 19 24 B
4020 3570 20 27 L
4069 3571 24 26 L

3619 3718 71 27 the
3734 3716 160 28 popular
3929 3715 122 32 houßk,

3740 3780 198 27 Lawrence.

3573 3864 12 18 s
3597 3864 50 16 now
3665 3854 104 33 opening
3787 3862 31 22 up
3838 3852 38 24 his
3900 3850 65 26 First
3985 3851 126 30 Shipment

3575 3900 25 25 of
3615 3898 144 27 SUMMEII
3775 3895 167 30 DKIPKRY,
3960 3894 131 27 consisting

3573 3944 25 25 of
3606 3944 29 25 all
3647 3945 39 24 the
3695 3946 68 22 latest
3775 3941 117 26 novelties
3901 3942 35 23 for
3948 3940 38 25 the
3995 3941 114 29 coming.,

3641 3993 51 15 s-aa
3703 3992 27 16 hi,
3750 3981 47 26 and
3812 3989 76 23 pr'ces
3902 3983 22 21 to
3943 3980 96 23 match..

3678 4022 122 28 Millinery
3814 4027 14 17 a
3852 4019 140 31 Speciality.

3718 4175 27 6 —
3754 4160 76 26 Visits
3865 4159 91 25 Millers
3983 4157 44 25 Fla
4076 4157 32 25 nl

3563 4201 129 32 roxourgb
3702 4207 73 24 every
3790 4200 36 23 six
3843 4198 86 24 week*.

3647 4358 505 98 !)BEGDSHEN(*,

4040 4496 43 20 TO

3982 4533 46 23 her
4034 4528 112 27 Majesty

3577 4576 159 21 warrant
3993 4571 50 21 the
4052 4564 92 31 Queen.

3578 4614 38 28 AND
3622 4614 26 28 BY
3658 4612 86 30 SPECIAL
3750 4603 401 38 MRAHTTOHMTHEPRINCEOFWALES.

3916 4669 28 100 8

3714 5039 27 48 1

3805 5048 32 23 ££

3655 5072 32 31 m

3676 5101 33 27 B

4136 5101 27 43 9

4059 5120 47 26 m

4112 5124 42 15 v-\

4037 5143 30 24 J*

3894 5195 34 15 •-/.'.'

3956 5509 33 65 I

3589 5658 175 38 TOTHILL,
3783 5660 173 38 WATSON,
3977 5661 24 30 &
4022 5661 66 37 CO.,

3662 5731 155 36 Esk-.street.;
3827 5735 163 32 Invercargill,

3589 5777 56 27 So'e
3659 5779 90 34 Agents
3763 5779 37 26 for
3814 5781 81 32 Otago.
3907 5781 49 26 and
3974 5781 144 27 Southland-
