<?xml version="1.0" encoding="UTF-8"?>
<alto xmlns:xsi="http://www.w3.org/2001/XMLSchema-instance" xsi:noNamespaceSchemaLocation="//docstorage/impdata$/docWORKS/schema/alto-1-2.xsd" xmlns:xlink="http://www.w3.org/TR/xlink">
	<Description>
		<MeasurementUnit>mm10</MeasurementUnit>
		<sourceImageInformation>
			<fileName>//nasserver-9/impdata$/IN/NZ_5/OO/1892/06/04/00200.TIF</fileName>
		</sourceImageInformation>
		<OCRProcessing ID="OCRPROCESSING_1">
			<preProcessingStep>
				<processingSoftware>
					<softwareCreator>CCS Content Conversion Specialists GmbH, Germany</softwareCreator>
					<softwareName>CCS docWORKS</softwareName>
					<softwareVersion>6.2-1.18</softwareVersion>
				</processingSoftware>
			</preProcessingStep>
			<ocrProcessingStep>
				<processingSoftware>
					<softwareCreator>ABBYY (BIT Software), Russia</softwareCreator>
					<softwareName>Finereader</softwareName>
				</processingSoftware>
			</ocrProcessingStep>
		</OCRProcessing>
	</Description>
	<Styles>
		<TextStyle ID="TXT_0" FONTSIZE="8" FONTFAMILY="Times New Roman"/>
		<TextStyle ID="TXT_1" FONTSIZE="9" FONTFAMILY="Times New Roman"/>
		<TextStyle ID="TXT_2" FONTSIZE="12" FONTFAMILY="Times New Roman"/>
		<TextStyle ID="TXT_3" FONTSIZE="12" FONTFAMILY="Times New Roman" FONTSTYLE="italics"/>
		<TextStyle ID="TXT_4" FONTSIZE="14" FONTFAMILY="Times New Roman"/>
		<TextStyle ID="TXT_5" FONTSIZE="10" FONTFAMILY="Times New Roman"/>
		<TextStyle ID="TXT_6" FONTSIZE="10" FONTFAMILY="Times New Roman" FONTSTYLE="italics"/>
		<TextStyle ID="TXT_7" FONTSIZE="9" FONTFAMILY="Arial" FONTSTYLE="bold"/>
		<TextStyle ID="TXT_8" FONTSIZE="22" FONTFAMILY="Arial"/>
		<TextStyle ID="TXT_9" FONTSIZE="9" FONTFAMILY="Times New Roman" FONTSTYLE="italics"/>
		<TextStyle ID="TXT_10" FONTSIZE="19" FONTFAMILY="Times New Roman"/>
		<TextStyle ID="TXT_11" FONTSIZE="16" FONTFAMILY="Times New Roman"/>
		<TextStyle ID="TXT_12" FONTSIZE="7" FONTFAMILY="Times New Roman" FONTSTYLE="bold"/>
		<TextStyle ID="TXT_13" FONTSIZE="11" FONTFAMILY="Courier New"/>
		<TextStyle ID="TXT_14" FONTSIZE="15" FONTFAMILY="Times New Roman"/>
		<TextStyle ID="TXT_15" FONTSIZE="13" FONTFAMILY="Times New Roman"/>
		<TextStyle ID="TXT_16" FONTSIZE="24" FONTFAMILY="Times New Roman" FONTSTYLE="bold"/>
		<ParagraphStyle ID="PAR_LEFT" ALIGN="Left"/>
		<ParagraphStyle ID="PAR_BLOCK" ALIGN="Block"/>
		<ParagraphStyle ID="PAR_RIGHT" ALIGN="Right"/>
	</Styles>
	<Layout>
		<Page ID="P2" PHYSICAL_IMG_NR="2" HEIGHT="3870" WIDTH="2480" ACCURACY="97.59">
			<TopMargin ID="P2_TM00001" HPOS="0" VPOS="0" WIDTH="2480" HEIGHT="45"/>
			<LeftMargin ID="P2_LM00001" HPOS="0" VPOS="45" WIDTH="48" HEIGHT="3775"/>
			<RightMargin ID="P2_RM00001" HPOS="2428" VPOS="45" WIDTH="52" HEIGHT="3775"/>
			<BottomMargin ID="P2_BM00001" HPOS="0" VPOS="3820" WIDTH="2480" HEIGHT="49"/>
			<PrintSpace ID="P2_PS00001" HPOS="48" VPOS="45" WIDTH="2380" HEIGHT="3775">
				<TextBlock ID="P2_TB00001" HPOS="681" VPOS="1509" WIDTH="456" HEIGHT="131" STYLEREFS="TXT_0 PAR_LEFT">
					<TextLine ID="P2_TL00001" HPOS="681" VPOS="1570" WIDTH="456" HEIGHT="19" CS="1">
						<String ID="P2_ST00001" HPOS="681" VPOS="1570" WIDTH="110" HEIGHT="19" CONTENT="Oxford" WC="1.00" CC="000000"/>
						<SP ID="P2_SP00001" HPOS="791" VPOS="1589" WIDTH="18"/>
						<String ID="P2_ST00002" HPOS="809" VPOS="1570" WIDTH="55" HEIGHT="19" CONTENT="and" WC="1.00" CC="000"/>
						<SP ID="P2_SP00002" HPOS="864" VPOS="1589" WIDTH="18"/>
						<String ID="P2_ST00003" HPOS="882" VPOS="1570" WIDTH="73" HEIGHT="19" CONTENT="Cust" WC="1.00" CC="0000"/>
						<SP ID="P2_SP00003" HPOS="955" VPOS="1589" WIDTH="18"/>
						<String ID="P2_ST00004" HPOS="973" VPOS="1570" WIDTH="164" HEIGHT="19" CONTENT="Obserber." WC="1.00" CC="000000000"/>
					</TextLine>
					<TextLine ID="P2_TL00002" HPOS="681" VPOS="1589" WIDTH="456" HEIGHT="22" CS="1">
						<String ID="P2_ST00005" HPOS="681" VPOS="1589" WIDTH="241" HEIGHT="22" CONTENT="PUBLISHED" WC="1.00" CC="000000000"/>
						<SP ID="P2_SP00004" HPOS="922" VPOS="1611" WIDTH="27"/>
						<String ID="P2_ST00006" HPOS="949" VPOS="1589" WIDTH="188" HEIGHT="22" CONTENT="WEEKLY." WC="1.00" CC="0000000"/>
					</TextLine>
					<TextLine ID="P2_TL00003" HPOS="684" VPOS="1611" WIDTH="453" HEIGHT="24" CS="1">
						<String ID="P2_ST00007" HPOS="684" VPOS="1611" WIDTH="167" HEIGHT="22" CONTENT="SATURDAY." WC="0.81" CC="210291211" STYLEREFS="TXT_1"/>
						<SP ID="P2_SP00005" HPOS="851" VPOS="1633" WIDTH="18"/>
						<String ID="P2_ST00008" HPOS="869" VPOS="1611" WIDTH="204" HEIGHT="22" CONTENT="MAY" WC="1.00" CC="000" STYLEREFS="TXT_1"/>
						<SP ID="P2_SP00006" HPOS="1073" VPOS="1633" WIDTH="0"/>
						<String ID="P2_ST00009" HPOS="1073" VPOS="1611" WIDTH="64" HEIGHT="22" CONTENT="28th" WC="1.00" CC="0000" STYLEREFS="TXT_1"/>
						<SP ID="P2_SP00007" HPOS="1137" VPOS="1633" WIDTH="-53"/>
						<String ID="P2_ST00010" HPOS="1084" VPOS="1615" WIDTH="53" HEIGHT="20" CONTENT="1592." WC="0.95" CC="01110" STYLEREFS="TXT_1"/>
					</TextLine>
				</TextBlock>
				<TextBlock ID="P2_TB00002" HPOS="652" VPOS="1706" WIDTH="536" HEIGHT="2107" STYLEREFS="TXT_2 PAR_BLOCK">
					<TextLine ID="P2_TL00004" HPOS="700" VPOS="1710" WIDTH="485" HEIGHT="34">
						<String ID="P2_ST00011" HPOS="700" VPOS="1710" WIDTH="144" HEIGHT="31" CONTENT="Consider" WC="0.86" CC="10410401"/>
						<SP ID="P2_SP00008" HPOS="844" VPOS="1741" WIDTH="14"/>
						<String ID="P2_ST00012" HPOS="858" VPOS="1712" WIDTH="48" HEIGHT="29" CONTENT="for" WC="0.94" CC="111"/>
						<SP ID="P2_SP00009" HPOS="906" VPOS="1741" WIDTH="17"/>
						<String ID="P2_ST00013" HPOS="923" VPOS="1724" WIDTH="16" HEIGHT="17" CONTENT="a" WC="0.93" CC="1"/>
						<SP ID="P2_SP00010" HPOS="939" VPOS="1741" WIDTH="16"/>
						<String ID="P2_ST00014" HPOS="955" VPOS="1717" WIDTH="133" HEIGHT="26" CONTENT="moment" WC="0.90" CC="401110"/>
						<SP ID="P2_SP00011" HPOS="1088" VPOS="1743" WIDTH="16"/>
						<String ID="P2_ST00015" HPOS="1104" VPOS="1715" WIDTH="81" HEIGHT="29" CONTENT="what" WC="0.84" CC="1421"/>
					</TextLine>
					<TextLine ID="P2_TL00005" HPOS="658" VPOS="1752" WIDTH="526" HEIGHT="38">
						<String ID="P2_ST00016" HPOS="658" VPOS="1762" WIDTH="17" HEIGHT="18" CONTENT="a" WC="0.74" CC="3"/>
						<SP ID="P2_SP00012" HPOS="675" VPOS="1780" WIDTH="15"/>
						<String ID="P2_ST00017" HPOS="690" VPOS="1752" WIDTH="64" HEIGHT="29" CONTENT="free" WC="0.97" CC="1110"/>
						<SP ID="P2_SP00013" HPOS="754" VPOS="1781" WIDTH="15"/>
						<String ID="P2_ST00018" HPOS="769" VPOS="1762" WIDTH="85" HEIGHT="28" CONTENT="press" WC="0.95" CC="11011"/>
						<SP ID="P2_SP00014" HPOS="854" VPOS="1790" WIDTH="15"/>
						<String ID="P2_ST00019" HPOS="869" VPOS="1754" WIDTH="52" HEIGHT="28" CONTENT="has" WC="0.91" CC="111"/>
						<SP ID="P2_SP00015" HPOS="921" VPOS="1790" WIDTH="26"/>
						<String ID="P2_ST00020" HPOS="947" VPOS="1754" WIDTH="77" HEIGHT="29" CONTENT="done" WC="0.87" CC="1131"/>
						<SP ID="P2_SP00016" HPOS="1024" VPOS="1790" WIDTH="28"/>
						<String ID="P2_ST00021" HPOS="1052" VPOS="1756" WIDTH="132" HEIGHT="29" CONTENT="towards" WC="0.94" CC="0011111"/>
					</TextLine>
					<TextLine ID="P2_TL00006" HPOS="663" VPOS="1792" WIDTH="521" HEIGHT="34">
						<String ID="P2_ST00022" HPOS="663" VPOS="1792" WIDTH="52" HEIGHT="29" CONTENT="the" WC="0.89" CC="112"/>
						<SP ID="P2_SP00017" HPOS="715" VPOS="1821" WIDTH="35"/>
						<String ID="P2_ST00023" HPOS="750" VPOS="1793" WIDTH="219" HEIGHT="30" CONTENT="advancement" WC="0.85" CC="12224041011"/>
						<SP ID="P2_SP00018" HPOS="969" VPOS="1823" WIDTH="36"/>
						<String ID="P2_ST00024" HPOS="1005" VPOS="1795" WIDTH="33" HEIGHT="29" CONTENT="of" WC="0.98" CC="10"/>
						<SP ID="P2_SP00019" HPOS="1038" VPOS="1824" WIDTH="39"/>
						<String ID="P2_ST00025" HPOS="1077" VPOS="1795" WIDTH="107" HEIGHT="31" CONTENT="intelli" SUBS_TYPE="HypPart1" SUBS_CONTENT="intelligence" WC="0.97" CC="10100011"/>
						<HYP CONTENT="-"/>
					</TextLine>
					<TextLine ID="P2_TL00007" HPOS="659" VPOS="1834" WIDTH="526" HEIGHT="40">
						<String ID="P2_ST00026" HPOS="659" VPOS="1844" WIDTH="93" HEIGHT="28" CONTENT="gence" SUBS_TYPE="HypPart2" SUBS_CONTENT="intelligence" WC="0.87" CC="21401"/>
						<SP ID="P2_SP00020" HPOS="752" VPOS="1872" WIDTH="29"/>
						<String ID="P2_ST00027" HPOS="781" VPOS="1834" WIDTH="59" HEIGHT="29" CONTENT="and" WC="0.93" CC="111"/>
						<SP ID="P2_SP00021" HPOS="840" VPOS="1872" WIDTH="29"/>
						<String ID="P2_ST00028" HPOS="869" VPOS="1835" WIDTH="52" HEIGHT="28" CONTENT="the" WC="0.95" CC="101"/>
						<SP ID="P2_SP00022" HPOS="921" VPOS="1872" WIDTH="29"/>
						<String ID="P2_ST00029" HPOS="950" VPOS="1837" WIDTH="168" HEIGHT="37" CONTENT="promotion" WC="0.95" CC="210000111"/>
						<SP ID="P2_SP00023" HPOS="1118" VPOS="1874" WIDTH="34"/>
						<String ID="P2_ST00030" HPOS="1152" VPOS="1837" WIDTH="33" HEIGHT="29" CONTENT="of" WC="0.98" CC="01"/>
					</TextLine>
					<TextLine ID="P2_TL00008" HPOS="661" VPOS="1874" WIDTH="520" HEIGHT="40">
						<String ID="P2_ST00031" HPOS="661" VPOS="1874" WIDTH="176" HEIGHT="38" CONTENT="well-being" WC="0.92" CC="2011111012"/>
						<SP ID="P2_SP00024" HPOS="837" VPOS="1912" WIDTH="13"/>
						<String ID="P2_ST00032" HPOS="850" VPOS="1885" WIDTH="111" HEIGHT="29" CONTENT="among" WC="0.90" CC="22012"/>
						<SP ID="P2_SP00025" HPOS="961" VPOS="1914" WIDTH="19"/>
						<String ID="P2_ST00033" HPOS="980" VPOS="1876" WIDTH="52" HEIGHT="29" CONTENT="the" WC="0.95" CC="110"/>
						<SP ID="P2_SP00026" HPOS="1032" VPOS="1914" WIDTH="29"/>
						<String ID="P2_ST00034" HPOS="1061" VPOS="1887" WIDTH="120" HEIGHT="20" CONTENT="masses." WC="0.90" CC="1121210"/>
					</TextLine>
					<TextLine ID="P2_TL00009" HPOS="658" VPOS="1914" WIDTH="524" HEIGHT="33">
						<String ID="P2_ST00035" HPOS="658" VPOS="1914" WIDTH="31" HEIGHT="29" CONTENT="It" WC="1.00" CC="00"/>
						<SP ID="P2_SP00027" HPOS="689" VPOS="1943" WIDTH="14"/>
						<String ID="P2_ST00036" HPOS="703" VPOS="1915" WIDTH="52" HEIGHT="28" CONTENT="has" WC="0.95" CC="011"/>
						<SP ID="P2_SP00028" HPOS="755" VPOS="1943" WIDTH="23"/>
						<String ID="P2_ST00037" HPOS="778" VPOS="1915" WIDTH="128" HEIGHT="30" CONTENT="enabled" WC="0.95" CC="1011110"/>
						<SP ID="P2_SP00029" HPOS="906" VPOS="1945" WIDTH="27"/>
						<String ID="P2_ST00038" HPOS="933" VPOS="1917" WIDTH="83" HEIGHT="29" CONTENT="them" WC="0.92" CC="0112"/>
						<SP ID="P2_SP00030" HPOS="1016" VPOS="1946" WIDTH="25"/>
						<String ID="P2_ST00039" HPOS="1041" VPOS="1920" WIDTH="33" HEIGHT="25" CONTENT="to" WC="1.00" CC="00"/>
						<SP ID="P2_SP00031" HPOS="1074" VPOS="1946" WIDTH="29"/>
						<String ID="P2_ST00040" HPOS="1103" VPOS="1918" WIDTH="79" HEIGHT="29" CONTENT="form" WC="0.94" CC="1011"/>
					</TextLine>
					<TextLine ID="P2_TL00010" HPOS="660" VPOS="1955" WIDTH="522" HEIGHT="39">
						<String ID="P2_ST00041" HPOS="660" VPOS="1955" WIDTH="138" HEIGHT="39" CONTENT="opinions" WC="0.97" CC="01111011"/>
						<SP ID="P2_SP00032" HPOS="798" VPOS="1994" WIDTH="16"/>
						<String ID="P2_ST00042" HPOS="814" VPOS="1965" WIDTH="39" HEIGHT="20" CONTENT="on" WC="0.96" CC="01"/>
						<SP ID="P2_SP00033" HPOS="853" VPOS="1994" WIDTH="15"/>
						<String ID="P2_ST00043" HPOS="868" VPOS="1957" WIDTH="38" HEIGHT="28" CONTENT="all" WC="0.95" CC="011"/>
						<SP ID="P2_SP00034" HPOS="906" VPOS="1994" WIDTH="30"/>
						<String ID="P2_ST00044" HPOS="936" VPOS="1957" WIDTH="88" HEIGHT="30" CONTENT="kinds" WC="0.91" CC="02211"/>
						<SP ID="P2_SP00035" HPOS="1024" VPOS="1994" WIDTH="29"/>
						<String ID="P2_ST00045" HPOS="1053" VPOS="1958" WIDTH="33" HEIGHT="28" CONTENT="of" WC="0.96" CC="01"/>
						<SP ID="P2_SP00036" HPOS="1086" VPOS="1994" WIDTH="28"/>
						<String ID="P2_ST00046" HPOS="1114" VPOS="1959" WIDTH="68" HEIGHT="28" CONTENT="sub" SUBS_TYPE="HypPart1" SUBS_CONTENT="subjects," WC="0.94" CC="0201"/>
						<HYP CONTENT="-"/>
					</TextLine>
					<TextLine ID="P2_TL00011" HPOS="658" VPOS="1995" WIDTH="525" HEIGHT="40">
						<String ID="P2_ST00047" HPOS="658" VPOS="1995" WIDTH="83" HEIGHT="39" CONTENT="jects," SUBS_TYPE="HypPart2" SUBS_CONTENT="subjects," WC="0.93" CC="111111"/>
						<SP ID="P2_SP00037" HPOS="741" VPOS="2034" WIDTH="36"/>
						<String ID="P2_ST00048" HPOS="777" VPOS="1995" WIDTH="60" HEIGHT="30" CONTENT="and" WC="0.89" CC="211"/>
						<SP ID="P2_SP00038" HPOS="837" VPOS="2034" WIDTH="38"/>
						<String ID="P2_ST00049" HPOS="875" VPOS="1997" WIDTH="117" HEIGHT="38" CONTENT="opened" WC="0.96" CC="012000"/>
						<SP ID="P2_SP00039" HPOS="992" VPOS="2035" WIDTH="37"/>
						<String ID="P2_ST00050" HPOS="1029" VPOS="2000" WIDTH="32" HEIGHT="27" CONTENT="to" WC="0.98" CC="10"/>
						<SP ID="P2_SP00040" HPOS="1061" VPOS="2035" WIDTH="43"/>
						<String ID="P2_ST00051" HPOS="1104" VPOS="1999" WIDTH="79" HEIGHT="29" CONTENT="their" WC="0.95" CC="11011"/>
					</TextLine>
					<TextLine ID="P2_TL00012" HPOS="660" VPOS="2036" WIDTH="523" HEIGHT="41">
						<String ID="P2_ST00052" HPOS="660" VPOS="2036" WIDTH="96" HEIGHT="29" CONTENT="minds" WC="0.84" CC="51101"/>
						<SP ID="P2_SP00041" HPOS="756" VPOS="2065" WIDTH="23"/>
						<String ID="P2_ST00053" HPOS="779" VPOS="2037" WIDTH="51" HEIGHT="29" CONTENT="the" WC="0.93" CC="111"/>
						<SP ID="P2_SP00042" HPOS="830" VPOS="2066" WIDTH="29"/>
						<String ID="P2_ST00054" HPOS="859" VPOS="2042" WIDTH="67" HEIGHT="25" CONTENT="vast" WC="0.87" CC="1122"/>
						<SP ID="P2_SP00043" HPOS="926" VPOS="2067" WIDTH="29"/>
						<String ID="P2_ST00055" HPOS="955" VPOS="2039" WIDTH="166" HEIGHT="38" CONTENT="emporium" WC="0.91" CC="11102122"/>
						<SP ID="P2_SP00044" HPOS="1121" VPOS="2077" WIDTH="29"/>
						<String ID="P2_ST00056" HPOS="1150" VPOS="2041" WIDTH="33" HEIGHT="28" CONTENT="of" WC="0.96" CC="01"/>
					</TextLine>
					<TextLine ID="P2_TL00013" HPOS="660" VPOS="2076" WIDTH="521" HEIGHT="39">
						<String ID="P2_ST00057" HPOS="660" VPOS="2076" WIDTH="179" HEIGHT="39" CONTENT="knowledge" WC="0.92" CC="112111121"/>
						<SP ID="P2_SP00045" HPOS="839" VPOS="2115" WIDTH="28"/>
						<String ID="P2_ST00058" HPOS="867" VPOS="2079" WIDTH="160" HEIGHT="29" CONTENT="contained" WC="0.97" CC="000110110"/>
						<SP ID="P2_SP00046" HPOS="1027" VPOS="2115" WIDTH="29"/>
						<String ID="P2_ST00059" HPOS="1056" VPOS="2080" WIDTH="31" HEIGHT="28" CONTENT="m" WC="1.00" CC="0"/>
						<SP ID="P2_SP00047" HPOS="1087" VPOS="2115" WIDTH="42"/>
						<String ID="P2_ST00060" HPOS="1129" VPOS="2081" WIDTH="52" HEIGHT="28" CONTENT="the" WC="1.00" CC="000"/>
					</TextLine>
					<TextLine ID="P2_TL00014" HPOS="658" VPOS="2118" WIDTH="521" HEIGHT="38">
						<String ID="P2_ST00061" HPOS="658" VPOS="2122" WIDTH="86" HEIGHT="34" CONTENT="great" WC="0.94" CC="21010"/>
						<SP ID="P2_SP00048" HPOS="744" VPOS="2156" WIDTH="30"/>
						<String ID="P2_ST00062" HPOS="774" VPOS="2118" WIDTH="138" HEIGHT="30" CONTENT="libraries" WC="0.94" CC="011112001"/>
						<SP ID="P2_SP00049" HPOS="912" VPOS="2156" WIDTH="28"/>
						<String ID="P2_ST00063" HPOS="940" VPOS="2119" WIDTH="32" HEIGHT="29" CONTENT="of" WC="0.98" CC="01"/>
						<SP ID="P2_SP00050" HPOS="972" VPOS="2156" WIDTH="29"/>
						<String ID="P2_ST00064" HPOS="1001" VPOS="2119" WIDTH="51" HEIGHT="29" CONTENT="the" WC="0.91" CC="102"/>
						<SP ID="P2_SP00051" HPOS="1052" VPOS="2156" WIDTH="23"/>
						<String ID="P2_ST00065" HPOS="1075" VPOS="2121" WIDTH="104" HEIGHT="29" CONTENT="world." WC="0.95" CC="201100"/>
					</TextLine>
					<TextLine ID="P2_TL00015" HPOS="660" VPOS="2159" WIDTH="521" HEIGHT="39">
						<String ID="P2_ST00066" HPOS="660" VPOS="2159" WIDTH="204" HEIGHT="34" CONTENT='"Consider,"' WC="0.89" CC="81011001020"/>
						<SP ID="P2_SP00052" HPOS="864" VPOS="2193" WIDTH="30"/>
						<String ID="P2_ST00067" HPOS="894" VPOS="2169" WIDTH="80" HEIGHT="29" CONTENT="says." WC="0.87" CC="11510"/>
						<SP ID="P2_SP00053" HPOS="974" VPOS="2198" WIDTH="32"/>
						<String ID="P2_ST00068" HPOS="1006" VPOS="2161" WIDTH="175" HEIGHT="35" CONTENT="Emerson,*" WC="0.88" CC="114110122"/>
					</TextLine>
					<TextLine ID="P2_TL00016" HPOS="660" VPOS="2199" WIDTH="523" HEIGHT="38">
						<String ID="P2_ST00069" HPOS="660" VPOS="2201" WIDTH="15" HEIGHT="12" CONTENT="•'" WC="0.67" CC="25"/>
						<SP ID="P2_SP00054" HPOS="675" VPOS="2213" WIDTH="14"/>
						<String ID="P2_ST00070" HPOS="689" VPOS="2199" WIDTH="82" HEIGHT="28" CONTENT="what" WC="0.83" CC="1141"/>
						<SP ID="P2_SP00055" HPOS="771" VPOS="2227" WIDTH="16"/>
						<String ID="P2_ST00071" HPOS="787" VPOS="2209" WIDTH="59" HEIGHT="28" CONTENT="you" WC="0.91" CC="211"/>
						<SP ID="P2_SP00056" HPOS="846" VPOS="2237" WIDTH="11"/>
						<String ID="P2_ST00072" HPOS="857" VPOS="2199" WIDTH="77" HEIGHT="30" CONTENT="have" WC="0.95" CC="0021"/>
						<SP ID="P2_SP00057" HPOS="934" VPOS="2237" WIDTH="12"/>
						<String ID="P2_ST00073" HPOS="946" VPOS="2200" WIDTH="31" HEIGHT="28" CONTENT="m" WC="0.98" CC="1"/>
						<SP ID="P2_SP00058" HPOS="977" VPOS="2237" WIDTH="11"/>
						<String ID="P2_ST00074" HPOS="988" VPOS="2200" WIDTH="51" HEIGHT="30" CONTENT="the" WC="0.94" CC="111"/>
						<SP ID="P2_SP00059" HPOS="1039" VPOS="2237" WIDTH="11"/>
						<String ID="P2_ST00075" HPOS="1050" VPOS="2201" WIDTH="133" HEIGHT="30" CONTENT="smallest" WC="0.97" CC="10111011"/>
					</TextLine>
					<TextLine ID="P2_TL00017" HPOS="657" VPOS="2239" WIDTH="527" HEIGHT="42">
						<String ID="P2_ST00076" HPOS="657" VPOS="2239" WIDTH="106" HEIGHT="29" CONTENT="chosen" WC="0.95" CC="110011"/>
						<SP ID="P2_SP00060" HPOS="763" VPOS="2268" WIDTH="17"/>
						<String ID="P2_ST00077" HPOS="780" VPOS="2240" WIDTH="124" HEIGHT="39" CONTENT="library." WC="0.97" CC="00010011"/>
						<SP ID="P2_SP00061" HPOS="904" VPOS="2279" WIDTH="44"/>
						<String ID="P2_ST00078" HPOS="948" VPOS="2242" WIDTH="28" HEIGHT="28" CONTENT="A" WC="0.93" CC="1"/>
						<SP ID="P2_SP00062" HPOS="976" VPOS="2279" WIDTH="15"/>
						<String ID="P2_ST00079" HPOS="991" VPOS="2251" WIDTH="148" HEIGHT="30" CONTENT="company" WC="0.95" CC="1010111"/>
						<SP ID="P2_SP00063" HPOS="1139" VPOS="2281" WIDTH="15"/>
						<String ID="P2_ST00080" HPOS="1154" VPOS="2243" WIDTH="30" HEIGHT="29" CONTENT="of" WC="0.91" CC="02"/>
					</TextLine>
					<TextLine ID="P2_TL00018" HPOS="657" VPOS="2279" WIDTH="525" HEIGHT="31">
						<String ID="P2_ST00081" HPOS="657" VPOS="2279" WIDTH="52" HEIGHT="28" CONTENT="the" WC="0.93" CC="121"/>
						<SP ID="P2_SP00064" HPOS="709" VPOS="2307" WIDTH="27"/>
						<String ID="P2_ST00082" HPOS="736" VPOS="2280" WIDTH="102" HEIGHT="27" CONTENT="wisest" WC="0.78" CC="811212"/>
						<SP ID="P2_SP00065" HPOS="838" VPOS="2307" WIDTH="28"/>
						<String ID="P2_ST00083" HPOS="866" VPOS="2281" WIDTH="60" HEIGHT="28" CONTENT="and" WC="0.93" CC="011"/>
						<SP ID="P2_SP00066" HPOS="926" VPOS="2309" WIDTH="31"/>
						<String ID="P2_ST00084" HPOS="957" VPOS="2281" WIDTH="128" HEIGHT="28" CONTENT="wittiest" WC="0.88" CC="21311112"/>
						<SP ID="P2_SP00067" HPOS="1085" VPOS="2309" WIDTH="31"/>
						<String ID="P2_ST00085" HPOS="1116" VPOS="2290" WIDTH="66" HEIGHT="20" CONTENT="men" WC="0.85" CC="312"/>
					</TextLine>
					<TextLine ID="P2_TL00019" HPOS="657" VPOS="2318" WIDTH="526" HEIGHT="40">
						<String ID="P2_ST00086" HPOS="657" VPOS="2318" WIDTH="68" HEIGHT="29" CONTENT="that" WC="0.94" CC="0111"/>
						<SP ID="P2_SP00068" HPOS="725" VPOS="2347" WIDTH="15"/>
						<String ID="P2_ST00087" HPOS="740" VPOS="2319" WIDTH="87" HEIGHT="28" CONTENT="could" WC="0.98" CC="00110"/>
						<SP ID="P2_SP00069" HPOS="827" VPOS="2347" WIDTH="16"/>
						<String ID="P2_ST00088" HPOS="843" VPOS="2320" WIDTH="35" HEIGHT="28" CONTENT="be" WC="0.89" CC="12"/>
						<SP ID="P2_SP00070" HPOS="878" VPOS="2348" WIDTH="16"/>
						<String ID="P2_ST00089" HPOS="894" VPOS="2321" WIDTH="105" HEIGHT="37" CONTENT="picked" WC="0.92" CC="111210"/>
						<String ID="P2_ST00090" HPOS="1001" VPOS="2331" WIDTH="3" HEIGHT="4" CONTENT="1" WC="0.67" CC="3"/>
						<SP ID="P2_SP00071" HPOS="1004" VPOS="2358" WIDTH="11"/>
						<String ID="P2_ST00091" HPOS="1015" VPOS="2324" WIDTH="53" HEIGHT="25" CONTENT="out" WC="0.94" CC="021"/>
						<SP ID="P2_SP00072" HPOS="1068" VPOS="2358" WIDTH="15"/>
						<String ID="P2_ST00092" HPOS="1083" VPOS="2321" WIDTH="32" HEIGHT="28" CONTENT="of" WC="0.98" CC="01"/>
						<SP ID="P2_SP00073" HPOS="1115" VPOS="2358" WIDTH="28"/>
						<String ID="P2_ST00093" HPOS="1143" VPOS="2321" WIDTH="40" HEIGHT="29" CONTENT="all" WC="1.00" CC="000"/>
					</TextLine>
					<TextLine ID="P2_TL00020" HPOS="658" VPOS="2359" WIDTH="525" HEIGHT="32">
						<String ID="P2_ST00094" HPOS="658" VPOS="2359" WIDTH="77" HEIGHT="28" CONTENT="civil" WC="0.99" CC="01000"/>
						<SP ID="P2_SP00074" HPOS="735" VPOS="2387" WIDTH="10"/>
						<String ID="P2_ST00095" HPOS="745" VPOS="2360" WIDTH="154" HEIGHT="29" CONTENT="countries" WC="0.94" CC="111111121"/>
						<SP ID="P2_SP00075" HPOS="899" VPOS="2389" WIDTH="25"/>
						<String ID="P2_ST00096" HPOS="924" VPOS="2360" WIDTH="31" HEIGHT="29" CONTENT="m" WC="0.94" CC="1"/>
						<SP ID="P2_SP00076" HPOS="955" VPOS="2389" WIDTH="30"/>
						<String ID="P2_ST00097" HPOS="985" VPOS="2371" WIDTH="18" HEIGHT="19" CONTENT="a" WC="0.93" CC="1"/>
						<SP ID="P2_SP00077" HPOS="1003" VPOS="2390" WIDTH="28"/>
						<String ID="P2_ST00098" HPOS="1031" VPOS="2361" WIDTH="152" HEIGHT="30" CONTENT="thousand" WC="0.96" CC="11011101"/>
					</TextLine>
					<TextLine ID="P2_TL00021" HPOS="659" VPOS="2399" WIDTH="524" HEIGHT="38">
						<String ID="P2_ST00099" HPOS="659" VPOS="2408" WIDTH="88" HEIGHT="29" CONTENT="years" WC="0.94" CC="20110"/>
						<SP ID="P2_SP00078" HPOS="747" VPOS="2437" WIDTH="17"/>
						<String ID="P2_ST00100" HPOS="764" VPOS="2399" WIDTH="73" HEIGHT="29" CONTENT="have" WC="0.94" CC="1111"/>
						<SP ID="P2_SP00079" HPOS="837" VPOS="2437" WIDTH="28"/>
						<String ID="P2_ST00101" HPOS="865" VPOS="2404" WIDTH="48" HEIGHT="26" CONTENT="set" WC="0.93" CC="112"/>
						<SP ID="P2_SP00080" HPOS="913" VPOS="2437" WIDTH="28"/>
						<String ID="P2_ST00102" HPOS="941" VPOS="2402" WIDTH="28" HEIGHT="28" CONTENT="m" WC="0.91" CC="1"/>
						<SP ID="P2_SP00081" HPOS="969" VPOS="2437" WIDTH="32"/>
						<String ID="P2_ST00103" HPOS="1001" VPOS="2401" WIDTH="67" HEIGHT="29" CONTENT="best" WC="0.98" CC="1100"/>
						<SP ID="P2_SP00082" HPOS="1068" VPOS="2437" WIDTH="28"/>
						<String ID="P2_ST00104" HPOS="1096" VPOS="2403" WIDTH="87" HEIGHT="28" CONTENT="order" WC="0.96" CC="01110"/>
					</TextLine>
					<TextLine ID="P2_TL00022" HPOS="658" VPOS="2439" WIDTH="525" HEIGHT="43">
						<String ID="P2_ST00105" HPOS="658" VPOS="2439" WIDTH="52" HEIGHT="29" CONTENT="the" WC="0.94" CC="111"/>
						<SP ID="P2_SP00083" HPOS="710" VPOS="2468" WIDTH="30"/>
						<String ID="P2_ST00106" HPOS="740" VPOS="2439" WIDTH="109" HEIGHT="29" CONTENT="results" WC="0.93" CC="1121110"/>
						<SP ID="P2_SP00084" HPOS="849" VPOS="2468" WIDTH="29"/>
						<String ID="P2_ST00107" HPOS="878" VPOS="2441" WIDTH="32" HEIGHT="29" CONTENT="of" WC="1.00" CC="00"/>
						<SP ID="P2_SP00085" HPOS="910" VPOS="2470" WIDTH="26"/>
						<String ID="P2_ST00108" HPOS="936" VPOS="2441" WIDTH="81" HEIGHT="29" CONTENT="their" WC="0.98" CC="01011"/>
						<SP ID="P2_SP00086" HPOS="1017" VPOS="2470" WIDTH="27"/>
						<String ID="P2_ST00109" HPOS="1044" VPOS="2442" WIDTH="139" HEIGHT="40" CONTENT="learning" WC="0.90" CC="00412111"/>
					</TextLine>
					<TextLine ID="P2_TL00023" HPOS="660" VPOS="2480" WIDTH="522" HEIGHT="33">
						<String ID="P2_ST00110" HPOS="660" VPOS="2480" WIDTH="58" HEIGHT="28" CONTENT="and" WC="0.94" CC="111"/>
						<SP ID="P2_SP00087" HPOS="718" VPOS="2508" WIDTH="15"/>
						<String ID="P2_ST00111" HPOS="733" VPOS="2480" WIDTH="134" HEIGHT="29" CONTENT="wisdom." WC="0.87" CC="1142012"/>
						<SP ID="P2_SP00088" HPOS="867" VPOS="2509" WIDTH="45"/>
						<String ID="P2_ST00112" HPOS="912" VPOS="2481" WIDTH="62" HEIGHT="30" CONTENT="The" WC="0.91" CC="111"/>
						<SP ID="P2_SP00089" HPOS="974" VPOS="2511" WIDTH="16"/>
						<String ID="P2_ST00113" HPOS="990" VPOS="2493" WIDTH="68" HEIGHT="18" CONTENT="men" WC="0.91" CC="211"/>
						<SP ID="P2_SP00090" HPOS="1058" VPOS="2511" WIDTH="28"/>
						<String ID="P2_ST00114" HPOS="1086" VPOS="2483" WIDTH="96" HEIGHT="30" CONTENT="them" SUBS_TYPE="HypPart1" SUBS_CONTENT="themselves" WC="0.93" CC="11021"/>
						<HYP CONTENT="-"/>
					</TextLine>
					<TextLine ID="P2_TL00024" HPOS="658" VPOS="2521" WIDTH="525" HEIGHT="33">
						<String ID="P2_ST00115" HPOS="658" VPOS="2521" WIDTH="96" HEIGHT="28" CONTENT="selves" SUBS_TYPE="HypPart2" SUBS_CONTENT="themselves" WC="0.97" CC="100101"/>
						<SP ID="P2_SP00091" HPOS="754" VPOS="2549" WIDTH="15"/>
						<String ID="P2_ST00116" HPOS="769" VPOS="2531" WIDTH="80" HEIGHT="19" CONTENT="were" WC="0.92" CC="1011"/>
						<SP ID="P2_SP00092" HPOS="849" VPOS="2550" WIDTH="19"/>
						<String ID="P2_ST00117" HPOS="868" VPOS="2521" WIDTH="51" HEIGHT="30" CONTENT="hid" WC="0.91" CC="111"/>
						<SP ID="P2_SP00093" HPOS="919" VPOS="2551" WIDTH="30"/>
						<String ID="P2_ST00118" HPOS="949" VPOS="2523" WIDTH="60" HEIGHT="29" CONTENT="and" WC="0.91" CC="211"/>
						<SP ID="P2_SP00094" HPOS="1009" VPOS="2552" WIDTH="29"/>
						<String ID="P2_ST00119" HPOS="1038" VPOS="2523" WIDTH="145" HEIGHT="31" CONTENT="inaccess" SUBS_TYPE="HypPart1" SUBS_CONTENT="inaccessible," WC="0.86" CC="117111112"/>
						<HYP CONTENT="-"/>
					</TextLine>
					<TextLine ID="P2_TL00025" HPOS="657" VPOS="2561" WIDTH="526" HEIGHT="41">
						<String ID="P2_ST00120" HPOS="657" VPOS="2561" WIDTH="69" HEIGHT="34" CONTENT="ible," SUBS_TYPE="HypPart2" SUBS_CONTENT="inaccessible," WC="0.95" CC="01021"/>
						<SP ID="P2_SP00095" HPOS="726" VPOS="2595" WIDTH="16"/>
						<String ID="P2_ST00121" HPOS="742" VPOS="2561" WIDTH="138" HEIGHT="39" CONTENT="solitary," WC="0.94" CC="101011112"/>
						<SP ID="P2_SP00096" HPOS="880" VPOS="2600" WIDTH="16"/>
						<String ID="P2_ST00122" HPOS="896" VPOS="2564" WIDTH="159" HEIGHT="38" CONTENT="impatient" WC="0.98" CC="001010011"/>
						<SP ID="P2_SP00097" HPOS="1055" VPOS="2602" WIDTH="28"/>
						<String ID="P2_ST00123" HPOS="1083" VPOS="2564" WIDTH="34" HEIGHT="29" CONTENT="of" WC="0.96" CC="01"/>
						<SP ID="P2_SP00098" HPOS="1117" VPOS="2602" WIDTH="23"/>
						<String ID="P2_ST00124" HPOS="1140" VPOS="2566" WIDTH="43" HEIGHT="28" CONTENT="in" SUBS_TYPE="HypPart1" SUBS_CONTENT="interruption," WC="0.97" CC="001"/>
						<HYP CONTENT="-"/>
					</TextLine>
					<TextLine ID="P2_TL00026" HPOS="660" VPOS="2603" WIDTH="521" HEIGHT="39">
						<String ID="P2_ST00125" HPOS="660" VPOS="2603" WIDTH="176" HEIGHT="36" CONTENT="terruption," SUBS_TYPE="HypPart2" SUBS_CONTENT="interruption," WC="0.92" CC="40111111011"/>
						<SP ID="P2_SP00099" HPOS="836" VPOS="2639" WIDTH="15"/>
						<String ID="P2_ST00126" HPOS="851" VPOS="2603" WIDTH="107" HEIGHT="29" CONTENT="fenced" WC="0.97" CC="111001"/>
						<SP ID="P2_SP00100" HPOS="958" VPOS="2639" WIDTH="10"/>
						<String ID="P2_ST00127" HPOS="968" VPOS="2604" WIDTH="39" HEIGHT="38" CONTENT="by" WC="0.98" CC="01"/>
						<SP ID="P2_SP00101" HPOS="1007" VPOS="2642" WIDTH="12"/>
						<String ID="P2_ST00128" HPOS="1019" VPOS="2605" WIDTH="145" HEIGHT="37" CONTENT="etiquette" WC="0.95" CC="111111110"/>
						<String ID="P2_ST00129" HPOS="1173" VPOS="2616" WIDTH="8" HEIGHT="23" CONTENT=";" WC="0.59" CC="4"/>
					</TextLine>
					<TextLine ID="P2_TL00027" HPOS="656" VPOS="2641" WIDTH="525" HEIGHT="43">
						<String ID="P2_ST00130" HPOS="656" VPOS="2641" WIDTH="56" HEIGHT="29" CONTENT="but" WC="0.99" CC="001"/>
						<SP ID="P2_SP00102" HPOS="712" VPOS="2670" WIDTH="28"/>
						<String ID="P2_ST00131" HPOS="740" VPOS="2641" WIDTH="52" HEIGHT="30" CONTENT="the" WC="0.99" CC="001"/>
						<SP ID="P2_SP00103" HPOS="792" VPOS="2671" WIDTH="28"/>
						<String ID="P2_ST00132" HPOS="820" VPOS="2643" WIDTH="132" HEIGHT="39" CONTENT="thought" WC="0.92" CC="1102112"/>
						<SP ID="P2_SP00104" HPOS="952" VPOS="2682" WIDTH="29"/>
						<String ID="P2_ST00133" HPOS="981" VPOS="2643" WIDTH="97" HEIGHT="30" CONTENT="which" WC="0.90" CC="11211"/>
						<SP ID="P2_SP00105" HPOS="1078" VPOS="2682" WIDTH="30"/>
						<String ID="P2_ST00134" HPOS="1108" VPOS="2646" WIDTH="73" HEIGHT="38" CONTENT="they" WC="0.95" CC="0111"/>
					</TextLine>
					<TextLine ID="P2_TL00028" HPOS="658" VPOS="2681" WIDTH="523" HEIGHT="33">
						<String ID="P2_ST00135" HPOS="658" VPOS="2681" WIDTH="52" HEIGHT="29" CONTENT="did" WC="0.99" CC="100"/>
						<SP ID="P2_SP00106" HPOS="710" VPOS="2710" WIDTH="14"/>
						<String ID="P2_ST00136" HPOS="724" VPOS="2687" WIDTH="54" HEIGHT="24" CONTENT="not" WC="0.78" CC="205"/>
						<SP ID="P2_SP00107" HPOS="778" VPOS="2711" WIDTH="15"/>
						<String ID="P2_ST00137" HPOS="793" VPOS="2691" WIDTH="133" HEIGHT="22" CONTENT="uncover" WC="0.83" CC="1010191"/>
						<SP ID="P2_SP00108" HPOS="926" VPOS="2713" WIDTH="14"/>
						<String ID="P2_ST00138" HPOS="940" VPOS="2688" WIDTH="31" HEIGHT="25" CONTENT="to" WC="0.98" CC="10"/>
						<SP ID="P2_SP00109" HPOS="971" VPOS="2713" WIDTH="17"/>
						<String ID="P2_ST00139" HPOS="988" VPOS="2684" WIDTH="77" HEIGHT="29" CONTENT="their" WC="0.95" CC="11101"/>
						<SP ID="P2_SP00110" HPOS="1065" VPOS="2713" WIDTH="16"/>
						<String ID="P2_ST00140" HPOS="1081" VPOS="2685" WIDTH="100" HEIGHT="29" CONTENT="bosom" WC="0.98" CC="01100"/>
					</TextLine>
					<TextLine ID="P2_TL00029" HPOS="656" VPOS="2722" WIDTH="525" HEIGHT="32">
						<String ID="P2_ST00141" HPOS="656" VPOS="2722" WIDTH="100" HEIGHT="28" CONTENT="friend" WC="0.91" CC="121101"/>
						<SP ID="P2_SP00111" HPOS="756" VPOS="2750" WIDTH="14"/>
						<String ID="P2_ST00142" HPOS="770" VPOS="2723" WIDTH="27" HEIGHT="27" CONTENT="is" WC="0.96" CC="11"/>
						<SP ID="P2_SP00112" HPOS="797" VPOS="2750" WIDTH="25"/>
						<String ID="P2_ST00143" HPOS="822" VPOS="2723" WIDTH="71" HEIGHT="29" CONTENT="here" WC="0.86" CC="1212"/>
						<SP ID="P2_SP00113" HPOS="893" VPOS="2752" WIDTH="27"/>
						<String ID="P2_ST00144" HPOS="920" VPOS="2724" WIDTH="122" HEIGHT="28" CONTENT="written" WC="0.83" CC="1110072"/>
						<SP ID="P2_SP00114" HPOS="1042" VPOS="2752" WIDTH="29"/>
						<String ID="P2_ST00145" HPOS="1071" VPOS="2728" WIDTH="53" HEIGHT="25" CONTENT="out" WC="0.96" CC="110"/>
						<SP ID="P2_SP00115" HPOS="1124" VPOS="2753" WIDTH="26"/>
						<String ID="P2_ST00146" HPOS="1150" VPOS="2726" WIDTH="31" HEIGHT="28" CONTENT="m" WC="0.94" CC="1"/>
					</TextLine>
					<TextLine ID="P2_TL00030" HPOS="656" VPOS="2764" WIDTH="526" HEIGHT="36">
						<String ID="P2_ST00147" HPOS="656" VPOS="2764" WIDTH="195" HEIGHT="36" CONTENT="transparent" WC="0.88" CC="17201111110"/>
						<SP ID="P2_SP00116" HPOS="851" VPOS="2800" WIDTH="29"/>
						<String ID="P2_ST00148" HPOS="880" VPOS="2764" WIDTH="98" HEIGHT="28" CONTENT="words" WC="0.95" CC="10111"/>
						<SP ID="P2_SP00117" HPOS="978" VPOS="2800" WIDTH="27"/>
						<String ID="P2_ST00149" HPOS="1005" VPOS="2767" WIDTH="32" HEIGHT="26" CONTENT="to" WC="0.98" CC="10"/>
						<SP ID="P2_SP00118" HPOS="1037" VPOS="2800" WIDTH="29"/>
						<String ID="P2_ST00150" HPOS="1066" VPOS="2775" WIDTH="35" HEIGHT="18" CONTENT="us" WC="0.94" CC="11"/>
						<SP ID="P2_SP00119" HPOS="1101" VPOS="2800" WIDTH="29"/>
						<String ID="P2_ST00151" HPOS="1130" VPOS="2765" WIDTH="52" HEIGHT="29" CONTENT="the" WC="0.96" CC="110"/>
					</TextLine>
					<TextLine ID="P2_TL00031" HPOS="657" VPOS="2803" WIDTH="525" HEIGHT="40">
						<String ID="P2_ST00152" HPOS="657" VPOS="2804" WIDTH="156" HEIGHT="36" CONTENT="strangers" WC="0.86" CC="190011100"/>
						<SP ID="P2_SP00120" HPOS="813" VPOS="2840" WIDTH="15"/>
						<String ID="P2_ST00153" HPOS="828" VPOS="2803" WIDTH="32" HEIGHT="28" CONTENT="of" WC="0.98" CC="01"/>
						<SP ID="P2_SP00121" HPOS="860" VPOS="2840" WIDTH="10"/>
						<String ID="P2_ST00154" HPOS="870" VPOS="2804" WIDTH="127" HEIGHT="29" CONTENT="another" WC="0.97" CC="1101110"/>
						<SP ID="P2_SP00122" HPOS="997" VPOS="2840" WIDTH="11"/>
						<String ID="P2_ST00155" HPOS="1008" VPOS="2804" WIDTH="82" HEIGHT="39" CONTENT='age."' WC="0.94" CC="12011"/>
						<SP ID="P2_SP00123" HPOS="1090" VPOS="2843" WIDTH="43"/>
						<String ID="P2_ST00156" HPOS="1133" VPOS="2805" WIDTH="49" HEIGHT="29" CONTENT="All" WC="0.97" CC="010"/>
					</TextLine>
					<TextLine ID="P2_TL00032" HPOS="657" VPOS="2842" WIDTH="525" HEIGHT="37">
						<String ID="P2_ST00157" HPOS="657" VPOS="2842" WIDTH="53" HEIGHT="29" CONTENT="the" WC="0.96" CC="110"/>
						<SP ID="P2_SP00124" HPOS="710" VPOS="2871" WIDTH="13"/>
						<String ID="P2_ST00158" HPOS="723" VPOS="2843" WIDTH="67" HEIGHT="29" CONTENT="best" WC="0.95" CC="0111"/>
						<SP ID="P2_SP00125" HPOS="790" VPOS="2872" WIDTH="14"/>
						<String ID="P2_ST00159" HPOS="804" VPOS="2842" WIDTH="89" HEIGHT="35" CONTENT="ideas," WC="0.75" CC="111219"/>
						<SP ID="P2_SP00126" HPOS="893" VPOS="2877" WIDTH="19"/>
						<String ID="P2_ST00160" HPOS="912" VPOS="2844" WIDTH="74" HEIGHT="29" CONTENT="solid" WC="0.93" CC="10201"/>
						<SP ID="P2_SP00127" HPOS="986" VPOS="2877" WIDTH="30"/>
						<String ID="P2_ST00161" HPOS="1016" VPOS="2845" WIDTH="88" HEIGHT="34" CONTENT="facts," WC="0.96" CC="112000"/>
						<SP ID="P2_SP00128" HPOS="1104" VPOS="2879" WIDTH="25"/>
						<String ID="P2_ST00162" HPOS="1129" VPOS="2846" WIDTH="53" HEIGHT="30" CONTENT="the" WC="0.99" CC="010"/>
					</TextLine>
					<TextLine ID="P2_TL00033" HPOS="657" VPOS="2883" WIDTH="524" HEIGHT="37">
						<String ID="P2_ST00163" HPOS="657" VPOS="2883" WIDTH="116" HEIGHT="29" CONTENT="loftiest" WC="0.76" CC="01771012"/>
						<SP ID="P2_SP00129" HPOS="773" VPOS="2912" WIDTH="13"/>
						<String ID="P2_ST00164" HPOS="786" VPOS="2883" WIDTH="122" HEIGHT="37" CONTENT="fancies," WC="0.94" CC="11111021"/>
						<SP ID="P2_SP00130" HPOS="908" VPOS="2920" WIDTH="18"/>
						<String ID="P2_ST00165" HPOS="926" VPOS="2885" WIDTH="51" HEIGHT="29" CONTENT="the" WC="0.96" CC="010"/>
						<SP ID="P2_SP00131" HPOS="977" VPOS="2920" WIDTH="22"/>
						<String ID="P2_ST00166" HPOS="999" VPOS="2889" WIDTH="78" HEIGHT="25" CONTENT="most" WC="0.96" CC="0020"/>
						<SP ID="P2_SP00132" HPOS="1077" VPOS="2920" WIDTH="13"/>
						<String ID="P2_ST00167" HPOS="1090" VPOS="2886" WIDTH="91" HEIGHT="29" CONTENT="brilli" SUBS_TYPE="HypPart1" SUBS_CONTENT="brilliant" WC="0.96" CC="1110110"/>
						<HYP CONTENT="-"/>
					</TextLine>
					<TextLine ID="P2_TL00034" HPOS="658" VPOS="2924" WIDTH="522" HEIGHT="40">
						<String ID="P2_ST00168" HPOS="658" VPOS="2928" WIDTH="53" HEIGHT="24" CONTENT="ant" SUBS_TYPE="HypPart2" SUBS_CONTENT="brilliant" WC="0.94" CC="110"/>
						<SP ID="P2_SP00133" HPOS="711" VPOS="2952" WIDTH="15"/>
						<String ID="P2_ST00169" HPOS="726" VPOS="2924" WIDTH="61" HEIGHT="35" CONTENT="wit," WC="0.91" CC="1112"/>
						<SP ID="P2_SP00134" HPOS="787" VPOS="2959" WIDTH="15"/>
						<String ID="P2_ST00170" HPOS="802" VPOS="2925" WIDTH="160" HEIGHT="30" CONTENT="accessible" WC="0.97" CC="1110111001"/>
						<SP ID="P2_SP00135" HPOS="962" VPOS="2959" WIDTH="11"/>
						<String ID="P2_ST00171" HPOS="973" VPOS="2928" WIDTH="31" HEIGHT="27" CONTENT="to" WC="1.00" CC="00"/>
						<SP ID="P2_SP00136" HPOS="1004" VPOS="2959" WIDTH="16"/>
						<String ID="P2_ST00172" HPOS="1020" VPOS="2926" WIDTH="51" HEIGHT="29" CONTENT="the" WC="0.97" CC="011"/>
						<SP ID="P2_SP00137" HPOS="1071" VPOS="2959" WIDTH="23"/>
						<String ID="P2_ST00173" HPOS="1094" VPOS="2936" WIDTH="86" HEIGHT="28" CONTENT="poor" SUBS_TYPE="HypPart1" SUBS_CONTENT="poorest," WC="0.95" CC="00012"/>
						<HYP CONTENT="-"/>
					</TextLine>
					<TextLine ID="P2_TL00035" HPOS="659" VPOS="2964" WIDTH="522" HEIGHT="34">
						<String ID="P2_ST00174" HPOS="659" VPOS="2968" WIDTH="54" HEIGHT="30" CONTENT="est," SUBS_TYPE="HypPart2" SUBS_CONTENT="poorest," WC="0.95" CC="1111"/>
						<SP ID="P2_SP00138" HPOS="713" VPOS="2998" WIDTH="43"/>
						<String ID="P2_ST00175" HPOS="756" VPOS="2964" WIDTH="49" HEIGHT="29" CONTENT="He" WC="0.74" CC="50"/>
						<SP ID="P2_SP00139" HPOS="805" VPOS="2998" WIDTH="20"/>
						<String ID="P2_ST00176" HPOS="825" VPOS="2964" WIDTH="66" HEIGHT="30" CONTENT="who" WC="0.99" CC="010"/>
						<SP ID="P2_SP00140" HPOS="891" VPOS="2998" WIDTH="29"/>
						<String ID="P2_ST00177" HPOS="920" VPOS="2966" WIDTH="54" HEIGHT="29" CONTENT="has" WC="0.90" CC="121"/>
						<SP ID="P2_SP00141" HPOS="974" VPOS="2998" WIDTH="27"/>
						<String ID="P2_ST00178" HPOS="1001" VPOS="2967" WIDTH="103" HEIGHT="29" CONTENT="brains" WC="0.96" CC="001011"/>
						<SP ID="P2_SP00142" HPOS="1104" VPOS="2998" WIDTH="29"/>
						<String ID="P2_ST00179" HPOS="1133" VPOS="2978" WIDTH="48" HEIGHT="18" CONTENT="en" SUBS_TYPE="HypPart1" SUBS_CONTENT="enough" WC="1.00" CC="000"/>
						<HYP CONTENT="-"/>
					</TextLine>
					<TextLine ID="P2_TL00036" HPOS="658" VPOS="3004" WIDTH="523" HEIGHT="41">
						<String ID="P2_ST00180" HPOS="658" VPOS="3004" WIDTH="81" HEIGHT="39" CONTENT="ough" SUBS_TYPE="HypPart2" SUBS_CONTENT="enough" WC="0.90" CC="0311"/>
						<SP ID="P2_SP00143" HPOS="739" VPOS="3043" WIDTH="16"/>
						<String ID="P2_ST00181" HPOS="755" VPOS="3008" WIDTH="30" HEIGHT="26" CONTENT="to" WC="0.96" CC="10"/>
						<SP ID="P2_SP00144" HPOS="785" VPOS="3043" WIDTH="15"/>
						<String ID="P2_ST00182" HPOS="800" VPOS="3011" WIDTH="118" HEIGHT="24" CONTENT="extract" WC="0.92" CC="1111211"/>
						<SP ID="P2_SP00145" HPOS="918" VPOS="3043" WIDTH="13"/>
						<String ID="P2_ST00183" HPOS="931" VPOS="3006" WIDTH="49" HEIGHT="29" CONTENT="the" WC="0.90" CC="111"/>
						<SP ID="P2_SP00146" HPOS="980" VPOS="3043" WIDTH="13"/>
						<String ID="P2_ST00184" HPOS="993" VPOS="3006" WIDTH="100" HEIGHT="39" CONTENT="honey" WC="0.97" CC="10101"/>
						<SP ID="P2_SP00147" HPOS="1093" VPOS="3045" WIDTH="11"/>
						<String ID="P2_ST00185" HPOS="1104" VPOS="3007" WIDTH="77" HEIGHT="30" CONTENT="from" WC="0.95" CC="1101"/>
					</TextLine>
					<TextLine ID="P2_TL00037" HPOS="658" VPOS="3044" WIDTH="523" HEIGHT="38">
						<String ID="P2_ST00186" HPOS="658" VPOS="3045" WIDTH="52" HEIGHT="29" CONTENT="the" WC="0.99" CC="001"/>
						<SP ID="P2_SP00148" HPOS="710" VPOS="3074" WIDTH="14"/>
						<String ID="P2_ST00187" HPOS="724" VPOS="3044" WIDTH="119" HEIGHT="30" CONTENT="flowers" WC="0.89" CC="2201111"/>
						<SP ID="P2_SP00149" HPOS="843" VPOS="3074" WIDTH="29"/>
						<String ID="P2_ST00188" HPOS="872" VPOS="3047" WIDTH="31" HEIGHT="28" CONTENT="of" WC="0.94" CC="01"/>
						<SP ID="P2_SP00150" HPOS="903" VPOS="3075" WIDTH="24"/>
						<String ID="P2_ST00189" HPOS="927" VPOS="3047" WIDTH="165" HEIGHT="35" CONTENT="literature," WC="0.94" CC="01111111101"/>
						<SP ID="P2_SP00151" HPOS="1092" VPOS="3082" WIDTH="30"/>
						<String ID="P2_ST00190" HPOS="1122" VPOS="3049" WIDTH="59" HEIGHT="28" CONTENT="and" WC="0.99" CC="001"/>
					</TextLine>
					<TextLine ID="P2_TL00038" HPOS="658" VPOS="3085" WIDTH="523" HEIGHT="39">
						<String ID="P2_ST00191" HPOS="658" VPOS="3085" WIDTH="164" HEIGHT="29" CONTENT="resolution" WC="0.94" CC="1110030001"/>
						<SP ID="P2_SP00152" HPOS="822" VPOS="3114" WIDTH="13"/>
						<String ID="P2_ST00192" HPOS="835" VPOS="3087" WIDTH="118" HEIGHT="37" CONTENT="enough" WC="0.96" CC="110110"/>
						<SP ID="P2_SP00153" HPOS="953" VPOS="3124" WIDTH="15"/>
						<String ID="P2_ST00193" HPOS="968" VPOS="3091" WIDTH="32" HEIGHT="28" CONTENT="to" WC="1.00" CC="00"/>
						<SP ID="P2_SP00154" HPOS="1000" VPOS="3124" WIDTH="15"/>
						<String ID="P2_ST00194" HPOS="1015" VPOS="3091" WIDTH="55" HEIGHT="32" CONTENT="put" WC="0.95" CC="110"/>
						<SP ID="P2_SP00155" HPOS="1070" VPOS="3124" WIDTH="28"/>
						<String ID="P2_ST00195" HPOS="1098" VPOS="3088" WIDTH="24" HEIGHT="29" CONTENT="it" WC="0.96" CC="11"/>
						<SP ID="P2_SP00156" HPOS="1122" VPOS="3124" WIDTH="28"/>
						<String ID="P2_ST00196" HPOS="1150" VPOS="3093" WIDTH="31" HEIGHT="25" CONTENT="to" WC="1.00" CC="00"/>
					</TextLine>
					<TextLine ID="P2_TL00039" HPOS="659" VPOS="3126" WIDTH="522" HEIGHT="38">
						<String ID="P2_ST00197" HPOS="659" VPOS="3126" WIDTH="79" HEIGHT="37" CONTENT="good" WC="0.93" CC="2010"/>
						<SP ID="P2_SP00157" HPOS="738" VPOS="3163" WIDTH="15"/>
						<String ID="P2_ST00198" HPOS="753" VPOS="3136" WIDTH="62" HEIGHT="24" CONTENT="use," WC="0.94" CC="1101"/>
						<SP ID="P2_SP00158" HPOS="815" VPOS="3163" WIDTH="15"/>
						<String ID="P2_ST00199" HPOS="830" VPOS="3137" WIDTH="70" HEIGHT="27" CONTENT="may" WC="0.99" CC="010"/>
						<SP ID="P2_SP00159" HPOS="900" VPOS="3164" WIDTH="15"/>
						<String ID="P2_ST00200" HPOS="915" VPOS="3127" WIDTH="121" HEIGHT="29" CONTENT="become" WC="0.96" CC="101011"/>
						<SP ID="P2_SP00160" HPOS="1036" VPOS="3164" WIDTH="15"/>
						<String ID="P2_ST00201" HPOS="1051" VPOS="3138" WIDTH="19" HEIGHT="19" CONTENT="a" WC="0.93" CC="1"/>
						<SP ID="P2_SP00161" HPOS="1070" VPOS="3164" WIDTH="24"/>
						<String ID="P2_ST00202" HPOS="1094" VPOS="3129" WIDTH="87" HEIGHT="29" CONTENT="bene" SUBS_TYPE="HypPart1" SUBS_CONTENT="benefactor," WC="0.86" CC="05111"/>
						<HYP CONTENT="-"/>
					</TextLine>
					<TextLine ID="P2_TL00040" HPOS="658" VPOS="3166" WIDTH="523" HEIGHT="33">
						<String ID="P2_ST00203" HPOS="658" VPOS="3166" WIDTH="108" HEIGHT="33" CONTENT="factor," SUBS_TYPE="HypPart2" SUBS_CONTENT="benefactor," WC="0.95" CC="0111012"/>
						<SP ID="P2_SP00162" HPOS="766" VPOS="3199" WIDTH="30"/>
						<String ID="P2_ST00204" HPOS="796" VPOS="3166" WIDTH="140" HEIGHT="30" CONTENT="however" WC="0.96" CC="1010101"/>
						<SP ID="P2_SP00163" HPOS="936" VPOS="3199" WIDTH="35"/>
						<String ID="P2_ST00205" HPOS="971" VPOS="3168" WIDTH="121" HEIGHT="30" CONTENT="humble" WC="0.97" CC="011101"/>
						<SP ID="P2_SP00164" HPOS="1092" VPOS="3199" WIDTH="42"/>
						<String ID="P2_ST00206" HPOS="1134" VPOS="3170" WIDTH="47" HEIGHT="29" CONTENT="his" WC="0.94" CC="210"/>
					</TextLine>
					<TextLine ID="P2_TL00041" HPOS="659" VPOS="3205" WIDTH="522" HEIGHT="40">
						<String ID="P2_ST00207" HPOS="659" VPOS="3206" WIDTH="141" HEIGHT="39" CONTENT="position." WC="0.97" CC="111000011"/>
						<SP ID="P2_SP00165" HPOS="800" VPOS="3245" WIDTH="44"/>
						<String ID="P2_ST00208" HPOS="844" VPOS="3205" WIDTH="27" HEIGHT="30" CONTENT="A" WC="0.96" CC="1"/>
						<SP ID="P2_SP00166" HPOS="871" VPOS="3245" WIDTH="26"/>
						<String ID="P2_ST00209" HPOS="897" VPOS="3207" WIDTH="64" HEIGHT="29" CONTENT="free" WC="0.94" CC="1111"/>
						<SP ID="P2_SP00167" HPOS="961" VPOS="3245" WIDTH="41"/>
						<String ID="P2_ST00210" HPOS="1002" VPOS="3218" WIDTH="84" HEIGHT="25" CONTENT="press" WC="0.95" CC="11111"/>
						<SP ID="P2_SP00168" HPOS="1086" VPOS="3245" WIDTH="42"/>
						<String ID="P2_ST00211" HPOS="1128" VPOS="3210" WIDTH="53" HEIGHT="29" CONTENT="has" WC="0.96" CC="101"/>
					</TextLine>
					<TextLine ID="P2_TL00042" HPOS="659" VPOS="3246" WIDTH="523" HEIGHT="40">
						<String ID="P2_ST00212" HPOS="659" VPOS="3246" WIDTH="105" HEIGHT="40" CONTENT="placed" WC="0.97" CC="011100"/>
						<SP ID="P2_SP00169" HPOS="764" VPOS="3286" WIDTH="17"/>
						<String ID="P2_ST00213" HPOS="781" VPOS="3246" WIDTH="49" HEIGHT="30" CONTENT="the" WC="0.90" CC="112"/>
						<SP ID="P2_SP00170" HPOS="830" VPOS="3286" WIDTH="25"/>
						<String ID="P2_ST00214" HPOS="855" VPOS="3248" WIDTH="106" HEIGHT="38" CONTENT="people" WC="0.96" CC="110111"/>
						<SP ID="P2_SP00171" HPOS="961" VPOS="3286" WIDTH="22"/>
						<String ID="P2_ST00215" HPOS="983" VPOS="3248" WIDTH="32" HEIGHT="28" CONTENT="of" WC="0.98" CC="01"/>
						<SP ID="P2_SP00172" HPOS="1015" VPOS="3286" WIDTH="23"/>
						<String ID="P2_ST00216" HPOS="1038" VPOS="3248" WIDTH="144" HEIGHT="38" CONTENT="England" WC="0.88" CC="1411111"/>
					</TextLine>
					<TextLine ID="P2_TL00043" HPOS="659" VPOS="3288" WIDTH="523" HEIGHT="39">
						<String ID="P2_ST00217" HPOS="659" VPOS="3289" WIDTH="32" HEIGHT="28" CONTENT="m" WC="0.96" CC="0"/>
						<SP ID="P2_SP00173" HPOS="691" VPOS="3317" WIDTH="15"/>
						<String ID="P2_ST00218" HPOS="706" VPOS="3288" WIDTH="100" HEIGHT="35" CONTENT="touch," WC="0.95" CC="101111"/>
						<SP ID="P2_SP00174" HPOS="806" VPOS="3323" WIDTH="23"/>
						<String ID="P2_ST00219" HPOS="829" VPOS="3296" WIDTH="32" HEIGHT="21" CONTENT="so" WC="1.00" CC="00"/>
						<SP ID="P2_SP00175" HPOS="861" VPOS="3323" WIDTH="14"/>
						<String ID="P2_ST00220" HPOS="875" VPOS="3291" WIDTH="33" HEIGHT="27" CONTENT="to" WC="1.00" CC="00"/>
						<SP ID="P2_SP00176" HPOS="908" VPOS="3323" WIDTH="14"/>
						<String ID="P2_ST00221" HPOS="922" VPOS="3289" WIDTH="102" HEIGHT="38" CONTENT="speak," WC="0.96" CC="101101"/>
						<SP ID="P2_SP00177" HPOS="1024" VPOS="3327" WIDTH="15"/>
						<String ID="P2_ST00222" HPOS="1039" VPOS="3290" WIDTH="75" HEIGHT="29" CONTENT="with" WC="0.94" CC="1111"/>
						<SP ID="P2_SP00178" HPOS="1114" VPOS="3327" WIDTH="28"/>
						<String ID="P2_ST00223" HPOS="1142" VPOS="3291" WIDTH="40" HEIGHT="28" CONTENT="all" WC="1.00" CC="000"/>
					</TextLine>
					<TextLine ID="P2_TL00044" HPOS="658" VPOS="3328" WIDTH="524" HEIGHT="32">
						<String ID="P2_ST00224" HPOS="658" VPOS="3329" WIDTH="53" HEIGHT="29" CONTENT="the" WC="1.00" CC="000"/>
						<SP ID="P2_SP00179" HPOS="711" VPOS="3358" WIDTH="29"/>
						<String ID="P2_ST00225" HPOS="740" VPOS="3328" WIDTH="132" HEIGHT="29" CONTENT="civilised" WC="0.90" CC="001100107"/>
						<SP ID="P2_SP00180" HPOS="872" VPOS="3358" WIDTH="33"/>
						<String ID="P2_ST00226" HPOS="905" VPOS="3330" WIDTH="120" HEIGHT="28" CONTENT="nations" WC="0.94" CC="0110003"/>
						<SP ID="P2_SP00181" HPOS="1025" VPOS="3358" WIDTH="38"/>
						<String ID="P2_ST00227" HPOS="1063" VPOS="3330" WIDTH="35" HEIGHT="28" CONTENT="of" WC="1.00" CC="00"/>
						<SP ID="P2_SP00182" HPOS="1098" VPOS="3358" WIDTH="33"/>
						<String ID="P2_ST00228" HPOS="1131" VPOS="3331" WIDTH="51" HEIGHT="29" CONTENT="the" WC="0.96" CC="001"/>
					</TextLine>
					<TextLine ID="P2_TL00045" HPOS="660" VPOS="3369" WIDTH="522" HEIGHT="39">
						<String ID="P2_ST00229" HPOS="660" VPOS="3369" WIDTH="87" HEIGHT="29" CONTENT="earth" WC="0.94" CC="02101"/>
						<SP ID="P2_SP00183" HPOS="747" VPOS="3398" WIDTH="20"/>
						<String ID="P2_ST00230" HPOS="767" VPOS="3374" WIDTH="51" HEIGHT="24" CONTENT="not" WC="0.99" CC="100"/>
						<SP ID="P2_SP00184" HPOS="818" VPOS="3398" WIDTH="28"/>
						<String ID="P2_ST00231" HPOS="846" VPOS="3370" WIDTH="72" HEIGHT="37" CONTENT="only" WC="0.96" CC="0111"/>
						<SP ID="P2_SP00185" HPOS="918" VPOS="3407" WIDTH="27"/>
						<String ID="P2_ST00232" HPOS="945" VPOS="3370" WIDTH="30" HEIGHT="28" CONTENT="m" WC="0.98" CC="0"/>
						<SP ID="P2_SP00186" HPOS="975" VPOS="3407" WIDTH="29"/>
						<String ID="P2_ST00233" HPOS="1004" VPOS="3373" WIDTH="119" HEIGHT="35" CONTENT="respect" WC="0.95" CC="1210001"/>
						<SP ID="P2_SP00187" HPOS="1123" VPOS="3408" WIDTH="27"/>
						<String ID="P2_ST00234" HPOS="1150" VPOS="3373" WIDTH="32" HEIGHT="27" CONTENT="to" WC="1.00" CC="00"/>
					</TextLine>
					<TextLine ID="P2_TL00046" HPOS="660" VPOS="3409" WIDTH="521" HEIGHT="40">
						<String ID="P2_ST00235" HPOS="660" VPOS="3420" WIDTH="174" HEIGHT="24" CONTENT="commerce," WC="0.86" CC="000191101"/>
						<SP ID="P2_SP00188" HPOS="834" VPOS="3444" WIDTH="28"/>
						<String ID="P2_ST00236" HPOS="862" VPOS="3410" WIDTH="56" HEIGHT="28" CONTENT="but" WC="0.97" CC="001"/>
						<SP ID="P2_SP00189" HPOS="918" VPOS="3444" WIDTH="23"/>
						<String ID="P2_ST00237" HPOS="941" VPOS="3409" WIDTH="32" HEIGHT="29" CONTENT="m" WC="0.96" CC="0"/>
						<SP ID="P2_SP00190" HPOS="973" VPOS="3444" WIDTH="29"/>
						<String ID="P2_ST00238" HPOS="1002" VPOS="3410" WIDTH="111" HEIGHT="39" CONTENT="regard" WC="0.98" CC="101100"/>
						<SP ID="P2_SP00191" HPOS="1113" VPOS="3449" WIDTH="36"/>
						<String ID="P2_ST00239" HPOS="1149" VPOS="3415" WIDTH="32" HEIGHT="26" CONTENT="to" WC="0.96" CC="01"/>
					</TextLine>
					<TextLine ID="P2_TL00047" HPOS="661" VPOS="3450" WIDTH="246" HEIGHT="29">
						<String ID="P2_ST00240" HPOS="661" VPOS="3450" WIDTH="90" HEIGHT="29" CONTENT="social" WC="0.96" CC="201001"/>
						<SP ID="P2_SP00192" HPOS="751" VPOS="3479" WIDTH="19"/>
						<String ID="P2_ST00241" HPOS="770" VPOS="3450" WIDTH="52" HEIGHT="28" CONTENT="life" WC="0.98" CC="0101"/>
						<SP ID="P2_SP00193" HPOS="822" VPOS="3479" WIDTH="12"/>
						<String ID="P2_ST00242" HPOS="834" VPOS="3450" WIDTH="73" HEIGHT="29" CONTENT="also." WC="0.96" CC="00101"/>
					</TextLine>
					<TextLine ID="P2_TL00048" HPOS="700" VPOS="3490" WIDTH="481" HEIGHT="40">
						<String ID="P2_ST00243" HPOS="700" VPOS="3490" WIDTH="26" HEIGHT="29" CONTENT="A" WC="0.96" CC="1"/>
						<SP ID="P2_SP00194" HPOS="726" VPOS="3519" WIDTH="14"/>
						<String ID="P2_ST00244" HPOS="740" VPOS="3491" WIDTH="64" HEIGHT="29" CONTENT="free" WC="0.95" CC="1111"/>
						<SP ID="P2_SP00195" HPOS="804" VPOS="3520" WIDTH="14"/>
						<String ID="P2_ST00245" HPOS="818" VPOS="3500" WIDTH="83" HEIGHT="30" CONTENT="press" WC="0.95" CC="11101"/>
						<SP ID="P2_SP00196" HPOS="901" VPOS="3530" WIDTH="18"/>
						<String ID="P2_ST00246" HPOS="919" VPOS="3490" WIDTH="51" HEIGHT="29" CONTENT="has" WC="0.94" CC="111"/>
						<SP ID="P2_SP00197" HPOS="970" VPOS="3530" WIDTH="20"/>
						<String ID="P2_ST00247" HPOS="990" VPOS="3491" WIDTH="126" HEIGHT="30" CONTENT="enabled" WC="0.95" CC="1110111"/>
						<SP ID="P2_SP00198" HPOS="1116" VPOS="3530" WIDTH="29"/>
						<String ID="P2_ST00248" HPOS="1145" VPOS="3502" WIDTH="36" HEIGHT="20" CONTENT="us" WC="0.94" CC="11"/>
					</TextLine>
					<TextLine ID="P2_TL00049" HPOS="660" VPOS="3532" WIDTH="521" HEIGHT="37">
						<String ID="P2_ST00249" HPOS="660" VPOS="3535" WIDTH="33" HEIGHT="26" CONTENT="to" WC="1.00" CC="00"/>
						<SP ID="P2_SP00199" HPOS="693" VPOS="3561" WIDTH="29"/>
						<String ID="P2_ST00250" HPOS="722" VPOS="3540" WIDTH="139" HEIGHT="29" CONTENT="compare" WC="0.99" CC="1000000"/>
						<SP ID="P2_SP00200" HPOS="861" VPOS="3569" WIDTH="42"/>
						<String ID="P2_ST00251" HPOS="903" VPOS="3540" WIDTH="56" HEIGHT="20" CONTENT="our" WC="0.95" CC="011"/>
						<SP ID="P2_SP00201" HPOS="959" VPOS="3569" WIDTH="41"/>
						<String ID="P2_ST00252" HPOS="1000" VPOS="3532" WIDTH="181" HEIGHT="30" CONTENT="civilisation" WC="0.96" CC="002101100002"/>
					</TextLine>
					<TextLine ID="P2_TL00050" HPOS="661" VPOS="3571" WIDTH="520" HEIGHT="40">
						<String ID="P2_ST00253" HPOS="661" VPOS="3571" WIDTH="73" HEIGHT="30" CONTENT="with" WC="0.95" CC="1011"/>
						<SP ID="P2_SP00202" HPOS="734" VPOS="3601" WIDTH="16"/>
						<String ID="P2_ST00254" HPOS="750" VPOS="3572" WIDTH="67" HEIGHT="28" CONTENT="that" WC="0.98" CC="1001"/>
						<SP ID="P2_SP00203" HPOS="817" VPOS="3601" WIDTH="15"/>
						<String ID="P2_ST00255" HPOS="832" VPOS="3572" WIDTH="33" HEIGHT="27" CONTENT="of" WC="0.98" CC="01"/>
						<SP ID="P2_SP00204" HPOS="865" VPOS="3601" WIDTH="14"/>
						<String ID="P2_ST00256" HPOS="879" VPOS="3572" WIDTH="87" HEIGHT="29" CONTENT="other" WC="0.98" CC="01101"/>
						<SP ID="P2_SP00205" HPOS="966" VPOS="3601" WIDTH="21"/>
						<String ID="P2_ST00257" HPOS="987" VPOS="3573" WIDTH="141" HEIGHT="38" CONTENT="peoples;" WC="0.97" CC="00011110"/>
						<SP ID="P2_SP00206" HPOS="1128" VPOS="3611" WIDTH="22"/>
						<String ID="P2_ST00258" HPOS="1150" VPOS="3574" WIDTH="31" HEIGHT="29" CONTENT="m" WC="0.98" CC="1"/>
					</TextLine>
					<TextLine ID="P2_TL00051" HPOS="661" VPOS="3612" WIDTH="520" HEIGHT="34">
						<String ID="P2_ST00259" HPOS="661" VPOS="3612" WIDTH="92" HEIGHT="34" CONTENT="short," WC="0.92" CC="120111"/>
						<SP ID="P2_SP00207" HPOS="753" VPOS="3646" WIDTH="18"/>
						<String ID="P2_ST00260" HPOS="771" VPOS="3612" WIDTH="51" HEIGHT="28" CONTENT="has" WC="0.94" CC="111"/>
						<SP ID="P2_SP00208" HPOS="822" VPOS="3646" WIDTH="16"/>
						<String ID="P2_ST00261" HPOS="838" VPOS="3612" WIDTH="126" HEIGHT="29" CONTENT="enabled" WC="0.94" CC="1210111"/>
						<SP ID="P2_SP00209" HPOS="964" VPOS="3646" WIDTH="16"/>
						<String ID="P2_ST00262" HPOS="980" VPOS="3622" WIDTH="34" HEIGHT="19" CONTENT="us" WC="0.93" CC="11"/>
						<SP ID="P2_SP00210" HPOS="1014" VPOS="3646" WIDTH="28"/>
						<String ID="P2_ST00263" HPOS="1042" VPOS="3616" WIDTH="32" HEIGHT="26" CONTENT="to" WC="0.85" CC="30"/>
						<SP ID="P2_SP00211" HPOS="1074" VPOS="3646" WIDTH="29"/>
						<String ID="P2_ST00264" HPOS="1103" VPOS="3617" WIDTH="14" HEIGHT="15" CONTENT="'■" WC="0.80" CC="32"/>
						<SP ID="P2_SP00212" HPOS="1117" VPOS="3646" WIDTH="16"/>
						<String ID="P2_ST00265" HPOS="1133" VPOS="3624" WIDTH="48" HEIGHT="19" CONTENT="see" WC="0.94" CC="110"/>
					</TextLine>
					<TextLine ID="P2_TL00052" HPOS="661" VPOS="3652" WIDTH="519" HEIGHT="36">
						<String ID="P2_ST00266" HPOS="661" VPOS="3652" WIDTH="150" HEIGHT="29" CONTENT="ourselves" WC="0.91" CC="001600011"/>
						<SP ID="P2_SP00213" HPOS="811" VPOS="3681" WIDTH="29"/>
						<String ID="P2_ST00267" HPOS="840" VPOS="3660" WIDTH="32" HEIGHT="20" CONTENT="as" WC="0.96" CC="01"/>
						<SP ID="P2_SP00214" HPOS="872" VPOS="3681" WIDTH="29"/>
						<String ID="P2_ST00268" HPOS="901" VPOS="3652" WIDTH="101" HEIGHT="29" CONTENT="others" WC="0.97" CC="011101"/>
						<SP ID="P2_SP00215" HPOS="1002" VPOS="3681" WIDTH="29"/>
						<String ID="P2_ST00269" HPOS="1031" VPOS="3663" WIDTH="49" HEIGHT="19" CONTENT="see" WC="0.99" CC="100"/>
						<SP ID="P2_SP00216" HPOS="1080" VPOS="3682" WIDTH="35"/>
						<String ID="P2_ST00270" HPOS="1115" VPOS="3654" WIDTH="65" HEIGHT="34" CONTENT='us,"' WC="0.89" CC="0302"/>
					</TextLine>
					<TextLine ID="P2_TL00053" HPOS="661" VPOS="3692" WIDTH="522" HEIGHT="38">
						<String ID="P2_ST00271" HPOS="661" VPOS="3692" WIDTH="61" HEIGHT="28" CONTENT="and" WC="0.93" CC="111"/>
						<SP ID="P2_SP00217" HPOS="722" VPOS="3720" WIDTH="15"/>
						<String ID="P2_ST00272" HPOS="737" VPOS="3692" WIDTH="134" HEIGHT="38" CONTENT="improve" WC="0.95" CC="1101011"/>
						<SP ID="P2_SP00218" HPOS="871" VPOS="3730" WIDTH="15"/>
						<String ID="P2_ST00273" HPOS="886" VPOS="3693" WIDTH="153" HEIGHT="30" CONTENT="ourselves" WC="0.96" CC="011110101"/>
						<SP ID="P2_SP00219" HPOS="1039" VPOS="3730" WIDTH="20"/>
						<String ID="P2_ST00274" HPOS="1059" VPOS="3692" WIDTH="124" HEIGHT="31" CONTENT="accord" SUBS_TYPE="HypPart1" SUBS_CONTENT="accordingly." WC="0.96" CC="0110011"/>
						<HYP CONTENT="-"/>
					</TextLine>
					<TextLine ID="P2_TL00054" HPOS="658" VPOS="3730" WIDTH="527" HEIGHT="43">
						<String ID="P2_ST00275" HPOS="658" VPOS="3730" WIDTH="95" HEIGHT="41" CONTENT="ingly." SUBS_TYPE="HypPart2" SUBS_CONTENT="accordingly." WC="0.76" CC="129011"/>
						<SP ID="P2_SP00220" HPOS="753" VPOS="3771" WIDTH="44"/>
						<String ID="P2_ST00276" HPOS="797" VPOS="3733" WIDTH="83" HEIGHT="29" CONTENT="Then" WC="0.94" CC="1101"/>
						<SP ID="P2_SP00221" HPOS="880" VPOS="3771" WIDTH="18"/>
						<String ID="P2_ST00277" HPOS="898" VPOS="3734" WIDTH="97" HEIGHT="39" CONTENT="again," WC="0.96" CC="021110"/>
						<SP ID="P2_SP00222" HPOS="995" VPOS="3773" WIDTH="16"/>
						<String ID="P2_ST00278" HPOS="1011" VPOS="3744" WIDTH="49" HEIGHT="19" CONTENT="see" WC="0.94" CC="110"/>
						<SP ID="P2_SP00223" HPOS="1060" VPOS="3773" WIDTH="17"/>
						<String ID="P2_ST00279" HPOS="1077" VPOS="3735" WIDTH="78" HEIGHT="29" CONTENT="what" WC="0.79" CC="4112"/>
						<SP ID="P2_SP00224" HPOS="1155" VPOS="3773" WIDTH="12"/>
						<String ID="P2_ST00280" HPOS="1167" VPOS="3746" WIDTH="18" HEIGHT="19" CONTENT="a" WC="0.93" CC="1"/>
					</TextLine>
					<TextLine ID="P2_TL00055" HPOS="658" VPOS="3772" WIDTH="525" HEIGHT="39">
						<String ID="P2_ST00281" HPOS="658" VPOS="3772" WIDTH="180" HEIGHT="39" CONTENT="knowledge" WC="0.96" CC="100110011"/>
						<SP ID="P2_SP00225" HPOS="838" VPOS="3811" WIDTH="16"/>
						<String ID="P2_ST00282" HPOS="854" VPOS="3775" WIDTH="31" HEIGHT="28" CONTENT="of" WC="1.00" CC="00"/>
						<SP ID="P2_SP00226" HPOS="885" VPOS="3811" WIDTH="9"/>
						<String ID="P2_ST00283" HPOS="894" VPOS="3775" WIDTH="115" HEIGHT="29" CONTENT="science" WC="0.95" CC="1011100"/>
						<SP ID="P2_SP00227" HPOS="1009" VPOS="3811" WIDTH="16"/>
						<String ID="P2_ST00284" HPOS="1025" VPOS="3775" WIDTH="52" HEIGHT="29" CONTENT="has" WC="0.95" CC="111"/>
						<SP ID="P2_SP00228" HPOS="1077" VPOS="3811" WIDTH="28"/>
						<String ID="P2_ST00285" HPOS="1105" VPOS="3775" WIDTH="78" HEIGHT="31" CONTENT="done" WC="0.96" CC="1011"/>
					</TextLine>
				</TextBlock>
				<TextBlock ID="P2_TB00003" HPOS="1270" VPOS="154" WIDTH="539" HEIGHT="3029" STYLEREFS="TXT_2 PAR_BLOCK">
					<TextLine ID="P2_TL00056" HPOS="1280" VPOS="160" WIDTH="526" HEIGHT="44">
						<String ID="P2_ST00286" HPOS="1280" VPOS="160" WIDTH="50" HEIGHT="28" CONTENT="for" WC="0.93" CC="201"/>
						<SP ID="P2_SP00229" HPOS="1330" VPOS="188" WIDTH="13"/>
						<String ID="P2_ST00287" HPOS="1343" VPOS="171" WIDTH="36" HEIGHT="20" CONTENT="us" WC="0.63" CC="35"/>
						<SP ID="P2_SP00230" HPOS="1379" VPOS="191" WIDTH="14"/>
						<String ID="P2_ST00288" HPOS="1393" VPOS="162" WIDTH="33" HEIGHT="29" CONTENT="m" WC="0.94" CC="1"/>
						<SP ID="P2_SP00231" HPOS="1426" VPOS="191" WIDTH="13"/>
						<String ID="P2_ST00289" HPOS="1439" VPOS="163" WIDTH="52" HEIGHT="29" CONTENT="the" WC="0.99" CC="001"/>
						<SP ID="P2_SP00232" HPOS="1491" VPOS="192" WIDTH="15"/>
						<String ID="P2_ST00290" HPOS="1506" VPOS="174" WIDTH="67" HEIGHT="29" CONTENT="way" WC="0.65" CC="523"/>
						<SP ID="P2_SP00233" HPOS="1573" VPOS="203" WIDTH="15"/>
						<String ID="P2_ST00291" HPOS="1588" VPOS="165" WIDTH="32" HEIGHT="28" CONTENT="of" WC="0.81" CC="04"/>
						<SP ID="P2_SP00234" HPOS="1620" VPOS="203" WIDTH="14"/>
						<String ID="P2_ST00292" HPOS="1634" VPOS="165" WIDTH="172" HEIGHT="39" CONTENT="improving" WC="0.93" CC="011101111"/>
					</TextLine>
					<TextLine ID="P2_TL00057" HPOS="1280" VPOS="205" WIDTH="526" HEIGHT="37">
						<String ID="P2_ST00293" HPOS="1280" VPOS="211" WIDTH="84" HEIGHT="26" CONTENT="upon" WC="0.95" CC="0011"/>
						<SP ID="P2_SP00235" HPOS="1364" VPOS="237" WIDTH="46"/>
						<String ID="P2_ST00294" HPOS="1410" VPOS="213" WIDTH="55" HEIGHT="18" CONTENT="our" WC="0.94" CC="011"/>
						<SP ID="P2_SP00236" HPOS="1465" VPOS="237" WIDTH="55"/>
						<String ID="P2_ST00295" HPOS="1520" VPOS="205" WIDTH="166" HEIGHT="37" CONTENT="dwellings." WC="0.87" CC="1143001211"/>
						<SP ID="P2_SP00237" HPOS="1686" VPOS="242" WIDTH="57"/>
						<String ID="P2_ST00296" HPOS="1743" VPOS="205" WIDTH="63" HEIGHT="29" CONTENT="Our" WC="0.97" CC="010"/>
					</TextLine>
					<TextLine ID="P2_TL00058" HPOS="1282" VPOS="239" WIDTH="522" HEIGHT="34">
						<String ID="P2_ST00297" HPOS="1282" VPOS="239" WIDTH="150" HEIGHT="31" CONTENT="Christian" WC="0.92" CC="101111121"/>
						<SP ID="P2_SP00238" HPOS="1432" VPOS="270" WIDTH="26"/>
						<String ID="P2_ST00298" HPOS="1458" VPOS="250" WIDTH="152" HEIGHT="22" CONTENT="ancestors" WC="0.86" CC="311113112"/>
						<SP ID="P2_SP00239" HPOS="1610" VPOS="272" WIDTH="42"/>
						<String ID="P2_ST00299" HPOS="1652" VPOS="244" WIDTH="81" HEIGHT="29" CONTENT="lived" WC="0.95" CC="01101"/>
						<SP ID="P2_SP00240" HPOS="1733" VPOS="273" WIDTH="40"/>
						<String ID="P2_ST00300" HPOS="1773" VPOS="246" WIDTH="31" HEIGHT="27" CONTENT="m" WC="0.87" CC="2"/>
					</TextLine>
					<TextLine ID="P2_TL00059" HPOS="1282" VPOS="279" WIDTH="523" HEIGHT="45">
						<String ID="P2_ST00301" HPOS="1282" VPOS="279" WIDTH="80" HEIGHT="39" CONTENT="huts," WC="0.93" CC="11011"/>
						<SP ID="P2_SP00241" HPOS="1362" VPOS="318" WIDTH="17"/>
						<String ID="P2_ST00302" HPOS="1379" VPOS="282" WIDTH="131" HEIGHT="30" CONTENT="shielded" WC="0.90" CC="12211111"/>
						<SP ID="P2_SP00242" HPOS="1510" VPOS="318" WIDTH="16"/>
						<String ID="P2_ST00303" HPOS="1526" VPOS="294" WIDTH="74" HEIGHT="28" CONTENT="very" WC="0.88" CC="1113"/>
						<SP ID="P2_SP00243" HPOS="1600" VPOS="322" WIDTH="14"/>
						<String ID="P2_ST00304" HPOS="1614" VPOS="284" WIDTH="191" HEIGHT="40" CONTENT="imperfectly" WC="0.97" CC="02100000011"/>
					</TextLine>
					<TextLine ID="P2_TL00060" HPOS="1281" VPOS="320" WIDTH="524" HEIGHT="42">
						<String ID="P2_ST00305" HPOS="1281" VPOS="320" WIDTH="22" HEIGHT="28" CONTENT="fi" WC="0.96" CC="12"/>
						<SP ID="P2_SP00244" HPOS="1303" VPOS="348" WIDTH="9"/>
						<String ID="P2_ST00306" HPOS="1312" VPOS="331" WIDTH="50" HEIGHT="19" CONTENT="om" WC="0.98" CC="10"/>
						<SP ID="P2_SP00245" HPOS="1362" VPOS="350" WIDTH="17"/>
						<String ID="P2_ST00307" HPOS="1379" VPOS="322" WIDTH="48" HEIGHT="29" CONTENT="the" WC="0.77" CC="412"/>
						<SP ID="P2_SP00246" HPOS="1427" VPOS="351" WIDTH="15"/>
						<String ID="P2_ST00308" HPOS="1442" VPOS="324" WIDTH="151" HEIGHT="38" CONTENT="clemency" WC="0.91" CC="01121212"/>
						<SP ID="P2_SP00247" HPOS="1593" VPOS="362" WIDTH="17"/>
						<String ID="P2_ST00309" HPOS="1610" VPOS="326" WIDTH="33" HEIGHT="27" CONTENT="of" WC="0.93" CC="02"/>
						<SP ID="P2_SP00248" HPOS="1643" VPOS="362" WIDTH="10"/>
						<String ID="P2_ST00310" HPOS="1653" VPOS="325" WIDTH="52" HEIGHT="29" CONTENT="the" WC="0.96" CC="011"/>
						<SP ID="P2_SP00249" HPOS="1705" VPOS="362" WIDTH="26"/>
						<String ID="P2_ST00311" HPOS="1731" VPOS="336" WIDTH="74" HEIGHT="18" CONTENT="wea" SUBS_TYPE="HypPart1" SUBS_CONTENT="weather." WC="0.81" CC="1511"/>
						<HYP CONTENT="-"/>
					</TextLine>
					<TextLine ID="P2_TL00061" HPOS="1282" VPOS="360" WIDTH="520" HEIGHT="40">
						<String ID="P2_ST00312" HPOS="1282" VPOS="360" WIDTH="75" HEIGHT="29" CONTENT="ther." SUBS_TYPE="HypPart2" SUBS_CONTENT="weather." WC="0.97" CC="11010"/>
						<SP ID="P2_SP00250" HPOS="1357" VPOS="389" WIDTH="25"/>
						<String ID="P2_ST00313" HPOS="1382" VPOS="362" WIDTH="55" HEIGHT="28" CONTENT="We" WC="0.87" CC="21"/>
						<SP ID="P2_SP00251" HPOS="1437" VPOS="390" WIDTH="15"/>
						<String ID="P2_ST00314" HPOS="1452" VPOS="362" WIDTH="60" HEIGHT="30" CONTENT="live" WC="0.94" CC="0111"/>
						<SP ID="P2_SP00252" HPOS="1512" VPOS="392" WIDTH="10"/>
						<String ID="P2_ST00315" HPOS="1522" VPOS="363" WIDTH="31" HEIGHT="29" CONTENT="m" WC="0.98" CC="0"/>
						<SP ID="P2_SP00253" HPOS="1553" VPOS="392" WIDTH="13"/>
						<String ID="P2_ST00316" HPOS="1566" VPOS="364" WIDTH="108" HEIGHT="29" CONTENT="decent" WC="0.96" CC="000210"/>
						<SP ID="P2_SP00254" HPOS="1674" VPOS="393" WIDTH="11"/>
						<String ID="P2_ST00317" HPOS="1685" VPOS="364" WIDTH="117" HEIGHT="36" CONTENT="houses;" WC="0.85" CC="1011162"/>
					</TextLine>
					<TextLine ID="P2_TL00062" HPOS="1282" VPOS="401" WIDTH="522" HEIGHT="43">
						<String ID="P2_ST00318" HPOS="1282" VPOS="401" WIDTH="72" HEIGHT="29" CONTENT="with" WC="0.96" CC="1011"/>
						<SP ID="P2_SP00255" HPOS="1354" VPOS="430" WIDTH="17"/>
						<String ID="P2_ST00319" HPOS="1371" VPOS="411" WIDTH="102" HEIGHT="30" CONTENT="carpet" WC="0.95" CC="002101"/>
						<SP ID="P2_SP00256" HPOS="1473" VPOS="441" WIDTH="16"/>
						<String ID="P2_ST00320" HPOS="1489" VPOS="411" WIDTH="37" HEIGHT="21" CONTENT="on" WC="0.96" CC="01"/>
						<SP ID="P2_SP00257" HPOS="1526" VPOS="441" WIDTH="17"/>
						<String ID="P2_ST00321" HPOS="1543" VPOS="403" WIDTH="59" HEIGHT="32" CONTENT="the." WC="0.71" CC="0029"/>
						<SP ID="P2_SP00258" HPOS="1602" VPOS="441" WIDTH="13"/>
						<String ID="P2_ST00322" HPOS="1615" VPOS="405" WIDTH="98" HEIGHT="35" CONTENT="floors," WC="0.64" CC="8805012"/>
						<String ID="P2_ST00323" HPOS="1719" VPOS="432" WIDTH="3" HEIGHT="3" CONTENT="." WC="0.93" CC="1"/>
						<SP ID="P2_SP00259" HPOS="1722" VPOS="441" WIDTH="20"/>
						<String ID="P2_ST00324" HPOS="1742" VPOS="406" WIDTH="62" HEIGHT="38" CONTENT="p'c" SUBS_TYPE="HypPart1" SUBS_CONTENT="p'ctures" WC="0.94" CC="0201"/>
						<HYP CONTENT="-"/>
					</TextLine>
					<TextLine ID="P2_TL00063" HPOS="1282" VPOS="442" WIDTH="522" HEIGHT="37">
						<String ID="P2_ST00325" HPOS="1282" VPOS="446" WIDTH="83" HEIGHT="24" CONTENT="tures" SUBS_TYPE="HypPart2" SUBS_CONTENT="p'ctures" WC="0.81" CC="11341"/>
						<SP ID="P2_SP00260" HPOS="1365" VPOS="470" WIDTH="14"/>
						<String ID="P2_ST00326" HPOS="1379" VPOS="442" WIDTH="37" HEIGHT="29" CONTENT="oil" WC="0.80" CC="024"/>
						<SP ID="P2_SP00261" HPOS="1416" VPOS="471" WIDTH="24"/>
						<String ID="P2_ST00327" HPOS="1440" VPOS="444" WIDTH="51" HEIGHT="28" CONTENT="the" WC="0.95" CC="111"/>
						<SP ID="P2_SP00262" HPOS="1491" VPOS="472" WIDTH="28"/>
						<String ID="P2_ST00328" HPOS="1519" VPOS="444" WIDTH="95" HEIGHT="35" CONTENT="walls," WC="0.90" CC="111122"/>
						<SP ID="P2_SP00263" HPOS="1614" VPOS="479" WIDTH="32"/>
						<String ID="P2_ST00329" HPOS="1646" VPOS="445" WIDTH="92" HEIGHT="29" CONTENT="books" WC="0.93" CC="20011"/>
						<SP ID="P2_SP00264" HPOS="1738" VPOS="479" WIDTH="28"/>
						<String ID="P2_ST00330" HPOS="1766" VPOS="456" WIDTH="38" HEIGHT="18" CONTENT="on" WC="0.96" CC="01"/>
					</TextLine>
					<TextLine ID="P2_TL00064" HPOS="1283" VPOS="481" WIDTH="521" HEIGHT="42">
						<String ID="P2_ST00331" HPOS="1283" VPOS="481" WIDTH="49" HEIGHT="28" CONTENT="the" WC="0.94" CC="111"/>
						<SP ID="P2_SP00265" HPOS="1332" VPOS="509" WIDTH="27"/>
						<String ID="P2_ST00332" HPOS="1359" VPOS="482" WIDTH="159" HEIGHT="29" CONTENT="shelves—" WC="0.94" CC="11110210"/>
						<String ID="P2_ST00333" HPOS="1519" VPOS="484" WIDTH="75" HEIGHT="28" CONTENT="with" WC="0.96" CC="1010"/>
						<SP ID="P2_SP00266" HPOS="1594" VPOS="512" WIDTH="25"/>
						<String ID="P2_ST00334" HPOS="1619" VPOS="494" WIDTH="91" HEIGHT="29" CONTENT="many" WC="0.96" CC="1110"/>
						<SP ID="P2_SP00267" HPOS="1710" VPOS="523" WIDTH="43"/>
						<String ID="P2_ST00335" HPOS="1753" VPOS="486" WIDTH="51" HEIGHT="28" CONTENT="ad" SUBS_TYPE="HypPart1" SUBS_CONTENT="additional" WC="0.95" CC="111"/>
						<HYP CONTENT="-"/>
					</TextLine>
					<TextLine ID="P2_TL00065" HPOS="1281" VPOS="521" WIDTH="523" HEIGHT="34">
						<String ID="P2_ST00336" HPOS="1281" VPOS="521" WIDTH="126" HEIGHT="30" CONTENT="ditional" SUBS_TYPE="HypPart2" SUBS_CONTENT="additional" WC="0.96" CC="10111110"/>
						<SP ID="P2_SP00268" HPOS="1407" VPOS="551" WIDTH="15"/>
						<String ID="P2_ST00337" HPOS="1422" VPOS="523" WIDTH="117" HEIGHT="29" CONTENT="artistic" WC="0.95" CC="11111110"/>
						<SP ID="P2_SP00269" HPOS="1539" VPOS="552" WIDTH="12"/>
						<String ID="P2_ST00338" HPOS="1551" VPOS="525" WIDTH="145" HEIGHT="29" CONTENT="comforts" WC="0.92" CC="10020311"/>
						<SP ID="P2_SP00270" HPOS="1696" VPOS="554" WIDTH="11"/>
						<String ID="P2_ST00339" HPOS="1707" VPOS="526" WIDTH="97" HEIGHT="29" CONTENT="which" WC="0.84" CC="21141"/>
					</TextLine>
					<TextLine ID="P2_TL00066" HPOS="1280" VPOS="564" WIDTH="463" HEIGHT="38">
						<String ID="P2_ST00340" HPOS="1280" VPOS="571" WIDTH="44" HEIGHT="18" CONTENT="we" WC="0.93" CC="02"/>
						<SP ID="P2_SP00271" HPOS="1324" VPOS="589" WIDTH="15"/>
						<String ID="P2_ST00341" HPOS="1339" VPOS="566" WIDTH="111" HEIGHT="25" CONTENT="cannot" WC="0.96" CC="000201"/>
						<SP ID="P2_SP00272" HPOS="1450" VPOS="591" WIDTH="14"/>
						<String ID="P2_ST00342" HPOS="1464" VPOS="564" WIDTH="88" HEIGHT="28" CONTENT="value" WC="0.95" CC="11011"/>
						<SP ID="P2_SP00273" HPOS="1552" VPOS="592" WIDTH="14"/>
						<String ID="P2_ST00343" HPOS="1566" VPOS="567" WIDTH="50" HEIGHT="25" CONTENT="too" WC="0.99" CC="001"/>
						<SP ID="P2_SP00274" HPOS="1616" VPOS="592" WIDTH="13"/>
						<String ID="P2_ST00344" HPOS="1629" VPOS="564" WIDTH="52" HEIGHT="38" CONTENT="l.ig" WC="0.95" CC="1101"/>
						<SP ID="P2_SP00275" HPOS="1681" VPOS="602" WIDTH="13"/>
						<String ID="P2_ST00345" HPOS="1694" VPOS="566" WIDTH="49" HEIGHT="36" CONTENT="sly." WC="0.90" CC="3110"/>
					</TextLine>
					<TextLine ID="P2_TL00067" HPOS="1320" VPOS="600" WIDTH="484" HEIGHT="40">
						<String ID="P2_ST00346" HPOS="1320" VPOS="600" WIDTH="40" HEIGHT="28" CONTENT="Ei" WC="0.65" CC="70"/>
						<SP ID="P2_SP00276" HPOS="1360" VPOS="628" WIDTH="12"/>
						<String ID="P2_ST00347" HPOS="1372" VPOS="603" WIDTH="70" HEIGHT="37" CONTENT="r'vg" WC="0.89" CC="1121" STYLEREFS="TXT_3"/>
						<SP ID="P2_SP00277" HPOS="1442" VPOS="640" WIDTH="15"/>
						<String ID="P2_ST00348" HPOS="1457" VPOS="602" WIDTH="60" HEIGHT="29" CONTENT="this" WC="0.93" CC="1211"/>
						<SP ID="P2_SP00278" HPOS="1517" VPOS="640" WIDTH="16"/>
						<String ID="P2_ST00349" HPOS="1533" VPOS="603" WIDTH="175" HEIGHT="29" CONTENT="nineteenth" WC="0.84" CC="1116014201"/>
						<SP ID="P2_SP00279" HPOS="1708" VPOS="640" WIDTH="28"/>
						<String ID="P2_ST00350" HPOS="1736" VPOS="614" WIDTH="68" HEIGHT="19" CONTENT="cen" SUBS_TYPE="HypPart1" SUBS_CONTENT="century" WC="0.93" CC="1101"/>
						<HYP CONTENT="-"/>
					</TextLine>
					<TextLine ID="P2_TL00068" HPOS="1281" VPOS="644" WIDTH="523" HEIGHT="34">
						<String ID="P2_ST00351" HPOS="1281" VPOS="644" WIDTH="71" HEIGHT="34" CONTENT="tury" SUBS_TYPE="HypPart2" SUBS_CONTENT="century" WC="0.94" CC="1111"/>
						<SP ID="P2_SP00280" HPOS="1352" VPOS="678" WIDTH="15"/>
						<String ID="P2_ST00352" HPOS="1367" VPOS="651" WIDTH="45" HEIGHT="19" CONTENT="we" WC="0.98" CC="10"/>
						<SP ID="P2_SP00281" HPOS="1412" VPOS="678" WIDTH="25"/>
						<String ID="P2_ST00353" HPOS="1437" VPOS="646" WIDTH="81" HEIGHT="24" CONTENT="must" WC="0.92" CC="2120"/>
						<SP ID="P2_SP00282" HPOS="1518" VPOS="678" WIDTH="24"/>
						<String ID="P2_ST00354" HPOS="1542" VPOS="645" WIDTH="166" HEIGHT="28" CONTENT="remember" WC="0.95" CC="10011111"/>
						<SP ID="P2_SP00283" HPOS="1708" VPOS="678" WIDTH="28"/>
						<String ID="P2_ST00355" HPOS="1736" VPOS="645" WIDTH="68" HEIGHT="28" CONTENT="that" WC="0.90" CC="0130"/>
					</TextLine>
					<TextLine ID="P2_TL00069" HPOS="1280" VPOS="682" WIDTH="524" HEIGHT="40">
						<String ID="P2_ST00356" HPOS="1280" VPOS="686" WIDTH="94" HEIGHT="23" CONTENT="steam" WC="0.92" CC="10112"/>
						<SP ID="P2_SP00284" HPOS="1374" VPOS="709" WIDTH="42"/>
						<String ID="P2_ST00357" HPOS="1416" VPOS="682" WIDTH="61" HEIGHT="28" CONTENT="and" WC="0.63" CC="910"/>
						<SP ID="P2_SP00285" HPOS="1477" VPOS="710" WIDTH="49"/>
						<String ID="P2_ST00358" HPOS="1526" VPOS="683" WIDTH="168" HEIGHT="39" CONTENT="electricity" WC="0.96" CC="12000100110"/>
						<SP ID="P2_SP00286" HPOS="1694" VPOS="722" WIDTH="56"/>
						<String ID="P2_ST00359" HPOS="1750" VPOS="685" WIDTH="54" HEIGHT="29" CONTENT="has" WC="0.78" CC="115"/>
					</TextLine>
					<TextLine ID="P2_TL00070" HPOS="1281" VPOS="721" WIDTH="523" HEIGHT="39">
						<String ID="P2_ST00360" HPOS="1281" VPOS="721" WIDTH="73" HEIGHT="27" CONTENT="been" WC="0.73" CC="0901"/>
						<SP ID="P2_SP00287" HPOS="1354" VPOS="748" WIDTH="26"/>
						<String ID="P2_ST00361" HPOS="1380" VPOS="722" WIDTH="121" HEIGHT="38" CONTENT="applied" WC="0.95" CC="1110111"/>
						<SP ID="P2_SP00288" HPOS="1501" VPOS="760" WIDTH="29"/>
						<String ID="P2_ST00362" HPOS="1530" VPOS="722" WIDTH="30" HEIGHT="29" CONTENT="m" WC="0.98" CC="0"/>
						<SP ID="P2_SP00289" HPOS="1560" VPOS="760" WIDTH="30"/>
						<String ID="P2_ST00363" HPOS="1590" VPOS="733" WIDTH="17" HEIGHT="19" CONTENT="a" WC="0.96" CC="1"/>
						<SP ID="P2_SP00290" HPOS="1607" VPOS="760" WIDTH="46"/>
						<String ID="P2_ST00364" HPOS="1653" VPOS="724" WIDTH="151" HEIGHT="30" CONTENT="thousand" WC="0.88" CC="01002160"/>
					</TextLine>
					<TextLine ID="P2_TL00071" HPOS="1283" VPOS="763" WIDTH="523" HEIGHT="41">
						<String ID="P2_ST00365" HPOS="1283" VPOS="770" WIDTH="79" HEIGHT="28" CONTENT="ways" WC="0.81" CC="6101"/>
						<SP ID="P2_SP00291" HPOS="1362" VPOS="798" WIDTH="16"/>
						<String ID="P2_ST00366" HPOS="1378" VPOS="764" WIDTH="31" HEIGHT="26" CONTENT="to" WC="1.00" CC="00"/>
						<SP ID="P2_SP00292" HPOS="1409" VPOS="798" WIDTH="17"/>
						<String ID="P2_ST00367" HPOS="1426" VPOS="768" WIDTH="133" HEIGHT="31" CONTENT="promote" WC="0.86" CC="5002012"/>
						<SP ID="P2_SP00293" HPOS="1559" VPOS="799" WIDTH="11"/>
						<String ID="P2_ST00368" HPOS="1570" VPOS="763" WIDTH="50" HEIGHT="29" CONTENT="the" WC="0.96" CC="101"/>
						<SP ID="P2_SP00294" HPOS="1620" VPOS="799" WIDTH="10"/>
						<String ID="P2_ST00369" HPOS="1630" VPOS="764" WIDTH="176" HEIGHT="40" CONTENT="well-being" WC="0.95" CC="1200002011"/>
					</TextLine>
					<TextLine ID="P2_TL00072" HPOS="1280" VPOS="801" WIDTH="522" HEIGHT="33">
						<String ID="P2_ST00370" HPOS="1280" VPOS="801" WIDTH="32" HEIGHT="27" CONTENT="of" WC="0.96" CC="11"/>
						<SP ID="P2_SP00295" HPOS="1312" VPOS="828" WIDTH="15"/>
						<String ID="P2_ST00371" HPOS="1327" VPOS="801" WIDTH="50" HEIGHT="29" CONTENT="the" WC="0.99" CC="010"/>
						<SP ID="P2_SP00296" HPOS="1377" VPOS="830" WIDTH="8"/>
						<String ID="P2_ST00372" HPOS="1385" VPOS="809" WIDTH="126" HEIGHT="23" CONTENT="masses." WC="0.83" CC="2232130"/>
						<SP ID="P2_SP00297" HPOS="1511" VPOS="832" WIDTH="45"/>
						<String ID="P2_ST00373" HPOS="1556" VPOS="802" WIDTH="62" HEIGHT="31" CONTENT="The" WC="0.99" CC="001"/>
						<SP ID="P2_SP00298" HPOS="1618" VPOS="833" WIDTH="15"/>
						<String ID="P2_ST00374" HPOS="1633" VPOS="809" WIDTH="169" HEIGHT="25" CONTENT="steam-en" SUBS_TYPE="HypPart1" SUBS_CONTENT="steam-engine" WC="0.93" CC="201111912"/>
						<HYP CONTENT="-"/>
					</TextLine>
					<TextLine ID="P2_TL00073" HPOS="1279" VPOS="841" WIDTH="524" HEIGHT="42">
						<String ID="P2_ST00375" HPOS="1279" VPOS="841" WIDTH="70" HEIGHT="38" CONTENT="gine" SUBS_TYPE="HypPart2" SUBS_CONTENT="steam-engine" WC="0.99" CC="0001"/>
						<SP ID="P2_SP00299" HPOS="1349" VPOS="879" WIDTH="24"/>
						<String ID="P2_ST00376" HPOS="1373" VPOS="842" WIDTH="53" HEIGHT="28" CONTENT="has" WC="0.95" CC="111"/>
						<SP ID="P2_SP00300" HPOS="1426" VPOS="879" WIDTH="30"/>
						<String ID="P2_ST00377" HPOS="1456" VPOS="843" WIDTH="77" HEIGHT="29" CONTENT="done" WC="0.96" CC="1010"/>
						<SP ID="P2_SP00301" HPOS="1533" VPOS="879" WIDTH="29"/>
						<String ID="P2_ST00378" HPOS="1562" VPOS="854" WIDTH="82" HEIGHT="19" CONTENT="more" WC="0.91" CC="1201"/>
						<SP ID="P2_SP00302" HPOS="1644" VPOS="879" WIDTH="28"/>
						<String ID="P2_ST00379" HPOS="1672" VPOS="845" WIDTH="31" HEIGHT="29" CONTENT="m" WC="0.96" CC="1"/>
						<SP ID="P2_SP00303" HPOS="1703" VPOS="879" WIDTH="31"/>
						<String ID="P2_ST00380" HPOS="1734" VPOS="846" WIDTH="69" HEIGHT="37" CONTENT="fifty" WC="0.88" CC="22111"/>
					</TextLine>
					<TextLine ID="P2_TL00074" HPOS="1279" VPOS="882" WIDTH="523" HEIGHT="36">
						<String ID="P2_ST00381" HPOS="1279" VPOS="891" WIDTH="88" HEIGHT="27" CONTENT="years" WC="0.96" CC="11011"/>
						<SP ID="P2_SP00304" HPOS="1367" VPOS="918" WIDTH="14"/>
						<String ID="P2_ST00382" HPOS="1381" VPOS="883" WIDTH="49" HEIGHT="27" CONTENT="for" WC="0.95" CC="101"/>
						<SP ID="P2_SP00305" HPOS="1430" VPOS="918" WIDTH="15"/>
						<String ID="P2_ST00383" HPOS="1445" VPOS="882" WIDTH="110" HEIGHT="30" CONTENT="human" WC="0.96" CC="11101"/>
						<SP ID="P2_SP00306" HPOS="1555" VPOS="918" WIDTH="30"/>
						<String ID="P2_ST00384" HPOS="1585" VPOS="885" WIDTH="217" HEIGHT="30" CONTENT="advancement" WC="0.95" CC="11020111110"/>
					</TextLine>
					<TextLine ID="P2_TL00075" HPOS="1279" VPOS="921" WIDTH="522" HEIGHT="44">
						<String ID="P2_ST00385" HPOS="1279" VPOS="921" WIDTH="61" HEIGHT="29" CONTENT="and" WC="0.95" CC="110"/>
						<SP ID="P2_SP00307" HPOS="1340" VPOS="950" WIDTH="12"/>
						<String ID="P2_ST00386" HPOS="1352" VPOS="921" WIDTH="156" HEIGHT="40" CONTENT="happiness" WC="0.83" CC="281111012"/>
						<SP ID="P2_SP00308" HPOS="1508" VPOS="961" WIDTH="9"/>
						<String ID="P2_ST00387" HPOS="1517" VPOS="924" WIDTH="75" HEIGHT="28" CONTENT="than" WC="0.95" CC="0111"/>
						<SP ID="P2_SP00309" HPOS="1592" VPOS="961" WIDTH="13"/>
						<String ID="P2_ST00388" HPOS="1605" VPOS="935" WIDTH="58" HEIGHT="30" CONTENT="any" WC="0.81" CC="222"/>
						<SP ID="P2_SP00310" HPOS="1663" VPOS="965" WIDTH="14"/>
						<String ID="P2_ST00389" HPOS="1677" VPOS="926" WIDTH="124" HEIGHT="38" CONTENT="religion" WC="0.85" CC="41115001"/>
					</TextLine>
					<TextLine ID="P2_TL00076" HPOS="1279" VPOS="962" WIDTH="524" HEIGHT="43">
						<String ID="P2_ST00390" HPOS="1279" VPOS="962" WIDTH="54" HEIGHT="28" CONTENT="has" WC="0.97" CC="011"/>
						<SP ID="P2_SP00311" HPOS="1333" VPOS="990" WIDTH="19"/>
						<String ID="P2_ST00391" HPOS="1352" VPOS="963" WIDTH="71" HEIGHT="29" CONTENT="been" WC="0.95" CC="2100"/>
						<SP ID="P2_SP00312" HPOS="1423" VPOS="992" WIDTH="16"/>
						<String ID="P2_ST00392" HPOS="1439" VPOS="964" WIDTH="124" HEIGHT="38" CONTENT="capable" WC="0.95" CC="1103000"/>
						<SP ID="P2_SP00313" HPOS="1563" VPOS="1002" WIDTH="12"/>
						<String ID="P2_ST00393" HPOS="1575" VPOS="966" WIDTH="31" HEIGHT="28" CONTENT='oi"' WC="0.90" CC="012"/>
						<SP ID="P2_SP00314" HPOS="1606" VPOS="1002" WIDTH="8"/>
						<String ID="P2_ST00394" HPOS="1614" VPOS="966" WIDTH="189" HEIGHT="39" CONTENT="performing" WC="0.88" CC="0102900000"/>
					</TextLine>
					<TextLine ID="P2_TL00077" HPOS="1278" VPOS="1002" WIDTH="522" HEIGHT="41">
						<String ID="P2_ST00395" HPOS="1278" VPOS="1002" WIDTH="32" HEIGHT="28" CONTENT="iv" WC="0.96" CC="01"/>
						<SP ID="P2_SP00315" HPOS="1310" VPOS="1030" WIDTH="14"/>
						<String ID="P2_ST00396" HPOS="1324" VPOS="1002" WIDTH="167" HEIGHT="30" CONTENT="thousands" WC="0.90" CC="050211101"/>
						<SP ID="P2_SP00316" HPOS="1491" VPOS="1032" WIDTH="15"/>
						<String ID="P2_ST00397" HPOS="1506" VPOS="1008" WIDTH="34" HEIGHT="25" CONTENT="of" WC="0.96" CC="01"/>
						<SP ID="P2_SP00317" HPOS="1540" VPOS="1033" WIDTH="10"/>
						<String ID="P2_ST00398" HPOS="1550" VPOS="1015" WIDTH="96" HEIGHT="28" CONTENT="years." WC="0.96" CC="001011"/>
						<SP ID="P2_SP00318" HPOS="1646" VPOS="1043" WIDTH="42"/>
						<String ID="P2_ST00399" HPOS="1688" VPOS="1006" WIDTH="30" HEIGHT="28" CONTENT="It" WC="0.98" CC="01"/>
						<SP ID="P2_SP00319" HPOS="1718" VPOS="1043" WIDTH="29"/>
						<String ID="P2_ST00400" HPOS="1747" VPOS="1008" WIDTH="53" HEIGHT="28" CONTENT="has" WC="0.96" CC="101"/>
					</TextLine>
					<TextLine ID="P2_TL00078" HPOS="1279" VPOS="1042" WIDTH="523" HEIGHT="42">
						<String ID="P2_ST00401" HPOS="1279" VPOS="1042" WIDTH="132" HEIGHT="40" CONTENT="brought" WC="0.95" CC="0003110"/>
						<SP ID="P2_SP00320" HPOS="1411" VPOS="1082" WIDTH="38"/>
						<String ID="P2_ST00402" HPOS="1449" VPOS="1044" WIDTH="104" HEIGHT="39" CONTENT="peop'e" WC="0.91" CC="110131"/>
						<SP ID="P2_SP00321" HPOS="1553" VPOS="1083" WIDTH="37"/>
						<String ID="P2_ST00403" HPOS="1590" VPOS="1046" WIDTH="140" HEIGHT="38" CONTENT="together" WC="0.81" CC="01814111"/>
						<SP ID="P2_SP00322" HPOS="1730" VPOS="1084" WIDTH="41"/>
						<String ID="P2_ST00404" HPOS="1771" VPOS="1058" WIDTH="31" HEIGHT="19" CONTENT="m" WC="0.94" CC="1"/>
					</TextLine>
					<TextLine ID="P2_TL00079" HPOS="1279" VPOS="1085" WIDTH="523" HEIGHT="34">
						<String ID="P2_ST00405" HPOS="1279" VPOS="1085" WIDTH="225" HEIGHT="34" CONTENT="communities;" WC="0.92" CC="101111100123"/>
						<SP ID="P2_SP00323" HPOS="1504" VPOS="1119" WIDTH="24"/>
						<String ID="P2_ST00406" HPOS="1528" VPOS="1087" WIDTH="124" HEIGHT="28" CONTENT="enabled" WC="0.93" CC="1111111"/>
						<SP ID="P2_SP00324" HPOS="1652" VPOS="1119" WIDTH="16"/>
						<String ID="P2_ST00407" HPOS="1668" VPOS="1088" WIDTH="80" HEIGHT="28" CONTENT="them" WC="0.95" CC="1011"/>
						<SP ID="P2_SP00325" HPOS="1748" VPOS="1119" WIDTH="23"/>
						<String ID="P2_ST00408" HPOS="1771" VPOS="1093" WIDTH="31" HEIGHT="24" CONTENT="to" WC="0.94" CC="11"/>
					</TextLine>
					<TextLine ID="P2_TL00080" HPOS="1279" VPOS="1125" WIDTH="522" HEIGHT="37">
						<String ID="P2_ST00409" HPOS="1279" VPOS="1125" WIDTH="170" HEIGHT="37" CONTENT="co-operate" WC="0.92" CC="0010113112"/>
						<SP ID="P2_SP00326" HPOS="1449" VPOS="1162" WIDTH="10"/>
						<String ID="P2_ST00410" HPOS="1459" VPOS="1125" WIDTH="35" HEIGHT="29" CONTENT="m" WC="0.96" CC="0"/>
						<SP ID="P2_SP00327" HPOS="1494" VPOS="1162" WIDTH="12"/>
						<String ID="P2_ST00411" HPOS="1506" VPOS="1135" WIDTH="18" HEIGHT="19" CONTENT="a" WC="0.93" CC="1"/>
						<SP ID="P2_SP00328" HPOS="1524" VPOS="1162" WIDTH="13"/>
						<String ID="P2_ST00412" HPOS="1537" VPOS="1126" WIDTH="149" HEIGHT="30" CONTENT="thousand" WC="0.94" CC="01011112"/>
						<SP ID="P2_SP00329" HPOS="1686" VPOS="1162" WIDTH="19"/>
						<String ID="P2_ST00413" HPOS="1705" VPOS="1128" WIDTH="96" HEIGHT="29" CONTENT="useful" WC="0.95" CC="021100"/>
					</TextLine>
					<TextLine ID="P2_TL00081" HPOS="1278" VPOS="1166" WIDTH="524" HEIGHT="37">
						<String ID="P2_ST00414" HPOS="1278" VPOS="1166" WIDTH="194" HEIGHT="37" CONTENT="occupations" WC="0.91" CC="10015102011"/>
						<String ID="P2_ST00415" HPOS="1481" VPOS="1176" WIDTH="9" HEIGHT="24" CONTENT=";" WC="0.81" CC="2"/>
						<SP ID="P2_SP00330" HPOS="1490" VPOS="1203" WIDTH="22"/>
						<String ID="P2_ST00416" HPOS="1512" VPOS="1166" WIDTH="24" HEIGHT="29" CONTENT="it" WC="0.98" CC="01"/>
						<SP ID="P2_SP00331" HPOS="1536" VPOS="1203" WIDTH="14"/>
						<String ID="P2_ST00417" HPOS="1550" VPOS="1166" WIDTH="53" HEIGHT="29" CONTENT="has" WC="0.95" CC="011"/>
						<SP ID="P2_SP00332" HPOS="1603" VPOS="1203" WIDTH="25"/>
						<String ID="P2_ST00418" HPOS="1628" VPOS="1168" WIDTH="113" HEIGHT="29" CONTENT="carried" WC="0.96" CC="0111111"/>
						<SP ID="P2_SP00333" HPOS="1741" VPOS="1203" WIDTH="31"/>
						<String ID="P2_ST00419" HPOS="1772" VPOS="1169" WIDTH="30" HEIGHT="28" CONTENT="m" WC="0.94" CC="1"/>
					</TextLine>
					<TextLine ID="P2_TL00082" HPOS="1278" VPOS="1205" WIDTH="524" HEIGHT="41">
						<String ID="P2_ST00420" HPOS="1278" VPOS="1205" WIDTH="40" HEIGHT="27" CONTENT="its" WC="0.91" CC="003"/>
						<SP ID="P2_SP00334" HPOS="1318" VPOS="1232" WIDTH="14"/>
						<String ID="P2_ST00421" HPOS="1332" VPOS="1206" WIDTH="81" HEIGHT="28" CONTENT="train" WC="0.96" CC="01101"/>
						<SP ID="P2_SP00335" HPOS="1413" VPOS="1234" WIDTH="15"/>
						<String ID="P2_ST00422" HPOS="1428" VPOS="1215" WIDTH="92" HEIGHT="28" CONTENT="peace" WC="0.88" CC="11141"/>
						<SP ID="P2_SP00336" HPOS="1520" VPOS="1243" WIDTH="23"/>
						<String ID="P2_ST00423" HPOS="1543" VPOS="1208" WIDTH="59" HEIGHT="27" CONTENT="and" WC="0.96" CC="110"/>
						<SP ID="P2_SP00337" HPOS="1602" VPOS="1243" WIDTH="29"/>
						<String ID="P2_ST00424" HPOS="1631" VPOS="1209" WIDTH="171" HEIGHT="37" CONTENT="prosperity" WC="0.94" CC="1101111101"/>
					</TextLine>
					<TextLine ID="P2_TL00083" HPOS="1278" VPOS="1244" WIDTH="526" HEIGHT="41">
						<String ID="P2_ST00425" HPOS="1278" VPOS="1244" WIDTH="206" HEIGHT="29" CONTENT="wheresoever" WC="0.89" CC="12221101113"/>
						<SP ID="P2_SP00338" HPOS="1484" VPOS="1273" WIDTH="7"/>
						<String ID="P2_ST00426" HPOS="1491" VPOS="1246" WIDTH="26" HEIGHT="27" CONTENT="it" WC="0.91" CC="12"/>
						<SP ID="P2_SP00339" HPOS="1517" VPOS="1273" WIDTH="29"/>
						<String ID="P2_ST00427" HPOS="1546" VPOS="1246" WIDTH="52" HEIGHT="28" CONTENT="has" WC="0.78" CC="151"/>
						<SP ID="P2_SP00340" HPOS="1598" VPOS="1274" WIDTH="25"/>
						<String ID="P2_ST00428" HPOS="1623" VPOS="1258" WIDTH="87" HEIGHT="27" CONTENT="gone." WC="0.89" CC="30201"/>
						<SP ID="P2_SP00341" HPOS="1710" VPOS="1285" WIDTH="44"/>
						<String ID="P2_ST00429" HPOS="1754" VPOS="1249" WIDTH="50" HEIGHT="28" CONTENT="On" WC="0.89" CC="02"/>
					</TextLine>
					<TextLine ID="P2_TL00084" HPOS="1279" VPOS="1284" WIDTH="523" HEIGHT="43">
						<String ID="P2_ST00430" HPOS="1279" VPOS="1284" WIDTH="51" HEIGHT="28" CONTENT="the" WC="0.78" CC="015"/>
						<SP ID="P2_SP00342" HPOS="1330" VPOS="1312" WIDTH="15"/>
						<String ID="P2_ST00431" HPOS="1345" VPOS="1285" WIDTH="88" HEIGHT="28" CONTENT="other" WC="0.91" CC="01221"/>
						<SP ID="P2_SP00343" HPOS="1433" VPOS="1313" WIDTH="14"/>
						<String ID="P2_ST00432" HPOS="1447" VPOS="1286" WIDTH="91" HEIGHT="35" CONTENT="hand," WC="0.92" CC="11111"/>
						<SP ID="P2_SP00344" HPOS="1538" VPOS="1321" WIDTH="16"/>
						<String ID="P2_ST00433" HPOS="1554" VPOS="1287" WIDTH="52" HEIGHT="28" CONTENT="the" WC="0.96" CC="110"/>
						<SP ID="P2_SP00345" HPOS="1606" VPOS="1321" WIDTH="14"/>
						<String ID="P2_ST00434" HPOS="1620" VPOS="1296" WIDTH="140" HEIGHT="31" CONTENT="progress" WC="0.94" CC="11021011"/>
						<SP ID="P2_SP00346" HPOS="1760" VPOS="1327" WIDTH="11"/>
						<String ID="P2_ST00435" HPOS="1771" VPOS="1289" WIDTH="31" HEIGHT="28" CONTENT="of" WC="0.98" CC="10"/>
					</TextLine>
					<TextLine ID="P2_TL00085" HPOS="1279" VPOS="1324" WIDTH="523" HEIGHT="43">
						<String ID="P2_ST00436" HPOS="1279" VPOS="1324" WIDTH="142" HEIGHT="38" CONTENT="religions" WC="0.93" CC="111121111"/>
						<SP ID="P2_SP00347" HPOS="1421" VPOS="1362" WIDTH="16"/>
						<String ID="P2_ST00437" HPOS="1437" VPOS="1326" WIDTH="53" HEIGHT="28" CONTENT="has" WC="0.95" CC="110"/>
						<SP ID="P2_SP00348" HPOS="1490" VPOS="1362" WIDTH="16"/>
						<String ID="P2_ST00438" HPOS="1506" VPOS="1327" WIDTH="72" HEIGHT="29" CONTENT="been" WC="0.95" CC="0111"/>
						<SP ID="P2_SP00349" HPOS="1578" VPOS="1362" WIDTH="30"/>
						<String ID="P2_ST00439" HPOS="1608" VPOS="1328" WIDTH="123" HEIGHT="29" CONTENT="marked" WC="0.96" CC="111111"/>
						<SP ID="P2_SP00350" HPOS="1731" VPOS="1362" WIDTH="30"/>
						<String ID="P2_ST00440" HPOS="1761" VPOS="1329" WIDTH="41" HEIGHT="38" CONTENT="by" WC="1.00" CC="00"/>
					</TextLine>
					<TextLine ID="P2_TL00086" HPOS="1279" VPOS="1364" WIDTH="522" HEIGHT="42">
						<String ID="P2_ST00441" HPOS="1279" VPOS="1364" WIDTH="96" HEIGHT="37" CONTENT="strife," WC="0.87" CC="5020201"/>
						<SP ID="P2_SP00351" HPOS="1375" VPOS="1401" WIDTH="51"/>
						<String ID="P2_ST00442" HPOS="1426" VPOS="1366" WIDTH="119" HEIGHT="36" CONTENT="misery," WC="0.86" CC="4021112"/>
						<SP ID="P2_SP00352" HPOS="1545" VPOS="1402" WIDTH="55"/>
						<String ID="P2_ST00443" HPOS="1600" VPOS="1369" WIDTH="201" HEIGHT="37" CONTENT="persecution," WC="0.96" CC="001101011102"/>
					</TextLine>
					<TextLine ID="P2_TL00087" HPOS="1277" VPOS="1405" WIDTH="524" HEIGHT="43">
						<String ID="P2_ST00444" HPOS="1277" VPOS="1405" WIDTH="106" HEIGHT="29" CONTENT="bloods" WC="0.96" CC="100011"/>
						<SP ID="P2_SP00353" HPOS="1383" VPOS="1434" WIDTH="8"/>
						<String ID="P2_ST00445" HPOS="1391" VPOS="1406" WIDTH="61" HEIGHT="33" CONTENT="ied," WC="0.87" CC="3111"/>
						<SP ID="P2_SP00354" HPOS="1452" VPOS="1439" WIDTH="29"/>
						<String ID="P2_ST00446" HPOS="1481" VPOS="1408" WIDTH="60" HEIGHT="28" CONTENT="and" WC="0.97" CC="110"/>
						<SP ID="P2_SP00355" HPOS="1541" VPOS="1439" WIDTH="30"/>
						<String ID="P2_ST00447" HPOS="1571" VPOS="1410" WIDTH="82" HEIGHT="27" CONTENT="often" WC="0.93" CC="01120"/>
						<SP ID="P2_SP00356" HPOS="1653" VPOS="1439" WIDTH="29"/>
						<String ID="P2_ST00448" HPOS="1682" VPOS="1410" WIDTH="40" HEIGHT="38" CONTENT="by" WC="1.00" CC="00"/>
						<SP ID="P2_SP00357" HPOS="1722" VPOS="1448" WIDTH="28"/>
						<String ID="P2_ST00449" HPOS="1750" VPOS="1410" WIDTH="51" HEIGHT="29" CONTENT="the" WC="0.95" CC="011"/>
					</TextLine>
					<TextLine ID="P2_TL00088" HPOS="1278" VPOS="1445" WIDTH="524" HEIGHT="34">
						<String ID="P2_ST00450" HPOS="1278" VPOS="1445" WIDTH="187" HEIGHT="30" CONTENT="destruction" WC="0.97" CC="11110010111"/>
						<SP ID="P2_SP00358" HPOS="1465" VPOS="1475" WIDTH="15"/>
						<String ID="P2_ST00451" HPOS="1480" VPOS="1448" WIDTH="32" HEIGHT="28" CONTENT="of" WC="1.00" CC="00"/>
						<SP ID="P2_SP00359" HPOS="1512" VPOS="1476" WIDTH="24"/>
						<String ID="P2_ST00452" HPOS="1536" VPOS="1448" WIDTH="177" HEIGHT="29" CONTENT="inoffensive" WC="0.77" CC="00199101111"/>
						<SP ID="P2_SP00360" HPOS="1713" VPOS="1477" WIDTH="29"/>
						<String ID="P2_ST00453" HPOS="1742" VPOS="1450" WIDTH="60" HEIGHT="29" CONTENT="and" WC="0.96" CC="011"/>
					</TextLine>
					<TextLine ID="P2_TL00089" HPOS="1279" VPOS="1486" WIDTH="522" HEIGHT="45">
						<String ID="P2_ST00454" HPOS="1279" VPOS="1486" WIDTH="223" HEIGHT="45" CONTENT="well-meaning" WC="0.88" CC="111011011119"/>
						<SP ID="P2_SP00361" HPOS="1502" VPOS="1531" WIDTH="26"/>
						<String ID="P2_ST00455" HPOS="1528" VPOS="1489" WIDTH="120" HEIGHT="29" CONTENT="nations" WC="0.96" CC="0000022"/>
						<SP ID="P2_SP00362" HPOS="1648" VPOS="1531" WIDTH="32"/>
						<String ID="P2_ST00456" HPOS="1680" VPOS="1490" WIDTH="42" HEIGHT="29" CONTENT="offi" WC="0.58" CC="0555"/>
						<SP ID="P2_SP00363" HPOS="1722" VPOS="1531" WIDTH="27"/>
						<String ID="P2_ST00457" HPOS="1749" VPOS="1491" WIDTH="52" HEIGHT="28" CONTENT="the" WC="0.99" CC="010"/>
					</TextLine>
					<TextLine ID="P2_TL00090" HPOS="1278" VPOS="1518" WIDTH="422" HEIGHT="39">
						<String ID="P2_ST00458" HPOS="1278" VPOS="1526" WIDTH="66" HEIGHT="29" CONTENT="face" WC="0.88" CC="1104"/>
						<SP ID="P2_SP00364" HPOS="1344" VPOS="1555" WIDTH="15"/>
						<String ID="P2_ST00459" HPOS="1359" VPOS="1526" WIDTH="33" HEIGHT="30" CONTENT="of" WC="0.94" CC="01"/>
						<SP ID="P2_SP00365" HPOS="1392" VPOS="1556" WIDTH="7"/>
						<String ID="P2_ST00460" HPOS="1399" VPOS="1527" WIDTH="51" HEIGHT="29" CONTENT="the" WC="0.95" CC="111"/>
						<SP ID="P2_SP00366" HPOS="1450" VPOS="1556" WIDTH="9"/>
						<String ID="P2_ST00461" HPOS="1459" VPOS="1528" WIDTH="94" HEIGHT="29" CONTENT="earth." WC="0.94" CC="110210"/>
						<SP ID="P2_SP00367" HPOS="1553" VPOS="1557" WIDTH="142"/>
						<String ID="P2_ST00462" HPOS="1695" VPOS="1518" WIDTH="5" HEIGHT="36" CONTENT="1" WC="0.85" CC="2"/>
					</TextLine>
					<TextLine ID="P2_TL00091" HPOS="1319" VPOS="1566" WIDTH="483" HEIGHT="40">
						<String ID="P2_ST00463" HPOS="1319" VPOS="1566" WIDTH="94" HEIGHT="37" CONTENT="Then," WC="0.95" CC="01110"/>
						<SP ID="P2_SP00368" HPOS="1413" VPOS="1603" WIDTH="13"/>
						<String ID="P2_ST00464" HPOS="1426" VPOS="1569" WIDTH="98" HEIGHT="37" CONTENT="again," WC="0.95" CC="101111"/>
						<SP ID="P2_SP00369" HPOS="1524" VPOS="1606" WIDTH="17"/>
						<String ID="P2_ST00465" HPOS="1541" VPOS="1578" WIDTH="49" HEIGHT="20" CONTENT="see" WC="0.94" CC="110"/>
						<SP ID="P2_SP00370" HPOS="1590" VPOS="1606" WIDTH="14"/>
						<String ID="P2_ST00466" HPOS="1604" VPOS="1570" WIDTH="83" HEIGHT="29" CONTENT="what" WC="0.94" CC="1111"/>
						<SP ID="P2_SP00371" HPOS="1687" VPOS="1606" WIDTH="14"/>
						<String ID="P2_ST00467" HPOS="1701" VPOS="1571" WIDTH="101" HEIGHT="29" CONTENT="mach" SUBS_TYPE="HypPart1" SUBS_CONTENT="machinery" WC="0.97" CC="01011"/>
						<HYP CONTENT="-"/>
					</TextLine>
					<TextLine ID="P2_TL00092" HPOS="1278" VPOS="1607" WIDTH="525" HEIGHT="41">
						<String ID="P2_ST00468" HPOS="1278" VPOS="1607" WIDTH="86" HEIGHT="37" CONTENT="inery" SUBS_TYPE="HypPart2" SUBS_CONTENT="machinery" WC="0.84" CC="01511"/>
						<SP ID="P2_SP00372" HPOS="1364" VPOS="1644" WIDTH="15"/>
						<String ID="P2_ST00469" HPOS="1379" VPOS="1608" WIDTH="54" HEIGHT="28" CONTENT="has" WC="0.96" CC="110"/>
						<SP ID="P2_SP00373" HPOS="1433" VPOS="1644" WIDTH="14"/>
						<String ID="P2_ST00470" HPOS="1447" VPOS="1608" WIDTH="79" HEIGHT="29" CONTENT="done" WC="0.95" CC="1010"/>
						<SP ID="P2_SP00374" HPOS="1526" VPOS="1644" WIDTH="23"/>
						<String ID="P2_ST00471" HPOS="1549" VPOS="1610" WIDTH="48" HEIGHT="27" CONTENT="for" WC="1.00" CC="000"/>
						<SP ID="P2_SP00375" HPOS="1597" VPOS="1644" WIDTH="21"/>
						<String ID="P2_ST00472" HPOS="1618" VPOS="1611" WIDTH="185" HEIGHT="37" CONTENT="agriculture" WC="0.92" CC="11100041310"/>
					</TextLine>
					<TextLine ID="P2_TL00093" HPOS="1279" VPOS="1647" WIDTH="520" HEIGHT="32">
						<String ID="P2_ST00473" HPOS="1279" VPOS="1647" WIDTH="59" HEIGHT="28" CONTENT="and" WC="0.94" CC="110"/>
						<SP ID="P2_SP00376" HPOS="1338" VPOS="1675" WIDTH="36"/>
						<String ID="P2_ST00474" HPOS="1374" VPOS="1648" WIDTH="85" HEIGHT="29" CONTENT="other" WC="0.95" CC="02111"/>
						<SP ID="P2_SP00377" HPOS="1459" VPOS="1677" WIDTH="41"/>
						<String ID="P2_ST00475" HPOS="1500" VPOS="1648" WIDTH="194" HEIGHT="31" CONTENT="handicrafts." WC="0.87" CC="101012111910"/>
						<SP ID="P2_SP00378" HPOS="1694" VPOS="1679" WIDTH="44"/>
						<String ID="P2_ST00476" HPOS="1738" VPOS="1650" WIDTH="61" HEIGHT="29" CONTENT="Tht" WC="0.86" CC="113"/>
					</TextLine>
					<TextLine ID="P2_TL00094" HPOS="1279" VPOS="1688" WIDTH="521" HEIGHT="32">
						<String ID="P2_ST00477" HPOS="1279" VPOS="1688" WIDTH="103" HEIGHT="28" CONTENT="nation" WC="0.93" CC="111111"/>
						<SP ID="P2_SP00379" HPOS="1382" VPOS="1716" WIDTH="15"/>
						<String ID="P2_ST00478" HPOS="1397" VPOS="1688" WIDTH="67" HEIGHT="29" CONTENT="that" WC="0.97" CC="1011"/>
						<SP ID="P2_SP00380" HPOS="1464" VPOS="1717" WIDTH="15"/>
						<String ID="P2_ST00479" HPOS="1479" VPOS="1692" WIDTH="88" HEIGHT="26" CONTENT="turns" WC="0.93" CC="11102"/>
						<SP ID="P2_SP00381" HPOS="1567" VPOS="1718" WIDTH="10"/>
						<String ID="P2_ST00480" HPOS="1577" VPOS="1690" WIDTH="77" HEIGHT="29" CONTENT="from" WC="0.98" CC="0101"/>
						<SP ID="P2_SP00382" HPOS="1654" VPOS="1719" WIDTH="16"/>
						<String ID="P2_ST00481" HPOS="1670" VPOS="1701" WIDTH="61" HEIGHT="19" CONTENT="war" WC="0.99" CC="001"/>
						<SP ID="P2_SP00383" HPOS="1731" VPOS="1720" WIDTH="11"/>
						<String ID="P2_ST00482" HPOS="1742" VPOS="1691" WIDTH="58" HEIGHT="29" CONTENT="and" WC="0.96" CC="100"/>
					</TextLine>
					<TextLine ID="P2_TL00095" HPOS="1279" VPOS="1728" WIDTH="521" HEIGHT="40">
						<String ID="P2_ST00483" HPOS="1279" VPOS="1728" WIDTH="130" HEIGHT="39" CONTENT="hunting" WC="0.93" CC="1220011"/>
						<SP ID="P2_SP00384" HPOS="1409" VPOS="1767" WIDTH="29"/>
						<String ID="P2_ST00484" HPOS="1438" VPOS="1732" WIDTH="30" HEIGHT="25" CONTENT="to" WC="1.00" CC="00"/>
						<SP ID="P2_SP00385" HPOS="1468" VPOS="1767" WIDTH="22"/>
						<String ID="P2_ST00485" HPOS="1490" VPOS="1731" WIDTH="184" HEIGHT="37" CONTENT="agriculture" WC="0.96" CC="01001110111"/>
						<SP ID="P2_SP00386" HPOS="1674" VPOS="1768" WIDTH="29"/>
						<String ID="P2_ST00486" HPOS="1703" VPOS="1731" WIDTH="26" HEIGHT="29" CONTENT="is" WC="0.93" CC="11"/>
						<SP ID="P2_SP00387" HPOS="1729" VPOS="1768" WIDTH="35"/>
						<String ID="P2_ST00487" HPOS="1764" VPOS="1742" WIDTH="36" HEIGHT="17" CONTENT="on" WC="0.98" CC="01"/>
					</TextLine>
					<TextLine ID="P2_TL00096" HPOS="1280" VPOS="1768" WIDTH="523" HEIGHT="40">
						<String ID="P2_ST00488" HPOS="1280" VPOS="1768" WIDTH="50" HEIGHT="28" CONTENT="the" WC="0.93" CC="111"/>
						<SP ID="P2_SP00388" HPOS="1330" VPOS="1796" WIDTH="15"/>
						<String ID="P2_ST00489" HPOS="1345" VPOS="1768" WIDTH="73" HEIGHT="38" CONTENT="high" WC="0.94" CC="0111"/>
						<SP ID="P2_SP00389" HPOS="1418" VPOS="1806" WIDTH="15"/>
						<String ID="P2_ST00490" HPOS="1433" VPOS="1770" WIDTH="73" HEIGHT="27" CONTENT="road" WC="0.96" CC="0011"/>
						<SP ID="P2_SP00390" HPOS="1506" VPOS="1806" WIDTH="16"/>
						<String ID="P2_ST00491" HPOS="1522" VPOS="1773" WIDTH="31" HEIGHT="26" CONTENT="to" WC="1.00" CC="00"/>
						<SP ID="P2_SP00391" HPOS="1553" VPOS="1806" WIDTH="12"/>
						<String ID="P2_ST00492" HPOS="1565" VPOS="1780" WIDTH="128" HEIGHT="28" CONTENT="success." WC="0.90" CC="00211015"/>
						<SP ID="P2_SP00392" HPOS="1693" VPOS="1808" WIDTH="46"/>
						<String ID="P2_ST00493" HPOS="1739" VPOS="1770" WIDTH="64" HEIGHT="30" CONTENT="Our" WC="0.97" CC="011"/>
					</TextLine>
					<TextLine ID="P2_TL00097" HPOS="1280" VPOS="1804" WIDTH="520" HEIGHT="37">
						<String ID="P2_ST00494" HPOS="1280" VPOS="1804" WIDTH="223" HEIGHT="35" CONTENT="Scandinavian" WC="0.91" CC="501111111111"/>
						<SP ID="P2_SP00393" HPOS="1503" VPOS="1839" WIDTH="115"/>
						<String ID="P2_ST00495" HPOS="1618" VPOS="1811" WIDTH="182" HEIGHT="30" CONTENT="forefathers" WC="0.94" CC="20111111100"/>
					</TextLine>
					<TextLine ID="P2_TL00098" HPOS="1278" VPOS="1850" WIDTH="524" HEIGHT="40">
						<String ID="P2_ST00496" HPOS="1278" VPOS="1850" WIDTH="112" HEIGHT="37" CONTENT="taught" WC="0.96" CC="101100"/>
						<SP ID="P2_SP00394" HPOS="1390" VPOS="1887" WIDTH="16"/>
						<String ID="P2_ST00497" HPOS="1406" VPOS="1850" WIDTH="50" HEIGHT="30" CONTENT="the" WC="0.97" CC="100"/>
						<SP ID="P2_SP00395" HPOS="1456" VPOS="1887" WIDTH="14"/>
						<String ID="P2_ST00498" HPOS="1470" VPOS="1851" WIDTH="89" HEIGHT="30" CONTENT="value" WC="0.76" CC="10290"/>
						<SP ID="P2_SP00396" HPOS="1559" VPOS="1887" WIDTH="9"/>
						<String ID="P2_ST00499" HPOS="1568" VPOS="1852" WIDTH="32" HEIGHT="29" CONTENT="of" WC="1.00" CC="00"/>
						<SP ID="P2_SP00397" HPOS="1600" VPOS="1887" WIDTH="14"/>
						<String ID="P2_ST00500" HPOS="1614" VPOS="1852" WIDTH="60" HEIGHT="29" CONTENT="this" WC="0.96" CC="1011"/>
						<SP ID="P2_SP00398" HPOS="1674" VPOS="1887" WIDTH="16"/>
						<String ID="P2_ST00501" HPOS="1690" VPOS="1855" WIDTH="66" HEIGHT="35" CONTENT="step" WC="0.96" CC="0111"/>
						<SP ID="P2_SP00399" HPOS="1756" VPOS="1890" WIDTH="15"/>
						<String ID="P2_ST00502" HPOS="1771" VPOS="1853" WIDTH="31" HEIGHT="28" CONTENT="m" WC="1.00" CC="0"/>
					</TextLine>
					<TextLine ID="P2_TL00099" HPOS="1278" VPOS="1889" WIDTH="524" HEIGHT="41">
						<String ID="P2_ST00503" HPOS="1278" VPOS="1889" WIDTH="53" HEIGHT="30" CONTENT="the" WC="0.99" CC="001"/>
						<SP ID="P2_SP00400" HPOS="1331" VPOS="1919" WIDTH="35"/>
						<String ID="P2_ST00504" HPOS="1366" VPOS="1891" WIDTH="156" HEIGHT="39" CONTENT="following" WC="0.98" CC="000101001"/>
						<SP ID="P2_SP00401" HPOS="1522" VPOS="1930" WIDTH="41"/>
						<String ID="P2_ST00505" HPOS="1563" VPOS="1892" WIDTH="105" HEIGHT="32" CONTENT="fable:." WC="0.96" CC="1101101"/>
						<SP ID="P2_SP00402" HPOS="1668" VPOS="1930" WIDTH="39"/>
						<String ID="P2_ST00506" HPOS="1707" VPOS="1892" WIDTH="95" HEIGHT="30" CONTENT="There" WC="0.94" CC="01111"/>
					</TextLine>
					<TextLine ID="P2_TL00100" HPOS="1279" VPOS="1933" WIDTH="523" HEIGHT="36">
						<String ID="P2_ST00507" HPOS="1279" VPOS="1936" WIDTH="59" HEIGHT="23" CONTENT="\Vas" WC="0.84" CC="2401"/>
						<SP ID="P2_SP00403" HPOS="1338" VPOS="1959" WIDTH="16"/>
						<String ID="P2_ST00508" HPOS="1354" VPOS="1940" WIDTH="73" HEIGHT="20" CONTENT="once" WC="0.94" CC="0102"/>
						<SP ID="P2_SP00404" HPOS="1427" VPOS="1960" WIDTH="15"/>
						<String ID="P2_ST00509" HPOS="1442" VPOS="1942" WIDTH="19" HEIGHT="18" CONTENT="a" WC="0.89" CC="1"/>
						<SP ID="P2_SP00405" HPOS="1461" VPOS="1960" WIDTH="21"/>
						<String ID="P2_ST00510" HPOS="1482" VPOS="1933" WIDTH="134" HEIGHT="36" CONTENT="giantess" WC="0.83" CC="51141011"/>
						<SP ID="P2_SP00406" HPOS="1616" VPOS="1969" WIDTH="28"/>
						<String ID="P2_ST00511" HPOS="1644" VPOS="1933" WIDTH="68" HEIGHT="29" CONTENT="who" WC="0.96" CC="110"/>
						<SP ID="P2_SP00407" HPOS="1712" VPOS="1969" WIDTH="29"/>
						<String ID="P2_ST00512" HPOS="1741" VPOS="1933" WIDTH="61" HEIGHT="28" CONTENT="had" WC="0.97" CC="100"/>
					</TextLine>
					<TextLine ID="P2_TL00101" HPOS="1278" VPOS="1971" WIDTH="525" HEIGHT="38">
						<String ID="P2_ST00513" HPOS="1278" VPOS="1978" WIDTH="16" HEIGHT="26" CONTENT="a;" WC="0.87" CC="21"/>
						<SP ID="P2_SP00408" HPOS="1294" VPOS="2004" WIDTH="17"/>
						<String ID="P2_ST00514" HPOS="1311" VPOS="1971" WIDTH="158" HEIGHT="38" CONTENT="daughter," WC="0.94" CC="011210011"/>
						<SP ID="P2_SP00409" HPOS="1469" VPOS="2009" WIDTH="18"/>
						<String ID="P2_ST00515" HPOS="1487" VPOS="1973" WIDTH="68" HEIGHT="33" CONTENT="and." WC="0.83" CC="1113"/>
						<SP ID="P2_SP00410" HPOS="1555" VPOS="2009" WIDTH="6"/>
						<String ID="P2_ST00516" HPOS="1561" VPOS="1973" WIDTH="52" HEIGHT="30" CONTENT="the" WC="0.99" CC="100"/>
						<SP ID="P2_SP00411" HPOS="1613" VPOS="2009" WIDTH="20"/>
						<String ID="P2_ST00517" HPOS="1633" VPOS="1973" WIDTH="78" HEIGHT="28" CONTENT="child" WC="0.95" CC="11111"/>
						<SP ID="P2_SP00412" HPOS="1711" VPOS="2009" WIDTH="29"/>
						<String ID="P2_ST00518" HPOS="1740" VPOS="1982" WIDTH="63" HEIGHT="19" CONTENT="saw" WC="0.93" CC="111"/>
					</TextLine>
					<TextLine ID="P2_TL00102" HPOS="1278" VPOS="2006" WIDTH="524" HEIGHT="46">
						<String ID="P2_ST00519" HPOS="1278" VPOS="2006" WIDTH="51" HEIGHT="37" CONTENT="the" WC="0.84" CC="050"/>
						<SP ID="P2_SP00413" HPOS="1329" VPOS="2043" WIDTH="11"/>
						<String ID="P2_ST00520" HPOS="1340" VPOS="2011" WIDTH="210" HEIGHT="30" CONTENT="husbandman" WC="0.95" CC="0111111111"/>
						<SP ID="P2_SP00414" HPOS="1550" VPOS="2043" WIDTH="16"/>
						<String ID="P2_ST00521" HPOS="1566" VPOS="2013" WIDTH="171" HEIGHT="39" CONTENT="ploughing" WC="0.87" CC="112111051"/>
						<SP ID="P2_SP00415" HPOS="1737" VPOS="2052" WIDTH="14"/>
						<String ID="P2_ST00522" HPOS="1751" VPOS="2013" WIDTH="51" HEIGHT="30" CONTENT="the" WC="0.97" CC="001"/>
					</TextLine>
					<TextLine ID="P2_TL00103" HPOS="1276" VPOS="2051" WIDTH="526" HEIGHT="42">
						<String ID="P2_ST00523" HPOS="1276" VPOS="2051" WIDTH="79" HEIGHT="29" CONTENT="field." WC="0.86" CC="224010"/>
						<SP ID="P2_SP00416" HPOS="1355" VPOS="2080" WIDTH="38"/>
						<String ID="P2_ST00524" HPOS="1393" VPOS="2053" WIDTH="85" HEIGHT="29" CONTENT="Then" WC="0.97" CC="1001"/>
						<SP ID="P2_SP00417" HPOS="1478" VPOS="2082" WIDTH="13"/>
						<String ID="P2_ST00525" HPOS="1491" VPOS="2053" WIDTH="52" HEIGHT="30" CONTENT="she" WC="0.93" CC="111"/>
						<SP ID="P2_SP00418" HPOS="1543" VPOS="2083" WIDTH="9"/>
						<String ID="P2_ST00526" HPOS="1552" VPOS="2064" WIDTH="55" HEIGHT="19" CONTENT="ran" WC="0.96" CC="101"/>
						<SP ID="P2_SP00419" HPOS="1607" VPOS="2083" WIDTH="11"/>
						<String ID="P2_ST00527" HPOS="1618" VPOS="2054" WIDTH="57" HEIGHT="29" CONTENT="and" WC="0.91" CC="112"/>
						<SP ID="P2_SP00420" HPOS="1675" VPOS="2083" WIDTH="16"/>
						<String ID="P2_ST00528" HPOS="1691" VPOS="2053" WIDTH="111" HEIGHT="40" CONTENT="p'cked" WC="0.93" CC="111111"/>
					</TextLine>
					<TextLine ID="P2_TL00104" HPOS="1277" VPOS="2091" WIDTH="525" HEIGHT="42">
						<String ID="P2_ST00529" HPOS="1277" VPOS="2091" WIDTH="63" HEIGHT="30" CONTENT="him" WC="0.96" CC="110"/>
						<SP ID="P2_SP00421" HPOS="1340" VPOS="2121" WIDTH="29"/>
						<String ID="P2_ST00530" HPOS="1369" VPOS="2103" WIDTH="40" HEIGHT="29" CONTENT="up" WC="0.80" CC="31"/>
						<SP ID="P2_SP00422" HPOS="1409" VPOS="2132" WIDTH="26"/>
						<String ID="P2_ST00531" HPOS="1435" VPOS="2093" WIDTH="75" HEIGHT="29" CONTENT="with" WC="0.92" CC="2111"/>
						<SP ID="P2_SP00423" HPOS="1510" VPOS="2132" WIDTH="28"/>
						<String ID="P2_ST00532" HPOS="1538" VPOS="2094" WIDTH="53" HEIGHT="29" CONTENT="her" WC="0.97" CC="101"/>
						<SP ID="P2_SP00424" HPOS="1591" VPOS="2132" WIDTH="25"/>
						<String ID="P2_ST00533" HPOS="1616" VPOS="2095" WIDTH="98" HEIGHT="38" CONTENT="finger" WC="0.91" CC="111121"/>
						<SP ID="P2_SP00425" HPOS="1714" VPOS="2133" WIDTH="29"/>
						<String ID="P2_ST00534" HPOS="1743" VPOS="2095" WIDTH="59" HEIGHT="28" CONTENT="and" WC="0.94" CC="101"/>
					</TextLine>
					<TextLine ID="P2_TL00105" HPOS="1277" VPOS="2133" WIDTH="525" HEIGHT="39">
						<String ID="P2_ST00535" HPOS="1277" VPOS="2133" WIDTH="116" HEIGHT="34" CONTENT="thumb," WC="0.81" CC="090001"/>
						<SP ID="P2_SP00426" HPOS="1393" VPOS="2167" WIDTH="17"/>
						<String ID="P2_ST00536" HPOS="1410" VPOS="2134" WIDTH="65" HEIGHT="38" CONTENT="and.," WC="0.81" CC="11116"/>
						<SP ID="P2_SP00427" HPOS="1475" VPOS="2172" WIDTH="17"/>
						<String ID="P2_ST00537" HPOS="1492" VPOS="2138" WIDTH="56" HEIGHT="34" CONTENT="put" WC="0.99" CC="001"/>
						<SP ID="P2_SP00428" HPOS="1548" VPOS="2172" WIDTH="29"/>
						<String ID="P2_ST00538" HPOS="1577" VPOS="2135" WIDTH="62" HEIGHT="30" CONTENT="him" WC="0.93" CC="120"/>
						<SP ID="P2_SP00429" HPOS="1639" VPOS="2172" WIDTH="28"/>
						<String ID="P2_ST00539" HPOS="1667" VPOS="2135" WIDTH="57" HEIGHT="29" CONTENT="and" WC="0.91" CC="112"/>
						<SP ID="P2_SP00430" HPOS="1724" VPOS="2172" WIDTH="33"/>
						<String ID="P2_ST00540" HPOS="1757" VPOS="2135" WIDTH="45" HEIGHT="30" CONTENT="his" WC="0.96" CC="011"/>
					</TextLine>
					<TextLine ID="P2_TL00106" HPOS="1278" VPOS="2173" WIDTH="522" HEIGHT="39">
						<String ID="P2_ST00541" HPOS="1278" VPOS="2173" WIDTH="112" HEIGHT="39" CONTENT="plough" WC="0.94" CC="110210"/>
						<SP ID="P2_SP00431" HPOS="1390" VPOS="2212" WIDTH="16"/>
						<String ID="P2_ST00542" HPOS="1406" VPOS="2175" WIDTH="59" HEIGHT="28" CONTENT="and" WC="0.96" CC="101"/>
						<SP ID="P2_SP00432" HPOS="1465" VPOS="2212" WIDTH="16"/>
						<String ID="P2_ST00543" HPOS="1481" VPOS="2174" WIDTH="47" HEIGHT="30" CONTENT="his" WC="0.97" CC="101"/>
						<SP ID="P2_SP00433" HPOS="1528" VPOS="2212" WIDTH="24"/>
						<String ID="P2_ST00544" HPOS="1552" VPOS="2185" WIDTH="77" HEIGHT="20" CONTENT="oxen" WC="0.98" CC="0101"/>
						<SP ID="P2_SP00434" HPOS="1629" VPOS="2212" WIDTH="25"/>
						<String ID="P2_ST00545" HPOS="1654" VPOS="2175" WIDTH="66" HEIGHT="29" CONTENT="into" WC="0.96" CC="1100"/>
						<SP ID="P2_SP00435" HPOS="1720" VPOS="2212" WIDTH="28"/>
						<String ID="P2_ST00546" HPOS="1748" VPOS="2175" WIDTH="52" HEIGHT="30" CONTENT="her" WC="0.99" CC="001"/>
					</TextLine>
					<TextLine ID="P2_TL00107" HPOS="1278" VPOS="2215" WIDTH="525" HEIGHT="37">
						<String ID="P2_ST00547" HPOS="1278" VPOS="2223" WIDTH="102" HEIGHT="29" CONTENT="apron," WC="0.90" CC="111031"/>
						<SP ID="P2_SP00436" HPOS="1380" VPOS="2252" WIDTH="17"/>
						<String ID="P2_ST00548" HPOS="1397" VPOS="2215" WIDTH="59" HEIGHT="28" CONTENT="and" WC="0.83" CC="411"/>
						<SP ID="P2_SP00437" HPOS="1456" VPOS="2252" WIDTH="17"/>
						<String ID="P2_ST00549" HPOS="1473" VPOS="2216" WIDTH="114" HEIGHT="29" CONTENT="carried" WC="0.95" CC="1111101"/>
						<SP ID="P2_SP00438" HPOS="1587" VPOS="2252" WIDTH="18"/>
						<String ID="P2_ST00550" HPOS="1605" VPOS="2216" WIDTH="79" HEIGHT="30" CONTENT="them" WC="0.93" CC="1111"/>
						<SP ID="P2_SP00439" HPOS="1684" VPOS="2252" WIDTH="19"/>
						<String ID="P2_ST00551" HPOS="1703" VPOS="2220" WIDTH="30" HEIGHT="25" CONTENT="to" WC="1.00" CC="00"/>
						<SP ID="P2_SP00440" HPOS="1733" VPOS="2252" WIDTH="14"/>
						<String ID="P2_ST00552" HPOS="1747" VPOS="2216" WIDTH="56" HEIGHT="30" CONTENT="her" WC="0.94" CC="111"/>
					</TextLine>
					<TextLine ID="P2_TL00108" HPOS="1277" VPOS="2254" WIDTH="522" HEIGHT="37">
						<String ID="P2_ST00553" HPOS="1277" VPOS="2254" WIDTH="128" HEIGHT="34" CONTENT="mother," WC="0.91" CC="1111113"/>
						<SP ID="P2_SP00441" HPOS="1405" VPOS="2288" WIDTH="29"/>
						<String ID="P2_ST00554" HPOS="1434" VPOS="2256" WIDTH="58" HEIGHT="27" CONTENT="and" WC="0.99" CC="010"/>
						<SP ID="P2_SP00442" HPOS="1492" VPOS="2288" WIDTH="30"/>
						<String ID="P2_ST00555" HPOS="1522" VPOS="2256" WIDTH="85" HEIGHT="29" CONTENT="said:" WC="0.95" CC="10111"/>
						<SP ID="P2_SP00443" HPOS="1607" VPOS="2288" WIDTH="37"/>
						<String ID="P2_ST00556" HPOS="1644" VPOS="2257" WIDTH="155" HEIGHT="34" CONTENT='"Mother,' WC="0.87" CC="30000511"/>
					</TextLine>
					<TextLine ID="P2_TL00109" HPOS="1276" VPOS="2292" WIDTH="524" HEIGHT="33">
						<String ID="P2_ST00557" HPOS="1276" VPOS="2292" WIDTH="82" HEIGHT="30" CONTENT="what" WC="0.92" CC="0121"/>
						<SP ID="P2_SP00444" HPOS="1358" VPOS="2322" WIDTH="15"/>
						<String ID="P2_ST00558" HPOS="1373" VPOS="2296" WIDTH="63" HEIGHT="27" CONTENT="sort" WC="0.93" CC="1012"/>
						<SP ID="P2_SP00445" HPOS="1436" VPOS="2323" WIDTH="21"/>
						<String ID="P2_ST00559" HPOS="1457" VPOS="2294" WIDTH="35" HEIGHT="29" CONTENT="of" WC="0.94" CC="01"/>
						<SP ID="P2_SP00446" HPOS="1492" VPOS="2323" WIDTH="23"/>
						<String ID="P2_ST00560" HPOS="1515" VPOS="2305" WIDTH="18" HEIGHT="19" CONTENT="a" WC="1.00" CC="0"/>
						<SP ID="P2_SP00447" HPOS="1533" VPOS="2324" WIDTH="28"/>
						<String ID="P2_ST00561" HPOS="1561" VPOS="2295" WIDTH="97" HEIGHT="30" CONTENT="beetle" WC="0.94" CC="012001"/>
						<SP ID="P2_SP00448" HPOS="1658" VPOS="2325" WIDTH="27"/>
						<String ID="P2_ST00562" HPOS="1685" VPOS="2295" WIDTH="27" HEIGHT="30" CONTENT="is" WC="0.91" CC="11"/>
						<SP ID="P2_SP00449" HPOS="1712" VPOS="2325" WIDTH="28"/>
						<String ID="P2_ST00563" HPOS="1740" VPOS="2295" WIDTH="60" HEIGHT="29" CONTENT="this" WC="0.94" CC="0111"/>
					</TextLine>
					<TextLine ID="P2_TL00110" HPOS="1276" VPOS="2333" WIDTH="525" HEIGHT="41">
						<String ID="P2_ST00564" HPOS="1276" VPOS="2333" WIDTH="68" HEIGHT="29" CONTENT="that" WC="0.97" CC="0110"/>
						<SP ID="P2_SP00450" HPOS="1344" VPOS="2362" WIDTH="15"/>
						<String ID="P2_ST00565" HPOS="1359" VPOS="2333" WIDTH="17" HEIGHT="30" CONTENT="I" WC="1.00" CC="0"/>
						<String ID="P2_ST00566" HPOS="1379" VPOS="2333" WIDTH="105" HEIGHT="30" CONTENT="'found" WC="0.63" CC="199111"/>
						<SP ID="P2_SP00451" HPOS="1484" VPOS="2363" WIDTH="15"/>
						<String ID="P2_ST00567" HPOS="1499" VPOS="2334" WIDTH="163" HEIGHT="40" CONTENT="wriggling" WC="0.81" CC="111291111"/>
						<SP ID="P2_SP00452" HPOS="1662" VPOS="2374" WIDTH="27"/>
						<String ID="P2_ST00568" HPOS="1689" VPOS="2335" WIDTH="32" HEIGHT="29" CONTENT="m" WC="1.00" CC="0"/>
						<SP ID="P2_SP00453" HPOS="1721" VPOS="2374" WIDTH="27"/>
						<String ID="P2_ST00569" HPOS="1748" VPOS="2335" WIDTH="53" HEIGHT="30" CONTENT="the" WC="0.99" CC="001"/>
					</TextLine>
					<TextLine ID="P2_TL00111" HPOS="1277" VPOS="2374" WIDTH="522" HEIGHT="37">
						<String ID="P2_ST00570" HPOS="1277" VPOS="2374" WIDTH="74" HEIGHT="29" CONTENT="sand" WC="0.94" CC="1110"/>
						<SP ID="P2_SP00454" HPOS="1351" VPOS="2403" WIDTH="15"/>
						<String ID="P2_ST00571" HPOS="1366" VPOS="2375" WIDTH="38" HEIGHT="30" CONTENT='?"' WC="0.96" CC="11"/>
						<SP ID="P2_SP00455" HPOS="1404" VPOS="2405" WIDTH="42"/>
						<String ID="P2_ST00572" HPOS="1446" VPOS="2374" WIDTH="62" HEIGHT="31" CONTENT="But" WC="0.95" CC="111"/>
						<SP ID="P2_SP00456" HPOS="1508" VPOS="2405" WIDTH="16"/>
						<String ID="P2_ST00573" HPOS="1524" VPOS="2376" WIDTH="50" HEIGHT="29" CONTENT="the" WC="0.96" CC="011"/>
						<SP ID="P2_SP00457" HPOS="1574" VPOS="2405" WIDTH="17"/>
						<String ID="P2_ST00574" HPOS="1591" VPOS="2376" WIDTH="116" HEIGHT="29" CONTENT="mother" WC="0.99" CC="100000"/>
						<SP ID="P2_SP00458" HPOS="1707" VPOS="2405" WIDTH="18"/>
						<String ID="P2_ST00575" HPOS="1725" VPOS="2376" WIDTH="74" HEIGHT="35" CONTENT="said," WC="0.90" CC="11113"/>
					</TextLine>
					<TextLine ID="P2_TL00112" HPOS="1277" VPOS="2413" WIDTH="524" HEIGHT="41">
						<String ID="P2_ST00576" HPOS="1277" VPOS="2417" WIDTH="18" HEIGHT="12" CONTENT='"' WC="0.70" CC="3"/>
						<SP ID="P2_SP00459" HPOS="1295" VPOS="2429" WIDTH="13"/>
						<String ID="P2_ST00577" HPOS="1308" VPOS="2413" WIDTH="59" HEIGHT="30" CONTENT="Put" WC="0.97" CC="100"/>
						<SP ID="P2_SP00460" HPOS="1367" VPOS="2443" WIDTH="12"/>
						<String ID="P2_ST00578" HPOS="1379" VPOS="2415" WIDTH="25" HEIGHT="28" CONTENT="it" WC="1.00" CC="00"/>
						<SP ID="P2_SP00461" HPOS="1404" VPOS="2443" WIDTH="14"/>
						<String ID="P2_ST00579" HPOS="1418" VPOS="2426" WIDTH="95" HEIGHT="28" CONTENT="away," WC="0.93" CC="21001"/>
						<SP ID="P2_SP00462" HPOS="1513" VPOS="2454" WIDTH="27"/>
						<String ID="P2_ST00580" HPOS="1540" VPOS="2426" WIDTH="51" HEIGHT="26" CONTENT="my" WC="0.94" CC="11"/>
						<SP ID="P2_SP00463" HPOS="1591" VPOS="2454" WIDTH="29"/>
						<String ID="P2_ST00581" HPOS="1620" VPOS="2417" WIDTH="80" HEIGHT="29" CONTENT="child" WC="0.97" CC="00111"/>
						<SP ID="P2_SP00464" HPOS="1700" VPOS="2454" WIDTH="13"/>
						<String ID="P2_ST00582" HPOS="1713" VPOS="2427" WIDTH="7" HEIGHT="24" CONTENT=";" WC="0.96" CC="1"/>
						<SP ID="P2_SP00465" HPOS="1720" VPOS="2454" WIDTH="37"/>
						<String ID="P2_ST00583" HPOS="1757" VPOS="2427" WIDTH="44" HEIGHT="19" CONTENT="we" WC="0.96" CC="01"/>
					</TextLine>
					<TextLine ID="P2_TL00113" HPOS="1276" VPOS="2456" WIDTH="524" HEIGHT="39">
						<String ID="P2_ST00584" HPOS="1276" VPOS="2459" WIDTH="82" HEIGHT="25" CONTENT="must" WC="0.97" CC="0110"/>
						<SP ID="P2_SP00466" HPOS="1358" VPOS="2484" WIDTH="13"/>
						<String ID="P2_ST00585" HPOS="1371" VPOS="2456" WIDTH="116" HEIGHT="39" CONTENT="begone" WC="0.94" CC="003010"/>
						<SP ID="P2_SP00467" HPOS="1487" VPOS="2495" WIDTH="15"/>
						<String ID="P2_ST00586" HPOS="1502" VPOS="2460" WIDTH="53" HEIGHT="25" CONTENT="out" WC="0.84" CC="050"/>
						<SP ID="P2_SP00468" HPOS="1555" VPOS="2495" WIDTH="14"/>
						<String ID="P2_ST00587" HPOS="1569" VPOS="2457" WIDTH="32" HEIGHT="28" CONTENT="of" WC="0.98" CC="01"/>
						<SP ID="P2_SP00469" HPOS="1601" VPOS="2495" WIDTH="27"/>
						<String ID="P2_ST00588" HPOS="1628" VPOS="2457" WIDTH="62" HEIGHT="29" CONTENT="this" WC="0.97" CC="0101"/>
						<SP ID="P2_SP00470" HPOS="1690" VPOS="2495" WIDTH="29"/>
						<String ID="P2_ST00589" HPOS="1719" VPOS="2457" WIDTH="81" HEIGHT="35" CONTENT="land," WC="0.96" CC="00102"/>
					</TextLine>
					<TextLine ID="P2_TL00114" HPOS="1275" VPOS="2496" WIDTH="526" HEIGHT="39">
						<String ID="P2_ST00590" HPOS="1275" VPOS="2496" WIDTH="49" HEIGHT="29" CONTENT="for" WC="0.97" CC="001"/>
						<SP ID="P2_SP00471" HPOS="1324" VPOS="2525" WIDTH="15"/>
						<String ID="P2_ST00591" HPOS="1339" VPOS="2496" WIDTH="84" HEIGHT="30" CONTENT="these" WC="0.93" CC="11112"/>
						<SP ID="P2_SP00472" HPOS="1423" VPOS="2526" WIDTH="21"/>
						<String ID="P2_ST00592" HPOS="1444" VPOS="2497" WIDTH="105" HEIGHT="38" CONTENT="people" WC="0.96" CC="110101"/>
						<SP ID="P2_SP00473" HPOS="1549" VPOS="2535" WIDTH="15"/>
						<String ID="P2_ST00593" HPOS="1564" VPOS="2498" WIDTH="63" HEIGHT="29" CONTENT="will" WC="0.96" CC="1101"/>
						<SP ID="P2_SP00474" HPOS="1627" VPOS="2535" WIDTH="26"/>
						<String ID="P2_ST00594" HPOS="1653" VPOS="2498" WIDTH="90" HEIGHT="29" CONTENT="dwell" WC="0.95" CC="01200"/>
						<SP ID="P2_SP00475" HPOS="1743" VPOS="2535" WIDTH="24"/>
						<String ID="P2_ST00595" HPOS="1767" VPOS="2499" WIDTH="34" HEIGHT="28" CONTENT="m" WC="0.96" CC="1"/>
					</TextLine>
					<TextLine ID="P2_TL00115" HPOS="1276" VPOS="2536" WIDTH="443" HEIGHT="38">
						<String ID="P2_ST00596" HPOS="1276" VPOS="2536" WIDTH="75" HEIGHT="34" CONTENT='it."t' WC="0.87" CC="02131" STYLEREFS="TXT_4"/>
						<SP ID="P2_SP00476" HPOS="1351" VPOS="2570" WIDTH="41"/>
						<String ID="P2_ST00597" HPOS="1392" VPOS="2572" WIDTH="3" HEIGHT="2" CONTENT="." WC="1.00" CC="0" STYLEREFS="TXT_4"/>
						<SP ID="P2_SP00477" HPOS="1395" VPOS="2574" WIDTH="87"/>
						<String ID="P2_ST00598" HPOS="1482" VPOS="2546" WIDTH="4" HEIGHT="4" CONTENT="•" WC="0.96" CC="1" STYLEREFS="TXT_4"/>
						<SP ID="P2_SP00478" HPOS="1486" VPOS="2574" WIDTH="100"/>
						<String ID="P2_ST00599" HPOS="1586" VPOS="2536" WIDTH="7" HEIGHT="6" CONTENT="'" WC="0.78" CC="2" STYLEREFS="TXT_4"/>
						<SP ID="P2_SP00479" HPOS="1593" VPOS="2574" WIDTH="58"/>
						<String ID="P2_ST00600" HPOS="1651" VPOS="2554" WIDTH="12" HEIGHT="5" CONTENT="-" WC="0.70" CC="3" STYLEREFS="TXT_4"/>
						<SP ID="P2_SP00480" HPOS="1663" VPOS="2574" WIDTH="30"/>
						<String ID="P2_ST00601" HPOS="1693" VPOS="2554" WIDTH="26" HEIGHT="6" CONTENT="-" WC="0.11" CC="8" STYLEREFS="TXT_4"/>
					</TextLine>
					<TextLine ID="P2_TL00116" HPOS="1316" VPOS="2578" WIDTH="485" HEIGHT="37">
						<String ID="P2_ST00602" HPOS="1316" VPOS="2578" WIDTH="197" HEIGHT="37" CONTENT="Agriculture" WC="0.95" CC="01111111110"/>
						<SP ID="P2_SP00481" HPOS="1513" VPOS="2615" WIDTH="15"/>
						<String ID="P2_ST00603" HPOS="1528" VPOS="2579" WIDTH="25" HEIGHT="29" CONTENT="is" WC="0.96" CC="01"/>
						<SP ID="P2_SP00482" HPOS="1553" VPOS="2615" WIDTH="15"/>
						<String ID="P2_ST00604" HPOS="1568" VPOS="2579" WIDTH="52" HEIGHT="30" CONTENT="the" WC="0.96" CC="011"/>
						<SP ID="P2_SP00483" HPOS="1620" VPOS="2615" WIDTH="15"/>
						<String ID="P2_ST00605" HPOS="1635" VPOS="2580" WIDTH="98" HEIGHT="28" CONTENT="oldest" WC="0.93" CC="011210"/>
						<SP ID="P2_SP00484" HPOS="1733" VPOS="2615" WIDTH="19"/>
						<String ID="P2_ST00606" HPOS="1752" VPOS="2582" WIDTH="49" HEIGHT="26" CONTENT="art" WC="1.00" CC="000"/>
					</TextLine>
					<TextLine ID="P2_TL00117" HPOS="1277" VPOS="2617" WIDTH="523" HEIGHT="41">
						<String ID="P2_ST00607" HPOS="1277" VPOS="2617" WIDTH="32" HEIGHT="28" CONTENT="of" WC="0.94" CC="01"/>
						<SP ID="P2_SP00485" HPOS="1309" VPOS="2645" WIDTH="20"/>
						<String ID="P2_ST00608" HPOS="1329" VPOS="2628" WIDTH="70" HEIGHT="19" CONTENT="man" WC="0.88" CC="211"/>
						<SP ID="P2_SP00486" HPOS="1399" VPOS="2647" WIDTH="11"/>
						<String ID="P2_ST00609" HPOS="1410" VPOS="2629" WIDTH="8" HEIGHT="23" CONTENT=";" WC="0.96" CC="1"/>
						<SP ID="P2_SP00487" HPOS="1418" VPOS="2652" WIDTH="21"/>
						<String ID="P2_ST00610" HPOS="1439" VPOS="2618" WIDTH="96" HEIGHT="29" CONTENT="Adam" WC="0.94" CC="1111"/>
						<SP ID="P2_SP00488" HPOS="1535" VPOS="2652" WIDTH="33"/>
						<String ID="P2_ST00611" HPOS="1568" VPOS="2622" WIDTH="16" HEIGHT="11" CONTENT='"' WC="0.63" CC="4"/>
						<SP ID="P2_SP00489" HPOS="1584" VPOS="2652" WIDTH="11"/>
						<String ID="P2_ST00612" HPOS="1595" VPOS="2619" WIDTH="141" HEIGHT="39" CONTENT="digged,'*" WC="0.86" CC="301411032"/>
						<SP ID="P2_SP00490" HPOS="1736" VPOS="2658" WIDTH="31"/>
						<String ID="P2_ST00613" HPOS="1767" VPOS="2629" WIDTH="33" HEIGHT="19" CONTENT="as" WC="0.69" CC="15"/>
					</TextLine>
					<TextLine ID="P2_TL00118" HPOS="1276" VPOS="2657" WIDTH="523" HEIGHT="38">
						<String ID="P2_ST00614" HPOS="1276" VPOS="2657" WIDTH="54" HEIGHT="29" CONTENT="the" WC="0.97" CC="101"/>
						<SP ID="P2_SP00491" HPOS="1330" VPOS="2686" WIDTH="16"/>
						<String ID="P2_ST00615" HPOS="1346" VPOS="2658" WIDTH="96" HEIGHT="28" CONTENT="clown" WC="0.97" CC="10001"/>
						<SP ID="P2_SP00492" HPOS="1442" VPOS="2686" WIDTH="16"/>
						<String ID="P2_ST00616" HPOS="1458" VPOS="2659" WIDTH="30" HEIGHT="28" CONTENT="m" WC="0.96" CC="0"/>
						<SP ID="P2_SP00493" HPOS="1488" VPOS="2687" WIDTH="18"/>
						<String ID="P2_ST00617" HPOS="1506" VPOS="2659" WIDTH="141" HEIGHT="31" CONTENT="Ham-let" WC="0.92" CC="1022102" STYLEREFS="TXT_3"/>
						<SP ID="P2_SP00494" HPOS="1647" VPOS="2690" WIDTH="13"/>
						<String ID="P2_ST00618" HPOS="1660" VPOS="2659" WIDTH="70" HEIGHT="30" CONTENT="tells" WC="0.92" CC="11011"/>
						<SP ID="P2_SP00495" HPOS="1730" VPOS="2690" WIDTH="15"/>
						<String ID="P2_ST00619" HPOS="1745" VPOS="2670" WIDTH="36" HEIGHT="19" CONTENT="us" WC="0.93" CC="11"/>
						<String ID="P2_ST00620" HPOS="1791" VPOS="2670" WIDTH="8" HEIGHT="25" CONTENT=";" WC="0.85" CC="2"/>
					</TextLine>
					<TextLine ID="P2_TL00119" HPOS="1282" VPOS="2698" WIDTH="518" HEIGHT="41">
						<String ID="P2_ST00621" HPOS="1282" VPOS="2698" WIDTH="127" HEIGHT="34" CONTENT="science," WC="0.90" CC="32011101"/>
						<SP ID="P2_SP00496" HPOS="1409" VPOS="2732" WIDTH="44"/>
						<String ID="P2_ST00622" HPOS="1453" VPOS="2709" WIDTH="76" HEIGHT="28" CONTENT="gave" WC="0.94" CC="1102"/>
						<SP ID="P2_SP00497" HPOS="1529" VPOS="2737" WIDTH="43"/>
						<String ID="P2_ST00623" HPOS="1572" VPOS="2709" WIDTH="32" HEIGHT="19" CONTENT="us" WC="0.91" CC="11"/>
						<SP ID="P2_SP00498" HPOS="1604" VPOS="2737" WIDTH="42"/>
						<String ID="P2_ST00624" HPOS="1646" VPOS="2700" WIDTH="154" HEIGHT="39" CONTENT="improve" SUBS_TYPE="HypPart1" SUBS_CONTENT="improvements" WC="0.98" CC="10100001"/>
						<HYP CONTENT="-"/>
					</TextLine>
					<TextLine ID="P2_TL00120" HPOS="1273" VPOS="2738" WIDTH="526" HEIGHT="38">
						<String ID="P2_ST00625" HPOS="1273" VPOS="2740" WIDTH="99" HEIGHT="26" CONTENT="ments" SUBS_TYPE="HypPart2" SUBS_CONTENT="improvements" WC="0.98" CC="01000"/>
						<SP ID="P2_SP00499" HPOS="1372" VPOS="2766" WIDTH="28"/>
						<String ID="P2_ST00626" HPOS="1400" VPOS="2738" WIDTH="31" HEIGHT="27" CONTENT="m" WC="0.93" CC="1"/>
						<SP ID="P2_SP00500" HPOS="1431" VPOS="2766" WIDTH="30"/>
						<String ID="P2_ST00627" HPOS="1461" VPOS="2739" WIDTH="192" HEIGHT="37" CONTENT="agriculture," WC="0.95" CC="100110101102"/>
						<SP ID="P2_SP00501" HPOS="1653" VPOS="2776" WIDTH="17"/>
						<String ID="P2_ST00628" HPOS="1670" VPOS="2739" WIDTH="129" HEIGHT="29" CONTENT="without" WC="0.98" CC="1011001"/>
					</TextLine>
					<TextLine ID="P2_TL00121" HPOS="1274" VPOS="2777" WIDTH="520" HEIGHT="40">
						<String ID="P2_ST00629" HPOS="1274" VPOS="2777" WIDTH="100" HEIGHT="29" CONTENT="which" WC="0.98" CC="01010"/>
						<SP ID="P2_SP00502" HPOS="1374" VPOS="2806" WIDTH="9"/>
						<String ID="P2_ST00630" HPOS="1383" VPOS="2787" WIDTH="91" HEIGHT="30" CONTENT="many" WC="0.81" CC="4221"/>
						<SP ID="P2_SP00503" HPOS="1474" VPOS="2817" WIDTH="10"/>
						<String ID="P2_ST00631" HPOS="1484" VPOS="2778" WIDTH="31" HEIGHT="29" CONTENT="of" WC="0.98" CC="01"/>
						<SP ID="P2_SP00504" HPOS="1515" VPOS="2817" WIDTH="14"/>
						<String ID="P2_ST00632" HPOS="1529" VPOS="2778" WIDTH="51" HEIGHT="29" CONTENT="the" WC="0.96" CC="110"/>
						<SP ID="P2_SP00505" HPOS="1580" VPOS="2817" WIDTH="15"/>
						<String ID="P2_ST00633" HPOS="1595" VPOS="2789" WIDTH="88" HEIGHT="19" CONTENT="races," WC="0.94" CC="011120"/>
						<SP ID="P2_SP00506" HPOS="1683" VPOS="2817" WIDTH="11"/>
						<String ID="P2_ST00634" HPOS="1694" VPOS="2780" WIDTH="33" HEIGHT="28" CONTENT="of" WC="0.98" CC="01"/>
						<SP ID="P2_SP00507" HPOS="1727" VPOS="2817" WIDTH="13"/>
						<String ID="P2_ST00635" HPOS="1740" VPOS="2779" WIDTH="54" HEIGHT="29" CONTENT="the" WC="0.91" CC="111"/>
					</TextLine>
					<TextLine ID="P2_TL00122" HPOS="1275" VPOS="2817" WIDTH="524" HEIGHT="40">
						<String ID="P2_ST00636" HPOS="1275" VPOS="2827" WIDTH="31" HEIGHT="20" CONTENT="ea" WC="0.81" CC="04"/>
						<String ID="P2_ST00637" HPOS="1312" VPOS="2817" WIDTH="48" HEIGHT="29" CONTENT="rth" WC="0.95" CC="110"/>
						<SP ID="P2_SP00508" HPOS="1360" VPOS="2847" WIDTH="7"/>
						<String ID="P2_ST00638" HPOS="1367" VPOS="2822" WIDTH="82" HEIGHT="25" CONTENT="must" WC="0.96" CC="1110"/>
						<SP ID="P2_SP00509" HPOS="1449" VPOS="2847" WIDTH="7"/>
						<String ID="P2_ST00639" HPOS="1456" VPOS="2819" WIDTH="76" HEIGHT="28" CONTENT="have" WC="0.99" CC="1000"/>
						<SP ID="P2_SP00510" HPOS="1532" VPOS="2847" WIDTH="6"/>
						<String ID="P2_ST00640" HPOS="1538" VPOS="2819" WIDTH="146" HEIGHT="38" CONTENT="perished." WC="0.96" CC="001111200"/>
						<SP ID="P2_SP00511" HPOS="1684" VPOS="2857" WIDTH="16"/>
						<String ID="P2_ST00641" HPOS="1700" VPOS="2819" WIDTH="99" HEIGHT="30" CONTENT="While" WC="0.88" CC="31101"/>
					</TextLine>
					<TextLine ID="P2_TL00123" HPOS="1275" VPOS="2857" WIDTH="523" HEIGHT="41">
						<String ID="P2_ST00642" HPOS="1275" VPOS="2857" WIDTH="199" HEIGHT="41" CONTENT="Christianity" WC="0.94" CC="111010113111"/>
						<SP ID="P2_SP00512" HPOS="1474" VPOS="2898" WIDTH="14"/>
						<String ID="P2_ST00643" HPOS="1488" VPOS="2860" WIDTH="111" HEIGHT="38" CONTENT="taught" WC="0.90" CC="113111"/>
						<SP ID="P2_SP00513" HPOS="1599" VPOS="2898" WIDTH="15"/>
						<String ID="P2_ST00644" HPOS="1614" VPOS="2871" WIDTH="33" HEIGHT="18" CONTENT="us" WC="0.98" CC="01"/>
						<SP ID="P2_SP00514" HPOS="1647" VPOS="2898" WIDTH="10"/>
						<String ID="P2_ST00645" HPOS="1657" VPOS="2865" WIDTH="32" HEIGHT="24" CONTENT="to" WC="1.00" CC="00"/>
						<SP ID="P2_SP00515" HPOS="1689" VPOS="2898" WIDTH="19"/>
						<String ID="P2_ST00646" HPOS="1708" VPOS="2864" WIDTH="8" HEIGHT="11" CONTENT="*" WC="0.74" CC="3"/>
						<SP ID="P2_SP00516" HPOS="1716" VPOS="2898" WIDTH="11"/>
						<String ID="P2_ST00647" HPOS="1727" VPOS="2861" WIDTH="71" HEIGHT="31" CONTENT="take" WC="0.95" CC="0021"/>
					</TextLine>
					<TextLine ID="P2_TL00124" HPOS="1276" VPOS="2899" WIDTH="521" HEIGHT="38">
						<String ID="P2_ST00648" HPOS="1276" VPOS="2908" WIDTH="38" HEIGHT="19" CONTENT="no" WC="0.98" CC="10"/>
						<SP ID="P2_SP00517" HPOS="1314" VPOS="2927" WIDTH="12"/>
						<String ID="P2_ST00649" HPOS="1326" VPOS="2912" WIDTH="3" HEIGHT="4" CONTENT="•" WC="0.96" CC="1"/>
						<SP ID="P2_SP00518" HPOS="1329" VPOS="2927" WIDTH="14"/>
						<String ID="P2_ST00650" HPOS="1343" VPOS="2899" WIDTH="134" HEIGHT="38" CONTENT="thought" WC="0.98" CC="0010011"/>
						<SP ID="P2_SP00519" HPOS="1477" VPOS="2937" WIDTH="28"/>
						<String ID="P2_ST00651" HPOS="1505" VPOS="2900" WIDTH="46" HEIGHT="28" CONTENT="for" WC="0.95" CC="101"/>
						<SP ID="P2_SP00520" HPOS="1551" VPOS="2937" WIDTH="28"/>
						<String ID="P2_ST00652" HPOS="1579" VPOS="2901" WIDTH="53" HEIGHT="29" CONTENT="the" WC="0.97" CC="110"/>
						<SP ID="P2_SP00521" HPOS="1632" VPOS="2937" WIDTH="28"/>
						<String ID="P2_ST00653" HPOS="1660" VPOS="2907" WIDTH="137" HEIGHT="30" CONTENT="moriow," WC="0.92" CC="1022002"/>
					</TextLine>
					<TextLine ID="P2_TL00125" HPOS="1277" VPOS="2939" WIDTH="511" HEIGHT="38">
						<String ID="P2_ST00654" HPOS="1277" VPOS="2939" WIDTH="81" HEIGHT="28" CONTENT="what" WC="0.99" CC="0100"/>
						<SP ID="P2_SP00522" HPOS="1358" VPOS="2967" WIDTH="11"/>
						<String ID="P2_ST00655" HPOS="1369" VPOS="2950" WIDTH="45" HEIGHT="22" CONTENT="we" WC="0.96" CC="11"/>
						<SP ID="P2_SP00523" HPOS="1414" VPOS="2972" WIDTH="15"/>
						<String ID="P2_ST00656" HPOS="1429" VPOS="2940" WIDTH="109" HEIGHT="30" CONTENT="should" WC="0.98" CC="000101"/>
						<SP ID="P2_SP00524" HPOS="1538" VPOS="2972" WIDTH="14"/>
						<String ID="P2_ST00657" HPOS="1552" VPOS="2941" WIDTH="78" HEIGHT="34" CONTENT='eat,"' WC="0.94" CC="00111"/>
						<SP ID="P2_SP00525" HPOS="1630" VPOS="2975" WIDTH="17"/>
						<String ID="P2_ST00658" HPOS="1647" VPOS="2944" WIDTH="68" HEIGHT="33" CONTENT="etc.," WC="0.96" CC="01011"/>
						<SP ID="P2_SP00526" HPOS="1715" VPOS="2977" WIDTH="28"/>
						<String ID="P2_ST00659" HPOS="1743" VPOS="2952" WIDTH="45" HEIGHT="19" CONTENT="ne." WC="0.96" CC="101"/>
					</TextLine>
					<TextLine ID="P2_TL00126" HPOS="1276" VPOS="2979" WIDTH="523" HEIGHT="39">
						<String ID="P2_ST00660" HPOS="1276" VPOS="2979" WIDTH="109" HEIGHT="39" CONTENT="cessity" WC="0.94" CC="0121100"/>
						<SP ID="P2_SP00527" HPOS="1385" VPOS="3018" WIDTH="12"/>
						<String ID="P2_ST00661" HPOS="1397" VPOS="2981" WIDTH="109" HEIGHT="29" CONTENT="caused" WC="0.94" CC="111101"/>
						<SP ID="P2_SP00528" HPOS="1506" VPOS="3018" WIDTH="16"/>
						<String ID="P2_ST00662" HPOS="1522" VPOS="2991" WIDTH="36" HEIGHT="19" CONTENT="us" WC="0.94" CC="11"/>
						<SP ID="P2_SP00529" HPOS="1558" VPOS="3018" WIDTH="15"/>
						<String ID="P2_ST00663" HPOS="1573" VPOS="2984" WIDTH="31" HEIGHT="26" CONTENT="to" WC="1.00" CC="00"/>
						<SP ID="P2_SP00530" HPOS="1604" VPOS="3018" WIDTH="11"/>
						<String ID="P2_ST00664" HPOS="1615" VPOS="2992" WIDTH="54" HEIGHT="19" CONTENT="use" WC="0.90" CC="111"/>
						<SP ID="P2_SP00531" HPOS="1669" VPOS="3018" WIDTH="15"/>
						<String ID="P2_ST00665" HPOS="1684" VPOS="2982" WIDTH="41" HEIGHT="30" CONTENT="all" WC="0.91" CC="120"/>
						<SP ID="P2_SP00532" HPOS="1725" VPOS="3018" WIDTH="21"/>
						<String ID="P2_ST00666" HPOS="1746" VPOS="2982" WIDTH="53" HEIGHT="29" CONTENT="the" WC="0.99" CC="010"/>
					</TextLine>
					<TextLine ID="P2_TL00127" HPOS="1275" VPOS="3019" WIDTH="523" HEIGHT="38">
						<String ID="P2_ST00667" HPOS="1275" VPOS="3019" WIDTH="172" HEIGHT="38" CONTENT="appliances" WC="0.95" CC="0111101101"/>
						<SP ID="P2_SP00533" HPOS="1447" VPOS="3057" WIDTH="26"/>
						<String ID="P2_ST00668" HPOS="1473" VPOS="3022" WIDTH="33" HEIGHT="28" CONTENT="of" WC="0.94" CC="10"/>
						<SP ID="P2_SP00534" HPOS="1506" VPOS="3057" WIDTH="24"/>
						<String ID="P2_ST00669" HPOS="1530" VPOS="3022" WIDTH="117" HEIGHT="31" CONTENT="science" WC="0.92" CC="1001311"/>
						<SP ID="P2_SP00535" HPOS="1647" VPOS="3057" WIDTH="16"/>
						<String ID="P2_ST00670" HPOS="1663" VPOS="3047" WIDTH="2" HEIGHT="3" CONTENT="." WC="1.00" CC="0"/>
						<SP ID="P2_SP00536" HPOS="1665" VPOS="3057" WIDTH="19"/>
						<String ID="P2_ST00671" HPOS="1684" VPOS="3026" WIDTH="33" HEIGHT="26" CONTENT="to" WC="0.94" CC="01"/>
						<SP ID="P2_SP00537" HPOS="1717" VPOS="3057" WIDTH="36"/>
						<String ID="P2_ST00672" HPOS="1753" VPOS="3023" WIDTH="45" HEIGHT="29" CONTENT="in" SUBS_TYPE="HypPart1" SUBS_CONTENT="increase" WC="0.94" CC="011"/>
						<HYP CONTENT="-"/>
					</TextLine>
					<TextLine ID="P2_TL00128" HPOS="1275" VPOS="3061" WIDTH="524" HEIGHT="40">
						<String ID="P2_ST00673" HPOS="1275" VPOS="3069" WIDTH="100" HEIGHT="21" CONTENT="crease" SUBS_TYPE="HypPart2" SUBS_CONTENT="increase" WC="0.97" CC="110110"/>
						<SP ID="P2_SP00538" HPOS="1375" VPOS="3090" WIDTH="11"/>
						<String ID="P2_ST00674" HPOS="1386" VPOS="3061" WIDTH="53" HEIGHT="29" CONTENT="the" WC="0.89" CC="112"/>
						<SP ID="P2_SP00539" HPOS="1439" VPOS="3090" WIDTH="14"/>
						<String ID="P2_ST00675" HPOS="1453" VPOS="3062" WIDTH="132" HEIGHT="39" CONTENT="produce" WC="0.94" CC="1301100"/>
						<SP ID="P2_SP00540" HPOS="1585" VPOS="3101" WIDTH="15"/>
						<String ID="P2_ST00676" HPOS="1600" VPOS="3064" WIDTH="32" HEIGHT="28" CONTENT="of" WC="1.00" CC="00"/>
						<SP ID="P2_SP00541" HPOS="1632" VPOS="3101" WIDTH="13"/>
						<String ID="P2_ST00677" HPOS="1645" VPOS="3063" WIDTH="53" HEIGHT="30" CONTENT="the" WC="0.96" CC="110"/>
						<SP ID="P2_SP00542" HPOS="1698" VPOS="3101" WIDTH="14"/>
						<String ID="P2_ST00678" HPOS="1712" VPOS="3062" WIDTH="87" HEIGHT="30" CONTENT="earth" WC="0.97" CC="01001"/>
					</TextLine>
					<TextLine ID="P2_TL00129" HPOS="1273" VPOS="3101" WIDTH="526" HEIGHT="39">
						<String ID="P2_ST00679" HPOS="1273" VPOS="3103" WIDTH="33" HEIGHT="25" CONTENT="to" WC="0.96" CC="01"/>
						<SP ID="P2_SP00543" HPOS="1306" VPOS="3128" WIDTH="13"/>
						<String ID="P2_ST00680" HPOS="1319" VPOS="3104" WIDTH="78" HEIGHT="29" CONTENT="meet" WC="0.86" CC="2211"/>
						<SP ID="P2_SP00544" HPOS="1397" VPOS="3133" WIDTH="15"/>
						<String ID="P2_ST00681" HPOS="1412" VPOS="3101" WIDTH="50" HEIGHT="29" CONTENT="the" WC="1.00" CC="000"/>
						<SP ID="P2_SP00545" HPOS="1462" VPOS="3133" WIDTH="15"/>
						<String ID="P2_ST00682" HPOS="1477" VPOS="3102" WIDTH="223" HEIGHT="38" CONTENT="requirements" WC="0.98" CC="000100001011"/>
						<SP ID="P2_SP00546" HPOS="1700" VPOS="3140" WIDTH="15"/>
						<String ID="P2_ST00683" HPOS="1715" VPOS="3104" WIDTH="34" HEIGHT="29" CONTENT="of" WC="0.94" CC="01"/>
						<SP ID="P2_SP00547" HPOS="1749" VPOS="3140" WIDTH="10"/>
						<String ID="P2_ST00684" HPOS="1759" VPOS="3112" WIDTH="40" HEIGHT="21" CONTENT="an" WC="0.94" CC="11"/>
					</TextLine>
					<TextLine ID="P2_TL00130" HPOS="1274" VPOS="3141" WIDTH="457" HEIGHT="40">
						<String ID="P2_ST00685" HPOS="1274" VPOS="3141" WIDTH="255" HEIGHT="39" CONTENT="ever-increasing" WC="0.96" CC="111111100101101"/>
						<SP ID="P2_SP00548" HPOS="1529" VPOS="3180" WIDTH="16"/>
						<String ID="P2_ST00686" HPOS="1545" VPOS="3144" WIDTH="186" HEIGHT="37" CONTENT="population." WC="0.99" CC="10000100001"/>
					</TextLine>
				</TextBlock>
				<TextBlock ID="P2_TB00004" HPOS="1337" VPOS="3300" WIDTH="394" HEIGHT="29" STYLEREFS="TXT_1 PAR_RIGHT">
					<TextLine ID="P2_TL00131" HPOS="1338" VPOS="3301" WIDTH="393" HEIGHT="28">
						<String ID="P2_ST00687" HPOS="1338" VPOS="3301" WIDTH="135" HEIGHT="26" CONTENT="OXFORD" WC="0.90" CC="111022"/>
						<SP ID="P2_SP00549" HPOS="1473" VPOS="3327" WIDTH="28"/>
						<String ID="P2_ST00688" HPOS="1501" VPOS="3303" WIDTH="91" HEIGHT="26" CONTENT="ROAD" WC="0.93" CC="1011"/>
						<SP ID="P2_SP00550" HPOS="1592" VPOS="3329" WIDTH="17"/>
						<String ID="P2_ST00689" HPOS="1609" VPOS="3304" WIDTH="122" HEIGHT="25" CONTENT="BOARD." WC="0.95" CC="100210"/>
					</TextLine>
				</TextBlock>
				<TextBlock ID="P2_TB00005" HPOS="1263" VPOS="3375" WIDTH="541" HEIGHT="424" STYLEREFS="TXT_1 PAR_BLOCK">
					<TextLine ID="P2_TL00132" HPOS="1305" VPOS="3379" WIDTH="495" HEIGHT="38">
						<String ID="P2_ST00690" HPOS="1305" VPOS="3379" WIDTH="61" HEIGHT="25" CONTENT="This" WC="0.99" CC="1000"/>
						<SP ID="P2_SP00551" HPOS="1366" VPOS="3404" WIDTH="19"/>
						<String ID="P2_ST00691" HPOS="1385" VPOS="3381" WIDTH="81" HEIGHT="25" CONTENT="Board" WC="0.98" CC="10001"/>
						<SP ID="P2_SP00552" HPOS="1466" VPOS="3406" WIDTH="34"/>
						<String ID="P2_ST00692" HPOS="1500" VPOS="3382" WIDTH="57" HEIGHT="25" CONTENT="held" WC="0.98" CC="1001"/>
						<SP ID="P2_SP00553" HPOS="1557" VPOS="3407" WIDTH="35"/>
						<String ID="P2_ST00693" HPOS="1592" VPOS="3384" WIDTH="64" HEIGHT="24" CONTENT="their" WC="0.95" CC="11001"/>
						<SP ID="P2_SP00554" HPOS="1656" VPOS="3408" WIDTH="30"/>
						<String ID="P2_ST00694" HPOS="1686" VPOS="3386" WIDTH="114" HEIGHT="31" CONTENT="ordinaiy" WC="0.96" CC="00011002"/>
					</TextLine>
					<TextLine ID="P2_TL00133" HPOS="1271" VPOS="3419" WIDTH="528" HEIGHT="35">
						<String ID="P2_ST00695" HPOS="1271" VPOS="3419" WIDTH="109" HEIGHT="32" CONTENT="meeting" WC="0.97" CC="1000011"/>
						<SP ID="P2_SP00555" HPOS="1380" VPOS="3451" WIDTH="11"/>
						<String ID="P2_ST00696" HPOS="1391" VPOS="3429" WIDTH="32" HEIGHT="16" CONTENT="on" WC="0.98" CC="01"/>
						<SP ID="P2_SP00556" HPOS="1423" VPOS="3451" WIDTH="12"/>
						<String ID="P2_ST00697" HPOS="1435" VPOS="3421" WIDTH="155" HEIGHT="33" CONTENT="Wednesday" WC="0.96" CC="101101011"/>
						<SP ID="P2_SP00557" HPOS="1590" VPOS="3454" WIDTH="9"/>
						<String ID="P2_ST00698" HPOS="1599" VPOS="3424" WIDTH="38" HEIGHT="24" CONTENT="Ist" WC="0.93" CC="011"/>
						<SP ID="P2_SP00558" HPOS="1637" VPOS="3454" WIDTH="9"/>
						<String ID="P2_ST00699" HPOS="1646" VPOS="3424" WIDTH="60" HEIGHT="24" CONTENT="inst." WC="0.98" CC="01100"/>
						<SP ID="P2_SP00559" HPOS="1706" VPOS="3454" WIDTH="35"/>
						<String ID="P2_ST00700" HPOS="1741" VPOS="3425" WIDTH="58" HEIGHT="24" CONTENT="Pre" SUBS_TYPE="HypPart1" SUBS_CONTENT="Present," WC="0.97" CC="0011"/>
						<HYP CONTENT="-"/>
					</TextLine>
					<TextLine ID="P2_TL00134" HPOS="1272" VPOS="3459" WIDTH="526" HEIGHT="41">
						<String ID="P2_ST00701" HPOS="1272" VPOS="3460" WIDTH="62" HEIGHT="27" CONTENT="sent," SUBS_TYPE="HypPart2" SUBS_CONTENT="Present," WC="0.95" CC="10112"/>
						<SP ID="P2_SP00560" HPOS="1334" VPOS="3487" WIDTH="19"/>
						<String ID="P2_ST00702" HPOS="1353" VPOS="3459" WIDTH="93" HEIGHT="26" CONTENT="Messrs" WC="0.89" CC="231101"/>
						<SP ID="P2_SP00561" HPOS="1446" VPOS="3487" WIDTH="11"/>
						<String ID="P2_ST00703" HPOS="1457" VPOS="3461" WIDTH="30" HEIGHT="24" CONTENT="A." WC="1.00" CC="00"/>
						<SP ID="P2_SP00562" HPOS="1487" VPOS="3487" WIDTH="25"/>
						<String ID="P2_ST00704" HPOS="1512" VPOS="3462" WIDTH="106" HEIGHT="31" CONTENT="Wright," WC="0.97" CC="1000111"/>
						<SP ID="P2_SP00563" HPOS="1618" VPOS="3493" WIDTH="25"/>
						<String ID="P2_ST00705" HPOS="1643" VPOS="3464" WIDTH="155" HEIGHT="36" CONTENT="(Chairman)" WC="0.98" CC="0110001110"/>
					</TextLine>
					<TextLine ID="P2_TL00135" HPOS="1272" VPOS="3495" WIDTH="377" HEIGHT="31">
						<String ID="P2_ST00706" HPOS="1272" VPOS="3495" WIDTH="78" HEIGHT="31" CONTENT="Dean," WC="0.93" CC="20111"/>
						<SP ID="P2_SP00564" HPOS="1350" VPOS="3526" WIDTH="16"/>
						<String ID="P2_ST00707" HPOS="1366" VPOS="3497" WIDTH="85" HEIGHT="29" CONTENT="Harle," WC="0.97" CC="011101"/>
						<SP ID="P2_SP00565" HPOS="1451" VPOS="3526" WIDTH="12"/>
						<String ID="P2_ST00708" HPOS="1463" VPOS="3499" WIDTH="49" HEIGHT="24" CONTENT="and" WC="0.95" CC="111"/>
						<SP ID="P2_SP00566" HPOS="1512" VPOS="3526" WIDTH="22"/>
						<String ID="P2_ST00709" HPOS="1534" VPOS="3499" WIDTH="115" HEIGHT="27" CONTENT="Hawker." WC="0.96" CC="1110011"/>
					</TextLine>
					<TextLine ID="P2_TL00136" HPOS="1305" VPOS="3534" WIDTH="493" HEIGHT="37">
						<String ID="P2_ST00710" HPOS="1305" VPOS="3534" WIDTH="109" HEIGHT="25" CONTENT="Minutes" WC="0.98" CC="0010001"/>
						<SP ID="P2_SP00567" HPOS="1414" VPOS="3559" WIDTH="9"/>
						<String ID="P2_ST00711" HPOS="1423" VPOS="3535" WIDTH="26" HEIGHT="25" CONTENT="of" WC="0.98" CC="01"/>
						<SP ID="P2_SP00568" HPOS="1449" VPOS="3560" WIDTH="10"/>
						<String ID="P2_ST00712" HPOS="1459" VPOS="3537" WIDTH="48" HEIGHT="24" CONTENT="last" WC="0.96" CC="0101"/>
						<SP ID="P2_SP00569" HPOS="1507" VPOS="3561" WIDTH="17"/>
						<String ID="P2_ST00713" HPOS="1524" VPOS="3539" WIDTH="109" HEIGHT="32" CONTENT="meeting" WC="0.98" CC="0011010"/>
						<SP ID="P2_SP00570" HPOS="1633" VPOS="3571" WIDTH="23"/>
						<String ID="P2_ST00714" HPOS="1656" VPOS="3548" WIDTH="61" HEIGHT="16" CONTENT="were" WC="0.97" CC="0110"/>
						<SP ID="P2_SP00571" HPOS="1717" VPOS="3571" WIDTH="23"/>
						<String ID="P2_ST00715" HPOS="1740" VPOS="3540" WIDTH="58" HEIGHT="24" CONTENT="read" WC="0.91" CC="4000"/>
					</TextLine>
					<TextLine ID="P2_TL00137" HPOS="1273" VPOS="3573" WIDTH="203" HEIGHT="25">
						<String ID="P2_ST00716" HPOS="1273" VPOS="3573" WIDTH="49" HEIGHT="23" CONTENT="and" WC="1.00" CC="000"/>
						<SP ID="P2_SP00572" HPOS="1322" VPOS="3596" WIDTH="11"/>
						<String ID="P2_ST00717" HPOS="1333" VPOS="3574" WIDTH="143" HEIGHT="24" CONTENT="confirmed." WC="0.95" CC="0002210001"/>
					</TextLine>
					<TextLine ID="P2_TL00138" HPOS="1305" VPOS="3612" WIDTH="493" HEIGHT="34">
						<String ID="P2_ST00718" HPOS="1305" VPOS="3612" WIDTH="40" HEIGHT="23" CONTENT="Mr" WC="0.94" CC="01"/>
						<SP ID="P2_SP00573" HPOS="1345" VPOS="3635" WIDTH="15"/>
						<String ID="P2_ST00719" HPOS="1360" VPOS="3613" WIDTH="66" HEIGHT="23" CONTENT="Lace" WC="0.98" CC="1100"/>
						<SP ID="P2_SP00574" HPOS="1426" VPOS="3636" WIDTH="20"/>
						<String ID="P2_ST00720" HPOS="1446" VPOS="3615" WIDTH="88" HEIGHT="23" CONTENT="waited" WC="0.95" CC="111101"/>
						<SP ID="P2_SP00575" HPOS="1534" VPOS="3638" WIDTH="23"/>
						<String ID="P2_ST00721" HPOS="1557" VPOS="3623" WIDTH="65" HEIGHT="23" CONTENT="upon" WC="0.95" CC="1101"/>
						<SP ID="P2_SP00576" HPOS="1622" VPOS="3646" WIDTH="22"/>
						<String ID="P2_ST00722" HPOS="1644" VPOS="3618" WIDTH="43" HEIGHT="24" CONTENT="the" WC="0.90" CC="111"/>
						<SP ID="P2_SP00577" HPOS="1687" VPOS="3646" WIDTH="22"/>
						<String ID="P2_ST00723" HPOS="1709" VPOS="3618" WIDTH="89" HEIGHT="28" CONTENT="Board," WC="0.93" CC="111011"/>
					</TextLine>
					<TextLine ID="P2_TL00139" HPOS="1269" VPOS="3648" WIDTH="527" HEIGHT="35">
						<String ID="P2_ST00724" HPOS="1269" VPOS="3648" WIDTH="87" HEIGHT="32" CONTENT="asking" WC="0.86" CC="170010"/>
						<SP ID="P2_SP00578" HPOS="1356" VPOS="3680" WIDTH="11"/>
						<String ID="P2_ST00725" HPOS="1367" VPOS="3650" WIDTH="68" HEIGHT="25" CONTENT="them" WC="0.92" CC="1102"/>
						<SP ID="P2_SP00579" HPOS="1435" VPOS="3680" WIDTH="14"/>
						<String ID="P2_ST00726" HPOS="1449" VPOS="3652" WIDTH="24" HEIGHT="23" CONTENT="to" WC="1.00" CC="00"/>
						<SP ID="P2_SP00580" HPOS="1473" VPOS="3680" WIDTH="13"/>
						<String ID="P2_ST00727" HPOS="1486" VPOS="3651" WIDTH="97" HEIGHT="32" CONTENT="shingle" WC="0.94" CC="1112100"/>
						<SP ID="P2_SP00581" HPOS="1583" VPOS="3683" WIDTH="12"/>
						<String ID="P2_ST00728" HPOS="1595" VPOS="3654" WIDTH="110" HEIGHT="25" CONTENT="Fisher's" WC="0.88" CC="10600211"/>
						<SP ID="P2_SP00582" HPOS="1705" VPOS="3683" WIDTH="13"/>
						<String ID="P2_ST00729" HPOS="1718" VPOS="3655" WIDTH="78" HEIGHT="25" CONTENT="Road." WC="0.96" CC="20001"/>
					</TextLine>
					<TextLine ID="P2_TL00140" HPOS="1270" VPOS="3686" WIDTH="346" HEIGHT="32">
						<String ID="P2_ST00730" HPOS="1270" VPOS="3686" WIDTH="73" HEIGHT="24" CONTENT="Clerk" WC="0.97" CC="11010"/>
						<SP ID="P2_SP00583" HPOS="1343" VPOS="3710" WIDTH="12"/>
						<String ID="P2_ST00731" HPOS="1355" VPOS="3694" WIDTH="24" HEIGHT="17" CONTENT="to" WC="0.91" CC="20"/>
						<SP ID="P2_SP00584" HPOS="1379" VPOS="3711" WIDTH="13"/>
						<String ID="P2_ST00732" HPOS="1392" VPOS="3690" WIDTH="90" HEIGHT="28" CONTENT="report." WC="0.98" CC="1000100"/>
						<SP ID="P2_SP00585" HPOS="1482" VPOS="3718" WIDTH="131"/>
						<String ID="P2_ST00733" HPOS="1613" VPOS="3702" WIDTH="3" HEIGHT="9" CONTENT="." WC="0.89" CC="1"/>
					</TextLine>
					<TextLine ID="P2_TL00141" HPOS="1301" VPOS="3725" WIDTH="492" HEIGHT="37">
						<String ID="P2_ST00734" HPOS="1301" VPOS="3725" WIDTH="40" HEIGHT="24" CONTENT="Mr" WC="0.98" CC="01"/>
						<SP ID="P2_SP00586" HPOS="1341" VPOS="3749" WIDTH="12"/>
						<String ID="P2_ST00735" HPOS="1353" VPOS="3726" WIDTH="101" HEIGHT="25" CONTENT="Condon" WC="0.95" CC="111111"/>
						<SP ID="P2_SP00587" HPOS="1454" VPOS="3751" WIDTH="12"/>
						<String ID="P2_ST00736" HPOS="1466" VPOS="3728" WIDTH="87" HEIGHT="25" CONTENT="waited" WC="0.93" CC="111111"/>
						<SP ID="P2_SP00588" HPOS="1553" VPOS="3753" WIDTH="12"/>
						<String ID="P2_ST00737" HPOS="1565" VPOS="3737" WIDTH="65" HEIGHT="23" CONTENT="upon" WC="0.87" CC="1131"/>
						<SP ID="P2_SP00589" HPOS="1630" VPOS="3760" WIDTH="13"/>
						<String ID="P2_ST00738" HPOS="1643" VPOS="3730" WIDTH="43" HEIGHT="25" CONTENT="the" WC="0.86" CC="310"/>
						<SP ID="P2_SP00590" HPOS="1686" VPOS="3760" WIDTH="17"/>
						<String ID="P2_ST00739" HPOS="1703" VPOS="3731" WIDTH="90" HEIGHT="31" CONTENT="Board," WC="0.93" CC="011112"/>
					</TextLine>
					<TextLine ID="P2_TL00142" HPOS="1266" VPOS="3764" WIDTH="525" HEIGHT="32">
						<String ID="P2_ST00740" HPOS="1266" VPOS="3764" WIDTH="87" HEIGHT="32" CONTENT="asking" WC="0.96" CC="010021"/>
						<SP ID="P2_SP00591" HPOS="1353" VPOS="3796" WIDTH="13"/>
						<String ID="P2_ST00741" HPOS="1366" VPOS="3766" WIDTH="36" HEIGHT="24" CONTENT="for" WC="0.93" CC="101"/>
						<SP ID="P2_SP00592" HPOS="1402" VPOS="3796" WIDTH="11"/>
						<String ID="P2_ST00742" HPOS="1413" VPOS="3774" WIDTH="15" HEIGHT="17" CONTENT="a" WC="0.85" CC="2"/>
						<SP ID="P2_SP00593" HPOS="1428" VPOS="3796" WIDTH="22"/>
						<String ID="P2_ST00743" HPOS="1450" VPOS="3767" WIDTH="121" HEIGHT="25" CONTENT="diversion" WC="0.69" CC="004519007"/>
						<SP ID="P2_SP00594" HPOS="1571" VPOS="3796" WIDTH="22"/>
						<String ID="P2_ST00744" HPOS="1593" VPOS="3770" WIDTH="27" HEIGHT="24" CONTENT="of" WC="0.91" CC="12"/>
						<SP ID="P2_SP00595" HPOS="1620" VPOS="3796" WIDTH="22"/>
						<String ID="P2_ST00745" HPOS="1642" VPOS="3771" WIDTH="41" HEIGHT="24" CONTENT="the" WC="0.91" CC="111"/>
						<SP ID="P2_SP00596" HPOS="1683" VPOS="3796" WIDTH="27"/>
						<String ID="P2_ST00746" HPOS="1710" VPOS="3771" WIDTH="81" HEIGHT="25" CONTENT="Waiter" WC="0.70" CC="195111"/>
					</TextLine>
				</TextBlock>
				<TextBlock ID="P2_TB00006" HPOS="1885" VPOS="170" WIDTH="543" HEIGHT="3342" STYLEREFS="TXT_5 PAR_LEFT">
					<TextLine ID="P2_TL00143" HPOS="1899" VPOS="172" WIDTH="524" HEIGHT="38">
						<String ID="P2_ST00747" HPOS="1899" VPOS="172" WIDTH="65" HEIGHT="25" CONTENT="Eace" WC="0.95" CC="2001"/>
						<SP ID="P2_SP00597" HPOS="1964" VPOS="197" WIDTH="17"/>
						<String ID="P2_ST00748" HPOS="1981" VPOS="173" WIDTH="26" HEIGHT="24" CONTENT="m" WC="0.96" CC="1"/>
						<SP ID="P2_SP00598" HPOS="2007" VPOS="197" WIDTH="23"/>
						<String ID="P2_ST00749" HPOS="2030" VPOS="174" WIDTH="39" HEIGHT="25" CONTENT="his" WC="0.90" CC="201"/>
						<SP ID="P2_SP00599" HPOS="2069" VPOS="199" WIDTH="22"/>
						<String ID="P2_ST00750" HPOS="2091" VPOS="180" WIDTH="120" HEIGHT="30" CONTENT="property." WC="0.93" CC="100110121"/>
						<SP ID="P2_SP00600" HPOS="2211" VPOS="210" WIDTH="35"/>
						<String ID="P2_ST00751" HPOS="2246" VPOS="179" WIDTH="70" HEIGHT="25" CONTENT="Clerk" WC="0.94" CC="00220"/>
						<SP ID="P2_SP00601" HPOS="2316" VPOS="210" WIDTH="24"/>
						<String ID="P2_ST00752" HPOS="2340" VPOS="184" WIDTH="25" HEIGHT="23" CONTENT="to" WC="1.00" CC="00"/>
						<SP ID="P2_SP00602" HPOS="2365" VPOS="210" WIDTH="22"/>
						<String ID="P2_ST00753" HPOS="2387" VPOS="191" WIDTH="36" HEIGHT="16" CONTENT="re" SUBS_TYPE="HypPart1" SUBS_CONTENT="report." WC="0.94" CC="101"/>
						<HYP CONTENT="-"/>
					</TextLine>
					<TextLine ID="P2_TL00144" HPOS="1898" VPOS="212" WIDTH="63" HEIGHT="27">
						<String ID="P2_ST00754" HPOS="1898" VPOS="212" WIDTH="63" HEIGHT="27" CONTENT="port." SUBS_TYPE="HypPart2" SUBS_CONTENT="report." WC="0.91" CC="02211"/>
					</TextLine>
					<TextLine ID="P2_TL00145" HPOS="1931" VPOS="248" WIDTH="492" HEIGHT="37">
						<String ID="P2_ST00755" HPOS="1931" VPOS="248" WIDTH="40" HEIGHT="23" CONTENT="Mr" WC="1.00" CC="00"/>
						<SP ID="P2_SP00603" HPOS="1971" VPOS="271" WIDTH="11"/>
						<String ID="P2_ST00756" HPOS="1982" VPOS="248" WIDTH="100" HEIGHT="26" CONTENT="Dobson" WC="0.90" CC="301101"/>
						<SP ID="P2_SP00604" HPOS="2082" VPOS="274" WIDTH="12"/>
						<String ID="P2_ST00757" HPOS="2094" VPOS="252" WIDTH="87" HEIGHT="25" CONTENT="waited" WC="0.88" CC="500111"/>
						<SP ID="P2_SP00605" HPOS="2181" VPOS="277" WIDTH="13"/>
						<String ID="P2_ST00758" HPOS="2194" VPOS="262" WIDTH="63" HEIGHT="23" CONTENT="upon" WC="0.81" CC="0305"/>
						<SP ID="P2_SP00606" HPOS="2257" VPOS="285" WIDTH="19"/>
						<String ID="P2_ST00759" HPOS="2276" VPOS="256" WIDTH="42" HEIGHT="24" CONTENT="the" WC="0.91" CC="030"/>
						<SP ID="P2_SP00607" HPOS="2318" VPOS="285" WIDTH="22"/>
						<String ID="P2_ST00760" HPOS="2340" VPOS="258" WIDTH="83" HEIGHT="24" CONTENT="Board" WC="0.95" CC="20011"/>
					</TextLine>
					<TextLine ID="P2_TL00146" HPOS="1894" VPOS="284" WIDTH="530" HEIGHT="36">
						<String ID="P2_ST00761" HPOS="1894" VPOS="284" WIDTH="31" HEIGHT="32" CONTENT="by" WC="0.89" CC="02"/>
						<SP ID="P2_SP00608" HPOS="1925" VPOS="316" WIDTH="11"/>
						<String ID="P2_ST00762" HPOS="1936" VPOS="289" WIDTH="106" HEIGHT="28" CONTENT="rHtjuest," WC="0.82" CC="043412111"/>
						<SP ID="P2_SP00609" HPOS="2042" VPOS="317" WIDTH="14"/>
						<String ID="P2_ST00763" HPOS="2056" VPOS="291" WIDTH="26" HEIGHT="21" CONTENT="to" WC="0.94" CC="11"/>
						<SP ID="P2_SP00610" HPOS="2082" VPOS="317" WIDTH="12"/>
						<String ID="P2_ST00764" HPOS="2094" VPOS="290" WIDTH="55" HEIGHT="30" CONTENT="give" WC="0.94" CC="2110"/>
						<SP ID="P2_SP00611" HPOS="2149" VPOS="320" WIDTH="18"/>
						<String ID="P2_ST00765" HPOS="2167" VPOS="291" WIDTH="156" HEIGHT="27" CONTENT="information" WC="0.94" CC="12102210000"/>
						<SP ID="P2_SP00612" HPOS="2323" VPOS="320" WIDTH="25"/>
						<String ID="P2_ST00766" HPOS="2348" VPOS="303" WIDTH="26" HEIGHT="17" CONTENT="as" WC="0.94" CC="01"/>
						<SP ID="P2_SP00613" HPOS="2374" VPOS="320" WIDTH="24"/>
						<String ID="P2_ST00767" HPOS="2398" VPOS="298" WIDTH="26" HEIGHT="22" CONTENT="to" WC="1.00" CC="00"/>
					</TextLine>
					<TextLine ID="P2_TL00147" HPOS="1893" VPOS="325" WIDTH="530" HEIGHT="35">
						<String ID="P2_ST00768" HPOS="1893" VPOS="327" WIDTH="75" HEIGHT="21" CONTENT="water" WC="0.93" CC="10120"/>
						<SP ID="P2_SP00614" HPOS="1968" VPOS="348" WIDTH="13"/>
						<String ID="P2_ST00769" HPOS="1981" VPOS="325" WIDTH="82" HEIGHT="28" CONTENT="levels," WC="0.86" CC="0202132"/>
						<SP ID="P2_SP00615" HPOS="2063" VPOS="353" WIDTH="12"/>
						<String ID="P2_ST00770" HPOS="2075" VPOS="328" WIDTH="159" HEIGHT="32" CONTENT="particularly" WC="0.86" CC="112101101190"/>
						<SP ID="P2_SP00616" HPOS="2234" VPOS="360" WIDTH="13"/>
						<String ID="P2_ST00771" HPOS="2247" VPOS="332" WIDTH="54" HEIGHT="23" CONTENT="tiiat" WC="0.90" CC="21112"/>
						<SP ID="P2_SP00617" HPOS="2301" VPOS="360" WIDTH="24"/>
						<String ID="P2_ST00772" HPOS="2325" VPOS="340" WIDTH="31" HEIGHT="16" CONTENT="on" WC="0.87" CC="03"/>
						<SP ID="P2_SP00618" HPOS="2356" VPOS="360" WIDTH="25"/>
						<String ID="P2_ST00773" HPOS="2381" VPOS="334" WIDTH="42" HEIGHT="23" CONTENT="the" WC="0.88" CC="121"/>
					</TextLine>
					<TextLine ID="P2_TL00148" HPOS="1894" VPOS="358" WIDTH="209" HEIGHT="30">
						<String ID="P2_ST00774" HPOS="1894" VPOS="361" WIDTH="127" HEIGHT="27" CONTENT="Barracks," WC="0.95" CC="131001100"/>
						<SP ID="P2_SP00619" HPOS="2021" VPOS="388" WIDTH="10"/>
						<String ID="P2_ST00775" HPOS="2031" VPOS="358" WIDTH="72" HEIGHT="29" CONTENT="road?" WC="0.92" CC="10013"/>
					</TextLine>
					<TextLine ID="P2_TL00149" HPOS="1926" VPOS="398" WIDTH="488" HEIGHT="37">
						<String ID="P2_ST00776" HPOS="1926" VPOS="398" WIDTH="90" HEIGHT="25" CONTENT="Messrs" WC="0.69" CC="091414"/>
						<SP ID="P2_SP00620" HPOS="2016" VPOS="423" WIDTH="10"/>
						<String ID="P2_ST00777" HPOS="2026" VPOS="399" WIDTH="122" HEIGHT="32" CONTENT="Blundeu," WC="0.92" CC="11111021"/>
						<SP ID="P2_SP00621" HPOS="2148" VPOS="431" WIDTH="22"/>
						<String ID="P2_ST00778" HPOS="2170" VPOS="402" WIDTH="129" HEIGHT="33" CONTENT="Atkinson," WC="0.92" CC="121121111"/>
						<SP ID="P2_SP00622" HPOS="2299" VPOS="435" WIDTH="24"/>
						<String ID="P2_ST00779" HPOS="2323" VPOS="407" WIDTH="91" HEIGHT="26" CONTENT="O'Hal" SUBS_TYPE="HypPart1" SUBS_CONTENT="O'Hallorin," WC="0.95" CC="011101"/>
						<HYP CONTENT="-"/>
					</TextLine>
					<TextLine ID="P2_TL00150" HPOS="1895" VPOS="436" WIDTH="523" HEIGHT="34">
						<String ID="P2_ST00780" HPOS="1895" VPOS="436" WIDTH="76" HEIGHT="26" CONTENT="lorin," SUBS_TYPE="HypPart2" SUBS_CONTENT="O'Hallorin," WC="0.80" CC="200541"/>
						<SP ID="P2_SP00623" HPOS="1971" VPOS="462" WIDTH="35"/>
						<String ID="P2_ST00781" HPOS="2006" VPOS="437" WIDTH="49" HEIGHT="24" CONTENT="and" WC="0.88" CC="031"/>
						<SP ID="P2_SP00624" HPOS="2055" VPOS="462" WIDTH="37"/>
						<String ID="P2_ST00782" HPOS="2092" VPOS="438" WIDTH="88" HEIGHT="32" CONTENT="Pinlay" WC="0.91" CC="112111"/>
						<SP ID="P2_SP00625" HPOS="2180" VPOS="470" WIDTH="20"/>
						<String ID="P2_ST00783" HPOS="2200" VPOS="442" WIDTH="86" HEIGHT="23" CONTENT="waited" WC="0.91" CC="020121"/>
						<SP ID="P2_SP00626" HPOS="2286" VPOS="470" WIDTH="28"/>
						<String ID="P2_ST00784" HPOS="2314" VPOS="451" WIDTH="31" HEIGHT="17" CONTENT="on" WC="0.98" CC="01"/>
						<SP ID="P2_SP00627" HPOS="2345" VPOS="470" WIDTH="31"/>
						<String ID="P2_ST00785" HPOS="2376" VPOS="445" WIDTH="42" HEIGHT="25" CONTENT="the" WC="0.95" CC="110"/>
					</TextLine>
					<TextLine ID="P2_TL00151" HPOS="1894" VPOS="472" WIDTH="524" HEIGHT="40">
						<String ID="P2_ST00786" HPOS="1894" VPOS="472" WIDTH="80" HEIGHT="24" CONTENT="Board" WC="0.72" CC="11119"/>
						<SP ID="P2_SP00628" HPOS="1974" VPOS="496" WIDTH="12"/>
						<String ID="P2_ST00787" HPOS="1986" VPOS="473" WIDTH="27" HEIGHT="23" CONTENT="m" WC="0.96" CC="0"/>
						<SP ID="P2_SP00629" HPOS="2013" VPOS="496" WIDTH="12"/>
						<String ID="P2_ST00788" HPOS="2025" VPOS="475" WIDTH="120" HEIGHT="25" CONTENT="reference" WC="0.98" CC="101010000"/>
						<SP ID="P2_SP00630" HPOS="2145" VPOS="500" WIDTH="13"/>
						<String ID="P2_ST00789" HPOS="2158" VPOS="480" WIDTH="24" HEIGHT="21" CONTENT="to" WC="1.00" CC="00"/>
						<SP ID="P2_SP00631" HPOS="2182" VPOS="501" WIDTH="12"/>
						<String ID="P2_ST00790" HPOS="2194" VPOS="477" WIDTH="102" HEIGHT="33" CONTENT="damage" WC="0.84" CC="125110"/>
						<SP ID="P2_SP00632" HPOS="2296" VPOS="510" WIDTH="14"/>
						<String ID="P2_ST00791" HPOS="2310" VPOS="481" WIDTH="26" HEIGHT="31" CONTENT="by" WC="0.78" CC="13" STYLEREFS="TXT_6"/>
						<SP ID="P2_SP00633" HPOS="2336" VPOS="512" WIDTH="21"/>
						<String ID="P2_ST00792" HPOS="2357" VPOS="482" WIDTH="61" HEIGHT="25" CONTENT="Gust" WC="0.85" CC="1132"/>
					</TextLine>
					<TextLine ID="P2_TL00152" HPOS="1894" VPOS="510" WIDTH="522" HEIGHT="40">
						<String ID="P2_ST00793" HPOS="1894" VPOS="510" WIDTH="78" HEIGHT="24" CONTENT="drain." WC="0.91" CC="112121"/>
						<SP ID="P2_SP00634" HPOS="1972" VPOS="534" WIDTH="35"/>
						<String ID="P2_ST00794" HPOS="2007" VPOS="512" WIDTH="119" HEIGHT="26" CONTENT="Resolved" WC="0.96" CC="01200010"/>
						<SP ID="P2_SP00635" HPOS="2126" VPOS="538" WIDTH="22"/>
						<String ID="P2_ST00795" HPOS="2148" VPOS="516" WIDTH="56" HEIGHT="24" CONTENT="that" WC="0.98" CC="0100"/>
						<SP ID="P2_SP00636" HPOS="2204" VPOS="540" WIDTH="22"/>
						<String ID="P2_ST00796" HPOS="2226" VPOS="517" WIDTH="20" HEIGHT="24" CONTENT="if" WC="0.93" CC="02"/>
						<SP ID="P2_SP00637" HPOS="2246" VPOS="541" WIDTH="20"/>
						<String ID="P2_ST00797" HPOS="2266" VPOS="519" WIDTH="34" HEIGHT="24" CONTENT="all" WC="1.00" CC="000"/>
						<SP ID="P2_SP00638" HPOS="2300" VPOS="543" WIDTH="26"/>
						<String ID="P2_ST00798" HPOS="2326" VPOS="522" WIDTH="90" HEIGHT="28" CONTENT="parties" WC="0.93" CC="0012102"/>
					</TextLine>
					<TextLine ID="P2_TL00153" HPOS="1893" VPOS="548" WIDTH="523" HEIGHT="35">
						<String ID="P2_ST00799" HPOS="1893" VPOS="548" WIDTH="140" HEIGHT="28" CONTENT="interested," WC="0.92" CC="12101021102"/>
						<SP ID="P2_SP00639" HPOS="2033" VPOS="576" WIDTH="14"/>
						<String ID="P2_ST00800" HPOS="2047" VPOS="550" WIDTH="97" HEIGHT="26" CONTENT="absolve" WC="0.83" CC="1090002"/>
						<SP ID="P2_SP00640" HPOS="2144" VPOS="576" WIDTH="9"/>
						<String ID="P2_ST00801" HPOS="2153" VPOS="553" WIDTH="42" HEIGHT="24" CONTENT="the" WC="0.96" CC="111"/>
						<SP ID="P2_SP00641" HPOS="2195" VPOS="577" WIDTH="14"/>
						<String ID="P2_ST00802" HPOS="2209" VPOS="554" WIDTH="80" HEIGHT="24" CONTENT="Board" WC="0.93" CC="10111"/>
						<SP ID="P2_SP00642" HPOS="2289" VPOS="578" WIDTH="11"/>
						<String ID="P2_ST00803" HPOS="2300" VPOS="556" WIDTH="66" HEIGHT="25" CONTENT="from" WC="0.82" CC="1214"/>
						<SP ID="P2_SP00643" HPOS="2366" VPOS="581" WIDTH="17"/>
						<String ID="P2_ST00804" HPOS="2383" VPOS="559" WIDTH="33" HEIGHT="24" CONTENT="all" WC="0.99" CC="010"/>
					</TextLine>
					<TextLine ID="P2_TL00154" HPOS="1893" VPOS="585" WIDTH="527" HEIGHT="35">
						<String ID="P2_ST00805" HPOS="1893" VPOS="585" WIDTH="81" HEIGHT="22" CONTENT="future" WC="0.88" CC="121221"/>
						<SP ID="P2_SP00644" HPOS="1974" VPOS="607" WIDTH="12"/>
						<String ID="P2_ST00806" HPOS="1986" VPOS="588" WIDTH="188" HEIGHT="31" CONTENT="responsibility," WC="0.86" CC="913101101110121"/>
						<SP ID="P2_SP00645" HPOS="2174" VPOS="619" WIDTH="16"/>
						<String ID="P2_ST00807" HPOS="2190" VPOS="590" WIDTH="42" HEIGHT="23" CONTENT="the" WC="0.88" CC="221"/>
						<SP ID="P2_SP00646" HPOS="2232" VPOS="619" WIDTH="10"/>
						<String ID="P2_ST00808" HPOS="2242" VPOS="592" WIDTH="71" HEIGHT="23" CONTENT="drain" WC="0.95" CC="00201"/>
						<SP ID="P2_SP00647" HPOS="2313" VPOS="619" WIDTH="14"/>
						<String ID="P2_ST00809" HPOS="2327" VPOS="595" WIDTH="49" HEIGHT="25" CONTENT="wiU" WC="0.84" CC="104"/>
						<SP ID="P2_SP00648" HPOS="2376" VPOS="620" WIDTH="16"/>
						<String ID="P2_ST00810" HPOS="2392" VPOS="595" WIDTH="28" HEIGHT="24" CONTENT="be" WC="0.98" CC="01"/>
					</TextLine>
					<TextLine ID="P2_TL00155" HPOS="1894" VPOS="623" WIDTH="475" HEIGHT="37">
						<String ID="P2_ST00811" HPOS="1894" VPOS="623" WIDTH="109" HEIGHT="24" CONTENT="widened" WC="0.90" CC="1141101"/>
						<SP ID="P2_SP00649" HPOS="2003" VPOS="647" WIDTH="12"/>
						<String ID="P2_ST00812" HPOS="2015" VPOS="625" WIDTH="74" HEIGHT="29" CONTENT="along" WC="0.94" CC="10011"/>
						<SP ID="P2_SP00650" HPOS="2089" VPOS="654" WIDTH="11"/>
						<String ID="P2_ST00813" HPOS="2100" VPOS="626" WIDTH="41" HEIGHT="24" CONTENT="the" WC="0.96" CC="011"/>
						<SP ID="P2_SP00651" HPOS="2141" VPOS="654" WIDTH="12"/>
						<String ID="P2_ST00814" HPOS="2153" VPOS="627" WIDTH="133" HEIGHT="33" CONTENT="Boundary" WC="0.95" CC="10111111"/>
						<SP ID="P2_SP00652" HPOS="2286" VPOS="660" WIDTH="17"/>
						<String ID="P2_ST00815" HPOS="2303" VPOS="632" WIDTH="66" HEIGHT="24" CONTENT="road." WC="0.96" CC="10011"/>
					</TextLine>
					<TextLine ID="P2_TL00156" HPOS="1928" VPOS="659" WIDTH="490" HEIGHT="40">
						<String ID="P2_ST00816" HPOS="1928" VPOS="659" WIDTH="71" HEIGHT="25" CONTENT="Clerk" WC="0.93" CC="12012"/>
						<SP ID="P2_SP00653" HPOS="1999" VPOS="684" WIDTH="12"/>
						<String ID="P2_ST00817" HPOS="2011" VPOS="663" WIDTH="111" HEIGHT="28" CONTENT="reported" WC="0.85" CC="01000191"/>
						<SP ID="P2_SP00654" HPOS="2122" VPOS="691" WIDTH="13"/>
						<String ID="P2_ST00818" HPOS="2135" VPOS="664" WIDTH="53" HEIGHT="25" CONTENT="that" WC="0.99" CC="0001"/>
						<SP ID="P2_SP00655" HPOS="2188" VPOS="691" WIDTH="11"/>
						<String ID="P2_ST00819" HPOS="2199" VPOS="665" WIDTH="40" HEIGHT="24" CONTENT="Mr" WC="0.94" CC="01"/>
						<SP ID="P2_SP00656" HPOS="2239" VPOS="691" WIDTH="13"/>
						<String ID="P2_ST00820" HPOS="2252" VPOS="666" WIDTH="113" HEIGHT="33" CONTENT="Simpson" WC="0.88" CC="1131102"/>
						<SP ID="P2_SP00657" HPOS="2365" VPOS="699" WIDTH="13"/>
						<String ID="P2_ST00821" HPOS="2378" VPOS="670" WIDTH="40" HEIGHT="26" CONTENT="de" SUBS_TYPE="HypPart1" SUBS_CONTENT="declined" WC="0.91" CC="121"/>
						<HYP CONTENT="-"/>
					</TextLine>
					<TextLine ID="P2_TL00157" HPOS="1896" VPOS="699" WIDTH="522" HEIGHT="41">
						<String ID="P2_ST00822" HPOS="1896" VPOS="699" WIDTH="79" HEIGHT="23" CONTENT="clined" SUBS_TYPE="HypPart2" SUBS_CONTENT="declined" WC="0.97" CC="110110"/>
						<SP ID="P2_SP00658" HPOS="1975" VPOS="722" WIDTH="12"/>
						<String ID="P2_ST00823" HPOS="1987" VPOS="702" WIDTH="25" HEIGHT="21" CONTENT="to" WC="1.00" CC="00"/>
						<SP ID="P2_SP00659" HPOS="2012" VPOS="723" WIDTH="12"/>
						<String ID="P2_ST00824" HPOS="2024" VPOS="703" WIDTH="83" HEIGHT="28" CONTENT="accept" WC="0.97" CC="010101"/>
						<SP ID="P2_SP00660" HPOS="2107" VPOS="731" WIDTH="18"/>
						<String ID="P2_ST00825" HPOS="2125" VPOS="703" WIDTH="42" HEIGHT="24" CONTENT="the" WC="0.95" CC="110"/>
						<SP ID="P2_SP00661" HPOS="2167" VPOS="731" WIDTH="22"/>
						<String ID="P2_ST00826" HPOS="2189" VPOS="705" WIDTH="105" HEIGHT="29" CONTENT="position" WC="0.96" CC="10201001"/>
						<SP ID="P2_SP00662" HPOS="2294" VPOS="734" WIDTH="21"/>
						<String ID="P2_ST00827" HPOS="2315" VPOS="708" WIDTH="27" HEIGHT="23" CONTENT="of" WC="1.00" CC="00"/>
						<SP ID="P2_SP00663" HPOS="2342" VPOS="734" WIDTH="19"/>
						<String ID="P2_ST00828" HPOS="2361" VPOS="709" WIDTH="57" HEIGHT="31" CONTENT="dog" SUBS_TYPE="HypPart1" SUBS_CONTENT="dogranger" WC="0.86" CC="1222"/>
						<HYP CONTENT="-"/>
					</TextLine>
					<TextLine ID="P2_TL00158" HPOS="1896" VPOS="738" WIDTH="524" HEIGHT="33">
						<String ID="P2_ST00829" HPOS="1896" VPOS="743" WIDTH="87" HEIGHT="23" CONTENT="ranger" SUBS_TYPE="HypPart2" SUBS_CONTENT="dogranger" WC="0.96" CC="010200"/>
						<SP ID="P2_SP00664" HPOS="1983" VPOS="766" WIDTH="9"/>
						<String ID="P2_ST00830" HPOS="1992" VPOS="744" WIDTH="31" HEIGHT="16" CONTENT="on" WC="0.96" CC="01"/>
						<SP ID="P2_SP00665" HPOS="2023" VPOS="766" WIDTH="13"/>
						<String ID="P2_ST00831" HPOS="2036" VPOS="738" WIDTH="43" HEIGHT="23" CONTENT="the" WC="0.97" CC="010"/>
						<SP ID="P2_SP00666" HPOS="2079" VPOS="766" WIDTH="8"/>
						<String ID="P2_ST00832" HPOS="2087" VPOS="739" WIDTH="103" HEIGHT="25" CONTENT="Board's" WC="0.96" CC="1011111"/>
						<SP ID="P2_SP00667" HPOS="2190" VPOS="766" WIDTH="28"/>
						<String ID="P2_ST00833" HPOS="2218" VPOS="745" WIDTH="83" HEIGHT="21" CONTENT="terms." WC="0.93" CC="101111"/>
						<SP ID="P2_SP00668" HPOS="2301" VPOS="766" WIDTH="35"/>
						<String ID="P2_ST00834" HPOS="2336" VPOS="745" WIDTH="35" HEIGHT="24" CONTENT="To" WC="0.94" CC="10"/>
						<SP ID="P2_SP00669" HPOS="2371" VPOS="769" WIDTH="21"/>
						<String ID="P2_ST00835" HPOS="2392" VPOS="746" WIDTH="28" HEIGHT="25" CONTENT="be" WC="0.98" CC="10"/>
					</TextLine>
					<TextLine ID="P2_TL00159" HPOS="1895" VPOS="773" WIDTH="145" HEIGHT="24">
						<String ID="P2_ST00836" HPOS="1895" VPOS="773" WIDTH="145" HEIGHT="24" CONTENT="advertised." WC="0.88" CC="41001102410"/>
					</TextLine>
					<TextLine ID="P2_TL00160" HPOS="1919" VPOS="811" WIDTH="499" HEIGHT="35">
						<String ID="P2_ST00837" HPOS="1919" VPOS="811" WIDTH="90" HEIGHT="24" CONTENT="'Storm" WC="0.62" CC="345019"/>
						<SP ID="P2_SP00670" HPOS="2009" VPOS="835" WIDTH="14"/>
						<String ID="P2_ST00838" HPOS="2023" VPOS="813" WIDTH="75" HEIGHT="24" CONTENT="water" WC="0.92" CC="21101"/>
						<SP ID="P2_SP00671" HPOS="2098" VPOS="837" WIDTH="17"/>
						<String ID="P2_ST00839" HPOS="2115" VPOS="816" WIDTH="26" HEIGHT="22" CONTENT="at" WC="0.91" CC="11"/>
						<SP ID="P2_SP00672" HPOS="2141" VPOS="838" WIDTH="26"/>
						<String ID="P2_ST00840" HPOS="2167" VPOS="814" WIDTH="112" HEIGHT="27" CONTENT="Powells." WC="0.92" CC="40210011"/>
						<SP ID="P2_SP00673" HPOS="2279" VPOS="841" WIDTH="35"/>
						<String ID="P2_ST00841" HPOS="2314" VPOS="818" WIDTH="56" HEIGHT="26" CONTENT="Left" WC="0.97" CC="1100"/>
						<SP ID="P2_SP00674" HPOS="2370" VPOS="844" WIDTH="20"/>
						<String ID="P2_ST00842" HPOS="2390" VPOS="821" WIDTH="28" HEIGHT="25" CONTENT="m" WC="0.93" CC="1"/>
					</TextLine>
					<TextLine ID="P2_TL00161" HPOS="1894" VPOS="848" WIDTH="249" HEIGHT="27">
						<String ID="P2_ST00843" HPOS="1894" VPOS="848" WIDTH="42" HEIGHT="24" CONTENT="the" WC="0.97" CC="011"/>
						<SP ID="P2_SP00675" HPOS="1936" VPOS="872" WIDTH="13"/>
						<String ID="P2_ST00844" HPOS="1949" VPOS="849" WIDTH="93" HEIGHT="23" CONTENT="Clerk's" WC="0.97" CC="0010111"/>
						<SP ID="P2_SP00676" HPOS="2042" VPOS="872" WIDTH="13"/>
						<String ID="P2_ST00845" HPOS="2055" VPOS="850" WIDTH="88" HEIGHT="25" CONTENT="hands." WC="0.97" CC="001001"/>
					</TextLine>
					<TextLine ID="P2_TL00162" HPOS="1927" VPOS="887" WIDTH="491" HEIGHT="37">
						<String ID="P2_ST00846" HPOS="1927" VPOS="887" WIDTH="153" HEIGHT="32" CONTENT="Wooldridgr" WC="0.94" CC="1001110202"/>
						<SP ID="P2_SP00677" HPOS="2080" VPOS="919" WIDTH="13"/>
						<String ID="P2_ST00847" HPOS="2093" VPOS="891" WIDTH="69" HEIGHT="24" CONTENT="could" WC="0.85" CC="10106"/>
						<SP ID="P2_SP00678" HPOS="2162" VPOS="919" WIDTH="13"/>
						<String ID="P2_ST00848" HPOS="2175" VPOS="893" WIDTH="44" HEIGHT="22" CONTENT="not" WC="0.99" CC="100"/>
						<SP ID="P2_SP00679" HPOS="2219" VPOS="919" WIDTH="11"/>
						<String ID="P2_ST00849" HPOS="2230" VPOS="895" WIDTH="40" HEIGHT="29" CONTENT="get" WC="1.00" CC="000"/>
						<SP ID="P2_SP00680" HPOS="2270" VPOS="924" WIDTH="12"/>
						<String ID="P2_ST00850" HPOS="2282" VPOS="894" WIDTH="68" HEIGHT="25" CONTENT="down" WC="0.94" CC="1011"/>
						<SP ID="P2_SP00681" HPOS="2350" VPOS="924" WIDTH="25"/>
						<String ID="P2_ST00851" HPOS="2375" VPOS="897" WIDTH="43" HEIGHT="25" CONTENT="the" WC="0.90" CC="112"/>
					</TextLine>
					<TextLine ID="P2_TL00163" HPOS="1893" VPOS="923" WIDTH="522" HEIGHT="41">
						<String ID="P2_ST00852" HPOS="1893" VPOS="924" WIDTH="61" HEIGHT="30" CONTENT="piles" WC="0.83" CC="10206"/>
						<SP ID="P2_SP00682" HPOS="1954" VPOS="954" WIDTH="12"/>
						<String ID="P2_ST00853" HPOS="1966" VPOS="925" WIDTH="26" HEIGHT="23" CONTENT="of" WC="0.96" CC="01"/>
						<SP ID="P2_SP00683" HPOS="1992" VPOS="954" WIDTH="10"/>
						<String ID="P2_ST00854" HPOS="2002" VPOS="924" WIDTH="110" HEIGHT="26" CONTENT="Brown.-!" WC="0.91" CC="11021113"/>
						<SP ID="P2_SP00684" HPOS="2112" VPOS="954" WIDTH="24"/>
						<String ID="P2_ST00855" HPOS="2136" VPOS="927" WIDTH="81" HEIGHT="32" CONTENT="bridge" WC="0.59" CC="361284"/>
						<SP ID="P2_SP00685" HPOS="2217" VPOS="959" WIDTH="23"/>
						<String ID="P2_ST00856" HPOS="2240" VPOS="930" WIDTH="42" HEIGHT="25" CONTENT="the" WC="0.89" CC="220"/>
						<SP ID="P2_SP00686" HPOS="2282" VPOS="959" WIDTH="22"/>
						<String ID="P2_ST00857" HPOS="2304" VPOS="923" WIDTH="111" HEIGHT="41" CONTENT="required" WC="0.66" CC="18221391"/>
					</TextLine>
					<TextLine ID="P2_TL00164" HPOS="1894" VPOS="962" WIDTH="522" HEIGHT="33">
						<String ID="P2_ST00858" HPOS="1894" VPOS="962" WIDTH="82" HEIGHT="30" CONTENT="depth." WC="0.97" CC="101100"/>
						<SP ID="P2_SP00687" HPOS="1976" VPOS="992" WIDTH="37"/>
						<String ID="P2_ST00859" HPOS="2013" VPOS="964" WIDTH="52" HEIGHT="23" CONTENT="One" WC="0.95" CC="200"/>
						<SP ID="P2_SP00688" HPOS="2065" VPOS="992" WIDTH="19"/>
						<String ID="P2_ST00860" HPOS="2084" VPOS="964" WIDTH="87" HEIGHT="25" CONTENT="Pound" WC="0.86" CC="22221"/>
						<SP ID="P2_SP00689" HPOS="2171" VPOS="992" WIDTH="24"/>
						<String ID="P2_ST00861" HPOS="2195" VPOS="971" WIDTH="23" HEIGHT="20" CONTENT="to" WC="0.91" CC="11"/>
						<SP ID="P2_SP00690" HPOS="2218" VPOS="992" WIDTH="30"/>
						<String ID="P2_ST00862" HPOS="2248" VPOS="973" WIDTH="27" HEIGHT="19" CONTENT="be" WC="0.85" CC="21"/>
						<SP ID="P2_SP00691" HPOS="2275" VPOS="992" WIDTH="23"/>
						<String ID="P2_ST00863" HPOS="2298" VPOS="970" WIDTH="118" HEIGHT="25" CONTENT="Jiduofed" WC="0.76" CC="21212661"/>
					</TextLine>
					<TextLine ID="P2_TL00165" HPOS="1895" VPOS="1001" WIDTH="318" HEIGHT="34">
						<String ID="P2_ST00864" HPOS="1895" VPOS="1002" WIDTH="62" HEIGHT="22" CONTENT="from" WC="0.94" CC="1101"/>
						<SP ID="P2_SP00692" HPOS="1957" VPOS="1024" WIDTH="12"/>
						<String ID="P2_ST00865" HPOS="1969" VPOS="1001" WIDTH="40" HEIGHT="24" CONTENT="his" WC="0.97" CC="011"/>
						<SP ID="P2_SP00693" HPOS="2009" VPOS="1025" WIDTH="11"/>
						<String ID="P2_ST00866" HPOS="2020" VPOS="1004" WIDTH="109" HEIGHT="23" CONTENT="contract" WC="0.88" CC="01010116"/>
						<SP ID="P2_SP00694" HPOS="2129" VPOS="1027" WIDTH="12"/>
						<String ID="P2_ST00867" HPOS="2141" VPOS="1013" WIDTH="72" HEIGHT="22" CONTENT="pr?co." WC="0.84" CC="123311"/>
					</TextLine>
					<TextLine ID="P2_TL00166" HPOS="1928" VPOS="1038" WIDTH="490" HEIGHT="38">
						<String ID="P2_ST00868" HPOS="1928" VPOS="1038" WIDTH="170" HEIGHT="27" CONTENT="Considerable" WC="0.96" CC="101001212100"/>
						<SP ID="P2_SP00695" HPOS="2098" VPOS="1065" WIDTH="12"/>
						<String ID="P2_ST00869" HPOS="2110" VPOS="1044" WIDTH="91" HEIGHT="28" CONTENT="repairs" WC="0.87" CC="0241012"/>
						<SP ID="P2_SP00696" HPOS="2201" VPOS="1072" WIDTH="12"/>
						<String ID="P2_ST00870" HPOS="2213" VPOS="1053" WIDTH="40" HEIGHT="15" CONTENT="are" WC="0.89" CC="112"/>
						<SP ID="P2_SP00697" HPOS="2253" VPOS="1072" WIDTH="12"/>
						<String ID="P2_ST00871" HPOS="2265" VPOS="1046" WIDTH="111" HEIGHT="30" CONTENT="required" WC="0.89" CC="11211111"/>
						<SP ID="P2_SP00698" HPOS="2376" VPOS="1076" WIDTH="9"/>
						<String ID="P2_ST00872" HPOS="2385" VPOS="1056" WIDTH="33" HEIGHT="16" CONTENT="on" WC="0.94" CC="11"/>
					</TextLine>
					<TextLine ID="P2_TL00167" HPOS="1895" VPOS="1075" WIDTH="528" HEIGHT="39">
						<String ID="P2_ST00873" HPOS="1895" VPOS="1075" WIDTH="42" HEIGHT="25" CONTENT="the" WC="0.97" CC="100"/>
						<SP ID="P2_SP00699" HPOS="1937" VPOS="1100" WIDTH="16"/>
						<String ID="P2_ST00874" HPOS="1953" VPOS="1084" WIDTH="75" HEIGHT="23" CONTENT="upper" WC="0.94" CC="11101"/>
						<SP ID="P2_SP00700" HPOS="2028" VPOS="1107" WIDTH="14"/>
						<String ID="P2_ST00875" HPOS="2042" VPOS="1078" WIDTH="137" HEIGHT="26" CONTENT="Wlxarffldla" WC="0.78" CC="00211555104"/>
						<SP ID="P2_SP00701" HPOS="2179" VPOS="1107" WIDTH="16"/>
						<String ID="P2_ST00876" HPOS="2195" VPOS="1082" WIDTH="68" HEIGHT="24" CONTENT="road." WC="0.93" CC="10211"/>
						<SP ID="P2_SP00702" HPOS="2263" VPOS="1107" WIDTH="35"/>
						<String ID="P2_ST00877" HPOS="2298" VPOS="1085" WIDTH="71" HEIGHT="23" CONTENT="Clerk" WC="0.95" CC="11011"/>
						<SP ID="P2_SP00703" HPOS="2369" VPOS="1108" WIDTH="24"/>
						<String ID="P2_ST00878" HPOS="2393" VPOS="1089" WIDTH="30" HEIGHT="25" CONTENT="to." WC="0.96" CC="101"/>
					</TextLine>
					<TextLine ID="P2_TL00168" HPOS="1895" VPOS="1115" WIDTH="163" HEIGHT="26">
						<String ID="P2_ST00879" HPOS="1895" VPOS="1115" WIDTH="84" HEIGHT="24" CONTENT="attend" WC="0.95" CC="101101"/>
						<SP ID="P2_SP00704" HPOS="1979" VPOS="1139" WIDTH="13"/>
						<String ID="P2_ST00880" HPOS="1992" VPOS="1118" WIDTH="24" HEIGHT="22" CONTENT="to" WC="1.00" CC="00"/>
						<SP ID="P2_SP00705" HPOS="2016" VPOS="1140" WIDTH="16"/>
						<String ID="P2_ST00881" HPOS="2032" VPOS="1117" WIDTH="26" HEIGHT="24" CONTENT="it." WC="0.95" CC="111"/>
					</TextLine>
					<TextLine ID="P2_TL00169" HPOS="1928" VPOS="1153" WIDTH="491" HEIGHT="34">
						<String ID="P2_ST00882" HPOS="1928" VPOS="1153" WIDTH="53" HEIGHT="24" CONTENT="The" WC="0.99" CC="001"/>
						<SP ID="P2_SP00706" HPOS="1981" VPOS="1177" WIDTH="22"/>
						<String ID="P2_ST00883" HPOS="2003" VPOS="1156" WIDTH="140" HEIGHT="31" CONTENT="concreting" WC="0.97" CC="0010011111"/>
						<SP ID="P2_SP00707" HPOS="2143" VPOS="1187" WIDTH="22"/>
						<String ID="P2_ST00884" HPOS="2165" VPOS="1157" WIDTH="27" HEIGHT="24" CONTENT="of" WC="0.98" CC="01"/>
						<SP ID="P2_SP00708" HPOS="2192" VPOS="1187" WIDTH="20"/>
						<String ID="P2_ST00885" HPOS="2212" VPOS="1158" WIDTH="41" HEIGHT="25" CONTENT="the" WC="0.95" CC="011"/>
						<SP ID="P2_SP00709" HPOS="2253" VPOS="1187" WIDTH="23"/>
						<String ID="P2_ST00886" HPOS="2276" VPOS="1159" WIDTH="66" HEIGHT="26" CONTENT="View" WC="0.95" CC="2001"/>
						<SP ID="P2_SP00710" HPOS="2342" VPOS="1187" WIDTH="24"/>
						<String ID="P2_ST00887" HPOS="2366" VPOS="1162" WIDTH="53" HEIGHT="25" CONTENT="Hill" WC="0.94" CC="1011"/>
					</TextLine>
					<TextLine ID="P2_TL00170" HPOS="1896" VPOS="1190" WIDTH="522" HEIGHT="37">
						<String ID="P2_ST00888" HPOS="1896" VPOS="1190" WIDTH="84" HEIGHT="24" CONTENT="Water" WC="0.94" CC="20011"/>
						<SP ID="P2_SP00711" HPOS="1980" VPOS="1214" WIDTH="10"/>
						<String ID="P2_ST00889" HPOS="1990" VPOS="1192" WIDTH="66" HEIGHT="24" CONTENT="Eace" WC="0.94" CC="2100"/>
						<SP ID="P2_SP00712" HPOS="2056" VPOS="1216" WIDTH="22"/>
						<String ID="P2_ST00890" HPOS="2078" VPOS="1193" WIDTH="49" HEIGHT="25" CONTENT="had" WC="0.96" CC="101"/>
						<SP ID="P2_SP00713" HPOS="2127" VPOS="1218" WIDTH="23"/>
						<String ID="P2_ST00891" HPOS="2150" VPOS="1195" WIDTH="96" HEIGHT="32" CONTENT="already" WC="0.95" CC="1110211"/>
						<SP ID="P2_SP00714" HPOS="2246" VPOS="1227" WIDTH="23"/>
						<String ID="P2_ST00892" HPOS="2269" VPOS="1199" WIDTH="52" HEIGHT="22" CONTENT="cost" WC="0.98" CC="0011"/>
						<SP ID="P2_SP00715" HPOS="2321" VPOS="1227" WIDTH="23"/>
						<String ID="P2_ST00893" HPOS="2344" VPOS="1200" WIDTH="74" HEIGHT="23" CONTENT="much" WC="0.91" CC="2111"/>
					</TextLine>
					<TextLine ID="P2_TL00171" HPOS="1895" VPOS="1229" WIDTH="524" HEIGHT="32">
						<String ID="P2_ST00894" HPOS="1895" VPOS="1229" WIDTH="75" HEIGHT="24" CONTENT="above" WC="0.95" CC="11010"/>
						<SP ID="P2_SP00716" HPOS="1970" VPOS="1253" WIDTH="13"/>
						<String ID="P2_ST00895" HPOS="1983" VPOS="1230" WIDTH="45" HEIGHT="30" CONTENT="the," WC="0.87" CC="1114"/>
						<SP ID="P2_SP00717" HPOS="2028" VPOS="1260" WIDTH="19"/>
						<String ID="P2_ST00896" HPOS="2047" VPOS="1232" WIDTH="119" HEIGHT="29" CONTENT="estimate," WC="0.90" CC="110111041"/>
						<SP ID="P2_SP00718" HPOS="2166" VPOS="1261" WIDTH="25"/>
						<String ID="P2_ST00897" HPOS="2191" VPOS="1235" WIDTH="48" HEIGHT="22" CONTENT="and" WC="0.89" CC="211"/>
						<SP ID="P2_SP00719" HPOS="2239" VPOS="1261" WIDTH="19"/>
						<String ID="P2_ST00898" HPOS="2258" VPOS="1237" WIDTH="161" HEIGHT="24" CONTENT="necessitated" WC="0.80" CC="121162013162"/>
					</TextLine>
					<TextLine ID="P2_TL00172" HPOS="1894" VPOS="1265" WIDTH="524" HEIGHT="38">
						<String ID="P2_ST00899" HPOS="1894" VPOS="1265" WIDTH="112" HEIGHT="25" CONTENT="different" WC="0.93" CC="101110111"/>
						<SP ID="P2_SP00720" HPOS="2006" VPOS="1290" WIDTH="9"/>
						<String ID="P2_ST00900" HPOS="2015" VPOS="1273" WIDTH="185" HEIGHT="25" CONTENT="arrangements" WC="0.76" CC="121121911911"/>
						<SP ID="P2_SP00721" HPOS="2200" VPOS="1298" WIDTH="13"/>
						<String ID="P2_ST00901" HPOS="2213" VPOS="1272" WIDTH="24" HEIGHT="22" CONTENT="to" WC="0.96" CC="11"/>
						<SP ID="P2_SP00722" HPOS="2237" VPOS="1298" WIDTH="12"/>
						<String ID="P2_ST00902" HPOS="2249" VPOS="1272" WIDTH="119" HEIGHT="31" CONTENT="complete" WC="0.79" CC="11511215"/>
						<SP ID="P2_SP00723" HPOS="2368" VPOS="1303" WIDTH="22"/>
						<String ID="P2_ST00903" HPOS="2390" VPOS="1275" WIDTH="28" HEIGHT="23" CONTENT="ifc." WC="0.81" CC="1331"/>
					</TextLine>
					<TextLine ID="P2_TL00173" HPOS="1896" VPOS="1303" WIDTH="523" HEIGHT="39">
						<String ID="P2_ST00904" HPOS="1896" VPOS="1303" WIDTH="71" HEIGHT="24" CONTENT="Clerk" WC="0.91" CC="11211"/>
						<SP ID="P2_SP00724" HPOS="1967" VPOS="1327" WIDTH="13"/>
						<String ID="P2_ST00905" HPOS="1980" VPOS="1306" WIDTH="24" HEIGHT="22" CONTENT="to" WC="0.93" CC="20"/>
						<SP ID="P2_SP00725" HPOS="2004" VPOS="1328" WIDTH="12"/>
						<String ID="P2_ST00906" HPOS="2016" VPOS="1306" WIDTH="94" HEIGHT="31" CONTENT="empby" WC="0.92" CC="11111"/>
						<String ID="P2_ST00907" HPOS="2115" VPOS="1332" WIDTH="7" HEIGHT="6" CONTENT="&gt;" STYLE="subscript" WC="0.78" CC="2"/>
						<SP ID="P2_SP00726" HPOS="2122" VPOS="1338" WIDTH="7"/>
						<String ID="P2_ST00908" HPOS="2129" VPOS="1307" WIDTH="85" HEIGHT="24" CONTENT="labour" WC="0.93" CC="121011"/>
						<SP ID="P2_SP00727" HPOS="2214" VPOS="1338" WIDTH="21"/>
						<String ID="P2_ST00909" HPOS="2235" VPOS="1309" WIDTH="76" HEIGHT="24" CONTENT="under" WC="0.92" CC="10121"/>
						<SP ID="P2_SP00728" HPOS="2311" VPOS="1338" WIDTH="20"/>
						<String ID="P2_ST00910" HPOS="2331" VPOS="1318" WIDTH="88" HEIGHT="24" CONTENT="proper" WC="0.61" CC="422691"/>
					</TextLine>
					<TextLine ID="P2_TL00174" HPOS="1894" VPOS="1341" WIDTH="159" HEIGHT="30">
						<String ID="P2_ST00911" HPOS="1894" VPOS="1341" WIDTH="159" HEIGHT="30" CONTENT="supervision." WC="0.98" CC="110000010001"/>
					</TextLine>
					<TextLine ID="P2_TL00175" HPOS="1927" VPOS="1378" WIDTH="493" HEIGHT="33">
						<String ID="P2_ST00912" HPOS="1927" VPOS="1378" WIDTH="71" HEIGHT="24" CONTENT="Clerk" WC="0.96" CC="10010"/>
						<SP ID="P2_SP00729" HPOS="1998" VPOS="1402" WIDTH="11"/>
						<String ID="P2_ST00913" HPOS="2009" VPOS="1388" WIDTH="51" HEIGHT="16" CONTENT="was" WC="0.94" CC="201"/>
						<SP ID="P2_SP00730" HPOS="2060" VPOS="1404" WIDTH="11"/>
						<String ID="P2_ST00914" HPOS="2071" VPOS="1381" WIDTH="100" HEIGHT="25" CONTENT="ordered" WC="0.95" CC="0210010"/>
						<SP ID="P2_SP00731" HPOS="2171" VPOS="1406" WIDTH="28"/>
						<String ID="P2_ST00915" HPOS="2199" VPOS="1385" WIDTH="25" HEIGHT="23" CONTENT="to" WC="0.98" CC="01"/>
						<SP ID="P2_SP00732" HPOS="2224" VPOS="1408" WIDTH="23"/>
						<String ID="P2_ST00916" HPOS="2247" VPOS="1392" WIDTH="116" HEIGHT="18" CONTENT="summon" WC="0.90" CC="112211"/>
						<SP ID="P2_SP00733" HPOS="2363" VPOS="1410" WIDTH="18"/>
						<String ID="P2_ST00917" HPOS="2381" VPOS="1387" WIDTH="39" HEIGHT="24" CONTENT="for" WC="0.91" CC="012"/>
					</TextLine>
					<TextLine ID="P2_TL00176" HPOS="1894" VPOS="1415" WIDTH="298" HEIGHT="34">
						<String ID="P2_ST00918" HPOS="1894" VPOS="1415" WIDTH="33" HEIGHT="24" CONTENT="all" WC="0.94" CC="201"/>
						<SP ID="P2_SP00734" HPOS="1927" VPOS="1439" WIDTH="9"/>
						<String ID="P2_ST00919" HPOS="1936" VPOS="1419" WIDTH="42" HEIGHT="21" CONTENT="out" WC="0.97" CC="010"/>
						<String ID="P2_ST00920" HPOS="1981" VPOS="1418" WIDTH="126" HEIGHT="31" CONTENT="-standing" WC="0.97" CC="100101001"/>
						<SP ID="P2_SP00735" HPOS="2107" VPOS="1449" WIDTH="13"/>
						<String ID="P2_ST00921" HPOS="2120" VPOS="1421" WIDTH="72" HEIGHT="23" CONTENT="rates." WC="0.98" CC="100011"/>
					</TextLine>
					<TextLine ID="P2_TL00177" HPOS="1926" VPOS="1453" WIDTH="502" HEIGHT="40">
						<String ID="P2_ST00922" HPOS="1926" VPOS="1453" WIDTH="85" HEIGHT="25" CONTENT="Letter" WC="0.99" CC="000100"/>
						<SP ID="P2_SP00736" HPOS="2011" VPOS="1478" WIDTH="10"/>
						<String ID="P2_ST00923" HPOS="2021" VPOS="1454" WIDTH="61" HEIGHT="25" CONTENT="from" WC="0.98" CC="0001"/>
						<SP ID="P2_SP00737" HPOS="2082" VPOS="1479" WIDTH="26"/>
						<String ID="P2_ST00924" HPOS="2108" VPOS="1456" WIDTH="39" HEIGHT="24" CONTENT="Mr" WC="0.80" CC="41"/>
						<SP ID="P2_SP00738" HPOS="2147" VPOS="1480" WIDTH="22"/>
						<String ID="P2_ST00925" HPOS="2169" VPOS="1457" WIDTH="24" HEIGHT="24" CONTENT="J." WC="1.00" CC="00"/>
						<SP ID="P2_SP00739" HPOS="2193" VPOS="1481" WIDTH="17"/>
						<String ID="P2_ST00926" HPOS="2210" VPOS="1458" WIDTH="97" HEIGHT="31" CONTENT="Lough," WC="0.95" CC="001111"/>
						<SP ID="P2_SP00740" HPOS="2307" VPOS="1489" WIDTH="25"/>
						<String ID="P2_ST00927" HPOS="2332" VPOS="1460" WIDTH="96" HEIGHT="33" CONTENT="asking'" WC="0.96" CC="0010111"/>
					</TextLine>
					<TextLine ID="P2_TL00178" HPOS="1894" VPOS="1491" WIDTH="526" HEIGHT="32">
						<String ID="P2_ST00928" HPOS="1894" VPOS="1491" WIDTH="80" HEIGHT="24" CONTENT="Board" WC="0.96" CC="10011"/>
						<SP ID="P2_SP00741" HPOS="1974" VPOS="1515" WIDTH="12"/>
						<String ID="P2_ST00929" HPOS="1986" VPOS="1494" WIDTH="27" HEIGHT="21" CONTENT="to" WC="0.98" CC="01"/>
						<SP ID="P2_SP00742" HPOS="2013" VPOS="1515" WIDTH="11"/>
						<String ID="P2_ST00930" HPOS="2024" VPOS="1493" WIDTH="69" HEIGHT="24" CONTENT="clean" WC="0.89" CC="20211"/>
						<SP ID="P2_SP00743" HPOS="2093" VPOS="1517" WIDTH="12"/>
						<String ID="P2_ST00931" HPOS="2105" VPOS="1497" WIDTH="42" HEIGHT="21" CONTENT="out" WC="0.97" CC="010"/>
						<SP ID="P2_SP00744" HPOS="2147" VPOS="1518" WIDTH="12"/>
						<String ID="P2_ST00932" HPOS="2159" VPOS="1495" WIDTH="51" HEIGHT="24" CONTENT="side" WC="0.93" CC="2002"/>
						<SP ID="P2_SP00745" HPOS="2210" VPOS="1519" WIDTH="23"/>
						<String ID="P2_ST00933" HPOS="2233" VPOS="1496" WIDTH="105" HEIGHT="26" CONTENT="channel" WC="0.96" CC="1111000"/>
						<SP ID="P2_SP00746" HPOS="2338" VPOS="1522" WIDTH="21"/>
						<String ID="P2_ST00934" HPOS="2359" VPOS="1507" WIDTH="61" HEIGHT="16" CONTENT="near" WC="0.96" CC="2000"/>
					</TextLine>
					<TextLine ID="P2_TL00179" HPOS="1893" VPOS="1528" WIDTH="375" HEIGHT="32">
						<String ID="P2_ST00935" HPOS="1893" VPOS="1528" WIDTH="40" HEIGHT="24" CONTENT="his" WC="0.93" CC="111"/>
						<SP ID="P2_SP00747" HPOS="1933" VPOS="1552" WIDTH="16"/>
						<String ID="P2_ST00936" HPOS="1949" VPOS="1532" WIDTH="121" HEIGHT="28" CONTENT="property." WC="0.97" CC="010000111"/>
						<SP ID="P2_SP00748" HPOS="2070" VPOS="1560" WIDTH="35"/>
						<String ID="P2_ST00937" HPOS="2105" VPOS="1531" WIDTH="35" HEIGHT="24" CONTENT="To" WC="0.93" CC="20"/>
						<SP ID="P2_SP00749" HPOS="2140" VPOS="1560" WIDTH="19"/>
						<String ID="P2_ST00938" HPOS="2159" VPOS="1532" WIDTH="28" HEIGHT="24" CONTENT="be" WC="0.98" CC="10"/>
						<SP ID="P2_SP00750" HPOS="2187" VPOS="1560" WIDTH="11"/>
						<String ID="P2_ST00939" HPOS="2198" VPOS="1533" WIDTH="70" HEIGHT="24" CONTENT="done." WC="0.98" CC="11000"/>
					</TextLine>
					<TextLine ID="P2_TL00180" HPOS="1915" VPOS="1567" WIDTH="505" HEIGHT="39">
						<String ID="P2_ST00940" HPOS="1915" VPOS="1567" WIDTH="95" HEIGHT="29" CONTENT=".Letter" WC="0.97" CC="1011000"/>
						<SP ID="P2_SP00751" HPOS="2010" VPOS="1596" WIDTH="21"/>
						<String ID="P2_ST00941" HPOS="2031" VPOS="1568" WIDTH="63" HEIGHT="24" CONTENT="from" WC="0.89" CC="1203"/>
						<SP ID="P2_SP00752" HPOS="2094" VPOS="1596" WIDTH="23"/>
						<String ID="P2_ST00942" HPOS="2117" VPOS="1570" WIDTH="40" HEIGHT="24" CONTENT="Mr" WC="0.93" CC="11"/>
						<SP ID="P2_SP00753" HPOS="2157" VPOS="1596" WIDTH="21"/>
						<String ID="P2_ST00943" HPOS="2178" VPOS="1571" WIDTH="89" HEIGHT="24" CONTENT="Fraser" WC="0.94" CC="011111"/>
						<SP ID="P2_SP00754" HPOS="2267" VPOS="1596" WIDTH="26"/>
						<String ID="P2_ST00944" HPOS="2293" VPOS="1574" WIDTH="127" HEIGHT="32" CONTENT="enclosing" WC="0.95" CC="110101112"/>
					</TextLine>
					<TextLine ID="P2_TL00181" HPOS="1890" VPOS="1606" WIDTH="458" HEIGHT="36">
						<String ID="P2_ST00945" HPOS="1890" VPOS="1606" WIDTH="81" HEIGHT="24" CONTENT="notice" WC="0.80" CC="311060"/>
						<SP ID="P2_SP00755" HPOS="1971" VPOS="1630" WIDTH="12"/>
						<String ID="P2_ST00946" HPOS="1983" VPOS="1609" WIDTH="25" HEIGHT="21" CONTENT="to" WC="0.98" CC="10"/>
						<SP ID="P2_SP00756" HPOS="2008" VPOS="1630" WIDTH="12"/>
						<String ID="P2_ST00947" HPOS="2020" VPOS="1608" WIDTH="76" HEIGHT="24" CONTENT="fence." WC="0.95" CC="011101"/>
						<SP ID="P2_SP00757" HPOS="2096" VPOS="1632" WIDTH="35"/>
						<String ID="P2_ST00948" HPOS="2131" VPOS="1609" WIDTH="73" HEIGHT="24" CONTENT="Clerk" WC="0.95" CC="00211"/>
						<SP ID="P2_SP00758" HPOS="2204" VPOS="1633" WIDTH="13"/>
						<String ID="P2_ST00949" HPOS="2217" VPOS="1613" WIDTH="24" HEIGHT="21" CONTENT="to" WC="0.96" CC="10"/>
						<SP ID="P2_SP00759" HPOS="2241" VPOS="1634" WIDTH="17"/>
						<String ID="P2_ST00950" HPOS="2258" VPOS="1615" WIDTH="90" HEIGHT="27" CONTENT="report." WC="0.93" CC="1001311"/>
					</TextLine>
					<TextLine ID="P2_TL00182" HPOS="1926" VPOS="1644" WIDTH="492" HEIGHT="36">
						<String ID="P2_ST00951" HPOS="1926" VPOS="1644" WIDTH="67" HEIGHT="24" CONTENT="View" WC="0.97" CC="1001"/>
						<SP ID="P2_SP00760" HPOS="1993" VPOS="1668" WIDTH="17"/>
						<String ID="P2_ST00952" HPOS="2010" VPOS="1645" WIDTH="54" HEIGHT="25" CONTENT="Hill" WC="0.97" CC="0101"/>
						<SP ID="P2_SP00761" HPOS="2064" VPOS="1670" WIDTH="24"/>
						<String ID="P2_ST00953" HPOS="2088" VPOS="1647" WIDTH="86" HEIGHT="24" CONTENT="Pound" WC="0.95" CC="10110"/>
						<SP ID="P2_SP00762" HPOS="2174" VPOS="1671" WIDTH="18"/>
						<String ID="P2_ST00954" HPOS="2192" VPOS="1649" WIDTH="102" HEIGHT="31" CONTENT="receipts" WC="0.96" CC="10011111"/>
						<SP ID="P2_SP00763" HPOS="2294" VPOS="1680" WIDTH="20"/>
						<String ID="P2_ST00955" HPOS="2314" VPOS="1650" WIDTH="39" HEIGHT="25" CONTENT="for" WC="0.99" CC="100"/>
						<SP ID="P2_SP00764" HPOS="2353" VPOS="1680" WIDTH="22"/>
						<String ID="P2_ST00956" HPOS="2375" VPOS="1651" WIDTH="43" HEIGHT="25" CONTENT="the" WC="0.94" CC="110"/>
					</TextLine>
					<TextLine ID="P2_TL00183" HPOS="1893" VPOS="1682" WIDTH="168" HEIGHT="33">
						<String ID="P2_ST00957" HPOS="1893" VPOS="1682" WIDTH="95" HEIGHT="28" CONTENT="month," WC="0.98" CC="100010"/>
						<SP ID="P2_SP00765" HPOS="1988" VPOS="1710" WIDTH="28"/>
						<String ID="P2_ST00958" HPOS="2016" VPOS="1683" WIDTH="45" HEIGHT="32" CONTENT="1/-." WC="0.98" CC="0011"/>
					</TextLine>
					<TextLine ID="P2_TL00184" HPOS="1926" VPOS="1722" WIDTH="376" HEIGHT="36">
						<String ID="P2_ST00959" HPOS="1926" VPOS="1722" WIDTH="90" HEIGHT="23" CONTENT="Oxford" WC="0.70" CC="065501"/>
						<SP ID="P2_SP00766" HPOS="2016" VPOS="1745" WIDTH="12"/>
						<String ID="P2_ST00960" HPOS="2028" VPOS="1722" WIDTH="86" HEIGHT="25" CONTENT="Pound" WC="0.93" CC="10130"/>
						<SP ID="P2_SP00767" HPOS="2114" VPOS="1747" WIDTH="12"/>
						<String ID="P2_ST00961" HPOS="2126" VPOS="1726" WIDTH="111" HEIGHT="29" CONTENT="receipts," WC="0.88" CC="261001011"/>
						<SP ID="P2_SP00768" HPOS="2237" VPOS="1755" WIDTH="20"/>
						<String ID="P2_ST00962" HPOS="2257" VPOS="1727" WIDTH="45" HEIGHT="31" CONTENT="9/-." WC="0.96" CC="1010"/>
					</TextLine>
					<TextLine ID="P2_TL00185" HPOS="1926" VPOS="1760" WIDTH="494" HEIGHT="39">
						<String ID="P2_ST00963" HPOS="1926" VPOS="1760" WIDTH="85" HEIGHT="25" CONTENT="Letter" WC="0.98" CC="001001"/>
						<SP ID="P2_SP00769" HPOS="2011" VPOS="1785" WIDTH="21"/>
						<String ID="P2_ST00964" HPOS="2032" VPOS="1762" WIDTH="70" HEIGHT="28" CONTENT="from." WC="0.95" CC="00020"/>
						<SP ID="P2_SP00770" HPOS="2102" VPOS="1790" WIDTH="27"/>
						<String ID="P2_ST00965" HPOS="2129" VPOS="1763" WIDTH="110" HEIGHT="26" CONTENT="Colonial" WC="0.96" CC="00100021"/>
						<SP ID="P2_SP00771" HPOS="2239" VPOS="1790" WIDTH="33"/>
						<String ID="P2_ST00966" HPOS="2272" VPOS="1766" WIDTH="148" HEIGHT="33" CONTENT="Secretary's" WC="0.92" CC="21011001113"/>
					</TextLine>
					<TextLine ID="P2_TL00186" HPOS="1893" VPOS="1797" WIDTH="525" HEIGHT="38">
						<String ID="P2_ST00967" HPOS="1893" VPOS="1797" WIDTH="82" HEIGHT="30" CONTENT="Oilice," WC="0.92" CC="0111131"/>
						<SP ID="P2_SP00772" HPOS="1975" VPOS="1827" WIDTH="13"/>
						<String ID="P2_ST00968" HPOS="1988" VPOS="1799" WIDTH="122" HEIGHT="32" CONTENT="notifying" WC="0.91" CC="101111122"/>
						<SP ID="P2_SP00773" HPOS="2110" VPOS="1831" WIDTH="12"/>
						<String ID="P2_ST00969" HPOS="2122" VPOS="1801" WIDTH="42" HEIGHT="24" CONTENT="the" WC="0.86" CC="211"/>
						<SP ID="P2_SP00774" HPOS="2164" VPOS="1831" WIDTH="11"/>
						<String ID="P2_ST00970" HPOS="2175" VPOS="1803" WIDTH="127" HEIGHT="32" CONTENT="gazetting" WC="0.90" CC="213111120"/>
						<SP ID="P2_SP00775" HPOS="2302" VPOS="1835" WIDTH="10"/>
						<String ID="P2_ST00971" HPOS="2312" VPOS="1805" WIDTH="28" HEIGHT="24" CONTENT="of" WC="0.98" CC="10"/>
						<SP ID="P2_SP00776" HPOS="2340" VPOS="1835" WIDTH="8"/>
						<String ID="P2_ST00972" HPOS="2348" VPOS="1805" WIDTH="70" HEIGHT="25" CONTENT="Road" WC="0.89" CC="3111"/>
					</TextLine>
					<TextLine ID="P2_TL00187" HPOS="1893" VPOS="1837" WIDTH="220" HEIGHT="28">
						<String ID="P2_ST00973" HPOS="1893" VPOS="1837" WIDTH="82" HEIGHT="25" CONTENT="Board" WC="0.95" CC="11111"/>
						<SP ID="P2_SP00777" HPOS="1975" VPOS="1862" WIDTH="11"/>
						<String ID="P2_ST00974" HPOS="1986" VPOS="1839" WIDTH="127" HEIGHT="26" CONTENT="Election." WC="0.78" CC="210610019"/>
					</TextLine>
					<TextLine ID="P2_TL00188" HPOS="1926" VPOS="1876" WIDTH="494" HEIGHT="33">
						<String ID="P2_ST00975" HPOS="1926" VPOS="1876" WIDTH="84" HEIGHT="24" CONTENT="Letter" WC="0.94" CC="020101"/>
						<SP ID="P2_SP00778" HPOS="2010" VPOS="1900" WIDTH="11"/>
						<String ID="P2_ST00976" HPOS="2021" VPOS="1877" WIDTH="62" HEIGHT="24" CONTENT="from" WC="0.94" CC="1201"/>
						<SP ID="P2_SP00779" HPOS="2083" VPOS="1901" WIDTH="11"/>
						<String ID="P2_ST00977" HPOS="2094" VPOS="1878" WIDTH="39" HEIGHT="24" CONTENT="Mr" WC="0.96" CC="01"/>
						<SP ID="P2_SP00780" HPOS="2133" VPOS="1902" WIDTH="12"/>
						<String ID="P2_ST00978" HPOS="2145" VPOS="1878" WIDTH="26" HEIGHT="24" CONTENT="C." WC="0.96" CC="11"/>
						<SP ID="P2_SP00781" HPOS="2171" VPOS="1902" WIDTH="14"/>
						<String ID="P2_ST00979" HPOS="2185" VPOS="1879" WIDTH="34" HEIGHT="24" CONTENT="M." WC="0.98" CC="01"/>
						<SP ID="P2_SP00782" HPOS="2219" VPOS="1903" WIDTH="14"/>
						<String ID="P2_ST00980" HPOS="2233" VPOS="1879" WIDTH="103" HEIGHT="30" CONTENT="Gorton," WC="0.93" CC="3011011"/>
						<SP ID="P2_SP00783" HPOS="2336" VPOS="1909" WIDTH="12"/>
						<String ID="P2_ST00981" HPOS="2348" VPOS="1882" WIDTH="72" HEIGHT="25" CONTENT="offer" SUBS_TYPE="HypPart1" SUBS_CONTENT="offering" WC="0.92" CC="001113"/>
						<HYP CONTENT="-"/>
					</TextLine>
					<TextLine ID="P2_TL00189" HPOS="1893" VPOS="1915" WIDTH="525" HEIGHT="32">
						<String ID="P2_ST00982" HPOS="1893" VPOS="1915" WIDTH="43" HEIGHT="30" CONTENT="ing" SUBS_TYPE="HypPart2" SUBS_CONTENT="offering" WC="0.94" CC="011"/>
						<SP ID="P2_SP00784" HPOS="1936" VPOS="1945" WIDTH="12"/>
						<String ID="P2_ST00983" HPOS="1948" VPOS="1917" WIDTH="25" HEIGHT="22" CONTENT="to" WC="0.98" CC="10"/>
						<SP ID="P2_SP00785" HPOS="1973" VPOS="1945" WIDTH="11"/>
						<String ID="P2_ST00984" HPOS="1984" VPOS="1917" WIDTH="65" HEIGHT="22" CONTENT="meet" WC="0.97" CC="1100"/>
						<SP ID="P2_SP00786" HPOS="2049" VPOS="1945" WIDTH="11"/>
						<String ID="P2_ST00985" HPOS="2060" VPOS="1923" WIDTH="15" HEIGHT="17" CONTENT="a" WC="1.00" CC="0"/>
						<SP ID="P2_SP00787" HPOS="2075" VPOS="1945" WIDTH="11"/>
						<String ID="P2_ST00986" HPOS="2086" VPOS="1917" WIDTH="142" HEIGHT="30" CONTENT="deputation" WC="0.91" CC="1042121001"/>
						<SP ID="P2_SP00788" HPOS="2228" VPOS="1947" WIDTH="12"/>
						<String ID="P2_ST00987" HPOS="2240" VPOS="1921" WIDTH="27" HEIGHT="22" CONTENT="of" WC="0.96" CC="01"/>
						<SP ID="P2_SP00789" HPOS="2267" VPOS="1947" WIDTH="10"/>
						<String ID="P2_ST00988" HPOS="2277" VPOS="1920" WIDTH="41" HEIGHT="24" CONTENT="the" WC="0.97" CC="110"/>
						<SP ID="P2_SP00790" HPOS="2318" VPOS="1947" WIDTH="18"/>
						<String ID="P2_ST00989" HPOS="2336" VPOS="1921" WIDTH="82" HEIGHT="25" CONTENT="Board" WC="0.93" CC="00311"/>
					</TextLine>
					<TextLine ID="P2_TL00190" HPOS="1893" VPOS="1955" WIDTH="527" HEIGHT="35">
						<String ID="P2_ST00990" HPOS="1893" VPOS="1960" WIDTH="27" HEIGHT="15" CONTENT="re" WC="0.98" CC="01"/>
						<SP ID="P2_SP00791" HPOS="1920" VPOS="1975" WIDTH="11"/>
						<String ID="P2_ST00991" HPOS="1931" VPOS="1955" WIDTH="76" HEIGHT="21" CONTENT="storm" WC="0.95" CC="11011"/>
						<SP ID="P2_SP00792" HPOS="2007" VPOS="1976" WIDTH="26"/>
						<String ID="P2_ST00992" HPOS="2033" VPOS="1955" WIDTH="93" HEIGHT="23" CONTENT="water.," WC="0.82" CC="1101109"/>
						<SP ID="P2_SP00793" HPOS="2126" VPOS="1978" WIDTH="22"/>
						<String ID="P2_ST00993" HPOS="2148" VPOS="1955" WIDTH="81" HEIGHT="25" CONTENT="Board" WC="0.91" CC="10400"/>
						<SP ID="P2_SP00794" HPOS="2229" VPOS="1980" WIDTH="22"/>
						<String ID="P2_ST00994" HPOS="2251" VPOS="1957" WIDTH="47" HEIGHT="24" CONTENT="will" WC="0.95" CC="2100"/>
						<SP ID="P2_SP00795" HPOS="2298" VPOS="1981" WIDTH="19"/>
						<String ID="P2_ST00995" HPOS="2317" VPOS="1966" WIDTH="103" HEIGHT="24" CONTENT="arrange" WC="0.89" CC="0121311"/>
					</TextLine>
					<TextLine ID="P2_TL00191" HPOS="1894" VPOS="1990" WIDTH="185" HEIGHT="23">
						<String ID="P2_ST00996" HPOS="1894" VPOS="1991" WIDTH="25" HEIGHT="22" CONTENT="to" WC="0.98" CC="01"/>
						<SP ID="P2_SP00796" HPOS="1919" VPOS="2013" WIDTH="11"/>
						<String ID="P2_ST00997" HPOS="1930" VPOS="1992" WIDTH="66" HEIGHT="21" CONTENT="meet" WC="0.93" CC="1211"/>
						<SP ID="P2_SP00797" HPOS="1996" VPOS="2013" WIDTH="20"/>
						<String ID="P2_ST00998" HPOS="2016" VPOS="1990" WIDTH="63" HEIGHT="23" CONTENT="him." WC="0.93" CC="1021"/>
					</TextLine>
					<TextLine ID="P2_TL00192" HPOS="1925" VPOS="2029" WIDTH="495" HEIGHT="37">
						<String ID="P2_ST00999" HPOS="1925" VPOS="2029" WIDTH="86" HEIGHT="24" CONTENT="Letter" WC="0.98" CC="001010"/>
						<SP ID="P2_SP00798" HPOS="2011" VPOS="2053" WIDTH="21"/>
						<String ID="P2_ST01000" HPOS="2032" VPOS="2030" WIDTH="62" HEIGHT="24" CONTENT="from" WC="0.94" CC="0102"/>
						<SP ID="P2_SP00799" HPOS="2094" VPOS="2054" WIDTH="25"/>
						<String ID="P2_ST01001" HPOS="2119" VPOS="2031" WIDTH="40" HEIGHT="24" CONTENT="Mr" WC="0.98" CC="10"/>
						<SP ID="P2_SP00800" HPOS="2159" VPOS="2055" WIDTH="22"/>
						<String ID="P2_ST01002" HPOS="2181" VPOS="2030" WIDTH="76" HEIGHT="26" CONTENT="Keats" WC="0.86" CC="30014"/>
						<SP ID="P2_SP00801" HPOS="2257" VPOS="2056" WIDTH="27"/>
						<String ID="P2_ST01003" HPOS="2284" VPOS="2032" WIDTH="136" HEIGHT="34" CONTENT="informing" WC="0.94" CC="121011001"/>
					</TextLine>
					<TextLine ID="P2_TL00193" HPOS="1893" VPOS="2067" WIDTH="525" HEIGHT="29">
						<String ID="P2_ST01004" HPOS="1893" VPOS="2067" WIDTH="42" HEIGHT="23" CONTENT="the" WC="0.97" CC="110"/>
						<SP ID="P2_SP00802" HPOS="1935" VPOS="2090" WIDTH="11"/>
						<String ID="P2_ST01005" HPOS="1946" VPOS="2067" WIDTH="82" HEIGHT="26" CONTENT="Boaj-d" WC="0.81" CC="121621"/>
						<SP ID="P2_SP00803" HPOS="2028" VPOS="2093" WIDTH="19"/>
						<String ID="P2_ST01006" HPOS="2047" VPOS="2067" WIDTH="54" HEIGHT="25" CONTENT="that" WC="0.92" CC="1111"/>
						<SP ID="P2_SP00804" HPOS="2101" VPOS="2093" WIDTH="24"/>
						<String ID="P2_ST01007" HPOS="2125" VPOS="2069" WIDTH="30" HEIGHT="23" CONTENT="he" WC="0.98" CC="10"/>
						<SP ID="P2_SP00805" HPOS="2155" VPOS="2093" WIDTH="21"/>
						<String ID="P2_ST01008" HPOS="2176" VPOS="2069" WIDTH="49" HEIGHT="24" CONTENT="had" WC="0.93" CC="201"/>
						<SP ID="P2_SP00806" HPOS="2225" VPOS="2093" WIDTH="23"/>
						<String ID="P2_ST01009" HPOS="2248" VPOS="2070" WIDTH="53" HEIGHT="24" CONTENT="sold" WC="0.95" CC="2100"/>
						<SP ID="P2_SP00807" HPOS="2301" VPOS="2094" WIDTH="23"/>
						<String ID="P2_ST01010" HPOS="2324" VPOS="2072" WIDTH="94" HEIGHT="24" CONTENT="section" WC="0.96" CC="1001101"/>
					</TextLine>
					<TextLine ID="P2_TL00194" HPOS="1894" VPOS="2106" WIDTH="328" HEIGHT="26">
						<String ID="P2_ST01011" HPOS="1894" VPOS="2107" WIDTH="80" HEIGHT="24" CONTENT="34750" WC="0.82" CC="62010"/>
						<SP ID="P2_SP00808" HPOS="1974" VPOS="2131" WIDTH="11"/>
						<String ID="P2_ST01012" HPOS="1985" VPOS="2108" WIDTH="26" HEIGHT="22" CONTENT="to" WC="1.00" CC="00"/>
						<SP ID="P2_SP00809" HPOS="2011" VPOS="2131" WIDTH="11"/>
						<String ID="P2_ST01013" HPOS="2022" VPOS="2106" WIDTH="40" HEIGHT="24" CONTENT="Mr" WC="1.00" CC="00"/>
						<SP ID="P2_SP00810" HPOS="2062" VPOS="2131" WIDTH="12"/>
						<String ID="P2_ST01014" HPOS="2074" VPOS="2107" WIDTH="31" HEIGHT="24" CONTENT="G." WC="0.91" CC="21"/>
						<SP ID="P2_SP00811" HPOS="2105" VPOS="2131" WIDTH="21"/>
						<String ID="P2_ST01015" HPOS="2126" VPOS="2107" WIDTH="96" HEIGHT="25" CONTENT="Fraser." WC="0.94" CC="2011011"/>
					</TextLine>
					<TextLine ID="P2_TL00195" HPOS="1927" VPOS="2144" WIDTH="487" HEIGHT="29">
						<String ID="P2_ST01016" HPOS="1927" VPOS="2145" WIDTH="84" HEIGHT="23" CONTENT="Letter" WC="0.98" CC="001001"/>
						<SP ID="P2_SP00812" HPOS="2011" VPOS="2168" WIDTH="15"/>
						<String ID="P2_ST01017" HPOS="2026" VPOS="2144" WIDTH="63" HEIGHT="25" CONTENT="from" WC="0.98" CC="0101"/>
						<SP ID="P2_SP00813" HPOS="2089" VPOS="2169" WIDTH="12"/>
						<String ID="P2_ST01018" HPOS="2101" VPOS="2146" WIDTH="105" HEIGHT="24" CONTENT="receiver" WC="0.94" CC="10040001"/>
						<SP ID="P2_SP00814" HPOS="2206" VPOS="2170" WIDTH="22"/>
						<String ID="P2_ST01019" HPOS="2228" VPOS="2147" WIDTH="27" HEIGHT="23" CONTENT="of" WC="0.98" CC="01"/>
						<SP ID="P2_SP00815" HPOS="2255" VPOS="2170" WIDTH="19"/>
						<String ID="P2_ST01020" HPOS="2274" VPOS="2147" WIDTH="71" HEIGHT="25" CONTENT="Land" WC="0.96" CC="1111"/>
						<SP ID="P2_SP00816" HPOS="2345" VPOS="2172" WIDTH="24"/>
						<String ID="P2_ST01021" HPOS="2369" VPOS="2149" WIDTH="45" HEIGHT="24" CONTENT="Re" SUBS_TYPE="HypPart1" SUBS_CONTENT="Revonue," WC="0.97" CC="010"/>
						<HYP CONTENT="-"/>
					</TextLine>
					<TextLine ID="P2_TL00196" HPOS="1893" VPOS="2182" WIDTH="524" HEIGHT="35">
						<String ID="P2_ST01022" HPOS="1893" VPOS="2189" WIDTH="85" HEIGHT="20" CONTENT="vonue," SUBS_TYPE="HypPart2" SUBS_CONTENT="Revonue," WC="0.80" CC="190011"/>
						<SP ID="P2_SP00817" HPOS="1978" VPOS="2209" WIDTH="12"/>
						<String ID="P2_ST01023" HPOS="1990" VPOS="2182" WIDTH="122" HEIGHT="31" CONTENT="notifying" WC="0.95" CC="201001011"/>
						<SP ID="P2_SP00818" HPOS="2112" VPOS="2213" WIDTH="18"/>
						<String ID="P2_ST01024" HPOS="2130" VPOS="2183" WIDTH="55" HEIGHT="25" CONTENT="tbat" WC="0.92" CC="0211"/>
						<SP ID="P2_SP00819" HPOS="2185" VPOS="2213" WIDTH="22"/>
						<String ID="P2_ST01025" HPOS="2207" VPOS="2183" WIDTH="32" HEIGHT="25" CONTENT="he" WC="0.94" CC="10"/>
						<SP ID="P2_SP00820" HPOS="2239" VPOS="2213" WIDTH="22"/>
						<String ID="P2_ST01026" HPOS="2261" VPOS="2184" WIDTH="48" HEIGHT="24" CONTENT="had" WC="0.99" CC="010"/>
						<SP ID="P2_SP00821" HPOS="2309" VPOS="2213" WIDTH="22"/>
						<String ID="P2_ST01027" HPOS="2331" VPOS="2187" WIDTH="86" HEIGHT="30" CONTENT="placed" WC="0.95" CC="101002"/>
					</TextLine>
					<TextLine ID="P2_TL00197" HPOS="1893" VPOS="2220" WIDTH="441" HEIGHT="28">
						<String ID="P2_ST01028" HPOS="1893" VPOS="2220" WIDTH="66" HEIGHT="24" CONTENT="£242" WC="0.63" CC="5180"/>
						<SP ID="P2_SP00822" HPOS="1959" VPOS="2244" WIDTH="19"/>
						<String ID="P2_ST01029" HPOS="1978" VPOS="2220" WIDTH="43" HEIGHT="23" CONTENT="10s" WC="1.00" CC="000"/>
						<SP ID="P2_SP00823" HPOS="2021" VPOS="2244" WIDTH="18"/>
						<String ID="P2_ST01030" HPOS="2039" VPOS="2220" WIDTH="46" HEIGHT="23" CONTENT="lOd" WC="0.96" CC="001"/>
						<SP ID="P2_SP00824" HPOS="2085" VPOS="2244" WIDTH="12"/>
						<String ID="P2_ST01031" HPOS="2097" VPOS="2223" WIDTH="25" HEIGHT="21" CONTENT="to" WC="1.00" CC="00"/>
						<SP ID="P2_SP00825" HPOS="2122" VPOS="2244" WIDTH="12"/>
						<String ID="P2_ST01032" HPOS="2134" VPOS="2220" WIDTH="94" HEIGHT="26" CONTENT="Boards" WC="0.91" CC="100014"/>
						<SP ID="P2_SP00826" HPOS="2228" VPOS="2246" WIDTH="23"/>
						<String ID="P2_ST01033" HPOS="2251" VPOS="2222" WIDTH="83" HEIGHT="26" CONTENT="credit." WC="0.93" CC="0112121"/>
					</TextLine>
					<TextLine ID="P2_TL00198" HPOS="1925" VPOS="2257" WIDTH="493" HEIGHT="33">
						<String ID="P2_ST01034" HPOS="1925" VPOS="2257" WIDTH="85" HEIGHT="24" CONTENT="Latter" WC="0.88" CC="052001"/>
						<SP ID="P2_SP00827" HPOS="2010" VPOS="2281" WIDTH="21"/>
						<String ID="P2_ST01035" HPOS="2031" VPOS="2257" WIDTH="62" HEIGHT="24" CONTENT="from" WC="0.95" CC="0102"/>
						<SP ID="P2_SP00828" HPOS="2093" VPOS="2281" WIDTH="22"/>
						<String ID="P2_ST01036" HPOS="2115" VPOS="2258" WIDTH="114" HEIGHT="30" CONTENT="Hospital" WC="0.91" CC="10411011"/>
						<SP ID="P2_SP00829" HPOS="2229" VPOS="2288" WIDTH="34"/>
						<String ID="P2_ST01037" HPOS="2263" VPOS="2260" WIDTH="88" HEIGHT="30" CONTENT="asking" WC="0.96" CC="010011"/>
						<SP ID="P2_SP00830" HPOS="2351" VPOS="2290" WIDTH="29"/>
						<String ID="P2_ST01038" HPOS="2380" VPOS="2262" WIDTH="38" HEIGHT="24" CONTENT="for" WC="0.88" CC="221"/>
					</TextLine>
					<TextLine ID="P2_TL00199" HPOS="1892" VPOS="2292" WIDTH="526" HEIGHT="31">
						<String ID="P2_ST01039" HPOS="1892" VPOS="2292" WIDTH="105" HEIGHT="24" CONTENT="Board's" WC="0.90" CC="1011222"/>
						<SP ID="P2_SP00831" HPOS="1997" VPOS="2316" WIDTH="11"/>
						<String ID="P2_ST01040" HPOS="2008" VPOS="2293" WIDTH="166" HEIGHT="24" CONTENT="contribution" WC="0.94" CC="100011111101"/>
						<SP ID="P2_SP00832" HPOS="2174" VPOS="2317" WIDTH="23"/>
						<String ID="P2_ST01041" HPOS="2197" VPOS="2296" WIDTH="50" HEIGHT="23" CONTENT="£(&gt;8" WC="0.76" CC="5221"/>
						<SP ID="P2_SP00833" HPOS="2247" VPOS="2319" WIDTH="19"/>
						<String ID="P2_ST01042" HPOS="2266" VPOS="2297" WIDTH="51" HEIGHT="22" CONTENT="11s." WC="0.98" CC="0010"/>
						<SP ID="P2_SP00834" HPOS="2317" VPOS="2319" WIDTH="19"/>
						<String ID="P2_ST01043" HPOS="2336" VPOS="2297" WIDTH="82" HEIGHT="26" CONTENT="Board" WC="0.92" CC="10221"/>
					</TextLine>
					<TextLine ID="P2_TL00200" HPOS="1892" VPOS="2331" WIDTH="329" HEIGHT="26">
						<String ID="P2_ST01044" HPOS="1892" VPOS="2331" WIDTH="98" HEIGHT="25" CONTENT="decided" WC="0.96" CC="1100101"/>
						<SP ID="P2_SP00835" HPOS="1990" VPOS="2356" WIDTH="12"/>
						<String ID="P2_ST01045" HPOS="2002" VPOS="2335" WIDTH="26" HEIGHT="21" CONTENT="to" WC="0.98" CC="10"/>
						<SP ID="P2_SP00836" HPOS="2028" VPOS="2356" WIDTH="11"/>
						<String ID="P2_ST01046" HPOS="2039" VPOS="2332" WIDTH="102" HEIGHT="25" CONTENT="forward" WC="0.96" CC="1011011"/>
						<SP ID="P2_SP00837" HPOS="2141" VPOS="2357" WIDTH="18"/>
						<String ID="P2_ST01047" HPOS="2159" VPOS="2333" WIDTH="62" HEIGHT="24" CONTENT="£'63." WC="0.76" CC="21451" STYLEREFS="TXT_6"/>
					</TextLine>
					<TextLine ID="P2_TL00201" HPOS="1924" VPOS="2370" WIDTH="491" HEIGHT="34">
						<String ID="P2_ST01048" HPOS="1924" VPOS="2370" WIDTH="84" HEIGHT="23" CONTENT="Letter" WC="0.94" CC="011111"/>
						<SP ID="P2_SP00838" HPOS="2008" VPOS="2393" WIDTH="12"/>
						<String ID="P2_ST01049" HPOS="2020" VPOS="2370" WIDTH="62" HEIGHT="24" CONTENT="from" WC="0.97" CC="1001"/>
						<SP ID="P2_SP00839" HPOS="2082" VPOS="2394" WIDTH="14"/>
						<String ID="P2_ST01050" HPOS="2096" VPOS="2371" WIDTH="41" HEIGHT="24" CONTENT="the" WC="0.95" CC="110"/>
						<SP ID="P2_SP00840" HPOS="2137" VPOS="2395" WIDTH="10"/>
						<String ID="P2_ST01051" HPOS="2147" VPOS="2375" WIDTH="3" HEIGHT="3" CONTENT='"' WC="0.81" CC="2"/>
						<SP ID="P2_SP00841" HPOS="2150" VPOS="2395" WIDTH="6"/>
						<String ID="P2_ST01052" HPOS="2156" VPOS="2371" WIDTH="61" HEIGHT="25" CONTENT="Cust" WC="0.94" CC="1111"/>
						<SP ID="P2_SP00842" HPOS="2217" VPOS="2396" WIDTH="17"/>
						<String ID="P2_ST01053" HPOS="2234" VPOS="2372" WIDTH="69" HEIGHT="24" CONTENT="Eoad" WC="0.94" CC="2001"/>
						<SP ID="P2_SP00843" HPOS="2303" VPOS="2396" WIDTH="23"/>
						<String ID="P2_ST01054" HPOS="2326" VPOS="2373" WIDTH="89" HEIGHT="31" CONTENT="Board," WC="0.96" CC="000111"/>
					</TextLine>
					<TextLine ID="P2_TL00202" HPOS="1891" VPOS="2407" WIDTH="523" HEIGHT="34">
						<String ID="P2_ST01055" HPOS="1891" VPOS="2415" WIDTH="26" HEIGHT="16" CONTENT="re" WC="0.98" CC="10"/>
						<SP ID="P2_SP00844" HPOS="1917" VPOS="2431" WIDTH="11"/>
						<String ID="P2_ST01056" HPOS="1928" VPOS="2407" WIDTH="140" HEIGHT="25" CONTENT="floodwater" WC="0.97" CC="1000111100"/>
						<SP ID="P2_SP00845" HPOS="2068" VPOS="2432" WIDTH="11"/>
						<String ID="P2_ST01057" HPOS="2079" VPOS="2416" WIDTH="71" HEIGHT="16" CONTENT="scour" WC="0.97" CC="10011"/>
						<SP ID="P2_SP00846" HPOS="2150" VPOS="2432" WIDTH="10"/>
						<String ID="P2_ST01058" HPOS="2160" VPOS="2417" WIDTH="33" HEIGHT="16" CONTENT="on" WC="0.96" CC="01"/>
						<SP ID="P2_SP00847" HPOS="2193" VPOS="2433" WIDTH="11"/>
						<String ID="P2_ST01059" HPOS="2204" VPOS="2410" WIDTH="132" HEIGHT="31" CONTENT="Boundary" WC="0.99" CC="00001001"/>
						<SP ID="P2_SP00848" HPOS="2336" VPOS="2441" WIDTH="11"/>
						<String ID="P2_ST01060" HPOS="2347" VPOS="2412" WIDTH="67" HEIGHT="24" CONTENT="road." WC="0.95" CC="10111"/>
					</TextLine>
					<TextLine ID="P2_TL00203" HPOS="1892" VPOS="2446" WIDTH="127" HEIGHT="25">
						<String ID="P2_ST01061" HPOS="1892" VPOS="2446" WIDTH="127" HEIGHT="25" CONTENT="Received." WC="0.86" CC="291000010"/>
					</TextLine>
					<TextLine ID="P2_TL00204" HPOS="1924" VPOS="2484" WIDTH="491" HEIGHT="28">
						<String ID="P2_ST01062" HPOS="1924" VPOS="2484" WIDTH="85" HEIGHT="25" CONTENT="Letter" WC="0.99" CC="001000"/>
						<SP ID="P2_SP00849" HPOS="2009" VPOS="2509" WIDTH="22"/>
						<String ID="P2_ST01063" HPOS="2031" VPOS="2484" WIDTH="63" HEIGHT="25" CONTENT="from" WC="0.94" CC="1101"/>
						<SP ID="P2_SP00850" HPOS="2094" VPOS="2509" WIDTH="23"/>
						<String ID="P2_ST01064" HPOS="2117" VPOS="2486" WIDTH="42" HEIGHT="24" CONTENT="the" WC="0.97" CC="010"/>
						<SP ID="P2_SP00851" HPOS="2159" VPOS="2510" WIDTH="35"/>
						<String ID="P2_ST01065" HPOS="2194" VPOS="2486" WIDTH="140" HEIGHT="26" CONTENT="Charitable" WC="0.94" CC="1011111111"/>
						<SP ID="P2_SP00852" HPOS="2334" VPOS="2512" WIDTH="34"/>
						<String ID="P2_ST01066" HPOS="2368" VPOS="2488" WIDTH="47" HEIGHT="24" CONTENT="Aid" WC="0.95" CC="011"/>
					</TextLine>
					<TextLine ID="P2_TL00205" HPOS="1894" VPOS="2523" WIDTH="520" HEIGHT="28">
						<String ID="P2_ST01067" HPOS="1894" VPOS="2523" WIDTH="78" HEIGHT="22" CONTENT="Board" WC="0.70" CC="50118"/>
						<SP ID="P2_SP00853" HPOS="1972" VPOS="2545" WIDTH="18"/>
						<String ID="P2_ST01068" HPOS="1990" VPOS="2523" WIDTH="59" HEIGHT="24" CONTENT="with" WC="0.90" CC="1221"/>
						<SP ID="P2_SP00854" HPOS="2049" VPOS="2547" WIDTH="19"/>
						<String ID="P2_ST01069" HPOS="2068" VPOS="2530" WIDTH="15" HEIGHT="16" CONTENT="a" WC="1.00" CC="0"/>
						<SP ID="P2_SP00855" HPOS="2083" VPOS="2547" WIDTH="18"/>
						<String ID="P2_ST01070" HPOS="2101" VPOS="2523" WIDTH="42" HEIGHT="24" CONTENT="list" WC="0.95" CC="0110"/>
						<SP ID="P2_SP00856" HPOS="2143" VPOS="2547" WIDTH="19"/>
						<String ID="P2_ST01071" HPOS="2162" VPOS="2524" WIDTH="28" HEIGHT="25" CONTENT="of" WC="1.00" CC="00"/>
						<SP ID="P2_SP00857" HPOS="2190" VPOS="2549" WIDTH="20"/>
						<String ID="P2_ST01072" HPOS="2210" VPOS="2524" WIDTH="42" HEIGHT="25" CONTENT="the" WC="0.94" CC="111"/>
						<SP ID="P2_SP00858" HPOS="2252" VPOS="2549" WIDTH="23"/>
						<String ID="P2_ST01073" HPOS="2275" VPOS="2524" WIDTH="139" HEIGHT="27" CONTENT="Charitable" WC="0.93" CC="1101111112"/>
					</TextLine>
					<TextLine ID="P2_TL00206" HPOS="1892" VPOS="2559" WIDTH="530" HEIGHT="34">
						<String ID="P2_ST01074" HPOS="1892" VPOS="2559" WIDTH="46" HEIGHT="25" CONTENT="Aid" WC="0.96" CC="011"/>
						<SP ID="P2_SP00859" HPOS="1938" VPOS="2584" WIDTH="8"/>
						<String ID="P2_ST01075" HPOS="1946" VPOS="2560" WIDTH="136" HEIGHT="31" CONTENT="recipients," WC="0.96" CC="10101010111"/>
						<SP ID="P2_SP00860" HPOS="2082" VPOS="2591" WIDTH="9"/>
						<String ID="P2_ST01076" HPOS="2091" VPOS="2562" WIDTH="147" HEIGHT="31" CONTENT="amounting" WC="0.94" CC="110110011"/>
						<SP ID="P2_SP00861" HPOS="2238" VPOS="2593" WIDTH="9"/>
						<String ID="P2_ST01077" HPOS="2247" VPOS="2564" WIDTH="25" HEIGHT="23" CONTENT="to" WC="1.00" CC="00"/>
						<SP ID="P2_SP00862" HPOS="2272" VPOS="2593" WIDTH="11"/>
						<String ID="P2_ST01078" HPOS="2283" VPOS="2564" WIDTH="32" HEIGHT="23" CONTENT="£1" WC="0.80" CC="31" STYLEREFS="TXT_6"/>
						<SP ID="P2_SP00863" HPOS="2315" VPOS="2593" WIDTH="15"/>
						<String ID="P2_ST01079" HPOS="2330" VPOS="2565" WIDTH="50" HEIGHT="26" CONTENT="14s." WC="0.91" CC="1112"/>
						<SP ID="P2_SP00864" HPOS="2380" VPOS="2593" WIDTH="5"/>
						<String ID="P2_ST01080" HPOS="2385" VPOS="2564" WIDTH="37" HEIGHT="25" CONTENT="9d" SUBS_TYPE="HypPart1" SUBS_CONTENT="9dper" WC="0.80" CC="412"/>
						<HYP CONTENT="-"/>
					</TextLine>
					<TextLine ID="P2_TL00207" HPOS="1890" VPOS="2597" WIDTH="524" HEIGHT="31">
						<String ID="P2_ST01081" HPOS="1890" VPOS="2606" WIDTH="43" HEIGHT="22" CONTENT="per" SUBS_TYPE="HypPart2" SUBS_CONTENT="9dper" WC="0.99" CC="001"/>
						<SP ID="P2_SP00865" HPOS="1933" VPOS="2628" WIDTH="12"/>
						<String ID="P2_ST01082" HPOS="1945" VPOS="2597" WIDTH="71" HEIGHT="25" CONTENT="week." WC="0.97" CC="11100"/>
						<SP ID="P2_SP00866" HPOS="2016" VPOS="2628" WIDTH="35"/>
						<String ID="P2_ST01083" HPOS="2051" VPOS="2598" WIDTH="82" HEIGHT="24" CONTENT="Board" WC="0.95" CC="10011"/>
						<SP ID="P2_SP00867" HPOS="2133" VPOS="2628" WIDTH="11"/>
						<String ID="P2_ST01084" HPOS="2144" VPOS="2599" WIDTH="100" HEIGHT="25" CONTENT="decided" WC="0.96" CC="0110111"/>
						<SP ID="P2_SP00868" HPOS="2244" VPOS="2628" WIDTH="24"/>
						<String ID="P2_ST01085" HPOS="2268" VPOS="2603" WIDTH="25" HEIGHT="21" CONTENT="to" WC="0.98" CC="10"/>
						<SP ID="P2_SP00869" HPOS="2293" VPOS="2628" WIDTH="19"/>
						<String ID="P2_ST01086" HPOS="2312" VPOS="2601" WIDTH="102" HEIGHT="24" CONTENT="forward" WC="0.93" CC="0013101"/>
					</TextLine>
					<TextLine ID="P2_TL00208" HPOS="1893" VPOS="2636" WIDTH="525" HEIGHT="28">
						<String ID="P2_ST01087" HPOS="1893" VPOS="2636" WIDTH="52" HEIGHT="24" CONTENT="£43" WC="0.81" CC="410"/>
						<SP ID="P2_SP00870" HPOS="1945" VPOS="2660" WIDTH="26"/>
						<String ID="P2_ST01088" HPOS="1971" VPOS="2636" WIDTH="165" HEIGHT="26" CONTENT="contribution" WC="0.96" CC="000011031101"/>
						<SP ID="P2_SP00871" HPOS="2136" VPOS="2662" WIDTH="22"/>
						<String ID="P2_ST01089" HPOS="2158" VPOS="2639" WIDTH="26" HEIGHT="23" CONTENT="to" WC="1.00" CC="00"/>
						<SP ID="P2_SP00872" HPOS="2184" VPOS="2662" WIDTH="23"/>
						<String ID="P2_ST01090" HPOS="2207" VPOS="2638" WIDTH="140" HEIGHT="26" CONTENT="Charitable" WC="0.96" CC="1111011010"/>
						<SP ID="P2_SP00873" HPOS="2347" VPOS="2664" WIDTH="22"/>
						<String ID="P2_ST01091" HPOS="2369" VPOS="2640" WIDTH="49" HEIGHT="24" CONTENT="Aid" WC="0.91" CC="121"/>
					</TextLine>
					<TextLine ID="P2_TL00209" HPOS="1891" VPOS="2676" WIDTH="89" HEIGHT="24">
						<String ID="P2_ST01092" HPOS="1891" VPOS="2676" WIDTH="89" HEIGHT="24" CONTENT="Board." WC="0.97" CC="000011"/>
					</TextLine>
					<TextLine ID="P2_TL00210" HPOS="1924" VPOS="2714" WIDTH="491" HEIGHT="35">
						<String ID="P2_ST01093" HPOS="1924" VPOS="2714" WIDTH="53" HEIGHT="23" CONTENT="The" WC="0.97" CC="101"/>
						<SP ID="P2_SP00874" HPOS="1977" VPOS="2737" WIDTH="10"/>
						<String ID="P2_ST01094" HPOS="1987" VPOS="2714" WIDTH="126" HEIGHT="31" CONTENT="following" WC="0.95" CC="100001111"/>
						<SP ID="P2_SP00875" HPOS="2113" VPOS="2745" WIDTH="11"/>
						<String ID="P2_ST01095" HPOS="2124" VPOS="2715" WIDTH="97" HEIGHT="25" CONTENT="tenders" WC="0.96" CC="0011011"/>
						<SP ID="P2_SP00876" HPOS="2221" VPOS="2745" WIDTH="17"/>
						<String ID="P2_ST01096" HPOS="2238" VPOS="2724" WIDTH="63" HEIGHT="16" CONTENT="were" WC="0.93" CC="1021"/>
						<SP ID="P2_SP00877" HPOS="2301" VPOS="2745" WIDTH="21"/>
						<String ID="P2_ST01097" HPOS="2322" VPOS="2719" WIDTH="93" HEIGHT="30" CONTENT="aocept-" WC="0.92" CC="0311111"/>
					</TextLine>
					<TextLine ID="P2_TL00211" HPOS="1891" VPOS="2792" WIDTH="523" HEIGHT="35">
						<String ID="P2_ST01098" HPOS="1891" VPOS="2792" WIDTH="115" HEIGHT="25" CONTENT="Contract" WC="1.00" CC="00001000"/>
						<SP ID="P2_SP00878" HPOS="2006" VPOS="2817" WIDTH="12"/>
						<String ID="P2_ST01099" HPOS="2018" VPOS="2793" WIDTH="38" HEIGHT="24" CONTENT="No" WC="0.98" CC="10"/>
						<SP ID="P2_SP00879" HPOS="2056" VPOS="2817" WIDTH="12"/>
						<String ID="P2_ST01100" HPOS="2068" VPOS="2794" WIDTH="58" HEIGHT="24" CONTENT="345." WC="0.88" CC="2210"/>
						<SP ID="P2_SP00880" HPOS="2126" VPOS="2818" WIDTH="19"/>
						<String ID="P2_ST01101" HPOS="2145" VPOS="2794" WIDTH="24" HEIGHT="24" CONTENT="J." WC="0.96" CC="01"/>
						<SP ID="P2_SP00881" HPOS="2169" VPOS="2818" WIDTH="27"/>
						<String ID="P2_ST01102" HPOS="2196" VPOS="2794" WIDTH="161" HEIGHT="33" CONTENT="Wooldridge," WC="0.96" CC="00011001201"/>
						<SP ID="P2_SP00882" HPOS="2357" VPOS="2827" WIDTH="24"/>
						<String ID="P2_ST01103" HPOS="2381" VPOS="2797" WIDTH="33" HEIGHT="23" CONTENT="£9" WC="0.69" CC="60"/>
					</TextLine>
					<TextLine ID="P2_TL00212" HPOS="2316" VPOS="2835" WIDTH="99" HEIGHT="25">
						<String ID="P2_ST01104" HPOS="2316" VPOS="2837" WIDTH="42" HEIGHT="23" CONTENT="15s" WC="0.94" CC="021"/>
						<SP ID="P2_SP00883" HPOS="2358" VPOS="2860" WIDTH="16"/>
						<String ID="P2_ST01105" HPOS="2374" VPOS="2835" WIDTH="41" HEIGHT="25" CONTENT="Od." WC="0.93" CC="021"/>
					</TextLine>
					<TextLine ID="P2_TL00213" HPOS="1956" VPOS="2874" WIDTH="458" HEIGHT="30">
						<String ID="P2_ST01106" HPOS="1956" VPOS="2889" WIDTH="15" HEIGHT="12" CONTENT="„" WC="0.81" CC="2"/>
						<SP ID="P2_SP00884" HPOS="1971" VPOS="2901" WIDTH="101"/>
						<String ID="P2_ST01107" HPOS="2072" VPOS="2874" WIDTH="55" HEIGHT="24" CONTENT="846;" WC="0.62" CC="4514"/>
						<SP ID="P2_SP00885" HPOS="2127" VPOS="2901" WIDTH="21"/>
						<String ID="P2_ST01108" HPOS="2148" VPOS="2874" WIDTH="216" HEIGHT="30" CONTENT="W.^nowles,£9" WC="0.82" CC="019101013150"/>
						<SP ID="P2_SP00886" HPOS="2364" VPOS="2904" WIDTH="12"/>
						<String ID="P2_ST01109" HPOS="2376" VPOS="2876" WIDTH="38" HEIGHT="23" CONTENT="12." WC="0.88" CC="311"/>
					</TextLine>
					<TextLine ID="P2_TL00214" HPOS="2072" VPOS="2914" WIDTH="344" HEIGHT="30">
						<String ID="P2_ST01110" HPOS="2072" VPOS="2914" WIDTH="56" HEIGHT="24" CONTENT="847." WC="0.76" CC="7201"/>
						<SP ID="P2_SP00887" HPOS="2128" VPOS="2938" WIDTH="46"/>
						<String ID="P2_ST01111" HPOS="2174" VPOS="2914" WIDTH="32" HEIGHT="24" CONTENT="E." WC="0.91" CC="21"/>
						<SP ID="P2_SP00888" HPOS="2206" VPOS="2938" WIDTH="47"/>
						<String ID="P2_ST01112" HPOS="2253" VPOS="2914" WIDTH="163" HEIGHT="30" CONTENT="Wcoldrid»a," WC="0.87" CC="22001100441"/>
					</TextLine>
					<TextLine ID="P2_TL00215" HPOS="2313" VPOS="2953" WIDTH="103" HEIGHT="25">
						<String ID="P2_ST01113" HPOS="2313" VPOS="2953" WIDTH="32" HEIGHT="24" CONTENT="£2" WC="0.61" CC="62"/>
						<SP ID="P2_SP00889" HPOS="2345" VPOS="2977" WIDTH="20"/>
						<String ID="P2_ST01114" HPOS="2365" VPOS="2954" WIDTH="51" HEIGHT="24" CONTENT="19a." WC="0.88" CC="0321"/>
					</TextLine>
					<TextLine ID="P2_TL00216" HPOS="2073" VPOS="2989" WIDTH="345" HEIGHT="35">
						<String ID="P2_ST01115" HPOS="2073" VPOS="2989" WIDTH="56" HEIGHT="24" CONTENT="348." WC="0.91" CC="1211"/>
						<SP ID="P2_SP00890" HPOS="2129" VPOS="3013" WIDTH="19"/>
						<String ID="P2_ST01116" HPOS="2148" VPOS="2989" WIDTH="34" HEIGHT="24" CONTENT="H." WC="0.91" CC="11"/>
						<SP ID="P2_SP00891" HPOS="2182" VPOS="3013" WIDTH="14"/>
						<String ID="P2_ST01117" HPOS="2196" VPOS="2989" WIDTH="95" HEIGHT="29" CONTENT="Askew," WC="0.96" CC="011011"/>
						<SP ID="P2_SP00892" HPOS="2291" VPOS="3018" WIDTH="22"/>
						<String ID="P2_ST01118" HPOS="2313" VPOS="2991" WIDTH="41" HEIGHT="33" CONTENT="1/6" WC="0.95" CC="200"/>
						<SP ID="P2_SP00893" HPOS="2354" VPOS="3024" WIDTH="22"/>
						<String ID="P2_ST01119" HPOS="2376" VPOS="2995" WIDTH="42" HEIGHT="26" CONTENT="per" WC="0.73" CC="423" STYLEREFS="TXT_6"/>
					</TextLine>
					<TextLine ID="P2_TL00217" HPOS="2348" VPOS="3029" WIDTH="66" HEIGHT="31">
						<String ID="P2_ST01120" HPOS="2348" VPOS="3029" WIDTH="66" HEIGHT="31" CONTENT="yard." WC="0.95" CC="11111"/>
					</TextLine>
					<TextLine ID="P2_TL00218" HPOS="1957" VPOS="3065" WIDTH="459" HEIGHT="35">
						<String ID="P2_ST01121" HPOS="1957" VPOS="3081" WIDTH="16" HEIGHT="11" CONTENT="„" WC="0.85" CC="2"/>
						<SP ID="P2_SP00894" HPOS="1973" VPOS="3092" WIDTH="100"/>
						<String ID="P2_ST01122" HPOS="2073" VPOS="3065" WIDTH="56" HEIGHT="25" CONTENT="849." WC="0.92" CC="1211"/>
						<SP ID="P2_SP00895" HPOS="2129" VPOS="3092" WIDTH="19"/>
						<String ID="P2_ST01123" HPOS="2148" VPOS="3065" WIDTH="33" HEIGHT="25" CONTENT="H." WC="0.98" CC="01"/>
						<SP ID="P2_SP00896" HPOS="2181" VPOS="3092" WIDTH="14"/>
						<String ID="P2_ST01124" HPOS="2195" VPOS="3065" WIDTH="95" HEIGHT="30" CONTENT="Atkew," WC="0.77" CC="191022"/>
						<SP ID="P2_SP00897" HPOS="2290" VPOS="3095" WIDTH="20"/>
						<String ID="P2_ST01125" HPOS="2310" VPOS="3067" WIDTH="42" HEIGHT="33" CONTENT="1/6" WC="0.91" CC="102"/>
						<SP ID="P2_SP00898" HPOS="2352" VPOS="3100" WIDTH="21"/>
						<String ID="P2_ST01126" HPOS="2373" VPOS="3075" WIDTH="43" HEIGHT="23" CONTENT="per" WC="0.91" CC="102"/>
					</TextLine>
					<TextLine ID="P2_TL00219" HPOS="2345" VPOS="3105" WIDTH="66" HEIGHT="31">
						<String ID="P2_ST01127" HPOS="2345" VPOS="3105" WIDTH="66" HEIGHT="31" CONTENT="yard." WC="0.94" CC="10021"/>
					</TextLine>
					<TextLine ID="P2_TL00220" HPOS="1952" VPOS="3143" WIDTH="463" HEIGHT="31">
						<String ID="P2_ST01128" HPOS="1952" VPOS="3151" WIDTH="21" HEIGHT="17" CONTENT=":„" WC="0.93" CC="02"/>
						<SP ID="P2_SP00899" HPOS="1973" VPOS="3168" WIDTH="100"/>
						<String ID="P2_ST01129" HPOS="2073" VPOS="3143" WIDTH="56" HEIGHT="25" CONTENT="350." WC="0.94" CC="1101"/>
						<SP ID="P2_SP00900" HPOS="2129" VPOS="3168" WIDTH="18"/>
						<String ID="P2_ST01130" HPOS="2147" VPOS="3143" WIDTH="20" HEIGHT="23" CONTENT="I." WC="0.98" CC="01"/>
						<SP ID="P2_SP00901" HPOS="2167" VPOS="3168" WIDTH="14"/>
						<String ID="P2_ST01131" HPOS="2181" VPOS="3143" WIDTH="81" HEIGHT="31" CONTENT="Dallej" WC="0.79" CC="210109"/>
						<String ID="P2_ST01132" HPOS="2270" VPOS="3161" WIDTH="5" HEIGHT="9" CONTENT="," WC="0.96" CC="1"/>
						<SP ID="P2_SP00902" HPOS="2275" VPOS="3174" WIDTH="14"/>
						<String ID="P2_ST01133" HPOS="2289" VPOS="3144" WIDTH="37" HEIGHT="24" CONTENT="£3" WC="0.70" CC="51"/>
						<SP ID="P2_SP00903" HPOS="2326" VPOS="3174" WIDTH="12"/>
						<String ID="P2_ST01134" HPOS="2338" VPOS="3145" WIDTH="28" HEIGHT="24" CONTENT="9s" WC="0.98" CC="10"/>
						<SP ID="P2_SP00904" HPOS="2366" VPOS="3174" WIDTH="12"/>
						<String ID="P2_ST01135" HPOS="2378" VPOS="3144" WIDTH="37" HEIGHT="25" CONTENT="6d." WC="0.88" CC="211"/>
					</TextLine>
					<TextLine ID="P2_TL00221" HPOS="1958" VPOS="3180" WIDTH="459" HEIGHT="35">
						<String ID="P2_ST01136" HPOS="1958" VPOS="3195" WIDTH="16" HEIGHT="11" CONTENT="„" WC="0.78" CC="2"/>
						<SP ID="P2_SP00905" HPOS="1974" VPOS="3206" WIDTH="49"/>
						<String ID="P2_ST01137" HPOS="2023" VPOS="3202" WIDTH="3" HEIGHT="3" CONTENT="." WC="1.00" CC="0"/>
						<SP ID="P2_SP00906" HPOS="2026" VPOS="3206" WIDTH="47"/>
						<String ID="P2_ST01138" HPOS="2073" VPOS="3180" WIDTH="58" HEIGHT="24" CONTENT="851." WC="0.97" CC="1001"/>
						<SP ID="P2_SP00907" HPOS="2131" VPOS="3206" WIDTH="19"/>
						<String ID="P2_ST01139" HPOS="2150" VPOS="3180" WIDTH="33" HEIGHT="25" CONTENT="H." WC="0.96" CC="11"/>
						<SP ID="P2_SP00908" HPOS="2183" VPOS="3206" WIDTH="20"/>
						<String ID="P2_ST01140" HPOS="2203" VPOS="3181" WIDTH="95" HEIGHT="27" CONTENT="Askew," WC="0.96" CC="001021"/>
						<SP ID="P2_SP00909" HPOS="2298" VPOS="3208" WIDTH="18"/>
						<String ID="P2_ST01141" HPOS="2316" VPOS="3182" WIDTH="36" HEIGHT="33" CONTENT="2/-" WC="0.95" CC="111"/>
						<SP ID="P2_SP00910" HPOS="2352" VPOS="3215" WIDTH="22"/>
						<String ID="P2_ST01142" HPOS="2374" VPOS="3189" WIDTH="43" HEIGHT="23" CONTENT="per" WC="0.95" CC="002"/>
					</TextLine>
					<TextLine ID="P2_TL00222" HPOS="2350" VPOS="3219" WIDTH="67" HEIGHT="31">
						<String ID="P2_ST01143" HPOS="2350" VPOS="3219" WIDTH="67" HEIGHT="31" CONTENT="yard." WC="0.97" CC="10111"/>
					</TextLine>
					<TextLine ID="P2_TL00223" HPOS="2071" VPOS="3255" WIDTH="343" HEIGHT="36">
						<String ID="P2_ST01144" HPOS="2071" VPOS="3255" WIDTH="55" HEIGHT="24" CONTENT="353." WC="0.94" CC="1111"/>
						<SP ID="P2_SP00911" HPOS="2126" VPOS="3279" WIDTH="44"/>
						<String ID="P2_ST01145" HPOS="2170" VPOS="3256" WIDTH="33" HEIGHT="23" CONTENT="H." WC="0.98" CC="10"/>
						<SP ID="P2_SP00912" HPOS="2203" VPOS="3279" WIDTH="36"/>
						<String ID="P2_ST01146" HPOS="2239" VPOS="3256" WIDTH="94" HEIGHT="30" CONTENT="Askew," WC="0.94" CC="010112"/>
						<SP ID="P2_SP00913" HPOS="2333" VPOS="3286" WIDTH="41"/>
						<String ID="P2_ST01147" HPOS="2374" VPOS="3257" WIDTH="40" HEIGHT="34" CONTENT="1/(5" WC="0.92" CC="1102"/>
					</TextLine>
					<TextLine ID="P2_TL00224" HPOS="2280" VPOS="3297" WIDTH="136" HEIGHT="33">
						<String ID="P2_ST01148" HPOS="2280" VPOS="3305" WIDTH="43" HEIGHT="23" CONTENT="per" WC="0.94" CC="120"/>
						<SP ID="P2_SP00914" HPOS="2323" VPOS="3328" WIDTH="26"/>
						<String ID="P2_ST01149" HPOS="2349" VPOS="3297" WIDTH="67" HEIGHT="33" CONTENT="yard." WC="0.94" CC="11101"/>
					</TextLine>
					<TextLine ID="P2_TL00225" HPOS="1925" VPOS="3335" WIDTH="489" HEIGHT="33">
						<String ID="P2_ST01150" HPOS="1925" VPOS="3335" WIDTH="53" HEIGHT="25" CONTENT="The" WC="1.00" CC="000"/>
						<SP ID="P2_SP00915" HPOS="1978" VPOS="3360" WIDTH="10"/>
						<String ID="P2_ST01151" HPOS="1988" VPOS="3336" WIDTH="101" HEIGHT="24" CONTENT="Labour" WC="0.97" CC="001011"/>
						<SP ID="P2_SP00916" HPOS="2089" VPOS="3360" WIDTH="23"/>
						<String ID="P2_ST01152" HPOS="2112" VPOS="3338" WIDTH="70" HEIGHT="25" CONTENT="sheet" WC="0.96" CC="11001"/>
						<SP ID="P2_SP00917" HPOS="2182" VPOS="3363" WIDTH="20"/>
						<String ID="P2_ST01153" HPOS="2202" VPOS="3339" WIDTH="37" HEIGHT="24" CONTENT="for" WC="1.00" CC="000"/>
						<SP ID="P2_SP00918" HPOS="2239" VPOS="3363" WIDTH="19"/>
						<String ID="P2_ST01154" HPOS="2258" VPOS="3340" WIDTH="43" HEIGHT="24" CONTENT="the" WC="0.99" CC="100"/>
						<SP ID="P2_SP00919" HPOS="2301" VPOS="3364" WIDTH="19"/>
						<String ID="P2_ST01155" HPOS="2320" VPOS="3340" WIDTH="94" HEIGHT="28" CONTENT="month," WC="0.94" CC="101111"/>
					</TextLine>
					<TextLine ID="P2_TL00226" HPOS="1893" VPOS="3375" WIDTH="523" HEIGHT="36">
						<String ID="P2_ST01156" HPOS="1893" VPOS="3375" WIDTH="50" HEIGHT="26" CONTENT="£72" WC="0.91" CC="111"/>
						<SP ID="P2_SP00920" HPOS="1943" VPOS="3401" WIDTH="24"/>
						<String ID="P2_ST01157" HPOS="1967" VPOS="3376" WIDTH="44" HEIGHT="23" CONTENT="11s" WC="1.00" CC="000"/>
						<SP ID="P2_SP00921" HPOS="2011" VPOS="3401" WIDTH="29"/>
						<String ID="P2_ST01158" HPOS="2040" VPOS="3377" WIDTH="56" HEIGHT="28" CONTENT="lOd," WC="0.99" CC="0010"/>
						<SP ID="P2_SP00922" HPOS="2096" VPOS="3405" WIDTH="23"/>
						<String ID="P2_ST01159" HPOS="2119" VPOS="3386" WIDTH="50" HEIGHT="16" CONTENT="was" WC="0.95" CC="101"/>
						<SP ID="P2_SP00923" HPOS="2169" VPOS="3405" WIDTH="22"/>
						<String ID="P2_ST01160" HPOS="2191" VPOS="3379" WIDTH="95" HEIGHT="30" CONTENT="passed'" WC="0.95" CC="0012001"/>
						<SP ID="P2_SP00924" HPOS="2286" VPOS="3409" WIDTH="16"/>
						<String ID="P2_ST01161" HPOS="2302" VPOS="3379" WIDTH="37" HEIGHT="24" CONTENT="for" WC="0.96" CC="101"/>
						<SP ID="P2_SP00925" HPOS="2339" VPOS="3409" WIDTH="21"/>
						<String ID="P2_ST01162" HPOS="2360" VPOS="3387" WIDTH="56" HEIGHT="24" CONTENT="pay" SUBS_TYPE="HypPart1" SUBS_CONTENT="payment," WC="0.95" CC="0011"/>
						<HYP CONTENT="-"/>
					</TextLine>
					<TextLine ID="P2_TL00227" HPOS="1893" VPOS="3415" WIDTH="443" HEIGHT="35">
						<String ID="P2_ST01163" HPOS="1893" VPOS="3416" WIDTH="76" HEIGHT="27" CONTENT="ment," SUBS_TYPE="HypPart2" SUBS_CONTENT="payment," WC="0.95" CC="11111"/>
						<SP ID="P2_SP00926" HPOS="1969" VPOS="3443" WIDTH="11"/>
						<String ID="P2_ST01164" HPOS="1980" VPOS="3415" WIDTH="50" HEIGHT="24" CONTENT="and" WC="0.96" CC="111"/>
						<SP ID="P2_SP00927" HPOS="2030" VPOS="3443" WIDTH="9"/>
						<String ID="P2_ST01165" HPOS="2039" VPOS="3415" WIDTH="41" HEIGHT="25" CONTENT="the" WC="0.94" CC="210"/>
						<SP ID="P2_SP00928" HPOS="2080" VPOS="3443" WIDTH="13"/>
						<String ID="P2_ST01166" HPOS="2093" VPOS="3417" WIDTH="83" HEIGHT="25" CONTENT="Board" WC="0.95" CC="10111"/>
						<SP ID="P2_SP00929" HPOS="2176" VPOS="3443" WIDTH="19"/>
						<String ID="P2_ST01167" HPOS="2195" VPOS="3418" WIDTH="141" HEIGHT="32" CONTENT="adjourned.." WC="0.96" CC="10101111111"/>
					</TextLine>
					<TextLine ID="P2_TL00228" HPOS="2136" VPOS="3481" WIDTH="157" HEIGHT="30">
						<String ID="P2_ST01168" HPOS="2136" VPOS="3492" WIDTH="30" HEIGHT="19" CONTENT="«&amp;" WC="0.41" CC="93" STYLEREFS="TXT_7"/>
						<SP ID="P2_SP00930" HPOS="2166" VPOS="3511" WIDTH="41"/>
						<String ID="P2_ST01169" HPOS="2207" VPOS="3505" WIDTH="2" HEIGHT="1" CONTENT="." WC="0.96" CC="1" STYLEREFS="TXT_7"/>
						<SP ID="P2_SP00931" HPOS="2209" VPOS="3511" WIDTH="78"/>
						<String ID="P2_ST01170" HPOS="2287" VPOS="3481" WIDTH="6" HEIGHT="4" CONTENT="'" WC="0.89" CC="1" STYLEREFS="TXT_7"/>
					</TextLine>
				</TextBlock>
				<TextBlock ID="P2_TB00007" HPOS="1943" VPOS="3549" WIDTH="423" HEIGHT="27" STYLEREFS="TXT_5 PAR_RIGHT">
					<TextLine ID="P2_TL00229" HPOS="1943" VPOS="3549" WIDTH="423" HEIGHT="27">
						<String ID="P2_ST01171" HPOS="1943" VPOS="3549" WIDTH="98" HEIGHT="26" CONTENT="WEST" WC="0.94" CC="1011"/>
						<SP ID="P2_SP00932" HPOS="2041" VPOS="3575" WIDTH="24"/>
						<String ID="P2_ST01172" HPOS="2065" VPOS="3550" WIDTH="138" HEIGHT="26" CONTENT="OXFORD" WC="0.93" CC="001040"/>
						<SP ID="P2_SP00933" HPOS="2203" VPOS="3576" WIDTH="27"/>
						<String ID="P2_ST01173" HPOS="2230" VPOS="3554" WIDTH="136" HEIGHT="22" CONTENT="SCHOOL." WC="0.91" CC="1220011"/>
					</TextLine>
				</TextBlock>
				<TextBlock ID="P2_TB00008" HPOS="1896" VPOS="3608" WIDTH="529" HEIGHT="212" STYLEREFS="TXT_5 PAR_LEFT">
					<TextLine ID="P2_TL00230" HPOS="1991" VPOS="3630" WIDTH="331" HEIGHT="32">
						<String ID="P2_ST01174" HPOS="1991" VPOS="3630" WIDTH="124" HEIGHT="28" CONTENT="Monthly" WC="0.89" CC="0032031" STYLEREFS="TXT_1"/>
						<SP ID="P2_SP00934" HPOS="2115" VPOS="3658" WIDTH="26"/>
						<String ID="P2_ST01175" HPOS="2141" VPOS="3634" WIDTH="181" HEIGHT="28" CONTENT="Examination." WC="0.90" CC="011002016031" STYLEREFS="TXT_1"/>
					</TextLine>
					<TextLine ID="P2_TL00231" HPOS="1896" VPOS="3672" WIDTH="409" HEIGHT="31">
						<String ID="P2_ST01176" HPOS="1896" VPOS="3672" WIDTH="121" HEIGHT="26" CONTENT="Standard" WC="0.95" CC="10111111"/>
						<SP ID="P2_SP00935" HPOS="2017" VPOS="3698" WIDTH="17"/>
						<String ID="P2_ST01177" HPOS="2034" VPOS="3675" WIDTH="44" HEIGHT="25" CONTENT="VI." WC="0.99" CC="001"/>
						<SP ID="P2_SP00936" HPOS="2078" VPOS="3700" WIDTH="43"/>
						<String ID="P2_ST01178" HPOS="2121" VPOS="3677" WIDTH="111" HEIGHT="26" CONTENT="Possible" WC="0.97" CC="10110000"/>
						<SP ID="P2_SP00937" HPOS="2232" VPOS="3703" WIDTH="18"/>
						<String ID="P2_ST01179" HPOS="2250" VPOS="3680" WIDTH="55" HEIGHT="23" CONTENT="130." WC="0.96" CC="0101"/>
					</TextLine>
					<TextLine ID="P2_TL00232" HPOS="1957" VPOS="3717" WIDTH="460" HEIGHT="33">
						<String ID="P2_ST01180" HPOS="1957" VPOS="3717" WIDTH="114" HEIGHT="25" CONTENT="Leonard" WC="0.95" CC="1002011"/>
						<SP ID="P2_SP00938" HPOS="2071" VPOS="3742" WIDTH="10"/>
						<String ID="P2_ST01181" HPOS="2081" VPOS="3720" WIDTH="97" HEIGHT="30" CONTENT="Ancall," WC="0.97" CC="1001011"/>
						<SP ID="P2_SP00939" HPOS="2178" VPOS="3750" WIDTH="38"/>
						<String ID="P2_ST01182" HPOS="2216" VPOS="3740" WIDTH="27" HEIGHT="6" CONTENT="..." WC="0.91" CC="111"/>
						<SP ID="P2_SP00940" HPOS="2243" VPOS="3750" WIDTH="65"/>
						<String ID="P2_ST01183" HPOS="2308" VPOS="3740" WIDTH="27" HEIGHT="7" CONTENT="..." WC="0.96" CC="011"/>
						<SP ID="P2_SP00941" HPOS="2335" VPOS="3750" WIDTH="36"/>
						<String ID="P2_ST01184" HPOS="2371" VPOS="3723" WIDTH="46" HEIGHT="24" CONTENT="118" WC="0.97" CC="001"/>
					</TextLine>
					<TextLine ID="P2_TL00233" HPOS="1958" VPOS="3754" WIDTH="459" HEIGHT="36">
						<String ID="P2_ST01185" HPOS="1958" VPOS="3754" WIDTH="80" HEIGHT="32" CONTENT="Lydia" WC="0.98" CC="10100"/>
						<SP ID="P2_SP00942" HPOS="2038" VPOS="3786" WIDTH="12"/>
						<String ID="P2_ST01186" HPOS="2050" VPOS="3756" WIDTH="116" HEIGHT="34" CONTENT="Comyns," WC="0.93" CC="2010012"/>
						<SP ID="P2_SP00943" HPOS="2166" VPOS="3790" WIDTH="49"/>
						<String ID="P2_ST01187" HPOS="2215" VPOS="3779" WIDTH="27" HEIGHT="5" CONTENT="..." WC="0.95" CC="110"/>
						<SP ID="P2_SP00944" HPOS="2242" VPOS="3790" WIDTH="59"/>
						<String ID="P2_ST01188" HPOS="2301" VPOS="3780" WIDTH="34" HEIGHT="5" CONTENT="...." WC="0.92" CC="0112"/>
						<SP ID="P2_SP00945" HPOS="2335" VPOS="3790" WIDTH="36"/>
						<String ID="P2_ST01189" HPOS="2371" VPOS="3762" WIDTH="46" HEIGHT="23" CONTENT="110" WC="1.00" CC="000"/>
					</TextLine>
					<TextLine ID="P2_TL00234" HPOS="1957" VPOS="3792" WIDTH="460" HEIGHT="28">
						<String ID="P2_ST01190" HPOS="1957" VPOS="3792" WIDTH="146" HEIGHT="28" CONTENT="Henderson" WC="0.85" CC="101111900"/>
						<SP ID="P2_SP00946" HPOS="2103" VPOS="3820" WIDTH="13"/>
						<String ID="P2_ST01191" HPOS="2116" VPOS="3796" WIDTH="84" HEIGHT="24" CONTENT="Marsh" WC="0.75" CC="41512"/>
						<SP ID="P2_SP00947" HPOS="2200" VPOS="3820" WIDTH="171"/>
						<String ID="P2_ST01192" HPOS="2371" VPOS="3799" WIDTH="46" HEIGHT="21" CONTENT="104" WC="0.67" CC="009"/>
					</TextLine>
				</TextBlock>
				<TextBlock ID="P2_TB00009" HPOS="513" VPOS="45" WIDTH="1343" HEIGHT="43" STYLEREFS="TXT_2 PAR_LEFT">
					<TextLine ID="P2_TL00235" HPOS="513" VPOS="46" WIDTH="1343" HEIGHT="42">
						<String ID="P2_ST01193" HPOS="513" VPOS="46" WIDTH="167" HEIGHT="31" CONTENT="OXFORD" WC="0.86" CC="042011"/>
						<SP ID="P2_SP00948" HPOS="680" VPOS="77" WIDTH="44"/>
						<String ID="P2_ST01194" HPOS="724" VPOS="48" WIDTH="87" HEIGHT="30" CONTENT="AND" WC="0.84" CC="032"/>
						<SP ID="P2_SP00949" HPOS="811" VPOS="78" WIDTH="43"/>
						<String ID="P2_ST01195" HPOS="854" VPOS="48" WIDTH="103" HEIGHT="31" CONTENT="GUST" WC="0.86" CC="2221"/>
						<SP ID="P2_SP00950" HPOS="957" VPOS="79" WIDTH="43"/>
						<String ID="P2_ST01196" HPOS="1000" VPOS="47" WIDTH="225" HEIGHT="32" CONTENT="OBSERVER" WC="0.77" CC="01111592"/>
						<SP ID="P2_SP00951" HPOS="1225" VPOS="79" WIDTH="44"/>
						<String ID="P2_ST01197" HPOS="1269" VPOS="49" WIDTH="231" HEIGHT="39" CONTENT="SATURDAY," WC="0.81" CC="321114322"/>
						<SP ID="P2_SP00952" HPOS="1500" VPOS="88" WIDTH="44"/>
						<String ID="P2_ST01198" HPOS="1544" VPOS="55" WIDTH="109" HEIGHT="29" CONTENT="JUNE" WC="0.73" CC="1461"/>
						<SP ID="P2_SP00953" HPOS="1653" VPOS="88" WIDTH="53"/>
						<String ID="P2_ST01199" HPOS="1706" VPOS="56" WIDTH="28" HEIGHT="32" CONTENT="4," WC="0.74" CC="42"/>
						<SP ID="P2_SP00954" HPOS="1734" VPOS="88" WIDTH="47"/>
						<String ID="P2_ST01200" HPOS="1781" VPOS="58" WIDTH="75" HEIGHT="29" CONTENT="1892" WC="0.94" CC="1011"/>
					</TextLine>
				</TextBlock>
				<ComposedBlock ID="P2_CB00001" HPOS="650" VPOS="151" WIDTH="546" HEIGHT="1265" TYPE="Advertisement">
					<TextBlock ID="P2_TB00010" HPOS="650" VPOS="151" WIDTH="546" HEIGHT="1265" STYLEREFS="TXT_1 PAR_BLOCK">
						<TextLine ID="P2_TL00236" HPOS="743" VPOS="154" WIDTH="389" HEIGHT="60">
							<String ID="P2_ST01201" HPOS="743" VPOS="154" WIDTH="389" HEIGHT="60" CONTENT="TENDERS." WC="0.99" CC="00000001" STYLEREFS="TXT_8"/>
						</TextLine>
						<TextLine ID="P2_TL00237" HPOS="666" VPOS="260" WIDTH="527" HEIGHT="32">
							<String ID="P2_ST01202" HPOS="666" VPOS="263" WIDTH="7" HEIGHT="16" CONTENT="f" WC="0.85" CC="2" STYLEREFS="TXT_9"/>
							<SP ID="P2_SP00955" HPOS="673" VPOS="279" WIDTH="5"/>
							<String ID="P2_ST01203" HPOS="678" VPOS="260" WIDTH="157" HEIGHT="24" CONTENT="TENDERS" WC="0.82" CC="9110002"/>
							<SP ID="P2_SP00956" HPOS="835" VPOS="284" WIDTH="18"/>
							<String ID="P2_ST01204" HPOS="853" VPOS="268" WIDTH="46" HEIGHT="18" CONTENT="are." WC="0.94" CC="1110"/>
							<SP ID="P2_SP00957" HPOS="899" VPOS="286" WIDTH="11"/>
							<String ID="P2_ST01205" HPOS="910" VPOS="261" WIDTH="93" HEIGHT="23" CONTENT="invited" WC="0.99" CC="1100000"/>
							<SP ID="P2_SP00958" HPOS="1003" VPOS="286" WIDTH="23"/>
							<String ID="P2_ST01206" HPOS="1026" VPOS="261" WIDTH="37" HEIGHT="26" CONTENT="for" WC="0.91" CC="111"/>
							<SP ID="P2_SP00959" HPOS="1063" VPOS="287" WIDTH="22"/>
							<String ID="P2_ST01207" HPOS="1085" VPOS="261" WIDTH="108" HEIGHT="31" CONTENT="erecting" WC="0.94" CC="21110101"/>
						</TextLine>
						<TextLine ID="P2_TL00238" HPOS="674" VPOS="287" WIDTH="517" HEIGHT="37">
							<String ID="P2_ST01208" HPOS="674" VPOS="287" WIDTH="18" HEIGHT="28" CONTENT="JL" WC="0.94" CC="10"/>
							<SP ID="P2_SP00960" HPOS="692" VPOS="315" WIDTH="37"/>
							<String ID="P2_ST01209" HPOS="729" VPOS="300" WIDTH="46" HEIGHT="16" CONTENT="one" WC="1.00" CC="000"/>
							<SP ID="P2_SP00961" HPOS="775" VPOS="316" WIDTH="23"/>
							<String ID="P2_ST01210" HPOS="798" VPOS="293" WIDTH="59" HEIGHT="24" CONTENT="mile" WC="0.92" CC="2102"/>
							<SP ID="P2_SP00962" HPOS="857" VPOS="317" WIDTH="22"/>
							<String ID="P2_ST01211" HPOS="879" VPOS="294" WIDTH="27" HEIGHT="23" CONTENT="of" WC="0.96" CC="01"/>
							<SP ID="P2_SP00963" HPOS="906" VPOS="317" WIDTH="19"/>
							<String ID="P2_ST01212" HPOS="925" VPOS="294" WIDTH="98" HEIGHT="30" CONTENT="fencing" WC="0.97" CC="1010010"/>
							<SP ID="P2_SP00964" HPOS="1023" VPOS="324" WIDTH="23"/>
							<String ID="P2_ST01213" HPOS="1046" VPOS="294" WIDTH="35" HEIGHT="23" CONTENT="fiffc" WC="0.82" CC="33111"/>
							<SP ID="P2_SP00965" HPOS="1081" VPOS="324" WIDTH="28"/>
							<String ID="P2_ST01214" HPOS="1109" VPOS="294" WIDTH="82" HEIGHT="24" CONTENT="hearts" WC="0.94" CC="101111"/>
						</TextLine>
						<TextLine ID="P2_TL00239" HPOS="663" VPOS="333" WIDTH="527" HEIGHT="29">
							<String ID="P2_ST01215" HPOS="663" VPOS="333" WIDTH="76" HEIGHT="27" CONTENT="posts," WC="0.89" CC="111141"/>
							<SP ID="P2_SP00966" HPOS="739" VPOS="360" WIDTH="9"/>
							<String ID="P2_ST01216" HPOS="748" VPOS="333" WIDTH="35" HEIGHT="22" CONTENT="Oft" WC="0.88" CC="310"/>
							<SP ID="P2_SP00967" HPOS="783" VPOS="360" WIDTH="9"/>
							<String ID="P2_ST01217" HPOS="792" VPOS="334" WIDTH="76" HEIGHT="28" CONTENT="apart," WC="0.98" CC="001001"/>
							<SP ID="P2_SP00968" HPOS="868" VPOS="362" WIDTH="12"/>
							<String ID="P2_ST01218" HPOS="880" VPOS="334" WIDTH="36" HEIGHT="23" CONTENT="7ft" WC="0.95" CC="111"/>
							<SP ID="P2_SP00969" HPOS="916" VPOS="362" WIDTH="9"/>
							<String ID="P2_ST01219" HPOS="925" VPOS="334" WIDTH="40" HEIGHT="21" CONTENT="Bin" WC="0.95" CC="111"/>
							<SP ID="P2_SP00970" HPOS="965" VPOS="362" WIDTH="10"/>
							<String ID="P2_ST01220" HPOS="975" VPOS="334" WIDTH="110" HEIGHT="26" CONTENT="stiainer," WC="0.88" CC="102001610"/>
							<SP ID="P2_SP00971" HPOS="1085" VPOS="362" WIDTH="9"/>
							<String ID="P2_ST01221" HPOS="1094" VPOS="334" WIDTH="14" HEIGHT="21" CONTENT="4" WC="0.93" CC="1"/>
							<SP ID="P2_SP00972" HPOS="1108" VPOS="362" WIDTH="9"/>
							<String ID="P2_ST01222" HPOS="1117" VPOS="334" WIDTH="73" HEIGHT="23" CONTENT="chain" WC="0.95" CC="00211"/>
						</TextLine>
						<TextLine ID="P2_TL00240" HPOS="663" VPOS="369" WIDTH="523" HEIGHT="30">
							<String ID="P2_ST01223" HPOS="663" VPOS="370" WIDTH="69" HEIGHT="28" CONTENT="apart" WC="0.96" CC="01010"/>
							<SP ID="P2_SP00973" HPOS="732" VPOS="398" WIDTH="11"/>
							<String ID="P2_ST01224" HPOS="743" VPOS="370" WIDTH="12" HEIGHT="21" CONTENT="0" WC="0.56" CC="4"/>
							<SP ID="P2_SP00974" HPOS="755" VPOS="398" WIDTH="12"/>
							<String ID="P2_ST01225" HPOS="767" VPOS="369" WIDTH="68" HEIGHT="30" CONTENT="plafn" WC="0.95" CC="10111"/>
							<SP ID="P2_SP00975" HPOS="835" VPOS="399" WIDTH="12"/>
							<String ID="P2_ST01226" HPOS="847" VPOS="369" WIDTH="68" HEIGHT="24" CONTENT="wires" WC="0.84" CC="70001"/>
							<SP ID="P2_SP00976" HPOS="915" VPOS="399" WIDTH="12"/>
							<String ID="P2_ST01227" HPOS="927" VPOS="370" WIDTH="48" HEIGHT="23" CONTENT="and" WC="0.94" CC="011"/>
							<SP ID="P2_SP00977" HPOS="975" VPOS="399" WIDTH="12"/>
							<String ID="P2_ST01228" HPOS="987" VPOS="377" WIDTH="46" HEIGHT="17" CONTENT="one" WC="0.97" CC="010"/>
							<SP ID="P2_SP00978" HPOS="1033" VPOS="399" WIDTH="12"/>
							<String ID="P2_ST01229" HPOS="1045" VPOS="369" WIDTH="59" HEIGHT="24" CONTENT="barb" WC="0.97" CC="0110"/>
							<SP ID="P2_SP00979" HPOS="1104" VPOS="399" WIDTH="18"/>
							<String ID="P2_ST01230" HPOS="1122" VPOS="371" WIDTH="64" HEIGHT="23" CONTENT="wire." WC="0.88" CC="50101"/>
						</TextLine>
						<TextLine ID="P2_TL00241" HPOS="663" VPOS="407" WIDTH="525" HEIGHT="32">
							<String ID="P2_ST01231" HPOS="663" VPOS="407" WIDTH="75" HEIGHT="24" CONTENT="Work" WC="0.92" CC="2020"/>
							<SP ID="P2_SP00980" HPOS="738" VPOS="431" WIDTH="23"/>
							<String ID="P2_ST01232" HPOS="761" VPOS="409" WIDTH="25" HEIGHT="23" CONTENT="to" WC="0.98" CC="10"/>
							<SP ID="P2_SP00981" HPOS="786" VPOS="432" WIDTH="23"/>
							<String ID="P2_ST01233" HPOS="809" VPOS="407" WIDTH="30" HEIGHT="24" CONTENT="be" WC="0.98" CC="01"/>
							<SP ID="P2_SP00982" HPOS="839" VPOS="432" WIDTH="22"/>
							<String ID="P2_ST01234" HPOS="861" VPOS="409" WIDTH="136" HEIGHT="30" CONTENT="completed" WC="0.95" CC="103001101"/>
							<SP ID="P2_SP00983" HPOS="997" VPOS="439" WIDTH="22"/>
							<String ID="P2_ST01235" HPOS="1019" VPOS="417" WIDTH="46" HEIGHT="16" CONTENT="one" WC="0.97" CC="001"/>
							<SP ID="P2_SP00984" HPOS="1065" VPOS="439" WIDTH="36"/>
							<String ID="P2_ST01236" HPOS="1101" VPOS="409" WIDTH="87" HEIGHT="25" CONTENT="month" WC="0.93" CC="20111"/>
						</TextLine>
						<TextLine ID="P2_TL00242" HPOS="661" VPOS="446" WIDTH="526" HEIGHT="28">
							<String ID="P2_ST01237" HPOS="661" VPOS="447" WIDTH="62" HEIGHT="21" CONTENT="from" WC="0.91" CC="2102"/>
							<SP ID="P2_SP00985" HPOS="723" VPOS="468" WIDTH="18"/>
							<String ID="P2_ST01238" HPOS="741" VPOS="447" WIDTH="143" HEIGHT="27" CONTENT="acceptance" WC="0.93" CC="1510101010"/>
							<SP ID="P2_SP00986" HPOS="884" VPOS="474" WIDTH="17"/>
							<String ID="P2_ST01239" HPOS="901" VPOS="447" WIDTH="26" HEIGHT="22" CONTENT="of" WC="1.00" CC="00"/>
							<SP ID="P2_SP00987" HPOS="927" VPOS="474" WIDTH="26"/>
							<String ID="P2_ST01240" HPOS="953" VPOS="446" WIDTH="92" HEIGHT="24" CONTENT="tender." WC="0.99" CC="0000001"/>
							<SP ID="P2_SP00988" HPOS="1045" VPOS="474" WIDTH="35"/>
							<String ID="P2_ST01241" HPOS="1080" VPOS="447" WIDTH="107" HEIGHT="23" CONTENT="Tenders" WC="0.95" CC="1001120"/>
						</TextLine>
						<TextLine ID="P2_TL00243" HPOS="663" VPOS="481" WIDTH="523" HEIGHT="31">
							<String ID="P2_ST01242" HPOS="663" VPOS="483" WIDTH="24" HEIGHT="22" CONTENT="to" WC="0.98" CC="01"/>
							<SP ID="P2_SP00989" HPOS="687" VPOS="505" WIDTH="12"/>
							<String ID="P2_ST01243" HPOS="699" VPOS="481" WIDTH="30" HEIGHT="24" CONTENT="be" WC="0.98" CC="01"/>
							<SP ID="P2_SP00990" HPOS="729" VPOS="505" WIDTH="14"/>
							<String ID="P2_ST01244" HPOS="743" VPOS="484" WIDTH="54" HEIGHT="21" CONTENT="stnt" WC="0.96" CC="1011"/>
							<SP ID="P2_SP00991" HPOS="797" VPOS="505" WIDTH="11"/>
							<String ID="P2_ST01245" HPOS="808" VPOS="482" WIDTH="36" HEIGHT="26" CONTENT="m." WC="0.95" CC="11"/>
							<String ID="P2_ST01246" HPOS="852" VPOS="482" WIDTH="30" HEIGHT="30" CONTENT="by" WC="0.96" CC="10"/>
							<SP ID="P2_SP00992" HPOS="882" VPOS="512" WIDTH="23"/>
							<String ID="P2_ST01247" HPOS="905" VPOS="483" WIDTH="44" HEIGHT="24" CONTENT="4th" WC="0.99" CC="001"/>
							<SP ID="P2_SP00993" HPOS="949" VPOS="512" WIDTH="22"/>
							<String ID="P2_ST01248" HPOS="971" VPOS="483" WIDTH="72" HEIGHT="24" CONTENT="June." WC="0.95" CC="11111"/>
							<SP ID="P2_SP00994" HPOS="1043" VPOS="512" WIDTH="34"/>
							<String ID="P2_ST01249" HPOS="1077" VPOS="483" WIDTH="109" HEIGHT="25" CONTENT="Particu-" WC="0.96" CC="00110101"/>
						</TextLine>
						<TextLine ID="P2_TL00244" HPOS="662" VPOS="521" WIDTH="298" HEIGHT="29">
							<String ID="P2_ST01250" HPOS="662" VPOS="521" WIDTH="49" HEIGHT="23" CONTENT="lars" WC="0.91" CC="0221"/>
							<SP ID="P2_SP00995" HPOS="711" VPOS="544" WIDTH="13"/>
							<String ID="P2_ST01251" HPOS="724" VPOS="529" WIDTH="31" HEIGHT="15" CONTENT="on" WC="1.00" CC="00"/>
							<SP ID="P2_SP00996" HPOS="755" VPOS="544" WIDTH="12"/>
							<String ID="P2_ST01252" HPOS="767" VPOS="521" WIDTH="146" HEIGHT="29" CONTENT="application" WC="0.96" CC="11101110011"/>
							<SP ID="P2_SP00997" HPOS="913" VPOS="550" WIDTH="22"/>
							<String ID="P2_ST01253" HPOS="935" VPOS="524" WIDTH="25" HEIGHT="21" CONTENT="to" WC="1.00" CC="00"/>
						</TextLine>
						<TextLine ID="P2_TL00245" HPOS="835" VPOS="558" WIDTH="188" HEIGHT="29">
							<String ID="P2_ST01254" HPOS="835" VPOS="558" WIDTH="24" HEIGHT="23" CONTENT="J." WC="0.96" CC="10"/>
							<SP ID="P2_SP00998" HPOS="859" VPOS="581" WIDTH="19"/>
							<String ID="P2_ST01255" HPOS="878" VPOS="559" WIDTH="33" HEIGHT="22" CONTENT="M." WC="1.00" CC="00"/>
							<SP ID="P2_SP00999" HPOS="911" VPOS="581" WIDTH="20"/>
							<String ID="P2_ST01256" HPOS="931" VPOS="559" WIDTH="92" HEIGHT="28" CONTENT="Booth," WC="0.88" CC="400111"/>
						</TextLine>
						<TextLine ID="P2_TL00246" HPOS="969" VPOS="596" WIDTH="181" HEIGHT="24">
							<String ID="P2_ST01257" HPOS="969" VPOS="596" WIDTH="68" HEIGHT="23" CONTENT="West" WC="0.89" CC="2111"/>
							<SP ID="P2_SP01000" HPOS="1037" VPOS="619" WIDTH="13"/>
							<String ID="P2_ST01258" HPOS="1050" VPOS="596" WIDTH="100" HEIGHT="24" CONTENT="Oxford." WC="0.88" CC="3220021"/>
						</TextLine>
						<TextLine ID="P2_TL00247" HPOS="763" VPOS="677" WIDTH="307" HEIGHT="46">
							<String ID="P2_ST01259" HPOS="763" VPOS="677" WIDTH="307" HEIGHT="46" CONTENT="WANTED." WC="0.89" CC="1140011" STYLEREFS="TXT_10"/>
						</TextLine>
						<TextLine ID="P2_TL00248" HPOS="659" VPOS="775" WIDTH="525" HEIGHT="36">
							<String ID="P2_ST01260" HPOS="659" VPOS="775" WIDTH="55" HEIGHT="36" CONTENT='TV/"' WC="0.82" CC="2231"/>
							<String ID="P2_ST01261" HPOS="715" VPOS="775" WIDTH="114" HEIGHT="24" CONTENT="ANTED" WC="0.96" CC="11011"/>
							<SP ID="P2_SP01001" HPOS="829" VPOS="811" WIDTH="11"/>
							<String ID="P2_ST01262" HPOS="840" VPOS="778" WIDTH="25" HEIGHT="21" CONTENT="at" WC="0.87" CC="21"/>
							<SP ID="P2_SP01002" HPOS="865" VPOS="811" WIDTH="20"/>
							<String ID="P2_ST01263" HPOS="885" VPOS="785" WIDTH="56" HEIGHT="15" CONTENT="once" WC="0.95" CC="0101"/>
							<SP ID="P2_SP01003" HPOS="941" VPOS="811" WIDTH="24"/>
							<String ID="P2_ST01264" HPOS="965" VPOS="778" WIDTH="14" HEIGHT="22" CONTENT="2" WC="0.93" CC="1"/>
							<SP ID="P2_SP01004" HPOS="979" VPOS="811" WIDTH="24"/>
							<String ID="P2_ST01265" HPOS="1003" VPOS="785" WIDTH="50" HEIGHT="15" CONTENT="men" WC="0.65" CC="145"/>
							<SP ID="P2_SP01005" HPOS="1053" VPOS="811" WIDTH="24"/>
							<String ID="P2_ST01266" HPOS="1077" VPOS="778" WIDTH="57" HEIGHT="23" CONTENT="r.scd" WC="0.68" CC="11383"/>
							<SP ID="P2_SP01006" HPOS="1134" VPOS="811" WIDTH="25"/>
							<String ID="P2_ST01267" HPOS="1159" VPOS="781" WIDTH="25" HEIGHT="21" CONTENT="to" WC="0.94" CC="10"/>
						</TextLine>
						<TextLine ID="P2_TL00249" HPOS="672" VPOS="808" WIDTH="511" HEIGHT="33">
							<String ID="P2_ST01268" HPOS="672" VPOS="808" WIDTH="26" HEIGHT="24" CONTENT="H" WC="0.85" CC="2"/>
							<SP ID="P2_SP01007" HPOS="698" VPOS="832" WIDTH="50"/>
							<String ID="P2_ST01269" HPOS="748" VPOS="809" WIDTH="47" HEIGHT="22" CONTENT="mill" WC="0.81" CC="5210"/>
							<SP ID="P2_SP01008" HPOS="795" VPOS="832" WIDTH="24"/>
							<String ID="P2_ST01270" HPOS="819" VPOS="809" WIDTH="44" HEIGHT="23" CONTENT="ant]" WC="0.94" CC="0021"/>
							<SP ID="P2_SP01009" HPOS="863" VPOS="832" WIDTH="26"/>
							<String ID="P2_ST01271" HPOS="889" VPOS="809" WIDTH="86" HEIGHT="25" CONTENT="horses." WC="0.85" CC="0124221"/>
							<SP ID="P2_SP01010" HPOS="975" VPOS="834" WIDTH="36"/>
							<String ID="P2_ST01272" HPOS="1011" VPOS="809" WIDTH="66" HEIGHT="25" CONTENT="Good" WC="0.84" CC="1311"/>
							<SP ID="P2_SP01011" HPOS="1077" VPOS="834" WIDTH="26"/>
							<String ID="P2_ST01273" HPOS="1103" VPOS="818" WIDTH="80" HEIGHT="23" CONTENT="wages." WC="0.84" CC="320240"/>
						</TextLine>
						<TextLine ID="P2_TL00250" HPOS="658" VPOS="850" WIDTH="525" HEIGHT="34">
							<String ID="P2_ST01274" HPOS="658" VPOS="850" WIDTH="66" HEIGHT="24" CONTENT="None" WC="0.82" CC="1114"/>
							<SP ID="P2_SP01012" HPOS="724" VPOS="874" WIDTH="13"/>
							<String ID="P2_ST01275" HPOS="737" VPOS="851" WIDTH="41" HEIGHT="23" CONTENT="but" WC="0.95" CC="110"/>
							<SP ID="P2_SP01013" HPOS="778" VPOS="874" WIDTH="11"/>
							<String ID="P2_ST01276" HPOS="789" VPOS="851" WIDTH="60" HEIGHT="29" CONTENT="good" WC="0.88" CC="2111"/>
							<SP ID="P2_SP01014" HPOS="849" VPOS="880" WIDTH="25"/>
							<String ID="P2_ST01277" HPOS="874" VPOS="860" WIDTH="49" HEIGHT="14" CONTENT="men" WC="0.73" CC="332"/>
							<SP ID="P2_SP01015" HPOS="923" VPOS="880" WIDTH="24"/>
							<String ID="P2_ST01278" HPOS="947" VPOS="851" WIDTH="77" HEIGHT="31" CONTENT="apply:" WC="0.84" CC="204013"/>
							<SP ID="P2_SP01016" HPOS="1024" VPOS="882" WIDTH="35"/>
							<String ID="P2_ST01279" HPOS="1059" VPOS="852" WIDTH="78" HEIGHT="32" CONTENT="Apply" WC="0.95" CC="02101"/>
							<SP ID="P2_SP01017" HPOS="1137" VPOS="884" WIDTH="23"/>
							<String ID="P2_ST01280" HPOS="1160" VPOS="858" WIDTH="23" HEIGHT="19" CONTENT="to" WC="0.94" CC="10"/>
						</TextLine>
						<TextLine ID="P2_TL00251" HPOS="772" VPOS="893" WIDTH="298" HEIGHT="29">
							<String ID="P2_ST01281" HPOS="772" VPOS="893" WIDTH="88" HEIGHT="23" CONTENT="JOHN" WC="0.94" CC="0111"/>
							<SP ID="P2_SP01018" HPOS="860" VPOS="916" WIDTH="34"/>
							<String ID="P2_ST01282" HPOS="894" VPOS="893" WIDTH="110" HEIGHT="24" CONTENT="SHARP" WC="0.95" CC="11010"/>
							<SP ID="P2_SP01019" HPOS="1004" VPOS="917" WIDTH="4"/>
							<String ID="P2_ST01283" HPOS="1008" VPOS="894" WIDTH="62" HEIGHT="28" CONTENT="LIN," WC="0.97" CC="0011"/>
						</TextLine>
						<TextLine ID="P2_TL00252" HPOS="673" VPOS="932" WIDTH="494" HEIGHT="32">
							<String ID="P2_ST01284" HPOS="673" VPOS="932" WIDTH="79" HEIGHT="24" CONTENT="Alford" WC="0.91" CC="014101"/>
							<SP ID="P2_SP01020" HPOS="752" VPOS="956" WIDTH="13"/>
							<String ID="P2_ST01285" HPOS="765" VPOS="933" WIDTH="84" HEIGHT="23" CONTENT="Forest" WC="0.88" CC="112121"/>
							<SP ID="P2_SP01021" HPOS="849" VPOS="956" WIDTH="14"/>
							<String ID="P2_ST01286" HPOS="863" VPOS="933" WIDTH="51" HEIGHT="24" CONTENT="Saw" WC="0.85" CC="221"/>
							<SP ID="P2_SP01022" HPOS="914" VPOS="957" WIDTH="13"/>
							<String ID="P2_ST01287" HPOS="927" VPOS="933" WIDTH="72" HEIGHT="24" CONTENT="Mills." WC="0.96" CC="001011"/>
							<SP ID="P2_SP01023" HPOS="999" VPOS="957" WIDTH="15"/>
							<String ID="P2_ST01288" HPOS="1014" VPOS="934" WIDTH="153" HEIGHT="30" CONTENT="Springburn." WC="0.88" CC="15101131121"/>
						</TextLine>
						<TextLine ID="P2_TL00253" HPOS="750" VPOS="1023" WIDTH="338" HEIGHT="41">
							<String ID="P2_ST01289" HPOS="750" VPOS="1023" WIDTH="121" HEIGHT="38" CONTENT="Divine" WC="0.84" CC="114122" STYLEREFS="TXT_11"/>
							<SP ID="P2_SP01024" HPOS="871" VPOS="1061" WIDTH="53"/>
							<String ID="P2_ST01290" HPOS="924" VPOS="1023" WIDTH="164" HEIGHT="41" CONTENT="Services." WC="0.89" CC="111510111" STYLEREFS="TXT_11"/>
						</TextLine>
						<TextLine ID="P2_TL00254" HPOS="823" VPOS="1070" WIDTH="196" HEIGHT="18">
							<String ID="P2_ST01291" HPOS="823" VPOS="1070" WIDTH="99" HEIGHT="18" CONTENT="SUNDAY" WC="0.69" CC="914311" STYLEREFS="TXT_12"/>
							<SP ID="P2_SP01025" HPOS="922" VPOS="1088" WIDTH="27"/>
							<String ID="P2_ST01292" HPOS="949" VPOS="1072" WIDTH="70" HEIGHT="16" CONTENT="NEXT." WC="0.83" CC="33210" STYLEREFS="TXT_12"/>
						</TextLine>
						<TextLine ID="P2_TL00255" HPOS="689" VPOS="1114" WIDTH="492" HEIGHT="33">
							<String ID="P2_ST01293" HPOS="689" VPOS="1114" WIDTH="29" HEIGHT="24" CONTENT="U." WC="0.98" CC="01"/>
							<SP ID="P2_SP01026" HPOS="718" VPOS="1138" WIDTH="26"/>
							<String ID="P2_ST01294" HPOS="744" VPOS="1115" WIDTH="33" HEIGHT="24" CONTENT="M." WC="1.00" CC="00"/>
							<SP ID="P2_SP01027" HPOS="777" VPOS="1139" WIDTH="25"/>
							<String ID="P2_ST01295" HPOS="802" VPOS="1116" WIDTH="35" HEIGHT="23" CONTENT="F.-" WC="0.88" CC="103"/>
							<SP ID="P2_SP01028" HPOS="837" VPOS="1139" WIDTH="17"/>
							<String ID="P2_ST01296" HPOS="854" VPOS="1116" WIDTH="106" HEIGHT="28" CONTENT="Church," WC="0.89" CC="0231101"/>
							<SP ID="P2_SP01029" HPOS="960" VPOS="1144" WIDTH="31"/>
							<String ID="P2_ST01297" HPOS="991" VPOS="1117" WIDTH="68" HEIGHT="23" CONTENT="West" WC="0.76" CC="0090"/>
							<SP ID="P2_SP01030" HPOS="1059" VPOS="1144" WIDTH="24"/>
							<String ID="P2_ST01298" HPOS="1083" VPOS="1117" WIDTH="98" HEIGHT="30" CONTENT="Oxford," WC="0.95" CC="0210111"/>
						</TextLine>
						<TextLine ID="P2_TL00256" HPOS="657" VPOS="1153" WIDTH="526" HEIGHT="32">
							<String ID="P2_ST01299" HPOS="657" VPOS="1154" WIDTH="96" HEIGHT="22" CONTENT="11a.m." WC="0.97" CC="000020"/>
							<SP ID="P2_SP01031" HPOS="753" VPOS="1176" WIDTH="20"/>
							<String ID="P2_ST01300" HPOS="773" VPOS="1153" WIDTH="52" HEIGHT="24" CONTENT="Rev" WC="0.99" CC="001"/>
							<SP ID="P2_SP01032" HPOS="825" VPOS="1177" WIDTH="18"/>
							<String ID="P2_ST01301" HPOS="843" VPOS="1153" WIDTH="23" HEIGHT="24" CONTENT="J." WC="0.98" CC="10"/>
							<SP ID="P2_SP01033" HPOS="866" VPOS="1177" WIDTH="26"/>
							<String ID="P2_ST01302" HPOS="892" VPOS="1154" WIDTH="119" HEIGHT="31" CONTENT="Benning," WC="0.96" CC="11011101"/>
							<SP ID="P2_SP01034" HPOS="1011" VPOS="1185" WIDTH="22"/>
							<String ID="P2_ST01303" HPOS="1033" VPOS="1154" WIDTH="99" HEIGHT="31" CONTENT="Subject" WC="0.94" CC="1200111"/>
							<String ID="P2_ST01304" HPOS="1142" VPOS="1164" WIDTH="6" HEIGHT="14" CONTENT=":" WC="1.00" CC="0"/>
							<String ID="P2_ST01305" HPOS="1150" VPOS="1170" WIDTH="33" HEIGHT="3" CONTENT="—" WC="1.00" CC="0"/>
						</TextLine>
						<TextLine ID="P2_TL00257" HPOS="655" VPOS="1190" WIDTH="523" HEIGHT="32">
							<String ID="P2_ST01306" HPOS="655" VPOS="1195" WIDTH="15" HEIGHT="9" CONTENT="11" WC="0.89" CC="21"/>
							<SP ID="P2_SP01035" HPOS="670" VPOS="1204" WIDTH="10"/>
							<String ID="P2_ST01307" HPOS="680" VPOS="1191" WIDTH="51" HEIGHT="24" CONTENT="The" WC="0.95" CC="110"/>
							<SP ID="P2_SP01036" HPOS="731" VPOS="1215" WIDTH="12"/>
							<String ID="P2_ST01308" HPOS="743" VPOS="1190" WIDTH="54" HEIGHT="24" CONTENT="first" WC="0.90" CC="11041"/>
							<SP ID="P2_SP01037" HPOS="797" VPOS="1215" WIDTH="11"/>
							<String ID="P2_ST01309" HPOS="808" VPOS="1193" WIDTH="48" HEIGHT="22" CONTENT="two" WC="0.88" CC="040"/>
							<SP ID="P2_SP01038" HPOS="856" VPOS="1215" WIDTH="22"/>
							<String ID="P2_ST01310" HPOS="878" VPOS="1192" WIDTH="131" HEIGHT="30" CONTENT="European" WC="0.97" CC="10101001"/>
							<SP ID="P2_SP01039" HPOS="1009" VPOS="1222" WIDTH="24"/>
							<String ID="P2_ST01311" HPOS="1033" VPOS="1192" WIDTH="145" HEIGHT="30" CONTENT='Converts,"' WC="0.87" CC="0011011812"/>
						</TextLine>
						<TextLine ID="P2_TL00258" HPOS="656" VPOS="1227" WIDTH="428" HEIGHT="32">
							<String ID="P2_ST01312" HPOS="656" VPOS="1227" WIDTH="47" HEIGHT="23" CONTENT="and" WC="0.86" CC="040"/>
							<SP ID="P2_SP01040" HPOS="703" VPOS="1250" WIDTH="13"/>
							<String ID="P2_ST01313" HPOS="716" VPOS="1232" WIDTH="25" HEIGHT="19" CONTENT="at" WC="0.93" CC="02"/>
							<SP ID="P2_SP01041" HPOS="741" VPOS="1251" WIDTH="9"/>
							<String ID="P2_ST01314" HPOS="750" VPOS="1229" WIDTH="12" HEIGHT="21" CONTENT="(&gt;" WC="0.91" CC="21"/>
							<String ID="P2_ST01315" HPOS="766" VPOS="1229" WIDTH="39" HEIGHT="30" CONTENT="j)o" WC="0.69" CC="621" STYLEREFS="TXT_9"/>
							<SP ID="P2_SP01042" HPOS="805" VPOS="1259" WIDTH="13"/>
							<String ID="P2_ST01316" HPOS="818" VPOS="1236" WIDTH="67" HEIGHT="22" CONTENT="p.m.," WC="0.95" CC="10111"/>
							<SP ID="P2_SP01043" HPOS="885" VPOS="1259" WIDTH="14"/>
							<String ID="P2_ST01317" HPOS="899" VPOS="1229" WIDTH="39" HEIGHT="22" CONTENT="Mr" WC="1.00" CC="00"/>
							<SP ID="P2_SP01044" HPOS="938" VPOS="1259" WIDTH="13"/>
							<String ID="P2_ST01318" HPOS="951" VPOS="1229" WIDTH="27" HEIGHT="23" CONTENT="A." WC="0.98" CC="10"/>
							<SP ID="P2_SP01045" HPOS="978" VPOS="1259" WIDTH="22"/>
							<String ID="P2_ST01319" HPOS="1000" VPOS="1229" WIDTH="84" HEIGHT="23" CONTENT="Bunn." WC="0.93" CC="11110"/>
						</TextLine>
						<TextLine ID="P2_TL00259" HPOS="688" VPOS="1265" WIDTH="494" HEIGHT="32">
							<String ID="P2_ST01320" HPOS="688" VPOS="1266" WIDTH="62" HEIGHT="23" CONTENT="East" WC="0.93" CC="0111"/>
							<SP ID="P2_SP01046" HPOS="750" VPOS="1289" WIDTH="23"/>
							<String ID="P2_ST01321" HPOS="773" VPOS="1265" WIDTH="98" HEIGHT="29" CONTENT="Oxford," WC="0.84" CC="0721011"/>
							<SP ID="P2_SP01047" HPOS="871" VPOS="1294" WIDTH="25"/>
							<String ID="P2_ST01322" HPOS="896" VPOS="1267" WIDTH="65" HEIGHT="23" CONTENT="2.40." WC="0.90" CC="20301"/>
							<SP ID="P2_SP01048" HPOS="961" VPOS="1294" WIDTH="25"/>
							<String ID="P2_ST01323" HPOS="986" VPOS="1274" WIDTH="59" HEIGHT="23" CONTENT="p.m." WC="0.95" CC="1011"/>
							<SP ID="P2_SP01049" HPOS="1045" VPOS="1297" WIDTH="33"/>
							<String ID="P2_ST01324" HPOS="1078" VPOS="1267" WIDTH="53" HEIGHT="24" CONTENT="Rev" WC="0.91" CC="211"/>
							<SP ID="P2_SP01050" HPOS="1131" VPOS="1297" WIDTH="28"/>
							<String ID="P2_ST01325" HPOS="1159" VPOS="1268" WIDTH="23" HEIGHT="23" CONTENT="J." WC="0.93" CC="11"/>
						</TextLine>
						<TextLine ID="P2_TL00260" HPOS="656" VPOS="1303" WIDTH="527" HEIGHT="31">
							<String ID="P2_ST01326" HPOS="656" VPOS="1303" WIDTH="121" HEIGHT="30" CONTENT="Benning," WC="0.92" CC="12111111"/>
							<SP ID="P2_SP01051" HPOS="777" VPOS="1333" WIDTH="33"/>
							<String ID="P2_ST01327" HPOS="810" VPOS="1303" WIDTH="100" HEIGHT="31" CONTENT="Subject" WC="0.80" CC="1211911"/>
							<String ID="P2_ST01328" HPOS="920" VPOS="1312" WIDTH="5" HEIGHT="16" CONTENT=":" WC="1.00" CC="0"/>
							<SP ID="P2_SP01052" HPOS="925" VPOS="1334" WIDTH="37"/>
							<String ID="P2_ST01329" HPOS="962" VPOS="1308" WIDTH="14" HEIGHT="11" CONTENT='"' WC="0.74" CC="3"/>
							<SP ID="P2_SP01053" HPOS="976" VPOS="1334" WIDTH="12"/>
							<String ID="P2_ST01330" HPOS="988" VPOS="1305" WIDTH="21" HEIGHT="23" CONTENT="A" WC="1.00" CC="0"/>
							<SP ID="P2_SP01054" HPOS="1009" VPOS="1334" WIDTH="42"/>
							<String ID="P2_ST01331" HPOS="1051" VPOS="1305" WIDTH="132" HEIGHT="24" CONTENT="successful" WC="0.81" CC="1114181110"/>
						</TextLine>
						<TextLine ID="P2_TL00261" HPOS="657" VPOS="1341" WIDTH="522" HEIGHT="32">
							<String ID="P2_ST01332" HPOS="657" VPOS="1341" WIDTH="121" HEIGHT="27" CONTENT='Church,"' WC="0.86" CC="17000111"/>
							<SP ID="P2_SP01055" HPOS="778" VPOS="1368" WIDTH="19"/>
							<String ID="P2_ST01333" HPOS="797" VPOS="1342" WIDTH="48" HEIGHT="22" CONTENT="and" WC="0.97" CC="010"/>
							<SP ID="P2_SP01056" HPOS="845" VPOS="1368" WIDTH="12"/>
							<String ID="P2_ST01334" HPOS="857" VPOS="1345" WIDTH="25" HEIGHT="21" CONTENT="at" WC="0.94" CC="01"/>
							<SP ID="P2_SP01057" HPOS="882" VPOS="1368" WIDTH="13"/>
							<String ID="P2_ST01335" HPOS="895" VPOS="1343" WIDTH="56" HEIGHT="23" CONTENT="6.80" WC="0.94" CC="1020"/>
							<SP ID="P2_SP01058" HPOS="951" VPOS="1368" WIDTH="23"/>
							<String ID="P2_ST01336" HPOS="974" VPOS="1350" WIDTH="59" HEIGHT="23" CONTENT="p.m." WC="0.96" CC="0020"/>
							<SP ID="P2_SP01059" HPOS="1033" VPOS="1373" WIDTH="26"/>
							<String ID="P2_ST01337" HPOS="1059" VPOS="1343" WIDTH="100" HEIGHT="30" CONTENT="Subject" WC="0.93" CC="1200111"/>
							<SP ID="P2_SP01060" HPOS="1159" VPOS="1373" WIDTH="14"/>
							<String ID="P2_ST01338" HPOS="1173" VPOS="1352" WIDTH="6" HEIGHT="16" CONTENT=":" WC="1.00" CC="0"/>
						</TextLine>
						<TextLine ID="P2_TL00262" HPOS="658" VPOS="1381" WIDTH="361" HEIGHT="32">
							<String ID="P2_ST01339" HPOS="658" VPOS="1384" WIDTH="15" HEIGHT="10" CONTENT='"' WC="0.85" CC="2"/>
							<SP ID="P2_SP01061" HPOS="673" VPOS="1394" WIDTH="11"/>
							<String ID="P2_ST01340" HPOS="684" VPOS="1381" WIDTH="52" HEIGHT="23" CONTENT="The" WC="0.94" CC="020"/>
							<SP ID="P2_SP01062" HPOS="736" VPOS="1404" WIDTH="12"/>
							<String ID="P2_ST01341" HPOS="748" VPOS="1381" WIDTH="97" HEIGHT="30" CONTENT="coming" WC="0.96" CC="101002"/>
							<SP ID="P2_SP01063" HPOS="845" VPOS="1411" WIDTH="24"/>
							<String ID="P2_ST01342" HPOS="869" VPOS="1381" WIDTH="150" HEIGHT="32" CONTENT='Kingdom."' WC="0.95" CC="121100110"/>
						</TextLine>
					</TextBlock>
				</ComposedBlock>
				<ComposedBlock ID="P2_CB00002" HPOS="48" VPOS="151" WIDTH="540" HEIGHT="3660" TYPE="Advertisement">
					<TextBlock ID="P2_TB00011" HPOS="48" VPOS="151" WIDTH="540" HEIGHT="3660" STYLEREFS="TXT_1 PAR_LEFT">
						<TextLine ID="P2_TL00263" HPOS="123" VPOS="155" WIDTH="392" HEIGHT="26">
							<String ID="P2_ST01343" HPOS="123" VPOS="155" WIDTH="134" HEIGHT="25" CONTENT="OXFORD" WC="0.97" CC="010010" STYLEREFS="TXT_13"/>
							<SP ID="P2_SP01064" HPOS="257" VPOS="180" WIDTH="28"/>
							<String ID="P2_ST01344" HPOS="285" VPOS="156" WIDTH="91" HEIGHT="24" CONTENT="ROAD" WC="0.98" CC="0011" STYLEREFS="TXT_13"/>
							<SP ID="P2_SP01065" HPOS="376" VPOS="180" WIDTH="17"/>
							<String ID="P2_ST01345" HPOS="393" VPOS="156" WIDTH="122" HEIGHT="25" CONTENT="BOARD." WC="0.86" CC="106101" STYLEREFS="TXT_13"/>
						</TextLine>
						<TextLine ID="P2_TL00264" HPOS="202" VPOS="237" WIDTH="231" HEIGHT="24">
							<String ID="P2_ST01346" HPOS="202" VPOS="237" WIDTH="69" HEIGHT="24" CONTENT="DOG" WC="0.89" CC="003" STYLEREFS="TXT_13"/>
							<SP ID="P2_SP01066" HPOS="271" VPOS="261" WIDTH="16"/>
							<String ID="P2_ST01347" HPOS="287" VPOS="237" WIDTH="146" HEIGHT="24" CONTENT="RANGER." WC="0.96" CC="0012011" STYLEREFS="TXT_13"/>
						</TextLine>
						<TextLine ID="P2_TL00265" HPOS="73" VPOS="289" WIDTH="510" HEIGHT="26">
							<String ID="P2_ST01348" HPOS="73" VPOS="290" WIDTH="12" HEIGHT="23" CONTENT="A" WC="0.81" CC="2"/>
							<SP ID="P2_SP01067" HPOS="85" VPOS="313" WIDTH="15"/>
							<String ID="P2_ST01349" HPOS="100" VPOS="289" WIDTH="220" HEIGHT="26" CONTENT="PPLICATLONS" WC="0.91" CC="11141111011"/>
							<SP ID="P2_SP01068" HPOS="320" VPOS="315" WIDTH="17"/>
							<String ID="P2_ST01350" HPOS="337" VPOS="298" WIDTH="40" HEIGHT="16" CONTENT="are" WC="0.97" CC="010"/>
							<SP ID="P2_SP01069" HPOS="377" VPOS="315" WIDTH="12"/>
							<String ID="P2_ST01351" HPOS="389" VPOS="290" WIDTH="93" HEIGHT="24" CONTENT="invited" WC="0.98" CC="0010100"/>
							<SP ID="P2_SP01070" HPOS="482" VPOS="315" WIDTH="10"/>
							<String ID="P2_ST01352" HPOS="492" VPOS="290" WIDTH="37" HEIGHT="23" CONTENT="for" WC="0.93" CC="102"/>
							<SP ID="P2_SP01071" HPOS="529" VPOS="315" WIDTH="13"/>
							<String ID="P2_ST01353" HPOS="542" VPOS="289" WIDTH="41" HEIGHT="24" CONTENT="the" WC="0.94" CC="111"/>
						</TextLine>
						<TextLine ID="P2_TL00266" HPOS="59" VPOS="317" WIDTH="524" HEIGHT="37">
							<String ID="P2_ST01354" HPOS="59" VPOS="317" WIDTH="37" HEIGHT="28" CONTENT="J\" WC="0.89" CC="12" STYLEREFS="TXT_9"/>
							<SP ID="P2_SP01072" HPOS="96" VPOS="345" WIDTH="35"/>
							<String ID="P2_ST01355" HPOS="131" VPOS="324" WIDTH="105" HEIGHT="28" CONTENT="position" WC="0.81" CC="11911021"/>
							<SP ID="P2_SP01073" HPOS="236" VPOS="352" WIDTH="13"/>
							<String ID="P2_ST01356" HPOS="249" VPOS="324" WIDTH="26" HEIGHT="23" CONTENT="of" WC="0.96" CC="11"/>
							<SP ID="P2_SP01074" HPOS="275" VPOS="352" WIDTH="10"/>
							<String ID="P2_ST01357" HPOS="285" VPOS="324" WIDTH="54" HEIGHT="30" CONTENT="Dog" WC="0.91" CC="021"/>
							<SP ID="P2_SP01075" HPOS="339" VPOS="354" WIDTH="12"/>
							<String ID="P2_ST01358" HPOS="351" VPOS="323" WIDTH="105" HEIGHT="31" CONTENT="Ranger," WC="0.93" CC="0111211"/>
							<SP ID="P2_SP01076" HPOS="456" VPOS="354" WIDTH="24"/>
							<String ID="P2_ST01359" HPOS="480" VPOS="324" WIDTH="37" HEIGHT="22" CONTENT="for" WC="0.99" CC="001"/>
							<SP ID="P2_SP01077" HPOS="517" VPOS="354" WIDTH="24"/>
							<String ID="P2_ST01360" HPOS="541" VPOS="323" WIDTH="42" HEIGHT="22" CONTENT="the" WC="0.93" CC="111"/>
						</TextLine>
						<TextLine ID="P2_TL00267" HPOS="59" VPOS="359" WIDTH="524" HEIGHT="31">
							<String ID="P2_ST01361" HPOS="59" VPOS="360" WIDTH="91" HEIGHT="23" CONTENT="Oxford" WC="0.87" CC="322111"/>
							<SP ID="P2_SP01078" HPOS="150" VPOS="383" WIDTH="13"/>
							<String ID="P2_ST01362" HPOS="163" VPOS="360" WIDTH="108" HEIGHT="28" CONTENT="District," WC="0.93" CC="014101000"/>
							<SP ID="P2_SP01079" HPOS="271" VPOS="388" WIDTH="14"/>
							<String ID="P2_ST01363" HPOS="285" VPOS="360" WIDTH="36" HEIGHT="24" CONTENT="for" WC="0.97" CC="101"/>
							<SP ID="P2_SP01080" HPOS="321" VPOS="388" WIDTH="17"/>
							<String ID="P2_ST01364" HPOS="338" VPOS="359" WIDTH="43" HEIGHT="24" CONTENT="the" WC="1.00" CC="000"/>
							<SP ID="P2_SP01081" HPOS="381" VPOS="388" WIDTH="22"/>
							<String ID="P2_ST01365" HPOS="403" VPOS="362" WIDTH="98" HEIGHT="21" CONTENT="current" WC="0.96" CC="0110111"/>
							<SP ID="P2_SP01082" HPOS="501" VPOS="388" WIDTH="17"/>
							<String ID="P2_ST01366" HPOS="518" VPOS="367" WIDTH="65" HEIGHT="23" CONTENT="year." WC="0.95" CC="11111"/>
						</TextLine>
						<TextLine ID="P2_TL00268" HPOS="92" VPOS="397" WIDTH="489" HEIGHT="31">
							<String ID="P2_ST01367" HPOS="92" VPOS="398" WIDTH="143" HEIGHT="25" CONTENT="Conditions" WC="0.97" CC="1110110101"/>
							<SP ID="P2_SP01083" HPOS="235" VPOS="423" WIDTH="22"/>
							<String ID="P2_ST01368" HPOS="257" VPOS="398" WIDTH="26" HEIGHT="24" CONTENT="of" WC="0.98" CC="01"/>
							<SP ID="P2_SP01084" HPOS="283" VPOS="423" WIDTH="18"/>
							<String ID="P2_ST01369" HPOS="301" VPOS="397" WIDTH="169" HEIGHT="31" CONTENT="appointment" WC="0.97" CC="11100001001"/>
							<SP ID="P2_SP01085" HPOS="470" VPOS="428" WIDTH="22"/>
							<String ID="P2_ST01370" HPOS="492" VPOS="399" WIDTH="26" HEIGHT="22" CONTENT="to" WC="0.98" CC="10"/>
							<SP ID="P2_SP01086" HPOS="518" VPOS="428" WIDTH="33"/>
							<String ID="P2_ST01371" HPOS="551" VPOS="397" WIDTH="30" HEIGHT="23" CONTENT="be" WC="1.00" CC="00"/>
						</TextLine>
						<TextLine ID="P2_TL00269" HPOS="61" VPOS="434" WIDTH="436" HEIGHT="26">
							<String ID="P2_ST01372" HPOS="61" VPOS="444" WIDTH="55" HEIGHT="16" CONTENT="seen" WC="0.94" CC="1011"/>
							<SP ID="P2_SP01087" HPOS="116" VPOS="460" WIDTH="13"/>
							<String ID="P2_ST01373" HPOS="129" VPOS="437" WIDTH="25" HEIGHT="23" CONTENT="at" WC="1.00" CC="00"/>
							<SP ID="P2_SP01088" HPOS="154" VPOS="460" WIDTH="19"/>
							<String ID="P2_ST01374" HPOS="173" VPOS="437" WIDTH="42" HEIGHT="23" CONTENT="the" WC="0.99" CC="010"/>
							<SP ID="P2_SP01089" HPOS="215" VPOS="460" WIDTH="19"/>
							<String ID="P2_ST01375" HPOS="234" VPOS="435" WIDTH="102" HEIGHT="24" CONTENT="Board's" WC="0.98" CC="0000011"/>
							<SP ID="P2_SP01090" HPOS="336" VPOS="460" WIDTH="19"/>
							<String ID="P2_ST01376" HPOS="355" VPOS="434" WIDTH="82" HEIGHT="24" CONTENT="Office." WC="0.94" CC="0122101"/>
							<String ID="P2_ST01377" HPOS="445" VPOS="437" WIDTH="9" HEIGHT="16" CONTENT='■"' WC="0.96" CC="01"/>
							<SP ID="P2_SP01091" HPOS="454" VPOS="460" WIDTH="12"/>
							<String ID="P2_ST01378" HPOS="466" VPOS="448" WIDTH="31" HEIGHT="7" CONTENT="■■•--" WC="0.88" CC="22121" STYLEREFS="TXT_9"/>
						</TextLine>
						<TextLine ID="P2_TL00270" HPOS="93" VPOS="470" WIDTH="490" HEIGHT="33">
							<String ID="P2_ST01379" HPOS="93" VPOS="474" WIDTH="170" HEIGHT="29" CONTENT="Applications" WC="0.99" CC="101000000000"/>
							<SP ID="P2_SP01092" HPOS="263" VPOS="503" WIDTH="20"/>
							<String ID="P2_ST01380" HPOS="283" VPOS="475" WIDTH="25" HEIGHT="21" CONTENT="to" WC="1.00" CC="00"/>
							<SP ID="P2_SP01093" HPOS="308" VPOS="503" WIDTH="22"/>
							<String ID="P2_ST01381" HPOS="330" VPOS="472" WIDTH="30" HEIGHT="24" CONTENT="be" WC="0.98" CC="01"/>
							<SP ID="P2_SP01094" HPOS="360" VPOS="503" WIDTH="23"/>
							<String ID="P2_ST01382" HPOS="383" VPOS="475" WIDTH="54" HEIGHT="20" CONTENT="sent" WC="0.96" CC="1001"/>
							<SP ID="P2_SP01095" HPOS="437" VPOS="503" WIDTH="17"/>
							<String ID="P2_ST01383" HPOS="454" VPOS="472" WIDTH="24" HEIGHT="22" CONTENT="m" WC="0.87" CC="0"/>
							<SP ID="P2_SP01096" HPOS="478" VPOS="503" WIDTH="25"/>
							<String ID="P2_ST01384" HPOS="503" VPOS="470" WIDTH="80" HEIGHT="24" CONTENT="before" WC="0.99" CC="001010"/>
						</TextLine>
						<TextLine ID="P2_TL00271" HPOS="59" VPOS="509" WIDTH="506" HEIGHT="32">
							<String ID="P2_ST01385" HPOS="59" VPOS="513" WIDTH="15" HEIGHT="22" CONTENT="3" WC="0.93" CC="1"/>
							<SP ID="P2_SP01097" HPOS="74" VPOS="535" WIDTH="12"/>
							<String ID="P2_ST01386" HPOS="86" VPOS="519" WIDTH="58" HEIGHT="22" CONTENT="p.m." WC="0.95" CC="0020"/>
							<SP ID="P2_SP01098" HPOS="144" VPOS="541" WIDTH="14"/>
							<String ID="P2_ST01387" HPOS="158" VPOS="519" WIDTH="32" HEIGHT="16" CONTENT="on" WC="1.00" CC="00"/>
							<SP ID="P2_SP01099" HPOS="190" VPOS="541" WIDTH="12"/>
							<String ID="P2_ST01388" HPOS="202" VPOS="511" WIDTH="135" HEIGHT="29" CONTENT="Thursday," WC="0.93" CC="120121111"/>
							<SP ID="P2_SP01100" HPOS="337" VPOS="541" WIDTH="14"/>
							<String ID="P2_ST01389" HPOS="351" VPOS="509" WIDTH="65" HEIGHT="24" CONTENT="June" WC="0.98" CC="0011"/>
							<SP ID="P2_SP01101" HPOS="416" VPOS="541" WIDTH="12"/>
							<String ID="P2_ST01390" HPOS="428" VPOS="509" WIDTH="51" HEIGHT="27" CONTENT="9th," WC="0.94" CC="1101"/>
							<SP ID="P2_SP01102" HPOS="479" VPOS="541" WIDTH="15"/>
							<String ID="P2_ST01391" HPOS="494" VPOS="509" WIDTH="71" HEIGHT="23" CONTENT="1802." WC="0.78" CC="00911"/>
						</TextLine>
						<TextLine ID="P2_TL00272" HPOS="158" VPOS="535" WIDTH="327" HEIGHT="40">
							<String ID="P2_ST01392" HPOS="158" VPOS="550" WIDTH="110" HEIGHT="23" CONTENT="JAMES" WC="0.98" CC="00001"/>
							<SP ID="P2_SP01103" HPOS="268" VPOS="573" WIDTH="18"/>
							<String ID="P2_ST01393" HPOS="286" VPOS="535" WIDTH="36" HEIGHT="37" CONTENT='H."' WC="0.89" CC="103"/>
							<SP ID="P2_SP01104" HPOS="322" VPOS="573" WIDTH="23"/>
							<String ID="P2_ST01394" HPOS="345" VPOS="548" WIDTH="140" HEIGHT="27" CONTENT="SHARPS," WC="0.81" CC="1100191"/>
						</TextLine>
						<TextLine ID="P2_TL00273" HPOS="288" VPOS="585" WIDTH="261" HEIGHT="25">
							<String ID="P2_ST01395" HPOS="288" VPOS="587" WIDTH="70" HEIGHT="23" CONTENT="Clerk" WC="0.95" CC="10110"/>
							<SP ID="P2_SP01105" HPOS="358" VPOS="610" WIDTH="12"/>
							<String ID="P2_ST01396" HPOS="370" VPOS="588" WIDTH="25" HEIGHT="20" CONTENT="to" WC="0.91" CC="20"/>
							<SP ID="P2_SP01106" HPOS="395" VPOS="610" WIDTH="12"/>
							<String ID="P2_ST01397" HPOS="407" VPOS="587" WIDTH="42" HEIGHT="22" CONTENT="the" WC="0.93" CC="111"/>
							<SP ID="P2_SP01107" HPOS="449" VPOS="610" WIDTH="11"/>
							<String ID="P2_ST01398" HPOS="460" VPOS="585" WIDTH="89" HEIGHT="23" CONTENT="Board." WC="0.92" CC="000041"/>
						</TextLine>
						<TextLine ID="P2_TL00274" HPOS="156" VPOS="682" WIDTH="322" HEIGHT="46">
							<String ID="P2_ST01399" HPOS="156" VPOS="682" WIDTH="322" HEIGHT="46" CONTENT="TENDERS." WC="0.88" CC="01321311" STYLEREFS="TXT_10"/>
						</TextLine>
						<TextLine ID="P2_TL00275" HPOS="56" VPOS="792" WIDTH="525" HEIGHT="31">
							<String ID="P2_ST01400" HPOS="56" VPOS="795" WIDTH="169" HEIGHT="24" CONTENT="riTSNDEItS" WC="0.72" CC="1181715021"/>
							<SP ID="P2_SP01108" HPOS="225" VPOS="819" WIDTH="18"/>
							<String ID="P2_ST01401" HPOS="243" VPOS="802" WIDTH="40" HEIGHT="16" CONTENT="are" WC="0.95" CC="110"/>
							<SP ID="P2_SP01109" HPOS="283" VPOS="819" WIDTH="11"/>
							<String ID="P2_ST01402" HPOS="294" VPOS="793" WIDTH="93" HEIGHT="24" CONTENT="invited" WC="0.94" CC="0131010"/>
							<SP ID="P2_SP01110" HPOS="387" VPOS="819" WIDTH="13"/>
							<String ID="P2_ST01403" HPOS="400" VPOS="793" WIDTH="37" HEIGHT="24" CONTENT="for" WC="0.99" CC="100"/>
							<SP ID="P2_SP01111" HPOS="437" VPOS="819" WIDTH="22"/>
							<String ID="P2_ST01404" HPOS="459" VPOS="792" WIDTH="122" HEIGHT="31" CONTENT="grubbing" WC="0.92" CC="21101012"/>
						</TextLine>
						<TextLine ID="P2_TL00276" HPOS="59" VPOS="817" WIDTH="519" HEIGHT="38">
							<String ID="P2_ST01405" HPOS="59" VPOS="817" WIDTH="22" HEIGHT="36" CONTENT="X" WC="0.67" CC="3"/>
							<SP ID="P2_SP01112" HPOS="81" VPOS="853" WIDTH="38"/>
							<String ID="P2_ST01406" HPOS="119" VPOS="828" WIDTH="77" HEIGHT="24" CONTENT="Gorse" WC="0.74" CC="40081"/>
							<SP ID="P2_SP01113" HPOS="196" VPOS="853" WIDTH="12"/>
							<String ID="P2_ST01407" HPOS="208" VPOS="835" WIDTH="32" HEIGHT="16" CONTENT="on" WC="1.00" CC="00"/>
							<SP ID="P2_SP01114" HPOS="240" VPOS="853" WIDTH="14"/>
							<String ID="P2_ST01408" HPOS="254" VPOS="827" WIDTH="67" HEIGHT="24" CONTENT="Main" WC="0.92" CC="2101"/>
							<SP ID="P2_SP01115" HPOS="321" VPOS="853" WIDTH="12"/>
							<String ID="P2_ST01409" HPOS="333" VPOS="826" WIDTH="69" HEIGHT="23" CONTENT="Bash" WC="0.81" CC="2331"/>
							<SP ID="P2_SP01116" HPOS="402" VPOS="853" WIDTH="14"/>
							<String ID="P2_ST01410" HPOS="416" VPOS="825" WIDTH="76" HEIGHT="26" CONTENT="Road," WC="0.93" CC="11101"/>
							<SP ID="P2_SP01117" HPOS="492" VPOS="853" WIDTH="14"/>
							<String ID="P2_ST01411" HPOS="506" VPOS="833" WIDTH="72" HEIGHT="22" CONTENT="oppo-" WC="0.95" CC="02111"/>
						</TextLine>
						<TextLine ID="P2_TL00277" HPOS="55" VPOS="862" WIDTH="522" HEIGHT="29">
							<String ID="P2_ST01412" HPOS="55" VPOS="867" WIDTH="46" HEIGHT="24" CONTENT="site" WC="0.97" CC="1100"/>
							<SP ID="P2_SP01118" HPOS="101" VPOS="891" WIDTH="22"/>
							<String ID="P2_ST01413" HPOS="123" VPOS="866" WIDTH="40" HEIGHT="23" CONTENT="Mr" WC="0.96" CC="01"/>
							<SP ID="P2_SP01119" HPOS="163" VPOS="891" WIDTH="21"/>
							<String ID="P2_ST01414" HPOS="184" VPOS="865" WIDTH="25" HEIGHT="24" CONTENT="J." WC="0.98" CC="01"/>
							<SP ID="P2_SP01120" HPOS="209" VPOS="891" WIDTH="31"/>
							<String ID="P2_ST01415" HPOS="240" VPOS="865" WIDTH="33" HEIGHT="23" CONTENT="M." WC="0.98" CC="01"/>
							<SP ID="P2_SP01121" HPOS="273" VPOS="891" WIDTH="35"/>
							<String ID="P2_ST01416" HPOS="308" VPOS="863" WIDTH="103" HEIGHT="25" CONTENT="Booish's" WC="0.88" CC="11015111"/>
							<SP ID="P2_SP01122" HPOS="411" VPOS="891" WIDTH="34"/>
							<String ID="P2_ST01417" HPOS="445" VPOS="862" WIDTH="132" HEIGHT="24" CONTENT="residence." WC="0.91" CC="1210205000"/>
						</TextLine>
						<TextLine ID="P2_TL00278" HPOS="56" VPOS="900" WIDTH="524" HEIGHT="28">
							<String ID="P2_ST01418" HPOS="56" VPOS="904" WIDTH="107" HEIGHT="24" CONTENT="Tenders" WC="0.99" CC="1000010"/>
							<SP ID="P2_SP01123" HPOS="163" VPOS="928" WIDTH="12"/>
							<String ID="P2_ST01419" HPOS="175" VPOS="905" WIDTH="25" HEIGHT="22" CONTENT="to" WC="0.98" CC="01"/>
							<SP ID="P2_SP01124" HPOS="200" VPOS="928" WIDTH="18"/>
							<String ID="P2_ST01420" HPOS="218" VPOS="903" WIDTH="28" HEIGHT="23" CONTENT="be" WC="0.94" CC="11"/>
							<SP ID="P2_SP01125" HPOS="246" VPOS="928" WIDTH="24"/>
							<String ID="P2_ST01421" HPOS="270" VPOS="904" WIDTH="53" HEIGHT="22" CONTENT="sent" WC="0.96" CC="0111"/>
							<SP ID="P2_SP01126" HPOS="323" VPOS="928" WIDTH="22"/>
							<String ID="P2_ST01422" HPOS="345" VPOS="902" WIDTH="27" HEIGHT="22" CONTENT="m" WC="0.94" CC="0"/>
							<SP ID="P2_SP01127" HPOS="372" VPOS="928" WIDTH="22"/>
							<String ID="P2_ST01423" HPOS="394" VPOS="908" WIDTH="32" HEIGHT="16" CONTENT="on" WC="0.98" CC="01"/>
							<SP ID="P2_SP01128" HPOS="426" VPOS="928" WIDTH="23"/>
							<String ID="P2_ST01424" HPOS="449" VPOS="908" WIDTH="27" HEIGHT="16" CONTENT="or" WC="0.94" CC="01"/>
							<SP ID="P2_SP01129" HPOS="476" VPOS="928" WIDTH="24"/>
							<String ID="P2_ST01425" HPOS="500" VPOS="900" WIDTH="80" HEIGHT="22" CONTENT="before" WC="0.97" CC="010010"/>
						</TextLine>
						<TextLine ID="P2_TL00279" HPOS="56" VPOS="939" WIDTH="527" HEIGHT="32">
							<String ID="P2_ST01426" HPOS="56" VPOS="943" WIDTH="65" HEIGHT="25" CONTENT="June" WC="0.95" CC="0101"/>
							<SP ID="P2_SP01130" HPOS="121" VPOS="968" WIDTH="12"/>
							<String ID="P2_ST01427" HPOS="133" VPOS="943" WIDTH="68" HEIGHT="24" CONTENT="27th." WC="0.95" CC="11110"/>
							<SP ID="P2_SP01131" HPOS="201" VPOS="968" WIDTH="35"/>
							<String ID="P2_ST01428" HPOS="236" VPOS="942" WIDTH="53" HEIGHT="24" CONTENT="The" WC="0.97" CC="110"/>
							<SP ID="P2_SP01132" HPOS="289" VPOS="968" WIDTH="12"/>
							<String ID="P2_ST01429" HPOS="301" VPOS="941" WIDTH="83" HEIGHT="24" CONTENT="lowest" WC="0.91" CC="004110"/>
							<SP ID="P2_SP01133" HPOS="384" VPOS="968" WIDTH="16"/>
							<String ID="P2_ST01430" HPOS="400" VPOS="948" WIDTH="26" HEIGHT="16" CONTENT="or" WC="0.98" CC="01"/>
							<SP ID="P2_SP01134" HPOS="426" VPOS="968" WIDTH="12"/>
							<String ID="P2_ST01431" HPOS="438" VPOS="947" WIDTH="47" HEIGHT="24" CONTENT="any" WC="0.97" CC="101"/>
							<SP ID="P2_SP01135" HPOS="485" VPOS="971" WIDTH="13"/>
							<String ID="P2_ST01432" HPOS="498" VPOS="939" WIDTH="85" HEIGHT="24" CONTENT="tender" WC="0.98" CC="000110"/>
						</TextLine>
						<TextLine ID="P2_TL00280" HPOS="56" VPOS="980" WIDTH="346" HEIGHT="33">
							<String ID="P2_ST01433" HPOS="56" VPOS="985" WIDTH="43" HEIGHT="22" CONTENT="not" WC="0.83" CC="114"/>
							<SP ID="P2_SP01136" HPOS="99" VPOS="1007" WIDTH="17"/>
							<String ID="P2_ST01434" HPOS="116" VPOS="982" WIDTH="145" HEIGHT="31" CONTENT="necessarily" WC="0.98" CC="10001100000"/>
							<SP ID="P2_SP01137" HPOS="261" VPOS="1013" WIDTH="17"/>
							<String ID="P2_ST01435" HPOS="278" VPOS="980" WIDTH="124" HEIGHT="31" CONTENT="accepted." WC="0.95" CC="001411000"/>
						</TextLine>
						<TextLine ID="P2_TL00281" HPOS="217" VPOS="1007" WIDTH="201" HEIGHT="40">
							<String ID="P2_ST01436" HPOS="217" VPOS="1007" WIDTH="35" HEIGHT="37" CONTENT="G.*" WC="0.74" CC="116"/>
							<SP ID="P2_SP01138" HPOS="252" VPOS="1044" WIDTH="19"/>
							<String ID="P2_ST01437" HPOS="271" VPOS="1018" WIDTH="147" HEIGHT="29" CONTENT="WINTER," WC="0.97" CC="1110110"/>
						</TextLine>
						<TextLine ID="P2_TL00282" HPOS="366" VPOS="1055" WIDTH="181" HEIGHT="24">
							<String ID="P2_ST01438" HPOS="366" VPOS="1056" WIDTH="69" HEIGHT="23" CONTENT="West" WC="0.95" CC="1101"/>
							<SP ID="P2_SP01139" HPOS="435" VPOS="1079" WIDTH="14"/>
							<String ID="P2_ST01439" HPOS="449" VPOS="1055" WIDTH="98" HEIGHT="24" CONTENT="Oxford." WC="0.97" CC="0100101"/>
						</TextLine>
						<TextLine ID="P2_TL00283" HPOS="143" VPOS="1141" WIDTH="349" HEIGHT="46">
							<String ID="P2_ST01440" HPOS="143" VPOS="1143" WIDTH="130" HEIGHT="44" CONTENT="POX" WC="0.81" CC="223" STYLEREFS="TXT_10"/>
							<SP ID="P2_SP01140" HPOS="273" VPOS="1187" WIDTH="43"/>
							<String ID="P2_ST01441" HPOS="316" VPOS="1141" WIDTH="176" HEIGHT="44" CONTENT="SALE." WC="0.94" CC="11100" STYLEREFS="TXT_10"/>
						</TextLine>
						<TextLine ID="P2_TL00284" HPOS="56" VPOS="1260" WIDTH="526" HEIGHT="29">
							<String ID="P2_ST01442" HPOS="56" VPOS="1263" WIDTH="92" HEIGHT="24" CONTENT="MUST" WC="0.96" CC="1010"/>
							<SP ID="P2_SP01141" HPOS="148" VPOS="1287" WIDTH="17"/>
							<String ID="P2_ST01443" HPOS="165" VPOS="1263" WIDTH="45" HEIGHT="23" CONTENT="BE" WC="0.91" CC="21"/>
							<SP ID="P2_SP01142" HPOS="210" VPOS="1287" WIDTH="31"/>
							<String ID="P2_ST01444" HPOS="241" VPOS="1262" WIDTH="94" HEIGHT="24" CONTENT="SOLD." WC="0.97" CC="10001"/>
							<SP ID="P2_SP01143" HPOS="335" VPOS="1287" WIDTH="35"/>
							<String ID="P2_ST01445" HPOS="370" VPOS="1261" WIDTH="88" HEIGHT="24" CONTENT="Owner" WC="0.95" CC="01110"/>
							<SP ID="P2_SP01144" HPOS="458" VPOS="1287" WIDTH="27"/>
							<String ID="P2_ST01446" HPOS="485" VPOS="1260" WIDTH="97" HEIGHT="29" CONTENT="leaving" WC="0.96" CC="0011011"/>
						</TextLine>
						<TextLine ID="P2_TL00285" HPOS="55" VPOS="1297" WIDTH="525" HEIGHT="34">
							<String ID="P2_ST01447" HPOS="55" VPOS="1301" WIDTH="43" HEIGHT="23" CONTENT="the" WC="0.95" CC="111"/>
							<SP ID="P2_SP01145" HPOS="98" VPOS="1324" WIDTH="24"/>
							<String ID="P2_ST01448" HPOS="122" VPOS="1300" WIDTH="101" HEIGHT="31" CONTENT="Colony." WC="0.98" CC="0000111"/>
							<SP ID="P2_SP01146" HPOS="223" VPOS="1331" WIDTH="36"/>
							<String ID="P2_ST01449" HPOS="259" VPOS="1300" WIDTH="78" HEIGHT="24" CONTENT="Three" WC="0.97" CC="01101"/>
							<SP ID="P2_SP01147" HPOS="337" VPOS="1331" WIDTH="34"/>
							<String ID="P2_ST01450" HPOS="371" VPOS="1299" WIDTH="61" HEIGHT="30" CONTENT="good" WC="0.95" CC="1001"/>
							<SP ID="P2_SP01148" HPOS="432" VPOS="1331" WIDTH="36"/>
							<String ID="P2_ST01451" HPOS="468" VPOS="1297" WIDTH="112" HEIGHT="26" CONTENT="SHEEP" WC="0.90" CC="11211"/>
						</TextLine>
						<TextLine ID="P2_TL00286" HPOS="56" VPOS="1336" WIDTH="525" HEIGHT="32">
							<String ID="P2_ST01452" HPOS="56" VPOS="1338" WIDTH="99" HEIGHT="24" CONTENT="DOGS." WC="0.94" CC="01111"/>
							<SP ID="P2_SP01149" HPOS="155" VPOS="1362" WIDTH="34"/>
							<String ID="P2_ST01453" HPOS="189" VPOS="1338" WIDTH="49" HEIGHT="23" CONTENT="For" WC="0.96" CC="100"/>
							<SP ID="P2_SP01150" HPOS="238" VPOS="1362" WIDTH="19"/>
							<String ID="P2_ST01454" HPOS="257" VPOS="1336" WIDTH="153" HEIGHT="32" CONTENT="particulars," WC="0.98" CC="011000001100"/>
							<SP ID="P2_SP01151" HPOS="410" VPOS="1368" WIDTH="39"/>
							<String ID="P2_ST01455" HPOS="449" VPOS="1336" WIDTH="73" HEIGHT="30" CONTENT="apply" WC="0.99" CC="01000"/>
							<SP ID="P2_SP01152" HPOS="522" VPOS="1368" WIDTH="33"/>
							<String ID="P2_ST01456" HPOS="555" VPOS="1336" WIDTH="26" HEIGHT="23" CONTENT="to" WC="1.00" CC="00"/>
						</TextLine>
						<TextLine ID="P2_TL00287" HPOS="57" VPOS="1378" WIDTH="270" HEIGHT="30">
							<String ID="P2_ST01457" HPOS="57" VPOS="1378" WIDTH="75" HEIGHT="24" CONTENT="Office" WC="0.93" CC="031100"/>
							<SP ID="P2_SP01153" HPOS="132" VPOS="1402" WIDTH="11"/>
							<String ID="P2_ST01458" HPOS="143" VPOS="1378" WIDTH="26" HEIGHT="24" CONTENT="of" WC="1.00" CC="00"/>
							<SP ID="P2_SP01154" HPOS="169" VPOS="1402" WIDTH="10"/>
							<String ID="P2_ST01459" HPOS="179" VPOS="1378" WIDTH="51" HEIGHT="23" CONTENT="this" WC="0.95" CC="1110"/>
							<SP ID="P2_SP01155" HPOS="230" VPOS="1402" WIDTH="10"/>
							<String ID="P2_ST01460" HPOS="240" VPOS="1378" WIDTH="87" HEIGHT="30" CONTENT="Paper." WC="0.98" CC="010000"/>
						</TextLine>
						<TextLine ID="P2_TL00288" HPOS="105" VPOS="1460" WIDTH="422" HEIGHT="53">
							<String ID="P2_ST01461" HPOS="105" VPOS="1462" WIDTH="197" HEIGHT="44" CONTENT="TOWN" WC="0.89" CC="0014" STYLEREFS="TXT_10"/>
							<SP ID="P2_SP01156" HPOS="302" VPOS="1506" WIDTH="30"/>
							<String ID="P2_ST01462" HPOS="332" VPOS="1460" WIDTH="195" HEIGHT="53" CONTENT="HALL." WC="0.94" CC="11101" STYLEREFS="TXT_10"/>
						</TextLine>
						<TextLine ID="P2_TL00289" HPOS="165" VPOS="1536" WIDTH="299" HEIGHT="32">
							<String ID="P2_ST01463" HPOS="165" VPOS="1537" WIDTH="106" HEIGHT="31" CONTENT="EAST" WC="0.90" CC="2111" STYLEREFS="TXT_2"/>
							<SP ID="P2_SP01157" HPOS="271" VPOS="1568" WIDTH="17"/>
							<String ID="P2_ST01464" HPOS="288" VPOS="1536" WIDTH="176" HEIGHT="31" CONTENT="OXFORD." WC="0.92" CC="0210111" STYLEREFS="TXT_2"/>
						</TextLine>
						<TextLine ID="P2_TL00290" HPOS="88" VPOS="1595" WIDTH="444" HEIGHT="47">
							<String ID="P2_ST01465" HPOS="88" VPOS="1599" WIDTH="180" HEIGHT="43" CONTENT="FEIDAY," WC="0.83" CC="3202311" STYLEREFS="TXT_14"/>
							<SP ID="P2_SP01158" HPOS="268" VPOS="1642" WIDTH="27"/>
							<String ID="P2_ST01466" HPOS="295" VPOS="1596" WIDTH="114" HEIGHT="40" CONTENT="JUNE" WC="0.81" CC="1142" STYLEREFS="TXT_14"/>
							<SP ID="P2_SP01159" HPOS="409" VPOS="1642" WIDTH="24"/>
							<String ID="P2_ST01467" HPOS="433" VPOS="1595" WIDTH="99" HEIGHT="38" CONTENT="17th." WC="0.84" CC="01051" STYLEREFS="TXT_14"/>
						</TextLine>
						<TextLine ID="P2_TL00291" HPOS="175" VPOS="1656" WIDTH="286" HEIGHT="36">
							<String ID="P2_ST01468" HPOS="175" VPOS="1658" WIDTH="154" HEIGHT="31" CONTENT="PI'BLIC" WC="0.88" CC="1221201" STYLEREFS="TXT_15"/>
							<SP ID="P2_SP01160" HPOS="329" VPOS="1689" WIDTH="40"/>
							<String ID="P2_ST01469" HPOS="369" VPOS="1656" WIDTH="92" HEIGHT="36" CONTENT="TEA," WC="0.91" CC="0212" STYLEREFS="TXT_15"/>
						</TextLine>
						<TextLine ID="P2_TL00292" HPOS="280" VPOS="1717" WIDTH="72" HEIGHT="25">
							<String ID="P2_ST01470" HPOS="280" VPOS="1717" WIDTH="72" HEIGHT="25" CONTENT="AND" WC="0.95" CC="111"/>
						</TextLine>
						<TextLine ID="P2_TL00293" HPOS="61" VPOS="1767" WIDTH="513" HEIGHT="65">
							<String ID="P2_ST01471" HPOS="61" VPOS="1772" WIDTH="213" HEIGHT="60" CONTENT="SCOTCH" WC="0.96" CC="101001" STYLEREFS="TXT_16"/>
							<SP ID="P2_SP01161" HPOS="274" VPOS="1832" WIDTH="32"/>
							<String ID="P2_ST01472" HPOS="306" VPOS="1767" WIDTH="268" HEIGHT="64" CONTENT="CONCERT," WC="0.83" CC="10901102" STYLEREFS="TXT_16"/>
						</TextLine>
						<TextLine ID="P2_TL00294" HPOS="73" VPOS="1855" WIDTH="487" HEIGHT="32">
							<String ID="P2_ST01473" HPOS="73" VPOS="1859" WIDTH="30" HEIGHT="24" CONTENT="In" WC="0.96" CC="01"/>
							<SP ID="P2_SP01162" HPOS="103" VPOS="1883" WIDTH="13"/>
							<String ID="P2_ST01474" HPOS="116" VPOS="1858" WIDTH="39" HEIGHT="25" CONTENT="aid" WC="0.96" CC="011"/>
							<SP ID="P2_SP01163" HPOS="155" VPOS="1883" WIDTH="12"/>
							<String ID="P2_ST01475" HPOS="167" VPOS="1858" WIDTH="25" HEIGHT="25" CONTENT="of" WC="0.96" CC="01"/>
							<SP ID="P2_SP01164" HPOS="192" VPOS="1883" WIDTH="13"/>
							<String ID="P2_ST01476" HPOS="205" VPOS="1858" WIDTH="41" HEIGHT="24" CONTENT="the" WC="0.97" CC="110"/>
							<SP ID="P2_SP01165" HPOS="246" VPOS="1883" WIDTH="11"/>
							<String ID="P2_ST01477" HPOS="257" VPOS="1855" WIDTH="173" HEIGHT="32" CONTENT="Presbyterian" WC="0.97" CC="011010110011"/>
							<SP ID="P2_SP01166" HPOS="430" VPOS="1887" WIDTH="21"/>
							<String ID="P2_ST01478" HPOS="451" VPOS="1855" WIDTH="109" HEIGHT="24" CONTENT="Church." WC="0.97" CC="0101101"/>
						</TextLine>
						<TextLine ID="P2_TL00295" HPOS="55" VPOS="1909" WIDTH="521" HEIGHT="32">
							<String ID="P2_ST01479" HPOS="55" VPOS="1912" WIDTH="50" HEIGHT="24" CONTENT="Tea" WC="0.97" CC="010"/>
							<SP ID="P2_SP01167" HPOS="105" VPOS="1936" WIDTH="11"/>
							<String ID="P2_ST01480" HPOS="116" VPOS="1913" WIDTH="26" HEIGHT="22" CONTENT="at" WC="0.98" CC="01"/>
							<SP ID="P2_SP01168" HPOS="142" VPOS="1936" WIDTH="13"/>
							<String ID="P2_ST01481" HPOS="155" VPOS="1912" WIDTH="64" HEIGHT="23" CONTENT="5.30." WC="0.95" CC="10101"/>
							<SP ID="P2_SP01169" HPOS="219" VPOS="1936" WIDTH="12"/>
							<String ID="P2_ST01482" HPOS="231" VPOS="1918" WIDTH="61" HEIGHT="23" CONTENT="p.m." WC="0.99" CC="0100"/>
							<SP ID="P2_SP01170" HPOS="292" VPOS="1941" WIDTH="35"/>
							<String ID="P2_ST01483" HPOS="327" VPOS="1909" WIDTH="103" HEIGHT="24" CONTENT="Concert" WC="1.00" CC="0000000"/>
							<SP ID="P2_SP01171" HPOS="430" VPOS="1941" WIDTH="13"/>
							<String ID="P2_ST01484" HPOS="443" VPOS="1909" WIDTH="25" HEIGHT="23" CONTENT="at" WC="0.98" CC="01"/>
							<SP ID="P2_SP01172" HPOS="468" VPOS="1941" WIDTH="22"/>
							<String ID="P2_ST01485" HPOS="490" VPOS="1909" WIDTH="16" HEIGHT="22" CONTENT="8" WC="1.00" CC="0"/>
							<SP ID="P2_SP01173" HPOS="506" VPOS="1941" WIDTH="11"/>
							<String ID="P2_ST01486" HPOS="517" VPOS="1915" WIDTH="59" HEIGHT="23" CONTENT="p.m." WC="0.94" CC="0111"/>
						</TextLine>
						<TextLine ID="P2_TL00296" HPOS="157" VPOS="2013" WIDTH="339" HEIGHT="47">
							<String ID="P2_ST01487" HPOS="157" VPOS="2013" WIDTH="339" HEIGHT="47" CONTENT="BARGAINS" WC="0.86" CC="11231041" STYLEREFS="TXT_10"/>
						</TextLine>
						<TextLine ID="P2_TL00297" HPOS="161" VPOS="2079" WIDTH="309" HEIGHT="27">
							<String ID="P2_ST01488" HPOS="161" VPOS="2083" WIDTH="67" HEIGHT="23" CONTENT="FOR" WC="0.99" CC="001"/>
							<SP ID="P2_SP01174" HPOS="228" VPOS="2106" WIDTH="16"/>
							<String ID="P2_ST01489" HPOS="244" VPOS="2081" WIDTH="79" HEIGHT="24" CONTENT="THIS" WC="0.96" CC="0101"/>
							<SP ID="P2_SP01175" HPOS="323" VPOS="2106" WIDTH="19"/>
							<String ID="P2_ST01490" HPOS="342" VPOS="2079" WIDTH="128" HEIGHT="25" CONTENT="MONTH." WC="0.98" CC="001010"/>
						</TextLine>
						<TextLine ID="P2_TL00298" HPOS="69" VPOS="2120" WIDTH="508" HEIGHT="30">
							<String ID="P2_ST01491" HPOS="69" VPOS="2126" WIDTH="11" HEIGHT="23" CONTENT="A" WC="0.70" CC="3"/>
							<SP ID="P2_SP01176" HPOS="80" VPOS="2149" WIDTH="32"/>
							<String ID="P2_ST01492" HPOS="112" VPOS="2126" WIDTH="216" HEIGHT="24" CONTENT="Warhoupeman's" WC="0.93" CC="1111003110011"/>
							<SP ID="P2_SP01177" HPOS="328" VPOS="2150" WIDTH="15"/>
							<String ID="P2_ST01493" HPOS="343" VPOS="2122" WIDTH="68" HEIGHT="25" CONTENT="stock" WC="0.96" CC="11010"/>
							<SP ID="P2_SP01178" HPOS="411" VPOS="2150" WIDTH="22"/>
							<String ID="P2_ST01494" HPOS="433" VPOS="2122" WIDTH="26" HEIGHT="24" CONTENT="of" WC="0.98" CC="01"/>
							<SP ID="P2_SP01179" HPOS="459" VPOS="2150" WIDTH="21"/>
							<String ID="P2_ST01495" HPOS="480" VPOS="2120" WIDTH="97" HEIGHT="25" CONTENT="French" WC="0.96" CC="111101"/>
						</TextLine>
						<TextLine ID="P2_TL00299" HPOS="59" VPOS="2153" WIDTH="517" HEIGHT="34">
							<String ID="P2_ST01496" HPOS="59" VPOS="2163" WIDTH="35" HEIGHT="21" CONTENT="£X" WC="0.78" CC="32"/>
							<SP ID="P2_SP01180" HPOS="94" VPOS="2184" WIDTH="34"/>
							<String ID="P2_ST01497" HPOS="128" VPOS="2159" WIDTH="130" HEIGHT="26" CONTENT="Merinoes," WC="0.99" CC="010100000"/>
							<SP ID="P2_SP01181" HPOS="258" VPOS="2185" WIDTH="28"/>
							<String ID="P2_ST01498" HPOS="286" VPOS="2156" WIDTH="137" HEIGHT="31" CONTENT="purchased" WC="0.97" CC="200001100"/>
							<SP ID="P2_SP01182" HPOS="423" VPOS="2187" WIDTH="33"/>
							<String ID="P2_ST01499" HPOS="456" VPOS="2157" WIDTH="25" HEIGHT="21" CONTENT="at" WC="0.96" CC="11"/>
							<SP ID="P2_SP01183" HPOS="481" VPOS="2187" WIDTH="33"/>
							<String ID="P2_ST01500" HPOS="514" VPOS="2153" WIDTH="62" HEIGHT="24" CONTENT="half-" WC="0.98" CC="10001"/>
						</TextLine>
						<TextLine ID="P2_TL00300" HPOS="53" VPOS="2192" WIDTH="523" HEIGHT="37">
							<String ID="P2_ST01501" HPOS="53" VPOS="2198" WIDTH="73" HEIGHT="31" CONTENT="price." WC="0.96" CC="111101"/>
							<SP ID="P2_SP01184" HPOS="126" VPOS="2229" WIDTH="36"/>
							<String ID="P2_ST01502" HPOS="162" VPOS="2196" WIDTH="118" HEIGHT="26" CONTENT="Coloured" WC="0.98" CC="00001001"/>
							<SP ID="P2_SP01185" HPOS="280" VPOS="2229" WIDTH="12"/>
							<String ID="P2_ST01503" HPOS="292" VPOS="2195" WIDTH="103" HEIGHT="27" CONTENT="Merino," WC="0.99" CC="0000001"/>
							<SP ID="P2_SP01186" HPOS="395" VPOS="2229" WIDTH="14"/>
							<String ID="P2_ST01504" HPOS="409" VPOS="2194" WIDTH="45" HEIGHT="31" CONTENT="3/-," WC="0.95" CC="1011"/>
							<SP ID="P2_SP01187" HPOS="454" VPOS="2229" WIDTH="21"/>
							<String ID="P2_ST01505" HPOS="475" VPOS="2192" WIDTH="101" HEIGHT="25" CONTENT="reduced" WC="0.96" CC="1011101"/>
						</TextLine>
						<TextLine ID="P2_TL00301" HPOS="54" VPOS="2232" WIDTH="379" HEIGHT="36">
							<String ID="P2_ST01506" HPOS="54" VPOS="2238" WIDTH="25" HEIGHT="22" CONTENT="to" WC="1.00" CC="00"/>
							<SP ID="P2_SP01188" HPOS="79" VPOS="2260" WIDTH="12"/>
							<String ID="P2_ST01507" HPOS="91" VPOS="2236" WIDTH="50" HEIGHT="32" CONTENT="2/3," WC="0.90" CC="2021"/>
							<SP ID="P2_SP01189" HPOS="141" VPOS="2268" WIDTH="20"/>
							<String ID="P2_ST01508" HPOS="161" VPOS="2236" WIDTH="49" HEIGHT="31" CONTENT="3/9," WC="0.84" CC="5011"/>
							<SP ID="P2_SP01190" HPOS="210" VPOS="2268" WIDTH="20"/>
							<String ID="P2_ST01509" HPOS="230" VPOS="2234" WIDTH="104" HEIGHT="24" CONTENT="reduced" WC="0.95" CC="0103001"/>
							<SP ID="P2_SP01191" HPOS="334" VPOS="2268" WIDTH="12"/>
							<String ID="P2_ST01510" HPOS="346" VPOS="2235" WIDTH="24" HEIGHT="21" CONTENT="to" WC="1.00" CC="00"/>
							<SP ID="P2_SP01192" HPOS="370" VPOS="2268" WIDTH="13"/>
							<String ID="P2_ST01511" HPOS="383" VPOS="2232" WIDTH="50" HEIGHT="32" CONTENT="2/9." WC="0.94" CC="1110"/>
						</TextLine>
						<TextLine ID="P2_TL00302" HPOS="187" VPOS="2269" WIDTH="270" HEIGHT="26">
							<String ID="P2_ST01512" HPOS="187" VPOS="2271" WIDTH="142" HEIGHT="24" CONTENT="SPECIAL" WC="0.81" CC="1201009"/>
							<SP ID="P2_SP01193" HPOS="329" VPOS="2295" WIDTH="17"/>
							<String ID="P2_ST01513" HPOS="346" VPOS="2269" WIDTH="111" HEIGHT="23" CONTENT="LINES." WC="0.93" CC="103010"/>
						</TextLine>
						<TextLine ID="P2_TL00303" HPOS="54" VPOS="2316" WIDTH="525" HEIGHT="35">
							<String ID="P2_ST01514" HPOS="54" VPOS="2323" WIDTH="59" HEIGHT="23" CONTENT="New" WC="0.96" CC="011"/>
							<SP ID="P2_SP01194" HPOS="113" VPOS="2346" WIDTH="24"/>
							<String ID="P2_ST01515" HPOS="137" VPOS="2322" WIDTH="179" HEIGHT="29" CONTENT="Threequarter" WC="0.94" CC="010014110110"/>
							<SP ID="P2_SP01195" HPOS="316" VPOS="2351" WIDTH="25"/>
							<String ID="P2_ST01516" HPOS="341" VPOS="2318" WIDTH="84" HEIGHT="29" CONTENT="Capes," WC="0.96" CC="010110"/>
							<SP ID="P2_SP01196" HPOS="425" VPOS="2351" WIDTH="25"/>
							<String ID="P2_ST01517" HPOS="450" VPOS="2317" WIDTH="48" HEIGHT="24" CONTENT="and" WC="0.95" CC="101"/>
							<SP ID="P2_SP01197" HPOS="498" VPOS="2351" WIDTH="24"/>
							<String ID="P2_ST01518" HPOS="522" VPOS="2316" WIDTH="57" HEIGHT="25" CONTENT="Sea-" WC="0.98" CC="1000"/>
						</TextLine>
						<TextLine ID="P2_TL00304" HPOS="53" VPOS="2356" WIDTH="380" HEIGHT="32">
							<String ID="P2_ST01519" HPOS="53" VPOS="2361" WIDTH="45" HEIGHT="25" CONTENT="lett" WC="0.99" CC="0010"/>
							<SP ID="P2_SP01198" HPOS="98" VPOS="2386" WIDTH="13"/>
							<String ID="P2_ST01520" HPOS="111" VPOS="2359" WIDTH="108" HEIGHT="27" CONTENT="Jackets," WC="0.98" CC="00010010"/>
							<SP ID="P2_SP01199" HPOS="219" VPOS="2386" WIDTH="11"/>
							<String ID="P2_ST01521" HPOS="230" VPOS="2358" WIDTH="57" HEIGHT="30" CONTENT="only" WC="0.96" CC="0101"/>
							<SP ID="P2_SP01200" HPOS="287" VPOS="2388" WIDTH="12"/>
							<String ID="P2_ST01522" HPOS="299" VPOS="2365" WIDTH="14" HEIGHT="15" CONTENT="a" WC="0.96" CC="1"/>
							<SP ID="P2_SP01201" HPOS="313" VPOS="2388" WIDTH="12"/>
							<String ID="P2_ST01523" HPOS="325" VPOS="2357" WIDTH="44" HEIGHT="23" CONTENT="few" WC="0.49" CC="554"/>
							<SP ID="P2_SP01202" HPOS="369" VPOS="2388" WIDTH="12"/>
							<String ID="P2_ST01524" HPOS="381" VPOS="2356" WIDTH="52" HEIGHT="24" CONTENT="left." WC="0.98" CC="01001"/>
						</TextLine>
						<TextLine ID="P2_TL00305" HPOS="197" VPOS="2395" WIDTH="241" HEIGHT="27">
							<String ID="P2_ST01525" HPOS="197" VPOS="2398" WIDTH="31" HEIGHT="24" CONTENT="R." WC="0.93" CC="11"/>
							<SP ID="P2_SP01203" HPOS="228" VPOS="2422" WIDTH="18"/>
							<String ID="P2_ST01526" HPOS="246" VPOS="2397" WIDTH="34" HEIGHT="23" CONTENT="H." WC="0.96" CC="10"/>
							<SP ID="P2_SP01204" HPOS="280" VPOS="2422" WIDTH="24"/>
							<String ID="P2_ST01527" HPOS="304" VPOS="2395" WIDTH="134" HEIGHT="27" CONTENT="PARISH," WC="0.83" CC="0110910"/>
						</TextLine>
						<TextLine ID="P2_TL00306" HPOS="316" VPOS="2434" WIDTH="101" HEIGHT="29">
							<String ID="P2_ST01528" HPOS="316" VPOS="2434" WIDTH="101" HEIGHT="29" CONTENT="Draper," WC="0.96" CC="1110101"/>
						</TextLine>
						<TextLine ID="P2_TL00307" HPOS="356" VPOS="2471" WIDTH="190" HEIGHT="26">
							<String ID="P2_ST01529" HPOS="356" VPOS="2472" WIDTH="65" HEIGHT="25" CONTENT="East" WC="0.69" CC="0912"/>
							<SP ID="P2_SP01205" HPOS="421" VPOS="2497" WIDTH="19"/>
							<String ID="P2_ST01530" HPOS="440" VPOS="2471" WIDTH="106" HEIGHT="25" CONTENT="Oxford." WC="0.81" CC="0170311"/>
						</TextLine>
						<TextLine ID="P2_TL00308" HPOS="55" VPOS="2556" WIDTH="526" HEIGHT="37">
							<String ID="P2_ST01531" HPOS="55" VPOS="2562" WIDTH="54" HEIGHT="31" CONTENT="T\T" WC="0.89" CC="220" STYLEREFS="TXT_9"/>
							<String ID="P2_ST01532" HPOS="111" VPOS="2560" WIDTH="123" HEIGHT="24" CONTENT="ANTED," WC="0.94" CC="010003"/>
							<SP ID="P2_SP01206" HPOS="234" VPOS="2593" WIDTH="18"/>
							<String ID="P2_ST01533" HPOS="252" VPOS="2568" WIDTH="13" HEIGHT="14" CONTENT="a" WC="1.00" CC="0" STYLEREFS="TXT_9"/>
							<SP ID="P2_SP01207" HPOS="265" VPOS="2593" WIDTH="13"/>
							<String ID="P2_ST01534" HPOS="278" VPOS="2559" WIDTH="44" HEIGHT="23" CONTENT="frw" WC="0.36" CC="991"/>
							<SP ID="P2_SP01208" HPOS="322" VPOS="2593" WIDTH="11"/>
							<String ID="P2_ST01535" HPOS="333" VPOS="2556" WIDTH="73" HEIGHT="24" CONTENT="active" WC="0.90" CC="211013"/>
							<SP ID="P2_SP01209" HPOS="406" VPOS="2593" WIDTH="13"/>
							<String ID="P2_ST01536" HPOS="419" VPOS="2564" WIDTH="51" HEIGHT="15" CONTENT="men" WC="0.77" CC="233"/>
							<SP ID="P2_SP01210" HPOS="470" VPOS="2593" WIDTH="20"/>
							<String ID="P2_ST01537" HPOS="490" VPOS="2559" WIDTH="25" HEIGHT="20" CONTENT="to" WC="0.98" CC="01"/>
							<SP ID="P2_SP01211" HPOS="515" VPOS="2593" WIDTH="22"/>
							<String ID="P2_ST01538" HPOS="537" VPOS="2556" WIDTH="44" HEIGHT="30" CONTENT="pnt" WC="0.93" CC="111"/>
						</TextLine>
						<TextLine ID="P2_TL00309" HPOS="65" VPOS="2581" WIDTH="374" HEIGHT="43">
							<String ID="P2_ST01539" HPOS="65" VPOS="2581" WIDTH="34" HEIGHT="38" CONTENT="YV" WC="0.76" CC="23"/>
							<SP ID="P2_SP01212" HPOS="99" VPOS="2619" WIDTH="45"/>
							<String ID="P2_ST01540" HPOS="144" VPOS="2601" WIDTH="30" HEIGHT="23" CONTENT="up" WC="0.93" CC="11"/>
							<SP ID="P2_SP01213" HPOS="174" VPOS="2624" WIDTH="13"/>
							<String ID="P2_ST01541" HPOS="187" VPOS="2593" WIDTH="56" HEIGHT="29" CONTENT="split" WC="0.90" CC="21012"/>
							<SP ID="P2_SP01214" HPOS="243" VPOS="2624" WIDTH="11"/>
							<String ID="P2_ST01542" HPOS="254" VPOS="2591" WIDTH="64" HEIGHT="23" CONTENT="stuff." WC="0.91" CC="113110"/>
							<SP ID="P2_SP01215" HPOS="318" VPOS="2624" WIDTH="36"/>
							<String ID="P2_ST01543" HPOS="354" VPOS="2589" WIDTH="85" HEIGHT="30" CONTENT="Apply," WC="0.85" CC="051111"/>
						</TextLine>
						<TextLine ID="P2_TL00310" HPOS="144" VPOS="2631" WIDTH="323" HEIGHT="28">
							<String ID="P2_ST01544" HPOS="144" VPOS="2646" WIDTH="4" HEIGHT="3" CONTENT="•" WC="1.00" CC="0"/>
							<SP ID="P2_SP01216" HPOS="148" VPOS="2649" WIDTH="22"/>
							<String ID="P2_ST01545" HPOS="170" VPOS="2634" WIDTH="113" HEIGHT="25" CONTENT="Valance" WC="0.82" CC="1153211"/>
							<SP ID="P2_SP01217" HPOS="283" VPOS="2659" WIDTH="13"/>
							<String ID="P2_ST01546" HPOS="296" VPOS="2640" WIDTH="46" HEIGHT="16" CONTENT="and" WC="0.81" CC="123"/>
							<SP ID="P2_SP01218" HPOS="342" VPOS="2659" WIDTH="19"/>
							<String ID="P2_ST01547" HPOS="361" VPOS="2631" WIDTH="106" HEIGHT="27" CONTENT="Taylok," WC="0.90" CC="0032021"/>
						</TextLine>
						<TextLine ID="P2_TL00311" HPOS="410" VPOS="2673" WIDTH="136" HEIGHT="25">
							<String ID="P2_ST01548" HPOS="410" VPOS="2673" WIDTH="136" HEIGHT="25" CONTENT="Woodside." WC="0.92" CC="111111110"/>
						</TextLine>
						<TextLine ID="P2_TL00312" HPOS="139" VPOS="2756" WIDTH="359" HEIGHT="35">
							<String ID="P2_ST01549" HPOS="139" VPOS="2759" WIDTH="190" HEIGHT="32" CONTENT="DANCING" WC="0.82" CC="1181012" STYLEREFS="TXT_2"/>
							<SP ID="P2_SP01219" HPOS="329" VPOS="2791" WIDTH="29"/>
							<String ID="P2_ST01550" HPOS="358" VPOS="2756" WIDTH="140" HEIGHT="31" CONTENT="CLASS." WC="0.91" CC="001131" STYLEREFS="TXT_2"/>
						</TextLine>
						<TextLine ID="P2_TL00313" HPOS="54" VPOS="2846" WIDTH="527" HEIGHT="34">
							<String ID="P2_ST01551" HPOS="54" VPOS="2854" WIDTH="47" HEIGHT="24" CONTENT="For" WC="0.93" CC="121"/>
							<SP ID="P2_SP01220" HPOS="101" VPOS="2878" WIDTH="17"/>
							<String ID="P2_ST01552" HPOS="118" VPOS="2852" WIDTH="92" HEIGHT="28" CONTENT="Adults," WC="0.91" CC="0310111"/>
							<SP ID="P2_SP01221" HPOS="210" VPOS="2880" WIDTH="23"/>
							<String ID="P2_ST01553" HPOS="233" VPOS="2854" WIDTH="25" HEIGHT="20" CONTENT="at" WC="0.96" CC="11"/>
							<SP ID="P2_SP01222" HPOS="258" VPOS="2880" WIDTH="22"/>
							<String ID="P2_ST01554" HPOS="280" VPOS="2850" WIDTH="40" HEIGHT="23" CONTENT="the" WC="0.93" CC="011"/>
							<SP ID="P2_SP01223" HPOS="320" VPOS="2880" WIDTH="20"/>
							<String ID="P2_ST01555" HPOS="340" VPOS="2848" WIDTH="70" HEIGHT="24" CONTENT="Town" WC="0.89" CC="1112"/>
							<SP ID="P2_SP01224" HPOS="410" VPOS="2880" WIDTH="22"/>
							<String ID="P2_ST01556" HPOS="432" VPOS="2847" WIDTH="64" HEIGHT="28" CONTENT="Hall," WC="0.93" CC="02102"/>
							<SP ID="P2_SP01225" HPOS="496" VPOS="2880" WIDTH="24"/>
							<String ID="P2_ST01557" HPOS="520" VPOS="2846" WIDTH="61" HEIGHT="24" CONTENT="East" WC="0.95" CC="1200"/>
						</TextLine>
						<TextLine ID="P2_TL00314" HPOS="56" VPOS="2888" WIDTH="524" HEIGHT="37">
							<String ID="P2_ST01558" HPOS="56" VPOS="2896" WIDTH="97" HEIGHT="27" CONTENT="Oxford," WC="0.92" CC="0212011"/>
							<SP ID="P2_SP01226" HPOS="153" VPOS="2923" WIDTH="22"/>
							<String ID="P2_ST01559" HPOS="175" VPOS="2902" WIDTH="66" HEIGHT="23" CONTENT="every" WC="0.90" CC="01310"/>
							<SP ID="P2_SP01227" HPOS="241" VPOS="2925" WIDTH="23"/>
							<String ID="P2_ST01560" HPOS="264" VPOS="2895" WIDTH="67" HEIGHT="21" CONTENT="other" WC="0.93" CC="01220"/>
							<SP ID="P2_SP01228" HPOS="331" VPOS="2925" WIDTH="24"/>
							<String ID="P2_ST01561" HPOS="355" VPOS="2891" WIDTH="122" HEIGHT="30" CONTENT="Saturday." WC="0.94" CC="111101300"/>
							<SP ID="P2_SP01229" HPOS="477" VPOS="2925" WIDTH="35"/>
							<String ID="P2_ST01562" HPOS="512" VPOS="2888" WIDTH="68" HEIGHT="26" CONTENT="Com-" WC="0.94" CC="1110"/>
						</TextLine>
						<TextLine ID="P2_TL00315" HPOS="55" VPOS="2934" WIDTH="525" HEIGHT="36">
							<String ID="P2_ST01563" HPOS="55" VPOS="2939" WIDTH="105" HEIGHT="31" CONTENT="mencing" WC="0.79" CC="2112109"/>
							<SP ID="P2_SP01230" HPOS="160" VPOS="2970" WIDTH="15"/>
							<String ID="P2_ST01564" HPOS="175" VPOS="2937" WIDTH="122" HEIGHT="30" CONTENT="Saturday," WC="0.91" CC="221211111"/>
							<SP ID="P2_SP01231" HPOS="297" VPOS="2970" WIDTH="14"/>
							<String ID="P2_ST01565" HPOS="311" VPOS="2935" WIDTH="59" HEIGHT="25" CONTENT="Junp" WC="0.67" CC="1309"/>
							<SP ID="P2_SP01232" HPOS="370" VPOS="2970" WIDTH="13"/>
							<String ID="P2_ST01566" HPOS="383" VPOS="2934" WIDTH="52" HEIGHT="27" CONTENT="4th," WC="0.90" CC="3011"/>
							<SP ID="P2_SP01233" HPOS="435" VPOS="2970" WIDTH="14"/>
							<String ID="P2_ST01567" HPOS="449" VPOS="2937" WIDTH="24" HEIGHT="20" CONTENT="at" WC="1.00" CC="00"/>
							<SP ID="P2_SP01234" HPOS="473" VPOS="2970" WIDTH="12"/>
							<String ID="P2_ST01568" HPOS="485" VPOS="2934" WIDTH="16" HEIGHT="23" CONTENT="8" WC="1.00" CC="0"/>
							<SP ID="P2_SP01235" HPOS="501" VPOS="2970" WIDTH="23"/>
							<String ID="P2_ST01569" HPOS="524" VPOS="2940" WIDTH="56" HEIGHT="24" CONTENT="p.m." WC="0.95" CC="1011"/>
						</TextLine>
						<TextLine ID="P2_TL00316" HPOS="219" VPOS="2977" WIDTH="263" HEIGHT="27">
							<String ID="P2_ST01570" HPOS="219" VPOS="2981" WIDTH="33" HEIGHT="23" CONTENT="H." WC="0.87" CC="12"/>
							<SP ID="P2_SP01236" HPOS="252" VPOS="3004" WIDTH="24"/>
							<String ID="P2_ST01571" HPOS="276" VPOS="2978" WIDTH="70" HEIGHT="25" CONTENT="TOM" WC="0.97" CC="001"/>
							<SP ID="P2_SP01237" HPOS="346" VPOS="3004" WIDTH="5"/>
							<String ID="P2_ST01572" HPOS="351" VPOS="2977" WIDTH="55" HEIGHT="24" CONTENT="LIN" WC="0.97" CC="100"/>
							<SP ID="P2_SP01238" HPOS="406" VPOS="3004" WIDTH="5"/>
							<String ID="P2_ST01573" HPOS="411" VPOS="2977" WIDTH="71" HEIGHT="25" CONTENT="SON." WC="0.97" CC="1000"/>
						</TextLine>
						<TextLine ID="P2_TL00317" HPOS="104" VPOS="3089" WIDTH="428" HEIGHT="57">
							<String ID="P2_ST01574" HPOS="104" VPOS="3095" WIDTH="55" HEIGHT="51" CONTENT="G," WC="0.80" CC="31" STYLEREFS="TXT_10"/>
							<SP ID="P2_SP01239" HPOS="159" VPOS="3146" WIDTH="37"/>
							<String ID="P2_ST01575" HPOS="196" VPOS="3089" WIDTH="336" HEIGHT="52" CONTENT="MARSHAL," WC="0.75" CC="01421119" STYLEREFS="TXT_10"/>
						</TextLine>
						<TextLine ID="P2_TL00318" HPOS="143" VPOS="3154" WIDTH="356" HEIGHT="29">
							<String ID="P2_ST01576" HPOS="143" VPOS="3158" WIDTH="142" HEIGHT="25" CONTENT="MAUKET" WC="0.94" CC="012110"/>
							<SP ID="P2_SP01240" HPOS="285" VPOS="3183" WIDTH="18"/>
							<String ID="P2_ST01577" HPOS="303" VPOS="3154" WIDTH="196" HEIGHT="28" CONTENT="GARDENER," WC="0.97" CC="100011001"/>
						</TextLine>
						<TextLine ID="P2_TL00319" HPOS="231" VPOS="3198" WIDTH="204" HEIGHT="26">
							<String ID="P2_ST01578" HPOS="231" VPOS="3201" WIDTH="68" HEIGHT="23" CONTENT="West" WC="0.98" CC="0011"/>
							<SP ID="P2_SP01241" HPOS="299" VPOS="3224" WIDTH="18"/>
							<String ID="P2_ST01579" HPOS="317" VPOS="3198" WIDTH="99" HEIGHT="26" CONTENT="Oxford." WC="0.94" CC="0300012"/>
							<SP ID="P2_SP01242" HPOS="416" VPOS="3224" WIDTH="15"/>
							<String ID="P2_ST01580" HPOS="431" VPOS="3200" WIDTH="4" HEIGHT="3" CONTENT="'" WC="0.81" CC="2"/>
						</TextLine>
						<TextLine ID="P2_TL00320" HPOS="56" VPOS="3240" WIDTH="527" HEIGHT="32">
							<String ID="P2_ST01581" HPOS="56" VPOS="3247" WIDTH="54" HEIGHT="24" CONTENT="Has" WC="0.97" CC="011"/>
							<SP ID="P2_SP01243" HPOS="110" VPOS="3271" WIDTH="22"/>
							<String ID="P2_ST01582" HPOS="132" VPOS="3245" WIDTH="37" HEIGHT="24" CONTENT="for" WC="0.97" CC="100"/>
							<SP ID="P2_SP01244" HPOS="169" VPOS="3271" WIDTH="19"/>
							<String ID="P2_ST01583" HPOS="188" VPOS="3244" WIDTH="50" HEIGHT="24" CONTENT="sale" WC="0.97" CC="1100"/>
							<SP ID="P2_SP01245" HPOS="238" VPOS="3271" WIDTH="23"/>
							<String ID="P2_ST01584" HPOS="261" VPOS="3243" WIDTH="112" HEIGHT="29" CONTENT="Cabbage" WC="0.97" CC="0101110"/>
							<SP ID="P2_SP01246" HPOS="373" VPOS="3272" WIDTH="22"/>
							<String ID="P2_ST01585" HPOS="395" VPOS="3241" WIDTH="97" HEIGHT="29" CONTENT="Plants," WC="0.95" CC="0100112"/>
							<SP ID="P2_SP01247" HPOS="492" VPOS="3272" WIDTH="27"/>
							<String ID="P2_ST01586" HPOS="519" VPOS="3240" WIDTH="64" HEIGHT="24" CONTENT="local" WC="0.98" CC="00110"/>
						</TextLine>
						<TextLine ID="P2_TL00321" HPOS="56" VPOS="3278" WIDTH="525" HEIGHT="38">
							<String ID="P2_ST01587" HPOS="56" VPOS="3286" WIDTH="75" HEIGHT="25" CONTENT="taken" WC="0.99" CC="01000"/>
							<SP ID="P2_SP01248" HPOS="131" VPOS="3311" WIDTH="31"/>
							<String ID="P2_ST01588" HPOS="162" VPOS="3284" WIDTH="90" HEIGHT="32" CONTENT="garden" WC="0.97" CC="101001"/>
							<SP ID="P2_SP01249" HPOS="252" VPOS="3316" WIDTH="31"/>
							<String ID="P2_ST01589" HPOS="283" VPOS="3281" WIDTH="76" HEIGHT="25" CONTENT="seed*." WC="0.81" CC="001191"/>
							<SP ID="P2_SP01250" HPOS="359" VPOS="3316" WIDTH="35"/>
							<String ID="P2_ST01590" HPOS="394" VPOS="3280" WIDTH="88" HEIGHT="31" CONTENT="Young" WC="0.96" CC="10001"/>
							<SP ID="P2_SP01251" HPOS="482" VPOS="3316" WIDTH="40"/>
							<String ID="P2_ST01591" HPOS="522" VPOS="3278" WIDTH="59" HEIGHT="24" CONTENT="fruit" WC="0.96" CC="11001"/>
						</TextLine>
						<TextLine ID="P2_TL00322" HPOS="56" VPOS="3319" WIDTH="526" HEIGHT="34">
							<String ID="P2_ST01592" HPOS="56" VPOS="3328" WIDTH="64" HEIGHT="22" CONTENT="trees" WC="0.96" CC="11001"/>
							<SP ID="P2_SP01252" HPOS="120" VPOS="3350" WIDTH="23"/>
							<String ID="P2_ST01593" HPOS="143" VPOS="3325" WIDTH="48" HEIGHT="23" CONTENT="and" WC="0.97" CC="101"/>
							<SP ID="P2_SP01253" HPOS="191" VPOS="3350" WIDTH="22"/>
							<String ID="P2_ST01594" HPOS="213" VPOS="3322" WIDTH="145" HEIGHT="31" CONTENT="vegetables," WC="0.95" CC="10101000121"/>
							<SP ID="P2_SP01254" HPOS="358" VPOS="3353" WIDTH="23"/>
							<String ID="P2_ST01595" HPOS="381" VPOS="3320" WIDTH="130" HEIGHT="24" CONTENT="wholesale" WC="0.93" CC="410001100"/>
							<SP ID="P2_SP01255" HPOS="511" VPOS="3353" WIDTH="22"/>
							<String ID="P2_ST01596" HPOS="533" VPOS="3319" WIDTH="49" HEIGHT="24" CONTENT="and" WC="0.97" CC="110"/>
						</TextLine>
						<TextLine ID="P2_TL00323" HPOS="56" VPOS="3365" WIDTH="81" HEIGHT="24">
							<String ID="P2_ST01597" HPOS="56" VPOS="3365" WIDTH="81" HEIGHT="24" CONTENT="retail." WC="0.97" CC="1111001"/>
						</TextLine>
						<TextLine ID="P2_TL00324" HPOS="208" VPOS="3445" WIDTH="225" HEIGHT="45">
							<String ID="P2_ST01598" HPOS="208" VPOS="3445" WIDTH="225" HEIGHT="45" CONTENT="DRINK" WC="0.70" CC="39020" STYLEREFS="TXT_10"/>
						</TextLine>
						<TextLine ID="P2_TL00325" HPOS="67" VPOS="3506" WIDTH="493" HEIGHT="43">
							<String ID="P2_ST01599" HPOS="67" VPOS="3509" WIDTH="213" HEIGHT="40" CONTENT="arrsiop's" WC="0.82" CC="523120132" STYLEREFS="TXT_10"/>
							<SP ID="P2_SP01256" HPOS="280" VPOS="3549" WIDTH="16"/>
							<String ID="P2_ST01600" HPOS="296" VPOS="3507" WIDTH="118" HEIGHT="39" CONTENT="pure" WC="0.77" CC="1341" STYLEREFS="TXT_10"/>
							<SP ID="P2_SP01257" HPOS="414" VPOS="3549" WIDTH="24"/>
							<String ID="P2_ST01601" HPOS="438" VPOS="3506" WIDTH="122" HEIGHT="38" CONTENT="teas." WC="0.90" CC="02212" STYLEREFS="TXT_10"/>
						</TextLine>
						<TextLine ID="P2_TL00326" HPOS="57" VPOS="3558" WIDTH="524" HEIGHT="40">
							<String ID="P2_ST01602" HPOS="57" VPOS="3563" WIDTH="65" HEIGHT="30" CONTENT="The" WC="0.80" CC="024" STYLEREFS="TXT_2"/>
							<SP ID="P2_SP01258" HPOS="122" VPOS="3593" WIDTH="14"/>
							<String ID="P2_ST01603" HPOS="136" VPOS="3562" WIDTH="90" HEIGHT="29" CONTENT="finest" WC="0.84" CC="331021" STYLEREFS="TXT_2"/>
							<SP ID="P2_SP01259" HPOS="226" VPOS="3593" WIDTH="14"/>
							<String ID="P2_ST01604" HPOS="240" VPOS="3562" WIDTH="52" HEIGHT="28" CONTENT="the" WC="0.77" CC="160" STYLEREFS="TXT_2"/>
							<SP ID="P2_SP01260" HPOS="292" VPOS="3593" WIDTH="14"/>
							<String ID="P2_ST01605" HPOS="306" VPOS="3558" WIDTH="103" HEIGHT="31" CONTENT="World" WC="0.93" CC="21101" STYLEREFS="TXT_2"/>
							<SP ID="P2_SP01261" HPOS="409" VPOS="3593" WIDTH="17"/>
							<String ID="P2_ST01606" HPOS="426" VPOS="3558" WIDTH="155" HEIGHT="40" CONTENT="produces." WC="0.94" CC="110121110" STYLEREFS="TXT_2"/>
						</TextLine>
						<TextLine ID="P2_TL00327" HPOS="61" VPOS="3606" WIDTH="521" HEIGHT="39">
							<String ID="P2_ST01607" HPOS="61" VPOS="3609" WIDTH="73" HEIGHT="31" CONTENT="Sold" WC="0.93" CC="3001" STYLEREFS="TXT_2"/>
							<SP ID="P2_SP01262" HPOS="134" VPOS="3640" WIDTH="12"/>
							<String ID="P2_ST01608" HPOS="146" VPOS="3609" WIDTH="42" HEIGHT="36" CONTENT="by" WC="0.87" CC="03" STYLEREFS="TXT_2"/>
							<SP ID="P2_SP01263" HPOS="188" VPOS="3645" WIDTH="29"/>
							<String ID="P2_ST01609" HPOS="217" VPOS="3606" WIDTH="49" HEIGHT="29" CONTENT="Mr" WC="0.98" CC="10" STYLEREFS="TXT_2"/>
							<SP ID="P2_SP01264" HPOS="266" VPOS="3645" WIDTH="14"/>
							<String ID="P2_ST01610" HPOS="280" VPOS="3607" WIDTH="34" HEIGHT="28" CONTENT="F." WC="0.83" CC="31" STYLEREFS="TXT_2"/>
							<SP ID="P2_SP01265" HPOS="314" VPOS="3645" WIDTH="16"/>
							<String ID="P2_ST01611" HPOS="330" VPOS="3606" WIDTH="38" HEIGHT="29" CONTENT="A." WC="0.98" CC="01" STYLEREFS="TXT_2"/>
							<SP ID="P2_SP01266" HPOS="368" VPOS="3645" WIDTH="29"/>
							<String ID="P2_ST01612" HPOS="397" VPOS="3607" WIDTH="185" HEIGHT="36" CONTENT="Waterman," WC="0.87" CC="400142101" STYLEREFS="TXT_2"/>
						</TextLine>
						<TextLine ID="P2_TL00328" HPOS="100" VPOS="3646" WIDTH="215" HEIGHT="34">
							<String ID="P2_ST01613" HPOS="100" VPOS="3646" WIDTH="78" HEIGHT="34" CONTENT="East" WC="0.95" CC="1111" STYLEREFS="TXT_2"/>
							<SP ID="P2_SP01267" HPOS="178" VPOS="3680" WIDTH="0"/>
							<String ID="P2_ST01614" HPOS="178" VPOS="3646" WIDTH="137" HEIGHT="34" CONTENT="Oxford." WC="0.95" CC="1101110" STYLEREFS="TXT_2"/>
						</TextLine>
						<TextLine ID="P2_TL00329" HPOS="59" VPOS="3687" WIDTH="484" HEIGHT="36">
							<String ID="P2_ST01615" HPOS="59" VPOS="3690" WIDTH="50" HEIGHT="30" CONTENT="Mr" WC="0.83" CC="21" STYLEREFS="TXT_2"/>
							<SP ID="P2_SP01268" HPOS="109" VPOS="3720" WIDTH="21"/>
							<String ID="P2_ST01616" HPOS="130" VPOS="3689" WIDTH="37" HEIGHT="34" CONTENT="R," WC="0.70" CC="42" STYLEREFS="TXT_2"/>
							<SP ID="P2_SP01269" HPOS="167" VPOS="3723" WIDTH="16"/>
							<String ID="P2_ST01617" HPOS="183" VPOS="3687" WIDTH="120" HEIGHT="31" CONTENT="Fisher.." WC="0.88" CC="21150110" STYLEREFS="TXT_2"/>
							<SP ID="P2_SP01270" HPOS="303" VPOS="3723" WIDTH="14"/>
							<String ID="P2_ST01618" HPOS="317" VPOS="3687" WIDTH="85" HEIGHT="30" CONTENT="West" WC="0.92" CC="2111" STYLEREFS="TXT_2"/>
							<SP ID="P2_SP01271" HPOS="402" VPOS="3723" WIDTH="14"/>
							<String ID="P2_ST01619" HPOS="416" VPOS="3689" WIDTH="127" HEIGHT="29" CONTENT="Oxford." WC="0.95" CC="0110111" STYLEREFS="TXT_2"/>
						</TextLine>
						<TextLine ID="P2_TL00330" HPOS="59" VPOS="3727" WIDTH="525" HEIGHT="40">
							<String ID="P2_ST01620" HPOS="59" VPOS="3730" WIDTH="50" HEIGHT="32" CONTENT="Mr" WC="0.78" CC="31" STYLEREFS="TXT_2"/>
							<SP ID="P2_SP01272" HPOS="109" VPOS="3762" WIDTH="16"/>
							<String ID="P2_ST01621" HPOS="125" VPOS="3729" WIDTH="35" HEIGHT="29" CONTENT="B." WC="0.93" CC="11" STYLEREFS="TXT_2"/>
							<SP ID="P2_SP01273" HPOS="160" VPOS="3762" WIDTH="17"/>
							<String ID="P2_ST01622" HPOS="177" VPOS="3729" WIDTH="48" HEIGHT="29" CONTENT="W." WC="0.96" CC="11" STYLEREFS="TXT_2"/>
							<SP ID="P2_SP01274" HPOS="225" VPOS="3762" WIDTH="31"/>
							<String ID="P2_ST01623" HPOS="256" VPOS="3727" WIDTH="124" HEIGHT="40" CONTENT="Goopor," WC="0.88" CC="1102312" STYLEREFS="TXT_2"/>
							<SP ID="P2_SP01275" HPOS="380" VPOS="3767" WIDTH="30"/>
							<String ID="P2_ST01624" HPOS="410" VPOS="3729" WIDTH="84" HEIGHT="37" CONTENT="Cust," WC="0.86" CC="11114" STYLEREFS="TXT_2"/>
							<SP ID="P2_SP01276" HPOS="494" VPOS="3767" WIDTH="30"/>
							<String ID="P2_ST01625" HPOS="524" VPOS="3730" WIDTH="60" HEIGHT="30" CONTENT="and" WC="0.90" CC="220" STYLEREFS="TXT_2"/>
						</TextLine>
						<TextLine ID="P2_TL00331" HPOS="102" VPOS="3770" WIDTH="218" HEIGHT="39">
							<String ID="P2_ST01626" HPOS="102" VPOS="3780" WIDTH="91" HEIGHT="29" CONTENT="many" WC="0.74" CC="4232" STYLEREFS="TXT_2"/>
							<SP ID="P2_SP01277" HPOS="193" VPOS="3809" WIDTH="19"/>
							<String ID="P2_ST01627" HPOS="212" VPOS="3770" WIDTH="108" HEIGHT="29" CONTENT="others." WC="0.97" CC="0010111" STYLEREFS="TXT_2"/>
						</TextLine>
					</TextBlock>
				</ComposedBlock>
			</PrintSpace>
		</Page>
	</Layout>
</alto>
