2480 3870
56 156 54 31 ihey
122 156 124 24 achieved.
281 158 114 30 Especial
406 158 76 24 credit
493 159 21 23 is
532 159 23 23 di
568 161 13 16 c

56 200 21 17 [o
106 194 39 23 Mr
164 195 103 29 Sparkes
296 196 37 23 for
351 195 42 24 the
421 203 104 17 manner
553 196 26 24 m

55 233 75 23 which
145 233 29 23 he
186 234 142 30 discharged
337 234 42 24 the
388 234 79 25 duties
479 236 27 23 of
512 240 66 26 stage

53 280 121 21 m;i:ia.,'M*.
211 273 50 24 Taj
280 274 55 31 play
364 283 47 16 was
442 283 55 23 very
523 276 53 24 well

53 310 123 23 mounted.

53 435 64 23 Foot
122 443 11 14 i«
136 443 52 16 all.
191 449 32 4 —
225 435 19 24 A
257 436 83 24 match
353 436 49 25 will
416 437 28 24 be
456 437 85 30 played
553 438 24 23 m

52 475 43 23 the
108 475 61 22 Park
183 478 59 20 next
256 475 118 29 Saturday
389 476 58 23 11th
461 476 49 24 last
540 480 37 20 be-

52 515 79 21 tween
143 513 90 23 Oxford
242 515 47 21 'and
299 514 65 23 View
381 515 58 26 Hill,
450 515 128 29 this,after-

52 559 65 16 noon
131 560 14 15 a
167 552 105 30 praciise
294 553 49 23 will
372 552 29 23 be
424 553 64 28 held,
512 561 64 16 com-

52 591 115 30 nivsnciag
194 593 26 22 at
242 593 23 22 3.
294 593 30 22 80
343 592 81 30 sharp,
447 593 70 23 when
535 593 41 24 the

53 629 121 23 members
186 629 25 24 oi'
223 629 42 24 the
277 629 75 24 a'«x>»e
365 633 77 20 teams
454 637 40 17 are
502 631 74 30 speci-

53 666 49 31 ally
111 666 126 30 requested
249 668 24 22 to
290 666 91 27 attend,

87 719 67 23 Band
177 727 29 15 of
228 718 78 24 Hope.
310 734 29 3 —
341 718 20 24 A
373 727 53 15 mpe
437 719 43 31 ing
491 720 24 24 of
534 720 42 24 t!-e

53 756 69 24 West
135 756 87 24 Oxford
232 756 70 24 Ba;»rl
313 757 26 23 of
346 757 68 29 Hope
425 758 46 22 will
484 757 91 24 beheld

53 793 27 24 m
98 794 41 23 the
153 793 30 24 U.
197 794 33 23 M.
254 794 29 23 F.
308 795 100 27 church,
432 802 31 16 on
487 795 89 30 Friday

52 834 67 27 next,
133 833 64 23 June
206 833 67 29 10th,
286 835 25 22 at
324 835 12 22 7
347 841 22 22 p.
381 841 32 16 ni.

88 872 96 24 School
196 872 151 29 Committee,
351 887 30 3 —
382 875 20 21 A
423 873 107 31 meeting
552 873 26 24 of

53 915 42 24 the
113 914 69 24 West
205 915 89 24 Oxford
319 915 87 24 School
429 916 145 25 Committee

52 956 49 25 will
113 956 56 25 takb
181 957 68 31 place
261 965 31 16 on
305 958 105 31 Monday
422 962 67 25 next,
508 960 66 23 June

53 1000 52 27 6th,
119 1002 24 21 at
155 1001 14 23 7
181 1008 23 23 p.
218 1009 33 15 m.
267 1003 3 3 '

87 1052 129 28 Shooting,
220 1068 31 3 —
252 1053 44 24 We
308 1054 67 24 deem
392 1054 20 24 it
424 1063 44 15 our
479 1056 57 30 duty
550 1057 24 22 to

53 1096 98 24 cauLlon
164 1097 134 28 sportsmen
319 1097 113 30 shooting
454 1100 40 22 too
516 1106 59 16 near

54 1138 42 24 the
108 1138 77 28 roads,
199 1147 27 15 as
237 1148 34 14 y»\»
282 1139 31 24 kn
334 1148 19 15 \v
365 1140 25 23 of
396 1142 46 21 two
451 1141 123 24 instances

53 1181 27 23 m
93 1180 79 24 which
184 1189 100 21 persons
295 1183 62 22 Lave
369 1182 81 31 barely
473 1183 101 31 escaped

53 1223 92 23 serious
155 1223 81 31 injury
247 1224 104 31 perhaps
369 1224 82 29 death,
464 1225 30 32 by
507 1226 68 24 shots

53 1264 73 31 being
157 1265 61 24 fired
240 1266 127 31 carelessly
394 1275 80 17 across
493 1269 82 30 public

51 1308 193 30 thoroughfares.

85 1361 53 23 The
150 1362 126 24 Boakd.—
279 1362 45 25 We
346 1372 40 15 are
408 1364 56 29 glad
487 1367 25 21 to
535 1373 39 15 see

51 1403 55 24 that
119 1404 40 23 the
172 1404 78 24 Board
261 1405 60 25 have
334 1405 72 25 taken
414 1415 15 15 a
437 1407 56 24 firm
501 1408 72 23 stand

50 1446 26 22 m
89 1446 120 24 reference
220 1449 25 22 to
259 1448 40 23 the
317 1450 73 21 water
402 1450 92 23 around
515 1450 59 23 Fiu-

49 1488 63 30 lay's
133 1489 208 29 neighbourhood.
376 1491 52 24 The
464 1492 109 31 Finlay's

51 1529 110 24 Lawsuit
173 1531 49 23 will
234 1531 58 31 long
304 1532 74 24 strike
389 1533 25 23 m
426 1533 41 24 the
473 1534 100 24 nostrils

50 1573 27 23 of
85 1573 40 24 the
133 1573 91 24 Oxford
233 1577 136 28 rate-payer
376 1576 49 23 and
433 1576 19 23 it
461 1577 21 23 is
489 1577 84 30 fondly

49 1615 81 31 loped
143 1616 61 29 that,
218 1617 85 32 Finlay
317 1618 48 24 will
376 1618 51 24 find
437 1619 26 24 m
475 1619 42 25 the
525 1620 46 24 fut-

49 1666 51 20 ure,
115 1666 65 17 more
200 1660 124 31 profitable
347 1661 142 31 occupation
513 1663 59 24 than

49 1701 131 31 litigation.

111 1833 172 37 NEWS
296 1834 75 36 OF
395 1835 122 38 THE

204 1874 219 38 WORLD

167 1965 131 23 MUTINY
329 1965 42 23 AT
390 1966 67 22 SEA.

437 2050 103 25 Sydney.

84 2088 98 30 H.M.S,
217 2089 98 30 Archer,
345 2091 77 24 which
451 2091 45 27 has
521 2093 53 33 just

50 2126 95 24 arrived
157 2128 62 22 from
231 2128 42 24 the
291 2128 104 27 Islands,
414 2134 92 26 reports
519 2134 55 22 that

51 2166 48 20 two
117 2163 122 30 Belgians,
258 2164 130 32 belonging
404 2169 26 21 to
447 2175 14 16 a
478 2169 97 31 trading

52 2200 120 24 schooner
188 2204 26 21 at
230 2202 51 23 Poi.
301 2203 126 27 mutinied,
447 2205 55 24 shot
531 2206 42 24 the

50 2240 98 30 captain
160 2240 49 23 and
221 2249 151 23 superoargo,
392 2244 46 22 anil
457 2245 122 29 poisoned^

50 2279 43 23 the
105 2279 69 23 other
186 2280 120 25 members
318 2282 27 23 of
353 2282 42 23 the
407 2289 69 18 crew.
506 2285 66 29 They

51 2318 79 24 seiz.d
143 2318 41 25 the
197 2320 76 23 vessel
282 2321 48 23 and
339 2321 91 25 altered
439 2322 44 25 her
491 2332 81 17 name.

50 2357 32 24 At
94 2357 92 31 Panipe
198 2367 14 15 a
225 2359 114 25 half-cast
347 2369 60 21 gave
416 2362 158 26 information

50 2399 23 21 to
83 2395 41 24 the
136 2397 173 25 Government.
328 2400 52 23 The
393 2402 118 25 schooner
522 2411 49 16 was

50 2433 80 24 seized
142 2434 48 23 and
202 2434 42 24 the
255 2435 116 32 Belgians
385 2446 61 16 were
458 2440 114 28 arrested,

50 2474 26 20 at
104 2471 42 23 the
163 2472 69 29 point
259 2473 27 23 of
301 2474 41 24 the
374 2474 110 31 bayonet,
513 2478 61 23 af.er

50 2508 91 24 violent
169 2509 139 25 resistance.
345 2511 66 31 They
440 2521 61 17 were
527 2515 46 24 im-

50 2548 112 30 prisoned
180 2548 48 24 and
245 2551 139 28 eventually
413 2554 54 22 sent
496 2562 75 23 away,

50 2584 95 31 hnavily
158 2585 111 29 chained,
284 2587 26 24 m
322 2596 14 15 a
350 2587 106 31 Spanish
468 2592 104 24 man-of-

50 2630 47 16 war
110 2624 24 22 to
147 2623 103 23 Manilla
261 2624 38 22 for
314 2625 64 21 trial.

237 2671 138 25 UGANDA.

82 2755 52 22 The
153 2755 110 24 Catholic
279 2756 66 24 vicar
361 2757 27 23 m
405 2757 42 25 the
470 2758 100 32 Uganda

48 2794 102 29 country
163 2795 92 29 reports
268 2794 54 26 that
350 2794 42 26 the
420 2797 150 26 Protestants

48 2839 61 17 were
123 2832 42 24 the
178 2841 137 23 aggressors
327 2835 26 24 m
366 2835 41 25 the
418 2836 63 32 fight
493 2838 77 24 which

48 2872 58 24 took
118 2872 68 30 place
198 2874 103 24 towards
319 2875 41 23 the
372 2875 47 24 end
447 2877 26 24 of
496 2878 74 30 April,

49 2912 49 23 and
111 2912 54 23 that
176 2912 56 30 'hey
242 2921 61 16 ware
315 2915 102 24 assisted
430 2917 24 23 to
466 2925 15 15 a
508 2919 62 29 large

48 2952 84 21 extent
150 2949 31 32 by
207 2950 103 31 Captain
327 2951 98 31 Lugard
443 2954 57 24 with
520 2963 50 17 men

48 2990 48 23 and
110 2990 135 25 munitions
257 2992 27 23 of
293 2999 57 16 war.
371 2992 39 24 He
421 2994 51 24 also
485 2998 85 21 asserts

48 3027 55 25 that
113 3027 42 24 the
167 3029 89 24 misson
268 3029 45 24 has
325 3029 60 25 been
398 3032 93 23 ruined.

66 3077 165 24 GENERAL
249 3079 141 24 BOOTH'S
409 3081 148 22 SCHEME.

431 3161 109 26 London.

82 3200 52 25 The
146 3201 73 25 Earls
237 3202 26 24 of
272 3203 125 25 Aberdeen
413 3206 48 23 and
484 3207 90 29 Dysait

50 3239 47 25 and
107 3239 85 24 'others
204 3240 62 24 have
279 3242 94 24 written
387 3250 14 16 a
413 3243 71 24 letter
497 3247 24 21 to
534 3245 40 24 the

51 3278 82 26 Times,
144 3278 88 30 urging
249 3278 57 32 help
313 3279 37 25 for
358 3280 18 24 G
381 3282 82 24 eneral
471 3282 103 25 Booth's

50 3313 110 26 Colonial
174 3314 105 26 scheme.

85 3372 51 24 The
148 3375 24 22 S-
177 3382 37 13 am
217 3376 53 20 lard
298 3375 94 25 advises
420 3377 32 24 its
481 3380 93 23 readers

50 3417 42 23 not
110 3417 25 21 to
169 3416 39 22 aid
228 3416 105 25 General
352 3417 104 27 Booth's
475 3421 99 26 scheme

50 3457 80 25 which
146 3458 20 23 it
183 3459 173 25 characterises
374 3469 26 15 as
418 3470 14 15 a
449 3464 125 24 worthless

50 3501 64 31 piece
127 3502 25 21 cf
164 3509 66 15 «f:n?f<
237 3502 71 25 tionaj
326 3503 182 30 book-making.

151 3574 96 24 WORK
266 3576 67 23 AND
347 3576 126 23 WAGES.

409 3659 132 26 GISBORNE.

166 3699 25 22 af
219 3699 40 22 thfi
288 3701 168 29 unemployed,
486 3703 86 24 naired

50 3739 101 21 ■'"■i-:i:<--:ii
165 3736 34 22 Mi
204 3737 4 12 :
212 3737 41 21 !er.
268 3741 54 17 sank
334 3738 56 21 here
409 3739 61 22 from
496 3740 76 23 Auck-

672 161 105 30 Bureau,
790 172 47 17 was
853 166 99 24 ordered
969 168 25 23 to
1022 166 89 31 Napier
1138 163 53 35 gaol

670 200 37 24 for
724 201 37 23 six
777 203 79 24 weeks
884 204 49 23 this
961 204 114 31 morning
1093 204 29 31 by
1150 205 41 23 the

668 237 117 25 Kfsident
801 241 20 21 .M
827 240 122 29 agistrate,
962 242 37 23 for
1009 242 71 31 using
1089 242 101 25 obsoene

667 274 127 33 language.
830 277 59 25 Five
902 287 54 16 men
975 280 54 23 who
1046 288 61 16 were
1136 283 54 21 sent

667 318 43 18 out
723 314 62 23 bush
797 314 84 31 felling
888 324 32 15 on
933 324 66 17 come
1009 320 112 28 property
1128 318 62 24 have

667 350 139 33 decamped,
816 353 84 32 taking
914 355 40 24 rhe
966 358 73 24 tents,
1058 356 70 28 tools,
1142 357 47 24 and

666 391 63 27 food,
759 393 109 29 supplied
903 394 28 30 by
949 394 64 24 their
1046 394 143 32 employers.

667 430 51 24 The
730 431 76 30 police
816 440 40 15 are
868 432 98 31 looking
990 434 37 23 for
1056 434 42 24 the
1122 443 64 16 men.

698 508 43 24 AN
760 509 67 24 OLD
855 512 132 23 BUBIAL
1005 512 148 24 GSOUND.

1045 565 109 25 London.

697 603 52 25 The
760 605 107 24 remains
885 606 26 23 of
926 606 149 32 twenty-five
1104 607 83 26 bodies

663 646 60 24 have
735 645 60 26 been
822 648 139 25 discovered
989 650 153 25 underneath
1171 660 15 15 a

663 689 106 31 carriage
781 690 91 32 factory
884 692 78 23 which
975 692 45 24 has
1032 692 61 24 bsen
1110 696 75 22 erect-

663 732 29 24 e.l
704 732 24 24 m
745 734 68 31 Long
829 734 61 24 Acre
907 735 36 24 for
961 743 56 17 over
1033 744 15 16 a
1076 739 109 29 century.

663 775 21 23 A
695 775 45 24 few
752 775 26 25 of
785 775 42 25 the
838 777 108 24 remains
957 786 62 16 were
1024 779 119 30 jjonfined
1160 780 24 23 m

662 817 92 30 coffins,
768 818 48 24 and
833 819 20 24 it
864 820 22 23 is
902 820 131 25 rumoured
1143 823 44 24 the

661 868 12 15 s
684 864 31 20 ;ot
727 869 49 16 was
787 862 113 32 formerly
912 864 43 24 the
966 864 46 24 site
1029 864 27 25 of
1081 872 14 17 a
1122 872 63 17 nun-

660 911 68 25 nery.

693 985 106 25 Curious
818 987 63 24 Find
898 996 30 16 of
955 988 114 29 Gold,—
1070 988 21 25 A
1124 989 59 25 tele-

660 1031 68 22 gram
740 1024 107 24 received
859 1026 62 23 from
935 1026 114 24 Hokitika
1058 1026 49 24 last
1114 1027 69 24 Mon-

660 1063 47 30 day
714 1071 62 23 says:
779 1078 32 3 —
812 1064 38 23 An
863 1066 179 30 extraordinary
1055 1066 56 30 gold
1133 1066 50 24 find

660 1101 111 23 occurred
784 1103 134 30 yesterday.
952 1103 31 23 In
996 1103 110 31 washing
1117 1112 66 16 some

658 1141 110 27 potatoes
777 1147 14 15 a
802 1139 47 23 fair
859 1143 111 27 prospect
982 1141 26 23 of
1014 1141 56 29 gold
1082 1149 49 16 was
1142 1142 40 24 ob-

659 1177 89 24 tained.
795 1178 51 24 The
858 1179 49 23 dirt
918 1187 48 16 was
978 1179 59 24 then
1049 1180 73 24 taken
1142 1184 41 21 out

657 1216 50 23 and
721 1217 103 28 washed,
837 1218 49 23 and
897 1219 75 23 found
984 1221 25 22 to
1022 1219 28 24 be
1072 1219 110 31 payable.

661 1253 52 24 The
725 1256 109 28 potatoes
847 1263 60 16 were
919 1264 81 23 grown
1009 1263 25 17 &t
1046 1257 137 30 Kokataha,

660 1290 74 25 about
746 1293 85 23 twelve
843 1292 71 25 miles
925 1294 62 23 from
996 1294 66 28 here,
1075 1295 47 23 and
1133 1304 50 16 sev-

660 1329 50 26 eral
721 1330 96 32 diggers
829 1332 61 24 have
902 1341 62 23 gone
977 1336 24 22 to
1013 1333 43 25 the
1078 1335 105 31 locality.

693 1411 22 23 A
732 1411 104 31 striking
848 1412 122 32 specimen
982 1414 46 23 has
1042 1414 53 31 just
1122 1414 61 25 been

660 1450 78 25 added
749 1452 25 23 to
786 1451 41 24 the
839 1459 111 18 museum
963 1452 27 25 of
999 1452 42 25 the
1054 1453 89 25 School
1160 1454 26 24 of

661 1489 79 24 Mines
752 1492 26 21 at
790 1490 171 29 Castlemaine,
973 1492 27 23 m
1012 1492 42 24 the
1067 1492 75 32 shape
1160 1494 26 27 of.

660 1534 14 16 a
686 1527 81 30 wedge
786 1527 74 24 tailed
880 1529 67 29 eagle
971 1529 92 31 (aquila
1083 1531 100 29 audax).

660 1564 80 24 These
749 1564 66 24 birds
825 1565 49 24 live
885 1574 32 16 on
928 1574 83 24 young
1032 1567 80 25 lambs
1135 1569 48 23 and

659 1600 100 30 rabbits,
773 1610 26 16 so
811 1602 54 25 that
879 1603 66 25 there
958 1604 189 26 extermination
1162 1605 22 25 is

658 1640 44 23 not
714 1647 31 16 an
758 1640 114 25 unmixed
891 1642 70 30 good,
984 1642 119 31 although
1126 1644 57 31 they

661 1676 30 24 do
704 1678 73 23 much
794 1678 80 24 harm.
910 1678 52 25 The
985 1679 53 25 bird
1060 1688 124 17 measures

662 1717 13 23 7
688 1715 48 26 feet
748 1718 14 24 8
774 1717 85 26 inches
871 1719 58 24 with
942 1719 32 25 its
986 1720 77 31 wings
1080 1721 104 31 expand-

662 1753 37 25 ed.
735 1755 20 23 A
767 1755 93 24 similar
872 1757 67 31 eagle
951 1765 48 17 was
1010 1759 108 31 recently
1130 1767 54 23 cap-

662 1793 69 25 tured
743 1802 32 16 on
787 1795 40 24 Mr
838 1796 149 25 Fairbairn's
1000 1797 73 25 Cairn
1089 1799 96 24 Curran

662 1833 92 28 Estate,
768 1834 48 23 and
828 1835 42 24 the
881 1835 53 24 bird
946 1836 44 24 has
1000 1836 60 24 been
1072 1837 113 24 forward-

662 1870 29 23 ed
703 1870 25 24 m
740 1871 32 23 its
784 1871 46 25 live
843 1874 62 22 state
913 1874 25 23 to
948 1873 110 32 Geelong
1065 1874 37 24 for
1111 1875 74 24 show.

663 1908 25 24 It
700 1908 102 25 devours
813 1917 15 17 a
845 1909 80 25 rabbit
936 1911 73 30 daily,
1018 1912 80 23 which
1109 1912 21 24 is
1142 1913 44 29 put

662 1944 52 25 into
726 1945 33 25 its
770 1954 59 22 cage
840 1947 70 24 alive.

695 2025 22 25 A
729 2026 106 25 Curious
853 2027 142 33 Ceremony,
998 2043 31 3 —
1030 2028 30 24 In
1089 2028 97 25 accord-

661 2077 60 16 ance
729 2070 60 25 with
797 2070 97 26 ancient
903 2073 103 28 custom,
1017 2071 41 25 the
1066 2070 121 33 Emperor

661 2112 27 24 of
695 2112 98 26 Austria
805 2122 32 16 on
854 2114 69 31 April
936 2117 30 22 1-L
985 2115 136 31 performed
1144 2117 42 24 the

660 2162 53 17 Clig
724 2164 64 22 nony
800 2157 26 23 of
833 2157 112 31 washing
957 2158 41 24 the
1010 2158 47 23 feet
1065 2159 26 23 of
1100 2159 85 24 twelve

662 2199 60 29 aged
734 2207 59 21 poor
810 2207 56 17 men
878 2200 25 23 m
924 2200 43 25 the
988 2200 61 25 Hall
1072 2201 26 24 of
1115 2202 70 23 Cere-

661 2241 94 24 monies
767 2244 25 22 at
804 2242 42 25 the
854 2243 120 31 Hofburg.
1009 2243 39 24 All
1057 2244 42 24 the
1108 2253 76 15 mem-

661 2283 52 24 bers
726 2284 26 24 of
768 2284 40 24 the
826 2285 115 31 Imperial
963 2286 96 31 Family
1080 2294 56 18 now
1158 2288 27 23 m

661 2326 96 25 Vienna
769 2335 61 17 were
849 2331 104 28 present,
967 2338 27 15 as
1017 2330 55 24 well
1094 2338 27 16 as
1143 2330 43 25 tl.e

661 2369 69 31 High
742 2370 82 28 Court,
836 2371 182 29 functionaries,
1031 2373 121 24 members
1161 2374 26 24 of

661 2411 42 24 the
720 2411 84 29 Court,
828 2412 132 29 Ministers,
985 2414 40 24 &c.
1070 2414 53 25 The
1145 2414 40 25 old

661 2463 56 14 men
719 2469 25 3 —
762 2454 80 25 whose
854 2456 127 24 combined
989 2465 31 22 ag
1034 2465 49 15 sin
1094 2458 91 24 ounted

661 2498 25 22 to
698 2505 14 15 a
724 2498 61 23 total
795 2498 27 22 of
832 2499 62 23 1058
903 2506 70 23 years
976 2514 29 2 —
1007 2501 37 21 sat
1056 2507 32 16 on
1097 2507 14 16 a
1122 2500 61 31 plat-

661 2538 61 24 form
735 2541 25 22 at
772 2547 13 16 a
797 2540 59 31 long
866 2541 73 28 table,
953 2541 47 25 and
1011 2549 26 17 as
1050 2541 41 25 the
1111 2543 74 30 pries!;

661 2581 91 31 poured
764 2585 74 21 water
849 2591 57 16 over
924 2584 64 23 their
1011 2584 56 25 bare
1088 2585 48 25 feet
1159 2586 25 23 m

662 2625 65 28 turn,
752 2624 42 25 the
822 2625 128 31 Emperor,
973 2627 121 31 kneeling,
1119 2628 67 24 dried

663 2667 68 23 them
743 2667 59 24 with
814 2675 14 16 a
840 2669 78 24 towel.
952 2669 97 31 During
1068 2670 42 24 the
1122 2679 63 17 cere-

663 2717 73 23 mony
749 2717 14 16 a
772 2710 68 24 choir
851 2711 106 24 chanted
968 2712 83 25 sacred
1062 2721 123 24 passages,

663 2752 49 24 and
723 2754 25 23 at
771 2754 31 23 its
819 2755 65 23 close
906 2754 42 24 the
968 2755 120 31 Emperor
1117 2756 70 32 hung

661 2795 79 25 round
752 2795 41 25 the
805 2796 61 25 neok
878 2797 27 24 of
913 2797 60 24 each
985 2798 40 25 old
1037 2806 57 17 man
1104 2808 15 15 a
1139 2800 47 24 silk

661 2846 72 23 purse
745 2839 142 31 containing
899 2840 74 30 thirty
981 2842 79 30 pieces
1068 2842 27 24 of
1105 2842 58 25 silve
1178 2861 7 7 .

661 2882 21 24 A
694 2882 64 25 meal
770 2891 27 16 ws
808 2890 11 17 s
841 2882 49 26 hen
902 2884 91 28 served,
1012 2885 49 24 and
1073 2886 41 24 the
1126 2887 61 30 aged

661 2926 105 28 visitors,
780 2926 53 24 who
843 2935 60 15 were
915 2928 96 24 dressed
1021 2936 26 16 as
1059 2929 127 25 medieval

661 2969 118 30 pilgrims,
793 2977 61 16 were
866 2969 84 25 driven
962 2973 25 22 to
1015 2971 64 24 their
1100 2972 86 25 homes

663 3012 66 23 amid
741 3012 42 24 the
794 3011 84 26 cheers
889 3013 26 23 of
926 3013 41 24 the
985 3013 87 24 crowd.

695 3117 79 24 Three
785 3125 70 24 years
867 3125 52 24 ago,
930 3126 14 16 a
961 3120 56 31 lady
1040 3120 27 24 of
1084 3128 42 24 my
1148 3130 37 17 ac-

662 3163 147 31 quaintance
822 3163 25 33 (a
858 3165 81 24 writer
957 3165 26 24 m
1006 3165 109 26 Fashion
1138 3169 49 24 and

663 3208 73 30 Sport
748 3210 67 30 says)
828 3217 49 16 was
889 3210 122 30 surprised
1023 3212 26 22 to
1070 3211 60 30 find,
1154 3222 33 16 on

661 3254 106 31 opening
783 3262 15 16 a
809 3253 126 32 telegram,
948 3254 54 26 that
1013 3255 21 25 it
1046 3264 49 17 was
1106 3265 15 16 a
1132 3266 53 22 pro-

661 3300 68 31 posal
742 3300 26 25 of
780 3301 118 31 marriage
910 3301 62 25 from
985 3309 15 17 a
1011 3310 59 17 man
1082 3304 44 24 she
1138 3304 49 26 had

662 3346 90 24 known
761 3354 67 16 some
838 3347 68 23 time.
924 3347 24 24 It
956 3355 45 16 ran
1011 3347 66 29 thus,
1087 3349 98 31 simply:

689 3388 58 24 Will
758 3396 48 23 you
818 3396 81 24 marry
910 3397 40 17 me
1024 3389 50 25 She
1082 3398 104 17 answer-

662 3434 28 24 ed
703 3434 167 32 immediately
889 3436 48 23 and
958 3437 101 30 shortly.

661 3478 50 24 But
723 3479 50 23 this
785 3480 109 24 incident
911 3481 71 24 made
1002 3489 33 17 no
1058 3481 129 27 difference

661 3526 25 23 to
700 3525 62 24 their
775 3526 146 32 friendship.'
950 3528 61 25 Last
1022 3537 64 22 year,
1104 3537 31 16 on
1144 3530 43 24 the

663 3575 67 16 sails
743 3568 54 30 day,
812 3570 43 23 she
872 3571 108 23 received
1004 3572 103 24 another
1129 3574 57 23 tele-

661 3617 69 23 gram
753 3618 13 16 c
776 3612 71 29 .acfely
871 3612 48 24 like
942 3613 41 24 the
1009 3614 56 24 last.
1127 3614 60 26 Will

661 3661 48 22 you
721 3662 80 23 marry
813 3664 40 15 me
902 3658 56 23 -and
968 3659 123 23 answered
1103 3668 26 15 as
1147 3660 41 24 be-

660 3697 58 23 fore.
779 3699 65 29 No.,'
879 3701 61 24 This
950 3710 65 22 year,
1027 3710 30 16 on
1068 3703 42 24 the
1120 3712 67 16 same

659 3741 62 22 data,
736 3742 42 23 the
794 3749 66 18 same
884 3744 71 31 thing
978 3745 136 30 happened,
1138 3748 49 24 and

664 3786 122 25 this'tims
799 3789 43 23 her
854 3797 93 18 answer
959 3800 47 16 was

1309 169 23 24 A
1345 177 73 23 green
1430 171 124 25 Irishman
1566 179 31 17 on
1610 172 74 24 board
1696 180 14 16 a
1722 180 74 16 man-

1277 212 92 28 of-war,
1387 222 49 15 was
1448 214 50 24 told
1512 216 25 22 to
1548 215 60 24 haul
1620 215 26 23 m
1658 223 14 15 a
1684 215 114 25 tow-line

1277 254 26 23 of
1313 255 164 25 considerable
1488 256 94 31 length.
1618 257 68 24 After
1707 257 95 31 getting

1278 297 26 23 m
1316 295 74 27 about
1402 299 54 29 fifty
1468 299 107 24 fathoms
1587 298 38 25 his
1637 300 112 29 patience
1762 300 39 23 be-

1281 347 47 22 gan
1352 342 24 22 to
1403 341 104 24 exhaust
1528 341 73 29 itself,
1625 342 49 23 and
1702 342 31 24 lie
1755 349 49 18 was

1279 381 75 24 heard
1366 385 25 22 to
1404 385 98 25 mutter,
1541 384 38 30 By
1591 391 41 23 my
1644 384 62 27 soul,
1718 385 41 23 it's
1775 393 28 16 as

1281 423 223 32 longa.-Jtodayand
1510 427 25 22 to
1540 433 110 17 morrow.
1664 426 62 24 It'sa
1738 426 61 31 good

1281 466 87 25 week's
1379 466 65 25 work
1456 468 37 24 for
1504 474 47 25 any
1560 468 47 24 five
1627 468 26 24 m
1676 469 42 24 the
1741 469 62 31 ship.

1282 509 85 23 What!
1382 517 66 16 more
1459 510 26 24 of
1493 510 21 22 it
1535 511 57 29 yet!
1622 510 61 24 Och!
1708 512 96 23 murder

1281 551 42 24 the
1336 553 47 23 sa's
1406 552 96 30 mighty
1523 552 59 30 deep
1606 554 25 23 to
1652 551 31 26 be
1703 560 54 17 sure
1768 555 5 22 !

1280 595 66 24 Here
1358 595 31 24 he
1402 595 101 31 stopped
1515 595 76 29 short,
1604 595 49 24 and
1666 596 100 30 turning
1778 598 25 22 to

1279 637 43 25 the
1345 638 80 24 officer
1448 637 26 25 of
1496 637 42 25 the
1560 638 79 24 watch
1662 638 141 26 exclaimed.

1305 680 54 24 Bad
1368 688 116 18 manners
1496 682 25 22 to
1533 688 46 20 me,
1594 682 40 27 sir,
1658 681 21 23 if
1698 682 14 23 I
1734 682 69 24 don't

1279 723 71 25 think
1363 723 153 31 somebody's
1527 727 41 21 cut
1577 724 34 24 off
1622 724 42 25 the
1676 725 47 24 end
1734 725 27 24 of
1765 726 36 23 it.'

526 40 165 31 OXFORD
733 44 88 30 AND
867 46 106 30 GUST
1016 45 223 33 OBSERVER
1282 48 232 40 SATURDAY,
1556 52 108 31 JUKE
1706 55 28 35 4,
1779 55 85 32 1802.

1893 3660 101 25 Printed
2018 3663 49 24 ari
2105 3664 94 27 Publisl
2211 3670 71 31 «tUy
2310 3670 109 25 Richard

1927 3703 105 26 Holman
2054 3706 98 30 Parish,
2176 3712 26 21 at
2221 3710 39 25 bis
2279 3712 140 31 ilegistered

1892 3750 2 31 ;
1926 3744 113 34 Printi'D?
2051 3747 82 31 os^
2157 3750 33 25 Hi
2190 3761 17 22 f
2209 3752 14 24 h
2249 3752 89 31 Street;
2361 3756 58 26 East

1924 3787 89 27 Ostovd
2033 3791 148 25 rHrterbur*

1311 837 36 25 To
1368 845 57 17 cure
1448 846 13 17 a
1490 838 55 31 Dog
1576 838 66 24 from.
1674 837 129 32 Worrying

1279 873 89 33 Sheep.
1370 890 31 3 —
1403 875 22 24 A
1458 874 189 32 correspondent
1691 876 26 23 of
1760 876 42 25 the

1278 915 114 24 National
1402 916 121 23 Stockman
1536 915 80 24 writes
1628 923 27 16 as
1666 915 92 24 follows
1769 924 32 16 on

1276 953 86 30 curing
1394 952 60 31 dogs
1487 951 27 25 of
1545 952 82 32 sheep-
1630 953 120 31 worrying
1762 962 6 15 :
1769 968 31 3 —

1276 990 89 32 Young
1375 991 60 31 dogs
1444 998 45 18 can
1501 990 29 24 be
1540 990 70 25 made
1620 998 26 17 so
1653 991 148 31 thoroughly

1276 1030 78 23 afraid
1370 1030 27 24 of
1411 1030 74 31 sheep
1512 1030 56 24 that
1595 1030 58 31 they
1680 1031 49 24 will
1757 1033 44 22 net

1276 1067 82 24 attack
1369 1068 69 23 them
1449 1068 26 23 m
1486 1067 64 24 their
1559 1070 95 21 mature
1660 1076 78 22 years.
1757 1068 44 24 Tie

1276 1104 68 24 them
1356 1106 26 22 to
1393 1104 42 25 the
1447 1102 63 27 head
1526 1105 28 24 of
1568 1113 14 15 a
1598 1113 62 19 ram,
1689 1106 49 23 and
1765 1106 34 24 let

1275 1143 74 24 about
1362 1144 43 23 Bft.
1418 1144 26 24 of
1453 1151 57 23 rope
1522 1144 132 28 intervene,
1666 1145 49 23 and
1731 1145 68 30 place

1275 1183 69 23 them
1355 1183 26 23 m
1394 1191 15 15 a
1426 1184 63 23 clear
1506 1183 65 25 field.
1607 1183 52 24 The
1686 1185 113 29 repeated

1275 1221 102 32 charges
1388 1222 27 24 of
1425 1223 42 24 the
1477 1230 54 16 ram
1545 1223 48 24 will
1607 1231 26 16 so
1645 1223 95 31 disgust
1756 1224 43 24 tl:e

1275 1264 48 32 dog
1339 1265 59 24 whh
1416 1267 42 22 the
1745 1267 54 24 that

1276 1305 31 24 he
1321 1305 46 24 will
1379 1313 55 16 ever
1444 1305 62 24 after
1517 1305 70 24 avoid
1599 1305 42 25 the
1653 1306 70 24 ovine
1735 1314 62 17 race.

1277 1341 38 24 An
1328 1342 37 24 old
1380 1342 47 32 dog
1437 1343 79 24 which
1529 1351 49 16 was
1595 1343 91 31 caught
1702 1344 26 23 m
1757 1345 42 24 the

1276 1382 39 20 act
1326 1380 27 23 of
1362 1380 89 30 killing
1462 1380 74 30 sheep
1553 1387 50 17 was
1615 1381 72 23 cured
1704 1381 27 23 of
1756 1382 43 23 the

1275 1416 140 31 propensity
1441 1417 26 23 m
1495 1417 50 24 this
1573 1425 104 17 manner
1703 1417 27 25 m
1757 1426 42 23 my

1274 1461 114 23 presence
1400 1461 74 23 many
1482 1462 71 23 years
1561 1461 55 24 ago.
1649 1454 35 25 As
1695 1455 42 24 the
1746 1463 53 16 ram

1275 1492 131 24 continued
1418 1495 25 22 to
1458 1492 89 31 charge
1559 1501 65 22 upon
1635 1493 43 24 the
1689 1494 54 30 dog,
1757 1494 42 24 the

1275 1530 73 23 latter
1361 1529 95 25 worked
1467 1530 77 23 closer
1561 1530 48 24 and
1620 1530 77 25 closer
1714 1532 26 23 to
1756 1531 42 24 the

1275 1569 76 28 fence,
1364 1569 49 24 and
1425 1569 49 24 whf
1478 1568 17 25 ii
1509 1569 31 24 he
1552 1569 48 24 had
1611 1570 103 24 reached
1725 1571 20 24 it
1757 1571 41 24 tie

1274 1614 54 16 ram
1339 1606 63 24 drew
1411 1606 68 29 back,
1491 1607 49 24 and
1551 1609 26 23 at
1587 1607 42 25 the
1637 1607 61 25 final
1710 1608 88 32 charge

1277 1646 41 24 the
1329 1646 48 31 dog
1393 1649 63 21 went
1474 1654 56 16 over
1547 1646 42 25 the
1606 1647 68 24 fenca
1702 1647 59 25 with
1785 1656 13 16 a

1275 1684 16 14 '*•
1303 1683 61 32 ki-yi
1422 1684 55 24 that
1505 1684 71 24 made
1603 1685 43 24 the
1672 1685 129 25 onlookers

1277 1724 75 30 laugh
1361 1723 174 32 uproariously.
1569 1724 53 24 The
1633 1725 87 24 canine
1729 1726 70 24 could

1276 1765 45 22 not
1331 1763 75 24 touch
1418 1763 40 25 his
1474 1763 61 23 hind
1546 1763 48 25 feet
1606 1766 25 22 to
1643 1764 42 24 the
1696 1765 103 30 ground,

1277 1800 49 25 and
1334 1809 27 16 as
1373 1800 42 25 the
1427 1808 53 17 ram
1489 1800 80 25 would
1578 1800 60 25 back
1648 1809 32 23 up
1692 1804 25 22 to
1729 1802 71 24 make

1277 1839 103 23 another
1397 1838 87 30 charge
1502 1838 51 24 this
1569 1839 80 23 would
1665 1839 66 24 draw
1759 1840 42 24 the

1277 1877 47 31 dog
1335 1885 33 23 up
1380 1886 14 15 a
1405 1877 72 25 little.
1511 1876 48 25 His
1571 1878 120 30 struggles
1707 1880 26 23 to
1761 1881 40 29 ge*

1276 1917 107 23 released
1395 1917 49 23 and
1455 1916 43 24 the
1508 1924 54 16 ram
1575 1917 81 30 trying
1667 1919 26 22 to
1703 1919 41 29 get
1755 1918 47 23 fair

1301 1955 49 31 clip
1392 1959 26 20 at
1429 1955 53 23 him
1500 1955 88 23 caused
1615 1962 15 17 a
1658 1963 39 17 see
1710 1956 92 31 sawing

1277 2002 81 16 across
1369 1993 43 25 the
1423 1993 69 25 fence
1504 1993 55 25 that
1571 2002 49 16 was
1631 2002 27 17 as
1773 2004 27 16 as

1276 2040 15 16 a
1302 2032 79 24 circus
1390 2032 14 12 *'
1416 2034 26 22 to
1454 2032 106 24 witness.
1589 2032 61 24 This
1660 2040 48 18 was
1719 2034 83 26 heroic

1277 2074 132 22 treatment
1421 2079 7 21 ;
1441 2071 44 25 but
1496 2072 33 24 all
1541 2071 52 24 said
1630 2072 62 31 good
1703 2074 98 31 enough

1275 2112 38 24 for
1437 2110 40 25 He
1488 2110 64 24 lived
1563 2112 92 24 several
1666 2119 78 24 years,
1757 2113 44 25 but

1276 2158 51 16 was
1339 2152 44 21 not
1394 2149 89 24 known
1500 2150 26 22 to
1542 2148 90 25 molest
1649 2150 73 31 sheep
1740 2151 62 24 after

1277 2187 63 24 that.

1885 850 48 30 All
1950 853 65 29 Woi
2025 854 21 29 k
2060 855 78 31 done
2147 867 37 19 on
2195 858 53 29 the
2260 859 150 31 Premises

2006 900 59 30 and
2088 905 196 35 guaranteed.

1917 957 39 25 Mr
1967 960 53 25 Gus
2031 962 76 25 Jones
2116 964 47 24 will
2173 964 54 26 vieife
2237 967 89 24 Oxford
2336 976 71 23 every

1883 997 71 24 other
1974 998 55 25 Sale
2051 1000 54 31 day,
2128 1010 112 17 common
2255 1004 40 31 ing
2318 1006 100 24 Thnrs--

1883 1036 53 31 day,
1952 1037 54 25 Feb.
2018 1039 52 29 4th,
2083 1040 48 24 and
2149 1042 48 23 will
2211 1043 69 31 bring
2302 1053 14 15 a
2339 1046 68 24 stock

1914 1075 26 23 of
1953 1073 122 32 Watches,
2088 1077 94 30 Clocks,
2194 1080 47 23 and
2253 1081 118 26 Je.vellry.

1916 1136 86 25 Orders
2020 1138 44 24 left
2082 1142 25 22 at
2127 1142 41 22 the
2191 1141 116 31 Working
2330 1144 79 25 M«n's

1916 1169 67 30 Club,
1997 1171 96 29 Oxford,
2107 1173 47 24 will
2178 1175 87 24 rsceivj
2276 1180 99 27 prompt

2077 1211 57 18 attei
2145 1205 52 25 tion

1967 1300 53 45 P.
2044 1303 54 43 B.
2130 1304 193 46 LANE.

1987 1363 89 38 (Late
2091 1367 35 28 B.
2143 1367 158 40 Butcher.)

1896 1409 248 39 Watchmaker,
2159 1415 179 36 Jeweller,
2355 1416 45 30 &o

1884 1455 120 31 Importer
2031 1458 27 23 of
2094 1458 103 26 Musisal
2236 1462 172 29 Instruments,

1886 1494 106 24 Victoria
2011 1496 37 28 St,
2065 1497 134 31 Rangiora.

1883 1562 130 32 Speciality
2022 1573 38 16 :—
2062 1565 26 24 in
2095 1568 106 29 superior
2211 1568 105 31 English
2335 1570 35 24 Le
2385 1578 27 16 er

1882 1600 112 25 Watches
2006 1602 25 23 m
2043 1606 69 21 exira
2123 1605 84 31 strong
2218 1614 66 16 cases
2296 1608 69 23 made
2377 1611 27 21 to

1884 1646 41 23 my
1937 1638 69 24 order
2018 1641 25 22 to
2055 1641 49 24 suit
2122 1641 42 24 the
2185 1644 179 30 requirements,
2384 1646 29 23 of

1884 1676 51 22 this
1952 1676 101 24 district.

1918 1715 29 24 F.
1960 1714 30 25 B.
2005 1716 66 24 Lane
2084 1716 66 26 visits
2174 1718 89 25 Oxford
2288 1721 122 31 monthly,

1886 1754 96 31 staying
1989 1757 24 22 at
2026 1756 132 25 Mitchell's
2173 1758 124 32 Boarding
2317 1760 94 25 House.

1886 1793 41 25 All
1938 1794 92 30 repairs
2041 1803 38 15 are
2091 1796 200 36 donejtinaSfemy
2299 1799 112 31 personal

1886 1833 158 30 supervision,
2069 1834 58 24 and'
2137 1835 15 23 l
2173 1835 132 32 gicriijaittee
2338 1839 72 24 satis-

1884 1871 99 25 faction.
2018 1873 44 24 AU
2072 1874 99 31 jobbing
2180 1875 44 25 left
2241 1881 26 19 at
2289 1876 123 26 Weeber's

1886 1909 83 30 Fancy
1980 1909 151 31 Repository,
2154 1912 62 24 East
2238 1914 99 27 Oxfjrd,
2360 1915 50 23 will

1884 1947 93 24 receive
1987 1956 42 23 ray
2041 1948 54 25 best
2105 1950 121 24 attention
2244 1952 49 23 and
2312 1960 98 17 reason-

1886 1985 54 25 able
1950 1989 72 22 rates.

1919 2025 115 25 Caution.
2069 2027 38 24 No
2119 2029 141 24 connection
2280 2030 60 25 with
2363 2039 48 24 any

1885 2065 71 25 other
1967 2065 60 32 shop
2039 2066 28 25 of
2076 2067 94 25 similar
2187 2069 106 25 address.

1982 2189 334 57 NOTICE.

1887 2300 66 57 MR
1970 2300 31 24 R.
2027 2301 132 26 WALLIS
2182 2311 123 17 successor
2326 2306 26 24 to
2374 2305 41 25 Mr

1942 2333 28 24 P.
1992 2333 38 24 De
2060 2334 85 29 Loree,
2168 2336 50 24 will
2228 2337 87 31 always
2328 2338 59 32 kei-p
2399 2346 16 17 a

1886 2366 68 24 stock
1977 2366 27 24 of
2023 2366 70 25 fruits
2114 2368 26 23 of
2159 2368 44 24 the
2237 2377 93 17 season.
2366 2371 46 23 His

1888 2400 77 22 motto
1975 2399 48 24 will
2036 2400 26 25 be.
2100 2400 70 24 small
2182 2403 85 28 profits
2279 2402 49 24 and
2340 2403 73 30 quick

1886 2432 54 23 retu

1888 2464 84 22 HAIR
1994 2464 148 24 CUTTING
2155 2465 69 23 AND
2249 2466 162 25 SHAVING.

1890 2495 38 24 On
1950 2495 138 31 Thursdays
2109 2497 48 23 and
2180 2497 133 33 Saturdays
2346 2500 66 30 only.

1969 2527 86 25 Adults
2073 2528 39 24 6d.
2147 2529 113 25 Children
2290 2531 40 25 Bd.

1923 2559 69 25 MRS
2012 2560 129 25 WALLIS
2158 2562 86 24 invites
2260 2564 42 23 the
2324 2565 90 24 Ladies

1890 2592 48 24 and
1948 2592 143 25 Gentlemen
2101 2594 27 23 of
2138 2595 94 23 Oxford
2243 2599 26 20 to
2291 2596 44 25 her
2358 2605 55 22 cosy

1891 2624 61 24 little
1966 2625 171 25 Refreshment
2150 2627 84 28 Room,
2258 2629 78 24 where
2358 2631 57 29 ther-

1889 2664 46 17 ein
1948 2657 26 23 be
1986 2657 111 31 supplied
2109 2658 57 25 with
2191 2668 109 17 summer
2322 2662 91 28 drinks,

1888 2690 55 24 T.'a.
1957 2689 90 29 Coffee,
2060 2690 87 29 Cocoa,
2161 2699 27 17 or
2199 2692 139 29 Chocolate,
2362 2695 49 24 and

1888 2731 17 15 s»
1914 2721 111 33 mething
2035 2724 62 30 good
2109 2726 26 23 to
2146 2728 48 24 eafr,
2212 2734 31 16 au
2253 2727 5 22 I
2272 2729 41 22 she
2337 2728 73 31 hopos

1889 2756 28 30 by
1930 2754 151 32 cleanliness,
2093 2756 99 33 civility,
2213 2759 48 24 and
2284 2761 127 26 attention,

1887 2790 25 22 to
1934 2788 72 24 merit
2029 2797 15 16 a
2055 2789 84 24 liberal
2152 2791 68 24 share
2230 2792 26 23 of
2276 2797 132 30 patronage

1887 2822 63 23 from
1959 2821 42 24 the
2009 2822 154 25 inhabitants
2171 2827 23 21 o!
2204 2824 91 25 Oxford
2304 2826 48 24 and
2364 2834 50 16 sur-

1887 2853 124 32 rounding
2022 2854 113 25 districts.
2204 2855 16 10 '-
2257 2852 111 35 .■■io^'<--

2018 2966 83 25 JUST
2121 2967 161 27 ARRIVED.

1938 3005 14 22 2
1963 3004 81 25 Bai.es
2058 3013 86 18 direct
2155 3015 65 16 from
2234 3009 132 29 Scotland,

1938 3036 117 26 WHITE
2078 3039 73 24 AND
2185 3041 182 26 COLOURED

2034 3088 237 33 BLANKETS.

1948 3144 178 40 CAEPRT]
2171 3148 191 33 CARPET!!

1908 3201 129 32 Six-pence
2072 3205 143 33 half-penny
2248 3216 42 23 per
2311 3208 87 27 ..Yard.

1892 3234 95 32 Selling
1998 3236 36 24 off
2055 3237 75 26 below
2152 3243 61 25 ebs_t,
2233 3240 89 26 Ladies
2344 3242 72 24 Lrtest

1990 3273 128 27 fashioned
2144 3276 80 26 Straw
2248 3278 73 26 Hats.

1924 3325 14 26 I
1950 3333 40 18 am
2002 3327 27 24 m
2041 3335 15 17 a
2067 3328 108 31 position
2184 3332 26 23 to
2222 3332 88 32 supply
2332 3333 86 25 Tweed

1893 3365 132 26 Overcoats
2055 3368 59 24 with
2150 3377 80 24 capes.
2265 3372 21 23 A
2316 3372 50 24 line
2394 3372 25 25 of

1893 3403 138 30 Overcoats,
2055 3405 71 24 made
2159 3406 129 35 especially
2319 3412 25 22 to
2377 3418 41 23 my

1896 3440 70 24 order
1978 3441 62 24 from
2054 3441 54 26 best
2115 3443 105 33 Kaiapoi
2232 3446 94 25 Tweed'
2337 3448 82 32 (water

1893 3480 79 31 proof)
1985 3482 72 27 extra,
2065 3481 65 33 long,
2143 3487 149 27 guaranteed
2312 3489 25 22 to
2356 3495 63 17 wear

1960 3520 50 23 and
2021 3522 26 23 at
2058 3528 15 17 a
2083 3522 47 25 low
2150 3524 74 30 price.
2357 3530 8 5 '

2038 3573 31 24 R.
2083 3574 33 25 H.
2135 3576 135 27 PARISH.
2286 3595 2 5 .
2373 3598 2 3 .

1410 2351 260 46 NOTICE.

1334 2464 176 29 Saturday
1543 2466 206 34 Afternoon,

1359 2510 188 30 DANCING
1588 2510 134 31 CLASS.

1279 2560 72 30 Will
1382 2562 36 28 be
1446 2561 139 30 resumed
1615 2562 50 30 the
1694 2563 108 29 second

1279 2601 86 29 week
1392 2602 31 28 m
1452 2601 89 35 June,
1583 2602 110 30 should
1725 2604 80 28 suffi-

1279 2641 82 29 cient
1388 2642 195 30 inducament
1612 2644 36 28 be
1677 2644 126 29 offered.

1281 2682 166 39 Intending
1461 2683 101 38 pupils
1576 2686 84 28 must
1674 2684 73 29 send
1776 2684 29 29 m

1281 2722 78 29 their
1385 2733 101 19 names
1515 2728 30 24 to
1575 2723 49 30 the
1653 2724 93 30 Office
1774 2726 32 28 of

1281 2762 60 30 this
1356 2763 109 40 Paper,
1476 2764 104 29 before
1595 2763 81 31 June
1706 2766 56 28 Ist.

1373 2930 47 52 J.
1446 2930 264 47 FOSTER.

1453 2995 64 21 BAY
1538 2995 84 22 ROAD

1357 3034 123 30 EAST
1529 3034 218 33 OXFOED/

1403 3082 99 27 Pinus
1531 3081 151 31 Insignis.

1281 3121 231 37 Transplanted,
1541 3123 61 29 and
1643 3124 50 30 for
1734 3124 71 37 sale,

1279 3162 124 38 Apples,
1420 3162 62 37 &c,
1505 3163 30 29 m
1561 3163 83 41 large
1659 3175 34 20 or
1718 3166 89 30 small

1281 3204 177 37 quantities.

1301 3380 161 40 FARM
1522 3384 284 43 PRODUCE

1361 3443 121 32 Notice
1504 3455 39 21 to
1560 3448 163 34 Farmers.

1321 3504 100 31 Those
1447 3507 136 32 desirous
1604 3511 35 30 of
1662 3512 144 41 bringing

1279 3544 92 30 Farm
1383 3545 138 33 Produce
1530 3550 32 29 of
1571 3561 61 29 any
1644 3556 63 26 sort
1716 3557 32 27 to
1753 3555 53 29 the

1281 3584 117 31 Oxford
1420 3589 128 38 market,
1585 3593 63 29 will
1686 3596 125 32 consult,

1279 3625 80 30 their
1383 3637 66 20 own
1479 3629 128 33 iufcerest
1634 3634 42 39 by
1698 3636 107 29 adver-

1278 3665 95 40 tising
1397 3677 80 21 same
1499 3671 30 27 iv
1555 3672 53 30 the
1637 3674 168 33 OXFORD

1279 3706 59 28 and
1355 3706 101 32 CUST
1468 3711 8 24 <
1488 3709 209 40 >BSERVEK,
1708 3726 40 19 an
1768 3717 37 29 is-

1278 3754 53 21 sue
1341 3756 35 19 or
1388 3751 59 27 two
1475 3747 206 38 before-hand.
