2510 4029
99 1651 56 23 The
174 1651 94 25 Police
291 1653 182 25 Magistrates
494 1655 149 26 Assiduity.

69 1684 79 23 —Our
169 1685 90 23 readers
280 1687 47 22 will
348 1687 106 24 recollect
477 1697 14 15 a
512 1694 130 25 statement,

69 1717 67 23 which
147 1725 45 16 was
203 1720 139 30 extensively
352 1720 96 24 diffused
460 1722 53 23 both
526 1723 30 30 by
569 1723 73 24 hand-

68 1751 47 22 tills
127 1751 44 23 and
183 1752 22 22 in
219 1752 37 23 the
269 1760 140 24 newspapers
421 1755 24 22 of
460 1755 46 23 this
517 1756 71 30 place,
602 1761 41 26 put

68 1784 55 23 forth
150 1784 29 31 by
207 1785 37 23 the
273 1786 77 23 Police
375 1786 142 31 Magistrate,
546 1789 97 32 relating

68 1821 19 19 to
105 1817 36 23 the
153 1817 44 23 late
214 1818 139 32 melancholy
371 1828 113 16 massacre
500 1826 23 19 at
540 1822 102 30 Wairau,

68 1850 19 23 in
105 1850 71 23 which
199 1851 36 23 the
259 1852 95 24 conduct
376 1853 25 23 of
421 1853 37 24 the
480 1854 96 24 Natives
596 1864 46 16 was

67 1883 80 31 greatly
160 1883 104 32 palliated
280 1885 45 23 and
342 1885 37 24 the
397 1886 73 24 blame
486 1887 47 24 laid
553 1896 30 15 on
601 1889 39 24 the

66 1916 111 23 shoulders
190 1918 24 22 of
231 1918 39 23 the
285 1918 67 24 white
369 1927 60 15 man.
465 1920 43 24 We
520 1920 75 24 allude
617 1927 22 18 to

68 1949 31 23 the
110 1949 117 24 document
238 1951 72 24 which
322 1953 101 22 contains
437 1952 37 23 the
485 1953 89 31 alleged
585 1955 52 29 fact,

73 1982 37 23 that
122 1982 37 24 the
171 1983 95 24 Natives
276 1984 37 23 did
325 1989 40 19 not
376 1986 41 22 fire
429 1993 13 15 a
451 1986 53 24 shot
514 1987 36 23 till
560 1988 45 23 five
618 1989 25 22 of

66 2013 51 24 their
134 2021 66 24 party
212 2016 43 23 liad
267 2016 75 29 fallen,
355 2017 44 23 and
411 2018 161 31 Ranghiatia's
589 2021 51 22 wife

64 2047 51 21 with
127 2054 12 15 a
152 2047 58 22 child
222 2048 23 21 in
261 2048 40 23 her
313 2057 61 15 arms
386 2057 82 23 among
479 2050 38 25 the
535 2053 104 23 number.

66 2078 51 24 This
130 2083 119 20 statement
259 2089 44 15 was
315 2082 135 23 understood
462 2088 22 18 to
497 2089 46 17 rest
555 2092 28 16 on
602 2085 38 23 the

64 2112 100 23 evidence
177 2113 105 23 collected
300 2114 30 30 by
344 2115 46 22 Mr.
405 2115 103 24 Hiitfield
520 2116 38 25 the
578 2118 61 23 Mis-

64 2145 84 31 sionary
157 2155 6 18 ;
183 2146 42 23 and
238 2154 44 16 was
294 2148 91 30 proved,
404 2156 25 15 as
440 2156 42 16 our
492 2150 90 24 readers
594 2151 46 23 will

64 2179 125 28 remember,
199 2183 23 19 to
233 2179 29 24 be
272 2181 82 29 utterly
362 2181 56 23 false
426 2182 24 22 in
462 2189 66 24 every
535 2184 104 23 material

64 2212 114 30 particular
198 2220 13 15 a
231 2212 43 31 day
291 2221 24 15 or
327 2217 42 19 two
391 2214 56 24 after
461 2215 65 24 when
538 2216 38 24 the
589 2217 50 31 brig

63 2245 80 23 arrived
154 2245 52 23 with
218 2245 38 24 the
268 2246 136 32 depositions
414 2247 70 24 taken
492 2256 27 15 on
529 2249 39 23 the
578 2254 59 26 spot.

64 2276 54 24 How
128 2277 98 32 happens
238 2279 18 23 it
269 2279 51 24 then
330 2287 32 16 we
374 2280 49 29 ask,
436 2281 49 23 that
496 2290 29 14 no
534 2289 103 17 recanta-

63 2311 41 22 tion
115 2311 24 22 of
143 2311 38 23 the
189 2316 120 20 statement
315 2313 41 23 has
365 2313 57 24 been
431 2315 119 29 published
562 2323 28 16 on
600 2316 37 23 the

63 2344 106 30 authority
180 2345 25 22 of
220 2345 38 24 the
273 2346 77 23 Police
371 2346 135 31 Magistrate
525 2348 51 24 who
593 2350 42 23 has

61 2384 50 15 seen
136 2377 36 23 the
191 2377 57 24 later
269 2379 136 31 depositions
416 2381 9 22 ?
471 2381 38 23 He
534 2383 102 29 promul-

61 2410 60 29 gated
137 2410 54 24 with
205 2411 39 23 the
261 2417 85 18 utmost
367 2413 108 30 assiduity
487 2414 146 24 fabrications

61 2441 47 32 (not
119 2443 34 23 his
161 2452 47 15 own
221 2445 41 23 but
271 2445 24 23 of
305 2445 88 32 others)
400 2447 25 23 in
435 2447 73 23 which
521 2447 37 24 the
569 2449 66 22 white

61 2483 47 16 man
120 2477 17 22 is
151 2477 37 23 the
199 2478 130 31 delinquent
337 2487 6 21 ;
357 2479 44 24 and
414 2480 64 23 when
489 2481 18 22 it
518 2485 65 19 turns
595 2487 40 18 out

61 2513 19 18 to
92 2510 26 22 be
128 2515 87 24 untrue,
234 2511 29 23 he
275 2512 100 31 neglects
386 2520 26 16 or
431 2512 99 25 declines
548 2518 23 19 to
582 2516 53 29 give

60 2541 35 24 the
102 2543 79 31 weight
191 2544 25 23 of
224 2544 36 23 his
271 2552 64 16 name
348 2545 43 24 and
400 2546 64 24 office
477 2551 22 18 to
512 2546 37 24 the
562 2555 71 16 coun-

60 2579 167 27 ter-statement,
240 2577 91 32 leaving
342 2578 37 24 the
391 2579 56 23 false
459 2587 42 16 one
513 2584 23 20 to
547 2581 48 23 find
604 2582 29 22 its

58 2615 45 23 way
110 2613 21 18 to
140 2609 105 31 England
254 2610 42 24 and
306 2611 123 24 Auckland
438 2614 194 24 uncontradicted.

58 2640 39 24 We
117 2642 41 24 ask
178 2644 34 22 for
233 2652 62 16 some
315 2645 144 30 explanation
478 2645 26 24 of
520 2647 49 23 this
590 2656 42 15 one

57 2674 58 23 sided
125 2677 141 31 proceeding,
285 2678 46 23 and
343 2678 58 23 shall
421 2679 109 31 probably
550 2684 80 20 return

58 2711 20 18 to
90 2708 35 23 the
137 2710 94 30 subject.

1384 2367 143 25 Saturday,
1547 2367 64 22 July
1632 2369 23 23 8,
1675 2368 69 23 1843.

1464 2405 108 17 COUNCIL
1591 2406 62 17 MET.

1304 2436 96 24 Present
1408 2446 5 15 :
1415 2450 34 4 —
1451 2437 57 24 Geo.
1519 2438 98 29 Hunter,
1628 2447 84 22 mayor,
1722 2439 39 25 W.
1772 2440 78 31 Lyon,

1270 2469 31 24 E.
1315 2470 109 29 Johnson,
1434 2470 60 24 John
1501 2471 94 30 Dorset,
1603 2472 61 23 John
1674 2473 76 29 Wade,
1759 2473 92 24 Robert

1271 2503 79 23 Waitt.

1296 2540 76 22 Letter
1387 2541 54 22 read
1455 2541 57 22 from
1524 2541 78 23 James
1613 2542 92 28 Wilson,
1717 2543 89 28 making
1821 2552 28 15 an

1269 2566 54 22 offer
1333 2570 21 18 to
1363 2571 50 18 rent
1501 2576 60 14 acres
1571 2569 27 21 of
1607 2569 35 21 the
1653 2569 67 22 Town
1730 2570 58 21 Belt.

1296 2593 75 22 Letter
1389 2594 53 21 read
1462 2595 55 21 from
1534 2595 63 22 John
1620 2595 88 28 Plimer,
1729 2597 89 27 making
1837 2606 13 13 a

1268 2619 83 22 similar
1362 2621 60 20 offer.

1294 2652 75 23 Letter
1379 2654 53 21 read
1441 2654 57 22 from
1507 2654 76 23 James
1595 2656 67 26 Muir,
1674 2656 96 22 Thomas
1782 2658 64 22 Mac-

1268 2679 87 27 kenzie,
1374 2680 44 22 and
1439 2681 85 27 George
1542 2682 148 27 Fellingham,
1712 2684 90 27 making
1820 2692 27 15 an

1268 2706 54 22 offer
1331 2710 21 18 to
1361 2710 52 19 rent
1422 2707 77 22 twelve
1508 2715 61 16 acres
1578 2708 26 22 of
1613 2710 35 21 the
1660 2710 65 21 Town
1736 2711 57 21 Belt.

1300 2739 35 24 To
1347 2744 59 20 meet
1414 2741 68 31 again
1493 2749 29 15 on
1533 2741 102 31 Monday
1648 2744 112 30 morning,
1773 2750 24 17 at
1808 2750 39 18 ten

1268 2772 96 23 o'clock.

86 2751 41 23 We
137 2760 57 16 were
204 2753 77 23 visited
295 2762 29 15 on
332 2754 120 32 Saturday,
463 2755 69 24 about
541 2758 90 29 S.p.m.,

56 2782 27 31 by
94 2791 12 16 a
118 2784 68 32 slight
204 2786 146 33 earthquake.
387 2788 50 23 The
458 2788 73 23 shock
548 2789 82 29 lasted,

56 2823 29 15 we
104 2818 79 24 should
200 2827 49 23 say,
268 2819 68 24 about
360 2825 43 19 two
421 2821 106 29 minutes,
546 2822 84 32 during

56 2849 66 24 which
138 2851 81 24 houses
238 2852 84 25 rocked
341 2854 147 31 perceptibly,
501 2854 42 24 and
564 2856 36 22 for
619 2864 12 15 a

55 2889 93 18 moment
158 2892 60 17 some
230 2893 94 24 persons
336 2887 40 23 felt
385 2887 154 24 considerable
548 2889 80 24 alarm.

54 2913 40 26 We
104 2916 55 25 have
171 2917 38 24 hot
219 2918 70 24 heard
301 2920 49 23 that
362 2920 38 23 the
417 2920 105 31 slightest
534 2922 95 31 damage

54 2955 40 17 was
105 2950 56 24 done
173 2951 29 30 by
212 2952 25 29 it,
248 2952 44 24 and
303 2953 21 23 if
332 2953 18 23 it
362 2953 28 23 be
402 2962 15 15 a
427 2955 115 30 specimen
555 2955 26 24 of
591 2956 38 23 the

54 2987 61 18 worst
127 2984 53 23 with
195 2985 74 23 which
279 2985 57 24 New
355 2986 100 24 Zealand
466 2988 21 23 is
505 2988 81 24 visited
599 2987 31 33 (it

54 3020 41 18 was
105 3016 36 24 the
153 3022 67 18 worst
231 3023 40 18 out
291 3019 24 23 of
333 3019 63 24 three
412 3028 25 15 or
447 3021 52 23 foar
510 3021 74 24 which
596 3030 33 15 we

53 3045 51 27 have
115 3049 60 32 felt),
187 3051 18 22 it
215 3051 57 23 need
282 3056 42 19 not
343 3052 27 23 be
383 3061 13 14 a
416 3054 88 31 subject
515 3054 26 23 of
558 3055 71 23 alarm

52 3083 19 20 to
82 3089 101 23 anyone.
202 3091 4 3 •
218 3083 74 25 Some.
296 3092 95 23 persons
403 3093 39 24 say
451 3086 50 24 that
512 3087 64 24 there
582 3096 47 16 was

53 3120 11 15 a
73 3115 120 30 repetition
203 3115 25 23 of
237 3116 19 22 it
267 3116 22 23 in
299 3116 37 23 the
349 3125 79 16 course
438 3119 28 22 of
473 3119 38 23 the
522 3122 106 30 evening,

52 3145 37 25 but
106 3155 33 16 we
160 3152 81 19 cannot
259 3156 40 23 say
311 3149 48 23 that
371 3157 32 16 we
414 3152 118 29 perceived
542 3153 27 28 it,
584 3153 46 23 and

52 3186 21 17 as
82 3179 82 40 we^did
175 3185 39 19 not
224 3181 91 31 indulge
322 3182 24 23 in
354 3190 29 15 an
391 3183 150 24 after-dinner
550 3186 77 29 siesta,

52 3219 28 16 we
91 3212 67 25 tmnk
169 3221 32 16 we
212 3213 82 26 should
303 3212 57 27 have'
370 3212 114 30 'observed
494 3218 18 23 it
518 3218 27 26 ,if
553 3219 19 23 it
583 3218 45 24 had

52 3244 121 32 happened.
231 3266 71 4 ...

80 3289 48 24 The
144 3291 139 31 Wellington
301 3292 137 25 Volunteers
458 3295 116 24 mustered
593 3304 32 15 on

54 3320 94 34 Sunday,
170 3324 34 24 for
223 3326 134 31 inspection,
381 3334 30 16 on
435 3326 35 24 Te
491 3327 50 24 Aro
564 3328 62 25 Flat.

54 3353 45 26 The
114 3357 104 24 numbers
230 3359 111 31 appeared
353 3364 22 19 to
392 3360 29 23 be
431 3360 70 24 about
512 3360 39 25 the
565 3369 62 17 same

54 3393 22 17 as
92 3396 27 16 on
136 3390 38 23 the
193 3393 103 28 previous
317 3392 101 32 Sunday.
454 3393 77 25 There
548 3402 45 16 was
612 3404 14 15 a

54 3423 144 24 considerable
209 3425 162 31 improvement
379 3426 54 24 both
444 3427 24 23 in
477 3426 39 25 the'
525 3428 101 25 uniform

55 3454 39 23 and
110 3456 36 23 the
164 3457 130 32 uniformity
311 3458 26 24 of
350 3459 42 27 .the
415 3460 79 31 Corps,
518 3461 46 23 and
586 3461 40 24 the

56 3486 62 25 whole
139 3490 96 26 on_this
259 3493 102 22 occasion
384 3500 56 17 were
463 3493 52 24 well
539 3490 85 29 armedi

56 3517 66 28 There
141 3522 117 32 discipline
275 3524 48 23 also
342 3525 89 24 showed
451 3526 78 24 marks
541 3527 26 24 of
585 3528 40 24 ad-

56 3557 121 22 vancement
188 3565 5 20 ;
217 3564 42 16 nor
275 3561 63 20 must
353 3566 33 15 we
403 3559 74 31 forget
488 3559 38 24 the
546 3560 76 30 Band,

56 3583 63 27 which
130 3595 32 16 we
173 3588 56 32 hope
240 3590 45 23 will
296 3595 40 19 not
348 3592 85 31 relapse
447 3593 48 23 into
506 3594 119 31 inactivity

56 3616 56 26 when
122 3621 99 30 peaceful
237 3623 67 23 times
314 3628 86 25 return,
419 3625 41 24 but
474 3627 150 32 occasionally

56 3649 43 28 give
110 3660 24 15 us
146 3654 37 24 the
200 3656 82 23 benefit
300 3656 25 24 of
343 3656 58 25 their
418 3658 117 33 harmony.
572 3661 51 23 The

37 3691 9 9 '
58 3680 82 36 Cavalry
153 3694 55 17 were
219 3689 23 23 in
254 3689 82 24 scarlet
345 3698 5 21 ;
369 3691 44 22 and
423 3699 31 15 we
464 3692 110 25 observed
579 3701 44 16 one

57 3714 21 22 of
85 3716 34 24 the
128 3721 93 24 number
231 3722 49 23 who
292 3722 46 23 had
349 3724 112 31 evidently
472 3724 43 26 had
527 3734 14 15 a
552 3726 71 24 brush

56 3752 16 14 w
73 3748 30 24 tth
113 3759 26 15 an
150 3760 77 24 enemy
239 3762 31 16 on
279 3762 63 17 some
352 3755 84 25 former
448 3759 112 24 occasion.

1885 1622 190 23 FRADULENT
2119 1625 341 25 MISREPRESENTATION.

1954 1657 72 25 (From
2037 1659 33 20 the
2081 1660 92 20 Colonial
2183 1661 93 24 Gazette,
2286 1662 49 19 Jan.
2345 1662 45 26 2b.)

1912 1690 108 22 Readerss
2030 1692 25 21 of
2064 1692 43 23 this
2119 1693 91 27 journal
2226 1694 44 22 will
2284 1695 120 22 remember
2420 1703 41 15 our

1884 1725 107 19 exposure
2002 1719 25 20 of
2038 1718 36 22 the
2084 1720 110 21 fradulent
2209 1721 211 27 misrepresentation
2437 1723 26 21 of

1883 1744 36 21 the
1934 1745 63 20 Globe
2007 1745 51 21 with
2067 1750 85 20 respect
2161 1749 22 19 to
2194 1747 43 21 Mr.
2251 1748 138 22 Wakefield's
2398 1749 64 21 letter

1884 1777 27 14 on
1921 1771 153 28 colonization,
2084 1772 72 23 which
2165 1780 32 15 we
2208 1774 116 26 published
2333 1775 24 21 in
2366 1775 95 22 Decem-

1882 1797 46 26 ber,
1945 1799 61 20 1841.
2041 1798 47 22 The
2103 1807 61 14 3ame
2182 1800 71 21 writer
2269 1800 40 22 has
2322 1802 100 21 returned
2437 1805 23 19 to

1883 1824 43 21 this
1936 1824 112 21 dishonest
2056 1826 65 21 work.
2157 1826 47 21 The
2222 1826 96 28 trickery
2333 1835 28 14 on
2371 1828 41 22 this
2423 1836 38 14 oc-

1883 1850 75 22 casion
1974 1851 91 22 consists
2084 1854 23 19 in
2125 1854 152 26 representing
2291 1854 37 21 the
2344 1854 76 23 failure
2438 1855 26 22 of

1884 1877 115 21 Governor
2022 1878 109 23 Hobson's
2157 1879 126 27 colonizing
2305 1881 109 27 operation
2438 1885 24 18 at

1883 1904 127 26 Auckland,
2021 1911 24 14 as
2058 1906 98 26 recently
2173 1906 114 22 described
2302 1907 30 27 by
2344 1915 31 19 us,
2392 1911 22 18 to
2431 1908 29 22 be

1882 1930 37 21 the
1938 1930 88 22 natural
2043 1932 69 21 result
2131 1932 26 21 of
2157 1943 24 4 —
2182 1932 59 22 what
2257 1933 53 22 does
2327 1934 36 21 the
2382 1935 78 22 reader

1882 1956 114 27 imagine?
1997 1968 27 4 —
2025 1958 49 27 why
2090 1959 24 21 of
2132 1960 132 26 attempting
2280 1963 24 18 to
2319 1960 95 22 colonize
2430 1969 30 15 on

1884 1983 35 21 the
1929 1983 53 27 plan
1990 1985 169 22 recommended
2167 1986 29 26 by
2208 1986 42 21 Mr.
2260 1986 132 23 Wakefield?
2419 1988 41 22 We

1882 2010 67 26 spoke
1959 2010 27 21 of
2020 2011 123 26 Auckland,
2156 2011 36 22 the
2203 2012 80 26 capital
2293 2013 26 21 of
2330 2013 55 22 New
2399 2014 58 21 Zea-

1882 2035 60 27 land,
2004 2043 13 15 a
2026 2037 79 22 bubble
2115 2037 72 22 which
2194 2038 43 21 had
2244 2038 70 23 burst.
2342 2040 46 21 The
2398 2041 62 21 Globe

1882 2069 51 20 says
1935 2074 27 4 —

1931 2089 54 22 This
1994 2089 79 23 bubble
2084 2090 39 22 has
2132 2091 64 22 burst
2211 2091 30 28 by
2255 2092 38 22 the
2310 2093 151 29 acknowledg-

1881 2118 62 19 ment
1952 2116 26 21 of
1989 2116 29 21 all
2029 2116 46 22 who
2086 2117 51 22 took
2146 2122 50 22 part
2201 2118 25 21 in
2237 2118 101 28 inflating
2347 2120 24 21 it.
2408 2122 50 22 The

1884 2143 92 20 Colonial
1999 2144 83 19 Gazette
2105 2151 56 19 says,
2187 2144 59 23 'The
2268 2146 150 22 Government
2437 2149 26 21 of

1881 2169 56 22 New
1946 2169 100 22 Zealand
2060 2170 19 21 is
2098 2170 125 28 bankrupt;
2243 2171 38 22 the
2300 2176 160 24 extravagance

1882 2196 24 21 of
1917 2196 94 27 Captain
2020 2196 91 23 Hobson
2123 2197 38 21 has
2171 2198 112 21 exceeded
2291 2198 48 22 that
2352 2200 26 21 of
2389 2200 65 23 Colo-

1881 2223 36 21 nel
1929 2223 99 27 Gawler;
2043 2223 36 22 the
2089 2224 78 26 colony
2177 2224 19 21 is
2206 2224 84 28 largely
2300 2224 23 23 in
2339 2226 58 26 debt,
2412 2228 46 22 and

1881 2256 28 14 an
1920 2249 131 28 application
2060 2255 21 16 to
2092 2250 134 22 Parliament
2236 2255 59 18 must
2305 2259 25 14 oe
2345 2256 65 19 made
2423 2255 36 21 for

1881 2276 28 21 its
1917 2276 77 27 relief;
2006 2284 23 13 so
2039 2277 46 21 that
2094 2276 36 23 the
2140 2278 53 26 only
2202 2282 103 22 prospect
2313 2279 34 21 for
2360 2287 62 19 years
2432 2285 24 17 to

1881 2309 62 15 come
1953 2303 19 21 is
1982 2303 36 21 the
2029 2303 52 22 total
2095 2303 109 27 disrepnte
2221 2304 24 21 of
2257 2306 55 20 New
2328 2306 97 23 Zealand
2434 2315 26 15 as

1881 2336 13 14 a
1909 2329 54 22 field
1980 2330 24 21 of
2021 2330 94 22 colonial
2133 2331 138 26 enterprize.'
2309 2332 47 22 Our
2371 2334 88 22 readers

1880 2363 51 20 may
1950 2357 152 26 remmember,
2123 2356 48 22 that
2187 2364 13 14 a
2217 2358 57 25 good
2290 2358 62 22 while
2359 2359 56 22 back
2425 2369 33 14 we

1879 2383 115 26 predicted
2002 2383 38 22 the
2049 2390 58 15 same
2117 2384 46 21 fate
2173 2387 22 18 to
2203 2384 30 21 all
2240 2384 131 23 adventures
2377 2387 81 22 under-

1879 2409 68 21 taken
1959 2417 28 14 on
1994 2410 37 21 the
2040 2410 54 21 faith
2105 2410 24 21 of
2141 2410 37 22 the
2189 2410 123 23 Wakefield

1907 2436 62 21 Here
1975 2436 54 22 then
2036 2444 34 14 are
2077 2440 42 18 two
2126 2438 190 26 representations,
2325 2442 38 18 not
2371 2441 84 27 merely

1880 2465 23 19 at
1911 2463 104 21 variance
2022 2464 49 21 with
2082 2463 37 22 the
2125 2464 62 25 facts,
2197 2464 39 21 but
2241 2464 107 28 precisely
2356 2468 100 27 opposity

1880 2492 22 18 to
1912 2489 68 22 them.
2009 2490 46 21 The
2069 2490 46 21 first
2128 2490 26 25 is,
2171 2490 48 21 that
2236 2491 115 22 Governor
2365 2492 92 25 Hobson

1879 2515 40 22 has
1929 2516 115 22 colonized
2058 2523 28 15 on
2095 2523 12 14 a
2117 2517 84 21 certain
2215 2517 58 27 plan,
2291 2519 44 21 and
2349 2518 109 25 therefore

1878 2553 28 5 —
1907 2543 37 21 the
1954 2543 46 22 fact
2009 2543 73 27 being,
2098 2543 47 22 that
2154 2544 87 21 instead
2251 2545 26 20 of
2290 2544 104 29 adopting
2409 2548 49 22 that

1879 2569 59 27 plan,
1950 2569 28 22 he
1993 2569 39 22 has
2048 2570 101 21 followed
2164 2577 43 14 one
2218 2570 36 21 the
2270 2578 54 16 very
2333 2579 85 16 reverse
2434 2575 26 21 of

1879 2597 17 20 if
1902 2604 5 13 :
1919 2597 38 21 the
1967 2597 81 21 second
2056 2597 25 26 is,
2100 2597 47 21 that
2163 2597 35 21 the
2211 2598 92 20 Colonial
2320 2599 83 21 Gazette
2417 2608 38 20 ap-

1878 2623 81 27 proved
1970 2624 25 20 of
2010 2624 114 21 Governor
2142 2623 111 22 Hobson's
2271 2624 83 28 doings,
2404 2628 51 22 took

1879 2653 48 23 part
1937 2650 22 21 in
1966 2649 100 28 inflating
2073 2650 36 21 the
2239 2651 44 22 and
2294 2659 49 14 now
2353 2653 102 23 acknow-

1878 2677 75 26 ledges
1961 2676 29 21 its
1999 2684 49 14 own
2060 2684 60 14 error
2121 2687 27 4 —
2149 2676 62 22 when
2222 2677 36 22 the
2269 2678 45 21 fact
2323 2679 24 26 is,
2366 2679 46 23 that
2422 2688 33 15 we

1878 2703 81 27 always
1969 2703 136 22 condemned
2113 2703 62 22 those
2182 2703 85 28 doings,
2278 2704 44 22 and
2330 2705 56 22 have
2392 2708 61 21 attri-

1877 2729 68 22 buted
1955 2729 58 22 their
2025 2730 78 21 failure
2118 2733 22 18 to
2153 2729 57 22 their
2218 2734 58 18 utter
2286 2732 101 22 variance
2396 2733 57 23 from

1879 2756 37 22 the
1935 2757 53 26 plan
2003 2756 71 22 which
2084 2757 37 21 the
2132 2758 68 25 Globe,
2217 2764 50 20 says
2281 2758 48 21 that
2339 2759 114 24 Governor

1879 2783 92 21 Hobson
1981 2783 109 22 followed.
2117 2784 54 21 This
2182 2784 214 27 misrepresentation
2405 2787 18 22 is
2430 2795 23 14 as

1877 2817 61 20 gross
1951 2817 25 14 as
1985 2809 22 22 if
2016 2810 18 21 it
2045 2817 54 14 were
2114 2810 48 22 said
2176 2811 49 21 that
2239 2811 34 21 Sir
2288 2812 83 22 Robert
2385 2814 72 24 Peel's

1877 2837 115 21 alteration
2003 2837 26 21 of
2035 2837 35 21 the
2081 2837 122 22 Corn-laws
2214 2844 42 15 was
2273 2838 75 22 baised
2357 2847 28 14 on
2395 2840 60 23 Lord

1877 2861 59 23 JoEn
1946 2863 107 22 Russell's
2060 2863 106 32 principle
2174 2864 26 21 of
2206 2871 13 14 a
2229 2864 60 22 fixed
2299 2864 59 28 duty,
2370 2866 41 22 and
2418 2867 38 22 the

1879 2891 62 19 Globe
1949 2896 57 15 were
2016 2890 89 21 taunted
2116 2890 51 21 with
2183 2890 185 28 acknowledging,
2386 2894 29 26 by
2424 2894 31 21 its

1876 2920 89 23 present
1975 2916 167 22 condemnation
2152 2917 26 21 of
2183 2917 38 21 the
2230 2924 49 15 new
2286 2918 47 27 law,
2346 2919 36 21 the
2391 2919 64 23 burs-

1875 2943 49 26 ting
1934 2943 26 21 of
1971 2943 38 21 the
2019 2943 79 21 bubble
2109 2943 71 21 which
2196 2943 17 21 it
2227 2943 46 22 had
2287 2945 80 27 helped
2382 2950 22 17 to
2420 2946 34 22 in-

1874 2969 61 22 flate.

1903 2996 45 22 But
1964 3002 56 19 now,
2038 2995 81 27 having
2138 2995 103 28 disposed
2255 2997 27 21 of
2287 2996 46 23 'the
2350 2999 104 26 rouguish

1875 3029 77 15 means
1961 3022 30 27 by
2002 3021 69 22 which
2081 3022 38 22 the
2129 3022 71 22 writer
2210 3023 24 21 in
2250 3023 38 21 the
2301 3025 60 20 Globe
2371 3025 82 22 endea-

1875 3056 65 15 vours
1959 3051 23 18 to
2001 3048 98 28 disparge
2114 3049 38 21 the
2169 3049 124 23 Wakefield
2306 3051 57 30 plan,
2380 3052 73 23 wonld

1875 3076 60 22 draw
1944 3075 34 21 his
1990 3075 106 21 attention
2107 3078 22 18 to
2140 3082 61 15 some
2209 3075 55 22 facts
2274 3077 72 22 which
2356 3077 27 22 he
2392 3085 62 16 care-

1874 3103 56 27 fully
1940 3101 76 22 avoids
2025 3102 104 27 noticing.
2158 3101 47 23 The
2221 3102 122 23 Wakefield
2352 3105 51 27 plan
2411 3105 41 22 has

1873 3130 58 22 been
1936 3129 58 21 tried
2000 3129 23 21 in
2032 3128 54 22 New
2093 3128 104 27 Zealand,
2208 3128 85 29 though
2301 3135 38 17 not
2349 3135 22 18 at
2377 3132 76 22 Auck-

1874 3156 60 22 land.
1964 3156 32 21 At
2006 3155 140 27 Wellington,
2161 3155 91 27 Nelson,
2270 3157 44 21 and
2330 3158 55 22 New
2401 3158 52 28 Ply-

1874 3182 85 26 mouth,
1971 3183 18 21 it
1997 3181 39 22 has
2042 3182 56 21 been
2105 3181 51 22 thus
2164 3181 41 28 far,
2218 3183 132 28 completely
2356 3192 98 15 success-

1874 3209 39 23 ful.
1942 3208 72 24 These
2021 3208 140 27 settlements,
2171 3209 87 21 instead
2266 3210 27 21 of
2298 3211 67 28 being
2371 3211 82 31 upheld

1872 3237 31 26 by
1917 3244 28 14 an
1965 3238 142 23 extravagant
2127 3235 153 24 Government
2300 3241 151 25 expenditure,

1873 3263 86 22 furnish
1968 3261 76 28 nearly
2051 3262 37 21 the
2098 3261 70 23 whole
2175 3261 103 28 ordinary
2285 3270 97 17 revenue
2387 3265 24 22 of
2415 3265 37 22 the

1874 3290 78 26 colony
1960 3297 6 19 ;
1984 3289 45 21 and
2037 3288 35 22 the
2082 3292 87 23 greater
2178 3292 49 24 part
2237 3289 25 22 of
2276 3290 36 22 the
2322 3291 94 28 produce
2426 3292 25 21 of

1873 3314 57 24 their
1949 3315 99 22 taxation
2064 3315 19 21 is
2097 3315 67 22 taken
2180 3322 62 20 away
2257 3317 57 21 from
2329 3318 59 21 them
2406 3319 45 22 and

1872 3341 140 28 squandered
2021 3349 28 14 on
2058 3341 37 22 the
2128 3341 81 23 bubble
2241 3346 22 18 at
2272 3343 112 24 Aukland.
2403 3345 47 22 The

1875 3368 124 22 Wakefield
2008 3369 56 26 plan,
2076 3368 118 27 therefore,
2204 3372 40 18 not
2253 3370 54 28 only
2316 3371 101 22 succeeds
2427 3372 24 21 in

1872 3395 56 22 New
1942 3395 106 26 Zealand,
2058 3395 39 21 but
2105 3395 104 27 provides
2222 3396 66 23 funds
2302 3397 33 22 for
2347 3399 103 26 enabling

1864 3423 45 24 ,'the
1921 3423 116 21 Governor
2047 3425 20 18 to
2077 3425 35 24 try
2121 3429 14 14 a
2144 3421 78 28 totally
2232 3423 102 23 different
2342 3425 51 26 plan
2403 3425 22 21 in
2436 3432 14 14 a

1872 3456 79 15 corner
1969 3448 27 22 of
2012 3448 37 22 the
2062 3448 83 22 islands
2164 3449 35 22 far
2216 3450 105 22 removed
2336 3451 55 21 from
2410 3451 38 22 the

1870 3482 132 25 prosperous
2012 3475 142 22 settlements.
2192 3475 48 23 The
2250 3476 65 22 latter
2325 3473 50 32 pl^R
2381 3477 49 21 fails
2439 3484 6 18 ;

1871 3502 43 22 and
1922 3509 25 15 in
1959 3502 64 22 order
2032 3505 22 18 to
2063 3502 83 22 sustain
2149 3502 31 27 jt,
2190 3502 39 22 the
2237 3503 112 21 Governor
2354 3506 47 24 gets
2409 3503 38 22 the

1871 3529 70 22 whole
1952 3529 79 27 colony
2041 3529 47 21 into
2096 3528 53 22 debt
2154 3529 54 21 -and
2222 3528 109 22 discredit.
2364 3530 84 22 There-

1870 3555 54 26 fore,
1944 3562 52 21 says
2014 3555 37 22 the
2067 3556 68 25 Globe,
2152 3555 38 21 the
2206 3555 122 21 Wakefield
2342 3555 48 28 plan
2406 3556 41 22 has

1870 3582 74 22 failed.
1982 3582 47 22 The
2045 3583 151 21 Government
2212 3581 140 27 expenditure
2371 3586 23 18 at
2408 3583 39 22 the

1870 3609 94 22 Hobson
1975 3609 125 22 settlement
2105 3607 85 29 greatly
2196 3608 94 21 exceeds
2298 3607 34 23 the
2339 3616 106 16 revenue:

1870 3639 22 19 at
1916 3635 38 23 the
1978 3632 122 25 Wakefield
2123 3634 135 22 settlements
2282 3634 37 21 the
2349 3642 97 16 revenue

1869 3663 86 26 greatly
1971 3662 92 22 exceeds
2077 3662 38 21 the
2131 3661 152 21 Government
2297 3661 149 28 expenditure.

1869 3689 163 26 Nevertheless,
2045 3695 76 20 argues
2131 3687 37 21 the
2181 3687 66 26 Globe,
2260 3686 37 22 the
2307 3686 137 31 bankruptcy

1869 3716 26 21 of
1906 3715 37 22 the
1955 3715 150 22 Government
2114 3716 22 19 at
2145 3713 38 21 the
2194 3713 90 22 Hobson
2295 3714 123 24 settlement
2419 3727 27 5 —

1869 3743 94 27 quoting
1972 3742 38 21 the
2028 3741 89 21 Colonial
2134 3740 84 20 Gazette
2233 3740 23 21 in
2272 3745 89 22 support
2375 3741 26 22 of
2410 3743 36 21 his

1869 3769 128 21 conclusion
1998 3780 27 4 —
2025 3774 77 23 proves
2110 3767 38 21 the
2158 3766 79 22 failure
2246 3766 27 21 of
2279 3766 37 22 the
2323 3767 123 25 Wakefield

1867 3796 145 21 settlements.
2047 3792 72 25 tfThis
2133 3792 82 22 bubble
2232 3792 40 22 has
2288 3793 62 23 burst
2362 3794 30 33 by
2406 3795 39 23 the

1869 3820 216 29 acknowledgement
2102 3818 25 23 of
2187 3816 49 25 who
2251 3819 53 23 took
2320 3825 50 22 part
2377 3828 24 16 in
2410 3822 36 24 in-

1861 3848 84 27 jflating
1954 3848 18 21 h
1980 3854 5 15 :
2001 3854 39 16 our
2049 3846 84 22 readers
2133 3843 69 35 Jnay
2218 3847 131 27 remember,
2368 3847 48 23 that
2431 3856 15 16 a

1867 3874 58 27 good
1944 3874 71 22 while,
2025 3873 62 25 back,
2105 3879 31 14 we
2153 3871 114 28 predicted
2281 3873 38 22 the
2329 3881 59 16 same
2397 3875 46 23 fate

1868 3905 26 17 to'
1899 3900 29 22 all
1939 3901 131 21 adventures
2079 3898 139 22 undertaken
2228 3906 28 14 on
2265 3900 39 22 the
2313 3900 54 23 faith
2374 3901 26 23 of
2405 3902 38 22 the

1861 3927 1 9 1
1867 3926 124 24 WakefieM
1997 3925 112 29 principle.
2242 3926 6 21 !
2278 3940 6 5 .

1959 3967 6 11 -i

701 2169 42 23 We
755 2170 56 23 have
822 2170 107 23 numbers
948 2171 24 22 of
986 2171 39 23 the
1042 2170 114 25 Southern
1176 2173 69 24 Cross

666 2202 45 24 and
722 2202 118 24 Auckland
861 2203 115 23 Chronicle
996 2205 25 22 of
1044 2205 37 23 the
1101 2205 58 26 27th
1180 2207 64 30 May,

666 2235 45 24 and
729 2236 48 23 also
796 2243 40 16 one
855 2236 24 23 of
901 2236 38 23 the
955 2236 112 24 Southern
1087 2237 70 24 Cross
1175 2239 25 23 of
1215 2248 29 15 an

666 2269 80 23 earlier
765 2269 58 23 date.
866 2269 77 23 There
960 2270 19 22 is
1000 2278 54 23 very
1070 2270 57 24 little
1139 2272 25 22 in
1174 2272 69 25 them.

665 2301 44 24 We
721 2302 92 23 observe
824 2302 94 23 another
929 2303 24 22 of
967 2303 39 23 the
1028 2303 129 24 Parkhurst
1174 2305 71 24 Seed-

665 2334 49 31 ling
724 2335 135 30 flourishing
870 2335 23 23 in
905 2335 38 23 the
955 2336 78 23 Police
1043 2336 71 24 Court
1125 2345 5 20 ;
1152 2338 43 23 and
1205 2338 38 24 the

666 2367 60 23 Will
737 2367 80 24 Watch
828 2369 44 22 and
883 2365 88 26 Sistsrs
980 2369 73 23 which
1063 2369 43 23 had
1114 2370 50 31 just
1173 2371 70 24 sailed

665 2401 55 22 each
741 2401 85 23 carried
840 2409 30 15 an
884 2402 102 22 ominous
1002 2402 96 24 number
1107 2403 24 23 of
1148 2411 95 23 passen-

663 2441 61 23 gers.
761 2433 74 24 There
847 2435 20 22 is
879 2443 14 14 a
900 2435 123 31 complaint
1029 2435 25 23 of
1063 2435 38 24 the
1108 2436 135 25 scandalous

663 2475 94 15 manner
768 2468 24 22 in
806 2467 71 23 which
885 2468 39 23 the
935 2469 122 29 emigrants
1073 2476 30 16 ex
1119 2468 122 25 Westmin-

661 2503 50 19 ster
730 2500 58 23 have
809 2501 58 22 been
886 2501 92 28 treated,
1000 2501 77 24 driven
1098 2501 80 24 ashore
1195 2503 47 24 like

662 2532 113 30 bullocks,
788 2533 79 31 lodged
880 2534 23 23 in
915 2534 118 23 miserable
1044 2536 90 22 warries
1147 2536 96 24 without

661 2565 49 30 fire,
722 2566 59 29 food,
795 2573 24 17 or
827 2575 13 15 a
852 2567 93 31 shilling
957 2572 21 18 to
988 2568 46 30 buy
1045 2569 18 22 it
1079 2567 60 30 with,
1159 2569 44 23 and
1214 2577 26 16 so

661 2598 42 24 left
714 2604 22 18 to
746 2600 126 24 themseves
883 2600 45 23 and
939 2602 122 22 starvation
1072 2601 35 23 for
1118 2600 51 24 four
1178 2602 62 31 days.

661 2631 44 24 We
727 2632 58 24 have
807 2633 47 23 also
875 2634 86 30 private
974 2648 2 6 .
985 2634 144 23 information
1152 2635 26 23 of
1204 2635 38 24 the

661 2666 112 23 wretched
784 2670 70 19 estate
866 2666 25 23 of
899 2666 46 23 this
957 2674 42 16 our
1011 2666 71 25 Great
1094 2667 145 32 Metropolis.

660 2697 85 32 Wages
759 2706 32 16 we
802 2706 36 16 are
851 2699 47 23 told
908 2707 37 15 are
957 2705 21 18 at
988 2700 53 23 nine
1053 2704 22 20 to
1085 2705 39 19 ten
1136 2701 104 31 shillings

659 2739 14 15 a
685 2731 72 29 week,
769 2732 44 23 and
825 2739 54 24 very
896 2732 59 23 little
974 2733 154 31 employment
1144 2738 24 19 at
1184 2742 56 16 even

659 2764 51 23 that
719 2769 55 19 rate.
809 2764 76 24 When
896 2773 33 15 we
942 2774 22 14 co
986 2766 58 23 nder
1053 2766 49 24 that
1110 2767 38 23 the
1158 2767 82 24 Auck-

658 2797 54 24 land
724 2798 79 31 people
813 2798 57 23 have
881 2806 30 16 no
924 2798 69 24 whale
1004 2799 83 31 fishery
1099 2804 21 19 to
1129 2800 42 23 fall
1181 2801 59 23 back

659 2838 69 23 upon,
741 2831 50 23 that
801 2839 53 22 very
863 2831 59 24 little
938 2832 52 23 land
1009 2832 40 24 has
1068 2833 57 23 been
1143 2834 98 31 brought

659 2864 72 23 under
743 2872 61 23 crop,
816 2864 49 24 that
877 2864 53 32 they
942 2873 36 15 are
995 2870 40 19 not
1045 2865 72 32 likely
1138 2871 22 19 to
1179 2867 60 24 draw

658 2904 45 23 any
713 2905 61 15 more
785 2898 23 22 of
821 2898 39 22 the
868 2898 63 31 large
943 2899 99 31 supplies
1055 2899 58 23 from
1125 2906 28 17 us
1166 2900 74 24 which

657 2930 58 23 have
735 2931 106 23 hitherto,
855 2931 81 31 chiefly
956 2932 137 23 maintained
1113 2932 70 30 them,
1196 2934 44 23 and

658 2963 49 23 that
719 2964 95 23 colonial
825 2965 118 23 securities
957 2973 37 15 are
1012 2965 162 32 unproductive
1186 2967 54 23 with

657 2997 48 23 Mr.
719 2997 74 31 Boyd,
806 3005 31 16 we
849 2998 89 23 confess
951 3006 30 15 we
991 2998 48 31 pity
1047 2998 58 24 their
1115 2999 122 24 condition.

830 3031 17 23 it
859 3038 75 16 serves
945 3031 61 24 them
1016 3032 62 30 right
1078 3044 32 5 —
1113 3032 37 24 the
1160 3033 44 31 day
1216 3033 25 23 of

656 3063 135 24 retribution
802 3064 39 23 has
859 3065 96 24 arrived.
1000 3065 27 23 If
1041 3066 53 30 they
1113 3065 46 24 had
1178 3066 61 24 fixed

656 3096 39 23 the
707 3101 48 19 seat
766 3097 26 23 of
807 3098 155 23 Government
980 3098 62 29 here,
1065 3098 43 24 and
1119 3098 50 24 lent
1179 3099 56 24 their

656 3129 111 24 influence
779 3134 23 19 to
813 3130 80 25 enable
905 3138 28 16 us
945 3135 21 20 to
977 3136 40 26 get
1028 3139 29 16 on
1070 3131 37 24 the
1113 3132 63 29 land,
1185 3132 52 32 they

656 3162 74 22 would
739 3162 87 23 neither
841 3163 58 23 have
918 3163 82 24 known
1011 3169 60 19 want
1082 3172 42 17 nor
1142 3165 78 25 shame
1228 3175 7 20 ;

656 3201 51 16 now
718 3194 53 31 they
783 3202 37 17 are
828 3195 72 30 likely
911 3200 23 19 to
945 3197 66 24 kuow
1023 3197 63 24 both.

664 3246 3 3 .
690 3226 54 30 Yet,
761 3227 53 24 with
832 3228 47 23 this
898 3233 58 30 s^ate
976 3230 26 22 of
1015 3230 78 31 things
1107 3231 78 25 before
1200 3232 36 23 his

656 3267 61 23 eyes,
729 3268 33 16 we
773 3260 46 24 find
831 3268 13 16 a
855 3261 75 24 writer
937 3263 24 22 in
969 3262 38 25 the
1019 3262 119 25 Chronicle
1145 3266 92 30 singing

656 3301 14 14 a
692 3300 72 24 pieam
782 3301 29 16 on
830 3294 38 23 the
887 3295 113 31 grandeur
1012 3296 46 24 and
1074 3305 118 17 resources
1212 3299 25 23 of

654 3326 133 29 Auckland,
806 3326 72 24 which
894 3328 29 23 he
943 3327 61 32 does,
1022 3329 29 24 he
1063 3338 60 23 says,
1134 3331 30 29 in,
1172 3331 63 24 order

656 3359 49 23 that
726 3360 19 22 it
764 3367 52 24 may
833 3367 30 24 go
883 3360 67 25 home
966 3361 32 32 by
1017 3362 38 24 the
1068 3362 111 31 Tortoise,
1191 3364 44 24 and

654 3392 153 24 demonstrate
818 3393 38 25 the
865 3393 80 33 falsity
956 3395 24 24 of
997 3395 38 24 the
1052 3400 89 27 reports
1160 3397 74 24 which

654 3425 38 23 the
705 3425 57 24 New
773 3426 100 24 Zealand
884 3427 119 32 Company
1014 3428 41 25 has
1073 3430 160 31 promulgated

653 3459 129 30 respecting
795 3459 37 24 the
842 3461 91 30 capital.
980 3461 99 32 Though
1094 3463 37 23 his
1150 3464 84 23 strains

652 3491 33 24 fill
700 3496 42 19 two
755 3492 101 24 columns
865 3494 45 23 and
920 3501 11 17 a
946 3494 54 30 half,
1013 3495 54 32 they
1079 3503 38 16 are
1133 3496 57 24 after
1201 3496 31 24 all

652 3524 42 24 but
703 3533 14 15 a
727 3525 108 32 beggarly
846 3532 96 18 account
953 3527 25 23 of
993 3533 79 26 empty,
1080 3528 71 24 boxes
1159 3538 6 20 ;
1179 3536 54 17 con-

652 3558 84 31 sisting
750 3558 26 23 of
790 3566 14 16 a
812 3564 65 25 great
888 3559 48 24 deal
949 3560 25 24 of
988 3569 114 16 nonsense
1113 3562 70 23 about
1194 3562 38 24 the

652 3592 47 22 safe
712 3591 124 31 anchorage
854 3592 25 23 of
894 3593 38 23 the
952 3593 106 30 harbour,
1078 3595 37 23 the
1136 3595 94 24 latitude

651 3624 24 23 in
687 3624 73 23 which
779 3625 19 23 it
814 3626 21 22 is
853 3626 90 28 situate,
963 3627 44 23 and
1023 3627 38 24 the
1072 3635 71 24 range
1154 3628 26 23 of
1193 3628 42 23 the

651 3657 159 24 thermometer
818 3666 6 21 ;
842 3659 68 23 while
922 3660 42 22 the'
971 3661 55 29 onljr
1035 3661 57 23 facts
1103 3660 28 24 he
1143 3668 40 16 can
1192 3665 40 26 get

651 3689 54 24 hold
717 3690 24 23 of
756 3694 23 19 to
797 3690 111 25 illustrate
927 3691 35 24 his
973 3693 66 23 boast
1056 3694 24 23 of
1095 3694 135 31 prosperity,

650 3731 38 15 are
699 3723 39 23 the
750 3723 122 24 formation,
880 3725 25 23 of
914 3733 30 15 an
954 3726 157 31 Agricultural
1122 3726 92 31 Society
1222 3735 6 20 ;

649 3755 45 24 and
706 3756 59 23 Mrs.
779 3755 117 25 Hobson's
917 3758 84 31 having
1021 3759 74 24 raised
1112 3767 14 15 a
1138 3766 53 24 crop
1205 3759 25 23 of

649 3788 89 24 maiden
750 3793 48 19 oats
809 3789 24 24 in
844 3790 38 23 the
893 3790 116 32 paddocks
1020 3792 87 24 around
1117 3792 40 23 the
1178 3792 51 24 Go-

649 3827 118 19 vernment
779 3822 89 24 House.

680 3854 85 24 Drunk
788 3856 52 23 with
858 3856 102 30 idolatry,
987 3856 76 24 drunk
1087 3857 54 23 with
1162 3857 65 29 wine,

647 3895 25 15 as
682 3887 83 24 Milton
778 3887 112 25 describes
901 3889 39 23 the
951 3889 178 25 uncircumcised
1142 3889 85 24 Philis-

647 3921 58 23 tines
726 3928 28 16 on
777 3920 94 30 Dagons
894 3920 91 30 holiday
986 3913 16 35 f
1014 3929 38 16 are
1070 3921 63 24 these
1145 3922 82 25 Auck-

1379 2835 122 26 Monday,
1520 2835 65 24 July
1608 2838 36 23 10,
1666 2838 70 23 1843.

1462 2875 107 17 COUNCIL
1588 2877 63 15 MET.

1300 2904 98 25 Present
1406 2914 5 15 :
1413 2918 33 5 —
1448 2906 57 24 Geo.
1519 2906 100 30 Hunter,
1630 2915 84 23 mayor,
1723 2908 38 23 W.
1771 2908 73 31 Lyon,

1266 2937 30 24 E.
1318 2938 110 29 Johnson,
1445 2939 59 23 John
1522 2939 94 29 Dorset,
1635 2939 89 25 Robert
1740 2941 105 30 Jenkins,

1267 2971 100 24 William
1380 2972 101 30 Guyton,
1495 2971 87 24 Robert
1594 2972 80 29 Waitt,
1687 2973 37 24 W.
1736 2973 108 24 Fitzher-

1265 3004 60 23 bsrt.

1299 3037 50 23 The
1361 3044 97 24 purpose
1471 3038 24 23 of
1503 3038 45 23 this
1558 3038 84 31 special
1654 3038 100 32 meeting
1762 3047 46 16 was
1820 3044 24 19 to

1265 3070 53 23 take
1335 3071 56 22 into'
1402 3071 164 23 consideration
1584 3072 39 22 the
1638 3072 114 31 propriety
1765 3073 25 23 of
1804 3073 41 23 ad-

1265 3103 103 31 dressing
1389 3103 37 23 the
1446 3108 42 19 two
1510 3104 93 23 Houses
1616 3105 25 22 of
1657 3105 139 24 Parliament
1814 3114 30 15 on

1263 3136 38 23 th
1303 3136 17 23 3
1314 3136 45 24 late
1371 3136 131 24 calamitous
1514 3137 64 23 affair
1588 3141 25 19 at
1627 3138 99 23 Wairau.

1296 3169 24 23 It
1327 3177 44 16 was
1381 3170 112 30 proposed
1501 3171 27 30 by
1538 3171 47 23 Mr.
1595 3171 75 30 Lyon,
1679 3171 44 24 and
1731 3172 113 24 seconded

1262 3202 31 31 by
1305 3202 48 24 Mr.
1373 3203 73 23 Waitt
1447 3216 34 3 —

1289 3239 59 22 That
1356 3239 38 22 the
1411 3239 86 27 Mayor,
1514 3240 52 23 with
1586 3240 91 22 Messrs.
1695 3241 148 28 Fitzherbert,

1263 3265 86 27 Dorset,
1367 3266 46 22 and
1427 3266 109 27 Johnson,
1552 3267 28 22 be
1591 3268 121 27 appointed
1721 3272 22 18 to
1753 3276 92 20 prepare

1263 3299 12 14 a
1289 3294 119 20 statement
1427 3293 26 22 of
1474 3293 35 22 the
1523 3293 43 22 late
1587 3294 131 23 calamitous
1736 3296 62 21 affair
1818 3299 25 18 at

1262 3318 89 23 Wairau
1360 3319 34 22 for
1403 3319 38 22 the
1451 3327 94 21 purpose
1554 3320 26 22 of
1591 3320 133 27 embodying
1733 3322 37 21 the
1781 3329 62 14 same

1261 3345 24 21 in
1306 3346 104 26 petitions
1429 3349 23 19 to
1470 3346 53 23 both
1545 3347 90 22 Houses
1652 3343 29 28 c/
1698 3348 144 27 Parliament,

1262 3372 104 27 claiming
1376 3372 37 22 the
1430 3373 122 27 protection
1569 3374 43 21 due
1630 3377 22 18 to
1670 3381 26 14 us
1714 3381 23 15 as
1757 3374 80 22 British

1261 3399 104 27 subjects.

1294 3433 95 25 Carried
1397 3435 169 31 unanimously.

1294 3466 117 32 Proposed
1421 3468 32 31 by
1463 3468 43 24 Dr.
1519 3468 94 29 Dorset,
1632 3468 42 24 and
1687 3468 108 25 seconded
1808 3469 29 31 by

1261 3499 30 25 E.
1306 3499 101 25 Johnson
1419 3509 6 15 :—:
1425 3513 36 6 —

1286 3538 59 22 That
1355 3539 104 22 Messers.
1471 3539 94 27 Hunter,
1578 3539 99 27 Guyton,
1688 3539 43 23 and
1743 3539 99 23 Fitzher-

1260 3564 54 26 bert,
1322 3565 23 21 in
1355 3565 58 22 their
1418 3566 101 27 capacity
1524 3573 24 14 as
1557 3566 150 27 Magistrates,
1715 3566 29 22 do
1754 3570 89 24 request

1260 3599 12 14 a
1282 3599 56 19 copy
1348 3592 26 21 of
1387 3592 34 22 all
1428 3592 36 22 the
1468 3592 148 28 -depositions,
1634 3592 67 23 taken
1710 3600 28 14 on
1750 3593 36 22 the
1795 3593 47 23 late

1260 3618 62 21 affair
1336 3621 24 18 at
1379 3619 96 25 Wairua,
1494 3620 34 20 for
1547 3619 38 24 the
1604 3619 141 23 information
1761 3620 25 21 of
1802 3620 37 22 the

1259 3645 127 21 committee
1402 3645 119 28 appointed
1534 3646 30 26 by
1574 3646 38 21 the
1628 3646 68 22 Town
1714 3647 92 21 Council
1819 3651 22 17 to

1259 3677 90 21 prepare
1358 3671 37 23 the
1404 3673 103 27 petitions
1518 3675 22 19 to
1550 3672 144 23 Parliament.

1293 3705 94 24 Carried
1395 3706 167 31 unanimously.

1291 3737 85 24 Moved
1387 3739 30 30 by
1430 3738 48 25 Mr.
1498 3739 168 30 Johnsons*and
1679 3740 111 24 seconded
1809 3740 32 31 by

1258 3770 48 24 Mr.
1320 3769 66 32 Lyon
1399 3780 41 15 :—
1475 3787 3 5 •
1500 3781 5 3 ■

1260 3813 3 3 '
1284 3806 57 22 That
1357 3814 12 14 a
1383 3807 94 22 suitable
1493 3807 89 23 address
1598 3808 29 22 be
1639 3808 106 28 prepared
1762 3809 30 27 by
1802 3808 38 22 the

1257 3832 143 27 Corporation
1414 3834 119 27 condoling
1538 3835 63 21 -TYith
1611 3835 38 24 the
1665 3835 136 21 inhabitants
1816 3835 28 22 of

1257 3858 92 28 Nelson,
1369 3859 46 23 and
1428 3858 124 25 forwarded
1567 3865 23 17 to
1607 3860 37 22 the
1662 3861 83 21 Sheriff
1755 3862 26 21 of
1793 3861 48 23 that

1256 3886 134 26 settlement,
1400 3889 22 18 to
1433 3886 27 22 be
1470 3887 179 22 communicated
1661 3891 21 18 to
1693 3887 68 22 them.

1291 3919 94 24 Carried
1398 3920 166 30 unanimously.
1814 3916 32 36 'vjjp

83 3808 107 29 Died.—
190 3814 32 25 At
232 3816 114 24 Lombard
358 3818 82 29 Street,
461 3819 34 23 Te
513 3820 59 29 Aro,
591 3828 30 16 on

56 3842 97 33 Monday,
166 3846 36 24 the
221 3849 56 24 10th
294 3851 63 28 inst.,
379 3850 56 24 after
453 3860 29 15 an
499 3853 80 24 illness
597 3853 25 24 of

56 3875 36 21 two
101 3882 70 25 years,
183 3880 67 32 Mary
263 3882 67 25 Anne
342 3882 69 33 (aged
420 3884 52 30 22),
484 3885 37 24 the
533 3886 50 24 wife
597 3886 25 24 of

55 3909 52 22 Joan
117 3909 75 32 Wade,
204 3913 67 32 Esq.,
281 3915 148 32 Wellington,
440 3919 126 24 merchant.

897 134 171 26 NELSON.

583 42 97 48 fffl*
705 45 118 41 T&tto
847 45 209 43 Zcmnb
1080 50 189 46 i&ntttte
1293 53 92 39 antr
1409 53 298 49 WltMnqUm
1729 53 253 51 &ptttatot.

1294 138 54 25 land
1370 141 95 30 people;
1492 142 74 24 drunk
1594 144 54 22 with
1670 144 38 23 the
1729 145 96 31 idolatry
1848 146 25 23 of

1294 178 15 16 a
1329 171 56 25 false
1407 173 45 30 god
1475 175 73 23 whose
1574 175 48 24 feet
1648 183 39 16 are
1715 177 25 23 of
1765 177 64 24 brass
1847 182 22 19 to

1294 204 95 31 trample
1406 206 45 23 and
1467 206 96 32 destroy,
1583 208 44 23 and
1647 208 74 24 whose
1737 210 58 23 head
1815 211 19 23 is
1846 211 26 24 of

1293 235 50 32 clay
1343 249 33 4 —
1377 237 37 24 the
1425 238 133 32 idolatryof
1570 248 14 15 a
1597 240 153 25 Government
1760 243 109 30 powerful

1293 268 50 31 only
1355 273 25 20 to
1397 270 28 24 do
1436 272 52 28 evil,
1497 272 72 24 feeble
1580 273 25 23 in
1623 273 72 31 ought
1712 274 47 24 else
1767 283 8 19 ;
1794 276 75 23 drunk

1293 301 54 23 with
1364 302 39 24 the
1414 304 59 23 wine
1489 304 26 23 of
1530 305 50 23 that
1597 306 119 24 miserable
1735 307 133 24 infatuation

1291 333 73 25 which
1380 335 51 24 first
1446 336 37 23 led
1500 337 37 23 the
1557 337 155 25 Government
1729 344 24 18 to
1771 347 96 24 suppose

1292 365 49 27 that
1346 367 19 24 it
1376 368 65 24 could
1451 376 93 24 prosper
1553 375 65 26 apart
1624 371 58 23 from
1692 371 37 23 the
1740 374 127 29 prosperity

1291 398 26 24 of
1331 399 64 25 those
1412 401 19 23 it
1447 409 63 16 came
1521 406 22 19 to
1561 408 94 25 protect,
1673 404 43 23 and
1728 404 71 23 which
1819 406 48 23 still

1290 431 74 24 blinds
1375 433 31 23 its
1416 441 54 23 eyes
1481 438 22 20 to
1514 434 38 24 the
1563 436 54 30 only
1628 436 83 24 chance
1722 438 18 22 it
1750 445 116 23 possesses

1290 463 26 27 Qf
1323 464 130 33 redeeming
1462 467 31 23 its
1503 472 51 26 past
1564 469 213 30 mis-government.

1323 496 76 25 Laws
1415 506 55 17 and
1488 500 168 25 Ordinances
1674 509 31 16 op
1722 502 65 24 New
1798 503 67 24 Zea-

1289 536 78 18 land.
1369 543 33 4 —
1402 531 28 24 A-
1436 532 73 24 friend
1526 533 40 24 has
1583 534 73 24 called
1673 539 22 19 to
1707 542 40 16 our
1758 535 107 24 recollec-

1289 562 54 29 tion,
1352 571 13 15 a
1371 563 46 24 fact
1427 565 72 23 which
1508 566 73 23 shows
1591 567 39 23 the
1637 568 65 23 boast
1708 568 25 23 of
1738 568 38 23 the
1783 568 79 23 Auck-

1288 593 54 24 land
1353 595 126 31 Chronicle;
1494 600 129 30 respecting
1633 599 38 24 the
1688 601 94 23 interest
1795 601 70 23 taken

1288 627 24 23 in
1324 627 106 32 England
1447 631 24 22 in
1482 631 38 22 the
1537 632 123 23 Auckland
1675 633 148 30 Ordinances,
1842 638 21 19 to

1287 658 28 25 be
1324 660 47 27 still
1381 669 62 16 more
1455 668 75 25 empty
1538 664 55 24 than
1601 672 33 16 we
1644 665 49 23 said
1705 667 17 22 it
1733 674 54 16 was.
1822 666 41 24 All

1287 692 141 26 Ordinances
1439 696 92 23 enacted
1543 697 30 29 by
1585 697 38 24 the
1635 698 103 24 Colonial
1756 698 107 32 Legisla-

1287 728 56 26 ture,
1365 734 39 16 are
1424 728 104 30 required
1538 728 30 31 by
1581 730 47 23 Act
1639 732 26 21 of
1685 731 139 24 Parliament
1837 734 24 22 3.

1286 758 44 22 and
1340 760 24 22 4.
1378 759 52 25 Vie.
1441 768 19 16 c.
1475 763 39 22 63.
1526 769 19 15 s.
1561 764 40 21 10.
1614 767 22 18 to
1645 763 29 22 be
1685 763 45 23 laid
1742 764 75 23 before
1825 765 38 23 the

1286 790 87 25 British
1392 792 137 25 Parliament
1540 803 7 19 ;
1566 795 45 23 and
1629 795 34 23 all
1679 804 82 23 papers
1780 805 25 15 so
1817 797 44 23 laid

1285 830 38 16 are
1333 832 26 15 as
1369 832 61 16 mere
1436 829 83 21 matter
1529 827 31 30 of
1567 834 78 17 course
1655 829 89 30 printed
1758 829 44 23 and
1813 830 50 23 sold

1285 863 24 15 as
1321 855 64 26 those
1395 858 58 23 have
1464 859 64 24 been.
1563 860 45 24 We
1625 861 124 24 remember
1765 862 49 23 that
1824 862 38 24 the

1284 888 84 25 former
1374 890 141 25 Ordinances
1524 893 74 23 which
1608 901 57 16 were
1674 895 109 30 prepared
1790 895 72 24 under

1285 921 46 25 Mr.
1349 923 225 32 Attorney-General
1592 926 90 29 Fisher,
1701 935 58 16 were
1775 928 47 24 also
1834 937 26 15 so

1284 954 101 30 printed,
1404 957 44 22 and
1467 965 32 15 we
1510 958 88 31 bought
1616 967 14 15 a
1641 967 57 24 copy
1708 961 22 23 in
1752 961 108 31 England

1282 986 35 24 for
1328 987 139 32 eightpence.
1502 990 50 24 The
1563 992 46 23 fact
1627 993 109 24 therefore
1754 994 106 24 indicates

1282 1026 29 17 no
1322 1027 54 24 very
1387 1023 167 31 extraordinary
1571 1025 94 23 interest
1675 1026 25 22 in
1717 1026 63 24 these
1797 1033 62 17 won^

1282 1052 73 24 derful
1366 1053 76 24 efforts
1455 1055 26 23 of
1489 1055 137 30 legislation.

720 186 45 24 We
782 188 55 24 have
859 190 101 23 received
980 193 76 29 copies
1076 194 26 23 of
1119 194 39 23 the
1179 194 88 24 Nelson

687 218 125 26 Examiner
823 221 24 23 of
858 221 37 24 the
906 224 57 22 24th
979 220 114 29 Juneiord
1108 228 36 22 Ist
1153 227 62 32 July,
1228 227 38 24 the

685 251 68 24 latter
764 253 26 23 of
804 261 78 16 course
893 254 43 25 full
953 256 25 23 of
994 257 38 24 the
1047 258 143 32 melancholy
1196 255 71 29 Affair

686 284 135 25 atWairou.
857 286 51 25 The
928 288 135 31 settlement,
1074 298 34 16 we
1126 291 64 25 learn
1206 293 60 24 from

686 318 88 30 private
787 326 97 23 sources,
896 321 21 23 is
928 321 98 31 plunged
1041 323 25 22 in
1080 324 75 30 grief;
1174 325 44 23 and
1235 326 30 23 its

685 350 147 30 inhabitants,
851 352 47 25 like
917 354 122 30 ourselves,
1052 356 57 23 have
1126 357 71 24 taken
1213 365 52 24 pre-

685 384 129 31 cautionary
830 392 114 18 measures
955 389 88 29 against
1057 396 45 23 any
1111 389 88 24 further
1211 396 52 18 out-

684 422 66 23 rages
773 417 31 29 by
824 417 39 24 the
886 418 102 30 Natives,
1011 420 41 24 but
1072 429 31 16 no
1130 424 133 23 reasonable

870 451 25 24 of
915 451 142 26 molestation
1079 453 97 26 existed!
1213 456 50 24 The

683 480 58 24 male
757 481 63 24 adult
833 484 131 30 population
981 485 47 24 had
1044 486 59 24 been
1122 488 101 24 enrolled
1239 497 24 15 as

683 514 84 30 special
786 516 133 29 constables,
939 518 44 22 and
1001 525 58 17 were
1077 521 127 31 exercising
1216 522 45 23 and

682 545 94 33 drilling
786 551 23 20 to
819 548 39 24 the
868 556 42 17 use
928 549 24 24 of
960 558 70 16 arms.
1064 552 23 23 A
1098 552 77 30 public
1190 559 71 19 meet-

681 578 41 32 ing
738 579 44 24 had
800 580 46 24 also
864 581 57 24 been
938 582 53 24 held
1009 587 23 19 to
1049 585 153 25 memorialize
1224 587 37 23 the

682 610 71 26 Local
765 613 44 23 and
818 613 76 25 Home
905 615 164 24 Governments
1079 617 34 23 for
1125 618 37 23 the
1173 624 88 26 protec-

682 645 47 23 tion
739 645 27 23 of
781 645 38 24 life
837 646 45 23 and
897 652 107 26 property
1018 650 24 21 in
1060 649 38 23 the
1117 650 141 26 Settlement.

682 677 47 24 Mr.
745 678 26 22 M
775 678 105 29 'Donald,
893 680 38 22 the
945 681 89 28 Sheriff,
1046 683 113 29 presided.

715 709 50 25 The
786 711 81 24 Editor
887 712 26 23 of
933 712 37 24 the
992 713 126 24 Examiner
1140 724 118 23 expresses

680 744 153 23 considerable
844 745 101 30 surprise
956 750 22 19 at
996 746 38 24 the
1051 751 52 20 tone
1120 749 27 23 of
1164 749 37 24 the
1221 758 37 15 re-

679 775 85 30 marks,
777 777 24 22 in
812 777 37 23 the
862 777 91 32 leading
967 779 79 24 article
1058 780 24 23 of
1098 780 45 24 this
1159 782 99 31 journal,

679 817 28 15 on
720 809 38 23 the
769 810 89 31 subject
866 811 25 23 of
900 811 38 23 the
946 812 77 30 public
1032 814 98 30 meeting
1141 813 52 25 held
1205 815 53 25 here

677 842 55 23 with
748 842 94 24 relation
861 848 23 19 to
904 844 39 23 the
959 845 47 22 late
1025 846 141 32 melancholy
1183 853 73 20 event.

677 874 45 23 We
743 874 60 33 hope
823 876 19 23 it
858 876 20 23 is
889 885 158 24 .unnecessary
1065 883 22 19 to
1110 879 83 25 inform
1216 889 42 17 our

677 907 85 24 friends
776 912 26 20 at
818 909 95 30 Nelson,
933 910 47 23 that
999 911 38 24 the
1053 912 130 30 gentleman
1199 914 58 24 from

677 940 76 25 whose
763 948 45 24 pen
819 942 38 24 the
874 942 78 24 article
962 944 25 22 in
1006 946 103 29 question
1126 947 130 30 proceeded,

677 974 80 24 ceased
768 980 24 18 to
802 975 57 24 have
870 984 44 22 any
919 978 137 23 -connection
1068 978 53 23 with
1129 978 47 23 this
1186 987 72 24 paper

677 1006 81 25 almost
776 1007 37 24 the
826 1013 99 20 moment
936 1009 47 24 that
995 1010 38 23 the
1043 1011 103 23 remarks
1158 1013 99 23 referred

677 1044 22 18 to
718 1040 65 24 made
802 1041 57 23 their
880 1050 153 23 appearance;
1058 1044 44 23 and
1124 1043 50 24 that
1193 1045 63 24 these

676 1073 103 23 remarks
786 1081 56 16 were
850 1074 38 23 the
896 1080 64 19 exact
969 1076 101 31 opposite
1079 1076 25 24 of
1113 1076 39 24 the
1160 1078 96 31 feelings

676 1105 25 23 of
727 1114 40 15 our
797 1109 137 30 community
957 1109 94 23 towards
1073 1118 42 14 our
1144 1110 112 32 suffering

675 1139 147 28 neighbours.

1474 1126 189 25 SYDNEY.

812 1205 79 24 NEW
908 1207 205 24 PLYMOUTH.

1315 1182 42 24 We
1368 1183 57 24 have
1436 1184 100 24 received
1551 1185 93 32 Sydney
1655 1194 81 23 japers
1754 1187 65 25 down
1835 1194 23 18 to

1284 1214 36 24 the
1334 1216 56 25 17th
1401 1216 67 24 June.
1515 1217 65 31 They
1592 1226 38 16 are
1642 1220 80 30 chiefly
1733 1220 62 25 filled
1804 1222 53 23 with

1280 1248 57 23 local
1348 1256 61 16 news
1420 1250 26 23 of
1460 1258 15 15 a
1486 1250 113 24 character
1608 1253 167 32 uninteresting
1782 1260 22 18 to
1816 1262 42 16 our

1279 1280 98 26 readers.
1424 1282 51 24 The
1491 1283 50 23 first
1559 1285 91 29 general
1669 1285 93 24 election
1780 1288 25 22 of
1819 1288 38 23 the

1282 1313 86 32 Colony
1379 1322 45 17 was
1442 1316 25 23 in
1484 1324 114 22 progress.
1646 1318 74 24 There
1738 1327 57 15 were
1813 1321 44 22 five

1280 1346 127 25 candidates
1418 1348 36 23 for
1465 1349 99 31 Sydney,
1577 1350 48 24 Mr.
1640 1351 148 30 Wentworth,
1808 1353 47 23 Dr.

1279 1379 82 30 Bland,
1374 1381 98 31 Captain
1483 1381 137 30 O'Connell,
1633 1383 48 24 Mr.
1705 1384 93 31 Cooper,
1812 1386 44 23 and

1279 1413 47 23 Mr.
1347 1414 106 24 Hustler,
1466 1414 37 24 the
1524 1419 42 19 two
1582 1416 53 24 first
1645 1424 58 16 were
1712 1418 105 23 returned
1827 1419 30 30 by

1279 1454 28 14 an
1319 1446 175 32 overwhelming
1512 1448 114 31 majority.
1670 1449 47 24 Mr.
1738 1450 118 24 Hannibal

1279 1478 125 25 M'Arthur
1414 1479 46 23 had
1472 1480 45 24 also
1528 1481 58 23 been
1599 1482 106 24 returned
1721 1483 34 23 for
1773 1484 82 23 Parra-

1277 1516 78 20 matta.
1402 1513 51 23 The
1465 1513 62 24 other
1538 1518 92 19 returns
1642 1515 43 23 had
1697 1521 38 18 not
1751 1516 57 24 been
1818 1525 38 16 re-

1279 1546 84 23 ceived.

1931 148 49 24 Mr.
1994 148 91 25 Hunter
2102 152 88 29 moved,
2201 153 45 24 and
2263 154 48 24 Mr.
2328 155 142 25 Fitzherbert

1896 181 113 23 seconded
2018 190 6 15 :
2025 194 33 4 —

1922 210 60 22 That
1990 218 14 15 a
2013 219 54 20 copy
2076 213 25 21 of
2107 213 38 22 the
2159 215 88 23 address
2256 220 23 18 to
2295 217 38 22 the
2343 218 89 22 Settler*
2446 222 24 19 at

1896 236 84 23 Nelson
1989 237 28 22 be
2027 242 47 18 sent
2082 242 22 18 to
2114 240 90 22 Colonel
2214 241 128 24 Wakefield.

1930 265 93 24 Carried
2034 268 181 31 unanimously.*

1929 297 86 24 Moved
2029 298 30 32 by
2077 299 47 25 Mr.
2146 301 150 31 Fitzherbert,
2313 305 108 24 seconded
2438 305 31 32 by

1895 329 48 24 Mr.
1955 330 68 31 Lyon
2025 344 31 5 —

1921 361 59 23 That
1989 362 39 27 the.
2043 363 128 22 Committee
2185 364 29 22 be
2229 367 135 25 empowered
2379 371 23 19 to
2417 369 52 21 wait

1895 393 27 14 on
1933 387 45 23 Mr.
1989 389 73 26 Spain,
2071 391 126 26 requesting
2209 391 46 22 him
2258 396 29 17 .to
2296 393 49 25 give
2354 394 59 21 them
2423 401 44 21 any

1894 413 143 23 information
2056 415 28 22 he
2098 423 52 20 may
2164 417 57 22 have
2239 418 17 21 it
2275 418 23 21 in
2312 419 34 22 his
2358 427 73 20 power
2443 424 24 19 to

1894 439 70 21 afford
1974 440 68 23 them.

1929 467 94 25 Carried
2034 471 164 31 unanimously.
2225 476 4 3 '

1927 500 121 31 Adjournd
2057 502 34 24 till
2100 503 144 32 Wednesday
2254 509 23 19 at
2290 507 31 23 10
2332 506 93 24 o'clock.

1926 563 51 23 The
1997 563 113 33 following
2131 566 58 24 lines
2211 575 58 16 were
2290 569 68 23 found
2380 570 23 22 in
2425 578 42 16 our

1892 594 102 25 Editor's
2001 596 52 24 box.
2076 598 50 24 The
2135 599 86 23 writers
2230 608 66 16 name
2305 610 44 15 was
2355 601 111 31 attached,

1892 627 41 24 but
1942 636 26 16 as
1980 636 32 16 we
2022 637 103 23 presume
2135 631 46 23 this
2199 639 45 16 was
2260 634 25 22 in
2297 634 125 24 confidence
2432 643 35 15 we

1892 660 27 24 do
1940 665 41 20 not
1997 663 61 29 print
2074 663 26 23 it.
2135 664 25 23 It
2177 664 73 24 shews
2270 666 49 23 that
2337 667 36 23 the
2392 669 75 23 wisest

1890 693 71 24 heads
1972 701 53 24 may
2034 702 42 22 err,
2095 696 43 23 and
2150 697 50 23 that
2220 705 42 16 owe
2274 699 88 23 method
2375 700 24 23 of
2413 708 52 22 pre-

1891 726 81 31 paring
1983 727 112 24 ourselves
2106 730 90 29 against
2205 738 45 23 any
2256 732 129 29 aggression
2394 733 25 22 of
2428 733 38 23 the

1891 759 103 29 Natives,
2015 759 40 25 has
2067 761 92 31 escaped
2177 763 39 22 the
2233 763 143 32 forethought
2387 765 23 22 of
2425 773 41 16 our

1891 791 134 25 Committee
2046 794 24 23 of
2086 794 80 25 Public
2187 796 87 31 Safety.
2321 797 75 23 Those
2415 798 50 24 who

1890 832 39 16 are
1940 824 35 24 for
1986 826 91 31 settling
2091 827 38 24 the
2145 827 68 24 Land
2225 829 85 24 Claims
2322 829 29 31 by
2361 838 14 15 a
2385 838 81 24 money

1889 863 113 25 payment,
2015 859 43 23 will
2069 862 101 28 perceive
2187 861 49 24 that
2254 862 37 23 the
2303 864 73 22 writer
2387 863 79 24 thinks

1889 898 25 15 as
1926 890 52 31 they
1990 893 35 28 ilo,
2037 892 47 24 that
2095 900 13 16 a
2118 895 71 22 maori
2200 902 51 23 may
2258 895 29 23 be
2298 895 84 31 bought
2393 896 34 23 off
2434 897 32 31 by

1888 924 79 30 giving
1985 924 47 23 him
2049 925 57 24 what
2123 926 29 23 he
2169 926 54 24 asks
2235 928 35 23 for
2280 928 93 24 without
2384 930 46 22 fear
2443 930 24 23 of

1888 955 44 24 his'
1943 958 115 30 repeating
2075 958 35 23 his
2129 959 116 25 demands.
2281 961 43 23 We
2343 962 60 30 print
2422 962 39 23 the

1887 988 57 24 lines
1957 990 106 23 verbatim
2076 999 24 14 as
2110 998 33 17 we
2156 993 101 22 received
2268 993 69 29 them,
2349 994 50 30 only
2410 1002 53 22 pre-

1888 1022 84 30 mising
1990 1023 48 23 that
2049 1031 30 15 we
2098 1025 103 22 conceive
2373 1031 22 19 to
2411 1027 29 23 be
2451 1035 14 15 a

1888 1056 129 29 corruption
2029 1056 24 22 of
2235 1058 43 23 and
2313 1059 130 31 lilleypopes

1888 1087 94 23 another
1994 1095 47 23 way
2052 1088 24 23 of
2084 1090 89 30 writing

2022 1126 70 28 Tune,
2110 1129 89 20 Cameles
2209 1136 25 14 ar
2245 1132 86 25 coming.

1887 1158 47 21 The
1945 1166 86 15 moures
2041 1167 23 14 ar
2074 1161 89 27 coming
2172 1163 57 22 from
2239 1163 94 29 Poverty
2342 1165 52 28 Bay,

1887 1184 62 22 With
1961 1186 84 22 Robela
2055 1187 47 21 thar
2112 1187 96 23 chaftien
2220 1193 21 18 to
2251 1190 60 22 drive
2320 1198 25 15 us
2355 1199 67 20 away,

1889 1211 55 21 We'l
1954 1212 56 21 have
2020 1216 22 18 to
2051 1213 43 27 buy
2103 1214 129 29 lilleypopes
2241 1224 66 20 every
2314 1225 42 15 one

1886 1238 32 21 To
1927 1238 50 27 give
1987 1242 23 18 to
2021 1240 35 20 the
2065 1248 87 14 moures
2163 1245 22 18 to
2195 1241 50 23 leav
2253 1250 26 14 us
2290 1244 70 22 alone.

1886 1277 85 22 Robela
1983 1278 94 22 declares
2088 1280 47 21 that
2143 1280 37 22 hel
2189 1281 66 22 midel
2265 1282 54 22 with
2327 1290 44 14 non

1887 1303 57 22 Who
1954 1304 61 25 gives
2023 1305 46 22 him
2078 1313 14 14 a
2100 1306 83 22 biscute
2195 1314 24 14 or
2230 1308 78 22 throws
2318 1309 45 22 him
2372 1317 13 14 a
2393 1309 66 28 bone,

1886 1329 45 22 But
1942 1330 63 22 those
2015 1332 26 20 of
2047 1331 55 22 their
2110 1332 48 22 kiki
2166 1333 49 22 who
2225 1334 93 28 keepeth
2327 1335 36 22 the
2373 1336 53 27 grip,

1886 1356 45 22 Hel
1941 1361 39 17 cut
1989 1358 60 21 them
2057 1361 22 19 to
2091 1359 71 27 peices
2171 1360 46 21 and
2227 1368 84 21 warrey
2321 1361 59 23 them
2389 1370 36 20 up.

1885 1396 82 23 Fellow
1977 1398 109 22 Colenests
2095 1407 28 18 ye
2131 1400 49 21 who
2190 1400 56 22 dont
2255 1401 53 22 wish
2317 1405 23 19 to
2349 1402 26 22 be
2385 1403 37 21 bet

1886 1423 71 22 When
1971 1424 28 21 he
2010 1432 71 15 comes
2093 1426 50 26 give
2158 1426 45 22 him
2218 1427 77 28 plenty
2304 1429 25 21 of
2338 1429 124 28 something

1966 1453 23 18 to
1999 1455 42 23 eat,

1885 1476 25 21 If
1915 1483 28 19 ye
1954 1476 28 22 do
1992 1477 52 22 than
2055 1485 27 14 no
2093 1478 53 22 dobt
2156 1479 17 22 it
2183 1480 36 21 wil
2229 1480 64 22 finish
2303 1481 36 23 the
2349 1482 52 22 strif.

1884 1503 54 21 And
1947 1502 38 23 hel
1994 1511 65 15 never
2065 1513 63 14 come
2135 1508 23 19 to
2163 1511 49 22 pest
2220 1514 43 20 you
2270 1509 64 26 again
2341 1509 22 21 in
2374 1509 32 22 his
2412 1509 48 23 life.

1940 1568 193 25 ENGLISH
2164 1570 243 26 EXTRACTS.

85 130 20 22 is
146 133 42 16 one
199 126 25 23 of
233 126 38 23 the
281 125 58 24 least
349 126 55 30 safe,
419 130 141 27 convenient,
571 130 44 23 and
623 138 38 16 ac-

87 158 91 26 cessible
196 157 48 23 that
255 158 65 23 could
331 158 28 24 be
370 159 77 30 found,
460 161 24 23 in
495 169 69 24 every
572 168 89 26 respect

303 191 48 24 Mr.
373 191 119 31 Matthew,
512 194 101 24 checked
630 196 31 30 by

85 225 37 23 the
139 222 136 24 Governor's
294 231 49 23 eye,
364 229 85 19 asserts
460 225 49 25 that
586 228 21 23 is
620 228 39 23 ad-

84 255 76 26 mitted
179 260 23 17 to
223 255 30 23 be
273 263 12 16 a
303 263 53 23 very
375 257 55 29 safe,
450 260 142 29 convenient,
615 261 44 23 and

84 287 118 26 accessible
211 287 106 31 harbour,
330 290 24 22 in
372 297 67 24 every
449 296 90 27 respect
549 293 108 31 unobjec-

247 320 26 24 Is
301 322 19 22 it
345 323 98 30 possible
465 324 49 24 that
536 325 122 31 important

84 355 126 23 statements
217 352 80 25 should
304 354 28 24 be
339 363 62 15 more
408 356 94 31 directly
508 362 23 18 at
538 359 103 23 variance
647 359 9 23 ?

83 387 35 24 Do
129 385 53 31 they
192 390 39 19 not
243 386 70 24 afford
325 387 37 24 the
373 392 114 27 strongest
494 389 106 24 evidence
607 391 49 24 that

82 419 36 23 the
129 425 42 16 one
182 425 24 16 or
218 418 39 24 the
273 419 65 24 other
354 420 26 24 of
397 422 36 23 the
451 427 112 26 reporters
575 424 20 22 is
613 432 42 15 un-

47 475 3 4 .
82 450 83 31 worthy
191 451 25 23 of
235 452 78 29 credit,
337 453 162 31 incapacitated
510 460 2 6 '
526 455 72 24 either
625 457 31 31 by

45 505 5 6 .
81 484 86 23 natural
182 483 73 24 defect
272 485 25 23 of
304 486 186 32 understanding,
503 495 24 16 or
544 488 32 31 by
592 497 62 15 some

81 517 81 23 violent
172 517 112 30 prejudice
292 518 10 24 ?

110 547 75 25 When
196 549 47 24 Mr.
257 550 121 24 Shortland
387 552 44 23 last
442 553 82 24 visited
534 560 28 16 us
572 553 28 24 he
608 562 44 16 was

79 582 98 24 received
189 582 23 23 in
221 590 14 15 a
250 590 94 16 manner
354 584 73 24 which
444 592 34 16 we
498 586 97 30 thought
612 594 40 17 ex-

79 613 91 31 tremely
181 614 119 24 creditable
311 620 23 18 to
346 616 38 23 the
396 618 96 24 settlers.
537 618 66 32 They
615 620 37 23 did

78 652 38 19 not
127 654 28 16 on
167 646 35 23 the
214 655 43 16 one
267 647 60 24 hand
338 646 66 33 (with
416 658 13 14 a
445 658 55 23 very
517 651 44 23 few
577 653 75 23 unim-

78 683 87 28 portant
176 679 141 32 exceptions)
328 681 70 24 throw
407 683 135 24 themselves
553 685 49 23 into
614 685 36 24 his

77 721 58 16 arms
145 720 25 15 as
181 720 14 15 a
205 720 53 16 man
269 713 47 24 who
329 714 43 23 had
383 714 39 25 the
432 716 139 30 preferment
578 718 26 22 of
614 718 37 24 the

78 746 75 29 colony
165 749 23 19 at
198 745 36 23 his
245 746 100 31 disposal
352 756 6 19 ;
378 755 41 16 nor
437 749 38 23 did
492 749 54 31 they
566 758 27 15 on
612 751 37 24 the

75 778 62 23 other
149 777 59 24 hand
219 778 73 32 forget
304 779 38 24 the
353 785 88 27 respect
451 782 72 23 which
542 790 46 16 was
606 777 43 30 due

77 816 21 18 to
115 810 35 23 his
169 811 71 29 office,
261 816 21 19 to
296 812 93 31 indulge
405 814 26 22 in
447 814 84 24 hostile
552 816 97 32 feelings

74 844 119 30 generated
202 844 31 30 by
240 844 37 24 his
285 850 53 26 past
348 846 96 24 conduct
456 848 24 22 in
492 848 115 24 reference
628 855 21 18 to

75 877 42 23 this
128 876 71 31 place.
244 876 27 25 If
284 878 29 23 he
336 878 80 24 should
435 887 63 17 come
520 889 85 24 among
622 890 28 16 us

75 910 63 30 again
149 910 25 23 in
188 910 37 23 the
237 918 61 16 same
310 912 101 31 capacity
423 920 32 16 we
466 912 59 32 hope
537 914 28 24 he
577 916 73 23 would

73 943 28 22 be
111 943 100 23 received
221 944 24 22 in
264 944 37 23 the
319 953 62 15 same
399 947 121 30 respectful
538 955 95 17 manner
641 958 6 20 ;

57 991 7 6 .
73 975 42 23 and
125 974 19 23 if
160 975 28 23 he
198 976 80 24 should
299 984 63 17 come
380 979 24 22 in
421 987 13 14 a
449 980 89 30 private
548 982 101 30 capacity

73 1015 31 16 we
122 1007 78 24 should
223 1010 48 23 still
289 1009 59 32 hope
366 1015 23 19 to
404 1019 38 16 see
459 1020 14 16 a
484 1013 66 30 spirit
562 1014 25 23 of
602 1014 46 23 for-

73 1041 101 30 giveness
186 1043 114 23 exercised
311 1043 96 24 towards
419 1045 56 24 him.
515 1046 50 24 But
576 1047 19 23 is
607 1047 41 24 has

42 1086 2 6 •
73 1075 52 21 been
136 1073 49 23 said
196 1073 48 24 that
258 1075 45 24 Mr.
317 1076 143 24 Shortland's
472 1078 43 24 last
527 1080 53 22 visit
599 1088 45 15 was

71 1106 61 24 made
145 1106 52 23 with
210 1106 36 23 the
259 1108 55 22 view
327 1109 24 22 of
366 1110 144 32 conciliating
520 1111 39 24 the
578 1113 66 23 inha-

71 1140 80 22 bitants
164 1140 25 22 of
202 1139 57 24 Port
270 1140 132 30 Nicholson,
413 1143 23 22 in
449 1143 38 23 the

70 1172 45 23 that
126 1179 13 15 a
151 1172 55 23 local
218 1173 97 23 resident
325 1182 53 23 may
388 1175 28 23 be
428 1177 120 30 appointed
558 1186 84 22 among

71 1213 32 20 us,
112 1204 43 24 and
164 1205 47 23 that
219 1205 28 24 he
255 1214 51 23 may
315 1207 28 22 be
349 1207 37 23 the
397 1215 59 17 man.
480 1209 27 23 If
513 1209 45 24 this
567 1210 80 24 should

69 1245 65 24 prove
146 1242 24 19 to
181 1239 28 23 be
218 1243 57 24 true,
287 1240 55 23 then
353 1248 40 16 we.
398 1248 39 23 say
447 1243 18 22 it
475 1242 45 23 will
538 1243 27 23 be
584 1244 62 30 right

70 1271 46 22 that
127 1279 33 15 we
172 1271 79 24 should
263 1274 123 23 remember
404 1274 37 23 the
459 1280 58 26 past,
536 1276 43 23 and
598 1277 49 23 that

71 1311 29 16 we
112 1304 80 23 should
202 1313 40 15 use
254 1313 66 23 every
331 1314 78 16 means
424 1308 23 22 in
466 1315 42 16 our
525 1316 76 23 power
622 1314 23 19 to

70 1337 106 31 persuade
188 1337 155 25 Government
352 1344 40 19 not
404 1344 22 19 to
437 1340 73 24 inflict
520 1349 62 23 upon
592 1351 27 14 us
632 1351 13 15 a

70 1370 123 31 gentleman
205 1370 49 24 who
267 1372 39 22 has
324 1372 82 31 always
425 1373 76 24 shewn
520 1382 25 15 so
566 1380 79 26 strong

70 1411 12 15 a
91 1403 112 31 prejudice
215 1405 89 29 against
316 1405 37 24 the
362 1407 137 28 settlement,
519 1408 46 23 and
583 1409 58 29 who,

70 1436 107 23 whatever
188 1436 35 23 his
234 1438 85 29 private
330 1439 70 22 worth
410 1447 51 22 may
473 1440 35 29 be,
529 1440 54 24 does
602 1448 41 17 not

71 1476 78 23 appear
160 1474 21 18 to
198 1478 91 23 possess
304 1479 41 15 one
366 1472 85 30 quality
471 1473 73 23 which
565 1474 80 24 should

70 1502 62 23 make
141 1510 29 15 us
181 1502 100 25 desirous
299 1508 23 19 to
334 1504 56 23 have
402 1504 46 24 him
465 1513 83 24 among
556 1515 27 15 us
595 1516 25 15 as
632 1516 14 16 a

70 1535 71 31 public
152 1535 149 32 functionary.

99 1568 42 23 We
151 1568 58 24 shall
220 1574 76 19 return
310 1574 22 19 to
342 1570 37 24 the
398 1571 58 23 Blue
477 1572 61 24 book
557 1574 24 22 in
602 1582 42 15 our

69 1606 51 18 next
129 1600 102 24 number.

1456 1617 221 26 ENGLAND.

710 1260 56 25 Our.
772 1261 142 31 intelligence
926 1263 55 23 from
1003 1264 57 23 New
1079 1265 124 30 Plymouth
1224 1267 30 31 by

674 1293 39 23 the
724 1293 64 23 Kate
799 1300 127 25 represents
945 1296 47 23 that
1012 1297 128 24 settlement
1156 1307 25 15 as
1200 1307 54 24 par-

674 1327 82 31 taking
768 1327 25 23 of
808 1327 36 23 the
858 1328 99 24 dullness
969 1330 89 23 natural
1070 1335 23 18 to
1113 1331 39 23 the
1173 1340 81 16 season

674 1359 25 23 of
717 1360 36 22 the
764 1367 61 22 year,
845 1360 44 24 and
908 1361 38 25 the
964 1361 96 25 absence
1080 1363 26 23 of
1120 1365 133 31 emigration

674 1396 22 19 to
710 1393 16 22 it
736 1401 5 19 ;
761 1393 41 23 but
813 1398 22 18 to
846 1394 28 23 be
885 1402 30 15 on
927 1394 36 23 the
976 1394 71 25 whole
1058 1396 24 23 in
1095 1405 13 14 a
1120 1398 72 22 sound
1209 1399 44 23 and

672 1426 137 31 flourishing
829 1426 121 25 condition.
993 1428 40 23 An
1052 1431 115 23 extensive
1187 1431 66 24 stock

673 1459 44 22 and
728 1459 63 30 dairy
804 1461 80 22 station
896 1468 46 16 was
953 1461 69 24 about
1033 1466 22 19 to
1068 1462 27 23 be
1116 1464 137 24 established

672 1491 32 31 by
724 1492 95 30 Captain
839 1493 66 31 King
927 1494 41 22 and
988 1494 47 24 Mr.
1060 1495 87 30 Cooke,
1171 1502 21 18 to
1214 1497 38 24 the

673 1525 67 22 south
763 1525 25 22 of
814 1525 84 24 Mount
926 1527 108 31 Egraont.
1091 1528 161 32 Twenty-four

672 1557 84 24 whales
767 1558 45 23 had
821 1559 57 23 been
896 1567 53 16 seen
966 1561 24 22 in
1011 1560 38 24 the
1067 1562 125 30 roadstead,
1211 1563 42 24 but

672 1598 59 16 none
743 1591 45 23 had
796 1592 57 23 been
862 1592 78 24 taken.
986 1593 50 24 The
1053 1599 60 18 want
1129 1596 26 23 of
1170 1596 81 32 capital

672 1624 24 22 in
705 1625 128 29 proportion
842 1629 23 19 to
877 1625 79 24 labour
966 1626 44 23 and
1026 1628 59 29 good
1105 1628 54 24 land
1176 1629 19 23 is
1211 1634 40 19 not

671 1656 46 24 less
729 1658 140 29 conspicious
879 1659 63 22 there
950 1659 53 24 than
1014 1661 24 22 in
1050 1660 37 23 the
1097 1661 64 24 other
1171 1662 78 23 settle-

672 1694 73 19 ments
755 1690 26 23 of
795 1690 56 24 New
862 1691 107 25 Zealand.
1014 1693 75 23 There
1107 1702 38 15 are
1155 1699 95 27 twenty-

671 1722 63 24 three
746 1723 61 31 pairs
818 1723 24 24 of
858 1723 102 25 bullocks
973 1726 96 30 actually
1082 1732 23 17 at
1116 1727 71 29 work,
1206 1728 43 23 aud

671 1760 44 19 two
722 1756 101 24 hundred
833 1756 120 25 additional
966 1766 62 15 acres
1047 1759 24 23 of
1085 1760 54 23 land
1159 1761 46 23 will
1222 1761 28 23 be

671 1788 68 31 ready
750 1789 36 23 for
804 1791 78 30 spring
900 1791 118 31 sowing—
1019 1799 25 16 so
1064 1792 49 23 that
1133 1793 47 23 this
1197 1801 53 23 year

670 1821 63 24 there
745 1822 46 23 will
809 1823 28 23 be
858 1822 68 25 about
948 1826 49 21 300
1016 1832 61 16 acres
1096 1826 71 23 under
1186 1835 61 24 crop.

670 1854 50 24 The
732 1855 67 23 white
809 1856 130 31 popxilation
952 1862 102 19 amounts
1067 1862 22 19 to
1101 1859 63 26 1117
1178 1861 69 23 souls.

668 1887 40 23 An
720 1888 101 23 accident
829 1888 45 25 had
884 1889 117 32 happened
1014 1895 23 18 to
1058 1891 37 23 the
1113 1894 136 29 suspension

670 1921 78 30 bridge
760 1929 52 15 over
823 1922 38 23 the
870 1922 139 24 Waiwakaio
1017 1924 66 28 river,
1095 1925 74 31 owing
1178 1930 21 19 to
1211 1926 38 23 the

667 1961 97 23 passage
776 1955 24 22 of
814 1963 13 14 a
837 1955 57 23 herd
905 1956 24 23 of
945 1956 66 23 cattle
1033 1964 51 15 over
1103 1957 17 24 it
1133 1958 78 24 before
1228 1960 21 22 it

668 1994 47 15 was
728 1988 62 29 quite
800 1988 124 30 completed
934 1997 7 20 ;
960 1988 40 24 but
1012 1989 37 23 the
1068 1991 106 23 essential
1185 1996 63 25 parts

668 2026 58 16 were
738 2019 120 31 uninjured
868 2021 45 22 and
922 2028 113 15 measures
1044 2029 56 16 were
1107 2022 140 25 immediate-

667 2051 25 30 ly
704 2052 69 23 taken
785 2057 22 18 to
819 2054 74 28 repair
903 2053 38 23 the
950 2053 101 29 damage.

856 2115 199 23 AUCKLAND.

1312 1673 49 24 The
1373 1673 92 32 Sydney
1477 1683 80 23 papers
1569 1677 91 23 contain
1673 1685 13 14 a
1697 1677 41 24 few
1757 1683 97 19 extracts

1278 1705 25 23 of
1319 1706 96 31 English
1428 1715 68 21 news,
1511 1709 39 22 but
1561 1709 96 31 nothing
1677 1711 26 22 of
1718 1711 136 31 importance

1277 1744 79 26 except
1365 1745 105 18 accounts
1482 1741 25 22 of
1516 1749 27 15 an
1557 1742 178 30 unprecedented
1748 1744 102 24 destruc-

1277 1772 47 23 tion
1347 1772 24 23 of
1389 1773 107 31 shipping
1515 1775 105 23 attended
1636 1776 53 22 with
1703 1784 56 23 very
1769 1778 85 23 serious

1276 1804 47 23 loss
1346 1805 25 23 of
1387 1805 38 24 life
1444 1807 24 22 in
1488 1814 153 24 consequence
1658 1809 27 22 of
1698 1810 84 23 violent
1792 1811 62 29 gales

1277 1838 144 31 terminating
1443 1840 24 22 in
1490 1847 13 15 a
1524 1840 128 24 hurricaue.
1707 1843 37 22 Sir
1767 1843 87 23 Robert

1277 1870 75 24 Peel's
1375 1871 119 31 Secretary
1508 1873 47 23 Mr.
1575 1873 146 25 Drummond
1737 1876 45 23 had
1796 1876 58 23 been

1276 1903 52 24 shot
1336 1904 30 30 by
1382 1912 28 15 an
1421 1906 99 22 assassin
1530 1906 31 31 by
1573 1907 97 23 mistake
1681 1909 18 21 it
1710 1909 19 22 is
1742 1909 112 30 supposed

1274 1935 36 24 for
1322 1936 38 24 the
1372 1937 112 23 Premier.

1308 1969 44 24 We
1362 1970 57 23 have
1431 1970 47 24 also
1492 1972 105 23 numbers
1615 1973 25 22 of
1655 1973 37 23 the
1712 1972 57 24 New
1790 1974 61 23 Zea-

1274 2001 56 23 land
1338 2002 99 24 Journal
1447 2004 25 22 of
1486 2004 37 23 the
1543 2005 51 25 7th-
1605 2006 43 22 and
1667 2008 55 21 21st
1740 2007 110 31 January.

1275 2034 51 23 The
1337 2040 59 18 most
1412 2036 133 31 interesting
1562 2045 61 15 news
1643 2039 24 22 in
1689 2038 63 24 these
1775 2040 20 22 is
1815 2040 38 23 the

1274 2067 120 23 formation
1406 2068 24 23 of
1445 2076 13 16 a
1471 2069 53 23 New
1536 2070 101 23 Zealand
1654 2071 98 31 Society,
1769 2072 85 32 having

1274 2099 35 23 for
1319 2101 29 22 its
1361 2101 73 31 object
1446 2101 36 24 the
1495 2102 161 24 advancement
1667 2104 26 23 of
1708 2104 35 23 the
1762 2105 91 24 welfare

1275 2132 25 23 of
1324 2132 37 24 the
1385 2134 86 31 colony,
1492 2136 44 22 and
1559 2136 125 32 consisting
1705 2137 23 23 of
1748 2137 105 25 absentee

1274 2167 138 30 proprietors
1432 2167 45 24 and
1496 2168 30 23 all
1547 2169 76 23 others
1641 2170 121 23 interested
1783 2171 24 23 in
1825 2172 26 23 it.

1275 2198 23 23 It
1308 2200 109 29 promises
1430 2205 23 18 to
1465 2200 27 24 be
1503 2201 25 23 of
1543 2201 38 23 the
1601 2202 90 31 highest
1710 2203 83 32 utility,
1809 2204 44 24 and

1274 2239 32 17 we
1316 2232 45 23 hail
1373 2233 29 23 its
1414 2232 119 25 formation
1545 2235 54 22 with
1611 2235 111 30 pleasure.

1314 2302 162 25 MEETING
1494 2304 42 23 OF
1555 2304 72 25 THE
1647 2306 161 24 COUNCIL.
