2490 3830
38 299 2348 52 THE

38 351 563 19 OXFORD
695 351 282 19 AND
1071 351 376 19 CUST
1541 351 845 19 OBSERVER,

38 370 306 19 AND
446 370 1021 19 CANTERBURY
1569 370 817 19 LIBERAL.

967 419 498 33 CIRCXJLATIISrG
1465 412 8 26 1
1511 419 82 33 IN

95 477 280 48 OXFORD,
407 477 170 52 CUST,
617 475 359 52 BAJSTGIORA,
1006 475 276 50 ASHLEY,
1314 474 356 54 BALCAIRN,
1704 473 384 54 AMBEBLEY,
2120 473 320 51 WAIKABI,

583 542 432 51 LEXTHFXELB,
1037 541 395 52 SHEFFIELD,
1458 554 104 32 and
1589 541 360 44 DARFIELD.

133 681 76 30 Vol.
234 682 58 28 I—
292 680 59 30 No.
372 679 47 31 XI

703 679 106 31 EAST
831 678 180 37 OXFORD,
1035 678 235 40 SATURDAY,
1298 678 195 32 OCTOBER
1515 682 48 34 26,
1587 681 87 29 1889.

2007 680 134 29 Peiob—
2142 680 83 29 ONE
2248 680 149 29 PENNY.

1613 819 57 40 J.
1714 819 56 40 S.
1816 818 254 48 COOS,

1672 879 116 24 Registered
1800 880 178 19 Pharmaceutical
1992 880 94 23 Chemist,

1792 925 127 31 Triangle,
1935 925 88 24 Cashel
2037 925 94 31 Street,

1989 971 273 26 CHRISTCHURCH.

1265 1029 78 25 Allow
1359 1037 38 17 me
1414 1030 25 24 to
1457 1029 88 25 submit
1566 1032 24 22 to
1607 1038 60 23 your
1684 1030 176 24 consideration
1877 1031 42 23 the
1936 1030 124 31 following
2078 1030 157 32 Specialities,
2254 1031 34 24 all
2304 1030 26 25 of
2343 1031 86 29 which,

1327 1072 74 31 being
1411 1081 40 22 my
1462 1080 55 16 own
1528 1073 184 30 compounding,
1729 1073 14 23 I
1760 1081 44 15 can
1821 1073 146 31 confidently
1983 1074 162 28 recommend,
2163 1073 93 31 haying
2273 1074 156 31 successfully

1326 1114 60 24 used
1402 1114 67 24 them
1485 1114 36 24 for
1538 1122 67 17 some
1621 1123 68 22 years
1699 1122 5 16 :
1706 1129 34 3 —

1263 1158 92 21 CURE
1373 1159 62 19 FOR
1452 1159 63 19 ALL
1532 1159 104 20 KINDS
1653 1160 41 19 OF
1710 1160 78 19 SKIN
1809 1160 170 19 DISEASE—

1418 1184 12 18 1
1440 1189 35 14 am
1485 1184 130 23 exceedingly
1625 1185 113 18 successful
1747 1184 23 18 m
1780 1190 35 18 my
1825 1184 99 20 remedies
1933 1185 32 19 for
1974 1184 43 20 this
2027 1185 121 25 complaint,
2157 1185 54 20 have
2220 1191 13 14 a
2242 1185 56 25 large
2308 1184 87 20 number
2404 1185 23 20 of

1476 1209 147 20 testimonials.

1263 1247 73 19 NEW
1353 1247 141 20 REMEDY
1513 1247 62 19 FOR
1594 1247 94 20 LIVER
1705 1247 218 21 COMPLAINTS
1941 1248 67 20 AND
2028 1248 247 22 INDIGESTION—

1416 1272 50 19 This
1475 1270 40 21 has
1526 1270 48 20 been
1585 1272 45 19 well
1637 1272 73 23 tested,
1720 1273 42 18 and
1772 1272 39 19 has
1821 1272 75 25 proved
1907 1272 73 26 highly
1989 1272 139 26 satisfactory.

1260 1309 135 20 GOLDEN
1414 1309 108 20 CROSS
1542 1310 192 21 NEURALGIA
1753 1310 180 22 MIXTURE—

1414 1334 33 25 By
1459 1334 68 19 which
1541 1334 36 19 the
1590 1334 50 25 pain
1654 1334 18 20 is
1687 1334 67 24 cured,
1770 1341 47 14 ease
1830 1335 99 20 obtained
1949 1335 28 25 by
1990 1341 12 16 a
2016 1335 38 22 few
2068 1336 65 21 doses.

1261 1367 229 22 RHEUMATISM
1509 1369 67 19 AND
1596 1368 192 21 LUMBAGO—

1414 1393 33 24 By
1461 1399 35 17 my
1511 1393 76 24 special
1602 1395 117 21 treatment,
1733 1394 19 19 is
1765 1400 49 19 very
1826 1393 93 27 speedily
1931 1395 68 20 cured.

1259 1430 184 19 DIARRHOEA
1460 1430 68 19 AND
1547 1431 199 21 DYSENTERY
1764 1432 31 19 IN
1816 1432 143 21 INFANTS
1975 1433 43 20 OR
2034 1433 160 22 ADULTS—

1412 1454 11 19 I
1437 1460 40 14 can
1491 1454 45 24 give
1550 1461 12 13 a
1576 1456 44 18 safe
1630 1455 42 19 and
1682 1456 75 24 speedy
1773 1461 47 15 cure
1834 1457 27 24 by
1874 1462 13 14 a
1900 1457 38 20 few
1952 1457 66 20 doses.

1257 1491 88 20 SORE
1362 1491 111 21 HEADS
1490 1492 69 20 AND
1577 1493 112 19 LEGS—

1413 1516 67 19 Cured
1493 1516 27 24 by
1534 1522 26 14 an
1575 1517 105 24 agreeable
1694 1517 42 21 and
1749 1517 96 26 pleasant
1856 1518 134 25 application,
2005 1519 44 21 also
2063 1519 84 21 relieves
2160 1520 56 26 pain.

1255 1552 219 22 ANTIBILIOUS
1491 1554 68 20 AND
1576 1555 95 19 LIVER
1689 1555 124 20 PILLS—

1411 1578 80 25 Highly
1505 1578 142 26 commended,
1664 1580 41 19 and
1720 1580 66 20 which
1800 1587 35 13 are
1849 1580 51 20 used
1912 1580 28 26 by
1953 1581 123 22 thousands.
2099 1597 5 4 ..

1254 1614 205 22 CHILDREN'S
1475 1616 190 21 TASTELESS
1680 1618 169 21 TEETHING
1868 1619 188 21 POWDERS—

1410 1640 44 20 The
1467 1640 45 20 best
1525 1641 22 19 m
1560 1642 135 25 Canterbury,
1717 1649 12 13 a
1744 1642 49 20 trial
1807 1644 41 19 will
1861 1648 62 20 prove
1936 1644 23 19 it.

1252 1676 74 25 Sore
1342 1676 128 25 Throats
1486 1677 55 24 and
1559 1678 214 25 Hoarseness—

1407 1705 20 18 A
1440 1704 62 24 quick
1513 1704 42 19 and
1569 1704 85 20 reliable
1667 1711 48 13 cure
1727 1706 33 18 for
1774 1705 28 20 all
1816 1705 69 24 kinds,

1251 1738 147 26 Brochitis
1414 1739 56 25 and
1487 1740 150 24 Asthma—

1405 1766 98 19 Relieved
1516 1766 42 19 and
1571 1766 82 26 rapidly
1666 1767 63 20 cured
1743 1767 26 25 by
1783 1773 36 19 my
1831 1768 77 20 Acacu
1922 1768 104 21 Mixture.

1251 1801 57 24 Bad
1325 1801 91 24 Colds
1432 1801 55 24 and
1503 1802 110 25 Severe
1630 1803 183 25 Headache—

1407 1827 87 25 Quickly
1508 1834 49 19 pass
1571 1835 58 18 away
1644 1825 26 28 by
1684 1830 72 24 taking
1769 1836 37 18 my
1821 1830 157 21 Desideratum.

1249 1863 105 28 Corns,
1371 1864 104 27 Warts,
1491 1865 56 24 and
1565 1865 160 24 Bunions-

1405 1890 71 20 Taken
1490 1896 58 19 away
1561 1891 27 25 by
1602 1898 12 13 a
1627 1892 92 24 painless
1733 1892 155 21 Embrocation.

1571 1937 600 38 coisrsuLT^Tioisrs
2209 1943 200 36 free.

1357 2070 167 75 THE
1572 2072 345 78 TORONTO
1966 2075 346 96 MOWER,

1257 2199 145 33 THE
1457 2200 192 34 KING
1701 2202 89 32 OF
1841 2203 145 33 THE
2039 2205 357 36 MEADOW.

1425 2263 74 26 THE
1517 2263 87 27 NEW
1621 2263 174 26 ZEALAND
1814 2265 181 28 FARMER'S
2012 2267 201 27 FAVOURITE

1237 2339 31 29 It
1287 2340 26 29 is
1335 2339 51 30 the

1397 2389 80 29 Most
1499 2389 117 40 Simply
1636 2389 202 31 Constructed

1397 2436 141 40 Lightest
1558 2437 32 28 m
1611 2437 142 39 Draught

1396 2486 173 30 Smoothest
1592 2486 128 40 Cutting

1392 2535 82 30 Most
1483 2536 167 36 Powerful,
1666 2538 126 30 durable
1807 2539 61 29 and
1884 2538 95 40 easily
2002 2540 134 30 handled
2159 2540 115 31 Mower
2297 2543 97 29 made.

1230 2586 56 29 We
1308 2586 75 29 send
1404 2590 54 25 out
1477 2596 40 19 no
1541 2584 19 17 *
1567 2585 134 31 Toronto
1874 2589 128 30 without
2025 2589 111 38 FULLY
2150 2590 245 39 WARRANTING

1673 2638 41 29 its
1736 2638 167 41 efficiency.

1230 2716 333 78 THE
1616 2717 778 84 HOWARD

1670 2808 98 29 NEW
1790 2808 170 31 PATENT

1440 2856 166 32 Steel
1667 2858 222 32 Frame
1950 2860 234 33 Binder

1224 2935 18 21 A
1256 2935 78 21 marvel
1346 2935 23 21 of
1381 2935 110 26 ingenious
1505 2937 143 20 construction
1662 2939 98 25 ensuring
1773 2939 93 25 rigidity,
1889 2940 103 25 lightness
2006 2940 21 21 of
2040 2940 90 27 draught
2147 2942 42 21 and
2204 2944 58 24 great
2275 2945 102 25 strength.

1512 2985 55 23 lgp°
1579 2984 91 21 TEAES
1684 2985 99 21 AHEAD
1797 2987 36 20 OF
1844 2987 57 20 ALL
1912 2987 202 23 OOIVTBETITOBS.
2127 2993 56 23 jgji

1282 3028 377 55 HOWARD
1698 3032 109 53 TO
1845 3034 171 52 THE
2054 3033 287 58 FRONT

1222 3106 44 20 The
1280 3107 59 20 trials
1352 3107 53 20 have
1419 3108 132 20 commenced
1564 3108 43 20 and
1620 3109 35 19 the
1668 3110 127 20 HOWAED
1809 3111 19 20 is
1842 3112 22 20 to
1877 3112 36 21 the
1927 3112 62 21 front.
2016 3112 28 21 At
2053 3114 143 21 Warnertown
2206 3116 66 20 South
2281 3117 109 21 Australia

1221 3149 28 14 on
1262 3144 81 25 August
1357 3144 56 24 28th,
1428 3145 51 20 1889
1494 3151 12 13 a
1519 3145 56 25 large
1588 3145 49 20 field
1651 3145 48 21 trial
1713 3152 42 15 was
1769 3147 49 21 held
1832 3149 59 20 when
1905 3149 36 20 the
1954 3150 65 20 result
2033 3150 21 20 of
2068 3150 35 21 the
2117 3151 65 20 ballot
2196 3151 72 26 voting
2282 3152 28 26 by
2323 3154 68 19 bona-

1642 3182 38 19 fide
1693 3182 88 21 farmers
1794 3190 43 14 was
1851 3191 24 14 as
1888 3185 92 21 follows:
1983 3198 25 3 —

1445 3218 220 44 Howard
1695 3220 137 44 First

1557 3285 83 44 Me
1662 3286 231 47 Cormick
1924 3290 188 45 Second

1510 3346 106 27 Hornsby,
1630 3348 96 26 Buckeye
1740 3349 93 23 Osborne
1847 3352 42 20 and
1903 3352 67 21 Wood
1983 3353 45 20 also
2042 3354 123 25 competing.

1216 3420 114 32 Orders
1352 3432 68 21 vow
1440 3423 98 39 being,
1553 3425 121 30 booked
1695 3427 42 40 by
1759 3428 52 30 the

1654 3495 215 33 AGENTS:—

1234 3565 366 54 EDWARD
1638 3570 275 57 REEOE
1953 3575 125 52 and
2119 3575 269 61 SONS,/

1444 3658 213 29 WHOLESALE
1673 3663 70 27 AND
1760 3666 128 26 BETAIL
1903 3668 249 27 IEONMONGEES

1235 3715 281 39 COLOMBO
1560 3720 230 48 STREET,
1884 3726 457 41 CHRISTCHURCH

51 823 18 26 \
94 819 299 25 MANUFACTURERS
412 821 42 23 OF
1099 831 11 11 ,

124 899 135 29 TWEED,
457 899 100 29 RUGS,
1023 878 115 56 /&&*
1138 888 40 46 /

988 925 103 51 /4Sr
1101 925 46 51 /

182 981 4 5 '
199 981 174 29 COATINGS,
504 980 149 29 SHAWLS,
957 957 99 57 /&?
1069 957 51 57 /

915 1004 166 59 /c*/

349 1064 139 27 SERGES,
586 1064 125 28 YARNS,
1016 1040 33 38 /

446 1101 2 4 ■
872 1090 96 25 /r^V*
984 1081 32 34 /
1078 1082 70 23 Have

826 1092 179 78 /$/

216 1160 196 26 FLANNELS,
494 1158 185 27 PLADINGS,
746 1151 203 38 A^/txT/
993 1159 75 24 taken
1094 1159 53 23 first

87 1249 186 28 BLANKETS,
316 1248 313 27 UNDERCLOTHING,
690 1242 39 42 Q
729 1244 105 44 i/W
834 1239 8 12 '
856 1225 40 43 /
914 1242 15 23 P
930 1234 53 24 lace
1003 1235 25 23 at
1040 1233 33 24 all
1085 1233 42 25 the

262 1320 152 26 HOSIERY
791 1324 23 25 /
851 1310 120 32 principal.
992 1308 156 25 Exliibitions

646 1348 88 44 /%*
756 1360 28 32 /

327 1399 47 15 and
564 1393 43 21 >v
624 1378 76 45 /jsk
700 1390 60 35 ,/
828 1393 31 16 an
860 1386 16 23 &
889 1385 85 26 Shows
990 1386 28 23 m
1028 1385 42 24 the

80 1494 101 26 MEN'S
231 1487 68 26 AND
343 1484 93 24 BO^
481 1410 235 128 $^/

452 1523 47 30 JOL
516 1520 87 33 /a^
624 1520 29 33 /
879 1526 50 24 and

475 1541 104 48 V&F
595 1537 45 52 /

169 1578 180 33 CLOTHING,
471 1578 136 48 /%/
684 1595 70 23 Have
764 1600 73 17 never
847 1592 61 24 been
919 1591 93 24 beaten.

371 1609 212 75 **/£?/

143 1684 44 25 OF
221 1680 64 25 ALL
340 1668 195 54 *//&?/

318 1708 186 40 W/^/
583 1719 64 26 Gold
663 1717 81 26 Medal
761 1719 25 22 at
803 1717 41 23 the
860 1714 177 25 International

323 1739 115 31 ¥/#<£s
458 1739 20 22 /

78 1777 109 26 KINDS
189 1794 6 6 '
309 1777 80 34 /JS»
417 1764 41 47 /
520 1785 143 23 Exhibition
678 1783 55 23 held
750 1782 26 23 m
793 1780 171 25 Cliristelrarch
983 1779 63 24 1882

275 1799 155 54 /s*/

254 1843 87 37 /*^
362 1856 21 24 /
482 1850 59 24 Also
558 1850 40 24 the
615 1848 70 24 Prize
702 1847 72 30 given
790 1845 32 31 by
838 1845 43 24 the
897 1845 136 30 promoters

205 1908 84 37 X'%?
309 1924 20 21 /
428 1915 36 25 for
480 1915 90 30 having
586 1914 62 23 done
664 1914 64 21 most
743 1914 26 20 m
786 1910 41 23 the
843 1910 97 23 interest
957 1908 26 24 of

169 1933 152 54 /$?/

155 1973 75 35 /kfcifc.
259 1982 23 26 /
365 1980 63 24 local
443 1978 140 25 industries.

118 1992 157 58 /w/

92 2026 155 77 /w/
680 2051 80 6 —

159 2112 22 19 /
228 2106 52 24 The
299 2105 143 30 Company's
458 2103 155 31 productions
637 2108 46 16 can
706 2100 29 24 be
759 2098 117 31 procured
892 2097 63 24 from
972 2096 34 24 all
1023 2095 113 31 Drapers.

181 2219 72 56 a.
351 2211 717 77 jvjlsiijejlsjs:i,

318 2306 261 32 WHOLESALE
603 2305 86 30 AND
711 2303 154 31 RETAIL

286 2364 644 59 IRONMONGER,

137 2456 402 57 GENERAL
616 2451 457 61 IMPORTER,

273 2551 108 31 HIGH
405 2550 169 35 STREET,
598 2547 341 35 CHRISTCHURCH,

254 2611 116 30 Invites
391 2611 52 29 tlie
459 2611 150 28 attention
624 2609 34 30 of
668 2610 53 27 the
739 2607 108 30 Public
861 2611 33 25 to
909 2606 48 30 his

210 2678 140 31 LARGE
372 2677 89 30 AND
481 2674 350 32 WELL-SELECTED
854 2672 133 33 STOCK

581 2735 35 20 OP

66 2777 495 48 IRONMONGERY
590 2777 98 43 and
727 2774 408 44 HARDWARE.

440 2844 38 28 In
493 2843 40 27 all
555 2844 40 27 its
610 2841 164 33 Branches,

285 2893 54 30 AT
360 2891 174 32 LOWEST
556 2890 197 31 POSSIBLE
776 2888 156 31 PRICES.

464 2973 101 30 JUST
585 2971 183 34 LANDED,

386 3075 105 29 Latest
505 3072 170 39 Improved,
690 3071 157 38 including

113 3127 235 41 Pennsylvania,
371 3124 219 39 Philadelphia,
612 3123 91 38 Easy,
728 3121 78 39 City,
830 3121 59 29 and
910 3120 166 34 Excelsior,

360 3176 85 30 With
461 3186 34 18 or
510 3175 128 28 without
660 3172 91 30 Grass
773 3172 111 29 Boxes.

75 3231 607 107 F(OCHESTTR
773 3250 351 76 L/cMfS,

198 3349 76 28 Best
297 3346 152 31 Selection
470 3353 70 21 ever
561 3344 106 29 shown
687 3342 33 29 m
743 3340 228 36 Christchurch,

410 3405 146 31 TABLE.
580 3401 202 33 HANGING

250 3457 179 39 (Including
443 3458 53 28 the
517 3467 67 18 new
609 3455 149 38 300-light
777 3452 182 37 Mammoth)

189 3506 343 34 BRACKET
567 3505 157 32 AND
760 3502 223 33 HAJSTI>

207 3549 52 30 All
278 3550 73 29 sizes
370 3551 59 28 and
456 3553 146 36 patterns,
626 3549 127 36 cheaper
776 3546 76 29 than
880 3555 79 20 ever.

48 3599 253 80 ENGLISH
321 3598 306 79 AMERIGAH
641 3599 47 75 &
702 3596 416 78 GOITINEITAL

209 3754 95 31 Great
318 3753 134 39 Variety.
800 3751 139 40 Designs.
