2490 3830
185 158 21 21 A
223 157 77 22 TRIP
318 157 114 22 NORTH.

239 214 50 32 [By
308 215 84 32 Tbig.]

232 273 162 32 (Ooniinued.)

51 333 154 22 Erratum.—
206 331 40 28 rjn
265 331 47 22 last
328 331 64 22 issue
409 332 37 22 for
463 333 44 22 91s
523 333 58 22 read

35 373 35 17 *..
84 366 43 22 21s
139 364 89 23 license
241 364 45 22 fee.

84 423 52 24 The
145 421 114 30 morning
266 421 63 23 train
340 421 34 23 for
379 420 58 24 New
446 421 132 30 Plymouth

52 458 72 23 starts
143 456 63 23 from
226 453 153 31 Wellington
395 456 26 21 at
519 455 61 23 from

52 489 42 24 the
127 488 140 24 Manawatu
300 487 146 29 Company's
474 487 103 27 Station,

54 521 80 24 which
146 521 21 22 is
176 520 101 29 beyond,
290 519 48 22 and
346 518 100 23 distinct
457 519 70 27 from,
539 519 42 22 the

53 554 165 23 Government
232 551 95 23 Station
338 558 33 15 on
382 550 42 23 the
437 550 141 30 Wairarapa

50 585 58 24 line.
159 583 77 24 There
255 583 22 23 is
299 590 14 16 a
332 582 114 31 morning
465 584 113 22 tram-car

52 618 77 24 which
156 616 36 25 for
219 623 67 16 some
315 615 35 31 (to
378 623 39 16 me
446 615 130 31 unknown)

52 658 86 16 reason
149 649 55 24 does
211 649 42 23 not
265 655 29 23 go
306 656 26 16 so
344 648 38 22 far
392 655 24 16 as
430 647 42 23 the
480 647 96 27 station,

53 682 44 25 but
117 684 66 28 stops
195 681 74 24 about
287 689 14 14 a
312 679 110 24 hundred
433 680 71 30 yards
516 680 62 23 from

53 715 28 26 it,
105 714 48 24 and
171 720 139 23 passengers
333 712 60 23 have
416 714 24 21 to
464 712 114 23 shoulder

52 747 64 23 their
127 746 101 30 luggage
239 745 48 23 and
298 744 70 24 make
379 752 15 15 a
404 744 57 22 rush
472 747 25 20 to
509 743 71 24 catch

53 778 44 24 the
108 778 64 24 train
183 777 60 25 with
254 785 33 15 no
298 776 59 24 time
369 778 25 21 to
407 783 76 23 spare.
536 776 44 23 We

54 813 43 28 got
115 811 87 24 tickets
221 810 37 23 for
278 809 126 28 Stratford,
422 809 27 23 m
460 808 120 24 Taranaki

56 842 105 32 (second,
192 842 34 23 £1
259 842 68 30 11s.),
357 842 48 22 and
426 841 27 22 m
475 849 15 14 a
512 841 69 23 short

54 876 61 23 time
126 882 62 16 were
199 877 43 21 out
254 874 24 23 of
290 873 65 30 sight
367 874 26 22 of
402 873 42 23 the
481 873 101 29 Empire

54 908 56 31 City
156 915 59 16 once
226 914 74 20 more,
315 905 48 24 and
382 905 84 31 slowly
484 905 99 30 moving

54 948 34 21 up
106 948 15 15 a
132 943 66 27 steep
218 938 81 30 grade,
318 937 56 23 with
395 937 97 24 tunnels
511 945 71 21 every

54 979 54 15 now
120 971 48 24 and
179 971 58 23 then
255 969 104 30 through
380 969 40 23 the
440 976 70 22 spurs
527 968 26 23 of
569 977 14 14 a

55 1011 95 16 narrow
167 1002 86 30 valley,
265 1001 90 30 having
366 1001 59 24 little
437 1001 27 22 of
472 1001 108 27 interest,

56 1035 64 24 until
136 1035 117 29 suddenly
272 1034 42 23 the
331 1041 61 22 open
413 1042 45 18 .sea,
479 1033 60 23 with
552 1034 30 22 its

55 1067 167 30 foam-capped
233 1066 63 23 clear
303 1073 71 23 green
386 1073 84 19 waves,
480 1065 103 30 dishing

56 1100 50 23 and
129 1098 122 31 sparkling
272 1098 27 23 m
320 1098 42 23 the
385 1097 114 31 morning
527 1105 54 19 sun,

55 1140 82 15 comes
148 1133 26 22 m
186 1131 67 28 view,
267 1131 46 23 and
326 1131 34 22 f<n*
376 1138 71 23 many
459 1130 70 24 miles
542 1130 41 24 the

56 1165 50 24 line
124 1165 74 24 skirts
214 1164 41 23 the
272 1166 68 21 coast
358 1163 27 23 of
399 1162 65 25 Cook
485 1163 96 24 Straits.

56 1196 32 24 In
99 1197 43 23 the
151 1196 106 24 distance
265 1195 21 23 is
294 1195 83 29 Kapiti
384 1194 90 28 Island,
485 1195 99 23 covered

58 1229 57 23 with
137 1229 62 22 bu.:h
221 1227 147 31 apparently,
398 1227 74 29 rising
500 1226 47 25 like
570 1234 14 16 a

59 1263 83 22 mount
158 1261 27 23 m
196 1261 25 22 m
232 1260 39 23 the
283 1268 48 15 sea.

91 1293 31 23 At
152 1293 72 24 Utaki
251 1291 42 24 the
326 1291 50 23 line
409 1298 54 23 goes
496 1291 87 23 inland

56 1325 109 31 through
198 1324 76 30 heavy
302 1323 63 24 bush
393 1324 107 29 country,
529 1324 55 29 past

58 1357 80 24 Maori
165 1357 97 29 villages
271 1370 33 3 —
312 1356 41 23 the
380 1355 84 23 homes
493 1355 26 23 of
543 1354 40 23 the

56 1389 188 30 Ngatiraukawa
255 1387 68 28 tribe,
343 1390 54 26 past
407 1387 118 30 clearings
536 1387 49 22 and

55 1422 109 28 growing
185 1418 140 30 townsliips,
355 1418 68 23 small
449 1425 61 21 now,
540 1418 44 23 but

57 1453 110 30 growing
185 1460 55 24 year
252 1450 30 31 by
293 1458 57 24 year
368 1458 25 16 as
406 1458 31 15 no
449 1450 133 31 townsliips

58 1493 62 22 grow
143 1486 27 22 m
195 1483 147 30 Canterbury
368 1483 139 30 nowadays,
535 1483 50 23 and

56 1525 63 16 once
141 1524 66 17 more
230 1524 33 15 we
291 1523 40 16 see
359 1515 40 23 the
421 1515 52 23 face
496 1515 26 24 of
542 1515 42 23 the

55 1552 105 28 country
171 1548 120 30 changing
310 1547 76 24 before
399 1548 40 23 the
458 1547 125 24 dominant

57 1590 77 22 power
153 1581 26 24 of
194 1589 66 15 man.
312 1580 52 23 The
383 1579 62 24 bush
464 1580 55 24 that
537 1580 46 23 has

58 1614 70 23 stood
139 1613 37 24 for
187 1612 133 25 thousands
333 1612 24 23 of
368 1620 65 21 years
435 1626 32 3 —
468 1611 54 24 that
531 1619 51 16 was

56 1646 116 30 standing
188 1645 69 23 when
269 1643 116 31 England
403 1643 91 24 herself
504 1651 46 16 was
569 1652 15 14 a

55 1686 90 23 savage
164 1677 64 28 land,
251 1676 101 31 peopled
374 1676 30 30 by
426 1684 100 23 savages
549 1676 34 23 far

56 1710 75 23 lower
144 1710 27 23 m
182 1717 112 16 manners
315 1708 47 23 and
373 1708 80 23 habits
465 1708 60 23 than
543 1709 40 22 the

57 1742 92 24 Maoris
168 1749 41 16 are
221 1749 52 15 now
273 1755 32 2 —
305 1741 21 23 is
346 1740 82 31 slowly
440 1740 44 23 but
503 1740 80 30 surely

56 1775 72 31 being
138 1774 73 25 felled
221 1781 57 23 year
289 1773 31 31 by
328 1781 57 23 year
397 1773 47 23 and
454 1773 129 24 converted

53 1808 56 24 into
120 1809 98 29 pasture
230 1806 65 27 land,
306 1806 39 24 the
356 1806 103 30 produce
468 1806 26 23 of
503 1806 78 23 which

55 1840 50 23 will
120 1848 32 22 go
163 1841 25 21 to
201 1838 53 24 feed
273 1837 42 25 the
326 1838 106 29 teeming
448 1837 136 25 thousands

54 1872 30 23 m
95 1880 43 15 our
150 1871 95 24 Mother
257 1870 116 30 Country,
392 1869 48 24 and
451 1877 26 16 so
489 1870 42 23 the
543 1869 40 24 old

57 1903 128 24 command
204 1903 19 23 is
241 1902 108 27 fulfilled,
398 1904 25 21 to
441 1902 30 23 be
488 1902 95 24 fruitful

54 1937 52 22 and
118 1935 120 31 multiply,
251 1935 48 22 and
319 1934 121 30 replenish
452 1934 43 23 the
514 1933 69 24 earth

55 1969 51 23 and
117 1968 90 24 subdue
298 1967 59 24 This
368 1967 21 24 is
401 1967 42 23 the
460 1966 58 24 land
529 1967 53 24 that

54 2010 52 15 was
122 2001 72 30 given
209 1999 31 30 by
259 1999 43 23 the
324 1999 165 23 Government
504 2001 25 22 to
541 1999 42 23 the

56 2033 141 25 Manawatu
219 2031 108 31 Hallway
350 2031 125 31 Company
487 2039 6 20 ;
512 2031 72 24 when

56 2065 43 23 the
123 2065 47 22 line
192 2071 48 15 was
261 2064 72 22 made
359 2064 106 29 opening
487 2071 32 22 up
541 2064 42 22 the

54 2100 115 27 country,
190 2095 59 31 they
260 2097 41 22 cut
312 2095 21 24 it
348 2103 32 23 up
400 2095 47 24 and
460 2095 52 24 sold
522 2095 21 24 it
553 2095 32 31 by

55 2130 101 24 auction
183 2129 25 23 m
239 2127 151 31 Wellington,
420 2136 66 15 some
514 2128 26 23 of
565 2128 20 23 it

54 2163 112 29 fetching
177 2161 58 30 high
253 2160 85 31 prices.
390 2160 84 24 Grand
486 2160 98 31 looking

56 2195 59 23 land
132 2195 20 23 it
171 2194 22 24 is
209 2196 46 25 too,
275 2192 59 32 deep
353 2192 232 25 chocolate-colored

58 2228 73 27 loam,
155 2227 47 24 and
221 2226 45 24 fiat
284 2227 63 23 from
369 2225 42 24 the
430 2234 42 16 sea
491 2234 32 16 on
540 2234 46 15 one

56 2260 61 27 side,
137 2261 25 22 to
181 2258 43 23 the
244 2258 107 23 Tararua
369 2266 87 22 ranges
477 2258 110 30 showing

58 2292 64 23 their
133 2290 169 30 snow-capped
321 2290 75 24 heads
407 2290 70 23 miles
492 2290 93 28 inland,

58 2324 55 23 well
131 2323 103 24 watered
252 2322 30 30 by
304 2330 76 22 many
402 2322 89 29 creeks,
513 2322 73 30 likely

56 2357 101 29 looking
169 2357 65 22 trout
247 2358 110 24 streams,
371 2355 76 24 which
458 2363 33 16 no
510 2355 75 24 doubt

58 2389 51 23 will
121 2390 29 22 be
162 2386 164 26 well-stocked
341 2386 79 25 before
430 2395 76 24 many
516 2394 71 25 years

56 2429 42 16 are
108 2424 62 28 past.

91 2453 151 24 Palmerston
253 2452 22 23 is
294 2452 103 23 reached
414 2452 74 24 about
503 2453 81 26 12.40,

56 2486 57 27 and,
133 2485 92 29 having
346 2484 107 23 minutes
472 2486 24 22 to
509 2492 75 23 spare,

58 2526 34 16 we
112 2517 71 24 made
200 2525 14 15 a
225 2516 57 24 rush
302 2518 25 22 to
347 2516 142 31 Walkeley's
501 2517 83 28 Hotel,

56 2551 83 24 where
160 2558 16 15 a
196 2549 62 31 good
280 2549 53 24 feed
361 2558 49 15 was
437 2550 72 31 ready
536 2550 49 24 and

56 2583 99 30 quickly
167 2582 152 30 despatched,
332 2582 82 30 giving
426 2591 27 14 us
461 2582 53 30 just
526 2583 59 23 time

58 2618 26 21 to
95 2615 71 24 catch
178 2615 41 23 the
231 2613 63 25 train
310 2622 27 16 as
348 2614 20 23 it
380 2615 99 23 started.
529 2615 56 23 And

56 2655 57 16 now
133 2648 41 23 the
193 2646 63 24 bush
276 2646 20 25 is
315 2646 43 24 left
376 2646 96 28 behind,
485 2647 48 24 and
548 2655 37 16 we

56 2683 43 28 get
126 2680 52 23 into
206 2686 65 17 more
298 2687 63 22 open
388 2681 108 29 conntry,
529 2681 56 30 past

57 2713 121 29 Fielding,
209 2711 143 28 Halcombe,
397 2712 106 28 Marton,
538 2713 47 23 and

58 2744 151 31 Wangaehu,
225 2751 56 17 over
295 2744 88 30 rolling
402 2744 90 28 downs,
510 2744 74 32 sheep

57 2780 104 27 country
183 2776 127 31 evidently.
362 2777 50 23 The
433 2777 88 23 houses
544 2785 41 15 are

57 2810 67 30 large
152 2808 49 24 and
230 2808 131 25 well-to-do
388 2808 105 31 looking,
527 2809 58 24 with

58 2840 149 26 ornamental
218 2840 149 31 plantations
378 2841 110 30 showing
500 2841 54 24 that
565 2841 20 23 it

57 2875 46 24 has
122 2874 60 23 been
198 2873 87 24 settled
304 2873 37 24 for
355 2881 13 15 a
387 2873 56 31 long
460 2873 74 29 time;
559 2873 26 24 m

58 2907 42 23 the
122 2907 117 25 distance,
259 2906 77 29 rising
358 2906 96 29 against
476 2907 41 23 the
540 2906 44 30 sky

57 2938 58 28 line,
144 2946 41 15 are
218 2937 42 23 the
288 2937 112 24 Ruahine
433 2938 150 27 mountains,

54 2971 101 24 covered
168 2970 55 24 with
235 2977 74 20 snow,
322 2969 110 31 showing
442 2970 40 24 the
494 2969 90 25 bound-

56 3011 44 23 ary
111 3003 27 23 of
146 3002 43 25 the
200 3001 114 25 Hawke's
326 3001 51 31 Bay
388 3002 120 30 province.

91 3036 69 23 Then
171 3034 141 30 Wanganui
329 3033 118 24 Junction
458 3034 21 23 is
491 3034 93 30 passed,

56 3068 49 24 and
117 3068 40 23 the
169 3066 139 31 Wanganui
319 3066 81 28 River,
413 3066 128 31 navigable
553 3066 31 30 by

57 3109 14 14 a
83 3101 69 23 small
164 3104 104 23 steamer
279 3099 36 23 for
326 3101 47 21 two
381 3099 112 23 hundred
503 3099 80 28 miles,

54 3132 63 24 then
129 3131 103 25 Kai-Iwi
251 3130 73 32 (bone
334 3130 65 33 food)
416 3131 134 30 suggestive
561 3130 27 24 of

56 3164 113 24 cannibal
180 3164 82 23 feasts.
303 3163 13 23 I
327 3164 132 23 remember
470 3165 69 22 when
552 3171 31 22 up

57 3197 41 24 the
122 3196 113 25 Waikato
256 3196 27 23 m
306 3197 63 22 1804
392 3196 136 30 surveying,
548 3203 36 16 we

57 3238 67 15 came
141 3236 81 16 across
242 3236 32 15 an
294 3228 40 24 old
353 3228 79 24 Maori
448 3228 46 30 pah
507 3228 76 24 called

56 3261 151 27 Matakitaki,
218 3268 60 15 near
287 3261 66 23 what
364 3260 21 23 is
392 3268 54 15 now
460 3261 38 23 the
507 3263 75 21 town-

53 3294 57 31 ship
122 3295 26 24 of
159 3292 143 26 Alexandra.
338 3292 124 31 Climbing
473 3301 56 16 orer
540 3294 40 23 the

55 3327 68 24 ditch
134 3327 49 24 and
199 3326 65 24 bank
275 3334 33 15 we
320 3328 40 28 got
380 3325 76 24 inside
468 3325 41 24 the
526 3326 55 30 pah,

55 3360 80 23 which
153 3367 57 19 was,
223 3367 26 14 as
265 3358 37 23 far
313 3366 27 15 as
358 3358 13 23 I
382 3358 116 28 recollect,
512 3358 71 23 about

54 3400 34 15 an
99 3400 53 15 acre
163 3391 27 23 m
208 3393 90 26 extent,
310 3390 43 24 the
371 3389 76 25 whole
460 3390 25 24 of
502 3389 81 25 which

56 3432 48 15 was
138 3423 98 24 covered
264 3423 58 24 with
367 3422 103 30 cooking
502 3422 81 31 places

58 3456 96 30 (copper
166 3455 108 31 Maoris),
287 3455 49 23 and
343 3455 162 30 surrounding
517 3455 66 23 them

54 3495 60 16 were
136 3488 76 29 heaps
234 3487 25 24 of
279 3487 94 24 human
392 3487 83 28 bones,
499 3487 84 27 skulls,

54 3519 58 29 ribs,
133 3520 48 23 and
199 3528 62 14 arms
282 3522 45 21 and
352 3520 128 30 leg.bones,
505 3519 78 24 which

56 3551 49 23 had
117 3551 121 30 evidently
249 3551 62 23 been
322 3551 90 24 cooked
424 3552 48 23 and
484 3551 100 24 cracked

56 3586 25 21 to
99 3585 41 29 get
152 3584 41 22 the
208 3591 102 16 marrow
329 3586 49 21 out.
429 3584 24 23 It
465 3592 48 16 was
525 3584 57 23 here

54 3615 56 24 that
122 3615 90 30 Hongi,
225 3615 42 23 the
282 3616 52 31 Bay
354 3616 26 24 of
397 3617 95 23 Islands
511 3616 70 28 chief,

55 3649 88 28 gained
162 3655 14 15 a
193 3649 68 28 great
280 3649 90 30 victory
388 3657 55 15 over
454 3649 42 23 the
517 3649 55 22 Wai
574 3662 8 15 :

55 3680 78 27 katos,
157 3679 87 30 killing
265 3679 119 25 immense
406 3680 122 28 numbers,
558 3681 27 23 of

56 3711 81 25 which
148 3711 58 31 they
218 3711 90 24 cooked
323 3713 48 23 and
383 3715 38 22 ate
433 3722 26 15 as
471 3721 73 23 many
555 3720 26 16 as

56 3744 57 32 they
124 3744 78 28 could,
214 3744 105 31 burying
329 3745 40 24 the
380 3746 142 28 remainder,
535 3745 48 25 and

672 159 60 24 then
752 162 63 22 went
835 159 93 24 further
945 167 32 22 up
997 160 41 23 the
1051 160 112 25 Waikato
1176 164 25 21 to

672 192 54 23 look
738 199 37 17 ior
787 200 72 16 more.
894 192 50 23 But
955 192 58 30 they
1024 192 55 24 JMftl
1089 200 33 17 no
1137 194 63 26 luck,

673 228 47 19 and
734 225 55 23 food
800 233 48 15 was
861 232 86 21 scarce,
961 232 26 15 so
999 224 53 31 they
1065 232 65 17 came
1140 226 61 24 back

672 257 71 29 again
756 260 24 20 to
793 256 142 24 Matakitaki
954 256 47 23 and
1013 256 105 25 finished
1129 258 70 24 those

671 288 53 24 that
736 297 59 15 were
807 289 91 23 buried.
949 288 120 31 Probably
1087 297 34 16 we
1138 298 62 16 were

671 320 41 23 the
726 321 49 23 first
787 322 52 23 who
848 320 48 23 had
907 320 61 24 been
975 320 26 24 m
1013 321 42 23 the
1063 321 48 29 pah
1124 322 73 27 since,

670 359 33 20 as,
717 352 26 23 of
759 360 90 20 course,
861 353 20 23 it
901 360 49 16 was
962 352 105 30 horribly

703 384 23 23 It
742 393 49 14 was
811 387 25 22 at
854 385 103 23 Kai-Iwi
975 385 53 23 that
1046 385 42 23 the
1106 393 49 16 war.
1174 387 25 22 m

670 414 137 32 Wanganui
825 416 93 24 district
938 416 156 24 commenced
1113 417 32 31 by
1156 418 43 24 the

670 449 95 23 murder
784 450 27 23 of
820 450 38 23 Mr
870 450 99 27 Hewitt,
990 450 52 24 who
1055 458 48 16 was
1122 448 76 26 called

669 484 43 20 out
730 482 24 23 of
766 482 36 23 his
819 483 74 23 house
905 491 45 15 one
969 482 78 30 night,
1067 482 48 23 and
1133 485 64 22 went

668 513 58 23 Avith
738 514 39 23 his
785 517 96 21 servant
893 517 25 21 to
929 523 38 15 see
979 515 54 23 who
1044 522 47 15 was
1100 515 95 30 calling,

668 545 70 22 when
754 545 41 23 the
814 547 90 23 Maoris
924 547 79 22 seized
1021 547 51 22 him
1093 547 48 23 and
1157 549 40 22 cut

669 577 33 23 oft'
713 577 37 23 his
764 577 68 29 head,
852 578 42 24 the
907 581 95 21 servant
1022 579 132 30 managing
1171 581 25 21 to

670 616 92 23 escape.
813 611 24 23 It
848 619 48 15 was
915 611 51 24 also
978 613 25 22 at
1023 611 101 24 Kai-Iwi
1143 612 55 23 that

669 641 41 24 the
734 642 187 30 i>ryee-Eusden
943 644 69 23 affair
1038 643 57 24 took
1122 644 73 30 place.

670 674 108 27 Rusden,
802 675 25 23 m
846 675 38 23 his
901 675 70 28 book,
995 683 66 23 says:
1064 690 33 3 —
1125 676 73 24 Some

670 714 90 15 women
778 707 46 22 and
844 707 110 24 children
971 708 112 30 emerged
1100 708 63 24 from
1182 717 14 14 a

668 738 49 29 pah
731 740 24 21 to
767 738 61 24 hunt
839 739 60 30 pigs.
950 740 157 24 Lieutentant
1119 740 77 29 Bryce

670 769 46 23 and
729 769 116 31 Sergeant
856 771 122 28 Maxwell,
990 771 26 24 of
1032 771 42 24 the
1093 771 104 24 Kai-Iwi

671 802 103 31 cavalry,
799 803 89 24 dashed
910 812 63 22 upon
1001 804 73 28 them,
1103 804 96 31 cutting

672 835 62 23 them
756 835 68 24 down
844 835 113 31 gleeiully
975 837 48 23 and
1041 837 59 23 with

671 867 48 24 For
730 867 80 23 which
821 867 64 24 little
896 868 66 30 piece
970 869 25 22 of
1006 868 93 30 history
1110 869 32 23 he
1148 868 50 24 had

671 898 42 25 the
724 898 110 31 pleasure
845 900 27 23 of
880 900 88 31 paying
981 900 85 25 £5000
1078 900 119 32 damages,

670 939 27 15 as
709 932 19 22 it
739 939 48 15 was
806 931 90 31 clearly
907 933 89 29 proved
1015 936 25 20 at
1051 933 43 23 the
1112 933 54 24 trial
1167 947 33 5 —

671 962 74 28 First,
764 962 64 25 That
840 964 42 23 the
893 964 88 30 charge
993 965 26 23 m
1030 965 110 30 question
1152 973 46 15 was

671 995 69 23 made
762 1003 31 15 on
816 995 42 24 the
879 996 126 24 notorious
1025 996 174 25 Titokowaru's

672 1035 69 20 men;
768 1027 126 31 Secondly,
922 1028 65 24 That
1006 1029 64 24 there
1090 1037 62 16 were
1169 1037 30 16 no

670 1067 92 16 women
774 1067 27 16 or
812 1060 109 24 children
930 1068 5 20 ;
961 1061 55 28 and,
1037 1061 78 30 lastly,
1136 1062 63 23 That

672 1091 42 24 the
726 1091 64 24 Hon.
803 1092 67 23 John
881 1092 78 30 Bryce
970 1100 48 16 was
1035 1095 41 22 not
1088 1094 67 23 there
1175 1095 24 21 at

672 1124 41 25 all.
764 1124 38 24 All
813 1124 49 25 this
875 1128 101 28 country
992 1125 50 25 side
1054 1126 108 24 abounds
1173 1126 26 24 m

672 1157 183 25 reminiscences
877 1158 24 23 of
924 1158 42 24 the
988 1167 57 20 war,
1069 1159 49 24 and
1140 1167 61 16 even

672 1197 55 16 now
746 1189 42 23 the
807 1190 90 23 Maoris
915 1190 56 24 look
982 1190 69 24 black
1063 1192 49 22 and
1131 1192 70 29 sulky

824 1222 25 22 If
858 1223 57 30 they
925 1230 60 16 Avere
1002 1224 83 29 strong
1096 1223 103 31 enough,

672 1253 20 23 it
703 1254 21 23 is
736 1255 42 22 not
790 1253 52 25 love
853 1254 37 24 for
902 1255 43 24 the
952 1255 94 30 pakeha
1058 1255 54 25 that
1121 1255 80 25 would

673 1285 60 31 keep
755 1286 66 24 them
843 1286 62 24 from
934 1287 100 30 making
1056 1288 99 23 Kai-iwi
1177 1288 26 23 of

673 1326 70 22 every
766 1318 113 24 mothers
903 1327 44 16 son
976 1319 56 24 that
1053 1320 45 24 has
1127 1320 74 24 taken

673 1350 62 24 their
745 1350 59 24 land
816 1350 63 25 from
890 1352 75 23 them.

814 1388 43 30 (To
870 1389 25 22 le
912 1389 145 31 continued.)

724 1460 205 31 SERIAL
961 1462 187 30 STORY.

726 1533 104 25 Specially
839 1534 81 18 icrittcn
930 1535 31 21 for
973 1535 6 8 '
986 1535 40 19 The
1038 1535 109 20 Observer.'

713 1590 69 25 THE
800 1590 77 25 WAY
896 1592 66 23 SHE
981 1592 85 25 LOST
1083 1593 76 24 HIM.

776 1650 125 30 happened
924 1658 14 16 a
960 1651 61 30 good
1044 1651 70 25 while
1142 1659 57 23 ago;

671 1681 74 25 about
767 1681 42 25 the
830 1682 60 24 time
910 1683 13 23 I
941 1683 49 24 lost
1149 1684 51 25 said

673 1714 52 24 Mrs
738 1714 76 31 Silby.

705 1747 13 23 I
729 1745 86 25 looked
826 1748 26 22 at
863 1747 43 23 her
916 1747 27 23 m
955 1748 113 30 surprise.
1138 1749 61 24 Lost

672 1778 81 25 whom
764 1778 41 25 did
816 1787 47 23 you
873 1787 47 23 say,
933 1780 62 24 Kate
1006 1782 10 22 ?

804 1811 100 28 Arthur,
917 1813 26 23 of
952 1821 90 20 course,
1052 1813 39 23 did
1104 1814 13 23 I
1129 1822 71 17 never

672 1843 42 24 tell
725 1851 47 23 you
785 1851 26 16 or
822 1844 68 23 write
908 1846 25 22 to
945 1853 47 21 you
1003 1846 74 23 about
1089 1846 42 24 the
1148 1854 53 23 way

672 1875 26 24 m
710 1876 76 23 which
798 1876 13 23 I
821 1876 49 24 lost
882 1876 51 24 him
944 1878 11 22 ?

732 1907 70 24 Good
826 1909 112 29 gracious
965 1916 41 22 no,
1035 1912 44 21 not
1105 1911 55 24 that
1188 1911 13 24 I

671 1940 141 25 remember.
863 1940 80 25 When
955 1942 45 23 and
1020 1942 55 24 how
1094 1944 40 22 did
1153 1951 48 22 you

671 1972 51 24 lose
744 1972 73 24 him?
861 1973 55 24 And
934 1982 26 16 as
981 1974 31 24 he
1030 1975 21 23 is
1068 1975 61 24 alive
1152 1976 48 23 and

669 2004 62 32 jolly
742 2005 91 31 to-day,
846 2007 25 22 at
883 2013 47 23 any
941 2008 52 22 rate
1004 2015 48 23 you
1063 2011 66 20 must
1141 2009 60 23 have

672 2037 76 24 found
759 2036 52 24 him
931 2038 14 23 I
956 2039 59 23 said.

729 2069 45 27 Oh,
797 2078 54 22 very
871 2070 52 23 well
939 2071 65 27 then,
1021 2079 42 23 my
1080 2072 64 28 dear,
1158 2072 41 23 I'll

672 2101 44 24 tell
727 2109 47 23 you
786 2101 32 24 all
830 2101 74 25 about
916 2103 18 23 it
1096 2104 50 24 said
1158 2112 43 23 my

672 2134 92 28 friend;
858 2134 61 25 have
939 2144 14 15 a
965 2135 56 32 long
1033 2137 103 31 evening
1155 2137 47 24 be-

673 2167 51 24 fore
736 2174 37 20 us,
786 2167 49 24 and

733 2199 56 23 You
809 2199 48 25 like
875 2201 115 30 spinning
1008 2210 15 15 a
1035 2209 61 23 yarn
1108 2210 26 15 as
1145 2202 56 24 well

674 2240 27 17 as
713 2240 62 20 ever,
789 2232 12 24 I
812 2232 53 24 find
876 2232 63 25 Kate
950 2243 5 19 ;
974 2233 52 29 but,
1039 2242 26 17 as
1085 2234 13 25 I
1109 2235 48 24 like
1176 2237 26 23 to

672 2265 73 23 listen
757 2267 24 21 to
792 2273 55 22 you,
859 2272 35 16 we
906 2274 40 15 are
959 2265 59 25 both
1142 2268 13 22 I
1166 2276 34 14 re-

672 2297 73 29 plied,
826 2305 58 22 pray
895 2299 42 22 tell
949 2306 37 15 me
1006 2299 42 24 the
1060 2300 73 30 story,
1152 2300 48 23 and

674 2329 72 31 begin
758 2330 25 22 at
795 2337 67 16 once.
866 2332 5 7 1
873 2335 7 8 '

707 2362 52 24 Mrs
771 2361 68 31 Silby
850 2363 48 23 and
909 2363 13 23 I
931 2363 47 23 had
987 2363 58 24 been
1053 2363 47 25 fast
1109 2365 92 24 friends

673 2394 72 23 when
766 2403 34 15 we
811 2403 62 15 were
889 2395 59 31 girls
961 2396 97 30 togethe
1073 2414 6 10 ,
1096 2396 44 25 but
1152 2397 48 23 had

674 2427 62 24 been
757 2427 85 30 parted
864 2427 35 24 for
921 2436 75 22 many
1018 2436 77 23 years,
1124 2430 36 23 till
1188 2429 13 24 I

673 2459 108 24 renewed
792 2468 45 15 our
844 2460 173 30 acquaintance
1026 2469 31 16 on
1066 2469 42 23 my
1116 2464 84 22 return

672 2493 25 22 to
710 2491 148 31 Canterbury
870 2499 14 16 a
896 2493 42 23 few
950 2493 76 23 weeks
1039 2501 52 22 ago.

731 2524 55 24 You
805 2525 134 24 remember
956 2525 55 24 that
1028 2525 69 25 when
1108 2526 92 25 Arthur

673 2558 49 24 and
734 2558 13 22 I
759 2565 61 17 were
832 2558 52 23 first
903 2558 105 24 married
1021 2566 34 17 we
1067 2559 63 25 lived
1140 2567 61 17 near

674 2590 109 27 Timaru,
797 2590 73 23 Ellen
880 2591 11 22 ?

733 2622 83 23 About
828 2624 92 29 twenty
931 2631 68 22 years
1107 2625 13 23 I
1140 2624 59 28 said,

701 2654 38 24 Oh
750 2662 49 23 yes,
812 2654 13 24 I
837 2655 131 24 remember
979 2659 40 21 too
1031 2657 53 23 how
1095 2657 13 23 I
1116 2657 85 24 envied

673 2695 47 23 you
731 2687 125 24 whenever
874 2687 13 24 I
906 2688 108 24 received
1034 2697 45 16 one
1098 2690 26 24 of
1141 2698 60 22 your

673 2720 105 29 glowing
788 2719 83 24 letters
872 2734 32 3 —
905 2720 57 30 they
981 2729 59 16 were
1058 2721 68 25 filled
1141 2722 60 24 with

673 2751 61 26 such
767 2751 129 31 charming
928 2755 114 22 accounts
1075 2754 26 23 of
1145 2758 56 27 'my

673 2784 112 27 Arthur,'
797 2784 48 23 and
862 2788 5 10 '
878 2793 42 15 our
934 2786 79 23 farm.'
1062 2786 75 24 Don't
1153 2794 48 23 you

673 2815 71 25 know
765 2815 56 24 how
843 2815 128 32 delightful
990 2818 20 22 it
1029 2826 48 16 was
1095 2820 25 22 to
1140 2819 28 23 be
1188 2827 13 15 a

674 2848 111 24 farmer's
797 2848 61 27 wife,
871 2848 46 30 hey
929 2848 62 25 Kate
1000 2851 11 22 ?

815 2880 53 24 said
887 2881 70 28 Kate,
979 2882 133 32 smilingly,

673 2913 68 24 shine
764 2920 46 16 was
839 2920 58 16 soon
925 2913 72 24 taken
1025 2918 42 19 out
1095 2916 26 22 of
1146 2916 55 23 that

673 2945 79 30 fancy.
803 2944 74 31 Why,
898 2953 59 15 even
969 2945 55 23 that
1042 2947 52 23 first
1106 2947 95 24 harvest

673 2984 36 17 we
728 2977 57 27 had,
798 2977 82 30 nearly
894 2977 54 24 half
957 2978 26 23 of
1000 2978 43 24 the
1054 2979 80 24 wheat
1152 2987 48 17 was

673 3010 78 23 blown
769 3012 43 20 out
831 3008 32 31 by
882 3017 15 16 a
912 3010 152 28 nor'-wester,
1088 3012 49 22 and
1159 3012 42 24 the

673 3044 58 20 next
747 3048 53 23 year
812 3041 42 23 the
874 3043 62 22 most
948 3042 25 23 of
990 3043 19 23 it
1021 3050 48 16 was
1087 3045 72 22 eaten
1170 3043 31 31 by

673 3073 42 24 the
727 3073 149 31 caterpillars
885 3081 6 20 ;
916 3074 48 23 and
975 3077 52 22 oats
1044 3083 61 16 were
1117 3076 57 32 only
1186 3085 14 16 a

673 3106 101 29 shilling
785 3113 15 16 a
811 3106 93 27 bushel,
921 3108 48 21 and
980 3106 81 24 butter
1072 3108 128 31 fourpence

673 3147 13 13 a
698 3137 90 31 pound.
823 3137 42 30 My
876 3138 72 27 word,
960 3138 81 29 Ellen,
1058 3139 12 22 I
1083 3148 58 15 soon
1152 3140 48 25 lost

673 3170 65 31 sight
750 3169 26 24 of
785 3169 41 23 the
837 3177 55 22 rosy
905 3170 50 23 side
967 3170 27 23 of
1010 3179 13 14 a
1035 3171 104 31 farming
1150 3172 49 28 life,

672 3202 13 24 I
697 3210 44 16 can
752 3201 44 24 tell
807 3209 54 22 you.
912 3201 50 25 But
974 3210 45 16 one
1031 3203 25 24 of
1074 3203 42 25 the
1127 3207 73 22 worst

673 3233 104 25 troubles
797 3241 49 16 was
866 3233 42 24 the
928 3235 101 30 scarcity
1046 3235 27 24 of
1089 3238 74 21 water
1174 3236 26 24 m

672 3266 43 24 the
726 3266 44 23 hot
781 3266 44 30 dry
836 3266 98 23 months
946 3266 26 23 of
980 3274 112 17 summer.
1128 3268 71 24 Often

671 3307 34 16 we
716 3297 49 25 had
777 3299 25 23 to
813 3299 52 22 cart
877 3298 33 23 all
919 3299 39 23 the
967 3301 72 22 water
1047 3308 35 15 we
1091 3300 108 32 required

671 3332 63 23 from
746 3330 42 24 the
803 3331 71 27 river,
886 3339 66 16 more
968 3332 59 23 than
1040 3340 72 16 seven
1130 3334 69 23 miles

672 3371 75 22 away.
800 3363 25 23 It
839 3370 48 16 was
908 3371 26 15 so
950 3363 119 28 tiresome,
1089 3365 49 23 and
1158 3366 40 23 the

671 3404 58 22 poor
752 3395 84 24 horses
854 3395 48 23 and
920 3395 72 24 cattle
1011 3404 74 16 never
1104 3397 96 24 seemed

672 3428 107 24 satisfied
780 3442 32 3 —
813 3427 58 30 they
898 3435 61 16 were
986 3428 87 31 always
1101 3429 96 31 thirsty.

674 3461 50 23 Our
734 3460 52 23 well
799 3468 49 15 was
859 3459 67 30 deep,
946 3461 48 22 and
1006 3461 13 22 I
1031 3461 69 24 could
1112 3462 87 31 hardly

672 3493 92 23 believe
775 3492 54 23 that
840 3492 19 23 it
871 3492 70 24 could
955 3500 31 22 go
997 3493 51 30 dry,
1061 3496 40 27 yet
1112 3494 26 24 m
1156 3494 41 25 the

673 3532 107 16 summer
791 3525 58 23 time
868 3532 70 23 every
949 3533 53 15 now
1021 3525 48 24 and
1080 3527 58 23 then
1157 3527 40 24 the

672 3559 74 20 water
768 3556 80 23 would
870 3556 33 23 all
925 3556 124 30 disappear
1072 3560 127 29 excepting

668 3589 53 30 just
744 3596 15 16 a
780 3587 64 25 little
866 3589 25 23 at
915 3589 40 23 the
974 3588 101 25 bottom.
1127 3591 70 25 Then

671 3621 93 24 Arthur
774 3620 79 25 would
864 3628 30 22 go
906 3621 70 24 down
994 3622 42 23 the
1049 3622 51 25 well
1112 3624 59 24 with
1183 3633 14 16 a

670 3654 61 29 pick,
756 3653 55 27 and,
835 3653 61 23 after
919 3661 14 15 a
955 3654 43 22 few
1022 3654 134 25 bucketsful
1174 3657 26 23 of

671 3685 63 24 loose
746 3687 81 22 stones
839 3685 47 23 and
898 3685 81 30 gravel
999 3695 60 16 were
1072 3688 73 24 taken
1156 3697 41 22 up,

672 3718 67 23 there
757 3717 78 24 would
855 3717 29 24 be
904 3719 75 22 water
999 3720 70 29 again
1082 3721 37 23 for
1131 3729 14 15 a
1156 3722 44 24 few

670 3751 65 30 days.
786 3750 57 24 You
862 3750 156 31 understand,
1039 3753 79 29 Ellen,
1142 3754 60 27 tlKu

1286 163 96 24 Arthur-
1394 164 48 22 and
1462 164 12 22 I
1493 164 40 22 did
1551 164 32 23 all
1604 164 42 23 the
1658 164 61 22 Avork
1731 172 32 15 on
1775 163 42 23 the

1286 197 69 28 place
1378 196 105 23 between
1509 204 36 19 us,
1571 196 127 29 excepting
1717 196 53 30 just
1793 198 24 20 at

1286 228 98 24 harvest
1396 228 67 24 time.
1516 228 39 28 So,
1568 228 25 24 of
1604 236 91 19 course,
1708 228 13 23 I
1732 228 48 23 had
1792 230 25 21 to

1286 260 64 24 draw
1373 268 31 22 up
1428 260 41 24 the
1505 263 81 21 stones
1609 261 47 23 and
1679 260 64 27 stuff,
1768 260 49 23 and

1286 293 68 23 there
1373 300 49 16 was
1433 292 105 31 nothing
1555 293 13 22 I
1585 292 103 23 disliked
1705 293 73 29 doing
1790 300 25 16 so

1286 325 70 22 much
1368 332 26 15 as
1406 324 98 30 helping
1519 325 91 23 Arthur
1621 326 67 22 when
1700 325 42 23 the
1762 324 53 24 well

1285 356 92 24 needed
1397 356 112 31 cleaning
1519 358 42 22 out
1568 364 5 20 ;
1597 356 14 24 I
1622 364 45 16 was
1679 356 88 31 always
1788 364 27 16 so

1286 388 132 30 dreadfully
1438 396 101 16 nervous
1559 388 74 24 about
1650 389 28 27 it,
1692 389 12 23 I
1720 397 50 15 was
1788 397 27 16 so

1286 420 76 24 axraid
1382 425 24 19 ot
1425 420 87 31 letting
1530 421 43 23 the
1594 420 87 24 bucket
1702 421 66 30 drop,
1788 428 27 16 or

1286 461 59 16 even
1357 461 15 16 a.
1382 453 63 24 little
1458 455 68 22 stone
1546 454 13 23 I
1571 453 69 25 knew
1656 454 81 30 might
1756 454 58 24 hurt

1286 486 53 23 him
1351 494 57 22 very

1347 519 116 22 However
1475 519 71 23 could
1557 527 47 22 you
1615 519 64 28 doit,
1693 519 80 24 Kate?

1366 550 48 23 had
1496 551 41 23 she
1550 551 58 23 said.
1743 552 71 23 could

1285 584 43 22 not
1343 583 75 23 afford
1437 585 24 21 to
1481 582 60 31 keep
1560 591 14 15 a
1592 591 58 16 man
1669 584 143 30 constantly,

1286 615 47 23 and
1344 614 26 23 m
1382 614 70 25 those
1463 615 58 30 days
1540 624 12 14 a
1563 616 80 23 settler
1663 616 48 24 had
1731 618 25 22 to
1774 616 39 23 de-

1284 647 64 30 pend
1360 654 30 16 on
1402 647 101 24 himself
1519 656 66 16 more
1597 649 62 23 than
1677 649 134 30 nowadays.

1286 679 52 24 One
1357 680 114 30 morning
1490 679 93 24 Arthur
1601 687 54 17 rose
1673 689 60 16 soon
1752 681 61 24 after

1286 711 116 30 daylight,
1416 712 49 22 and
1477 712 77 23 called
1564 720 48 20 me,
1629 717 5 9 '
1646 713 77 30 Kitty,
1737 721 74 20 come,

1283 742 71 31 jump
1376 751 40 22 up,
1441 743 64 28 dear,
1528 745 14 22 I
1565 746 63 22 want
1648 747 25 21 to
1688 748 40 26 get
1747 753 67 21 away

1286 775 66 30 early
1371 775 48 24 this
1439 776 110 30 morning
1561 783 5 21 ;
1578 778 5 9 '
1611 776 55 28 and,
1679 776 32 25 he
1728 777 85 28 added,

1287 811 5 10 '
1301 808 13 23 I
1325 808 50 31 just
1386 807 63 32 hope
1460 808 53 24 that
1524 809 41 23 the
1576 811 75 22 water
1662 809 80 25 hasn't
1753 818 60 23 gone

1285 840 66 25 down
1363 840 26 23 m
1401 841 42 23 the
1462 841 54 23 Avell
1527 841 25 23 m
1564 841 42 24 the
1623 842 79 30 night,
1716 850 26 16 so
1760 842 53 25 that

1286 872 13 23 I
1310 872 62 23 shall
1383 872 30 24 be
1425 872 96 30 obliged
1532 875 25 21 to
1574 881 30 22 go
1616 874 70 23 down
1697 874 26 24 m
1734 875 20 23 it
1764 875 49 23 this

1285 904 130 31 morning.'
1475 905 48 23 Our
1549 905 69 31 baby,
1648 907 87 31 Harry,
1764 915 50 16 was

1285 937 75 23 about
1371 944 15 15 a
1397 945 56 22 year
1465 937 38 23 old
1516 938 63 26 then,
1592 939 49 22 a.nd
1649 939 32 23 he
1691 939 49 23 had
1752 940 61 23 been

1287 969 73 29 ailing
1371 969 49 23 and
1430 968 84 24 fretful
1525 969 37 23 for
1574 978 14 14 a
1595 970 46 30 day
1653 978 26 15 or
1690 973 54 22 two.
1771 971 42 31 My

1286 1003 50 21 rest
1363 999 50 24 had
1441 1001 60 22 been
1528 1001 99 29 broken,
1657 1002 48 24 and
1731 1002 13 25 I
1766 1012 47 15 Avas

1287 1040 26 16 so
1331 1032 87 31 sleepy,
1439 1033 48 23 and
1505 1035 80 22 rather
1608 1042 65 16 cross
1696 1037 25 23 at
1743 1035 72 32 being

1286 1064 87 24 roused
1384 1072 26 16 so
1423 1065 72 30 early.
1547 1070 5 9 '
1561 1066 92 25 Bother
1665 1067 40 24 the
1716 1068 71 28 well,'
1801 1068 13 24 I

1287 1096 60 28 said,
1370 1100 5 9 '
1383 1096 45 25 It's
1440 1097 42 23 the
1493 1098 87 30 plague
1600 1099 27 23 of
1641 1107 42 22 my
1700 1100 50 24 life.
1800 1100 13 24 I

1286 1128 58 25 hate
1356 1128 100 33 helping
1463 1138 47 22 you
1517 1131 59 23 Avith
1583 1131 42 24 the
1633 1131 63 29 well,
1706 1133 90 23 Arthur
1807 1142 5 19 ;

1287 1162 46 24 I'm
1345 1170 55 16 sure
1411 1162 87 24 I^sliall
1509 1163 29 24 be
1554 1164 87 31 letting
1651 1165 54 24 that
1724 1166 89 24 bucket

1288 1195 59 30 drop
1360 1202 62 16 some
1434 1195 61 31 day.'
1546 1200 6 9 '
1558 1196 74 24 Don't
1643 1197 29 23 do
1688 1197 19 25 it
1718 1198 38 23 till
1768 1206 46 23 you

1288 1234 37 17 are
1345 1227 62 24 tired
1427 1227 26 25 of
1470 1236 47 20 me,
1534 1228 76 32 Kitty,
1631 1231 25 22 at
1676 1237 48 24 any

1288 1260 50 23 said
1356 1259 100 29 Arthur,
1477 1269 27 17 as
1516 1261 31 25 he
1566 1262 44 24 left
1627 1262 43 24 the
1689 1270 77 17 room.
1800 1263 13 24 I

1287 1292 39 30 lay
1349 1293 121 30 listening,
1495 1302 25 15 as
1540 1295 31 22 he
1590 1297 63 22 Avent
1676 1296 73 23 about
1770 1296 43 23 the

1288 1324 107 28 kitchen,
1416 1325 106 31 lighting
1536 1327 41 23 the
1597 1328 49 27 fire,
1670 1328 79 31 filling
1771 1328 42 24 the

1288 1356 82 28 kettle,
1383 1357 49 23 and
1444 1365 34 16 so.
1514 1363 5 9 '
1530 1359 70 30 Kitty
1611 1360 54 23 look
1678 1360 90 31 sharp,'
1780 1361 33 24 he

1287 1389 75 23 called
1385 1390 66 27 then,
1476 1390 54 23 'I'll
1549 1399 29 22 go
1597 1392 47 23 and
1666 1396 40 26 get
1725 1393 27 23 m
1771 1392 41 24 the

1288 1428 70 16 coavs.
1409 1422 13 22 I
1441 1422 75 30 began
1536 1425 25 21 to
1582 1423 71 28 dress,
1673 1424 59 24 then
1751 1425 62 30 baby

1286 1453 65 24 cried
1360 1461 5 20 ;
1384 1453 13 23 I
1409 1453 100 25 soothed
1516 1455 53 23 him
1578 1455 36 24 for
1621 1464 15 15 a
1643 1456 45 24 few
1697 1456 114 29 minutes,

1286 1486 49 23 and
1345 1486 32 23 he
1389 1494 48 16 was
1448 1487 49 30 just
1516 1488 73 29 going
1607 1491 25 21 to
1653 1489 64 30 sleep
1733 1490 78 29 again,

1286 1518 69 24 when
1373 1518 13 24 I
1401 1519 75 23 heard
1495 1520 40 23 the
1547 1519 73 25 kettle
1636 1521 93 31 boiling
1748 1530 63 20 over,

1287 1550 56 28 and,
1356 1550 95 32 though
1463 1552 14 22 I
1488 1551 97 25 hurried
1596 1553 49 24 into
1658 1554 42 23 the
1707 1554 104 29 kitchen,

1287 1583 42 23 the
1340 1583 45 23 fire
1396 1591 49 16 was
1462 1585 85 30 nearly
1557 1587 43 28 put
1620 1588 50 22 out.
1721 1587 38 30 By
1770 1587 43 24 the

1287 1615 60 23 time
1358 1615 13 22 I
1382 1615 50 24 had
1442 1617 91 23 coaxed
1543 1617 19 22 it
1572 1617 52 24 into
1637 1626 14 15 a
1662 1618 68 24 blaze
1741 1619 72 29 again

1286 1647 97 23 Arthur
1394 1656 66 14 came
1470 1648 26 22 m
1504 1649 59 23 Avith
1575 1649 41 24 the
1624 1650 67 23 milk.
1728 1655 4 9 '
1741 1651 71 28 Well,

1286 1679 71 28 well,'
1380 1679 29 24 he
1432 1680 52 23 said
1506 1681 96 31 crossly,
1628 1686 46 20 'no
1694 1682 119 26 breakfast

1287 1712 73 30 ready
1371 1714 38 28 yet
1417 1720 5 20 ;
1441 1712 13 23 I
1465 1712 71 24 think
1547 1721 48 23 you
1610 1715 81 29 might
1708 1716 75 30 hurry
1799 1724 15 16 a

1287 1743 35 24 bit
1333 1744 136 24 sometimes
1482 1745 62 24 Kate
1554 1754 6 20 ;
1587 1747 48 23 and
1646 1747 14 23 I
1671 1747 62 24 have
1745 1750 25 21 to
1782 1756 31 22 go

1288 1776 70 25 down
1376 1776 42 25 the
1436 1777 60 29 well,
1518 1782 46 25 too,
1582 1778 80 26 before
1680 1780 13 23 I
1713 1789 44 15 can
1774 1784 40 27 get

1287 1817 73 23 away.
1364 1811 5 9 1
1406 1814 5 10 '
1417 1810 81 30 Might
1505 1811 75 31 hurry
1589 1812 61 28 abit,
1661 1814 152 28 sometimes,'

1287 1841 13 24 I
1321 1842 52 23 said
1392 1842 104 31 sharply,
1517 1848 6 9 '
1533 1844 40 23 it's
1593 1844 84 31 always
1695 1845 83 31 hurry,
1801 1846 14 24 I

1286 1874 80 28 think,
1385 1874 63 24 from
1467 1876 109 31 morning
1596 1877 36 23 till
1651 1877 77 30 night.
1763 1877 51 25 The

1288 1907 66 23 sun's
1366 1907 83 30 hardly
1461 1915 32 22 up
1505 1911 47 27 yet,
1573 1909 47 23 and
1632 1912 40 28 yet
1680 1918 48 22 you
1745 1911 70 24 make

1288 1939 59 23 such
1359 1947 14 16 a
1385 1939 51 24 fuss
1455 1940 73 24 about
1545 1942 138 23 breakfast.'
1735 1943 27 23 'I
1774 1951 40 16 am

1288 1979 66 23 sorry
1365 1973 25 23 to
1402 1972 94 24 trouble
1505 1976 64 28 you,'
1582 1974 30 23 he
1620 1975 96 29 replied,
1726 1975 86 31 coldly,

1289 2008 5 10 '
1303 2004 26 23 If
1337 2004 74 30 you'll
1422 2004 57 31 help
1491 2013 14 16 a
1523 2005 64 24 little
1604 2007 73 24 Avhile
1694 2008 62 23 with
1772 2008 43 24 the

1287 2036 53 24 well
1352 2036 13 23 I
1377 2044 45 16 can
1432 2044 31 23 go
1474 2038 102 24 without
1596 2038 137 26 breakfast.'
1786 2044 5 10 '
1802 2041 13 23 I

1286 2071 73 21 won't
1378 2069 56 29 help
1453 2077 48 21 you
1514 2070 38 23 till
1571 2071 49 23 I've
1639 2072 50 22 had
1708 2072 74 27 mine,
1802 2073 13 22 I

1287 2100 42 24 tell
1348 2108 53 23 you,
1422 2100 99 30 Arthur,
1543 2110 26 16 so
1588 2110 55 16 now
1663 2103 66 29 then,
1742 2104 47 24 and
1801 2105 14 23 I

1288 2133 66 23 don't
1366 2133 70 24 know
1446 2133 54 25 that
1514 2134 41 24 I'll
1573 2135 57 31 help
1648 2135 67 25 then.
1766 2137 48 24 I'm

1288 2173 53 16 sure
1352 2165 21 24 if
1382 2166 38 23 I'd
1431 2166 88 25 knoAvn
1537 2167 34 24 all
1582 2168 42 24 the
1635 2168 83 24 horrid
1730 2169 83 31 tilings

1287 2206 14 16 a
1329 2198 110 25 farmer's
1467 2199 52 25 wife
1547 2199 44 25 has
1613 2203 24 22 to
1660 2201 31 24 do
1713 2202 13 23 I
1742 2210 72 16 never

1287 2231 78 24 would
1432 2234 14 21 .'
1498 2237 5 9 '
1515 2232 74 25 Come
1600 2242 62 20 iioav,
1683 2234 78 32 Kitty,
1773 2236 40 24 it's

1288 2265 40 22 too
1345 2264 50 23 late
1407 2266 25 22 to
1451 2272 30 22 go
1493 2273 57 15 over
1561 2265 33 23 all
1613 2266 54 24 that
1679 2274 60 17 noAv.
1790 2268 26 24 If

1287 2304 48 22 you
1357 2297 79 28 regret
1458 2297 119 31 marrying
1599 2306 14 15 a
1640 2298 94 28 farmer,
1764 2300 49 23 I'm

1288 2335 65 23 sorry
1373 2328 12 23 I
1397 2330 66 21 can't
1482 2328 56 31 help
1549 2330 20 22 it
1578 2337 5 21 ;
1610 2330 55 24 Ido
1684 2338 42 24 my
1741 2331 70 25 best.'

1289 2365 5 9 '
1305 2361 50 23 But
1363 2368 47 23 you
1419 2361 95 24 needn't
1523 2362 29 23 be
1560 2370 26 16 so
1598 2364 94 29 vexing,
1703 2364 108 24 Arthur.'

1287 2392 13 24 I
1310 2400 51 17 was
1376 2400 67 24 sorry
1455 2394 97 31 enough
1569 2402 54 17 now
1633 2395 37 24 for
1688 2404 39 23 my
1742 2396 36 23 bit
1789 2397 27 23 of

1288 2427 101 29 temper,
1410 2425 43 25 but
1464 2425 32 25 he
1514 2434 48 16 Avas
1575 2427 75 32 sulky,
1670 2429 47 23 and
1730 2429 84 24 break-

1286 2457 49 24 fast
1345 2459 87 29 passed
1443 2466 57 16 over
1510 2459 26 23 m

1430 2502 43 30 (To
1489 2502 26 23 be
1526 2504 145 30 continued.)

1310 2597 284 30 MOTHERS'
1630 2599 146 29 PAGE.

1314 2663 112 20 EDITED
1441 2662 41 21 BY
1499 2663 168 22 "MOTHEES'

1315 2717 49 20 The
1371 2716 63 26 Lady
1442 2716 79 20 Editor
1529 2717 74 20 would
1618 2718 44 20 like
1669 2719 24 19 to
1701 2719 28 20 be
1742 2725 14 14 a
1761 2718 52 28 help

1287 2744 24 19 to
1324 2744 39 19 the
1376 2744 98 19 mothers
1486 2743 45 20 and
1545 2743 121 27 daughters
1683 2746 23 19 of
1721 2746 38 19 the
1770 2746 43 20 dis-

1287 2770 60 24 trict,
1359 2770 42 20 but
1414 2775 60 14 more
1486 2770 118 26 especially
1613 2772 24 19 to
1653 2772 39 19 the
1708 2772 104 24 mothers,

1288 2797 45 19 and
1341 2796 146 21 invitesthem
1491 2797 24 19 to
1522 2797 63 20 write
1590 2798 23 19 to
1619 2798 41 19 her
1663 2798 34 19 for
1703 2800 110 25 anything

1287 2823 55 25 they
1351 2829 51 19 may
1411 2823 55 19 wish
1473 2823 23 18 to
1505 2823 71 19 know.
1605 2824 43 20 She
1654 2825 44 19 will
1703 2826 110 19 endeavor

1288 2849 24 20 to
1326 2850 52 24 give
1392 2850 62 19 them
1472 2849 39 20 the
1529 2850 51 19 best
1597 2857 96 13 answers
1712 2852 23 19 to
1754 2852 60 20 their

1287 2876 119 26 questions,
1418 2876 50 24 and,
1481 2876 23 20 m
1514 2877 82 22 return,
1608 2878 73 19 would
1690 2878 27 20 be
1726 2878 54 26 glad
1789 2879 24 20 to

1288 2904 85 19 receive
1389 2909 44 19 any
1448 2904 146 24 suggestions,
1612 2905 58 24 good
1682 2906 82 24 recipes
1778 2906 35 19 for

1288 2930 98 23 cookery,
1408 2929 143 24 needlework,
1573 2936 24 13 or
1616 2931 121 23 otherwise,
1761 2932 52 20 that

1287 2955 55 25 they
1354 2956 66 19 think
1430 2955 46 20 will
1491 2955 27 20 be
1531 2956 75 19 useful
1616 2958 24 18 to
1655 2957 60 20 their
1728 2958 85 21 friends

1287 2982 45 20 and
1349 2982 126 26 neighbors.
1503 2982 38 20 All
1554 2984 184 24 conespondence
1747 2986 24 19 to
1785 2986 28 20 be

1287 3008 120 20 addressed
1413 3009 24 19 to
1448 3010 5 8 '
1457 3010 5 9 '
1469 3008 106 21 Mother's
1585 3009 65 27 Help,
1669 3012 5 8 '
1680 3010 121 21 Observer
1806 3012 6 8 '

1288 3035 71 25 Office,
1371 3035 56 20 East

1393 3088 149 21 DOMESTIC
1557 3090 143 19 ECONOMY.

1320 3128 53 24 The
1385 3128 118 24 Laundry
1503 3143 33 3 —
1536 3129 131 25 Blankets
1679 3138 29 16 to

1286 3175 33 2 —
1319 3161 49 23 Put
1389 3162 48 22 two
1467 3161 67 30 large
1568 3161 188 31 fcablespoonfuls
1789 3165 27 23 of

1285 3192 74 24 borax
1371 3193 49 23 and
1430 3200 46 16 one
1487 3194 54 30 pint
1552 3193 27 24 of
1589 3196 46 22 soit
1648 3203 55 22 soap
1726 3196 52 24 into
1799 3205 14 15 a

1286 3225 43 23 tub
1341 3225 25 23 of
1376 3225 53 23 cold
1441 3227 72 21 water
1525 3234 5 21 ;
1542 3225 73 25 when
1627 3227 119 25 dissolved
1768 3231 45 28 put

1286 3257 27 22 m
1322 3265 14 14 a
1344 3257 54 29 pair
1409 3257 26 24 of
1445 3257 119 28 blankets,
1576 3259 47 22 and
1635 3259 32 24 let
1685 3260 67 23 thorn
1775 3269 36 16 re-

1285 3289 65 23 main
1361 3290 67 23 there
1439 3297 57 16 over
1507 3290 68 30 night
1584 3298 6 20 ;
1602 3293 60 22 next
1679 3293 45 23 rub
1748 3293 65 25 them

1286 3325 42 21 out
1339 3322 48 24 and
1399 3323 64 23 rinse
1474 3322 131 31 throughly
1616 3324 25 23 m
1653 3326 47 23 two
1717 3328 94 27 waters,

1286 3354 48 24 and
1345 3354 66 30 hang
1426 3355 66 23 them
1512 3357 25 22 to
1560 3356 49 30 dry,
1623 3357 30 23 do
1675 3360 44 22 not
1736 3359 78 31 wring

1284 3387 67 23 them
1385 3386 58 24 Tliis
1454 3387 79 30 recipe
1550 3387 48 25 Avill
1620 3389 51 24 also
1693 3391 72 31 apply
1787 3394 26 22 to

1285 3419 43 24 the
1338 3419 110 30 washing
1459 3419 24 23 of
1495 3420 33 23 all
1539 3420 70 25 kinds
1620 3422 27 24 of
1655 3422 90 25 flannel
1765 3425 48 23 and

1286 3451 102 24 woollen
1401 3452 81 30 goods.

1317 3488 70 24 Blue
1399 3497 29 15 to
1453 3489 57 24 Set.
1513 3504 32 3 —
1545 3490 63 25 Blue
1630 3492 79 30 prints
1731 3493 81 26 which

1284 3520 55 25 fade
1351 3529 25 15 so
1389 3521 82 31 easily,
1484 3530 58 23 may
1553 3523 60 24 have
1632 3525 64 24 their
1718 3526 95 25 colours

1286 3556 36 21 set
1335 3553 30 31 by
1376 3554 110 30 washing
1497 3555 67 23 them
1576 3556 41 23 the
1629 3557 53 23 first
1705 3559 59 23 time
1787 3560 26 23 m

1286 3586 47 24 salt
1344 3586 49 24 and
1404 3589 79 21 water.
1518 3587 69 25 After
1606 3589 56 28 this,
1686 3591 49 23 and
1758 3594 55 22 et-er

1285 3619 68 27 after,
1385 3619 57 31 they
1475 3627 53 23 may
1550 3620 30 24 be
1606 3623 97 24 washed
1722 3624 27 23 m
1771 3624 42 25 the

1286 3659 114 15 common
1410 3659 60 22 way.
1505 3653 35 23 To
1553 3657 36 19 set
1598 3656 93 22 colours
1709 3657 27 23 ha
1758 3657 55 24 blue

1286 3683 104 24 cambric
1403 3683 39 31 dip
1462 3684 20 23 it
1491 3685 52 24 into
1555 3693 14 16 a
1583 3687 105 25 solution
1711 3689 27 24 of
1756 3689 56 24 salt-

1286 3720 71 26 petre,
1371 3716 72 30 using
1455 3724 14 15 a
1480 3725 56 23 very
1548 3719 72 24 small
1632 3721 111 32 qua-.tity
1754 3723 26 23 to
1800 3730 14 16 a

1286 3748 83 32 pailful
1381 3749 25 23 of
1415 3753 81 20 water.

1942 161 93 27 Quilts
2048 169 28 14 to
2107 161 84 23 Wash.
2194 175 31 2 —
2227 161 35 23 To
2273 162 66 23 wash
2351 162 81 30 quilts,

1911 193 123 26 comforts,
2048 192 111 30 tickings,
2180 193 112 30 sackings
2316 195 37 25 &c,
2377 195 56 22 soak

1909 224 25 23 m
1945 232 60 22 pure
2017 224 53 23 cold
2081 226 74 21 water
2167 226 29 21 2-4
2215 225 75 24 hours
2312 233 27 16 or
2361 233 72 21 more,

1909 257 60 23 then
1980 258 44 22 rub
2036 257 130 30 throughly
2172 257 27 23 hi
2210 265 75 16 warm
2292 260 73 22 water
2375 259 58 23 with

1909 297 14 15 a
1928 289 64 23 little
2004 297 57 22 soap
2074 289 48 23 and
2133 289 65 23 rinse
2209 290 62 23 well.

1942 321 79 23 Jelly
2033 322 66 22 Bags
2107 329 28 15 to
2146 322 86 22 Wash.
2234 336 33 3 —
2267 322 51 23 Use
2325 330 32 15 no
2366 330 66 22 soap,

1907 353 68 23 wash
1987 353 68 23 them
2065 353 28 23 m
2105 361 26 15 as
2149 353 49 28 hot,
2222 353 66 24 clean
2310 357 75 20 water
2407 362 26 15 as

1906 385 43 24 the
1961 385 78 24 hands
2051 393 44 16 can
2107 385 91 24 endure
2208 393 5 20 ;
2236 386 66 23 rinse
2323 386 26 23 m
2371 386 61 23 boil-

1906 417 42 30 ing
1960 419 72 22 water
2044 417 47 24 and
2102 417 78 30 wring
2191 425 27 16 as
2229 418 43 30 dry
2284 425 27 17 as
2319 418 112 31 possible;

1906 450 58 23 then
1991 450 44 32 day
2057 450 76 24 where
2155 458 33 16 no
2210 450 57 25 dust
2288 451 49 24 will
2358 451 73 24 reach

1906 483 78 23 them.

2014 542 60 18 THE
2094 542 226 18 HOUSEKEEPER.

1940 577 136 25 Sick-room
2090 578 115 24 Cookery
2206 593 33 3 —
2241 578 110 24 Savoury
2370 578 62 24 Cus-

1905 619 69 14 takd.
1976 624 33 4 —
2010 610 66 24 Take
2095 610 42 25 the
2159 610 69 32 yolks
2251 611 23 23 of
2293 614 48 21 two
2364 619 67 23 eggs,

1905 643 49 23 and
1966 643 41 23 the
2019 643 73 23 white
2115 651 24 16 01
2159 651 54 20 one,
2237 643 47 23 and
2305 647 45 27 put
2366 643 26 23 m
2415 652 15 16 a

1905 675 73 24 small
1989 675 68 24 basin
2065 683 6 21 ;
2085 675 46 24 add
2142 683 45 16 one
2198 676 43 30 gill
2258 675 27 24 of
2304 676 52 24 beef
2375 678 40 22 tea
2424 683 7 22 ;

1905 707 56 24 take
1974 715 14 15 a
2000 708 71 23 small
2083 716 54 22 cup,
2149 708 80 24 which
2239 708 50 24 will
2311 708 59 24 hold
2389 709 41 23 the

1906 739 114 29 mixture,
2034 740 48 23 and
2095 741 79 23 butter
2184 740 20 24 it
2215 750 5 20 ;
2232 740 56 24 take
2300 748 14 16 a
2324 741 67 30 piece
2407 741 26 24 of

1904 772 73 23 white
1998 772 69 24 letter
2095 779 75 24 paper
2192 772 48 24 and
2262 772 82 25 butter
2365 772 63 29 that,

1905 804 48 24 and
1964 804 34 24 tie
2006 805 19 24 it
2037 812 30 17 on
2087 804 42 26 the
2140 813 54 23 cup,
2207 805 61 25 have
2279 813 15 16 a
2311 813 120 24 saucepan

1905 837 56 23 with
1973 837 44 24 hot
2028 840 74 21 water
2114 838 48 23 and
2172 840 45 29 put
2227 838 21 24 it
2267 846 31 15 on
2321 838 43 25 the
2385 838 44 25 fire

1904 871 25 21 to
1942 870 48 22 boil
2000 877 6 20 ;
2018 870 72 23 when
2100 871 41 23 the
2159 872 75 22 water
2255 870 70 29 boils,
2337 873 45 28 put
2401 871 27 24 m

1904 901 43 24 the
1959 910 45 22 cup
2013 910 5 21 ;
2032 902 33 24 let
2076 903 20 23 it
2107 903 100 24 simmer
2229 903 37 24 for
2288 911 13 16 a
2323 903 55 33 £of
2397 911 34 17 an

1905 934 62 24 hour
1977 942 5 20 ;
1996 943 66 15 serve
2072 936 51 23 hot.

1937 966 100 24 Caudle
2062 967 54 31 (for
2149 976 47 14 the
2220 967 78 32 Sick).
2300 982 33 4 —
2333 969 58 23 Into
2413 976 17 16 a

1904 998 54 30 pint
1970 998 25 23 of
2003 999 48 24 fine
2062 999 76 31 gruel,
2150 1001 43 22 not
2204 1000 74 28 thick,
2294 1002 45 28 put
2357 1000 73 24 while

1904 1031 20 23 it
1935 1031 20 23 is
1968 1031 89 31 boiling
2067 1032 51 27 hot,
2142 1032 42 24 the
2203 1033 56 30 yolk
2282 1033 27 23 of
2328 1040 32 16 an
2383 1041 48 23 egg

1904 1063 87 23 beaten
2002 1064 60 23 with
2074 1071 72 23 sugar
2158 1064 50 23 and
2229 1064 82 24 mixed
2332 1065 60 24 with
2414 1073 15 16 a

1903 1095 65 30 large
1977 1096 110 29 spoonful
2099 1098 26 22 of
2135 1096 52 24 cold
2199 1099 82 25 water,
2294 1105 15 15 a
2319 1097 66 30 glass
2403 1098 28 23 of

1904 1128 60 23 wine
1975 1128 47 24 and
2034 1130 106 30 nutmeg,
2159 1129 52 23 mix
2222 1130 30 30 by
2263 1129 107 31 degrees.
2404 1129 25 25 It

1903 1160 21 25 is
1935 1169 57 22 very
2004 1161 123 31 agreeable
2135 1162 49 23 .and
2194 1162 153 31 nourishing.

1936 1193 108 24 Curried
2056 1193 142 25 Chicken.—
2199 1194 47 24 Cut
2258 1202 14 15 a
2290 1194 103 24 chicken
2403 1194 26 24 m

1904 1225 78 31 pieces
1996 1233 5 21 ;
2013 1228 45 29 put
2078 1226 42 24 the
2137 1226 79 31 pieces
2235 1226 27 23 m
2285 1234 14 16 a
2321 1229 109 28 stewpan

1903 1258 60 24 with
1974 1266 46 16 one
2031 1259 81 28 onion,
2125 1259 24 23 m
2160 1259 80 24 which
2252 1267 46 23 you
2320 1260 76 24 insert
2415 1268 14 15 a

1904 1291 73 23 clove.
2011 1291 54 23 Add
2075 1291 75 24 white
2169 1291 72 24 broth
2263 1292 118 23 sufficient
2404 1294 27 23 to

1904 1330 69 16 cover
1983 1322 42 25 the
2036 1323 87 30 pieces.
2163 1323 81 25 When
2265 1324 40 23 the
2327 1324 103 24 chicken

1903 1356 20 22 is
1935 1355 88 23 cooked
2033 1355 71 24 make
2116 1364 14 15 a
2142 1364 71 17 sauce
2224 1357 59 23 with
2295 1357 42 26 the
2347 1356 80 25 broth.

1904 1387 62 24 Beat
1974 1389 48 22 two
2028 1388 98 30 pinches
2140 1388 25 24 of
2175 1397 68 22 curry
2254 1389 58 23 ivith
2323 1389 69 30 yolks
2404 1389 27 25 of

1904 1421 47 21 two
1960 1427 57 22 eggs
2029 1420 48 22 and
2088 1428 13 14 a
2113 1420 177 30 tablespoonful
2302 1421 26 23 of
2341 1429 87 20 cream,

1904 1451 48 24 and
1963 1451 99 24 thicken
2073 1459 61 23 your
2144 1460 80 17 sauce.
2267 1454 73 24 Serve
2361 1461 32 16 on
2415 1462 14 15 a

1904 1484 53 24 dish
1968 1484 59 24 with
2038 1494 13 14 a
2063 1484 85 24 border
2159 1486 25 22 of
2195 1486 56 22 rice.

2056 1543 214 19 NEEDLEWORK.

1941 1581 42 18 Till
1994 1581 32 18 the
2035 1581 63 18 world
2108 1582 21 19 be
2140 1582 55 24 quite
2206 1582 98 19 dissolved
2313 1583 41 18 and
2362 1585 54 21 -past.

1941 1606 26 19 So
1978 1607 51 23 long,
2039 1610 23 15 at
2072 1608 56 23 least,
2141 1608 32 18 the
2183 1608 85 19 needles'
2277 1614 35 13 use
2318 1609 53 18 shall
2379 1609 52 19 last.'

1938 1641 160 29 Dishcloths,
2111 1651 29 16 to
2155 1643 81 24 Make.
2238 1658 33 3 —
2272 1643 48 25 Get
2342 1651 15 16 a
2378 1644 54 30 pair

1906 1674 26 24 of
1941 1674 98 24 wooden
2050 1675 97 25 needles
2158 1676 48 24 and
2215 1684 15 16 a
2240 1676 49 23 ball
2300 1676 27 24 of
2333 1676 97 25 candles

1906 1706 110 31 wicking,
2030 1709 35 22 set
2077 1716 32 21 up
2125 1716 15 16 a
2161 1716 49 16 row
2222 1709 27 24 of
2269 1710 30 21 20
2320 1709 108 28 stitches,

1906 1738 53 23 knit
1980 1738 62 25 back
2063 1740 47 23 and
2133 1740 64 24 forth
2219 1741 63 23 unil
2308 1749 49 23 you
2387 1749 43 17 use

1906 1998 70 24 make
1999 2006 14 17 a
2045 1999 88 30 perfect
2155 1999 130 25 dishcloth.
2331 2001 57 23 This
2410 2001 22 24 is

1906 2038 87 22 porous
2005 2032 49 22 and
2064 2031 63 30 light
2138 2040 26 15 as
2176 2040 14 15 a
2202 2040 95 22 sponge,
2318 2033 48 23 and
2386 2041 47 16 can

1906 2063 28 23 be
1943 2063 98 23 cleaned
2062 2064 59 23 with
2143 2065 42 23 the
2208 2065 60 23 least
2286 2064 75 28 labor,
2383 2065 48 23 and

1906 2095 115 24 rendered
2032 2095 113 30 perfectly
2157 2102 79 18 sweet.

2021 2155 140 19 OULINAEY
2175 2155 145 19 COUPLETS.

2018 2193 39 25 (By
2071 2198 12 14 a
2095 2193 106 25 Rhyming
2214 2193 105 26 Epicure.)

1905 2229 30 23 In
1946 2229 109 31 dressing
2068 2229 67 24 sal.id
2145 2229 70 24 mind
2239 2230 42 24 the
2292 2230 56 29 law,

1905 2262 66 23 With
1987 2263 47 22 two
2055 2263 59 22 hard
2135 2262 70 31 yolks
2226 2271 42 15 use
2291 2271 44 16 one
2354 2263 76 25 that's

1970 2301 57 16 raw.

1905 2335 67 24 Your
1983 2337 94 23 mutton
2090 2336 71 32 chops
2172 2336 59 25 with
2242 2345 74 23 paper
2327 2345 78 19 cover,

1905 2368 54 24 And
1970 2369 72 23 make
2053 2370 65 22 them
2130 2369 81 24 amber
2222 2369 83 25 brown
2320 2371 32 23 all
2363 2378 66 17 over.

1905 2411 66 24 Broil
1984 2411 86 30 lightly
2081 2419 59 22 your
2151 2411 120 25 beefsteak
2271 2427 33 3 —
2304 2415 24 22 to
2339 2413 38 31 fry
2387 2413 26 29 it,

1905 2444 93 30 Argues
2010 2446 123 29 contempt
2144 2444 38 24 for
2194 2444 122 25 Christian
2327 2446 58 23 diet.

1905 2486 22 23 It
1938 2486 65 30 gives
2015 2488 52 21 true
2078 2486 108 30 epicures
2197 2487 42 23 the
2252 2495 111 22 vapours,

1905 2517 33 25 To
1951 2526 38 16 see
2001 2518 77 24 boiled
2086 2521 98 21 mutton
2193 2519 82 24 minus
2286 2528 92 23 capers.

1905 2561 61 24 Veal
1997 2561 89 25 cutlets
2108 2562 41 31 dip
2170 2562 27 23 m
2220 2571 46 23 egg
2287 2564 47 23 and
2346 2564 73 25 bread

1968 2595 103 27 crumbs,

1905 2626 49 31 Fry
1962 2626 38 24 till
2011 2634 47 23 you
2071 2634 37 17 see
2120 2635 15 16 a
2145 2625 122 26 brownish
2278 2629 43 22 red
2333 2636 85 17 comes.

1905 2669 33 24 To
1949 2673 66 20 roast
2027 2669 82 31 spring
2119 2669 113 26 chickens
2244 2670 21 25 is
2277 2672 25 22 to
2312 2671 60 31 spoil
2375 2674 55 26 'em,

1905 2702 55 23 Just
1973 2702 57 29 split
2053 2702 68 24 them
2143 2703 71 24 down
2236 2704 41 23 the
2300 2703 61 25 back
2383 2705 47 23 and

1968 2733 61 25 broil
2041 2735 51 23 'em.

2096 2793 148 18 EXTRACTS.

2068 2830 30 23 do
2109 2831 44 22 not
2165 2830 69 24 know
2251 2831 67 24 what
2329 2832 56 30 they
2401 2832 31 23 do

1903 2862 70 23 when
1985 2861 58 32 they
2053 2861 68 25 leave
2133 2862 85 24 tender
2229 2862 74 25 babes
2314 2864 76 28 alone,
2405 2865 26 23 to

1903 2902 30 22 go
1944 2897 26 20 to
1982 2893 62 31 sleep
2055 2895 27 22 m
2094 2895 42 24 the
2156 2895 66 25 dark.
2268 2896 51 24 The
2340 2896 91 31 feeling

1904 2926 73 23 about
1988 2926 37 24 for
2036 2935 15 14 a
2072 2926 103 32 friendly
2198 2935 57 21 arm,
2276 2928 43 24 the
2340 2928 91 31 hoping

1903 2958 35 24 for
1949 2966 14 15 a
1974 2959 109 23 familiar
2096 2959 74 28 voice,
2194 2961 68 23 when
2285 2960 58 32 they
2364 2960 67 25 wake

1904 2991 136 30 screaming
2067 2992 47 23 and
2145 2992 49 23 find
2215 3000 64 15 none
2298 2993 156 23 tcr~saothe~

1903 3022 70 24 them
1985 3031 6 20 ;
2003 3024 66 23 what
2080 3031 15 16 a
2112 3024 103 31 shaking
2236 3024 21 24 it
2278 3024 22 24 is
2321 3025 26 23 to
2370 3024 62 24 their

1903 3064 58 22 poor
1971 3064 94 16 nerves.

614 40 69 23 THE
719 40 137 24 OXFORD
891 39 68 23 AND
993 40 84 25 OUST
1112 42 185 27 OBSERVER,
1334 42 186 27 SATURDAY,
1556 43 154 25 OCTOBER
1743 45 40 24 20,
1819 44 60 23 1889

1927 3190 114 76 W.
2105 3191 294 93 STOCKS,

1906 3322 366 59 MOPFEP7H*

2236 3421 188 57 mm-

2027 3518 128 31 Madras
2177 3519 140 36 Streeet,

1947 3596 439 35 CHRISTCHURCH.

1906 3680 28 29 A
1945 3679 84 41 large
2045 3682 87 29 stock
2148 3682 31 29 of
2194 3681 187 30 Monuments
2395 3678 59 32 toTv

1909 3731 95 28 select
2024 3732 78 27 from
2119 3736 31 23 at
2164 3732 104 27 lowest
2281 3734 91 25 rates.
