2490 3830
820 1395 230 24 COMMERCIAL.

1042 1454 71 24 Office,

966 1481 83 25 Friday
1058 1481 108 26 Evening.

696 1514 70 20 There
779 1513 19 20 i^
814 1519 53 19 very
882 1512 59 21 little
955 1512 118 20 alteration
1087 1512 23 19 m
1120 1512 77 20 values

670 1545 22 21 of
702 1545 68 26 grain.
814 1545 83 19 Wheat
909 1545 20 19 is
947 1544 94 26 slightly
1057 1544 80 25 firmer,
1152 1544 46 20 and

668 1577 57 20 finds
739 1583 13 13 a
768 1576 95 20 steadier
879 1577 87 19 market
980 1577 25 18 at
1023 1576 80 20 former
1121 1577 76 24 quota-

669 1609 64 19 tions.

696 1640 53 22 Oats
768 1639 57 20 have
843 1639 40 19 not
902 1638 112 26 improved
1031 1638 24 20 m
1069 1637 65 27 price,
1153 1637 45 21 and

622 1675 1 12 ;
669 1671 86 19 holders
765 1671 22 18 m
797 1670 46 19 this
853 1670 107 19 Province
967 1676 37 12 are
1014 1670 40 18 not
1063 1669 103 26 disposed
1174 1670 24 18 to

670 1703 38 19 sell
727 1703 25 18 at
768 1703 90 24 present
877 1702 66 19 rates.
987 1701 30 19 As
1030 1700 39 20 the
1088 1700 110 20 Southern

670 1734 72 19 stocks
752 1739 37 13 are
798 1733 89 25 getting
901 1738 55 20 very
971 1731 70 23 small,
1054 1731 19 21 it
1086 1731 19 20 is
1120 1731 76 20 antici-

670 1765 69 26 pated
752 1765 49 20 that
813 1764 63 20 there
892 1764 47 20 will
951 1764 28 20 be
992 1770 14 13 a
1019 1763 75 21 better
1112 1764 86 19 market

670 1797 57 20 later
734 1803 29 13 on
772 1799 22 17 at
804 1796 113 26 improved
925 1796 77 24 prices.

698 1828 71 20 There
779 1834 44 13 was
832 1834 13 12 a
854 1834 54 17 very
917 1827 62 24 large
992 1827 65 24 entry
1067 1825 23 21 of
1099 1825 67 26 sheep
1175 1827 23 17 at

670 1860 40 20 the
728 1859 129 26 Addington
875 1858 114 26 saleyards
1006 1864 27 14 on
1057 1857 141 26 Wednesday

671 1892 49 20 last.
765 1892 62 20 Store
846 1891 67 25 sheep
931 1890 46 20 had
997 1897 12 13 a
1027 1890 69 25 ready
1114 1890 46 20 sale
1174 1891 24 19 at

671 1924 92 25 slightly
782 1923 114 20 enhanced
912 1923 82 21 values,
1011 1921 44 20 and
1073 1922 72 25 prime
1162 1922 36 18 fat

671 1954 67 25 sheep
755 1954 139 19 maintained
906 1954 39 19 the
960 1952 72 26 prices
1044 1952 23 19 of
1076 1952 45 20 last
1129 1952 66 25 week,

672 1985 83 26 despite
764 1985 40 20 the
813 1985 39 19 tall
861 1985 24 19 m
894 1984 40 20 the
946 1984 60 26 price
1016 1984 23 19 of
1052 1984 75 20 frozen
1140 1985 58 18 mut-

670 2018 39 20 ton
718 2018 24 18 m
751 2018 39 19 the
800 2017 90 19 London
899 2017 93 18 market.

697 2049 71 20 There
778 2054 43 13 was
831 2054 12 13 a
858 2053 51 18 very
924 2047 62 25 large
999 2047 65 24 entry
1080 2046 23 19 of
1118 2046 77 24 lambs,

670 2080 70 20 which
750 2080 47 19 sold
807 2079 70 25 freely
887 2080 25 18 at
920 2079 72 25 prices
1001 2078 97 25 ranging
1107 2077 57 20 from
1174 2078 24 20 7s

669 2112 24 20 to
703 2112 44 18 13s.

696 2147 44 21 Fat
749 2147 67 20 cattle
831 2146 79 25 hardly
923 2145 137 20 maintained
1075 2145 39 20 the
1126 2145 72 26 prices

671 2180 22 20 of
708 2180 46 19 last
767 2179 66 24 week,
853 2178 87 25 though
954 2184 40 13 one
1007 2184 54 19 very
1079 2177 69 26 prime
1166 2177 32 20 lot

671 2211 94 26 brought
778 2217 23 13 as
817 2210 54 25 high
888 2216 24 13 as
927 2211 37 18 25s
980 2215 40 19 per
1030 2209 79 19 lOOlbn.
1151 2209 47 19 The

671 2243 89 26 general
769 2248 42 14 run
821 2241 22 20 of
852 2241 39 20 the
900 2241 86 19 market
992 2240 95 25 brought
1095 2241 57 19 from
1161 2241 36 19 19s

671 2276 23 19 to
704 2276 43 19 21s.

698 2313 27 19 In
741 2313 58 19 store
809 2311 68 20 cattle
892 2311 63 19 there
969 2317 43 13 was
1026 2317 14 15 a
1052 2309 58 26 large
1124 2311 71 24 entry,

670 2345 42 18 but
729 2344 71 24 prices
819 2349 56 13 were
894 2349 54 17 very
965 2342 42 19 low
1026 2342 44 19 and
1082 2348 54 19 very
1152 2342 45 19 dis-

671 2375 121 25 couraging
800 2375 24 18 to
834 2374 68 19 cattle
913 2373 106 20 breeders.

698 2412 40 21 We
758 2412 69 19 notice
847 2410 51 20 that
916 2410 39 20 the
971 2409 103 20 Dunedin
1094 2409 103 20 butchers

670 2445 57 19 have
741 2443 73 20 raised
829 2443 39 19 the
884 2443 59 25 price
957 2443 22 18 of
992 2442 51 20 beef
1055 2441 45 20 and
1110 2443 87 19 mutton

670 2484 14 13 a
692 2483 75 15 penny
776 2481 38 17 per
827 2475 79 23 pound.

776 2528 174 15 MELBOUBNE
960 2526 134 17 MARKETS.

699 2566 44 19 The
757 2564 170 20 'Australasian'
943 2565 78 24 reports
1038 2570 27 14 on
1084 2563 34 21 the
1134 2563 64 21 above

672 2598 91 19 markets
773 2602 22 13 as
806 2596 90 19 follows:
899 2606 25 4 —

697 2634 44 20 The
759 2634 53 19 local
828 2633 67 20 wheat
910 2633 80 20 market
1006 2634 39 19 has
1058 2633 52 20 been
1127 2633 71 20 rather

673 2665 110 20 unsettled.
823 2664 44 19 The
884 2665 55 23 large
948 2665 83 19 holders
1047 2665 44 19 still
1101 2666 61 22 quote
1176 2665 22 19 at

673 2698 55 18 rates
743 2695 84 26 slightly
838 2700 46 14 over
895 2695 36 19 the
946 2695 86 22 market,
1043 2695 60 19 while
1120 2695 78 20 millers

673 2733 35 15 tire
717 2727 96 24 resisting
829 2726 34 19 tbe
877 2726 59 19 effort
953 2730 21 15 to
990 2728 53 17 r.iise
1059 2726 36 20 the
1111 2727 86 23 market,

673 2759 42 20 and
732 2765 34 13 are
776 2758 119 24 practically
913 2758 84 19 covered
1007 2760 31 17 for
1053 2758 35 20 the
1098 2758 65 20 whole
1177 2759 21 18 of

673 2791 43 20 this
726 2789 81 24 month,
817 2795 23 13 so
850 2789 47 19 that
907 2789 17 19 it
933 2789 48 19 does
991 2790 37 18 not
1037 2794 54 14 seem
1101 2789 97 24 probable

674 2822 46 20 that
731 2822 48 23 they
790 2820 40 19 will
840 2820 53 19 have
902 2821 21 18 to
934 2826 24 18 go
969 2822 21 17 to
1005 2820 37 19 the
1051 2820 55 24 large
1116 2820 82 20 holders

673 2853 69 19 belore
757 2859 43 13 new
817 2851 67 20 wheat
901 2857 68 14 comes
984 2852 23 18 m
1017 2852 72 23 longer
1104 2851 52 20 than
1165 2852 33 19 for

674 2884 63 20 about
746 2884 47 19 four
802 2885 21 17 to
833 2882 33 20 six
876 2883 64 19 weeks
973 2883 25 18 In
1010 2883 28 19 all
1053 2882 63 20 about
1126 2883 72 21 11,000

673 2916 50 23 bags
733 2915 53 19 have
801 2914 49 23 be.en
861 2913 79 25 quitted
950 2915 21 18 at
987 2914 53 19 from
1050 2914 23 19 4s
1084 2914 38 19 lid
1139 2919 28 20 up
1177 2916 21 17 to

674 2947 23 20 5s
713 2946 33 23 2d,
760 2945 79 25 though
855 2945 17 19 it
889 2945 17 18 is
924 2945 87 20 difficult
1028 2947 21 18 to
1063 2945 71 20 obtain
1151 2951 47 14 over

674 2979 23 19 5s
707 2980 70 22 except
786 2977 32 19 for
828 2977 61 19 small
898 2977 87 24 parcels.

699 3014 64 18 Flour
772 3014 39 18 has
821 3013 49 19 been
881 3013 21 18 m
913 3012 72 24 steady
995 3012 94 20 demand.
1127 3013 71 20 About

673 3046 38 20 500
722 3046 47 18 tons
778 3043 53 20 have
840 3043 92 24 changed
943 3043 67 19 hands
1019 3044 23 18 at
1051 3044 53 18 from
1115 3045 39 24 £1J
1165 3045 33 19 for

673 3075 157 23 stone-dressed,
840 3074 42 19 and
892 3074 41 20 £12
943 3074 31 19 for
981 3076 73 23 patent
1063 3075 68 20 roller.
1158 3076 40 19 Be-

673 3109 64 24 ceipts
753 3108 21 18 of
784 3107 66 19 wheat
867 3112 51 13 were
927 3106 113 19 somewhat
1056 3107 83 21 smaller
1155 3107 42 20 this

673 3139 54 20 week
746 3139 51 19 than
816 3139 47 22 last,
883 3137 60 20 while
957 3139 83 22 exports
1059 3143 51 15 were
1127 3138 71 21 rather

671 3171 72 24 larger.
786 3170 26 19 Of
830 3170 59 23 flour,
907 3168 87 26 receipts
1012 3175 51 14 were
1080 3170 63 19 much
1162 3171 35 20 the

673 3208 63 18 same,
747 3201 60 20 while
817 3201 34 19 the
861 3203 82 22 exports
960 3200 56 19 show
1030 3206 12 14 a
1057 3201 140 21 considerable

671 3234 92 19 increase
773 3238 47 14 over
830 3232 60 20 those
899 3232 21 19 of
930 3232 41 18 last
979 3231 59 20 week.

698 3269 45 20 The
762 3269 44 19 feed
823 3268 59 25 grain
899 3267 80 21 market
993 3267 39 19 has
1049 3267 72 20 shown
1139 3274 57 14 some

671 3301 64 25 slight
745 3301 156 25 improvement.
941 3299 41 20 For
991 3299 65 25 prime
1070 3300 90 25 samples
1174 3300 23 20 of

670 3333 88 24 maiting
769 3333 68 23 barley
848 3332 56 20 there
913 3331 38 22 has
962 3331 49 20 been
1022 3337 12 14 a
1044 3331 52 24 good
1104 3331 91 25 inquiry,

671 3365 36 19 but
718 3365 53 19 little
781 3370 23 12 or
814 3369 54 13 none
882 3363 18 19 is
911 3363 123 22 obtainable,
1051 3362 68 20 stocks
1136 3363 60 24 bejng

670 3397 69 23 pretty
750 3395 43 18 well
804 3393 120 20 exhausted.
964 3393 69 19 Prime
1045 3393 48 19 New
1104 3393 91 20 Zealand

670 3427 38 19 has
718 3427 49 19 been
778 3426 45 19 Bold
833 3427 22 18 at
865 3425 23 19 5s
901 3425 32 23 4d,
944 3424 41 19 and
1001 3425 41 20 fair
1051 3424 106 19 Victorian
1174 3426 22 18 at

668 3459 22 18 4s
701 3458 46 25 7^d.

694 3493 53 20 Feed
763 3493 69 23 barley
842 3492 39 19 has
898 3492 41 19 had
950 3491 40 20 fair
1000 3491 53 20 sales
1071 3492 22 19 at
1103 3497 28 19 up
1140 3492 22 19 to
1171 3491 24 20 3s

667 3526 27 19 9d
703 3526 31 18 for
745 3525 61 19 small
820 3523 86 26 parcels.

693 3561 51 19 Oats
755 3561 52 19 have
817 3560 72 19 shown
899 3565 57 14 some
972 3559 63 23 sight
1044 3558 151 24 improvement

666 3598 47 14 over
732 3593 41 18 last
792 3591 71 19 week's
880 3591 77 23 values,
976 3589 41 20 and
1033 3590 54 18 sales
1106 3589 21 19 of
1146 3589 49 20 New

668 3623 90 20 Zealand
768 3623 52 20 have
830 3622 50 20 been
890 3622 61 20 made
967 3624 21 17 at
999 3627 28 19 up
1038 3622 21 18 to
1075 3627 23 14 on
1108 3621 27 20 7d
1151 3621 44 20 and

666 3656 23 18 3s
699 3655 39 25 7£l
748 3655 31 18 for
789 3654 61 19 small
861 3654 46 20 lots.
943 3652 128 21 Tusmaniaa
1082 3652 52 19 have
1144 3651 50 20 been

666 3686 45 18 sold
722 3688 21 16 f\t
753 3686 23 18 3s
785 3685 27 19 (id
826 3691 24 12 ex
861 3684 70 20 wharf.

692 3722 97 20 Potatoes
798 3721 52 20 have
860 3721 51 20 been
927 3720 62 26 fairly
999 3720 55 21 dealt
1070 3719 22 20 m
1103 3720 21 19 at
1140 3719 53 20 from

668 3754 28 21 £G
708 3757 20 17 to
737 3754 28 20 £6
777 3753 40 21 15s.

1318 242 111 18 Oxford
1447 242 56 18 and
1521 242 74 18 Cust
1613 242 166 18 Observer.

1318 260 244 27 PUBLISHED
1589 260 190 27 WEEKLY.

1352 287 165 26 SATURDAY,
1534 289 107 19 October
1650 289 32 23 26,
1700 289 58 19 1889.

1323 353 52 24 The
1398 354 92 32 subject
1512 355 27 24 of
1555 355 171 24 Intercolonial
1746 355 68 24 Reci-

1289 396 93 31 procity
1404 397 45 24 lias
1470 398 60 23 been
1550 397 164 31 prominently
1736 397 81 25 before

1289 438 41 25 the
1341 439 80 31 public
1432 440 82 31 lately.
1564 440 46 24 We
1626 448 42 16 use
1679 440 49 24 this
1738 440 78 31 desig-

1288 481 85 23 nation
1384 482 84 23 rather
1479 482 59 24 than
1558 482 43 23 the
1611 482 89 29 phrase
1737 482 78 24 Inter-

1288 522 105 24 colonial
1567 523 102 24 because
1675 532 36 16 we
1722 524 95 24 confess

1289 566 25 22 to
1325 564 74 31 being
1410 565 107 25 doubtful
1528 565 111 25 whether
1652 566 43 24 the
1705 567 112 31 proposal

1287 607 20 23 is
1320 607 76 31 really
1404 615 15 16 a
1431 610 53 28 step
1495 608 104 23 towards
1611 609 136 24 Freetrade.
1793 609 26 24 If

1288 649 19 22 it
1317 649 30 27 is,
1359 650 33 23 its
1403 650 127 24 advocates
1538 659 40 15 are
1587 651 42 23 the
1636 653 65 22 most
1708 652 108 23 cautious

1288 691 155 24 Freetraders
1462 692 26 23 m
1509 692 41 24 the
1562 693 81 24 world.
1693 694 124 28 However,

1290 732 102 25 without
1411 734 112 31 entering
1540 735 120 31 minutely
1678 735 53 25 into
1743 743 15 15 a
1769 736 48 23 dis-

1289 777 58 28 pute
1366 783 26 16 as
1411 778 24 22 to
1454 776 42 24 the
1508 776 112 31 bearings
1637 777 26 23 of
1677 778 41 23 the
1738 785 80 17 move-

1290 819 76 26 ment,
1386 826 36 16 we
1441 826 56 23 may
1517 826 42 23 say
1578 818 54 24 that
1651 819 40 24 its.
1702 819 85 30 design
1798 819 21 23 is

1290 859 87 32 briefly'
1394 868 26 16 as
1442 860 91 24 follows
1544 868 6 16 :
1557 874 34 4 —
1597 861 38 23 To
1662 861 116 24 establish
1806 870 14 14 a

1291 903 113 24 Customs
1425 903 82 24 Union
1528 903 108 24 between
1655 901 33 26 all
1705 904 40 25 the
1758 904 61 24 Aus-

1290 945 116 23 tralasian
1435 945 119 27 Colonies,
1582 946 61 24 with
1671 954 14 15 a
1713 946 107 24 uniform

1290 986 74 24 tariff.
1409 986 59 25 This
1479 987 22 24 is
1512 988 117 30 certainly
1639 988 181 30 praiseworthy,

1290 1027 44 24 but
1345 1035 36 16 we
1392 1028 51 24 fear
1454 1028 53 24 that
1518 1037 46 22 any
1575 1028 61 24 such
1648 1029 111 30 proposal
1771 1029 49 23 will

1290 1071 132 22 encounter
1437 1069 72 25 fierce
1528 1070 137 31 opposition
1680 1070 60 25 from
1758 1065 63 30 local

1290 1112 113 23 interests
1422 1112 60 24 such
1501 1120 26 16 as
1545 1115 26 21 at
1589 1115 97 28 present
1709 1113 62 24 exist
1793 1113 27 23 m

1291 1153 114 25 Victoria.

1323 1196 151 32 Legislation
1485 1197 27 24 m
1523 1198 111 25 Victoria
1645 1199 21 23 is
1677 1198 107 31 actually
1795 1200 27 22 at

1290 1239 66 24 work
1378 1242 26 22 to
1425 1242 92 29 protect
1545 1240 125 25 Victorian
1691 1241 130 31 producers

1289 1289 62 26 from
1363 1282 64 24 their
1438 1291 122 22 compeers
1568 1283 27 23 m
1607 1283 41 24 the
1657 1283 163 31 surrounding

1290 1324 115 24 colonies.
1456 1325 24 23 It
1495 1325 22 23 is
1528 1327 54 22 true
1600 1326 55 24 that
1667 1326 58 23 New
1739 1326 79 24 South

1290 1366 83 23 Wales
1383 1366 22 24 is
1416 1369 26 21 at
1452 1369 97 28 present
1561 1375 15 15 a
1592 1367 146 30 professedly
1749 1367 73 24 Free-

1290 1408 67 23 trade
1377 1407 100 31 Colony,
1498 1408 44 24 but
1559 1409 21 23 it
1597 1409 21 24 is
1638 1408 111 25 doubtful
1768 1408 53 24 how

1290 1448 57 32 long
1358 1449 44 24 she
1413 1450 49 23 will
1472 1450 30 24 be
1513 1450 101 25 allowed
1632 1453 26 22 to
1672 1451 94 24 remain
1785 1459 36 16 so.

1288 1491 35 25 As
1342 1491 37 25 for
1396 1493 127 28 ourselves,
1543 1493 27 24 m
1581 1493 59 24 New
1659 1494 116 28 Zealand,
1787 1502 35 15 we

1290 1534 61 25 have
1363 1543 70 23 every
1444 1535 103 31 possible
1559 1536 179 25 consideration
1748 1537 73 31 ready

1291 1578 26 22 to
1335 1585 44 15 our
1396 1577 76 24 hand,
1483 1580 26 22 to
1527 1578 86 24 induce
1632 1587 29 15 us
1681 1581 24 22 to
1714 1578 70 32 jump
1796 1580 26 23 at

1291 1620 171 24 Intercolonial
1500 1620 134 25 Freetrade.
1685 1621 24 25 It
1743 1621 78 25 would

1288 1663 55 30 give
1355 1670 37 19 us,
1404 1662 37 24 for
1460 1663 119 28 instance,
1599 1660 141 27 Australian
1757 1671 65 16 maiv

1292 1704 51 23 kets
1366 1705 36 23 for
1424 1713 44 15 our
1495 1705 181 24 manufactures
1703 1706 48 23 and
1778 1714 44 16 our

1290 1747 105 31 produce
1405 1755 6 20 ;
1436 1747 48 24 and
1504 1755 34 17 we
1550 1747 89 24 should
1650 1747 52 24 find
1711 1747 55 25 that
1777 1748 41 25 the

1291 1789 46 24 evil
1356 1790 26 23 of
1397 1797 44 16 our
1460 1792 98 29 present
1575 1790 95 30 foreign
1686 1790 135 26 Protective

1291 1832 68 24 tariff
1376 1832 81 27 would
1474 1832 28 24 he
1517 1832 49 24 far.
1571 1832 49 24 less
1639 1832 92 28 s.erious
1751 1832 21 24 if
1787 1841 34 16 we

1282 1880 82 21 ■were^
1369 1874 126 32 possessed
1514 1875 27 24 of
1557 1883 14 15 a
1586 1881 57 26 very
1660 1874 162 34 considerable

1291 1926 56 14 area
1370 1917 36 23 for
1427 1917 130 24 Frefetrade
1582 1918 27 22 m
1631 1918 98 30 general
1756 1926 64 15 com-

1292 1959 121 24 modities.
1426 1978 3 5 ,
1443 1959 52 24 The
1504 1959 125 31 difficulty,
1640 1959 126 29 therefore,
1776 1960 45 25 lies

1292 2010 37 16 on-
1335 2003 40 23 the
1387 2002 141 23 Australian
1540 2002 58 24 side.
1641 2002 49 24 For
1700 2002 120 31 example,

1292 2044 142 24 Australian
1445 2044 100 24 farmers
1557 2044 30 24 do
1598 2046 44 22 not
1658 2049 65 19 want
1731 2044 53 24 food
1796 2048 26 20 to

1291 2086 30 24 be
1333 2086 144 31 cheapened.
1512 2086 31 24 In
1554 2086 66 24 their
1634 2086 90 26 clamor
1735 2086 38 26 for
1783 2086 37 24 in-

1291 2128 96 24 creased
1398 2136 57 16 corn
1463 2128 92 27 duties,
1575 2129 26 23 to
1613 2128 85 24 enable
1708 2129 70 24 them
1796 2131 26 23 to

1291 2178 65 23 grow
1375 2170 78 25 wheat
1475 2171 27 23 m
1521 2179 14 15 a
1546 2173 103 29 country
1661 2171 105 32 scarcely
1783 2172 37 23 in-

1292 2213 88 24 tended
1400 2213 30 31 by
1441 2216 88 21 nature
1547 2214 38 24 for
1596 2213 88 29 wheat,
1704 2214 59 31 they
1780 2222 41 17 are

1291 2258 44 23 not
1346 2256 84 24 unlike
1436 2255 42 25 the
1490 2256 137 31 imaginary
1635 2256 186 26 Protectionists

1291 2299 105 25 referred
1415 2302 25 21 to
1460 2298 31 32 by
1511 2298 39 25 Mr
1567 2299 69 24 Blair
1657 2300 27 23 m
1705 2300 41 24 liis
1767 2300 54 24 able

1290 2341 133 31 pamphlet,
1436 2341 53 24 who
1500 2341 80 24 would
1594 2342 60 23 wish
1664 2342 41 24 the
1717 2342 68 31 plain
1796 2343 28 23 of

1291 2383 42 25 the
1353 2383 88 28 Taieri,
1459 2383 24 23 m
1504 2382 85 33 Otago,
1610 2385 26 23 to
1655 2383 29 25 be
1703 2385 79 24 rooied
1793 2385 27 24 m

1287 2426 62 24 ■with
1371 2426 71 31 glass,
1465 2426 26 23 m
1514 2425 70 25 order
1606 2429 25 22 to
1650 2429 108 29 promote
1778 2427 42 24 the

1291 2468 143 25 cultivation
1456 2469 27 24 of
1502 2468 43 25 the
1572 2469 64 24 vine.
1676 2469 72 24 Until
1776 2469 42 26 the

1291 2512 139 24 Australian
1453 2511 103 25 farmers
1573 2519 47 16 can
1640 2519 39 17 see
1704 2512 53 24 that
1777 2514 41 23 the

1290 2554 141 31 imposijjon
1442 2554 28 24 of
1477 2561 32 16 an
1521 2554 118 24 excessive
1651 2554 59 31 duty
1721 2554 33 24 oh
1764 2563 54 22 pro-

1291 2597 59 24 duce
1361 2596 49 25 will
1421 2596 63 24 raise
1495 2596 42 24 the
1555 2596 64 32 price
1631 2596 24 24 of
1665 2596 78 32 living
1761 2597 58 32 only

1281 2646 2 3 '
1292 2643 25 21 to
1329 2640 41 23 the
1381 2647 129 16 consumer
1524 2639 27 24 m
1563 2639 43 24 the
1624 2639 60 31 long
1694 2648 55 19 run,
1770 2641 49 23 and

1291 2682 54 24 that
1357 2683 18 22 it
1387 2681 49 24 will
1446 2683 42 22 not
1496 2680 58 32 keep
1566 2681 77 31 prices
1650 2682 168 31 permanently

1291 2724 75 25 above
1385 2724 43 25 the
1439 2724 59 25 level
1516 2724 27 24 of
1553 2724 41 24 the
1606 2726 97 23 current
1722 2725 96 25 market

1290 2768 76 28 value,
1385 2775 36 16 we
1439 2770 91 21 cannot
1552 2773 85 24 expect
1658 2767 73 24 much
1754 2768 63 24 solid

1289 2818 111 23 progress
1411 2811 26 23 to
1451 2809 30 24 be
1492 2810 72 23 made
1575 2809 27 24 m
1613 2809 43 24 the
1667 2810 116 24 direction
1794 2811 27 23 of

1289 2851 173 26 Intercolonial
1474 2852 137 24 Freetrade.
1645 2852 24 24 It
1677 2852 22 24 is
1706 2861 112 16 common

1290 2898 25 21 to
1326 2897 71 29 quote
1408 2896 41 23 the
1460 2903 55 15 case
1526 2895 28 23 of
1563 2895 38 24 the
1620 2895 92 24 United
1726 2895 89 29 States,

1291 2947 26 16 as
1336 2946 32 16 an
1387 2939 127 29 argument
1533 2945 33 16 on
1585 2937 42 24 the
1645 2938 172 25 Protectionist

1290 2982 58 26 side,
1361 2982 42 22 but
1415 2989 48 22 any
1477 2982 58 22 such
1547 2985 129 26 argument
1686 2982 22 22 is
1729 2982 88 30 simply

1290 3022 134 24 fallacious.
1432 3021 4 6 '
1458 3022 25 23 It
1493 3022 22 24 is
1526 3022 54 24 true
1592 3023 55 27 that
1655 3024 42 23 tl.e
1709 3024 108 24 Govern-

1290 3067 67 22 ment
1377 3065 26 25 of
1413 3065 40 25 the
1470 3065 92 25 United
1583 3065 81 26 States
1676 3065 44 25 has
1739 3074 32 17 m;
1781 3067 36 24 in-

1291 3108 80 25 tained
1383 3116 14 15 a
1409 3109 121 29 stringent
1547 3108 136 24 Protective
1695 3109 78 31 policy
1791 3117 26 16 as

1290 3150 98 30 regards
1399 3150 33 24 all
1443 3151 163 24 commodities
1624 3151 121 31 imported
1756 3152 61 24 from

1290 3192 93 31 foreign
1397 3195 75 28 parts,
1484 3193 45 24 but
1546 3194 20 23 it
1577 3194 22 23 is
1610 3201 56 23 very
1683 3194 135 31 important

1288 3238 26 20 to
1326 3236 55 22 bear
1400 3235 27 23 m
1438 3235 70 23 mind
1519 3235 54 25 that
1590 3236 87 24 within
1689 3237 40 23 the
1741 3236 77 25 limits

1289 3276 27 28 of
1330 3276 43 25 the
1393 3277 76 24 Great
1489 3278 117 31 Itepublic
1624 3278 67 25 itself
1709 3279 69 25 there
1796 3279 20 25 is

1289 3319 41 25 the
1349 3321 64 22 most
1431 3319 119 32 complete
1568 3321 48 24 and
1635 3322 182 25 unconditional

1289 3361 136 24 Freetrade.
1460 3362 24 23 It
1496 3362 87 23 should
1594 3363 50 23 also
1655 3363 30 24 be
1697 3365 52 22 said
1761 3365 56 24 that

1287 3403 26 24 m
1335 3411 162 23 consequence
1519 3404 26 23 of
1566 3404 64 24 their
1648 3406 169 25 tremenduous

1286 3445 97 24 natural
1395 3446 153 32 jadvantages
1566 3446 27 24 of
1610 3446 78 30 virgin
1708 3448 46 23 soil
1769 3448 48 24 and

1287 3488 143 30 developing
1443 3487 149 31 capabilities
1611 3489 131 31 extending
1759 3498 58 16 over

1288 3531 106 23 millions
1407 3531 27 23 of
1443 3538 74 20 acres,
1530 3530 49 24 and
1590 3530 106 31 inviting
1706 3540 14 14 a
1732 3532 85 30 steady

1287 3573 78 23 influx
1377 3573 26 25 of
1411 3572 149 32 population,
1573 3573 40 24 the
1625 3573 102 25 citizens
1738 3574 28 24 of
1775 3574 41 24 the

1290 3615 91 24 United
1394 3616 81 24 States
1486 3616 61 23 have
1562 3618 43 21 not
1622 3618 41 28 yet
1682 3617 73 23 found
1773 3619 44 22 out

1288 3658 54 23 how
1354 3658 71 23 much
1437 3658 56 30 they
1512 3666 41 15 are
1564 3658 118 30 weighted
1693 3660 26 21 m
1730 3660 87 30 reality

1288 3700 32 32 by
1331 3709 14 15 a
1357 3700 133 25 Protective
1509 3700 86 32 policy.
1646 3701 26 25 It
1682 3702 81 26 would
1773 3704 45 26 Ipt

1288 3743 29 25 be
1340 3745 40 23 too
1399 3744 69 24 much
1486 3746 25 22 to
1529 3745 44 30 put
1596 3743 42 25 the
1657 3752 54 16 case
1728 3745 28 24 m
1767 3746 48 28 this

1907 182 65 23 way:
2002 175 51 24 that
2075 176 42 24 the
2140 176 92 26 United
2261 177 82 25 States
2371 179 64 24 have

1903 217 132 30 prospered
2053 218 26 24 m
2097 220 61 29 spite
2178 219 30 29 of,
2229 222 44 23 not
2288 221 99 24 because
2399 222 33 27 of,

1906 260 64 23 their
1981 260 118 31 advocacy
2108 262 25 23 of
2142 262 50 23 this
2199 264 165 23 conservative
2376 271 55 18 nos-

1905 304 73 22 trum.
2028 302 76 25 There
2115 304 21 24 is
2154 313 45 16 one
2217 306 69 23 other
2297 307 135 23 considera-

1906 345 52 23 tion
1976 344 80 25 which
2079 349 68 21 must
2166 349 45 21 not
2233 347 29 24 be
2282 349 149 28 overlooked,

1905 388 47 22 and
1962 387 68 24 when
2039 396 35 16 we
2086 389 59 24 have
2157 389 77 24 called
2243 391 120 24 attention
2375 393 57 24 to.it

1903 438 37 16 \re
1952 429 61 25 shall
2025 430 71 32 bring
2107 431 50 25 this
2175 433 83 24 article
2279 436 24 21 to
2324 442 14 15 a
2357 435 71 28 close,

1905 472 125 31 intending
2049 475 25 22 to
2091 476 82 21 return
2191 477 25 20 to
2234 475 41 22 the
2294 475 93 29 subject
2406 477 28 22 m

1905 515 81 22 future
1996 514 85 25 issues.
2133 516 51 23 The
2204 517 70 23 truth
2291 516 22 24 is
2331 517 55 24 that
2396 525 38 17 we

1905 556 51 31 rely
1967 557 37 24 far
2016 559 39 22 too
2066 558 74 23 much
2152 558 28 23 hi
2190 558 60 25 New
2261 559 105 24 Zealand
2375 568 31 16 on
2418 568 16 16 a

1907 600 132 23 Protective
2062 601 68 23 tariff
2149 601 37 23 for
2212 602 42 22 the
2282 610 103 22 purpose
2408 603 27 23 of

1905 641 91 32 raising
2006 650 112 16 revenue.
2153 643 59 23 This
2222 651 37 17 we
2270 644 54 24 take
2336 647 26 22 to
2373 645 28 23 be
2418 652 17 17 a

1907 684 117 30 complete
2043 685 191 30 misconception
2251 685 28 24 of
2294 686 42 24 the
2354 687 80 30 object

1905 725 26 23 of
1945 726 153 28 Protection;
2123 728 48 22 and
2187 727 64 24 until
2267 735 34 16 we
2324 736 47 15 can
2392 730 41 28 get

1906 776 43 15 our
1961 768 166 24 Government
2138 771 26 22 to
2171 769 88 24 realise
2267 770 55 23 that
2330 778 106 17 revenue-

1907 809 21 24 is
1940 812 41 21 not
1993 812 25 21 to
2029 810 29 23 be
2070 810 77 24 raised
2158 811 164 31 legitimately,
2335 812 27 23 hi
2373 814 61 23 such

1907 859 14 16 a
1933 859 59 23 way,
2005 859 35 16 we
2060 852 63 24 shall
2134 852 30 25 be
2179 853 37 24 far
2226 854 63 23 from
2307 853 137 35 achieving'

1908 894 43 24 the
1962 894 46 23 end
2020 894 92 24 desired
2122 895 32 31 by
2165 895 43 24 the
2215 898 133 27 promoters
2361 897 25 24 of
2393 886 52 35 th^

1908 938 81 22 recent
2000 937 108 30 meeting
2119 937 26 23 ha
2157 937 179 24 Christchurch.

1935 1028 70 19 Help
2019 1028 69 19 Over.
2092 1039 27 3 —
2120 1028 78 26 Owing
2212 1030 21 17 to
2251 1030 62 24 great
2335 1036 100 18 pressxire

1907 1070 29 14 on
1945 1070 41 14 our
1994 1071 41 19 spa
2040 1071 19 13 :e
2067 1071 32 13 we
2109 1072 38 13 are
2156 1065 120 26 compelled
2289 1067 24 19 to
2322 1066 52 21 hold
2384 1073 52 15 over

1907 1106 15 14 a
1930 1101 103 26 quantity
2043 1102 22 19 of
2073 1102 131 23 interesting
2213 1103 88 19 matter.

1936 1143 98 19 Church
2048 1143 100 20 Farads.
2152 1154 28 3 —
2180 1143 24 21 It
2212 1143 46 21 will
2263 1144 28 20 be
2301 1150 49 15 seen
2357 1144 28 27 by
2394 1150 44 15 our

1908 1179 139 25 advertising
2065 1179 100 20 columns
2181 1180 49 20 that
2247 1181 60 20 there
2320 1181 45 20 will
2378 1182 27 20 be
2421 1188 15 14 a

1909 1215 90 21 Church
2021 1216 85 20 Faiade
2122 1217 23 19 of
2167 1217 134 20 Oddfellows
2313 1219 123 20 to-morrow

1909 1252 122 21 afternoon.
2061 1252 45 20 The
2115 1253 108 20 members
2239 1259 38 14 are
2286 1255 116 25 requested
2411 1256 25 19 to

1908 1290 59 19 meet
1976 1289 25 20 at
2009 1289 40 20 the
2132 1289 83 20 Oxford
2223 1290 67 20 Town
2297 1291 52 19 Hall
2359 1292 24 20 at
2391 1292 46 20 two

1909 1326 88 23 o'clock,
2016 1326 46 19 and
2079 1326 57 19 from
2153 1327 81 19 thence
2253 1327 85 20 healed
2350 1328 31 25 by
2396 1329 41 19 the

1910 1363 84 19 Oxford
2012 1363 68 18 Brass
2098 1363 71 23 Band,
2190 1364 54 24 they
2256 1364 47 19 will
2317 1365 76 19 march
2411 1365 24 19 m

1908 1399 125 26 procession
2047 1400 24 19 to
2088 1399 32 20 St.
2139 1399 111 20 Andrew's
2266 1399 94 26 Church,
2380 1400 55 21 East

1909 1436 89 25 Oxford,
2023 1437 73 19 where
2119 1436 38 20 the
2181 1437 53 20 Rev.
2261 1437 28 19 H.
2315 1437 115 26 Williams,

1908 1473 77 20 curate
2002 1472 24 21 of
2038 1473 39 20 the
2093 1472 89 21 district
2197 1473 47 20 will
2256 1473 95 21 conduct
2359 1473 74 22 divine

1908 1510 89 21 service.

1935 1552 112 20 Lecture.
2051 1562 28 4 —
2079 1552 54 20 Last
2152 1552 88 24 Sunday
2259 1553 100 25 evening,
2385 1553 48 21 Oct.

1908 1588 59 25 20th,
1985 1588 39 20 the
2037 1588 54 19 Eev.
2105 1588 27 20 H.
2152 1588 117 25 Williams,
2282 1588 119 27 officiating
2409 1590 24 19 m

1909 1625 31 21 St.
1953 1625 82 25 Mary's
2044 1625 95 24 Church,
2151 1625 65 21 West
2224 1625 89 24 Oxford,
2323 1626 112 20 delivered

1908 1661 40 20 the
1957 1661 49 20 fiist
2016 1661 23 20 of
2047 1668 15 13 a
2070 1661 111 26 promised
2190 1661 68 21 series
2267 1661 24 20 of
2302 1661 95 21 lectures
2406 1669 27 13 on

1908 1697 117 20 debatable
2033 1698 113 25 questions
2156 1698 23 19 of
2185 1698 39 20 the
2233 1698 51 26 day.
2311 1699 71 20 There
2392 1705 41 14 was

1908 1740 14 14 a
1938 1740 54 20 very
2005 1735 62 25 large
2083 1736 163 24 congregation,
2265 1736 44 19 and
2322 1735 65 21 much
2400 1736 34 20 in^

1908 1771 70 20 terest
1991 1772 20 19 is
2023 1772 57 20 evid<
2087 1773 50 24 ntly
2146 1771 72 24 ftaken
2232 1773 22 19 m
2269 1773 40 20 the
2322 1773 51 24 plan
2385 1780 48 19 pro-

1907 1807 74 26 posed.
2024 1808 46 20 The
2080 1814 44 14 rev.
2134 1809 128 25 gentleman
2272 1809 62 19 chose
2343 1809 35 19 his
2388 1811 46 21 text

1907 1844 58 21 from
1974 1845 105 21 Hebrews
2089 1851 19 19 x,
2120 1846 33 24 31,
2225 1846 20 20 is
2256 1853 14 13 a
2277 1846 83 21 fearful
2369 1846 64 27 thing

1907 1882 25 21 to
1941 1882 42 20 fall
1992 1882 47 21 into
2047 1882 40 21 the
2096 1882 71 20 hands
2183 1882 23 20 of
2214 1883 40 20 the
2263 1883 82 25 Living

1907 1919 52 20 The.
1971 1919 55 21 view
2041 1919 72 20 which
2127 1920 38 18 the
2177 1919 103 26 preacher
2295 1926 44 13 was
2354 1920 79 20 under-

1908 1956 63 20 stood
1983 1956 25 20 to
2023 1955 108 21 advocate
2143 1962 44 14 was
2201 1956 56 24 that,
2273 1956 65 20 while
2350 1956 82 20 Future

1908 1992 146 20 Punishment
2072 1992 19 20 is
2111 1994 38 19 not
2167 1993 118 20 incredible
2303 1994 71 19 under
2391 1994 39 19 the

1908 2030 145 24 government
2065 2029 24 19 of
2097 2035 15 13 a
2121 2028 50 21 God
2185 2029 24 20 of
2218 2029 66 24 Love,
2294 2030 21 20 it
2329 2030 20 19 is
2357 2036 75 14 never-

1908 2065 83 20 theless
2000 2065 108 25 improper
2117 2065 35 20 for
2161 2072 45 19 any
2218 2072 50 14 n>an
2283 2066 25 20 to
2319 2066 113 25 predicate

1908 2101 38 21 the
1956 2102 98 26 eternity
2063 2102 23 20 of
2099 2103 54 19 such
2162 2103 148 25 punishment,
2326 2103 108 20 consider*

1909 2139 39 25 ing
1957 2138 39 21 the
2004 2138 86 21 limited
2099 2140 80 19 nature
2188 2140 23 19 of
2220 2145 39 14 our
2268 2140 127 26 knowledge
2405 2146 28 14 on

1908 2176 10 19 t
1934 2182 12 13 c
1956 2176 92 26 subject.
2092 2176 47 20 The
2154 2182 86 15 sermon
2255 2182 45 14 was
2315 2178 59 19 most
2390 2176 43 21 elo-

1907 2213 71 25 quent
2004 2212 45 20 and
2075 2213 82 25 closely
2181 2213 112 24 reasoned,
2318 2213 45 20 and
2388 2220 45 14 was

1908 2249 17 20 li
1936 2249 11 21 t
1960 2249 42 21 ned
2011 2252 22 17 to
2042 2249 54 21 with
2105 2250 39 20 the
2153 2249 88 26 deepest
2251 2250 117 20 attention.
2410 2250 23 20 If

1908 2286 64 21 other
1988 2287 97 26 English
2103 2287 88 20 Church
2209 2287 110 21 ministers
2337 2293 56 15 were
2407 2294 26 15 as

1907 2323 133 26 thoughtful
2052 2324 45 19 and
2111 2324 102 19 cultured
2226 2330 25 13 as
2265 2324 38 19 the
2319 2325 75 19 curate
2409 2324 23 19 of

1908 2359 91 24 Oxford,
2009 2366 32 14 we
2051 2360 81 20 should
2141 2366 37 14 see
2188 2361 42 19 less
2242 2360 26 20 of
2274 2360 39 20 the
2322 2360 109 25 spectacle

1907 2395 24 20 ■f
1940 2396 27 20 ha
1975 2395 94 27 f-empty
2077 2396 118 20 Churches.
2239 2396 47 21 The
2296 2397 88 26 subject
2390 2403 41 14 an-

1907 2433 101 20 nouaced
2026 2433 35 20 for
2078 2434 129 19 to-morrow
2226 2433 101 26 evening,
2352 2434 25 19 at
2399 2434 32 22 St,

1907 2469 119 26 Andrew's,
2038 2470 57 20 East
2104 2470 90 25 Oxford,
2207 2470 20 20 is
2263 2470 56 20 How
2327 2476 32 14 we
2367 2470 65 20 know

1908 2508 38 21 the
1955 2508 64 20 Bible
2028 2509 25 19 to
2061 2508 28 20 be
2211 2507 35 21 No
2254 2507 70 21 doubt
2331 2508 47 20 this
2386 2507 46 21 will

1906 2545 61 20 draw
1979 2551 14 13 a
2002 2545 63 24 large
2077 2543 138 26 attendance,
2229 2550 25 14 as
2263 2544 20 20 it
2294 2544 41 20 has
2344 2544 40 20 not
2393 2545 39 24 yet

1906 2582 100 20 received
2015 2581 124 26 competent
2148 2581 121 20 treatment
2281 2580 24 21 m
2314 2580 90 21 Oxford.

1931 2624 164 20 Bs-Building
2108 2623 129 20 Amberley
2250 2623 104 20 Church.
2357 2634 28 4 —
2385 2623 39 20 Col

1905 2660 93 21 lections
2016 2660 46 20 will
2080 2660 26 20 be
2124 2660 63 19 made
2206 2662 127 17 to-morrow
2350 2660 23 19 m
2392 2660 38 19 the

1905 2697 109 26 Anglican
2024 2696 112 21 Churches
2145 2696 24 20 m
2178 2696 90 25 Oxford,
2280 2696 24 20 m
2313 2696 38 20 aid
2360 2696 23 20 of
2391 2696 40 20 the

1904 2734 57 20 fund
1969 2735 36 18 for
2013 2733 133 25 re-l>uilding
2162 2733 38 20 the
2209 2734 118 25 Amberley
2337 2733 93 24 Church,

1904 2771 71 19 which
1984 2777 44 13 was
2037 2770 116 24 destroyed
2161 2770 24 19 m
2197 2770 37 20 the
2243 2771 45 19 late
2298 2770 55 26 gale.
2383 2770 47 20 The

1905 2808 115 21 collection
2054 2807 74 20 which
2164 2808 45 19 will
2244 2808 28 19 be
2306 2808 68 20 taken
2400 2815 30 19 up

1905 2845 24 20 m
1948 2845 129 20 connection
2085 2844 56 21 with
2149 2844 39 21 the
2196 2844 139 21 Oddfellows'
2345 2845 86 20 Church

1906 2883 83 19 Parade
1999 2883 43 19 will
2052 2882 27 20 be
2088 2882 95 20 devoted
2191 2882 218 26 tothesainepurpos
2416 2888 10 14 \

1905 2919 84 21 Oxford
1997 2919 84 21 church
2091 2925 62 20 goers
2162 2919 52 22 will,
2229 2925 29 14 no
2266 2919 75 24 doubt,
2350 2919 57 20 ha/c
2416 2926 14 13 a

1902 2956 166 26 fellow-feeling
2078 2956 34 21 for
2126 2956 60 20 their
2200 2956 119 26 Amberley
2334 2956 91 24 friends,

1903 3001 25 14 as
1937 2994 54 25 they
2000 2994 57 19 have
2066 2992 96 21 suffered
2170 2992 58 19 from
2241 2999 14 13 a
2264 2993 83 20 similar
2356 2999 72 18 cause,

1905 3031 45 20 and
1958 3037 33 14 we
1999 3030 57 26 hope
2065 3030 55 25 they
2129 3029 45 21 will
2188 3029 94 26 respond
2290 3029 100 27 liberally
2405 3031 23 19 to

1905 3068 39 21 the
1960 3068 79 26 appeal
2056 3067 61 20 made
2129 3067 30 26 by
2171 3067 60 20 their
2245 3067 37 20 old
2294 3067 81 26 pastor,
2391 3067 38 21 the

1905 3105 53 20 Eev.
1965 3105 60 19 John
2035 3104 101 20 Sheldon.

1974 3192 248 26 MAGISTRATE'S
2239 3192 119 24 COURT.

1992 3259 163 25 THURSDAY,
2171 3260 98 21 October
2281 3262 63 20 24th.

1905 3323 88 27 [Before
2002 3324 64 21 John
2081 3324 93 20 Ingram
2186 3324 44 21 and
2245 3325 86 20 Wilson
2345 3325 85 27 Fishes,

2085 3356 72 22 Escs,
2169 3356 80 26 J.P.s.]
2416 3362 3 12 :

1931 3413 47 20 Tax
1995 3413 106 23 following
2119 3419 57 14 cases
2196 3419 51 14 were
2261 3413 64 21 heard
2343 3415 22 20 at
2386 3414 44 20 this

1904 3449 64 19 Court
1978 3455 27 14 on
2015 3449 110 25 Thursday
2134 3450 42 20 last
2184 3455 6 15 :
2192 3461 26 4 —

1932 3491 80 20 Robert
2029 3491 97 20 OsborV.e
2141 3498 43 14 w:i3
2204 3498 10 14 c
2216 3493 4 7 1
2230 3493 69 25 arged
2316 3493 55 20 with
2389 3493 42 20 dis-

1903 3526 93 27 turbing
2002 3527 38 20 the
2044 3527 114 22 Salvation
2167 3529 70 30 Ai?my
2241 3535 29 14 on
2275 3529 96 26 Sunday,
2379 3529 53 21 13th

1904 3563 97 20 October.
2030 3564 35 19 He
2075 3570 44 14 was
2134 3564 61 21 fined
2211 3567 37 19 20s
2264 3566 44 20 and
2324 3567 57 19 costs
2395 3567 37 19 lla

1904 3599 34 24 6d,
1950 3606 24 14 or
1983 3600 24 20 m
2016 3600 87 21 default
2112 3608 64 14 seven
2189 3602 60 26 dnys'
2258 3604 174 25 imprisonment,

1931 3641 81 20 Oxford
2032 3642 62 20 Road
2113 3644 71 19 Boar.l
2203 3651 22 13 v.
2245 3646 21 19 S.
2287 3646 112 21 Goodman
2406 3658 27 2 —

1903 3677 71 21 Claim
1983 3678 38 20 20s
2030 3685 85 15 arrears
2125 3680 25 20 af
2158 3681 66 24 rates..
2261 3682 126 22 Defendant
2397 3683 36 20 did

1902 3715 41 20 not
1960 3721 89 23 appear,
2070 3717 45 20 and
2129 3718 117 27 judgment
2261 3726 44 15 was
2322 3721 66 26 given
2403 3722 30 30 by

1903 3752 92 21 default.

626 53 124 24 )XFORD
785 54 67 25 AND
887 56 84 24 OUST
1007 56 186 28 OBSERVER,
1230 58 188 30 SATURDAY,
1453 61 153 25 OCTOBER
1640 61 39 27 26,
1715 62 71 24 1889.

774 168 285 34 PLANTS

747 206 53 19 FOE
816 206 32 19 feU
852 207 82 19 AIMER
947 207 52 20 FLO
1002 207 42 20 WE
1049 207 66 20 KING

668 259 88 24 HPHK
788 258 137 25 undersigned
948 260 61 19 offers
1030 260 36 20 the
1089 258 106 26 following

682 278 21 30 X
731 285 73 19 Plants
815 285 65 19 which
889 285 23 19 wi
922 286 7 19 1
936 286 45 23 give
990 292 12 13 a
1012 286 75 19 wealth
1097 286 22 19 of
1126 286 69 19 bloom

668 310 74 24 during
760 312 35 18 the
812 317 91 13 summer
922 312 92 20 months:
1019 324 18 2 —
1042 312 47 25 viz,
1107 311 88 20 Dahlias

668 336 64 20 p'">ow.
747 337 107 24 Pompom,
868 338 70 23 Single
948 338 41 19 and
1004 340 75 17 Cactus
1093 337 102 24 varieties,

668 361 206 26 Chrysanthemums,
883 364 102 24 Japanese
997 364 40 19 and
1046 364 87 19 Chinese
1139 363 55 19 vari-

668 396 56 14 cms,
745 389 107 22 Veibenas,
864 390 104 23 Petunias,
978 390 152 23 Pentstetnons,
1140 389 55 19 Mar-

668 415 94 22 {jueiites.
774 415 105 23 Fuchsias,
891 416 160 25 Pelargoniums.
1063 416 132 22 Geraniums,

668 442 77 23 Asters,
755 441 78 23 Stocks,
845 442 103 23 Lobelias,
966 442 65 20 Phlox
1047 441 147 25 Drummond'-,

668 468 31 24 4#
700 474 10 11 e
712 474 80 12 r>uums
799 468 138 19 Calceolarias
945 470 130 24 Heliotrope-s
1085 468 110 24 Marigolda

668 496 44 18 eLc,
728 496 37 16 etc.
800 494 124 18 Collections
934 496 21 16 of
968 494 80 20 Plants.
1058 494 28 25 5/-
1101 494 34 23 10/
1154 493 41 26 20/-

668 519 35 23 --40/
726 518 55 26 1(()/-
812 519 121 20 Purchasers
943 521 21 17 of
973 520 118 19 collections
1102 519 93 24 liberally

670 544 54 19 dealt
732 544 55 19 with.
798 545 53 19 Oa,ia
859 551 61 18 ogues
927 547 47 23 post
981 546 41 19 free
1032 551 24 13 oil
1068 545 127 26 application

828 582 85 19 NAIRN
929 582 54 19 AND
997 582 68 20 SONS

799 612 23 19 Fi
837 618 12 14 r
868 615 8 17 t
891 613 40 19 and
946 613 144 25 Nurserymen,

855 644 89 19 Lincoln
959 644 64 24 Road,
1039 643 155 21 Christchurch.

672 679 145 82 Tl~

751 757 66 29 High
830 756 85 27 Street,
938 755 59 24 East
1014 756 96 27 Oxford,

703 815 88 22 Dealer
802 815 24 22 m
839 813 56 29 Oils,
908 814 91 27 Colors,
1023 814 73 28 Lead,
1116 814 77 28 Glass,

672 848 84 26 Scrim,
770 848 46 21 and
827 854 70 23 every
909 848 67 29 thing
987 846 132 24 connected
1138 848 57 23 with

671 881 42 22 tlie
725 879 73 23 trade.

703 912 84 23 Direct
802 912 115 30 importer
929 911 26 24 of
964 910 205 32 Paperhangings.

736 972 14 21 5
759 977 43 22 per
813 971 54 22 cent
879 969 120 24 Discount
1011 969 36 24 for
1059 969 72 24 Cash.

737 1032 51 36 SL
809 1032 166 36 ANDREW'S
997 1031 129 37 CHURCH

811 1081 74 20 EAST
906 1081 124 20 OXFORD.

670 1144 122 39 Sunday
807 1144 130 38 evening
959 1144 65 29 Oct.
1043 1145 37 28 27
1108 1145 87 28 1889.

708 1218 103 32 BEY,
825 1218 47 30 H-
885 1216 259 37 WHaIaIAMS,

670 1277 146 30 Subject:
962 1286 46 19 we
1030 1276 91 29 know
1145 1276 50 30 the

750 1317 87 29 Bible
851 1321 31 24 to
896 1317 37 28 be

233 165 194 50 LOST

60 270 20 30 1
106 268 163 30 SADDLE
282 267 147 35 CLOTH,
442 268 134 29 between

52 298 38 47 Jf,
131 308 116 29 Oxford
262 308 58 28 and
337 307 138 29 Carleton
494 308 83 28 Kail-

50 360 68 27 way
141 349 141 35 Stations,
312 359 59 28 any
393 358 108 29 person
529 358 49 18 re-

49 389 127 38 turning
191 389 51 29 tlie
258 399 81 17 same
354 392 30 24 to
405 389 51 27 tlie
483 388 93 28 Office

52 428 33 29 of
96 428 58 30 tills
169 439 92 29 paper
275 428 61 29 Avill
352 428 36 30 be
403 428 161 30 rewarded.

96 500 141 48 pOR
322 499 136 49 gAL
482 500 24 28 E
529 524 5 4 .

63 614 22 41 |
104 612 122 29 FIRST
239 604 125 46 C£%|B
382 609 196 29 Harmonium

100 692 102 38 Apply
217 690 35 29 K.
268 691 83 28 office
363 690 30 28 o{
404 689 58 29 this
476 700 101 28 paper.

64 757 35 49 I.
127 757 63 48 o.
209 741 257 79 6vF.'#L,
490 755 65 49 U.

103 847 195 30 enUEGH
334 846 187 29 PAHADE

55 919 101 78 THE
183 919 149 30 Members
355 919 31 28 of
409 918 50 29 tlie
487 918 94 39 Loyal

144 960 52 28 Nil
226 959 225 39 Desperandum
475 959 106 37 Lodge

56 1010 50 19 are
125 1000 162 38 requested
310 1003 44 25 to.
366 1002 80 28 intee-t
474 1002 31 25 at
529 999 52 28 the

56 1039 84 30 West
156 1039 117 30 Oxford
297 1038 103 42 Lodge
431 1048 85 19 room
549 1042 31 25 at

57 1081 16 28 2
89 1091 27 28 p.
130 1091 39 18 m.
185 1091 39 18 on
240 1078 103 35 Sunday
343 1072 166 51 |jpctober
532 1079 46 35 27,

130 1121 52 28 the
209 1111 191 48 purpose^lf
424 1118 156 38 attending

57 1161 120 29 Church
201 1160 122 29 Parade.
337 1186 3 3 .
388 1178 3 3 •
391 1173 11 5 -

275 1210 29 29 J.
328 1209 154 35 LOUGH,
500 1208 78 29 N.G.

57 1283 173 31 OXFORD
273 1281 112 43 RyAD
425 1279 153 30 BOARD.

162 1347 318 44 TENDERS.

65 1417 19 27 I
96 1413 53 30 RE
161 1413 112 29 invited
293 1413 48 28 for
355 1413 52 27 the
427 1411 154 38 following

56 1443 40 49 11,
129 1455 99 29 works
228 1470 41 4 —
284 1453 139 38 Clearing
439 1451 142 39 Cuttings

57 1502 31 22 at

99 1546 125 38 Putting
238 1545 33 28 m
284 1544 66 34 foxd
366 1542 57 40 on'
423 1542 96 40 Depot
534 1543 49 28 Rd

59 1588 61 28 and
131 1597 56 18 one
202 1597 37 18 on
256 1585 94 29 South
365 1584 81 39 Eyre
462 1584 93 28 Road.

99 1637 129 38 Cutting
246 1636 95 29 Gorse
367 1635 59 27 and
450 1634 133 38 clearing

59 1677 124 39 Shingle
198 1681 54 24 out
266 1676 31 28 of
313 1676 91 28 about
417 1675 47 27 six
479 1674 104 28 chains

58 1718 119 28 Fishers
195 1716 100 29 Drain.

100 1758 125 37 Carting
240 1756 59 29 and
315 1754 162 40 spreading
492 1755 92 27 about

59 2020 69 19 seen
143 2015 30 23 at
184 2010 50 28 the
256 2009 83 29 Road
367 2008 96 29 Board
488 2008 95 28 Office

60 2050 126 34 Oxford,
208 2051 100 27 where
329 2049 120 28 tenders
466 2048 59 28 will
545 2048 37 28 be

59 2090 136 29 received
219 2100 40 28 up
285 2093 30 25 to
343 2089 87 28 10.30
449 2098 69 18 am.
543 2097 38 19 on

56 2130 193 39 Wednesday
264 2128 170 30 November
449 2128 28 34 6,
494 2128 85 28 1889.

162 2179 137 31 JAMES
322 2178 170 36 SHARPE,

237 2230 90 30 Clerk
348 2234 31 24 to
400 2230 51 28 the
474 2229 106 28 Board.

77 2303 313 54 Wednesday
424 2301 139 43 Half-

208 2370 225 54 Holiday.

56 2459 47 22 HP
112 2459 25 22 H
146 2459 22 22 E
209 2457 215 24 tindermentioned
464 2456 119 24 Business

70 2493 20 14 -*-
141 2499 80 22 jooMio
233 2499 14 14 o
273 2489 86 24 Jxt'ord
379 2489 61 24 have
452 2489 87 30 agreed
557 2493 25 20 to

56 2528 104 25 GLJ.iA
183 2528 62 24 taeir
256 2528 79 30 places
346 2526 26 24 of
386 2526 110 25 business
510 2535 71 22 every

57 2566 223 27 WEDNESDAY,
294 2566 24 21 at
331 2565 76 27 Noon,
417 2565 166 29 commencing

57 2603 131 24 November
200 2603 42 23 Gth
255 2611 5 13 :
261 2616 33 3 —

186 2650 38 24 W.
242 2650 84 27 Munn,

187 2688 27 23 A.
232 2688 27 22 P.
278 2687 132 28 Pkiciiaud,

186 2725 31 23 G.
236 2724 27 23 T.
281 2723 86 31 JoNIiS,

188 2762 29 24 R.
236 2762 101 26 FISHEIt,

188 2799 79 23 James
284 2798 97 28 Buown,

187 2837 62 24 Mbs.
268 2837 60 26 Lee,

188 2874 32 23 H.
239 2873 24 24 J.
282 2873 106 28 Laming,

187 2912 29 23 R.
235 2911 32 24 H.
285 2911 99 26 Parish,

190 2949 22 23 J.
231 2949 124 26 Dempsey,

188 2987 29 23 F.
235 2986 29 24 A.
282 2986 149 26 Waterman,

188 3023 27 22 C.
233 3023 33 22 H.
285 3022 139 26 Thompson,

190 3059 24 24 J.
233 3060 29 23 R.
281 3058 131 28 Allpkess,

190 3097 30 24 G.
242 3096 86 25 Siiith,

188 3135 24 23 J.
231 3135 22 23 J.
271 3134 121 24 Wbeber.

308 3212 36 24 P>

106 3316 61 36 rf\
306 3316 37 37 H-5
430 3318 29 31 O
541 3324 31 32 yL

539 3348 34 40 A

75 3411 92 32 Cvc^?
179 3421 37 22 m
259 3417 19 26 S
539 3421 32 22 r\

85 3419 138 73 >ssfiL
258 3435 20 49 §
305 3419 36 67 S
376 3472 19 16 ,
428 3421 143 55 «^Q

207 3623 23 69 \
303 3645 37 37 o
