2490 3830
141 171 333 39 CRICKET

155 241 115 19 OXFORD
286 242 17 18 V
329 239 71 19 CAUL
405 237 68 21 ETON.

82 295 53 19 This
146 293 70 21 match
230 300 41 12 was
282 292 71 25 pla\cd
372 291 20 18 m
405 288 111 21 Mitchell's
532 286 49 25 pad-

57 331 51 21 dock
118 338 26 13 on
156 330 102 24 Saturday
269 329 107 20 afternoon
392 327 46 21 lust,
449 324 99 23 resulting
559 323 22 19 m

57 376 13 14 a
80 370 39 19 win
129 370 31 18 for
171 367 33 20 the
214 367 75 18 former
296 364 27 23 by
332 364 47 18 four
388 362 88 20 wickets.
504 360 77 20 Oxford

57 408 54 19 went
121 408 22 17 to
153 404 34 19 the
197 402 81 20 wickets
294 401 51 21 first,
355 401 43 21 but,
408 398 50 20 with
468 397 34 20 the
512 402 69 19 excep-

58 444 44 19 tion
119 442 21 19 of
150 440 31 19 W.
198 438 57 25 Ryde
271 436 47 26 (34),
336 441 54 14 none
406 436 21 18 of
437 436 35 18 the
488 436 94 17 batsmen

58 484 51 14 were
118 477 46 19 able
179 477 21 18 to
210 477 49 21 cotye
275 472 49 19 with
334 472 35 19 the
385 470 95 25 splendid
494 470 88 23 bowling

58 515 21 18 of
97 513 86 20 O'Hara
200 509 43 20 and
264 509 93 18 Mussen.
390 507 44 18 The
456 505 83 23 fielding
562 504 21 20 of

59 550 35 19 the
113 548 96 20 Carleton
228 547 54 17 team
302 550 41 13 was
360 549 47 19 very
425 543 61 23 loose,
500 548 27 13 no
543 542 40 19 less

59 586 52 20 than
122 585 23 19 19
153 583 48 25 byes
211 582 61 23 being
280 580 77 19 scored.

85 621 97 19 Carleton
191 618 23 19 m
224 617 53 20 their
292 616 46 20 first
347 615 86 25 innings
445 620 53 14 were
507 613 29 21 all
545 613 37 19 out

59 658 32 19 for
111 658 32 22 27,
163 655 35 19 the
218 653 87 24 bowling
322 653 22 18 of
359 651 24 20 G.
403 651 41 19 and
463 651 33 19 W.
519 650 62 24 Ryde,

59 694 43 20 and
111 693 35 19 the
155 691 77 19 wicket-
237 690 85 24 keeping
331 688 21 19 of
369 688 73 18 Brown
452 686 86 25 proving
548 688 35 17 too

59 730 54 26 good
122 730 31 19 for
163 728 63 19 them.
252 725 57 24 They
322 724 43 20 had
380 726 23 17 to
411 723 113 20 follow-on,
540 720 43 20 and

59 764 103 26 managed
171 766 21 17 to
202 764 37 25 put
249 762 92 24 together
355 761 26 19 83
390 764 50 15 runs
452 759 67 19 before
534 757 49 24 they

59 808 53 15 were
122 802 28 19 all
160 794 96 29 disposed
264 798 28 19 of.
320 797 61 18 Cro-s
392 796 49 24 (37),
449 794 41 19 and
498 794 85 18 Mussen

62 839 49 25 (18),
120 842 51 15 were
181 836 35 19 the
225 834 82 24 highest
317 837 83 18 scorers,
439 830 45 18 The
498 828 85 23 fielding

61 874 22 19 of
93 873 35 20 the
138 870 76 23 Oxford
225 871 55 19 team
291 874 40 14 was
341 867 114 22 first-class,
473 864 49 24 and,
534 863 50 20 with

61 917 13 14 a
84 910 53 20 little
147 914 55 14 more
212 906 94 25 practice,
320 904 48 24 they
383 902 75 19 should
466 902 25 18 be
500 900 45 20 abla
562 902 22 17 to

55 946 56 22 .hold
120 945 54 20 their
185 949 46 14 own
241 941 50 20 with
306 946 41 17 any
356 939 22 19 of
388 938 35 19 the
439 936 62 21 Clubs
511 936 22 19 m
549 935 35 20 the

58 983 90 21 district.

88 1017 84 24 Oxford,
188 1015 104 25 requiring
308 1013 26 21 37
343 1017 50 14 runs
409 1012 22 19 to
440 1011 47 21 win,
498 1010 54 19 went
560 1008 23 19 m

60 1056 34 20 for
112 1055 53 21 their
183 1052 75 21 second
277 1050 91 23 innings,
390 1046 43 21 and
455 1045 71 20 scored
548 1044 35 20 the

59 1096 109 19 necessary
178 1088 85 21 number
272 1086 50 19 with
329 1085 35 20 the
371 1084 42 19 loss
423 1083 21 19 of
454 1083 32 19 six
493 1081 89 23 wickets,

60 1128 50 20 thus
118 1126 92 24 winning
219 1130 23 14 as
252 1123 66 19 stated
329 1121 66 20 abuve.

88 1164 44 20 The
141 1161 104 23 following
254 1165 35 14 are
303 1159 34 19 the.
346 1163 68 14 scores
420 1161 33 15 :—

272 1196 92 19 Oxfoku.

111 1232 33 19 Ist
152 1229 95 23 Innings.
406 1224 41 19 2nd
458 1220 96 25 Innings.

137 1268 11 13 c
157 1261 73 18 Cowen
298 1272 22 6 ...
347 1256 13 20 0
387 1261 10 13 c
408 1254 85 20 Mussen
517 1266 23 6 ...
568 1251 12 20 9

56 1293 82 22 Brown,
149 1293 13 18 b
172 1290 83 20 OTlara
299 1303 22 6 ...
348 1288 13 19 0
388 1286 12 19 b
410 1286 84 19 O'Hara
519 1297 22 7 ...
569 1283 12 18 3

58 1325 24 18 G.
92 1324 63 23 Ryde,
169 1323 10 17 L
191 1322 82 18 Oiiara
301 1333 22 6 ...
352 1319 13 19 0
392 1317 12 19 b
414 1317 84 18 Mussen
519 1328 22 6 ...
571 1314 12 17 2

57 1355 103 23 W.ltydc.
172 1353 12 19 h
193 1352 86 20 O'Hara
299 1350 64 21 ...34
389 1347 13 20 b
412 1347 84 20 O'Hara
520 1360 21 6 ...
571 1345 11 20 9

56 1385 78 20 Bluett,
146 1387 11 16 i.
169 1384 82 20 U'Hara
300 1396 23 6 ...
351 1381 13 19 0
391 1381 37 17 not
437 1380 36 18 out
520 1391 23 6 ...
571 1377 8 19 1

56 1417 81 22 Daliey,
148 1422 11 12 o
170 1415 82 19 O'flara
301 1427 22 5 ...
352 1413 12 18 6
390 1410 14 20 b
412 1410 84 20 O'llara
520 1423 23 6 ...
570 1409 14 19 0

57 1448 49 22 Dee,
118 1447 12 18 b
145 1446 85 19 Mussen
299 1457 23 6 ...
351 1443 9 19 1

56 1479 86 23 Reston,
154 1478 12 18 b
176 1476 83 19 O'Hara
291 1488 27 7 .....
348 1474 10 18 1
386 1475 39 18 not
439 1472 36 20 out
519 1485 23 6 ...
571 1471 10 19 1

54 1511 63 22 JPeez,
125 1509 12 19 b
148 1509 84 19 Mussen
298 1520 22 5 ...
343 1505 19 20 .5

56 1542 123 21 Parkinson,
190 1540 36 18 not
237 1538 39 20 out
299 1552 22 6 ...
348 1537 14 19 4
388 1535 13 21 b
411 1535 83 21 O'Hara
520 1549 23 6 ...
571 1534 11 20 1

54 1573 117 23 .Harbidge,
181 1571 12 19 b
204 1570 83 19 O'Haia
350 1568 12 19 i

110 1604 76 19 Extras
220 1599 39 23 ...•'■•
298 1600 64 22 ....19
560 1598 23 19 11

161 1664 62 21 Total
294 1678 26 7 ..
336 1663 26 20 74
442 1676 23 7 ....
521 1674 23 7 ...
557 1660 28 22 3.7

221 1695 56 20 Gran
285 1695 7 18 1
303 1694 68 22 Total,
382 1693 44 21 111.

262 1732 117 19 O.UILETOK.

111 1766 33 19 Ist
153 1764 94 23 Innings.
409 1759 42 21 2nd
459 1758 96 25 Inriinga.

56 1798 132 21 Dohrniann,
202 1795 12 19 b
226 1793 97 24 W.Byde
351 1794 11 18 9
390 1794 19 17 st
418 1791 75 19 Brown
520 1805 23 5 ...
571 1791 14 18 0

58 1830 82 22 Cowen,
157 1827 48 19 bG.
215 1826 57 24 Ryde
300 1840 23 5 ...
350 1825 14 20 0
390 1829 10 14 c
414 1824 78 19 Keston
522 1836 21 5 ...
572 1823 12 19 i

57 1860 88 23 Winter,
160 1863 40 15 run
211 1858 36 18 out
302 1871 23 5 ...
348 1855 17 19 .0
392 1853 47 20 bG.
448 1852 58 26 Hyde
521 1867 22 6 ...
571 1852 14 19 2

56 1892 80 21 Carter,
151 1890 54 21 bW,
214 1888 58 24 Ryde
300 1901 22 6 ...
350 1888 12 17 3
390 1886 12 18 b
413 1885 60 19 Weld
520 1898 23 6 ...
571 1885 13 18 6

57 1923 94 23 Stirling,
161 1921 55 19 bW.
225 1919 59 25 iSyde
299 1933 23 5 ...
352 1918 9 19 1
390 1917 60 19 l.b.w.
520 1929 23 6 ...
571 1915 14 19 0

56 1956 69 21 Oroas,
136 1952 54 20 bW.
200 1951 58 24 Eyde
299 1965 22 4 ...
349 1949 13 19 0
390 1948 47 19 bG.
447 1946 56 26 Ryde
521 1961 22 5 ...
558 1946 26 20 37

57 1986 90 21 O'Hara,
156 1989 11 14 c
177 1983 50 19 Peez
301 1994 23 6 ...
352 1979 12 19 5
392 1981 19 18 st
421 1979 73 19 Brown
521 1991 22 6 ...
571 1977 14 19 0

58 2017 92 22 Musson,
160 2020 11 14 c
183 2013 41 20 Dee
299 2026 22 6 ...
349 2012 13 19 0
389 2012 37 17 not
436 2011 37 18 out
521 2022 23 7 ...
560 2008 24 19 18

57 2048 118 24 Gingavan,
191 2052 11 12 c
218 2044 31 20 W.
266 2043 59 25 Ryde
351 2043 13 19 5
390 2042 49 19 bG.
450 2040 56 26 Hyde
522 2054 23 6 ...
567 2040 18 20 <5

56 2080 59 21 Parr,
125 2085 40 12 run
175 2079 36 17 out
352 2075 12 18 2
390 2080 12 13 c
411 2073 73 24 Daliey
522 2085 23 7 ...
571 2071 14 19 5

53 2109 95 23 .Church,
163 2111 36 16 not
209 2110 35 17 out
298 2120 23 5 ...
351 2106 13 19 0
390 2111 40 13 ran
440 2105 37 18 out
521 2117 23 5 ...
571 2102 14 19 2

110 2140 77 20 Extras
221 2146 7 11 .■
350 2137 13 19 2
558 2134 28 40 jl

163 2190 62 20 Total
299 2203 22 5 ...
336 2189 26 19 27
559 2186 26 19 83

217 2220 71 20 Grand
298 2220 67 23 Total,
377 2219 44 20 110.

82 2279 20 18 A.
118 2276 70 20 match
205 2274 42 20 will
263 2274 24 19 be
305 2273 74 24 played
395 2273 23 18 at
426 2271 14 19 2
449 2270 77 20 o'clock
542 2269 43 19 this

57 2314 115 21 afternoon,
188 2311 90 19 between
295 2309 102 20 members
413 2307 20 20 of
450 2307 35 20 the
506 2306 76 20 Oxford

57 2351 60 22 Club,
128 2351 58 18 when
202 2348 54 19 sides
266 2346 41 20 will
317 2346 24 19 be
357 2346 77 19 chosen
445 2344 26 24 by
481 2343 35 20 the
532 2342 52 25 Cap-

55 2388 47 19 tain
113 2386 42 21 and
169 2385 112 23 Secretary.
322 2382 44 19 The
381 2381 105 24 following
503 2379 41 20 will
560 2379 25 19 be

58 2423 36 20 the
104 2423 93 25 players:
206 2419 126 26 -Captain's
339 2419 46 19 side
393 2425 5 13 :
419 2418 33 19 W.
462 2415 64 26 Kyde,
537 2415 49 28 Dee,

56 2459 130 21 Henderson,
202 2457 110 24 Dempsey,
327 2455 127 25 Thompson,
470 2453 112 23 Harbidge,

55 2495 125 21 Parkinson,
197 2494 88 23 Hooper,
302 2492 41 19 and
360 2490 115 21 Pritchard.
517 2489 68 20 Secre-

58 2532 64 25 tary's
132 2531 44 19 side
183 2535 5 14 :
210 2530 25 19 G.
254 2530 25 18 R\
285 2528 30 25 de,
334 2528 81 23 Brown,
436 2527 74 22 Bluett,
520 2524 66 27 Weld,

56 2569 88 22 Reston,
151 2567 80 24 Daliey,
242 2566 75 23 Smith,
331 2566 71 20 Luers,
411 2563 42 21 and
463 2564 82 18 Reeves.

83 2610 23 19 It
115 2609 18 19 is
143 2608 95 20 lutnored
251 2608 47 18 that
313 2607 145 23 arrangments
474 2610 34 14 are
526 2603 59 25 being

58 2647 61 19 made
129 2646 31 18 for
171 2650 12 14 a
192 2645 92 17 costume
301 2642 70 20 match
390 2644 20 17 to
425 2641 47 20 take
488 2640 58 24 place
556 2645 27 14 on

54 2684 37 19 ■St.
101 2681 105 21 Andrew's
218 2680 50 24 Day.
310 2680 29 19 As
350 2679 42 18 this
403 2678 41 19 will
461 2676 24 21 be
495 2675 36 20 the
539 2675 46 20 first

58 2726 40 14 one
107 2725 46 14 ever
161 2717 47 20 held
218 2716 22 19 m
252 2716 33 19 the
296 2715 85 24 district,
399 2720 26 14 no
435 2714 64 20 doubt
508 2713 17 20 it
541 2712 42 20 will

56 2762 63 20 prove
129 2762 14 12 a
151 2755 58 24 great
218 2753 118 19 attraction.

231 2827 188 25 CARLETON.

85 2902 61 19 Some
157 2899 58 19 short
226 2897 50 19 time
286 2903 38 18 ago
334 2896 35 20 the
375 2895 100 20 residents
484 2895 21 19 of
515 2894 68 20 Carle-

54 2940 39 19 ton
103 2935 83 22 decided
196 2935 46 19 that
252 2940 26 13 an
295 2934 60 19 effort
364 2931 76 21 should
451 2931 24 19 be
485 2931 60 20 made
561 2932 21 18 to

56 2980 87 21 procure
152 2980 13 12 a
174 2978 44 13 new
228 2977 70 19 organ,
315 2975 24 14 as
349 2969 35 20 the
392 2974 70 19 young
472 2968 47 24 lady
536 2966 45 21 who

55 3018 24 13 so
98 3010 71 24 kindly
188 3011 45 17 acts
251 3014 23 13 as
291 3007 93 23 organist
400 3006 32 19 for
447 3005 35 19 the
498 3004 83 20 Church

54 3048 88 19 services
153 3045 60 26 (Miss
227 3045 52 18 Kate
289 3041 131 25 Dohrmann)
434 3040 61 20 could
505 3042 36 17 not
557 3039 24 19 be

54 3083 98 26 expected
163 3084 21 17 to
195 3081 87 24 perform
294 3085 46 19 very
356 3077 62 20 much
430 3078 69 24 longer
508 3083 27 13 oh
547 3076 34 20 the

53 3119 128 27 dilapidated
191 3119 126 19 instrument
328 3116 65 19 which
404 3116 38 19 has
453 3115 48 19 been
514 3116 20 17 m
545 3119 36 14 use

54 3159 23 19 m
85 3157 75 20 School
173 3161 22 14 so
207 3161 61 17 many
275 3159 66 19 years.
375 3152 18 19 A
402 3152 63 19 social
476 3157 41 13 was
527 3150 53 23 held,

53 3194 67 20 which
138 3191 88 24 brought
236 3191 22 18 m
276 3196 11 12 a
300 3189 52 19 little
367 3194 75 19 money
452 3188 32 18 for
498 3193 12 13 a
519 3188 61 21 start,

53 3231 41 19 and
112 3230 49 20 then
178 3229 35 19 the
230 3227 81 19 district
327 3232 42 13 was
385 3224 112 20 canvassed
511 3224 26 24 by
548 3223 32 19 Mr

53 3269 29 19 H.
95 3268 95 20 Steffens.
232 3265 43 19 The
285 3265 81 23 request
381 3263 30 19 for
428 3260 151 26 subscriptions

52 3312 42 13 was
105 3302 114 25 responded
230 3303 21 17 to
261 3307 23 12 so
296 3300 92 23 liberally
406 3298 45 19 that
462 3297 36 19 the
509 3297 69 23 Organ

56 3340 125 21 Committee
190 3339 52 19 have
253 3337 61 20 iunds
326 3337 22 19 m
365 3335 69 20 hands
443 3334 71 24 nearly
524 3333 56 19 suffi-

49 3378 58 20 xjienl
118 3378 21 18 to
149 3375 100 27 purchase
259 3381 11 12 a
286 3380 43 12 new
347 3378 70 19 organ.
460 3371 43 19 The
519 3370 60 19 Com-

52 3416 72 19 mittee
141 3413 120 26 (consisting
272 3411 21 20 of
310 3411 75 18 Messrs
396 3409 95 20 Steffens,
509 3406 71 24 Little,

52 3451 121 23 Woodfield,
188 3450 68 22 Cross,
267 3448 41 20 and
324 3448 21 19 J.
357 3446 134 25 Dohrmann)
510 3443 47 21 held
567 3450 13 14 a

53 3489 90 23 meeting
160 3494 27 13 on
208 3486 104 24 Saturday
334 3485 47 22 last,
405 3485 22 18 to
449 3481 75 21 receive
548 3481 33 19 Mr

53 3525 131 19 "Woodfield's
206 3526 74 21 lvport,
301 3522 47 19 ihat
367 3521 118 24 gentleman
504 3517 77 24 having

53 3562 50 19 been
113 3560 112 26 appointed
235 3561 21 18 to
267 3559 60 19 select
338 3563 26 14 an
375 3555 132 21 instrument.
548 3553 32 25 By

53 3599 33 21 his
103 3599 76 23 advice,
199 3598 36 19 the
249 3596 124 20 ComruittHe
389 3592 72 26 agreed
479 3594 21 19 to
509 3591 49 21 wait
569 3598 12 13 a

54 3638 58 18 short
122 3636 50 19 time
183 3634 52 19 until
247 3634 35 18 the
292 3632 75 19 arrival
385 3631 20 19 o£
416 3636 12 14 a
438 3630 107 24 shipment
560 3628 21 18 of

53 3678 75 19 organs
144 3671 67 20 which
228 3676 41 13 was
289 3668 103 25 expected,
409 3667 68 20 before
496 3664 85 24 making

56 3709 53 21 their
119 3709 76 19 choice.

79 3751 19 18 A
114 3749 90 23 meeting
213 3753 40 14 was
269 3746 48 20 held
327 3747 22 18 at
366 3745 34 19 the
417 3744 97 19 Carleton
525 3742 53 21 Hull

673 173 26 14 on
710 167 120 25 September
841 166 55 22 19th,
912 166 32 20 for
953 166 35 20 the
1005 173 88 19 purpose
1103 169 22 19 of
1140 169 61 19 elect-

672 204 36 25 ing
726 211 13 13 a
750 204 50 20 Hall
817 202 124 22 Committee
952 202 33 20 for
1000 202 37 21 the
1046 205 88 25 ensuing
1142 211 56 18 year.

671 240 32 20 Mr
712 240 71 23 Little,
793 240 35 20 the
843 239 121 21 Chairman,
980 241 108 23 presented
1105 246 13 14 a
1134 242 65 20 state-

670 279 58 17 ment
737 277 23 19 of
770 277 105 21 accounts,
892 274 67 21 which
969 281 43 14 was
1021 275 120 21 considered
1151 282 48 20 very

670 312 140 25 satisfactory.
853 311 43 20 The
913 310 106 26 following
1033 317 51 15 were
1093 312 77 21 eleoted
1176 318 24 15 as

671 349 35 20 the
716 355 43 13 new
774 348 125 20 Committeo
907 353 5 15 :
918 347 100 21 —Messrs
1034 347 71 26 Little,
1121 349 80 23 Carter,

670 385 64 23 Bead,
743 385 69 21 Cross,
822 384 42 20 and
873 385 96 19 Bennett.
998 383 33 19 Mr
1044 383 64 21 Little
1117 390 42 14 was
1168 390 31 14 re-

671 420 77 21 elected
770 420 121 24 Chairman,
915 419 42 20 and
980 425 13 15 a
1015 418 74 26 hearty
1109 422 47 19 vote
1178 421 23 20 of

672 457 76 21 thanks
759 463 40 14 was
809 456 99 21 accorded
923 457 22 19 to
953 456 46 20 him
1014 456 26 25 by
1057 456 36 20 the
1108 456 91 26 meeting

671 494 33 19 for
720 493 36 21 the
772 498 48 19 very
837 492 46 21 able
898 497 89 15 manner
1001 491 24 21 m
1042 491 68 21 which
1126 491 26 21 he
1161 492 40 20 has

672 529 79 21 carried
763 529 37 20 out
816 529 34 20 his
868 528 68 21 duties
954 533 24 15 as
994 527 114 22 Chairman
1125 528 23 21 of
1165 528 36 21 the

673 566 49 21 Hall
738 565 124 22 Committee
877 565 33 20 for
925 564 32 20 six
972 569 66 20 years.
1078 564 20 21 A
1115 566 47 19 vote
1180 565 21 20 of

672 602 78 20 thanks
773 604 22 18 to
818 602 35 20 the
875 602 42 19 late
939 600 126 22 Committee
1090 606 42 16 was
1155 601 46 21 also

672 637 82 26 passed,
767 637 42 21 and
820 637 34 21 the
863 637 92 25 meeting
964 637 122 25 adjourned.

860 702 95 25 CUST.

698 762 100 21 Cricket
807 761 95 28 practice
908 761 20 22 is
937 762 69 27 being
1014 762 120 27 proceeded
1139 761 60 26 with,

671 793 39 20 the
725 794 95 25 genuine
840 793 118 20 cricketers
971 794 83 26 kaving
1068 794 42 26 put
1127 794 25 19 m
1170 799 29 14 an

671 830 136 20 appearance
817 824 113 26 regularly
938 824 82 26 during
1026 825 40 19 the
1075 825 51 25 past
1131 825 68 23 week,

671 855 86 26 though
767 855 39 21 the
816 855 96 21 weather
924 855 41 20 has
980 856 41 20 not
1033 855 56 21 been
1103 855 63 26 quite
1178 855 24 21 of

671 886 39 21 the
720 886 55 21 best.
819 887 54 20 This
887 887 117 20 afternoon
1021 887 63 20 there
1098 887 46 20 will
1153 888 27 20 be
1190 894 14 14 a

671 918 74 20 match
763 918 79 26 played
858 917 95 21 between
1145 919 58 19 sidea

673 949 56 19 from
743 954 80 20 among
832 949 40 19 the
884 949 108 20 members
1002 949 23 19 of
1034 949 40 20 the
1089 949 62 24 Club,
1163 949 41 21 but

673 979 171 26 unfortunately
853 985 43 15 one
904 985 27 14 or
940 980 44 19 two
998 980 22 19 of
1029 982 39 17 bur
1077 980 128 26 prominent

674 1010 88 26 players
772 1010 46 20 will
827 1011 28 20 be
870 1010 150 26 unavoidably
1028 1011 86 21 absent.
1157 1011 47 21 The

672 1043 55 19 rank
736 1043 45 19 and
790 1042 36 20 file
835 1048 39 14 are
890 1043 90 25 making
995 1043 152 20 considerable
1160 1043 44 19 im-

671 1074 135 25 provement,
818 1074 106 24 however,
940 1074 45 19 and
999 1074 106 26 qualified
1118 1074 81 26 judges

672 1105 87 26 predict
767 1111 29 13 an
806 1105 150 25 encouraging
965 1111 77 13 season
1051 1105 36 20 for
1095 1111 41 13 our
1145 1105 57 21 Club

673 1142 23 14 as
715 1142 54 14 soon
787 1142 26 14 as
828 1142 33 14 we
877 1136 64 25 begin
956 1142 41 14 our
1009 1143 57 13 wars
1081 1137 24 20 of
1114 1137 88 26 foreign

673 1167 133 26 aggression.

699 1203 22 20 It
740 1203 18 19 id
769 1203 105 21 intended
887 1204 24 20 to
920 1203 54 21 hold
989 1210 29 14 an
1031 1204 172 21 entertainment

671 1235 23 20 of
707 1243 14 13 a
730 1242 55 20 very
799 1236 99 27 superior
914 1236 115 21 character
1042 1237 24 20 m
1077 1237 38 21 aid
1127 1238 25 20 of
1161 1238 39 20 the

672 1267 57 21 fund
737 1268 36 20 for
781 1268 113 26 repairing
902 1268 38 20 the
950 1268 107 22 Institute
1066 1269 60 21 Hall.
1156 1269 48 21 The

671 1299 52 20 date
736 1299 19 20 is
764 1300 41 19 not
818 1301 39 24 yet
867 1299 111 25 definitely
988 1300 66 25 fixed,
1072 1300 43 21 but
1122 1307 33 14 we
1167 1305 38 15 are

671 1330 110 21 informed
790 1330 52 21 that
854 1330 19 21 it
882 1330 20 21 is
918 1330 69 26 likely
999 1331 24 21 to
1036 1331 52 21 take
1104 1331 62 27 place
1179 1331 24 21 m

673 1361 42 21 five
725 1368 25 14 or
759 1362 34 20 six
804 1362 76 20 weeks'
893 1363 60 20 time.
980 1362 36 20 Mi
1025 1363 27 20 A.
1063 1363 89 25 Searell,
1165 1368 39 16 our

671 1393 138 20 well-known
832 1393 114 25 musician,
971 1393 20 21 is
1010 1394 148 24 endeavoring
1178 1395 25 20 to

672 1424 101 25 organise
788 1430 15 15 a
821 1425 65 20 small
900 1431 107 21 company
1023 1426 24 19 to
1055 1424 101 28 (perform
1174 1431 30 15 an

672 1456 106 26 operetta,
790 1456 44 20 and
837 1456 23 20 it
868 1456 20 21 is
895 1456 106 27 probable
1007 1457 53 20 that
1069 1457 28 21 he
1104 1457 44 20 will
1159 1456 46 22 find

672 1486 61 21 little
743 1486 106 27 difficulty
858 1486 24 22 m
893 1488 89 26 getting
999 1488 87 26 singers
1094 1489 58 20 from
1165 1489 39 21 the

673 1519 67 20 ranks
750 1519 23 20 of
781 1525 42 14 our
831 1519 110 21 excellent
952 1519 57 21 local
1018 1521 119 21 amateurs.
1181 1521 25 21 It

672 1550 19 21 is
700 1551 24 20 to
733 1551 28 20 be
771 1551 72 26 hoped
852 1551 52 21 that
913 1552 34 20 Mr
964 1552 87 20 Searell'
1053 1558 11 14 s
1073 1553 77 20 efforts
1159 1553 47 20 will

673 1582 26 21 be
709 1582 123 26 responded
841 1584 30 24 to,
881 1589 25 14 as
923 1583 55 20 such
987 1589 29 16 an
1033 1584 173 21 entertainment

672 1613 73 22 would
760 1615 27 21 be
806 1615 63 27 quite
888 1622 15 13 a
920 1615 126 27 refreshing
1064 1616 95 27 novelty
1181 1617 24 20 m

672 1646 61 25 Cust,
750 1646 86 21 besides
855 1646 112 26 affording
985 1647 126 20 unrivalled
1129 1654 76 20 oppor-

675 1678 93 21 tunities
785 1678 35 21 for
832 1678 125 27 improving
971 1685 40 14 our
1027 1679 93 20 musical
1133 1679 72 21 know-

673 1709 73 26 ledge.
791 1709 24 20 It
833 1709 20 20 is
870 1709 110 26 proposed
997 1711 24 19 to
1039 1710 104 21 conclude
1166 1711 39 21 the

673 1740 177 21 entertainment
859 1740 54 21 with
919 1747 15 14 a
937 1741 109 21 dramatic
1050 1742 155 27 performance,

673 1772 39 19 the
721 1773 157 25 arrangement
887 1772 24 20 of
923 1772 72 21 which
1004 1772 42 21 has
1054 1773 56 21 been
1123 1773 82 21 under-

673 1802 68 22 taken
752 1803 28 26 by
788 1803 38 21 Mr
834 1803 30 21 H.
873 1803 20 21 J.
904 1803 96 21 Horrell.
1030 1804 37 21 We
1077 1805 94 21 venture
1180 1805 24 21 to

673 1836 93 24 suggest
774 1836 52 19 that
835 1835 37 20 the
881 1836 121 27 managing
1018 1836 131 21 Committee
1157 1837 47 20 will

673 1866 28 20 do
715 1866 51 20 well
783 1867 30 20 to'
821 1866 70 21 select
906 1873 13 13 a
932 1867 66 26 night
1014 1867 35 20 for
1063 1867 60 21 their
1133 1869 72 19 enter-

673 1897 110 21 tainment
792 1898 64 21 when
865 1898 108 21 residents
986 1899 22 20 m
1018 1899 85 21 Oxford
1112 1900 46 20 and
1166 1900 39 20 the

673 1928 165 25 neighborhood
861 1930 43 20 will
926 1930 27 20 be
973 1930 50 21 able
1040 1932 26 19 to
1084 1931 64 20 shate
1165 1932 40 21 the

674 1961 128 25 enjoyment
816 1961 23 19 of
854 1961 60 20 their
929 1961 84 21 friends
1028 1963 26 20 at
1073 1963 61 24 Cust,
1156 1963 49 21 .and

674 1991 46 20 also
738 1992 61 20 swell
818 1993 39 19 the
1090 1994 32 26 bj
1145 1994 61 21 their

674 2029 110 19 presence.

701 2065 45 20 The
759 2065 85 21 friends
858 2065 23 21 of
894 2065 37 22 the
945 2066 95 26 English
1054 2066 89 21 Church
1152 2067 53 21 held

674 2097 59 20 their
741 2096 84 21 annual
834 2099 37 18 tea
877 2097 98 27 meeting
981 2097 46 21 and
1031 2099 175 21 entertainment

672 2128 26 20 m.
708 2128 37 20 aid
754 2128 23 20 of
783 2128 42 21 ,the
834 2128 67 22 funds
907 2135 29 14 on
943 2129 87 25 Friday,,
1039 2130 95 21 October
1143 2130 58 21 18th.

674 2159 72 21 There
764 2165 44 14 was
832 2164 14 16 a
863 2160 50 20 Sale
930 2160 23 21 of
974 2160 68 21 Work
1053 2161 26 20 m
1091 2161 40 21 the
1147 2161 57 21 Odd-

674 2191 92 19 fellows'
776 2191 52 19 Hall
832 2191 82 26 during
922 2191 38 20 the
969 2192 125 25 afternoon,
1103 2193 64 20 when
1176 2199 29 15 no

675 2222 70 20 doubt
753 2222 32 21 all
793 2224 58 19 sorts
861 2224 23 18 of
889 2223 94 21 .articles
1000 2229 54 14 were
1063 2224 102 27 disposed
1174 2225 30 20 of.

674 2253 48 21 The
740 2255 38 19 tea
796 2254 98 27 meeting
912 2254 25 20 m
960 2255 42 21 the
1025 2255 108 22 Institute
1152 2257 54 20 Hall

673 2285 87 21 seemed
778 2287 24 18 to
820 2285 27 20 be
868 2285 48 20 wel
934 2286 117 25 attended;
1074 2287 40 20 the
1131 2287 73 21 tables

673 2322 58 14 were
748 2316 63 25 given
830 2316 29 26 by
882 2316 125 22 Mesdames
1027 2318 25 21 E.
1079 2318 122 26 Chapman,

673 2347 87 21 Walter
769 2348 91 26 Crysell,
870 2348 95 26 Mussen,
972 2348 45 21 and
1024 2349 92 22 Searles.
1138 2351 66 20 After

674 2381 34 19 tea
717 2380 38 20 the
765 2380 65 21 usual
842 2380 176 21 entertainment
1031 2388 44 13 was
1085 2382 60 23 held,
1155 2388 50 14 con-

673 2410 81 26 sisting
769 2410 46 21 this
828 2417 53 19 year
896 2412 23 19 of
938 2417 59 15 some
1015 2412 77 21 efforts
1110 2413 26 20 m
1154 2420 52 14 ven-

673 2443 125 26 triloquism
816 2443 30 25 by
864 2448 15 14 a
895 2443 123 26 performer
1036 2444 58 20 from
1119 2445 85 20 Christ-

673 2475 89 20 church.
806 2474 66 20 After
880 2474 47 20 this
941 2474 63 21 there
1014 2481 42 14 was
1070 2481 61 15 some
1142 2477 63 25 play-

673 2506 75 26 acting
761 2506 29 26 by
813 2506 83 20 Messrs
915 2506 111 24 Blunden,
1048 2508 91 25 Cooper,
1158 2508 46 20 and

673 2538 91 21 Wilder.
804 2537 20 21 A
837 2537 52 26 play
903 2537 71 21 called
1080 2539 46 21 and

674 2576 45 13 was
734 2570 65 20 acted
807 2570 25 19 to
847 2575 14 14 a
870 2575 52 19 very
937 2569 57 26 good
1002 2570 115 21 audience.
1157 2571 47 21 The

673 2602 101 20 minister
806 2600 118 21 intimated
948 2600 53 21 that
1026 2602 40 20 the
1097 2602 105 27 proceeds

673 2633 119 20 amounted
800 2634 25 18 to
833 2634 51 22 4550,
896 2632 51 24 and,
962 2638 25 14 as
1004 2632 35 20 his
1056 2633 91 26 stipend
1159 2634 42 20 has

673 2666 25 19 to
708 2665 25 20 be
748 2664 53 26 paid
813 2663 116 24 somehow,
942 2664 19 20 if
973 2664 104 26 possible,
1093 2671 30 14 no
1133 2664 71 22 doubt

675 2697 24 19 he
715 2696 45 20 and
768 2696 34 20 his
816 2696 75 26 vestry
905 2695 56 21 have
971 2701 66 21 every
1054 2702 79 15 reason
1141 2698 25 20 to
1176 2697 27 21 be

675 2727 106 21 satisfied.

772 2813 88 25 CUST
877 2812 90 26 ROAD
984 2813 120 25 BOARD.

700 2872 48 20 The
764 2871 98 25 ordinary
876 2871 92 25 meeting
984 2872 22 19 of
1022 2871 43 21 this
1081 2871 70 21 Board
1162 2878 42 14 was

673 2904 48 21 held
730 2909 28 14 on
768 2902 88 21 Ootober
866 2902 56 23 14th,
940 2902 29 21 all
979 2902 36 21 the
1024 2902 104 21 members
1144 2903 61 25 being

674 2931 93 25 present.
1095 2947 3 2 .

699 2966 44 21 The
752 2963 107 26 following
867 2964 176 27 coirespondeace
1053 2970 42 15 was
1105 2965 49 21 read
1163 2965 42 22 and

671 2997 130 23 toonsidered
808 3001 6 14 :
815 3007 27 5 —

697 3034 63 19 From
771 3032 32 20 Mr
812 3031 24 21 P.
846 3029 95 24 O'Brien,
957 3031 76 25 asking
1049 3032 36 20 the
1093 3032 71 21 Board
1182 3034 22 19 to

671 3071 53 20 open
735 3065 35 19 the
779 3063 52 20 road
841 3065 22 17 at
874 3063 35 19 the
921 3062 51 21 back
982 3064 23 18 of
1019 3062 35 20 his
1064 3063 71 23 bouse,
1144 3069 24 15 as
1178 3064 23 21 m

670 3097 53 19 imes
740 3095 22 20 of
772 3094 66 20 floods
848 3094 26 19 he
881 3093 62 21 could
952 3095 38 18 not
999 3097 34 21 get
1042 3099 28 14 on
1076 3095 23 18 to
1109 3093 33 21 bis
1152 3095 51 20 land

671 3128 54 19 from
739 3126 38 22 the
793 3125 58 20 main
867 3123 59 21 road.
966 3124 131 22 Resolved—
1098 3125 55 21 That
1168 3126 33 20 Mr

672 3160 86 19 O'Brien
766 3158 25 19 be
799 3156 106 20 informed
915 3155 48 20 that
980 3155 35 20 the
1024 3155 71 20 Board
1104 3156 50 20 does
1163 3158 37 19 not

671 3196 33 14 see
714 3191 28 19 its
754 3194 44 19 way
808 3189 21 18 to
839 3192 53 20 opeq
904 3186 35 20 the
949 3186 58 20 road.

697 3227 62 20 From
770 3225 78 20 Messrs
859 3222 78 21 Wilder
953 3222 42 21 and
1005 3222 94 25 Warner,
1109 3224 91 24 request-

671 3259 36 25 ing
716 3258 36 20 the
762 3255 69 21 Board
847 3257 22 19 to
878 3255 26 20 do
913 3260 58 14 some
986 3254 80 26 repairs
1076 3256 23 18 to
1115 3255 86 21 Green's

671 3289 64 24 Gaily
752 3287 52 20 road
822 3286 42 20 ai.d
883 3286 36 20 the
935 3286 62 19 ihoot
1015 3287 23 18 at
1053 3286 36 20 the
1106 3286 94 20 Terrace.

671 3321 44 19 The
725 3318 114 21 Chairman
849 3323 41 14 was
900 3316 63 21 asked
970 3318 22 18 to
1001 3321 33 15 see
1044 3317 36 19 Mr
1088 3316 78 21 Wilder
1175 3317 25 20 m

672 3351 73 26 regard
755 3353 22 18 to
786 3351 37 20 the
833 3351 83 19 matter.

698 3386 108 28 From^the
817 3384 225 28 Paymaster-General,
1052 3383 95 26 advising
1165 3384 36 21 the

672 3422 100 25 payment
787 3419 22 20 of
824 3418 54 20 £121
894 3417 24 20 2s
933 3416 28 21 5d
978 3417 22 19 to
1010 3415 35 21 the
1059 3416 65 21 credit
1133 3417 22 19 of
1165 3416 36 21 the

674 3453 67 20 Board
758 3452 50 19 with
824 3451 35 20 Ihe
877 3450 72 19 Union
971 3448 60 20 Bank
1047 3449 23 19 of
1087 3449 114 24 Australia,

672 3480 111 24 Rangiora,
794 3478 59 23 being
862 3475 87 25 subsidy
959 3481 27 14 on
996 3477 63 18 jates.
1087 3474 62 21 From
1161 3476 36 20 the

672 3511 67 21 Bank,
749 3507 167 24 acknowledging
925 3506 76 25 receipt
1011 3506 22 20 of
1043 3506 35 20 the
1087 3511 64 15 same.

700 3547 63 19 From
774 3545 35 20 the
818 3544 58 20 West
885 3543 90 25 Eyreton
994 3542 59 21 Road
1070 3542 74 24 Board,
1160 3543 40 20 for-

672 3578 92 24 warding
781 3577 35 20 the
832 3575 61 21 items
902 3575 23 19 m
942 3575 37 19 the
994 3575 88 19 account
1098 3574 32 20 for
1147 3575 54 20 work

672 3612 53 19 done
735 3615 27 14 on
773 3608 35 20 the
818 3607 112 24 Boundary
939 3605 66 24 Road,
1015 3605 44 21 and
1069 3605 75 28 saying
1154 3607 47 20 that

673 3642 35 20 the
718 3641 50 20 road
777 3645 50 15 near
838 3639 32 19 Mr
877 3638 25 21 D.
911 3636 151 26 M'Laughlin's
1073 3637 17 20 is
1100 3643 28 15 no
1137 3643 64 14 worse

672 3674 53 19 than
744 3673 17 19 it
779 3672 40 19 has
836 3670 52 20 been
906 3670 33 19 for
956 3674 66 20 years,
1041 3671 59 23 stops
1122 3669 79 24 having

673 3705 49 20 been
739 3704 37 26 put
792 3704 22 19 m
831 3702 35 21 the
876 3701 63 22 ditch,
959 3699 42 22 and
1012 3699 34 22 the
1060 3702 62 20 worst
1132 3701 68 27 places

672 3736 77 21 fenced.

1316 164 62 19 From
1389 164 35 19 the
1434 162 64 21 Audit
1512 162 69 22 Office,
1591 160 124 24 forwarding
1732 161 88 17 account

1290 196 22 18 of
1328 196 28 19 £2
1373 195 32 19 for
1419 195 38 19 the
1472 193 59 20 audit
1541 193 20 19 of
1572 192 34 20 the
1618 191 86 20 Board's

1289 226 44 19 The
1342 227 88 18 amount
1441 230 42 14 was
1493 223 84 21 ordered
1591 224 22 18 to
1624 223 23 18 be
1657 221 54 25 paid.

1314 261 63 19 From
1387 261 36 19 the
1433 260 78 20 Oxford
1528 259 60 19 Road
1600 257 70 21 Board
1684 256 106 23 enclosing
1806 261 12 12 a

1290 292 114 19 statement
1427 291 22 20 of
1472 291 66 19 works
1561 290 54 20 done
1641 294 27 14 on
1691 287 35 20 the
1750 285 68 21 South

1289 323 115 25 Boundary
1413 322 66 24 Road,
1491 321 42 20 and
1549 320 117 25 requesting
1681 320 99 24 payment
1797 317 21 19 of

1288 353 46 21 half
1343 354 35 20 the
1389 355 50 19 cost.
1467 353 44 19 The
1522 353 87 20 amount
1618 357 42 14 was
1669 350 84 21 ordered
1762 351 22 18 to
1792 348 26 20 be

1288 384 50 26 paid
1347 386 50 18 next
1407 384 69 20 Board
1486 383 47 26 day.

1314 419 90 21 Tenders
1420 420 33 20 for
1469 419 85 21 various
1570 418 66 20 works
1655 424 51 14 were
1724 416 93 21 received

1288 451 43 20 and
1341 451 102 26 accepted.

1313 487 44 20 The
1373 487 60 20 Clerk
1450 492 41 15 was
1509 486 114 20 instructed
1639 486 22 19 to
1677 485 58 20 write
1751 485 22 20 to
1783 484 32 20 Mr

1287 517 92 21 Thomas
1389 518 96 25 Gonway,
1495 518 61 25 junr.,
1573 517 54 20 That
1638 517 34 19 the
1682 515 69 21 Board
1766 516 48 20 does

1286 550 37 19 not
1333 555 33 14 see
1376 549 27 20 its
1413 555 45 19 way
1474 551 21 18 to
1505 555 54 20 open
1585 554 28 20 up
1639 555 12 14 a
1665 554 45 14 new
1726 548 51 19 roa.d
1792 548 22 18 to

1290 579 34 21 the
1334 579 52 21 back
1396 581 22 19 of
1427 579 34 21 his
1470 580 58 20 land.

1316 616 32 20 Mr
1365 616 20 20 J.
1406 616 45 20 Sail
1472 616 82 25 applied
1573 618 21 18 to
1613 616 46 20 rent
1676 616 35 20 the
1730 614 85 25 Shingle

1288 647 94 23 Reserve,
1405 647 41 20 No.
1471 648 56 19 1240.
1568 647 123 19 Resolved—
1695 647 31 19 To
1748 646 67 19 invite

1296 678 81 20 tenders
1386 678 32 20 for
1429 678 35 20 the
1472 678 67 25 Jlease,
1549 678 22 20 to
1581 677 23 21 be
1613 678 23 19 m
1652 677 27 25 by
1688 678 49 19 next
1746 676 69 20 Board

1289 708 48 26 day.

1312 745 101 20 Resolved
1413 756 27 4 —
1440 746 31 20 To
1486 745 64 20 invite
1568 745 82 20 tenders
1667 745 33 19 for
1714 743 99 25 fiiling-in

1286 777 45 19 ruts
1342 776 42 20 and
1401 776 117 25 improving
1531 776 36 20 the
1582 776 47 20 ford
1644 781 28 14 on
1684 774 131 21 Dickinson's

1288 806 56 21 road.

1313 842 105 21 Accounts
1428 843 124 25 amounting
1563 844 21 19 to
1593 842 55 21 £112
1659 843 36 19 13s
1704 841 26 20 5d
1740 840 75 27 (which

1288 873 96 21 included
1399 875 101 24 payment
1515 874 32 20 for
1563 873 99 26 Hospital
1677 873 42 21 and
1733 872 84 20 Charit-

1288 905 45 20 able
1343 905 40 20 Aid
1392 906 108 24 purposes)
1519 911 51 13 were
1579 905 74 25 passed
1662 905 32 20 for
1709 905 106 24 payment,

1288 935 43 20 and
1340 936 35 19 the
1383 936 70 19 Board
1463 936 122 24 adjourned.

1291 996 521 54 CORRESPONDENCE.

1314 1077 258 21 NATIONALISATION
1585 1079 36 19 OF
1635 1079 57 19 THE
1705 1079 74 19 LAND.

1366 1131 28 19 To
1404 1132 32 19 the
1446 1131 75 19 Editor
1530 1132 24 23 of
1568 1132 5 9 '
1582 1132 40 18 The
1631 1131 110 20 Observer.'

1317 1165 68 25 Sir,—
1390 1166 176 21 Nationalisation
1577 1172 73 15 means
1667 1167 35 19 the
1717 1166 100 20 National

1290 1197 117 26 ownership
1426 1198 22 19 of
1466 1197 36 20 the
1520 1198 50 20 land
1579 1205 5 17 ;
1612 1198 17 20 it
1647 1198 18 19 is
1684 1198 91 25 opposed
1796 1199 22 18 to

1290 1228 113 26 Monopoly
1411 1230 23 18 of
1443 1229 50 19 land
1509 1229 42 20 and
1565 1230 155 19 Landlordism.
1761 1229 22 20 It
1799 1229 18 20 is

1291 1258 62 22 based
1363 1265 27 15 on
1399 1259 112 26 principles
1521 1260 22 20 of
1561 1260 103 20 universal
1679 1260 80 25 justice,
1776 1261 42 19 and

1290 1290 116 25 recognises
1417 1291 35 19 the
1462 1291 67 24 rights
1538 1292 23 18 of
1575 1291 28 20 all
1619 1291 132 20 inhabitants
1768 1292 21 19 of
1805 1297 13 14 &

1291 1322 88 24 country
1394 1322 23 19 to
1427 1321 35 20 the
1479 1322 50 21 land
1542 1322 67 21 which
1619 1322 48 25 they
1683 1329 78 19 occupy
1777 1322 41 21 and

1291 1351 80 21 defend.
1399 1352 26 19 In
1436 1353 83 25 looking
1529 1353 58 24 back,
1603 1360 29 13 we
1641 1354 43 19 find
1695 1354 46 19 that
1757 1353 22 19 m
1789 1354 29 19 all

1292 1385 58 23 parts
1369 1383 22 20 of
1407 1383 36 21 the
1460 1385 63 19 world
1540 1384 35 20 the
1590 1385 51 20 land
1655 1390 42 14 was
1714 1385 35 20 the
1764 1385 54 25 joint

1293 1415 99 25 property
1407 1414 22 20 of
1448 1414 34 21 the
1497 1415 67 23 tribes,
1580 1415 42 20 and
1641 1421 42 14 was
1698 1416 80 24 subject
1797 1417 21 18 to

1292 1444 112 26 periodical
1413 1445 135 21 distribution
1557 1452 77 20 among
1644 1446 35 20 the
1690 1447 95 24 families,
1795 1453 24 13 so

1292 1475 46 21 that
1354 1477 29 20 all
1392 1477 68 26 might
1476 1476 40 22 live
1525 1477 27 27 by
1569 1477 53 21 their
1631 1477 60 21 labor
1706 1483 24 15 as
1740 1478 78 21 Nature

1291 1506 43 22 bad
1346 1508 104 21 ordained.

1317 1549 68 21 When
1408 1550 60 26 equal
1489 1550 56 26 right
1568 1553 21 19 to
1610 1552 50 20 land
1686 1553 19 20 is
1732 1553 81 25 denied,

1290 1583 13 10 41
1315 1581 93 26 politioal
1423 1582 74 25 liberty
1535 1584 92 20 becomes
1629 1595 24 4 —
1654 1590 23 14 as
1694 1585 123 26 population

1290 1612 102 21 increases
1401 1613 43 20 and
1453 1614 108 20 invention
1577 1620 47 19 goes
1634 1621 27 14 on
1664 1627 24 3 —
1690 1618 76 23 merely
1782 1617 35 20 the

1291 1643 75 25 liberty
1377 1645 21 19 to
1413 1645 93 25 compete
1521 1646 32 19 for
1569 1647 140 24 employment
1724 1649 22 19 at
1764 1649 53 19 star-

1291 1675 72 19 vation
1373 1681 71 18 wages.
1472 1675 45 21 The
1526 1676 47 20 first
1583 1676 60 26 thing
1653 1684 29 14 we
1691 1679 53 19 have
1754 1680 21 18 to
1784 1680 34 23 get

1291 1705 33 21 rid
1340 1706 22 19 of
1377 1705 19 21 is
1410 1706 35 20 the
1458 1706 49 20 idea
1521 1707 21 20 of
1551 1707 95 22 absolute
1663 1709 115 27 ownership
1797 1711 22 18 of

1293 1736 57 24 land,
1360 1742 23 15 as
1392 1738 29 19 all
1430 1738 61 19 lands
1501 1744 35 15 are
1549 1738 75 21 holden
1634 1739 65 21 either
1708 1740 112 26 mediately

1293 1772 23 15 or
1325 1767 140 26 immediately
1475 1769 55 19 from
1545 1769 36 20 the
1596 1769 80 21 Crown.
1710 1771 110 21 Therefore

1293 1798 58 21 there
1360 1799 18 20 is
1389 1805 28 14 no
1425 1799 52 21 such
1487 1800 60 26 thing
1564 1807 23 14 as
1597 1800 94 22 absolute
1701 1804 117 25 ownership

1293 1830 22 19 of
1325 1829 35 21 the
1368 1830 57 24 land,
1435 1830 67 21 either
1510 1832 23 19 m
1544 1832 61 21 Great
1614 1832 83 21 Britain
1707 1840 24 14 or
1746 1840 42 19 any
1798 1835 21 19 of

1292 1860 37 22 her
1337 1861 103 21 Colonies.
1468 1862 32 20 Mr
1510 1861 83 22 Oobden
1602 1870 51 14 once
1660 1865 81 20 showed
1752 1866 66 25 (when

1293 1892 100 26 speaking
1410 1892 23 21 m
1452 1893 36 20 the
1505 1893 72 21 House
1592 1894 22 20 of
1632 1895 120 27 Commons)
1771 1896 47 21 how

1292 1924 108 21 landlords
1418 1924 42 20 had
1479 1924 54 20 from
1552 1926 52 21 time
1622 1927 22 19 to
1662 1927 57 23 time,
1731 1927 46 21 .and
1794 1927 23 21 m

1292 1960 72 15 course
1391 1956 22 18 of
1434 1961 67 19 years,
1522 1957 111 24 gradually
1659 1957 84 21 shirked
1765 1959 53 19 their

1291 1986 172 25 responsibilities
1472 1986 23 20 m
1510 1986 35 21 the
1554 1989 77 19 matter
1640 1988 22 20 of
1677 1989 141 25 contributing

1292 2018 22 20 to
1323 2016 36 22 the
1368 2023 87 14 revenue
1464 2018 21 19 of
1495 2018 35 20 the
1539 2021 95 23 country.
1673 2020 33 19 He
1715 2020 46 20 said
1771 2021 46 21 that

1291 2049 32 20 for
1333 2049 39 20 150
1380 2055 60 19 years
1450 2049 35 21 the
1495 2049 49 21 land
1552 2050 49 25 paid
1611 2051 36 20 the
1657 2051 64 20 whole
1730 2058 87 14 revenue

1291 2081 22 19 of
1331 2080 35 21 the
1384 2082 95 23 country,
1495 2080 37 21 but
1548 2087 45 14 now
1609 2082 17 21 it
1641 2082 50 25 only
1706 2089 53 18 pays
1768 2089 48 14 one-

1290 2111 133 26 eighty-fifth.
1450 2112 32 25 By
1491 2118 13 14 a
1514 2112 83 21 Statute
1606 2113 59 20 made
1680 2114 24 19 m
1715 2113 34 21 the
1758 2114 58 25 reign

1290 2144 22 20 of
1321 2143 94 21 William
1422 2143 41 21 and
1472 2143 59 26 Mary
1542 2144 74 26 (1692),
1622 2145 36 21 the
1664 2145 50 20 land
1719 2145 21 20 is
1747 2145 70 21 bound

1291 2176 22 19 to
1324 2181 40 19 pay
1373 2175 24 20 is
1403 2176 23 18 m
1436 2175 35 19 the
1478 2175 74 25 pound
1568 2181 27 14 on
1611 2177 80 18 annual
1697 2177 107 19 valuation
1811 2185 5 15 ;

1291 2206 43 20 this
1349 2205 36 21 old
1402 2206 82 21 Statute
1502 2212 42 15 was
1563 2207 111 20 confirmed
1692 2207 29 26 by
1739 2208 78 24 George

1290 2237 47 24 ILL,
1345 2237 43 21 and
1398 2237 57 21 these
1464 2237 94 23 Statutes
1575 2238 53 21 have
1643 2244 61 16 never
1720 2239 51 21 been
1786 2246 31 15 re-

1291 2269 72 26 pealed
1372 2270 22 19 to
1404 2269 43 20 this
1456 2269 46 25 day.

1319 2311 37 21 We
1364 2312 57 20 want
1437 2312 22 19 to
1472 2312 51 25 keep
1539 2311 68 22 before
1623 2317 24 16 us
1664 2312 35 21 the
1717 2312 101 26 principle

1291 2342 47 22 that
1348 2343 60 20 Land
1417 2343 19 20 is
1449 2348 39 15 one
1498 2343 57 19 third
1564 2344 22 19 of
1602 2343 34 21 the
1645 2343 95 26 heritage
1749 2345 22 18 of
1782 2344 36 20 the

1291 2374 79 26 people..
1406 2375 44 22 Air,
1462 2374 75 23 Water,
1547 2375 42 20 and
1597 2374 60 20 Land
1666 2381 35 14 are
1711 2381 107 18 necessary

1291 2408 23 18 to
1323 2406 48 23 life',
1390 2411 50 15 man
1447 2405 39 21 .did
1494 2407 38 18 not
1541 2407 67 19 create
1624 2406 63 25 them,
1704 2406 42 21 and
1762 2406 56 21 there

1290 2437 19 20 is
1317 2442 29 15 ao
1354 2436 85 21 natural
1449 2437 39 19 law
1497 2437 125 24 warranting
1631 2437 34 19 the
1673 2437 111 26 monopoly
1795 2437 22 19 of

1291 2474 42 19 any
1342 2474 40 14 one
1391 2468 22 20 of
1422 2467 58 21 these
1489 2467 64 21 three.
1594 2467 45 21 The
1648 2468 93 20 children
1751 2468 22 20 of
1782 2468 36 21 the

1290 2500 83 25 poorest
1388 2498 82 24 should,
1486 2498 87 21 without
1591 2498 35 21 the
1642 2498 133 26 Poor-house,
1792 2500 25 20 be

1291 2537 24 15 as
1324 2536 47 15 aure
1380 2529 22 21 of
1408 2529 130 21 subsistence
1547 2536 24 14 as
1585 2529 35 22 the
1630 2530 92 21 children
1731 2531 23 21 of
1763 2531 55 26 large

1291 2562 84 21 holders
1392 2561 23 20 of
1432 2561 57 20 land.
1528 2561 69 27 Every
1616 2562 54 21 head
1687 2563 22 20 of
1725 2569 13 14 a
1753 2564 65 20 house

1292 2594 76 20 should
1383 2593 53 21 have
1444 2592 34 21 his
1495 2592 62 21 home
1567 2595 22 19 m
1606 2595 118 25 possession
1734 2595 32 20 for
1776 2595 42 24 life,

1292 2627 38 21 not
1345 2626 28 25 by
1380 2626 77 25 paying
1472 2626 48 19 rent
1533 2630 24 14 or
1572 2625 28 24 by
1615 2625 108 25 purchase,
1738 2625 82 21 neither

1292 2658 27 26 by
1335 2657 36 22 the
1380 2662 59 20 grace
1455 2656 21 21 of
1485 2661 57 19 man,
1558 2656 37 20 hut
1604 2655 27 26 by
1646 2656 35 20 the
1690 2656 40 20 law
1744 2657 24 20 of
1783 2657 35 20 the

1291 2689 51 22 land
1352 2691 22 19 to
1383 2688 25 20 be
1417 2687 95 27 stamped
1520 2688 46 19 into
1582 2693 38 14 our
1629 2688 138 20 constitution
1775 2695 5 16 ;
1795 2694 23 14 so

1292 2722 55 24 that,
1355 2720 93 22 whether
1456 2718 122 27 population
1594 2718 26 20 be
1629 2725 71 19 sparse
1709 2725 22 13 or
1740 2719 80 25 thickly

1292 2751 99 27 gathered
1406 2750 100 26 together,
1524 2755 60 20 every
1601 2755 50 14 man
1666 2750 57 19 shall
1737 2750 53 20 have
1807 2756 13 14 a

1291 2784 58 25 right
1363 2785 23 18 to
1402 2788 13 14 a
1431 2780 118 26 sufficiency
1566 2781 22 19 of
1603 2780 51 20 land
1669 2782 33 19 for
1717 2780 34 21 his
1767 2787 53 17 own,

1293 2821 56 21 upon
1358 2813 69 21 which
1440 2812 27 20 he
1476 2811 42 21 and
1533 2811 33 20 his
1577 2818 48 19 may
1635 2812 58 20 dwell
1709 2812 112 21 unracked.

1293 2846 61 21 Land
1362 2845 103 26 property,
1472 2843 22 20 of
1503 2848 72 15 course
1584 2843 17 19 it
1608 2843 42 19 will
1660 2842 24 20 be
1691 2843 52 24 said,
1753 2843 68 20 would

1293 2877 38 21 fall
1346 2875 77 26 largely
1439 2874 24 20 m
1479 2874 71 23 value;
1568 2874 38 20 but
1622 2874 57 20 what
1694 2874 68 20 would
1778 2874 43 20 this

1293 2909 77 20 matter
1375 2908 10 20 ?
1427 2907 42 19 For
1483 2905 57 20 what
1555 2905 20 19 is
1589 2904 35 21 the
1633 2905 40 20 end
1690 2905 41 21 and
1740 2905 42 21 aim
1799 2906 23 20 of

1292 2940 76 21 honest
1383 2937 134 25 government
1526 2936 38 20 but
1580 2936 35 21 the
1625 2938 89 23 greatest
1726 2936 54 25 good
1789 2938 32 19 for

1293 2971 35 22 the
1337 2969 89 27 greatest
1436 2966 87 22 number
1529 2968 10 19 ?

1319 3012 21 20 It
1349 3016 48 20 may
1407 3009 25 21 be
1441 3008 46 21 said
1497 3008 47 21 that
1553 3008 36 21 the
1597 3008 94 26 working
1698 3009 78 20 classes
1786 3016 34 14 are

1291 3044 58 23 large
1357 3041 83 21 holdera
1450 3040 21 20 of
1487 3040 64 20 Town
1561 3041 106 23 property;
1688 3040 37 20 but
1738 3041 83 19 outside

1292 3074 36 21 the
1343 3074 68 19 towna
1419 3070 43 21 and
1470 3070 59 21 cities
1545 3070 36 21 the
1591 3070 50 20 land
1657 3070 18 20 is
1684 3070 74 26 falling
1775 3071 45 20 into

1292 3105 36 20 the
1336 3104 69 20 hands
1413 3102 23 21 of
1452 3108 13 14 a
1475 3103 45 18 few.
1560 3102 22 19 It
1596 3101 19 20 is
1631 3101 81 25 beyond
1727 3103 43 23 city
1778 3102 43 21 and

1291 3137 56 19 town
1357 3133 123 22 boundaries
1490 3132 47 20 that
1546 3131 36 21 the
1595 3132 50 20 land
1655 3133 96 24 question
1763 3135 56 19 must

1291 3167 25 20 be
1334 3165 82 21 studied
1423 3173 6 16 ;
1451 3164 42 21 and
1516 3164 17 19 it
1550 3163 50 20 does
1618 3164 39 19 not
1679 3164 70 20 follow
1773 3165 46 20 that

1290 3198 88 20 because
1387 3203 48 13 men
1444 3195 51 21 hold
1503 3201 58 14 acres
1571 3194 42 21 and
1622 3194 117 24 half-acres,
1750 3196 58 20 there

1290 3230 43 20 fore
1343 3229 33 20 Mr
1383 3227 112 22 So-and-so
1505 3232 43 19 nay
1564 3226 51 21 hold
1624 3227 73 23 20,000
1706 3233 24 14 or
1745 3227 73 21 50.000

1290 3267 57 14 acres
1357 3259 81 21 outside
1448 3258 159 26 unohallenged.
1634 3258 21 20 It
1664 3258 76 20 should
1749 3259 24 19 be
1783 3260 36 19 the

1290 3293 43 19 sole
1347 3291 96 21 function
1460 3291 22 19 of
1491 3290 36 20 the
1544 3290 59 19 State
1612 3290 22 20 to
1644 3290 54 19 lease
1707 3290 56 21 land,
1775 3291 42 19 and

1290 3324 23 19 to
1321 3323 77 20 receive
1415 3322 52 20 tent.
1590 3321 37 20 the
1641 3321 134 20 landholder
1790 3328 30 14 re-

1290 3354 66 21 ceives
1365 3355 46 19 rent
1420 3354 32 19 for
1462 3352 57 24 land,
1532 3352 27 21 he
1576 3352 58 21 takes
1644 3352 56 21 what
1716 3352 36 21 the
1761 3352 59 21 State

1290 3385 75 21 should
1374 3385 49 25 keep
1433 3385 32 19 for
1475 3384 61 20 itself.
1577 3384 40 23 Sir,
1633 3384 11 20 I
1654 3383 82 21 wonder
1751 3385 17 19 if
1784 3385 36 20 the

1290 3416 99 21 so-called
1407 3415 124 21 freeholders
1550 3415 21 20 of
1593 3415 50 21 New
1662 3415 93 21 Zealand
1773 3422 47 15 ever

1290 3448 61 21 think
1370 3448 47 20 that
1434 3446 50 26 they
1500 3453 35 14 are
1553 3447 168 20 tenants-at-will
1739 3447 22 20 of
1784 3448 35 19 the

1290 3480 136 24 Mortgagees,
1436 3478 42 21 and
1485 3478 49 25 only
1539 3479 44 25 just
1588 3478 91 25 working
1687 3477 43 21 and
1737 3478 81 25 slaving

1289 3511 32 20 for
1331 3517 12 14 a
1354 3510 36 20 few
1400 3509 172 25 money-lenders.
1613 3510 36 23 So,
1658 3510 18 19 if
1685 3510 88 19 farmers
1784 3516 35 14 are

1288 3542 50 21 mad
1347 3547 28 14 on
1385 3540 35 22 the
1430 3540 79 26 subject
1518 3540 22 20 of
1545 3540 94 20 freehold
1649 3541 77 22 tenure,
1737 3540 28 21 let
1776 3540 42 20 this

1288 3575 49 19 curb
1345 3573 33 27 |be
1395 3574 38 25 put
1450 3578 27 14 on
1498 3571 54 20 their
1569 3571 101 25 delusion,
1686 3571 43 21 and
1744 3572 29 20 let
1789 3572 29 20 all

1288 3604 118 27 Mortgages
1429 3604 25 20 be
1477 3603 94 20 declared
1599 3603 108 21 forthwith
1730 3603 85 21 invalid.

1287 3636 48 21 And
1349 3636 11 20 I
1377 3642 36 19 say
1429 3637 22 19 to
1467 3641 36 19 my
1519 3634 68 21 fellow
1602 3635 92 25 working
1703 3641 49 14 men
1771 3634 46 21 that

1287 3667 50 26 they
1352 3667 53 21 have
1415 3674 28 12 no
1458 3666 57 24 right
1525 3668 22 18 to
1563 3666 63 20 stand
1636 3666 26 25 by
1679 3667 84 26 silently
1774 3666 43 20 and

1286 3705 33 14 see
1329 3698 117 21 thousands
1455 3698 22 19 of
1486 3704 57 14 acres
1557 3697 24 19 of
1597 3697 54 21 their
1665 3697 51 21 land
1732 3698 83 20 thrown

1286 3732 64 21 waste
1359 3730 92 25 through
1460 3729 61 26 being
1531 3729 23 20 m
1571 3729 35 21 the
1621 3729 69 21 hands
1707 3730 22 19 of
1744 3738 12 12 a
1770 3730 45 22 few.

1910 151 12 19 I
1936 152 103 19 maintain
2050 151 46 20 that
2105 157 13 13 a
2128 157 47 13 man
2187 151 37 18 hns
2235 156 27 13 no
2278 155 57 13 more
2344 148 55 24 right
2412 150 22 18 to

1912 187 61 15 waste
1984 183 48 18 land
2043 182 50 19 than
2106 182 24 18 he
2142 181 36 19 has
2197 184 21 16 to
2229 182 71 22 poison
2311 180 35 19 the
2356 179 36 23 air,
2403 181 32 17 for

1909 213 35 20 the
1963 213 109 24 Almighty
2090 213 59 19 made
2168 213 45 20 that
2229 212 50 20 land
2297 214 22 17 to
2338 211 44 19 feed
2401 212 35 18 the

1907 246 77 22 people.
2014 245 43 18 The
2067 246 82 22 present
2159 247 84 21 poverty
2252 244 22 19 m
2285 244 47 19 New
2343 242 92 20 Zealand

1907 275 17 18 i«
1936 275 79 24 mainly
2032 275 38 19 due
2080 277 22 17 to
2119 275 34 19 the
2163 275 98 24 adoption
2278 275 20 17 of
2309 273 36 19 ihe
2361 273 73 25 theory

1907 306 21 19 of
1939 306 34 19 the
1984 306 74 20 benefit
2068 306 96 25 accruing
2180 306 54 19 from
2245 305 76 26 private
2337 306 96 24 property

1906 337 24 19 m
1941 338 56 22 land,
2007 338 42 20 and
2058 338 87 24 nothing
2161 343 39 14 can
2210 337 24 20 be
2243 343 57 14 more
2316 335 117 26 pernicious

1906 369 22 18 to
1938 369 36 18 the
1987 372 73 21 people
2071 375 22 13 as
2104 375 12 13 a
2126 369 70 18 whole.

2101 404 73 23 Yours,
2189 405 41 22 &c,

2348 434 19 20 J.
2379 434 27 20 T).

2041 501 253 36 REVIEW.

2100 575 7 17 (
2114 570 110 19 Continued,

1930 621 46 19 The
1987 628 48 13 man
2046 622 45 20 who
2101 623 70 23 begins
2187 622 42 20 this
2246 621 82 21 scheme
2346 621 50 20 with
2415 628 13 14 a

1900 651 75 26 Penny
1985 654 23 19 is,
2018 653 23 19 m
2062 653 35 19 the
2116 653 91 19 author's
2225 653 126 24 judgement,
2370 659 58 13 more

1902 682 62 25 likely
1975 686 21 17 to
2007 685 84 19 succeed
2102 684 50 21 than
2163 684 25 19 he
2198 684 45 20 who
2259 684 69 24 begins
2347 684 50 19 with
2415 691 13 13 a

1902 712 78 22 Pound.
2009 715 44 20 The
2063 722 48 13 man
2127 715 46 19 who
2183 715 70 25 begins
2263 715 49 19 with
2323 721 12 13 a
2354 716 74 20 Pound

1903 745 41 19 will
1954 745 23 20 be
1994 745 98 26 thirsting
2111 746 52 20 after
2182 746 83 21 Pounds
2276 754 5 17 ;
2299 746 26 20 he
2342 746 42 21 will
2403 746 24 21 be

1903 776 87 19 anxious
2000 778 21 17 to
2031 777 66 19 th'ive
2114 778 35 18 too
2158 778 87 24 rapidly,
2255 778 41 19 and
2315 777 41 20 will
2377 783 48 14 over

1902 806 54 20 force
1966 807 33 19 his
2019 809 59 23 plant
2121 807 66 23 Then,
2206 809 42 21 too,
2268 808 34 18 the
2320 809 57 22 great
2395 806 32 20 in-

1903 837 101 24 spiration
2014 840 22 18 of
2046 838 42 20 this
2097 838 50 25 plan
2156 844 42 14 was
2217 838 81 20 derived
2317 838 55 20 from
2391 839 35 19 the

1903 867 42 21 fact
1964 868 46 20 that
2029 869 35 20 the
2083 875 74 18 money
2184 869 141 20 accumulated
2351 875 77 19 sprang

1903 900 53 19 from
1968 900 46 19 that
2024 900 67 19 which
2101 906 41 13 was
2152 903 49 16 next
2212 902 20 18 to
2243 900 94 24 nothing.
2363 900 21 19 If
2393 901 35 19 the

1904 935 47 14 sum
1960 936 56 18 upon
2025 931 68 18 which
2102 937 12 13 a
2124 931 112 23 beginning
2245 936 42 13 was
2306 930 60 20 made
2384 931 44 21 had

1904 962 36 18 not
1950 962 51 19 been
2011 967 23 13 ho
2044 961 61 19 small
2116 961 46 19 that
2172 967 38 13 our
2219 961 76 20 author
2312 961 60 20 could
2390 963 39 19 not

1904 992 91 24 possibly
2003 992 40 19 feel
2053 992 35 19 the
2099 993 54 18 want
2163 992 22 18 of
2203 992 22 21 it,
2244 992 27 19 he
2289 992 67 19 would
2375 992 52 21 have

1904 1021 50 20 been
1964 1023 119 23 constantly
2093 1023 92 24 tempted
2194 1024 21 18 to
2226 1028 62 19 repay
2297 1023 85 19 himself
2392 1024 37 20 the

1904 1056 87 18 amount
1999 1054 27 20 he
2041 1054 42 19 had
2102 1054 21 20 at
2143 1054 43 20 first
2205 1054 92 20 invested
2307 1061 5 18 ;
2330 1054 43 20 and
2390 1061 39 15 one

1904 1085 109 24 departure
2031 1086 54 18 from
2105 1085 33 19 his
2156 1085 113 19 resolution
2289 1086 67 19 would
2374 1086 54 20 have

1904 1115 78 19 shaken
1992 1115 35 20 the
2037 1115 63 21 whole
2111 1117 106 24 tu.ierstru
2229 1115 9 20 t
2247 1121 34 15 ire.
2313 1115 41 20 For
2372 1116 57 21 these

1905 1146 42 20 and
1964 1147 86 19 kindred
2069 1153 91 18 reasons,
2179 1147 34 19 the
2232 1153 46 14 now
2297 1147 134 25 full-pledged

1905 1177 99 20 financier
2020 1178 146 24 emphatically
2185 1178 91 19 reminds
2295 1178 33 19 his
2347 1180 82 19 readers

1906 1207 46 21 that
1978 1208 27 20 he
2032 1211 76 18 cannot
2126 1213 111 20 guarantee
2255 1215 80 14 success
2352 1210 22 20 m
2395 1211 35 19 the

1907 1238 84 25 Making
2001 1239 21 19 of
2032 1246 12 13 a
2054 1239 114 21 Thousand
2177 1239 84 21 Pounds
2271 1241 21 19 to
2303 1241 35 19 the
2356 1247 75 20 person

1907 1269 45 20 who
1963 1270 62 25 adopt
2029 1277 7 12 i
2046 1277 41 18 any
2097 1271 59 20 other
2163 1272 47 19 coin
2225 1270 52 21 than
2295 1278 13 13 a
2318 1272 72 24 Penny
2407 1279 24 13 as

1907 1300 35 20 the
1952 1301 55 19 basis
2017 1302 21 19 of
2047 1302 33 19 his
2090 1302 76 20 efforts.

1932 1332 48 20 And
1989 1338 45 14 now
2051 1339 30 14 we
2100 1333 40 20 will
2158 1334 28 20 let
2205 1334 43 20 him
2268 1335 36 20 tell
2325 1335 34 20 his
2378 1342 47 14 own

1906 1363 62 24 story.
2006 1364 37 19 We
2060 1370 49 19 may
2126 1364 25 20 be
2170 1365 79 25 obliged
2268 1367 22 18 to
2308 1366 118 22 abbreviate

1906 1395 119 19 sometimes
2039 1395 91 25 through
2145 1397 57 19 want
2220 1397 22 18 of
2260 1403 67 19 space,
2345 1397 38 20 but
2401 1404 30 15 we

1908 1425 43 19 will
1958 1426 38 19 not
2015 1426 52 20 alter
2084 1426 36 20 the
2138 1427 87 20 authors
2243 1428 106 25 language.
2386 1428 43 21 Hia

1907 1455 66 20 words
1982 1456 59 23 have,
2050 1456 22 19 m
2083 1457 59 25 point
2152 1458 21 19 of
2182 1458 49 23 fact,
2241 1464 12 14 a
2263 1459 77 20 certain
2359 1460 72 20 charm

1907 1487 21 19 of
1938 1487 53 20 thair
2000 1494 52 18 own,
2059 1488 32 20 for
2101 1488 48 26 they
2159 1489 79 20 exhibit
2248 1489 35 21 the
2299 1491 92 24 working
2410 1493 22 19 of

1907 1524 28 14 an
1953 1519 34 21 old
2004 1519 109 21 fashioned
2136 1521 67 25 spirit,
2221 1521 39 20 full
2279 1521 21 19 of
2318 1522 114 26 simplicity

1907 1550 60 20 while
1976 1552 101 23 parading
2095 1552 28 19 its
2132 1552 134 24 shrewdness,
2276 1552 77 26 having
2362 1554 48 20 mit
2418 1560 14 15 a

1907 1582 71 24 strong
2006 1584 66 18 strain
2099 1583 22 20 of
2151 1583 94 25 modesty
2269 1584 42 20 and
2329 1590 104 15 common-

1907 1618 64 17 sense,
1981 1613 43 25 just
2032 1620 12 13 a
2055 1614 63 20 shade
2127 1615 142 24 pettifogging,
2279 1615 42 20 and
2338 1618 35 22 yet
2391 1616 40 20 full

1907 1644 22 19 of
1945 1644 167 25 thoughtfuluess
2128 1646 32 19 for
2170 1646 76 23 others,
2264 1646 59 21 while
2341 1648 91 24 seeming

1909 1675 21 20 to
1940 1675 24 19 be
1974 1676 77 19 almost
2060 1677 71 19 sordid
2140 1677 22 19 m
2172 1677 27 19 its
2208 1677 59 20 aims.

1968 1712 39 14 was
2018 1714 12 12 a
2040 1709 61 17 small
2119 1708 135 25 shop-keeper
2272 1709 22 19 m
2313 1714 13 14 a
2343 1711 88 24 country

1907 1737 56 20 town
1982 1738 72 19 within
2072 1744 13 13 a
2104 1738 94 21 hundred
2216 1739 59 20 miles
2294 1740 21 19 of
2332 1740 96 21 London.

1907 1767 37 26 My
1959 1768 52 25 shop
2027 1769 96 25 occupied
2134 1776 11 13 a
2164 1770 101 19 situation
2281 1770 23 19 m
2322 1776 13 14 a
2352 1773 80 19 central

1906 1801 46 22 part
1962 1800 22 18 of
1993 1800 34 20 the
2044 1802 60 22 town,
2124 1801 79 24 though
2221 1801 11 19 I
2250 1803 76 19 cannot
2344 1804 87 23 pretend

1907 1830 46 21 that
1971 1830 17 21 it
2008 1837 40 14 was
2067 1837 12 14 a
2097 1832 108 20 first-class
2215 1832 59 26 shop.
2318 1833 76 20 Indeed
2412 1834 17 21 it

1906 1862 106 24 presented
2022 1869 12 12 a
2044 1868 46 18 very
2101 1863 85 19 humble
2204 1869 128 19 appearance
2341 1870 23 13 as
2382 1870 49 14 con-

1907 1893 78 20 trasted
1994 1893 50 20 with
2053 1900 35 18 my
2097 1894 119 25 neighbors;
2226 1895 45 19 who
2281 1895 89 24 rejoiced
2378 1896 23 20 m
2415 1903 15 14 a

1906 1924 95 26 splendid
2010 1924 86 25 drapery
2105 1925 166 24 establishment,
2283 1926 42 19 and
2337 1929 61 23 spent
2417 1934 12 13 a

1905 1958 58 22 great
1972 1956 83 24 portion
2065 1956 22 19 of
2096 1956 33 19 his
2139 1956 50 20 time
2198 1956 22 20 m
2229 1956 83 26 driving
2321 1957 64 21 about
2402 1959 24 19 m

1906 1991 12 14 a
1936 1986 107 20 one-horse
2062 1987 73 19 chaise.
2182 1987 57 20 Then
2259 1987 57 21 there
2334 1994 43 14 was
2392 1989 37 20 the

1904 2017 87 20 chemist
2001 2017 42 20 and
2056 2017 91 25 druggist
2156 2019 99 24 opposite,
2274 2018 46 20 who
2337 2019 43 21 had
2396 2026 31 15 re-

1904 2049 90 24 recently
2003 2049 104 25 expended
2120 2055 57 14 seme
2185 2050 104 20 hundreds
2307 2051 22 19 of
2345 2051 83 25 pounds

1905 2085 56 19 upon
1980 2086 12 14 a
2010 2086 44 13 new
2072 2081 56 19 front
2146 2081 52 19 with,
2216 2081 95 24 carvings
2330 2082 21 18 of
2369 2083 55 19 lions

1904 2110 64 21 heads
1977 2110 41 20 and
2028 2111 65 19 lizard
2102 2112 70 19 forms.
2199 2112 40 19 His
2257 2114 93 19 monster
2367 2113 59 25 globe

1905 2142 21 19 of
1935 2148 59 18 green
2004 2143 68 23 water,
2082 2142 49 20 with
2151 2148 12 14 a
2180 2143 99 24 powerful
2297 2149 36 19 gas
2351 2143 76 21 burner

1904 2173 76 19 behind
1989 2173 23 23 it,
2024 2173 68 24 tinged
2102 2179 58 18 every
2177 2174 54 19 nook
2250 2174 41 20 and
2309 2180 80 20 cranny
2406 2176 22 19 of

1905 2210 35 19 my
1955 2204 53 19 little
2026 2204 158 20 establishment
2201 2204 51 20 with
2270 2205 28 19 its
2316 2205 113 25 unearthly

1904 2236 62 24 glare.
1992 2236 73 25 People
2074 2235 50 21 used
2135 2236 21 19 to
2166 2236 80 20 remark
2256 2236 27 25 by
2301 2236 60 25 night
2380 2236 47 21 that

1904 2273 34 18 my
1947 2267 40 20 rice
1997 2273 42 14 was
2050 2268 36 19 not
2097 2273 11 13 a
2117 2267 53 24 good
2179 2267 61 23 color,
2251 2267 46 19 that
2315 2273 36 18 my
2368 2268 59 25 lump

1904 2303 63 19 sugar
1975 2304 42 14 was
2029 2298 85 20 inferior
2123 2298 23 19 m
2161 2298 87 25 quality,
2265 2298 44 21 and
2327 2299 47 20 that
2391 2305 37 19 my

1905 2329 46 20 wife
1959 2330 72 19 looked
2041 2335 47 19 very
2096 2330 30 19 iil.

1931 2366 34 25 My
1975 2365 52 25 shop
2040 2371 41 14 was
2091 2365 100 24 suddenly
2205 2365 86 20 reduced
2300 2366 23 19 m
2340 2366 44 20 size
2401 2367 28 24 by

1905 2402 35 19 my
1957 2396 101 24 landlord,
2072 2396 46 19 who
2134 2396 49 20 took
2201 2396 71 25 nearly
2286 2396 35 21 the
2330 2396 66 21 whole
2408 2398 23 19 of

1904 2433 39 14 one
1952 2427 85 20 window
2046 2433 58 18 away
2113 2427 32 19 for
2156 2427 34 19 the
2207 2433 88 18 purpose
2314 2427 23 20 of
2354 2427 74 21 widen-

1904 2458 35 25 ing
1947 2458 33 20 his
1989 2458 90 25 carriage
2098 2464 46 18 way
2161 2458 104 25 adjacent.
2299 2459 13 19 I
2331 2464 42 14 was
2391 2458 38 21 left

1904 2490 50 19 with
1964 2489 54 24 forty
2027 2488 72 20 inches
2118 2489 20 19 of
2156 2488 86 20 window
2260 2495 28 14 on
2307 2489 47 20 that
2372 2489 44 21 side
2423 2497 6 16 ;

1905 2521 49 22 then
1964 2526 58 16 came
2032 2519 35 23 the
2076 2519 109 28 door-way,
2195 2521 42 21 and
2246 2520 51 22 then
2309 2521 35 20 the
2362 2521 68 26 larger

1905 2553 92 20 window.

1931 2590 35 25 My
1975 2590 73 23 Penny
2055 2589 82 19 scheme
2151 2589 18 19 is
2187 2589 113 20 connected
2319 2589 51 19 with
2388 2589 43 20 this

1904 2621 55 19 little
1968 2620 91 19 window.
2087 2620 44 19 One
2142 2620 90 24 Monday
2243 2619 102 25 morning,
2356 2620 10 19 I
2382 2620 49 19 took

1905 2658 13 14 a
1933 2651 71 25 Penny
2012 2650 55 21 from
2084 2656 37 19 my
2139 2650 79 26 pocket,
2238 2650 85 20 marked
2341 2650 17 20 it
2377 2656 55 15 care-

1905 2683 54 24 fully
1967 2688 22 14 so
2008 2681 47 21 that
2065 2682 11 20 I
2095 2682 75 20 should
2188 2682 59 20 know
2265 2682 18 20 it
2301 2682 62 24 again
2381 2682 17 20 if
2415 2683 18 19 it

1905 2720 58 15 came
1970 2713 53 20 back
2028 2714 22 19 to
2060 2718 33 14 me
2102 2713 43 19 and
2153 2712 116 26 purchased
2278 2712 50 20 with
2337 2713 24 23 it,
2378 2714 54 19 from

1906 2751 36 19 my
1954 2750 45 14 owu
2017 2744 64 22 stock,
2099 2745 23 18 at
2141 2743 35 20 the
2194 2743 111 19 wholesale
2324 2743 61 25 price,
2403 2749 29 14 an

1907 2775 71 21 article
1996 2774 82 24 usually
2095 2773 116 26 purchased
2227 2773 24 19 io
2272 2773 159 25 Penny-worths

1906 2813 27 14 on
1944 2806 90 24 Monday
2044 2805 103 24 morning.
2173 2804 12 19 I
2194 2805 45 19 sold
2257 2804 42 20 this
2318 2805 72 19 article
2409 2807 22 18 to

1905 2838 37 21 the
1959 2838 45 19 first
2022 2836 112 25 applicant.
2168 2835 49 19 Now
2236 2835 57 20 there
2312 2841 35 14 are
2365 2841 66 19 many

1907 2870 81 20 artioles
1997 2868 23 20 m
2032 2867 58 20 trade
2099 2866 68 20 which
2176 2866 55 25 yield
2240 2866 63 20 much
2312 2872 57 15 more
2379 2867 53 21 than

1907 2901 35 20 the
1951 2905 85 20 average
2044 2899 62 25 profit
2113 2907 5 16 ;
2128 2899 42 19 and
2185 2898 35 20 the
2231 2898 54 20 ratio
2295 2899 21 19 of
2325 2899 61 25 profit
2396 2905 36 20 up-

1907 2939 28 13 on
1944 2932 61 20 small
2014 2930 113 24 quantities
2136 2929 46 20 sold
2191 2929 19 20 is
2219 2930 64 20 much
2290 2930 155 22 greater-than-

1907 2963 47 21 that
1962 2968 56 20 upon
2034 2961 56 24 large
2108 2961 119 24 quantities.
2263 2960 20 19 It
2302 2959 18 20 is
2340 2959 92 23 obvious,

1906 2994 107 23 therefore,
2024 2992 46 20 that
2081 2992 35 20 the
2125 2992 60 24 profit
2196 2996 55 20 upon
2261 2997 13 13 a
2283 2992 83 23 quarter
2382 2990 21 20 of
2420 2996 14 15 a

1907 3032 12 14 a
1928 3024 95 21 hundred
2032 3023 75 25 weight
2117 3023 21 19 of
2148 3029 12 13 a
2170 3022 59 25 given
2248 3022 78 23 article,
2347 3021 46 20 sold
2410 3021 24 20 m

1906 3055 159 25 Pennyweights
2093 3055 22 19 to
2140 3059 63 19 many
2220 3058 91 20 persons,
2329 3053 18 19 is
2369 3052 64 21 much

1906 3089 66 23 larger
1982 3087 52 20 than
2044 3092 57 19 upon
2110 3086 35 20 the
2154 3091 58 14 same
2230 3085 98 24 quantity
2347 3084 47 20 sold
2411 3085 23 19 to

1907 3125 39 14 one
1955 3123 80 21 person.
2062 3117 68 20 When
2140 3123 35 19 my
2194 3116 52 24 shop
2270 3116 69 20 closed
2356 3116 23 19 m
2398 3115 36 22 the

1906 3151 93 23 evening,
2017 3149 11 19 I
2051 3148 65 20 found
2136 3148 46 20 that
2199 3147 11 19 I
2228 3147 42 20 had
2288 3147 103 25 produced
2409 3153 24 13 or

1907 3187 71 21 grown
1989 3180 65 21 Seven
2060 3179 95 20 Pennies.

1919 3217 84 25 Having
2013 3216 48 20 thus
2070 3214 76 21 started
2156 3215 35 19 the
2201 3218 68 21 gejme
2278 3214 22 20 of
2309 3220 36 19 my
2351 3215 82 24 system,

1905 3250 12 20 I
1926 3248 125 21 determined
2061 3249 22 18 to
2091 3248 38 24 put
2140 3253 33 18 my
2184 3246 70 24 Penny
2265 3252 56 19 upon
2340 3246 28 20 its
2387 3252 47 14 own

1905 3285 110 17 resources,
2026 3280 22 18 to
2057 3278 60 19 make
2126 3278 17 19 it
2161 3278 22 19 m
2202 3283 60 18 every
2279 3277 79 25 respect
2377 3276 55 20 inde-

1905 3311 92 26 pendent
2003 3310 22 19 of
2034 3316 35 18 my
2080 3309 83 24 general
2179 3308 103 22 business,
2300 3307 42 21 and
2358 3309 38 18 not
2410 3309 24 18 to

1906 3343 60 20 allow
1975 3342 17 19 it
2002 3343 22 18 to
2033 3341 90 25 infringe
2140 3346 56 20 upon
2215 3340 35 21 the
2268 3340 72 26 profits)
2358 3340 22 20 of
2398 3345 36 19 my

1906 3374 95 27 previous
2011 3373 64 23 trade,

1933 3411 25 19 In
1969 3410 35 20 the
2013 3415 71 16 course
2095 3409 21 20 of
2126 3410 40 18 two
2175 3415 23 13 or
2208 3408 57 21 three
2275 3408 65 20 weeks
2358 3407 12 20 I
2389 3406 42 21 had

1906 3441 142 22 accumulated
2058 3440 78 22 several
2145 3441 97 24 shillings
2253 3443 25 22 by
2297 3440 35 20 the
2350 3440 42 19 sale
2410 3438 21 21 of

1906 3473 149 25 Pennyworths
2065 3473 22 19 of
2097 3472 34 20 the
2141 3472 72 20 article
2222 3472 49 19 with
2289 3471 67 20 which
2370 3470 11 20 I
2399 3469 32 20 be-

1906 3511 47 19 gan.
1981 3504 27 20 At
2021 3504 43 20 this
2083 3504 49 19 time
2151 3510 34 18 my
2205 3503 53 20 little
2277 3502 51 25 shop
2339 3500 92 23 window,

1907 3536 66 20 which
1984 3536 56 19 since
2049 3535 28 20 its
2087 3535 111 20 alteration
2212 3534 42 20 had
2272 3533 90 26 scarcely
2380 3532 50 19 beeu

1906 3568 51 21 used
1966 3568 70 25 except
2046 3569 22 18 to
2078 3567 79 20 exhibit
2172 3574 12 13 a
2202 3567 37 19 few
2257 3565 78 20 notices
2354 3564 21 19 of
2392 3563 38 19 lee

1905 3602 56 19 tures
1970 3600 41 20 and
2022 3600 35 20 the
2066 3599 47 26 like,
2126 3605 58 13 came
2202 3598 45 19 into
2265 3603 35 17 my
2318 3594 64 21 mind.
2419 3593 12 20 I

1906 3631 127 23 determined
2044 3633 21 19 to
2076 3631 71 20 devote
2156 3630 17 20 it
2183 3632 22 17 to
2212 3629 35 20 the
2264 3628 73 20 service
2356 3626 21 20 of
2395 3631 35 18 my

1905 3666 79 24 Penny,
1994 3664 26 24 by
2031 3662 132 24 introducing
2173 3662 31 19 for
2212 3661 42 19 sale
2262 3659 80 20 various
2349 3657 82 20 articles

1904 3697 22 19 m
1937 3696 68 20 which
2015 3696 10 19 I
2035 3695 41 20 had
2086 3696 36 18 not
2131 3694 117 25 previously
2259 3690 76 20 traded.
2363 3688 68 21 These

1904 3728 83 20 artioles
2015 3726 75 22 should
2109 3726 25 20 be
2161 3725 78 21 wanted
2257 3723 25 24 by
2300 3721 37 21 the
2354 3720 73 27 public

636 55 136 25 OXFORD
806 53 69 24 AND
911 53 86 26 CUST
1032 55 186 26 OBSERVER,
1255 51 186 28 SATURDAY,
1477 50 154 25 OCTOBER
1665 50 38 25 20,
1741 48 59 22 1880
