2428 3815
25 121 139 25 imperishable
175 127 20 13 m
214 121 111 23 character,
346 121 88 20 saleable
450 122 21 19 m
481 118 69 31 '^siiutll

26 153 120 23 quantities,
158 153 107 19 attractive
276 153 21 18 m
312 159 134 19 appearance,
465 153 85 25 capable

27 185 21 17 of
57 184 92 23 yielding
157 190 12 12 a
179 184 52 23 good
237 185 68 22 profit.
342 184 10 18 I
371 183 65 19 found
451 190 28 13 no
498 185 51 19 dilii-

27 216 56 22 ciiity
93 215 21 18 m
126 214 83 24 making
217 216 60 17 suuili
293 215 111 24 purchases
423 215 22 18 of
463 221 12 13 a
493 216 57 23 great

27 247 78 23 variety
134 246 20 19 of
179 247 69 23 things
275 245 114 25 answering
407 247 21 18 to
448 245 56 21 these
522 252 29 14 re-

27 278 132 23 quirements,
170 277 41 19 and
225 283 50 13 soon
286 283 33 17 my
334 277 53 18 little
403 277 86 19 window
507 283 44 20 pre-

29 310 71 17 sented
109 315 12 12 a
130 308 62 23 really
203 308 108 19 attractive
320 313 132 19 appearance.

54 350 25 19 In
91 350 47 22 fact,
149 349 35 20 the
193 349 53 20 little
263 348 86 19 window
367 355 51 12 soon
436 348 116 21 influenced

29 387 35 18 my
83 381 81 24 general
184 380 92 19 business
284 387 5 16 ;
307 380 31 19 for
358 380 10 19 1
387 379 65 20 found
471 380 80 24 myself,

29 412 54 20 after
92 419 12 12 a
120 412 37 18 few
177 411 91 22 months,
288 411 49 18 with
354 418 12 12 a
385 411 168 24 supplementary

30 443 93 20 business
133 442 92 24 growing
235 447 22 13 so
269 442 79 24 rapidly
358 447 23 14 as
395 443 21 18 to
426 441 90 26 promise
530 442 22 19 to

30 475 94 18 overtake
149 474 21 18 m
189 473 128 25 importance
336 479 34 17 my
387 473 82 23 general
487 472 64 20 trade.

30 506 119 18 Remember
160 504 45 18 that
216 504 21 18 m
257 503 42 19 this
314 503 167 24 supplementary
497 502 55 20 busi-

30 541 47 13 ness
88 535 27 18 all
126 534 33 19 the
170 534 72 25 profits
251 540 51 13 were
320 534 84 18 allowed
420 534 22 18 to
458 539 94 13 accumu-

29 567 48 21 late,
88 568 36 17 not
134 572 12 13 a
156 566 70 24 Penny
245 564 59 24 being
322 564 129 19 substntcted
465 564 32 19 for
512 569 42 19 any

30 604 89 17 purpose
130 597 106 19 whatever.
274 597 11 18 I
303 596 42 19 had
354 602 27 12 no
389 599 45 16 rent
442 597 21 17 to
469 601 47 18 pay,
526 600 27 14 no

30 631 65 19 taxes,
107 635 25 11 110
147 627 95 19 artifioiul
250 627 59 24 light,
320 633 27 12 no
357 633 20 12 m
385 626 55 19 mths
460 627 21 18 to
499 626 52 20 feed,

30 665 27 12 no
67 659 61 18 b-isks
140 661 20 16 to
170 658 73 22 cloths,
252 664 27 12 no
298 657 53 19 risks
367 659 53 17 froiu
433 657 39 19 bad
486 656 65 23 debts,

32 696 26 13 no
67 691 72 18 labour
150 694 20 15 to
181 691 134 17 remunerate.
344 690 27 17 So
381 689 32 19 far
424 694 22 13 as
457 687 97 25 regarded

30 727 35 18 vay
74 722 54 18 littie
138 721 85 19 window
233 720 41 19 and
282 720 27 19 its
320 721 98 22 business,
429 720 63 19 Profit
511 725 41 13 was

30 752 117 24 constantly
177 752 58 23 being
262 751 66 19 added
345 755 20 15 to
383 750 108 25 Principal,
511 749 41 20 and

30 782 106 24 Principal
156 782 118 24 constantly
303 781 59 25 being
378 781 83 26 applied
478 783 20 19 to
518 781 35 20 the

32 813 155 24 augmentation
197 814 21 18 of

106 902 69 23 THE
194 902 89 23 VIEW
300 902 84 23 HILL
401 902 80 23 FIRE.

58 960 46 19 The
113 966 46 13 case
172 960 21 19 of
202 960 106 23 Laugesen
319 966 17 12 v.
347 960 92 19 Plaskett
455 966 42 13 was
507 966 47 13 con-

33 985 72 20 cluded
115 990 22 15 at
147 986 34 19 the
197 987 98 24 Supreme
311 986 71 23 Court,
399 985 156 24 Christchurch,

33 1018 27 13 on
79 1012 108 25 Thursday
203 1013 47 21 last,
265 1013 58 18 when
341 1012 34 20 the
389 1012 47 25 jury
451 1012 67 20 found
531 1017 23 15 as

34 1039 64 19 under
108 1044 4 14 :
118 1049 22 4 —

67 1075 30 26 (1)
117 1075 54 19 Was
189 1075 40 20 the
246 1075 105 26 property
369 1075 23 19 of
409 1075 39 19 the
466 1075 89 26 plantiff

30 1101 117 26 destroyed
156 1102 29 24 by
194 1102 38 19 the
241 1102 39 19 fire
290 1101 70 20 which
370 1108 43 13 was
422 1102 28 20 lit
469 1102 29 25 by
516 1101 39 20 the

32 1129 120 19 defendant
161 1135 28 13 on
200 1128 48 25 Sep.
264 1129 12 19 9
281 1128 9 19 ?
319 1127 49 21 Yes.
401 1128 31 26 (2)
443 1128 21 20 If
473 1134 29 18 so,
511 1134 43 14 was

32 1156 62 18 there
104 1155 128 25 negligence
242 1154 23 19 of
274 1154 37 19 the
320 1154 121 20 defeudant
450 1155 23 19 m
482 1154 73 25 light-

30 1188 40 18 ing
84 1181 54 20 such,
156 1182 38 18 lire
212 1187 24 13 or
254 1180 23 19 m
296 1181 131 25 subsequent
445 1180 108 21 conduct?

31 1208 50 19 Yes.
122 1208 31 26 (3)
174 1208 44 19 Did
236 1207 54 20 such
308 1207 37 19 fire
363 1208 79 24 spread
459 1208 96 25 entirely

31 1235 71 25 owing
112 1235 23 19 to
145 1241 14 13 a
168 1235 46 23 gale
225 1234 22 20 of
265 1234 178 26 unprecedented
455 1235 98 25 severity

30 1261 45 20 and
85 1261 70 20 which
168 1260 120 20 amounted
296 1263 24 16 to
338 1267 14 12 a
370 1261 31 18 vis
419 1262 70 23 major,
511 1261 43 19 and

30 1288 71 19 wli.ch
110 1288 64 19 could
184 1289 38 17 not
233 1290 24 15 be
266 1286 130 25 reasonably
404 1287 149 25 anticipated?

30 1314 43 19 No.
104 1314 29 25 (-i)
149 1314 49 19 Was
206 1314 39 19 the
249 1313 43 19 loss
298 1313 39 19 the
344 1313 71 20 result
422 1315 21 17 of
446 1314 54 24 plan
502 1314 52 19 tiff's

29 1340 139 26 negligence?
196 1340 33 19 No
254 1340 30 24 (5)
314 1339 70 20 What
393 1345 42 14 was
445 1340 34 19 the
488 1340 66 20 value

27 1368 24 18 of
62 1367 35 20 ihe
106 1368 103 24 property
218 1366 131 25 destroyed?
377 1366 58 20 ,£516
446 1366 37 19 19s
493 1366 46 20 lOd.

26 1447 530 78 LATEST

26 1525 193 4 NEWS
267 1525 289 4 ITEMS.

229 1574 122 17 ENGLISH.

57 1610 67 19 Three
138 1610 104 19 thousand
258 1610 77 19 miners
350 1610 23 20 m
387 1611 98 24 England
500 1611 51 20 have

29 1642 69 18 struck
108 1641 32 19 for
150 1641 73 24 higher
232 1647 66 18 wages
308 1641 42 19 snd
360 1641 63 21 belter
433 1644 69 18 terms.

55 1678 54 19 Lord
125 1677 85 20 Char.es
224 1677 107 20 Bereoford
350 1678 39 20 has
406 1679 94 24 resigned
519 1679 32 21 his

29 1710 45 18 seat
88 1709 21 19 m
126 1711 34 17 tbe
177 1709 88 24 English
283 1709 71 19 House
368 1710 24 18 of
407 1709 112 21 Commons
532 1714 19 16 to

29 1740 47 19 take
86 1740 136 19 commanded
231 1740 76 19 li.M.d.
319 1740 133 20 Undaunted.

53 1776 73 20 Severe
134 1776 57 24 gales
206 1776 96 20 occurred
312 1777 89 24 recently
417 1776 22 20 m
456 1776 35 21 the
505 1778 46 20 west

26 1807 22 18 of
55 1808 103 23 England.
185 1808 82 24 During
274 1808 28 19 its
309 1814 93 19 progress
409 1809 40 20 two
453 1810 98 19 steamers

27 1844 52 14 were
93 1839 94 20 wrecked.

50 1874 20 19 It
84 1875 19 19 is
114 1876 93 24 reported
229 1875 46 20 that
284 1881 13 14 a
319 1881 47 14 case
380 1877 23 19 of
417 1876 83 26 leprosy
514 1876 37 20 has

26 1907 98 19 occurred
133 1909 21 17 at
168 1907 71 19 Essex.

51 1942 18 19 A
87 1944 97 23 proposal
199 1943 39 20 has
255 1942 50 20 been
323 1942 59 21 made
399 1944 21 19 to
438 1943 69 25 bridge
518 1943 33 21 the

26 1973 90 24 English
126 1975 99 19 uhannel.

52 2010 34 17 An
100 2011 78 18 actress
187 2010 22 19 m
226 2009 88 20 London
323 2010 40 19 has
377 2010 52 19 been
438 2010 76 20 robbed
528 2011 23 19 of

26 2040 42 19 two
89 2040 105 19 thousand
207 2040 88 25 pounds'
314 2041 66 19 worth
389 2042 22 18 of
419 2041 75 24 jewels.

52 2075 34 19 An
94 2076 105 19 extensive
207 2076 87 24 robbery
303 2076 21 19 of
333 2076 96 20 Mexican
438 2076 66 21 bonds
513 2076 38 21 has

26 2105 62 21 taken
97 2107 59 24 place
164 2107 21 19 m
195 2107 95 21 London.

227 2158 127 20 FOREIGN.

53 2195 45 20 The
113 2196 104 20 atrocities
231 2199 22 17 at
269 2197 34 19 the
319 2196 70 21 island
404 2197 23 20 of
442 2197 59 20 Crete
515 2203 34 14 are

24 2227 45 19 still
77 2227 131 26 continuing.

53 2263 43 20 The
104 2264 104 25 Japanese
222 2264 96 20 Minister
327 2265 32 19 for
374 2265 88 24 Foreign
473 2265 76 20 Affairs

25 2294 39 20 has
74 2295 50 19 been
140 2295 142 25 murderously
291 2296 97 20 attacked
401 2296 23 20 m
434 2297 34 19 the
478 2298 71 19 streets

23 2326 24 19 of
56 2326 70 19 Tokio.
167 2327 33 18 An
210 2328 88 23 attempt
309 2333 41 13 was
366 2327 59 19 made
435 2330 21 16 to
466 2330 83 22 capture

26 2356 35 19 the
77 2357 107 22 as.sai'ant,
202 2357 44 18 who
263 2357 101 25 managed
378 2359 21 18 to
413 2363 78 19 escape,
509 2357 40 20 and

24 2391 49 15 tueu
85 2387 119 19 OLiiii.uiiied
213 2387 84 20 suicide.

52 2427 34 16 AU
99 2424 94 19 jchudien
208 2429 52 14 uorn
276 2423 22 20 m
314 2423 104 21 Zanzibar
436 2425 52 20 after
503 2425 46 21 21st

25 2454 94 24 January
129 2458 48 16 next
187 2455 42 19 will
239 2454 23 20 be
272 2455 93 19 declared
373 2455 110 20 free-born.

52 2490 44 19 The
112 2490 54 25 King
181 2491 21 19 of
217 2491 99 25 Portugal
331 2490 49 21 died
395 2492 23 20 at
432 2491 80 21 Lisbon
521 2498 28 15 on

24 2521 88 20 October
123 2521 54 21 18th.

50 2559 20 18 A
84 2558 86 25 railway
182 2558 96 20 collision
292 2559 98 20 occurred
398 2560 25 21 at
432 2560 44 21 San
483 2560 66 21 Fran-

23 2590 56 19 cia.co
95 2594 28 13 on
133 2590 87 18 October
235 2589 55 24 18th,
305 2591 26 22 by
347 2590 68 20 which
424 2592 66 25 thirty
502 2598 47 21 j)er-

24 2625 50 16 soiis
91 2625 49 14 were
150 2620 63 19 killed
229 2620 42 19 and
286 2626 65 20 many
365 2622 70 19 others
448 2622 101 27 seriously

23 2651 89 24 injured.

50 2688 22 20 A
88 2688 59 19 Pads
163 2688 71 19 doctor
247 2688 19 19 is
278 2690 106 24 supposed
399 2692 21 18 to
437 2690 54 21 have
506 2690 43 21 dis-

23 2719 86 19 covered
118 2718 35 20 the
163 2719 88 19 microbe
265 2719 21 19 of
294 2721 110 24 smallpox.

50 2755 73 19 Prince
140 2754 91 21 William
244 2755 21 19 oi
281 2755 144 27 Wurtembmg
439 2757 40 21 has
497 2758 52 20 been

22 2785 52 20 fired
81 2791 56 16 upon
147 2785 25 22 by
182 2792 12 13 a
200 2785 88 21 lunatic

199 2844 180 21 AUSTRALIAN.

51 2881 19 19 A
85 2886 50 14 man
145 2880 42 20 and
204 2880 33 20 his
247 2881 45 19 wife
308 2888 51 13 were
367 2882 64 20 killed
444 2883 26 24 by
488 2884 58 25 light-

23 2912 53 21 ning
83 2912 22 16 m
115 2912 48 18 ilew
172 2912 67 19 youth
251 2912 66 20 Wales
326 2919 28 13 on
364 2913 87 20 October
456 2915 34 20 20.

51 2949 18 16 A
78 2947 56 23 large
142 2947 37 20 £re
196 2948 96 19 occurred
305 2949 22 18 m
337 2950 120 20 Melbourne
464 2957 30 15 on
501 2951 45 21 Out.

20 2977 37 23 2S,
77 2978 25 23 by
123 2978 65 20 which
204 2984 42 15 one
265 2979 21 19 of
304 2979 34 20 the
352 2980 77 25 largest
443 2982 103 21 .furniture

23 3010 129 19 warehouses
162 3015 22 14 m
194 3010 45 19 that
249 3010 42 24 ciiy
305 3017 40 14 was
354 3013 114 25 destroyed.

51 3048 16 16 A
84 3052 49 14 man
150 3046 42 20 and
207 3046 34 21 bis
257 3046 102 25 daughter
374 3048 53 21 hare
443 3049 103 22 beea«ea-

22 3079 74 17 tenced
112 3078 22 18 m
153 3078 119 19 Melbourne
290 3081 22 16 to
331 3079 25 20 10
372 3079 66 24 years'
457 3081 43 20 and
522 3083 24 19 12

20 3108 94 20 .mouths'
124 3109 159 24 iuiprisoniueut
294 3110 141 25 xespecti.vely;
446 3112 35 19 for
491 3118 55 14 mur-

20 3139 74 25 dering
104 3139 35 20 the
149 3140 77 19 lasfcer's
240 3140 130 24 illegitimate
377 3142 64 20 child.

49 3177 18 18 A
77 3182 80 13 woman
171 3176 40 21 has
222 3177 50 19 been
286 3177 124 21 committed
417 3179 33 19 for
459 3179 50 21 trial
524 3180 22 20 ie

20 3206 86 27 Sydney
114 3213 28 14 on
150 3208 56 20 three
212 3209 88 24 .charges
309 3210 22 18 oi
339 3209 90 21 murder.

48 3246 19 19 A
82 3245 63 20 cLyath
161 3245 40 21 haa
211 3245 97 21 occurred
316 3245 24 21 m
356 3246 120 21 Melbourne
490 3248 55 20 from

20 3277 58 20 what
86 3277 20 18 is
116 3277 102 23 biipposed
227 3280 23 17 to
259 3278 23 18 be
291 3277 80 20 Asiatic
380 3278 89 21 cholera.

177 3330 32 18 NEW
209 3330 178 18 ZEALAND.

48 3368 42 18 '-"lie
101 3368 105 18 Governor
217 3368 35 18 ieft
262 3368 75 18 Nelson
347 3373 27 13 on
382 3368 88 19 October
479 3369 26 20 23
515 3370 32 19 for

41 3405 18 11 .v..
66 3399 111 20 j.suii'iiitfii,
191 3398 31 18 vjj.
234 3403 33 13 cue
279 3398 55 19 Wedt
345 3400 68 17 Uoa,st.

50 3441 17 12 .l
88 3441 50 12 H---MU
159 3436 21 16 of
199 3434 120 19 A;.:;uu.iiiAU
334 3437 85 17 buwiers
439 3436 40 19 will
498 3437 49 20 visit

41 3476 10 8 i.
55 3473 3 7 I
57 3472 12 12 .'/
90 3467 40 17 Ami
140 3468 40 16 Ai.vd
200 3471 73 16 tiU>"i!)j.'
297 3467 118 22 iXovemuer,
435 3468 43 19 and
498 3469 50 25 jplay

22 3503 54 12 :.'ju.t(.
76 3505 2 3 -
77 3499 39 16 .Jio.s
126 3503 21 11 m
159 3502 53 13 ;iiuj[.
221 3497 20 17 uf
252 3500 33 14 Liv:
295 3500 64 15 cit.ii;>:.

49 3534 100 23 Tj.'tuuyfi
166 3538 33 14 tuo
209 3534 104 22 ca-y.-.iiiirii;
331 3534 20 17 ol
362 3539 12 13 a,
391 3534 48 19 boat
455 3535 23 18 m
497 3535 50 20 Wel-

22 3566 82 23 ':.nylvn
114 3564 77 20 haibor
200 3570 26 14 <;n
237 3563 88 19 OhU/'.im-
335 3566 30 21 '£$,
384 3568 39 16 two
432 3572 48 14 men
498 3572 50 15 were

161 3598 16 16 A
187 3601 68 19 youiig
266 3595 47 24 lady
325 3596 45 18 who
380 3601 40 14 was
432 3597 49 19 with
491 3598 57 19 them

22 3635 42 12 was
75 3631 60 16 siivc.l
145 3627 53 19 after
208 3633 10 12 c
227 3627 72 23 iiigiug
311 3628 20 17 to
347 3627 36 18 ihe
393 3626 79 22 butUuu
483 3629 21 18 of
514 3629 34 20 tha

22 3663 50 17 iyy&t
83 3661 30 17 for
123 3661 47 17 lour
179 3659 69 19 hours.

51 3697 32 19 Mr
102 3696 99 22 Graham,
222 3694 90 20 member
335 3695 23 19 of
379 3695 36 21 the
436 3695 72 22 House
528 3698 20 20 of

22 3728 180 26 lur^ieeeatafcives
220 3727 34 19 for
273 3726 107 25 Gisborne,
397 3727 40 21 has
455 3728 93 26 resigned

665 122 18 20 A
699 129 50 14 man
758 123 38 20 has
812 124 48 20 been
872 125 45 20 sent
933 125 21 20 to
963 125 47 24 gaol
1026 125 31 20 for
1067 132 13 14 a
1090 125 74 20 month

639 154 23 19 m
672 155 76 24 Napier
758 155 31 19 for
798 156 31 24 sly
839 162 49 19 grog
899 157 81 24 selling.

667 190 44 19 The
726 190 75 20 Foxtot
823 192 93 24 Eaihvay
933 192 84 20 Station
1033 198 41 15 was
1088 193 77 20 broken

638 222 47 20 into
700 227 28 14 on
745 222 88 20 October
848 223 32 22 19,
897 223 42 19 and
955 224 41 18 £16
1011 224 22 18 m
1044 225 49 18 cash
1104 225 61 19 taken

639 258 66 18 sway.

699 318 69 25 RUN
789 319 90 24 OVER
897 320 44 24 BY
959 320 20 24 A
998 321 108 23 TRAIN.

812 384 50 31 [By
881 385 114 30 Viator.]

674 446 48 23 His
740 449 121 28 garments
881 456 60 16 were
961 448 145 27 disordered,
1126 448 40 25 his

640 478 52 23 face
704 487 44 14 was
760 479 117 23 distorted
888 480 59 23 with
965 489 85 22 agony,
1064 481 38 23 his
1115 483 51 28 step

640 517 50 15 was
700 510 122 30 faltering,
835 519 26 15 as
872 512 32 22 he
916 512 96 23 entered
1023 513 40 22 the
1072 512 95 31 dining-

641 549 68 16 room
721 541 26 24 of
756 542 40 23 the
808 542 75 28 hotel,
896 543 48 23 and
955 544 43 23 the
1005 544 78 23 words
1096 545 71 23 "I've

641 574 59 23 been
711 581 46 16 run
768 582 56 15 over
841 574 31 31 by
883 584 13 14 a
1015 584 59 16 were
1084 576 84 31 jerked

641 607 43 21 out
702 606 64 22 amid
785 607 111 29 grievous
916 616 95 21 groans,
1031 616 27 16 as
1076 609 26 23 of
1122 616 45 16 one

642 637 116 31 suffering
770 639 39 22 the
821 640 129 30 extremity
968 640 26 23 of
1003 640 80 30 bodily
1100 641 66 30 pain.

643 670 39 23 He
699 677 50 17 was
761 678 14 16 a
790 672 157 28 commercial,
966 680 27 16 as
1005 673 86 23 indeed
1106 681 62 16 were

641 710 73 23 many
738 703 25 23 of
787 703 40 24 his
854 705 193 29 acquaintances,
1075 706 94 30 already

643 735 80 23 seated
735 735 79 23 ruund
826 736 40 23 the
878 736 165 30 dinii.g-table.

702 767 57 23 Eun
770 775 56 15 over
837 767 30 31 by
888 776 14 15 a
914 769 64 23 train
987 771 5 21 !
1036 769 133 24 exclaimed

642 806 114 24 everyone
768 799 26 24 m
806 807 14 16 a
831 800 94 24 breath.

699 832 57 27 Yes,
773 839 26 16 as
819 833 54 23 true
888 840 28 16 as
933 833 48 24 I'm
993 833 65 25 here.
1110 834 37 24 Oh
1163 836 4 22 !

643 863 32 25 oh
686 865 5 22 !
710 863 70 25 Can't
791 872 64 17 some
867 865 26 23 of
901 873 47 23 you
959 866 92 25 fellows
1061 866 58 32 help
1130 875 39 16 mo

643 896 35 24 off
687 897 59 23 with
758 905 39 22 my

675 928 33 24 At
718 929 68 23 these
797 929 77 24 words
892 938 69 22 every
973 931 65 23 knife
1049 931 48 24 and
1108 931 60 28 fork,

642 960 77 23 which
731 960 48 24 had
790 960 60 24 been
860 962 137 31 previously
1009 963 76 31 busily
1096 964 72 30 plied,

643 992 113 31 dropped,
779 993 48 24 and
852 993 55 24 half
926 1002 14 16 a
963 994 76 25 dozen
1061 997 25 23 at
1108 995 61 25 least

641 1024 96 32 jumped
751 1033 31 23 up
794 1029 25 20 to
830 1026 71 25 assist
912 1026 61 25 him.

702 1057 67 31 Easy
778 1059 5 22 !
808 1066 56 22 easy
876 1060 5 22 !
928 1060 30 22 he
978 1060 140 28 exclaimed,
1142 1068 26 16 as

643 1089 57 31 they
712 1090 117 30 appeared
841 1093 40 21 too
893 1091 76 30 rough
980 1092 26 23 m
1017 1092 63 23 their
1092 1094 78 22 atten-

642 1122 72 24 tions.
791 1122 45 24 Let
854 1122 75 25 Jones
947 1124 30 23 do
989 1124 19 24 it
1017 1131 5 21 ;
1046 1124 32 24 he
1097 1124 45 24 has
1154 1133 14 15 a

642 1154 73 23 touch
753 1154 49 23 like
836 1162 14 16 a
883 1162 103 16 woman.
1036 1157 114 23 Heavens
1163 1159 4 21 !

642 1185 64 24 what
726 1186 77 23 would
820 1194 42 23 my
872 1195 60 22 poor
947 1188 93 23 mother
1058 1188 72 25 think
1149 1189 22 23 if

643 1218 40 24 she
702 1226 49 16 saw
762 1226 40 16 me
820 1227 52 15 now
881 1220 12 22 ?
942 1220 64 24 Here
1022 1221 80 28 Jones,
1116 1221 52 31 give

641 1258 40 16 me
701 1258 14 16 a
735 1251 64 23 hand
810 1259 5 20 ;
841 1251 70 24 these
925 1252 91 25 fellows
1036 1253 61 24 have
1115 1254 54 24 fists

641 1282 49 24 like

674 1314 73 24 Jones
774 1315 49 23 had
850 1317 44 23 not
921 1315 61 25 been
1010 1324 89 24 among
1126 1317 42 24 the

641 1347 146 28 volunteers,
801 1348 41 23 but
854 1348 29 23 he
894 1355 55 18 now
964 1357 69 16 arose
1045 1350 48 23 and
1103 1352 65 22 went

641 1381 26 23 to
679 1379 101 25 Smith's
791 1380 141 24 assistance.

775 1411 44 24 tell
846 1420 30 16 us
904 1413 52 24 how
983 1414 19 23 it
1029 1413 136 32 happened,

643 1444 87 28 Smith,
744 1444 38 24 old
793 1452 59 16 man
860 1446 9 22 ?
907 1446 52 23 said
966 1453 112 17 someone
1086 1448 81 23 stand-

641 1476 44 31 ing
695 1484 66 17 near.

761 1524 32 4 —
795 1510 38 23 Oh
848 1512 44 23 not
907 1518 26 17 so
951 1511 67 29 hard,
1035 1510 84 30 Jones,
1137 1512 30 24 be

641 1550 55 23 easy
714 1542 35 24 for
770 1542 133 25 Goodness'
922 1544 57 24 sake
980 1558 32 3 —
1012 1553 48 23 you
1083 1553 45 20 see,
1153 1545 13 23 I

640 1582 49 17 was
706 1575 107 30 walking
831 1576 62 23 from
914 1576 53 24 that
984 1578 102 23 infernal
1106 1578 62 23 little

643 1608 119 29 township
774 1608 27 23 of
866 1625 5 10 ,
883 1610 65 22 what
959 1609 31 23 do
1001 1617 48 22 you
1067 1609 47 24 call
1132 1610 19 23 it
1163 1618 5 21 ;

640 1639 13 23 I
671 1639 76 31 forget
766 1639 42 24 the
826 1648 73 16 name
916 1641 26 24 of
952 1641 42 24 the
1004 1646 97 19 nearest
1113 1642 56 23 rail-

640 1679 52 23 way
704 1672 97 23 station.
852 1673 75 30 Hang
937 1674 43 23 the
999 1674 44 24 hat
1055 1674 47 23 aud
1114 1676 54 22 coat

641 1711 40 22 up,
702 1703 80 28 Jones,
801 1704 89 24 there's
902 1714 13 14 a
935 1705 62 30 good
1015 1706 85 28 fellow,
1122 1707 47 22 and

640 1738 39 28 get
691 1743 41 24 my
743 1735 75 24 brush
830 1736 49 24 and
895 1736 175 32 looking-glass
1081 1740 43 22 out
1144 1738 26 24 of

640 1776 41 22 xaj
700 1768 54 30 bag,
773 1769 73 23 there.
892 1769 13 23 I
925 1769 69 25 know
1012 1779 48 21 you
1077 1771 89 23 fellows

640 1802 75 22 won't
726 1800 69 24 mind
806 1809 40 16 me
853 1801 118 31 brushing
982 1811 40 21 my
1031 1802 55 24 hair
1092 1802 58 24 here
1161 1812 5 20 ;

640 1832 13 24 I
664 1832 62 24 can't
738 1832 61 24 walk
817 1834 113 30 upstairs,
950 1835 48 23 and
1019 1834 104 32 bending
1142 1837 24 22 to

640 1867 41 28 get
700 1866 40 23 the
760 1866 81 30 things
862 1871 43 18 out
923 1868 73 22 would
1014 1867 30 24 be
1067 1870 99 22 torture.

641 1898 37 23 Oh
690 1897 55 24 dear
756 1899 5 22 !
779 1898 31 23 oh

673 1929 76 25 Jones
765 1929 81 32 gladly
858 1931 41 23 did
917 1931 65 24 what
993 1939 48 17 was
1058 1932 110 31 required

640 1961 36 24 for
704 1962 42 23 the
773 1962 95 30 injured
895 1971 66 16 man.
1004 1964 52 24 The
1083 1964 83 24 others

641 1994 153 29 impatiently
810 1994 74 30 urged
901 1995 51 23 him
972 1997 26 22 to
1016 2004 29 23 go
1064 2004 32 16 on
1107 1996 60 24 with

642 2025 42 25 the
695 2025 83 25 recital
789 2027 24 22 of
824 2026 40 24 his
875 2027 117 24 accident.

699 2057 49 25 But
881 2058 52 25 said
944 2067 53 21 one,
1032 2060 77 24 where
1121 2068 40 16 are

643 2098 48 23 you
708 2090 58 23 hurt
774 2091 11 22 ?
810 2091 12 23 I
833 2099 108 23 presume
963 2100 47 22 you
1029 2100 60 16 were
1112 2093 56 30 only

639 2121 109 25 knocked
760 2131 66 22 away
838 2123 30 31 by
880 2124 39 23 the
932 2124 147 24 cowcatcher
1088 2126 11 22 ?

826 2156 25 23 of
866 2156 43 24 the
927 2159 61 26 sort;
1010 2164 46 16 run
1067 2165 56 16 over
1135 2157 30 31 by

640 2187 43 24 the
694 2187 76 24 whole
782 2192 63 19 tram
855 2196 6 21 ;
879 2189 56 24 take
947 2197 42 23 my
1000 2189 59 24 oath
1066 2192 26 22 to
1103 2190 62 24 that.

640 2220 43 30 My
693 2220 125 30 goodness,
831 2222 19 22 it
860 2229 50 15 was
922 2229 14 15 a
947 2222 58 23 time
1014 2224 5 21 !

793 2253 52 23 said
867 2261 14 15 a
909 2253 64 24 little
999 2254 61 23 mild
1082 2254 82 24 white-

638 2284 93 24 headed
742 2292 65 20 man,
845 2285 51 24 I've
908 2285 74 24 heard
993 2286 53 24 that
1057 2286 27 24 m
1096 2295 69 15 cases

638 2317 26 24 of
678 2317 86 30 deadly
782 2317 61 30 peril
853 2318 49 24 like
919 2319 54 23 that
986 2319 41 23 the
1046 2322 51 21 acts
1108 2320 27 23 of
1150 2328 13 14 a

638 2351 78 22 man's
728 2349 75 24 whole
816 2349 40 24 life
867 2357 66 16 come
945 2351 79 22 round
1034 2351 27 23 m
1080 2351 85 24 review

639 2380 79 24 before

698 2413 86 24 That's
806 2413 33 24 all
861 2416 39 22 rot
909 2422 7 21 ;
944 2414 105 32 nothing
1070 2415 27 24 of
1122 2415 43 24 the

638 2446 49 23 sort
697 2453 7 20 ;
728 2446 39 23 Oh
779 2446 57 24 dear
846 2448 6 21 !
876 2447 32 23 oh
925 2447 57 24 dear
993 2449 5 22 !
1044 2448 41 30 My
1107 2448 58 30 only

637 2477 104 30 thought
752 2485 49 17 was
813 2486 27 16 as
852 2478 42 24 the
907 2479 77 24 brutal
996 2479 88 32 engine
1095 2487 68 17 came

638 2509 114 31 crashing
769 2518 39 20 on,
832 2516 6 10 '
846 2511 67 24 what
928 2511 22 24 if
965 2511 50 24 this
1029 2512 84 24 makes
1125 2520 40 16 me

639 2542 48 23 late
709 2542 36 24 for
763 2542 84 24 dinner
855 2544 11 22 ?
876 2545 4 9 '
932 2544 79 24 When
1029 2552 61 23 your
1109 2552 54 16 con-

638 2573 92 25 science
742 2575 19 23 is
773 2575 64 23 clear
847 2584 13 14 a
879 2578 65 21 most
956 2578 124 29 trumpery
1091 2577 72 31 thing

636 2606 124 32 generally
780 2607 109 31 occupies
904 2616 60 22 yoar
984 2608 66 24 mind
1066 2611 25 22 at
1103 2609 60 24 such

636 2638 78 27 awful,
721 2641 126 21 moments.
883 2639 38 24 Oh
931 2641 5 19 !
954 2640 32 24 oh
996 2641 5 19 !
1026 2641 54 23 And
1097 2641 67 24 mine

636 2671 29 27 is,
677 2678 48 24 you

695 2703 50 24 But
756 2703 56 25 how
822 2704 42 23 did
878 2712 46 22 you
936 2712 83 23 escape
1037 2705 74 32 being
1122 2708 40 22 cut

636 2739 26 20 lo
678 2735 79 31 pieces
806 2737 95 29 queried
919 2737 83 28 Jones,
1050 2738 54 24 You
1116 2738 49 24 had

636 2767 43 24 the
696 2775 112 23 presence
826 2768 25 23 of
867 2768 70 24 mind
956 2771 26 21 to
1000 2769 44 23 fall
1056 2770 105 24 between

636 2799 43 25 the
690 2799 66 28 railsi,
769 2799 13 23 I

695 2831 47 28 No,
756 2831 12 24 I
784 2834 86 22 wasn't
882 2832 59 25 such
961 2841 13 14 a
986 2832 48 25 fool
1046 2841 27 16 as
1092 2834 54 24 that
1156 2842 5 21 ;

636 2864 21 24 if
673 2872 46 22 you
737 2865 65 23 must
822 2864 71 24 know
912 2865 13 23 I
945 2873 48 16 was
1008 2865 68 32 lying
1087 2867 77 23 under

638 2897 40 23 the
690 2896 81 30 bridge
784 2896 111 31 smoking
907 2898 25 22 m
944 2897 42 24 the
998 2898 75 24 shade
1085 2901 24 22 at
1121 2899 42 24 the

636 2928 92 24 critical
739 2931 109 21 moment
859 2929 71 23 when
950 2930 42 24 the
1003 2932 64 22 tram
1078 2932 87 29 passed

638 2968 56 16 over
705 2968 47 16 me.
803 2961 88 23 Thank
902 2970 48 22 you
961 2961 92 25 fellows
1066 2963 97 31 awfully

637 2992 37 25 for
692 2992 100 32 waiting
802 2999 34 18 101
859 3001 36 16 me
907 2994 48 23 and
973 2994 98 32 helping
1085 3003 40 16 me
1137 3003 26 17 so

637 3025 92 32 kindly.
779 3026 62 24 Now
855 3026 64 24 we'll
939 3027 32 23 all
989 3027 71 31 begin
1078 3027 85 25 dinner

636 3058 114 31 sociably,
767 3059 52 22 and
830 3059 68 23 there
916 3059 48 23 will
976 3059 29 24 be
1023 3060 97 30 enough
1139 3060 26 24 of

636 3091 54 23 that
709 3090 119 24 excellent
843 3093 66 21 roast
920 3091 66 23 lamb
1005 3092 36 23 for
1053 3100 44 15 me.
1150 3093 13 22 I

635 3123 88 23 wasn't
737 3121 75 32 going
823 3123 25 23 to
859 3122 34 24 let
911 3130 46 23 you
968 3123 91 24 fellows
1077 3123 85 31 gobble

634 3154 21 24 it
673 3154 32 24 all
718 3162 40 23 up,
769 3163 29 16 as
808 3162 48 23 you
876 3155 79 24 would
966 3156 59 23 have
1042 3156 21 23 if
1078 3156 36 23 I'd
1129 3156 35 24 let

634 3194 49 23 you
694 3191 41 26 get
745 3194 33 17 on
789 3187 60 23 with
860 3195 59 23 your
931 3187 93 25 dinner.
1076 3188 84 29 Jones,

635 3219 67 24 when
714 3219 56 31 they
781 3219 53 24 kick
846 3227 47 23 you
905 3222 42 21 out
959 3220 26 24 of
993 3229 60 22 your
1064 3224 98 27 present

635 3251 69 25 billet
721 3252 41 23 I'll
773 3252 56 24 take
848 3260 49 23 you
907 3260 26 16 as
946 3253 70 28 valet,
1036 3253 40 24 old
1087 3262 59 16 man
1155 3262 5 20 ;

634 3293 48 23 you
694 3285 65 24 don't
772 3285 74 30 shape
858 3285 70 31 badly
939 3288 24 21 at
975 3285 57 25 all.''

667 3316 91 26 Knives
770 3317 48 23 and
829 3317 65 24 forks
906 3326 60 16 were
977 3327 55 15 now
1043 3319 118 28 resumed,

634 3349 45 24 but
700 3352 44 20 not
764 3349 64 24 until
852 3350 80 23 Smith
954 3351 49 23 had
1026 3351 60 23 been
1109 3359 53 16 con-

635 3381 84 31 signed
732 3383 23 21 to
768 3389 74 16 worse
855 3384 89 21 torture
964 3383 60 23 than
1035 3382 72 31 being
1118 3391 45 15 run

636 3421 55 16 over
704 3413 29 30 by
746 3420 14 16 a
772 3413 72 23 train.
895 3414 62 24 Poor
977 3415 82 27 Jones,
1076 3423 12 15 a
1104 3423 59 15 man

636 3445 60 24 with
711 3454 31 14 an
761 3445 118 24 excellent
900 3447 98 30 opinion
1019 3448 26 23 of
1053 3447 107 29 himself,

636 3478 80 23 which
733 3477 49 24 had
799 3479 57 23 beon
874 3480 124 23 increased
1015 3480 31 30 by
1063 3480 40 23 the
1114 3480 50 24 fact

637 3510 55 23 that
714 3509 30 23 he
766 3510 49 23 had
834 3511 53 29 just
911 3511 59 24 been
992 3512 127 29 promoted
1139 3514 24 22 to

638 3541 87 24 Junior
745 3542 103 24 Partner
865 3543 27 24 m
904 3544 42 23 the
963 3544 57 23 firm
1035 3544 36 23 for
1082 3544 81 24 which

636 3574 32 24 he
691 3574 49 24 had
764 3575 57 23 been
844 3576 135 31 travelling,
1003 3585 13 15 a
1035 3584 56 16 man
1109 3585 56 16 wno

637 3607 85 30 deeply
744 3608 110 23 resented
882 3617 47 22 any
956 3608 106 25 liberties
1090 3610 73 24 taken

637 3639 60 23 with
716 3639 104 28 himself,
838 3640 83 25 fumed
942 3641 49 24 and
1013 3641 86 24 fretted
1121 3642 43 24 the

637 3671 78 24 whole
743 3673 109 31 evening.
902 3674 40 24 He
963 3682 72 15 never
1046 3674 74 31 spoke
1139 3678 26 22 to

638 3704 80 24 Smith
740 3705 73 30 again
828 3714 6 14 :
1071 3707 31 24 he
1125 3716 40 15 ex-

638 3736 99 25 claimed
760 3739 24 23 to
806 3746 48 21 me,
971 3739 13 24 I
1000 3739 87 24 should
1106 3740 59 24 have

1260 126 178 28 condescended
1451 133 25 23 to
1488 134 37 22 act
1538 134 39 22 the
1593 134 84 31 lackey
1690 136 24 22 to
1733 136 52 24 that

1259 159 25 23 d-
1341 161 13 22 d
1366 162 79 25 fellow
1445 179 32 3 —
1478 167 25 21 to
1524 165 28 23 be
1564 165 82 24 bossed
1665 167 71 24 about
1755 168 30 30 by

1259 190 53 24 him
1329 191 53 31 just
1399 194 100 26 because
1519 197 13 23 I
1557 198 103 30 thought
1683 199 31 23 he
1736 208 50 16 was

1293 256 50 24 The
1363 259 80 24 others
1461 269 60 22 gave
1538 262 51 23 him
1607 271 31 15 no
1649 271 80 22 peace,
1741 264 44 24 but

1260 288 92 24 chaffed
1363 290 52 25 him
1434 294 175 31 unmercifully.
1659 296 67 31 They
1736 296 49 24 had

1260 321 59 23 been
1439 325 57 29 also,
1510 326 43 24 but
1564 328 55 30 they
1631 328 78 30 forgot
1720 329 63 28 that,

1260 352 31 32 by
1303 354 84 32 taking
1403 365 53 16 care
1467 358 75 25 Jones
1563 360 78 24 didn't
1651 361 77 30 forget
1747 362 38 24 his

1261 386 84 24 share..
1493 391 40 23 the
1560 399 54 17 new
1641 392 69 25 billet
1736 396 49 28 yet,

1261 417 75 25 Jones
1347 420 12 22 ?
1493 423 78 23 Smith
1590 432 13 14 a
1615 424 61 30 good
1686 425 55 24 boss
1751 427 11 21 ?

1260 457 59 16 were
1331 459 14 15 a
1357 453 92 30 sample
1461 454 27 22 of
1496 454 42 24 the
1549 457 92 28 queries
1661 458 29 23 he
1702 458 47 23 had
1761 460 24 22 to

1260 484 44 27 put
1315 490 32 22 up
1358 484 67 24 with.
1460 486 61 24 This
1533 487 28 23 he
1573 488 41 23 did
1631 489 60 23 with
1703 497 14 15 a
1728 497 57 23 very

1260 513 46 23 bad
1334 522 76 22 grace.
1462 517 52 24 One
1541 526 82 24 young
1643 521 141 29 gentleman

1260 547 62 22 went
1334 554 27 16 so
1371 547 38 23 far
1419 556 26 16 as
1456 551 25 21 to
1501 549 106 30 observe,
1623 552 60 24 with
1702 562 14 14 «a
1733 555 52 28 pat-

1260 577 109 32 ronising
1379 579 36 24 air
1425 581 49 23 and
1485 589 15 16 a
1510 583 80 29 gentle
1609 585 177 29 manipulation

1260 608 109 26 between
1380 610 39 25 his
1430 612 89 31 fingers
1537 615 25 22 of
1577 615 41 23 the
1637 617 149 30 seedy-look-

1260 640 43 31 ing
1314 644 54 22 coat
1379 643 76 25 Jones
1465 645 133 31 happened,
1610 647 37 24 for
1656 656 16 15 a
1681 649 105 28 wonder,

1260 676 26 21 to
1306 673 29 24 be
1347 677 111 30 wearing,
1477 686 26 15 as
1515 679 30 22 he
1560 680 119 31 generally
1691 681 96 23 dressed

1261 706 62 28 well,
1373 707 47 29 Ah,
1444 717 59 20 now,
1526 711 13 23 I
1561 712 131 24 remember
1716 713 72 23 when

1263 737 82 25 Smith
1356 739 91 31 bought
1456 742 53 23 that
1520 745 54 22 coat
1584 751 6 20 ;
1599 744 22 23 -I
1631 744 88 24 should
1728 746 59 23 have

1261 770 106 31 thought
1385 772 32 25 he
1429 774 78 23 would
1526 775 61 23 have
1599 776 72 30 given
1688 777 20 23 it
1719 785 68 22 away

1262 803 57 30 long
1331 811 44 23 ago
1382 812 6 20 ;
1406 805 16 23 d
1487 807 15 22 d
1514 807 83 24 shame
1608 810 26 21 to
1645 809 57 23 wait
1719 809 38 23 till
1768 810 21 23 it

1262 837 41 27 got
1315 844 27 15 so
1500 839 51 24 The
1563 847 107 23 younger
1681 841 104 30 thought

1261 867 20 25 it
1292 867 53 26 best
1357 870 25 23 to
1392 868 67 26 leave
1470 870 61 25 after
1542 871 48 25 this
1602 873 105 24 remark.

1262 941 194 25 CHRISTMAS
1485 944 37 23 IN
1550 944 229 26 CANTERBURY.

1379 974 106 21 THIRTY
1498 976 89 21 YEARS
1601 978 64 19 AGO.

1445 1028 161 32 (Continued.)

1294 1068 135 25 Christmas
1448 1078 42 16 eve
1512 1072 101 24 arrived.
1658 1073 46 24 We
1725 1082 61 15 were

1260 1101 34 23 all
1305 1109 33 22 up
1349 1101 111 24 betimes.
1498 1103 91 24 Father
1610 1105 48 23 and
1679 1113 41 23 my
1739 1106 47 23 five

1261 1134 65 23 elder
1332 1134 111 23 brothers
1455 1135 33 23 all
1505 1138 66 21 went
1590 1137 53 23 into
1662 1138 43 22 the
1723 1138 62 23 bush

1260 1165 49 23 and
1319 1167 42 28 got
1372 1174 15 15 a
1397 1169 68 27 great
1476 1168 111 30 quantity
1598 1169 25 23 of
1634 1177 73 22 green
1719 1171 65 27 stuff,

1260 1197 60 24 with
1349 1198 80 24 which
1452 1199 58 31 they
1531 1199 63 24 built
1616 1209 32 15 an
1667 1202 118 24 immense

1260 1228 86 30 bower,
1358 1230 73 31 using
1441 1239 45 16 one
1498 1232 51 24 side
1560 1233 24 23 of
1594 1233 43 24 the
1648 1234 138 31 stock-yard

1260 1262 38 23 for
1309 1270 14 16 a
1335 1265 49 21 sort
1396 1264 24 22 of
1432 1263 160 31 background,
1606 1266 32 23 all
1655 1266 42 23 the
1720 1267 66 23 front

1260 1293 74 31 being
1344 1294 43 24 left
1397 1303 68 22 open.
1500 1296 24 23 It
1535 1305 49 15 was
1606 1305 14 15 a
1641 1298 59 23 rude
1723 1306 62 16 erec-

1260 1326 52 24 tion
1340 1326 26 24 of
1390 1327 77 30 rough
1505 1328 73 31 polos,
1612 1329 99 24 latticed
1739 1331 47 23 and

1262 1358 115 24 thatched
1380 1373 30 3 —
1411 1359 77 24 Maori
1513 1361 97 24 fashion
1610 1376 33 3 —
1643 1363 60 23 with
1735 1364 53 22 fern

1260 1390 84 24 fronds
1369 1392 49 23 and
1444 1392 58 24 flax.
1546 1393 161 32 Delightfully
1734 1395 53 24 cool

1260 1423 49 23 and
1319 1423 55 24 nice
1385 1424 19 24 it
1414 1424 93 24 looked.
1544 1425 51 24 Our
1614 1426 54 24 four
1688 1429 98 22 nearest

1261 1455 129 31 neighbors
1418 1456 50 24 lent
1485 1465 28 15 us
1536 1458 62 23 their
1621 1459 86 27 tables,
1735 1459 49 23 and

1261 1488 130 31 everybody
1408 1489 26 23 hi
1451 1488 42 25 the
1510 1489 53 31 Bay
1588 1498 49 17 was
1665 1493 25 22 to
1717 1492 70 30 bring

1262 1519 64 25 their
1341 1521 79 24 chairs
1439 1522 49 23 and
1510 1523 82 28 stools,
1615 1524 72 24 while
1709 1525 78 23 Maori

1261 1553 74 31 Betty
1345 1553 105 31 brought
1469 1555 71 24 down
1562 1555 69 25 three
1653 1556 66 31 large
1738 1557 49 24 flax

1260 1587 73 26 mats,
1345 1586 79 23 which
1434 1595 63 16 were
1507 1590 26 21 to
1544 1588 29 23 be
1585 1589 86 30 spread
1680 1589 27 24 m
1722 1589 65 24 front

1262 1618 25 22 of
1297 1618 41 23 the
1349 1618 80 24 bower
1438 1619 36 23 for
1485 1620 43 23 the
1539 1620 79 24 Maori
1639 1621 98 28 friends,
1761 1630 26 15 as

1261 1651 56 29 they
1328 1659 61 15 were
1400 1656 44 19 not
1455 1653 26 22 to
1493 1652 30 23 sit
1547 1657 25 19 at
1588 1653 43 24 the
1648 1654 65 23 table
1730 1654 58 23 with

1260 1690 37 15 us.
1332 1683 152 28 Meanwhile,
1495 1684 104 28 mother,
1607 1685 61 23 with
1677 1686 41 22 the
1730 1686 57 29 help

1260 1714 26 24 of
1295 1715 68 23 three
1373 1715 138 30 neighbors'
1533 1717 75 23 wives
1629 1718 49 23 and
1692 1718 93 30 myself,

1261 1754 50 16 was
1333 1747 60 23 hard
1404 1750 26 21 at
1441 1748 66 23 work
1518 1748 109 32 cooking.
1672 1749 45 24 We
1739 1750 48 23 had

1260 1778 68 24 three
1340 1779 66 30 large
1422 1780 53 23 fires
1491 1781 75 30 going
1582 1783 25 21 at
1624 1782 43 23 the
1683 1782 60 24 back
1761 1782 26 24 of

1260 1819 45 15 our
1315 1811 82 27 house,
1410 1814 66 21 meat
1494 1813 48 23 and
1558 1814 97 30 poultry
1672 1814 115 30 roasting,

1261 1843 66 31 plum
1338 1844 110 31 pudding
1459 1844 97 32 boiling,
1569 1846 51 31 pies
1629 1846 98 31 baking,
1741 1847 48 23 and

1259 1876 14 23 I
1284 1875 71 25 know
1365 1879 44 21 not
1420 1877 66 24 what
1497 1879 73 29 going
1580 1879 41 23 on.
1656 1879 81 24 When
1752 1879 34 23 all

1259 1916 48 15 was
1318 1908 71 28 done,
1401 1910 48 21 and
1461 1917 36 16 we
1507 1918 61 16 were
1587 1911 85 30 sitting
1693 1919 33 15 on
1745 1919 44 15 our

1260 1940 85 27 bower,
1357 1940 27 24 m
1396 1941 41 23 the
1448 1941 53 24 cool
1521 1943 26 22 of
1561 1944 40 22 the
1618 1943 109 30 evening,
1745 1943 41 23 ad-

1260 1981 12 13 II
1283 1972 65 30 king
1357 1981 46 15 our
1413 1973 74 27 work,
1500 1974 40 23 Mr
1551 1974 106 24 Parsons
1668 1983 67 16 came
1752 1983 33 22 up

1259 2005 27 22 to
1296 2004 43 23 tell
1350 2013 30 14 us
1397 2005 30 23 lie
1443 2005 48 23 had
1508 2006 50 30 just
1575 2009 42 27 got
1634 2006 62 24 back
1723 2008 62 22 from

1259 2036 67 27 Port,
1339 2036 49 23 and
1404 2037 55 23 that
1476 2037 41 24 the
1530 2038 58 23 Rev.
1601 2039 96 29 Dudley
1709 2039 78 22 would

1259 2067 58 24 hold
1334 2068 89 23 service
1439 2068 37 24 for
1493 2077 27 16 us
1542 2070 26 23 hi
1596 2070 41 24 the
1664 2070 121 31 morning.

1258 2100 91 24 Father
1360 2102 25 22 at
1394 2108 60 16 once
1463 2102 117 31 proposed
1589 2102 55 24 that
1652 2103 32 23 he
1697 2103 89 24 should

1257 2133 57 23 hold
1333 2134 89 23 service
1439 2134 26 22 m
1488 2135 41 23 the
1546 2136 85 26 bower,
1649 2136 96 23 instead
1762 2136 26 23 of

1260 2165 39 24 Mr
1310 2165 114 25 Parson's
1434 2166 83 29 house,
1530 2175 28 16 as
1568 2175 50 16 was
1640 2171 145 28 customary.

1257 2197 34 24 As
1303 2198 92 24 church
1406 2207 50 16 was
1467 2201 26 22 to
1504 2199 30 24 be
1545 2202 26 21 at
1582 2202 50 25 ten,
1642 2201 47 23 and
1698 2201 86 24 dinner

1257 2232 42 21 not
1312 2230 61 24 until
1385 2233 54 25 two,
1452 2239 34 16 we
1498 2232 33 23 all
1542 2233 86 30 agreed
1639 2233 54 23 that
1704 2234 21 22 it
1736 2241 49 16 was

1258 2271 14 14 a
1281 2263 63 30 good
1355 2263 67 30 plan.

1291 2295 33 24 At
1335 2295 47 24 last
1389 2296 43 23 the
1444 2296 106 24 eventful
1561 2298 115 31 morning
1683 2298 101 24 arrived.

1258 2328 14 22 I
1288 2328 88 23 turned
1393 2330 43 22 out
1464 2331 25 21 at
1517 2329 45 27 six,
1591 2331 47 22 and
1665 2335 52 19 met
1744 2339 41 22 my

1257 2359 97 23 brother
1364 2359 64 24 Fred
1439 2361 127 29 returning
1577 2361 61 24 from
1650 2362 43 23 the
1700 2362 84 28 beach,

1257 2390 81 25 where
1354 2390 32 25 he
1403 2392 48 23 had
1468 2392 62 23 been
1546 2393 37 23 for
1606 2393 38 23 his
1672 2394 115 31 morning

1258 2422 59 25 bath
1328 2423 26 23 m
1366 2423 42 24 the
1420 2432 49 16 sea.

1354 2463 80 23 merry
1469 2456 141 28 Christmas,
1753 2458 32 24 he

1258 2486 111 26 shouted.
1523 2488 73 31 along
1612 2489 71 24 down
1700 2492 26 22 to
1742 2491 43 23 the

1255 2519 85 28 beach,
1348 2519 13 24 I
1373 2528 40 15 see
1424 2528 15 15 a
1449 2521 57 23 boat
1517 2521 93 31 coming
1619 2529 6 21 ;
1638 2522 12 23 I
1662 2524 85 29 expect
1765 2524 20 23 it

1256 2552 48 24 will
1315 2552 30 24 be
1356 2552 42 24 the
1410 2553 156 31 Farquhar's.

1360 2586 5 22 !
1378 2585 20 23 it
1407 2592 44 16 can
1458 2585 84 30 hardly
1551 2585 30 24 be
1588 2586 67 23 them
1665 2594 25 15 so

1257 2616 13 23 I
1292 2617 128 27 answered,
1426 2618 40 23 Vas
1477 2617 14 23 I
1503 2625 41 16 ran
1560 2617 71 24 down
1650 2618 57 25 with
1725 2620 57 23 him.

1258 2648 50 24 But
1318 2648 21 24 it
1349 2656 57 19 was,
1420 2649 49 23 and
1479 2657 56 23 very
1547 2658 58 15 soon
1614 2650 58 31 they
1683 2659 60 16 were
1751 2660 33 23 up

1257 2688 33 16 on
1301 2680 42 24 the
1354 2680 83 29 beach,
1451 2682 47 23 and
1522 2682 105 31 shaking
1647 2683 79 24 hands
1750 2684 34 24 all

1256 2713 77 24 round
1359 2714 49 23 and
1435 2714 103 31 wishing
1691 2716 91 25 Christ-

1290 2777 12 23 I
1314 2777 43 24 felt
1368 2785 56 23 very
1434 2777 82 32 happy
1526 2778 71 24 when
1620 2779 99 31 George,
1742 2780 42 24 the

1256 2809 73 24 eldest
1341 2817 51 20 son,
1411 2810 49 23 and
1476 2810 54 24 four
1547 2819 70 22 years
1634 2820 42 22 my
1693 2813 88 28 senior,

1257 2850 66 15 came
1335 2850 40 22 up,
1392 2843 56 27 and,
1467 2843 85 31 taking
1568 2843 59 24 both
1644 2852 42 23 my
1702 2845 80 24 hands

1255 2874 52 24 into
1323 2874 48 28 his,
1390 2875 58 28 said,
1540 2884 78 23 merry
1636 2877 46 23 and
1701 2877 81 32 happy

1257 2907 141 28 Christmas,
1417 2907 57 24 dear
1622 2910 47 22 and
1697 2909 87 24 looked

1255 2939 52 22 into
1324 2947 42 22 my
1383 2947 55 22 eyes
1454 2940 60 23 with
1531 2940 39 23 his
1587 2949 62 19 own,
1668 2942 114 30 straight-

1255 2971 109 27 forward,
1400 2971 84 24 honest
1502 2971 62 29 look,
1582 2973 81 24 which
1681 2974 52 23 said
1750 2975 33 23 all

1256 3004 67 23 there
1340 3011 49 16 was
1406 3011 48 24 any
1470 3004 62 25 need
1549 3007 25 22 to
1602 3014 48 23 say,
1679 3007 104 25 without

1256 3036 86 24 words.

1290 3068 33 23 So
1341 3068 42 24 the
1399 3068 90 25 breach
1505 3077 50 16 was
1571 3070 87 25 healed
1675 3071 109 25 between

1255 3107 36 19 us,
1304 3100 48 23 and
1369 3101 28 22 he
1414 3109 49 15 was
1480 3109 41 22 my
1538 3110 55 15 own
1615 3103 57 23 dear
1690 3104 93 31 George

1255 3139 60 17 once
1327 3140 71 16 more.
1432 3133 56 24 And
1504 3142 57 22 very
1573 3135 82 24 tender
1666 3136 48 23 and
1726 3136 57 24 kind

1255 3163 32 24 he
1298 3172 50 15 was
1359 3168 24 19 to
1392 3173 40 15 me
1443 3166 55 23 that
1510 3166 54 31 day.

1288 3196 47 28 Ah,
1349 3205 37 15 me
1396 3198 4 22 !
1413 3197 64 24 little
1486 3198 41 24 did
1538 3199 13 23 I
1563 3199 70 24 think
1656 3200 55 24 that
1733 3209 49 16 was

1257 3228 41 24 the
1310 3229 48 24 last
1370 3229 45 31 day
1427 3230 13 23 I
1452 3238 46 16 was
1511 3239 54 16 ever
1577 3235 24 22 to
1622 3234 75 29 spend
1725 3234 59 23 with

1254 3261 61 23 him.
1372 3262 24 24 It
1424 3263 20 23 is
1468 3265 61 28 good
1551 3265 37 23 for
1618 3274 40 15 me
1680 3269 26 21 to
1727 3266 57 24 look

1256 3293 60 23 back
1328 3294 47 23 and
1386 3295 47 23 feel
1444 3296 67 23 there
1524 3305 47 15 was
1584 3298 103 31 nothing
1698 3301 25 22 to
1747 3308 35 15 re-

1255 3329 50 27 gret
1321 3326 26 23 m
1364 3327 53 24 that
1434 3328 45 30 day
1493 3336 5 20 ;
1517 3329 54 24 that
1588 3330 33 23 all
1638 3339 49 16 was
1711 3340 73 22 peace

1257 3358 48 23 and
1317 3358 53 24 love
1382 3359 108 24 between
1502 3369 36 15 us.
1574 3362 56 23 And
1642 3364 61 23 shall
1714 3364 14 23 I
1744 3366 40 22 not

1256 3392 65 21 meet
1332 3391 53 22 him
1396 3392 27 23 m
1435 3399 15 16 a
1460 3392 35 23 far
1507 3401 63 16 more
1582 3394 105 30 glorious
1704 3396 78 31 happy

1257 3422 128 31 Christday
1397 3424 60 23 than
1470 3432 46 23 any
1526 3434 34 15 we
1569 3427 71 23 could
1647 3427 62 25 have
1716 3429 66 24 here.

1257 3455 53 24 Life
1323 3455 76 24 would
1411 3456 62 24 have
1484 3458 104 31 nothing
1610 3459 37 24 for
1669 3469 40 16 me
1729 3462 20 23 if
1770 3462 12 23 I

1258 3487 40 24 did
1309 3490 43 21 not
1364 3488 72 23 think
1448 3497 33 15 so.

1398 3526 43 31 {To
1460 3528 25 22 be
1502 3530 143 29 concluded.)

591 11 134 25 OXFORD
759 12 68 25 AND
862 14 84 24 OUST
981 14 190 28 OBSERVER,
1208 15 188 31 SATURDAY,
1433 20 154 25 OCTOBER
1622 24 39 24 2G,
1699 26 61 21 lrt«i)

1932 139 415 61 CHEAP_BOOTS.

1876 206 87 43 QUE
1980 207 102 26 Frionds
2093 210 25 23 m
2130 211 42 24 the
2184 212 89 25 Oxford
2285 216 48 22 and
2346 216 60 24 Gust

1949 239 115 26 Districts
2074 243 50 23 will
2134 244 81 30 please
2226 250 57 21 note
2295 248 53 24 that

1875 278 45 42 J.
1959 279 255 48 Goodman
2248 287 40 42 &
2321 287 82 43 Co.

1950 339 75 21 HAVE
2042 341 137 22 KiiSUMED
2194 344 135 22 BUSINESS

1874 369 37 23 At
1938 370 42 23 the
2008 372 40 23 old
2074 374 73 24 home
2175 376 49 22 and
2252 377 157 37 well-know^

2068 406 128 29 Premises,

1876 440 45 21 18J)
1935 439 114 25 Colombo
2064 443 49 28 St.,
2127 445 276 31 CHIIISTCHUKCH,

1874 475 70 24 With
1966 485 30 15 an
2019 480 102 30 entirely
2148 482 58 23 Now
2234 484 49 22 and
2314 485 91 23 Vaiied

1916 508 72 23 Stock
2000 511 27 21 of
2036 511 107 25 BOOTS
2154 513 70 24 AND
2243 515 117 25 SHOES.

1875 565 74 20 Orders
1966 573 23 13 as
2005 570 59 18 usual
2083 571 90 20 received
2189 572 42 20 nnd
2249 574 105 25 promptly
2372 578 31 17 at-

1926 593 73 19 tended
2010 596 28 18 to.
2064 597 86 23 Repairs
2161 604 12 13 n
2176 607 9 10 L
2187 600 43 17 ..;'v
2243 600 103 20 executed.

1926 622 134 28 Punctuality
2070 626 41 19 and
2120 628 105 25 Despatch
2233 630 6 8 '
2255 636 37 13 our
2300 631 73 21 Motto.

1903 708 188 35 WHY
2126 713 275 38 COUGH?

1959 752 73 19 ONCE
2205 757 35 21 AS
2255 758 68 21 SAFE

1952 778 86 20 TKIED
2222 784 35 20 AS
2271 785 28 19 IT

1930 804 114 21 ALWAYS
2253 810 26 20 IS

1955 830 77 21 USED.
2205 835 128 23 CERTAIN.

2009 883 279 30 BONNfNGTON'S

1876 923 170 39 -pECTORAL
2060 925 122 25 OXTMEL,
2205 934 27 13 on
2252 929 151 23 CARAGEEIT

1878 949 25 17 -*-
2137 962 26 13 OF

1988 980 135 32 IRISH
2170 984 122 30 MOSS

1873 1032 49 19 Will
1931 1032 53 20 Cure
1991 1038 40 20 any
2039 1033 50 20 kind
2099 1035 21 19 of
2129 1035 72 25 Cough
2209 1042 23 13 or
2239 1036 130 26 Cold(recent
2376 1045 29 14 or

1905 1068 98 26 chronic),
2013 1070 119 24 Influenza,
2142 1072 50 19 Loss
2202 1073 21 18 of
2234 1073 69 23 Voice,
2313 1073 50 21 Sore

1930 1105 77 24 Lungs,
2023 1106 95 25 Asthma,
2132 1108 139 24 Hoarseness,
2281 1110 66 20 Tick-

1967 1142 43 23 ling
2019 1143 21 18 of
2046 1143 25 19 th
2091 1143 85 24 Throat,
2182 1145 127 24 Bronchitis,

1997 1178 103 24 Incipient
2111 1179 158 26 Consumption,

2010 1214 42 20 and
2065 1214 28 20 all
2107 1215 60 20 other
2179 1216 83 21 similar

2084 1252 131 24 complaints.

1932 1301 20 19 It
1961 1301 17 19 is
1988 1303 126 23 guaranteed
2125 1305 21 17 to
2156 1304 45 23 give
2210 1305 136 22 satisfaction.

1872 1352 45 21 Itis
1922 1353 108 20 Endorsed
2036 1354 26 25 by
2069 1354 93 20 Vocalist
2170 1356 42 20 and
2220 1357 71 20 Public
2298 1359 104 24 Speakers

1912 1388 21 21 It
1942 1389 64 20 clears
2017 1390 35 20 the
2060 1390 78 24 throat,
2147 1399 91 14 removes
2248 1394 27 19 all
2282 1394 71 21 huski-

1978 1432 54 17 ness,
2043 1427 41 19 and
2093 1429 60 18 other
2162 1435 72 14 causes
2248 1430 48 20 that

2010 1462 47 20 lead
2070 1464 23 19 to
2105 1463 44 20 loss
2161 1465 24 19 oi
2197 1465 62 20 voice.

1876 2095 48 22 188
1932 2094 119 23 Hereford
2064 2094 36 24 St.
2110 2095 69 31 (next
2186 2095 120 23 Hereford
2316 2095 87 31 Hotel)

1917 2138 441 31 CHRISTCHURCH.

1874 2204 136 20 WATCHES
2024 2204 130 21 CLEANED
2169 2204 17 20 &
2204 2204 148 23 REPAIRED.
2363 2204 34 21 5/-

1876 2241 128 30 Jewellery
2019 2241 47 22 and
2077 2241 69 22 other
2162 2241 73 23 small
2247 2241 61 24 Jobs
2319 2252 4 11 i
2326 2242 75 30 cheap

2052 2273 50 23 and
2118 2273 106 23 durable.

1947 2315 139 30 Spectacles
2097 2317 27 23 to
2134 2316 50 23 suit
2194 2316 31 23 all
2238 2315 86 31 sights.

1907 2393 162 75 John
2118 2393 252 93 Dobson,

1955 2529 366 32 AUCTIONEER

2097 2603 83 29 and

1916 2680 217 30 ESTATE
2168 2681 195 32 AGENT

1871 2759 296 48 sii&ioßA
2185 2761 41 47 &
2250 2763 152 54 mm.

1872 2846 329 49 HIBKWdOB
2247 2850 154 47 ABSIS

1985 2915 304 63 HOTEL,

1873 2994 88 30 Since
1972 2996 53 29 the
2042 2995 176 40 Proprietor
2239 2997 56 30 has
2308 2997 93 30 taken

1874 3048 169 37 possession
2059 3048 33 28 of
2098 3048 62 28 this
2173 3048 103 35 Hotel,
2290 3049 38 29 he
2346 3050 55 28 has

1876 3097 61 27 had
1950 3097 27 27 it
1992 3098 185 39 thoroughly
2192 3098 129 29 Painted
2340 3096 68 31 and'

1874 3147 177 29 Eenovated
2067 3147 32 29 m
2119 3159 19 18 a
2154 3159 127 19 manner
2302 3149 99 30 which

1876 3197 105 30 makes
1994 3198 23 29 it
2033 3199 111 28 second
2159 3203 33 26 to
2212 3210 78 19 none
2302 3201 31 28 m
2347 3200 54 29 the

2078 3250 137 30 District.
2384 3241 25 42 P

1874 3338 193 21 HANDSOMELY
2080 3340 165 21 FUHNJS4ED
2254 3342 99 19 STJITTS
2366 3341 35 20 OP

1978 3375 98 20 ROOMS
2087 3377 57 20 FOR
2156 3378 145 21 FAMILIES.

1935 3450 82 25 BEDS
2031 3452 143 25 ALVA-,.
2191 3462 60 16 ***
2261 3455 53 23 DV.

1902 3516 73 50 A.
2016 3517 364 66 ANCALL,

2039 3618 141 32 BUTCH
2187 3622 51 28 EE

1929 3688 115 23 TIHIIEJ
2088 3692 255 23 TEEEACE

1974 3743 339 44 O2SPOHDi
2389 3732 20 39 ■

1287 3685 192 28 WOODSIDE
1501 3687 79 28 SAW
1606 3690 139 28 MILLER

1261 3740 212 35 WEST
1491 3743 292 38 OXFORD
