2480 3715
628 27 136 24 OXFNRD
799 24 69 24 AND
903 22 87 25 OUST
1025 20 184 26 OBSERVER,
1247 14 186 28 SATURDAY,
1470 11 154 26 OCTOBER
1660 12 37 27 20,
1734 10 63 24 1889.

1249 86 5 4 ■
1291 85 3 17 j

1336 121 285 43 SPRISTG
1912 111 329 44 StyMMBR
2303 106 150 42 1889.

1523 200 301 45 OPENING
1866 191 400 51 EXPOSITION

1879 284 35 20 OF

1334 366 439 58 SPRING
1795 364 174 74 JSTO
1983 344 216 75 VEL
2211 353 251 59 TIES

1338 531 138 78 R.
1565 530 149 76 H.
1782 516 672 89 PARISH,

1566 648 191 52 EAST
1830 643 334 60 OXFORD,

1710 720 155 32 DIRECT
1886 715 229 36 IMPORTER,

1338 800 372 44 GENERAL
1740 799 45 41 &
1818 794 268 44 FASTO?
2121 789 334 53 DSAPES,

1821 875 91 31 AND

1698 953 417 54 CLOTHIER.

1379 1043 16 28 1
1411 1042 111 39 import
1534 1042 100 31 direct
1647 1040 78 39 only,
1733 1039 80 29 from
1827 1038 52 29 the
1895 1037 66 29 best
1980 1035 127 40 English
2129 1033 247 35 manufacturers,
2400 1032 61 30 and

1338 1093 86 32 lam
1444 1093 71 29 thus
1538 1089 128 33 enabled
1675 1095 43 25 -to
1740 1089 75 30 offer
1836 1088 40 29 all
1896 1087 96 40 goods
2015 1091 31 24 at

1459 1141 232 38 ACTUAL
1725 1136 359 40 WHOLESALE
2117 1134 179 38 PRICE.

1378 1193 64 30 The
1462 1194 89 29 stock
1571 1194 24 28 is
1616 1203 70 19 now
1707 1192 85 38 large
1818 1190 61 29 and
1907 1188 166 39 thorougly
2101 1186 146 35 assorted,
2276 1186 61 29 and
2364 1183 96 31 ladies

1503 1255 57 19 can
1581 1243 120 39 depend
1721 1253 83 28 upon
1825 1240 124 40 getting
1971 1239 41 29 all
2032 1239 74 39 they
2126 1238 129 38 require.

1379 1295 176 38 Inspection
1577 1294 61 29 and
1659 1293 192 39 comparison
1871 1289 198 40 respectfully
2089 1289 123 29 invited.

1377 1345 140 30 Patterns
1539 1345 59 29 and
1619 1344 82 40 price
1722 1343 53 30 list
1795 1345 69 26 sent
1884 1350 38 20 on
1943 1340 192 40 application.

1452 1508 207 75 NEW
1701 1504 240 77 DRESS
1989 1501 357 93 FABRICS,

1379 1624 43 30 At
1444 1624 40 29 6d
1507 1624 60 29 and
1595 1623 40 29 9d
1655 1634 54 28 per
1734 1623 78 38 yard
1821 1633 8 23 ;
1861 1621 63 30 sold
1951 1624 31 25 at
2009 1621 87 28 other
2124 1619 101 30 Stores
2249 1623 32 25 at
2309 1620 33 27 Is
2371 1618 47 29 2d.

1340 1951 84 42 Why
1444 1954 79 29 have
1545 1964 77 29 your
1645 1953 83 30 Suits
1748 1953 88 28 made
1857 1955 32 26 to
1911 1950 88 30 order
2021 1950 88 30 when
2129 1959 61 30 you
2225 1959 56 19 can
2312 1947 149 39 purchase

1339 2007 46 43 A
1427 2006 125 43 New
1583 2004 216 44 Zealand
1825 2002 183 44 Tweed
2034 2001 120 51 Suit,
2185 2001 76 41 for
2279 1997 94 45 275.
2400 1998 61 43 6d

1458 2070 91 39 equal
1569 2070 33 30 m
1628 2070 59 30 Cut
1709 2070 60 29 and
1791 2068 107 31 Finish
1918 2071 32 26 to
1973 2067 131 39 bespoke
2124 2065 85 31 work
2229 2066 56 29 but
2305 2068 32 26 at

1767 2120 75 29 Half
1862 2119 53 30 the
1938 2118 95 29 Price.

1888 2205 27 16 :o:

1348 2271 176 56 NEW
1579 2270 218 65 HATS,
1862 2267 184 76 J^JEW
2096 2265 360 77 RIBBONS.

1543 2351 102 46 lew
1663 2347 205 49 PIIHTS
1896 2345 82 48 aaS
2004 2342 289 48 6AULTEAS

1560 2426 181 47 KewLac
1754 2436 22 36 «
1816 2423 162 58 Strips
2006 2420 82 49 and
2111 2412 158 57 €&«<&s

1479 2883 329 56 iVindoTV
1820 2881 255 64 <J?>lincL
2115 2879 209 55 Cloth

1377 3008 29 30 A
1420 3017 67 19 new
1500 3004 139 31 material
1653 3001 130 39 entirely
1799 3001 200 39 superseding
2013 3001 52 29 the
2081 2999 254 32 Old-Pashioned
2349 3001 113 31 Blinds

1303 3084 4 7 '
1335 3088 52 30 the
1402 3086 150 37 Cheapest
1566 3082 58 30 and
1639 3081 74 30 Best
1733 3081 32 29 m
1785 3081 53 28 the
1859 3079 118 31 World.
1978 3098 42 4 —
2020 3080 105 40 Fancy
2146 3081 143 31 Patterns
2290 3100 41 4 —
2331 3083 131 31 Artistic

1336 3167 139 39 Designs.
1518 3163 148 39 Requires
1687 3171 39 20 no
1748 3158 160 43 Washing.
1950 3161 86 30 Eolls
2058 3171 41 30 up
2120 3162 140 40 straight.
2294 3162 50 30 No
2366 3164 97 30 Hem-

1336 3245 94 38 ming.
1474 3242 66 30 Not
1562 3242 106 30 Liable
1689 3245 31 24 to
1743 3239 87 31 Fade.
1874 3240 75 30 Will
1970 3241 90 29 stand
2081 3240 110 40 Rough
2207 3241 102 31 Wear.

1578 3475 311 41 ZdiOITDOST
1932 3474 251 42 HOUSE

1338 3565 395 57 HIGH
1861 3564 582 65 STREET,

1481 3646 154 39 BA
1664 3646 99 26 fiSf
1848 3646 45 26 ft
2054 3646 44 26 f\
2118 3647 43 25 TZ
2188 3646 44 26 T\

68 173 74 36 TO
201 170 226 36 TRAVEL
826 161 134 38 THIS
1006 157 233 40 SEASON,

85 238 198 36 QXFQHD,
319 236 128 31 VIEW
828 229 129 38 HILJk,
969 224 247 39 MAikTBEK,

31 298 121 32 GUST
165 298 28 31 &
204 260 616 68 SUHHOTJN-^^^^^^^
827 288 119 31 DING-
983 283 260 34 DISTRICTS.

374 345 69 25 THE
462 341 283 27 THOROUGHBRED
762 340 113 25 HORSE

10 366 52 53 ¥
176 389 203 99 BT.
514 381 587 102 SWiTWK,

31 531 59 23 Five
106 537 69 24 years
192 528 46 27 old,
256 527 22 23 is
294 535 15 14 a
325 525 118 24 beautiful
459 525 60 22 dark
536 523 52 30 Bay
605 523 70 22 horse
693 522 114 30 standing
824 523 30 22 16
866 521 79 23 hands
966 521 14 23 8
992 519 83 24 inches
1094 517 68 32 high,
1185 516 61 24 with

33 572 110 31 splendid
154 572 59 22 bone
225 568 48 24 and
284 567 91 24 muscle
387 566 48 24 and
446 573 122 23 possesses
580 573 15 15 a
606 563 130 24 wonderful
748 563 63 30 good
821 565 100 27 temper.

32 610 34 19 St.
84 608 92 20 Swithin
190 606 19 20 is
219 613 13 12 a
241 612 46 13 new
298 604 107 20 accession
416 604 24 18 to
448 603 40 19 the
500 602 73 20 North
582 600 138 25 Canterbury
731 600 115 19 district—
847 599 44 20 and
903 599 24 19 m
945 599 49 19 fact
1011 598 39 20 the
1065 596 90 27 present
1175 596 20 20 is
1211 595 36 20 his

33 641 50 20 first
92 646 76 14 season
178 638 24 21 of
211 637 51 20 siud
270 636 40 21 life
319 636 121 25 anywhere.
463 634 35 20 He
506 640 44 14 was
560 632 71 21 foaled
642 639 23 13 as
675 632 45 20 late
734 631 56 21 back
799 637 24 14 as
834 632 58 23 1884,
907 638 24 13 so
940 631 52 19 that
1000 629 27 21 he
1037 630 41 20 has
1087 629 32 20 all
1127 628 35 20 his
1172 634 76 14 career

33 672 75 21 before
117 672 52 19 him.
210 669 60 20 That
278 669 28 19 he
315 669 19 18 is
345 674 24 13 as
378 667 49 19 well
435 666 55 20 bred
499 672 24 14 as
533 665 111 26 anything
653 665 24 19 m
686 664 40 20 the
734 663 55 20 land
797 664 46 19 will
852 664 27 19 be
889 669 51 14 seen
955 662 58 20 from
1030 668 14 13 a
1061 661 89 27 perusal
1167 660 24 21 of
1208 659 39 20 the

33 703 115 27 appended
157 702 103 26 pedigree
273 700 66 20 table.

36 744 23 2 —
59 743 38 2 ~~
393 737 22 2 ~~
694 739 119 23 Gladiator,
828 738 31 25 by
873 737 103 21 Partisan

266 785 22 7 —
306 780 119 19 Parmesan
473 766 133 21 Sweetmeat
692 765 112 25 Lollypop,
821 765 30 24 by
865 763 79 21 Starch
958 770 25 13 or
996 763 100 19 Voltaire

246 808 40 18 <o#
693 802 111 24 VeriUam,
820 802 27 22 by
862 801 92 25 Lottery

10 831 10 31 y
247 822 12 25 S
273 834 13 11 ®
474 820 96 24 Gruyere
693 828 99 24 Jeunala,
809 828 30 25 by
853 827 139 20 Touchstone

245 861 14 33 |
272 876 13 15 ri
693 865 46 18 The
754 865 79 23 Baron,
849 864 30 24 by
894 863 143 20 Birdcatcher

246 895 12 11 'r*
272 892 13 16 9
473 889 108 25 Rataplan
694 891 143 23 Pocahontas,
854 890 31 24 by
900 890 93 19 Glencoe

195 914 19 16 p<
265 914 25 18 ■£,
306 908 129 26 Rigoboche
667 921 28 2 —
695 921 15 2 -
710 921 35 3 —
840 920 33 3 —
873 921 18 2 —
891 921 21 2 —

188 930 27 38 I
473 940 113 25 Daughter
600 940 23 19 of
694 927 164 52 ggg^^

194 986 14 30 §
693 991 144 23 Touchstone,
854 990 30 25 by
898 989 75 20 Camel

194 1017 15 28 §
302 1023 136 20 Adventurer
472 1011 146 20 Newminster
695 1017 118 26 Beeswing,
830 1017 30 25 by
873 1017 34 19 Dv
917 1017 85 24 Syntax

473 1066 77 18 P-ilma
694 1055 99 24 Emilius,
810 1054 29 26 by
853 1053 84 21 Orville

188 1080 21 15 °
258 1095 14 11 a,
483 1078 13 29 j
694 1082 127 22 Francesca,
837 1081 31 25 by
882 1080 103 20 Partisan

259 1120 13 27 g
694 1118 130 24 Hnrkaw.iy,
840 1118 30 24 by
884 1117 129 20 Economist

253 1151 19 15 *
306 1156 89 20 Sveline
472 1139 60 25 KinS
546 1139 18 19 T
565 1144 12 14 °
579 1144 21 13 m
694 1144 144 24 Pocahontas,
854 1144 30 25 by
899 1144 94 19 Glencoe

473 1192 32 16 Tin
508 1197 53 11 own
565 1197 11 11 p
694 1182 124 24 Tearawayi
834 1181 31 25 by
879 1180 100 20 Voltaire

115 1209 21 32 g
695 1208 35 20 Sis
743 1209 24 18 to
781 1207 101 24 Wanota,
898 1207 31 25 by
943 1207 95 19 Simoom

115 1242 21 22 W
693 1245 92 24 Castrel,
801 1244 30 25 by
845 1243 101 21 Buzzard

115 1265 22 30 fi
254 1286 25 8 ,-.
474 1265 123 20 Pantaloon
694 1272 79 23 Idalia,
788 1272 27 23 by
830 1271 111 20 Peruvian

117 1297 20 42 g
254 1295 25 44 |
303 1299 47 19 The
364 1297 62 20 Libel
694 1309 80 23 Caa.el,
789 1309 30 23 by
833 1307 136 20 Whalebone
1045 1328 2 2 .
1078 1324 3 3 .

523 1331 8 12 x
695 1335 90 22 Banter,
799 1334 30 25 by
843 1334 85 19 Master
941 1333 79 24 Henry

115 1368 22 30 fj!
259 1385 14 10 o
695 1372 94 25 Langar,
806 1371 29 25 by
850 1370 67 21 Selim

209 1394 14 28 §
474 1391 46 20 E!ls
695 1398 107 26 Olympia,
818 1398 30 25 by
863 1397 35 20 Sir
912 1396 76 21 Oliver
1115 1395 2 2 '

183 1423 40 44 g'l
254 1427 19 42 |
305 1429 110 20 Arethusa
694 1436 60 23 Cain,
771 1435 30 26 by
816 1434 120 20 PaxUowitz

183 1467 40 24 3^
523 1462 13 9 °
694 1462 77 26 Lydia,
790 1462 26 25 by
831 1461 95 20 Poulton

178 1493 46 25 d-8
364 1496 21 3 ~~
475 1506 124 24 Harkaway
694 1499 133 22 Economist,
844 1499 29 24 by
887 1497 105 20 Whisker

210 1527 13 23 S
305 1528 59 25 King
378 1529 54 20 Tom
695 1525 135 21 Nabocklish
843 1530 60 14 mare

204 1552 19 29 3s
254 1549 25 39 -J,
475 1558 137 21 Pocahontas
697 1563 100 23 Glencoe,
814 1561 30 26 by
860 1561 80 20 Sultan

204 1600 24 8 w
696 1590 118 24 Marpessa,
832 1589 29 23 by
875 1588 77 23 Muley

254 1619 20 22 'S
572 1628 87 20 Dutch-
696 1626 24 20 B.
734 1626 131 22 Middleton,
880 1624 30 25 by
924 1623 79 20 Sultan

261 1650 13 38 §
308 1660 22 20 W
344 1660 106 20 terwitch
500 1663 52 13 man
696 1652 108 24 Barbelle,
821 1652 29 24 by
865 1650 115 19 Sandbeck
1288 1654 2 34 j

254 1690 20 24 g
696 1690 144 23 Toiichstone,
856 1688 30 25 by
900 1687 75 21 Camel

475 1711 102 24 Evening
592 1709 51 20 Star
698 1716 89 25 Bertha,
804 1716 30 25 by
848 1715 90 20 Eubens

35 1782 24 19 St
70 1780 107 21 Swithin's
192 1779 46 22 sire,
247 1778 105 23 Oadogan,
362 1782 42 15 was
413 1783 13 13 a
435 1777 113 24 perform.*
557 1774 22 19 «f
589 1772 61 21 merit
659 1772 22 19 m
692 1770 35 21 the
743 1769 40 21 Old
800 1768 101 25 Country,
912 1767 78 24 having
999 1772 23 15 bb
1032 1772 17 24 a,
1055 1767 39 19 two
1102 1765 93 42 7^^
1190 1771 60 36 jvon

33 1808 37 20 the
78 1807 112 20 Woodcote
199 1805 73 19 Stakes
282 1807 22 17 at
314 1804 86 24 Epsom,
419 1803 42 19 and
470 1808 37 13 ran
517 1800 56 21 third
583 1800 21 19 m
612 1798 35 21 the
663 1797 48 20 New
729 1796 81 21 Stakes,
820 1796 22 19 at
858 1795 63 19 Ascot
944 1793 43 20 and
1004 1792 120 20 Richmond
1140 1792 78 23 Stakes,
1228 1793 22 20 at

35 1833 118 21 Goodwood
165 1833 39 24 (m
214 1831 35 19 the
258 1832 62 18 latter
329 1831 21 18 of
358 1829 66 20 which
433 1829 26 19 he
468 1835 51 17 gave
528 1826 34 22 6b
572 1828 21 18 to
604 1832 12 13 a
625 1826 57 23 great
692 1829 56 14 mare
757 1822 40 20 like
807 1821 70 21 Wheel
887 1821 22 19 of
917 1820 94 20 Fortune
1019 1820 14 23 ),
1049 1818 61 21 while
1120 1824 23 15 as
1153 1824 13 14 a
1184 1819 58 20 three

34 1860 97 22 year-old
148 1859 26 19 he
192 1863 38 14 ran
249 1857 75 18 second
334 1857 21 18 to
365 1855 108 20 Charibert
482 1854 21 18 m
515 1854 35 18 the
618 1848 113 21 Thousand
741 1848 99 21 Guineas,
858 1847 93 22 hanving
960 1846 90 19 thirteen
1060 1844 78 20 behind
1147 1844 51 24 him,
1208 1844 42 20 and

33 1866 98 43 amongst
138 1883 139 23 them-Kayon
288 1882 49 19 dOr
346 1881 41 19 and
399 1880 97 24 Ruperra.
506 1879 46 18 who
561 1875 149 27 subsequently
719 1873 89 20 finished
818 1873 45 19 first
882 1871 42 20 and
942 1869 76 21 second
1027 1870 33 19 for
1075 1870 35 18 the
1118 1869 72 25 Leger.
1216 1870 34 20 He
1288 1876 2 17 |

33 1911 81 20 started
124 1911 44 19 first,
177 1908 101 21 favourite
287 1908 33 19 for
329 1907 35 19 the
372 1907 74 23 Derby,
456 1906 36 18 but
503 1905 42 18 met
562 1902 49 20 with
620 1909 27 13 an
658 1900 94 21 accident
764 1899 75 23 during
847 1897 35 20 the
891 1903 52 17 race,
954 1903 41 13 was
1011 1895 74 21 beaten
1100 1897 37 18 out
1147 1895 21 20 of
1186 1895 65 26 place,

33 1918 45 39 Ind
87 1942 61 13 never
157 1942 38 13 ran
205 1934 69 24 again.
289 1934 61 19 Since
357 1932 33 20 his
398 1931 136 25 importation
545 1931 21 18 to
577 1928 42 20 (his
630 1928 75 23 colony
715 1927 26 19 be
750 1925 38 19 has
799 1924 60 24 sired,
868 1929 77 19 among
954 1923 77 23 others,
1041 1922 36 20 the
1086 1922 106 24 following
1201 1928 49 14 win-

35 1969 49 14 ners
94 1969 20 13 :-
122 1962 92 19 Everton
225 1959 50 21 Lad.
284 1960 78 19 winner
371 1959 20 18 of
401 1958 36 19 the
447 1956 97 21 Dunedin
561 1956 135 23 Champagne
704 1962 6 14 ;
721 1953 127 21 Hermitage,
868 1955 79 14 winner
955 1949 23 19 of
987 1949 36 20 the
1040 1948 87 19 Timaru
1145 1948 45 25 Cup
1208 1948 43 20 and

36 1995 64 17 many
110 1988 60 20 other
179 1993 57 14 races
244 1995 6 15 ,
261 1986 94 23 Hanlan,
364 1984 78 19 winner
451 1984 22 19 of
482 1983 35 20 the
527 1982 37 19 C.J
572 1981 22 20 C.
604 1981 94 19 Autumn
708 1979 90 23 Nursery
809 1976 110 25 Handicap
927 1984 7 16 ;
953 1974 115 23 Beresford,
1087 1979 79 14 winner
1174 1974 23 20 of
1214 1974 36 20 the

36 1995 70 41 STc.
118 2013 147 25 Metropolitan
277 2011 109 25 Handicap
395 2010 42 20 and
447 2010 35 19 the
490 2008 127 24 Wellington
625 2007 57 24 Cup;
693 2003 122 23 Cruchfield,
827 2008 78 14 wmner
914 2003 22 18 of
945 2001 36 20 the
992 2000 120 25 Wanganm
1129 2000 70 25 Derby
1208 2000 41 21 and

37 2042 97 20 Hawke's
143 2041 45 21 Bay
198 2041 44 18 Cm
252 2048 5 11 :
270 2038 54 24 Lady
334 2037 78 22 Norah,
423 2036 78 19 winner
511 2036 21 19 of
542 2034 34 20 the
586 2032 119 25 Wanganui
715 2031 52 24 Cup,
778 2029 78 25 Napier
865 2028 118 25 Handicap,
994 2028 27 20 &c
1029 2035 6 15 ;
1054 2026 52 21 Ohio
1131 2026 118 24 Oremorna,

37 2057 125 30 FardinVale
177 2066 75 23 Bonny
262 2064 68 22 Blink.
340 2062 102 23 Rosebud,
452 2062 42 20 and
505 2066 63 17 many
578 2059 75 19 others.
680 2058 51 19 Last
741 2061 74 14 season
833 2055 27 19 he
868 2054 54 20 sired
934 2054 23 19 13
977 2058 95 17 winners,
1082 2052 46 19 who
1147 2052 69 21 netted
1225 2052 25 21 be

37 2095 66 20 tween
111 2092 58 21 them
179 2091 76 21 £2267.
284 2090 78 22 Malice,
372 2089 35 19 the
423 2088 47 19 dam
482 2088 21 19 of
513 2088 32 18 St.
552 2085 94 24 Swi.hin,
662 2090 42 13 was
713 2090 13 12 a
733 2081 52 26 good
800 2081 113 25 peiformec
931 2079 75 20 herself
1015 2085 22 14 m
1046 2078 35 20 her
1081 2084 2 5 ■
1098 2080 56 21 tune,
1163 2078 42 21 and
1211 2078 40 21 has

37 2100 76 41 elrned
124 2099 92 40 fturfofat
226 2121 35 16 tne
270 2116 49 20 stud
327 2122 23 14 as
360 2115 35 19 the
404 2115 48 19 dam
467 2115 21 17 of
498 2113 101 21 mischief,
619 2111 45 19 who
675 2116 44 13 won
730 2109 35 20 the
774 2108 23 21 C
800 2107 44 20 J-O.
855 2107 85 24 Metrop.
951 2105 118 24 Handrtap.
1079 2104 36 20 the
1124 2104 127 26 Wellington

37 2147 52 23 Cup.
99 2144 40 21 and
149 2149 112 14 numerous
270 2142 59 20 other
338 2141 53 24 good
400 2141 73 24 prizes,
484 2140 42 19 and
536 2138 108 24 Maligner.
654 2136 46 19 who
710 2136 38 19 has
759 2136 34 18 cut
803 2135 36 18 out
849 2138 57 14 some
915 2133 21 18 of
946 2132 35 19 the
997 2131 101 24 spaedieat
1107 2134 103 22 spriuting
1220 2136 29 15 re-

38 2171 59 21 cords
106 2170 22 20 m
139 2170 35 19 the
184 2169 97 20 colonies.
308 2167 73 19 Malice
391 2172 68 14 comes
469 2166 21 18 of
499 2172 13 12 a
522 2166 57 23 great
590 2163 78 23 family,
687 2162 32 19 for
729 2161 37 19 she
775 2166 18 13 is
804 2160 29 19 ful
861 2162 61 16 Bister
932 2160 22 17 to
971 2158 92 21 Lurline,
1074 2156 45 20 who
1128 2162 42 14 was
1180 2162 40 15 one
1229 2157 22 19 oi

37 2198 36 20 the
82 2198 89 21 greatest
181 2195 42 20 turf
233 2193 94 21 heroines
336 2199 46 13 ever
391 2191 84 20 saddled
485 2191 21 19 m
517 2191 35 19 the
562 2189 96 21 colonies,
668 2188 42 19 and
721 2194 17 13 is
748 2186 48 20 dtmi
806 2185 21 19 of
836 2184 36 21 the
881 2184 72 20 V.R.O.
963 2182 69 25 Derby
1049 2188 85 17 winner,
1152 2182 99 25 Darebin,

35 2224 47 20 who
92 2222 53 20 sired
155 2221 118 20 Australian
284 2219 55 24 Peer,
350 2217 87 21 another
447 2218 21 18 of
477 2217 35 19 the
520 2216 45 20 V.B
571 2216 22 20 0.
603 2215 67 24 Derby
680 2214 88 19 winners
777 2221 6 14 ;
792 2214 21 17 to
819 2212 109 23 Castaway
945 2209 46 20 who
999 2214 39 15 ran
1048 2208 76 20 second
1134 2209 21 19 to
1164 2208 86 27 Papapa

35 2251 33 19 for
78 2250 36 19 the
122 2247 129 24 Canterbury
260 2246 68 23 Derby
338 2244 41 19 and
388 2243 54 20 sired
452 2243 87 24 Salvage
548 2245 38 17 etc.
595 2250 6 15 ;
611 2240 42 19 and
663 2242 21 17 to
694 2240 28 19 Le
733 2239 65 24 Loup,
809 2243 77 14 winner
893 2237 21 19 of
924 2236 36 20 the
969 2235 73 20 V.R.O.
1054 2234 117 25 Handicap,
1181 2235 68 23 C.J.O,

35 2275 113 24 Handicap
163 2273 128 23 Canterbury
302 2271 44 24 Cup
356 2270 42 19 and
408 2268 148 21 Christchurch
567 2268 63 22 Plate,
642 2266 42 19 and
694 2265 45 20 who
753 2263 54 20 sired
826 2263 66 24 Gipsy
903 2263 62 22 King,
981 2266 79 14 winner
1067 2260 23 20 of
1099 2260 35 20 the
1152 2260 98 20 Dunedin

36 2303 46 22 Cup
91 2301 22 19 of
124 2301 56 19 1888.
208 2298 74 19 Malice
291 2297 19 19 is
319 2297 45 19 also
370 2295 111 20 half-sister
491 2296 21 18 to
521 2295 31 19 La
562 2293 66 20 Mode,
639 2292 77 19 winner
726 2290 20 20 of
757 2290 35 19 the
806 2289 67 20 C.J.C.
883 2288 104 20 Welcome
996 2286 73 21 Stakes
1078 2285 23 21 of
1110 2286 57 23 1880,
1177 2286 43 20 and
1228 2287 23 20 to

35 2325 141 24 Waterwitch,
186 2325 48 20 dam
244 2324 21 20 of
274 2324 89 19 Natator
372 2321 42 20 and
424 2320 104 26 Cynisca's
538 2320 48 20 dam
597 2318 104 21 Nautilus.

103 2376 113 26 TERMS
225 2384 5 16 :
282 2376 44 22 £2.
345 2375 35 23 for
397 2374 40 24 the
449 2381 94 19 season,
555 2372 99 31 payable
666 2378 32 16 on
710 2378 27 16 or
747 2369 81 24 before
840 2369 110 29 January
962 2367 45 28 Ist,
1021 2367 72 24 1890.
1111 2365 142 33 (allowance

35 2417 73 25 made
119 2416 37 23 for
167 2418 47 20 two
226 2422 27 15 or
263 2421 68 15 more
342 2420 88 15 mares.
465 2410 135 30 Groomage
612 2409 49 24 Fee
679 2409 33 27 5/-
729 2406 99 32 payable
840 2408 26 22 at
877 2405 52 24 first
941 2404 97 24 service.
1063 2404 99 24 Owners
1173 2405 26 23 at
1211 2403 42 24 the

37 2455 58 24 time
112 2454 26 23 of
155 2451 95 26 Service
266 2450 58 23 held
339 2449 148 31 responsible
503 2449 37 23 for
557 2448 43 23 the
616 2447 58 24 fees.

103 2490 47 24 For
160 2488 95 25 further
265 2486 144 31 particulars
420 2485 72 32 apply
508 2488 26 22 to
804 2511 4 3 .
865 2506 2 2 .

472 2534 315 39 FRANKLYN
835 2531 255 44 HODGES,

715 2593 134 25 Harewood
865 2593 71 24 Arms
953 2592 82 29 Hotel,
1047 2592 63 24 East
1122 2591 98 25 Oxford,

426 2659 27 17 or
469 2650 41 24 the
529 2650 88 25 Groom
633 2649 27 24 m
677 2648 96 31 charge.

39 2804 153 79 A.
293 2799 108 80 J.
510 2789 737 88 TV'HITE'S,

208 2922 176 68 High
419 2921 125 51 and
581 2919 200 52 Tuam
818 2917 257 59 Streets,

107 3023 1071 66 CHKISTCMURCH.

37 3211 106 43 The
172 3207 225 46 Premier
429 3204 312 53 Furnishing
772 3199 397 46 Establishment
1194 3198 55 44 m

451 3261 125 44 New
607 3258 226 45 Zealand.

38 3431 116 29 Parties
168 3428 126 38 visiting
310 3425 218 32 Cliristclmrcli
541 3423 102 31 would
657 3423 38 29 do
706 3422 70 30 well
789 3425 41 41 to^
835 3421 126 29 observe
970 3418 67 29 that
1048 3421 32 26 at
1091 3416 51 30 the
1154 3416 94 31 above

113 3468 228 31 establishment
354 3468 72 38 they
440 3476 72 28 may
527 3473 127 32 procure
668 3472 91 29 every
774 3460 105 31 article
894 3459 136 28 thatcan
1045 3456 135 40 possibly

261 3510 38 27 be
312 3508 147 37 required,
475 3505 130 30 suitable
620 3503 46 29 for
686 3502 128 38 Cottage
828 3511 33 18 or
875 3498 149 33 Mansion,

38 3580 160 38 Tapestry,
221 3576 249 35 Kidderminster,
497 3575 60 30 and
583 3574 87 30 other
698 3571 135 40 Carpets.
896 3568 164 30 Furniture
1088 3567 156 40 Tapestry,

102 3619 149 34 Curtains,
269 3616 174 38 Cretonnes,
468 3614 166 32 Embossed
647 3613 135 37 Velvets,
804 3610 61 31 and
878 3609 42 30 all
941 3609 52 30 the
1008 3608 90 30 latest
1122 3607 65 31 Ma-

347 3658 102 28 terials
463 3657 32 29 m
508 3658 60 28 Art
582 3654 182 37 Furnishing
775 3651 163 30 Materials.
