2490 3830
629 66 135 26 OXFORD
802 65 68 24 AND
906 63 84 25 CUST
1025 61 194 27 OBSERVER,
1256 59 189 28 SATURDAY,
1479 58 155 26 OCTOBER
1667 58 39 27 2G,
1742 58 60 22 1889

1280 3689 100 25 Printed
1391 3689 48 24 and
1451 3685 131 26 Published
1592 3685 32 31 by
1636 3685 112 24 Bichakd
1759 3684 109 24 Holman
1874 3684 101 28 Paeish,
1989 3687 25 22 at
2025 3685 40 24 his
2076 3685 141 32 Eegistered
2231 3686 113 30 Printing
2360 3685 74 24 Office
2452 3698 6 3 -

1353 3727 69 30 High
1436 3726 86 27 Street,
1535 3724 62 24 East
1610 3722 97 27 Oxford,
1721 3721 157 31 Canterbury,
1893 3721 129 32 Saturday,
2057 3723 102 24 October
2176 3723 40 28 26,
2246 3723 72 25 1889.
2456 3717 3 34 I

1332 176 213 52 Chas.
1622 155 190 70 W^TJi.
1877 167 497 54 TUItIsTMR.

1345 264 200 33 LAND
1576 261 155 32 AJSTI)
1750 258 239 36 CtRAIN
2005 257 297 32 BROKER

1499 307 37 27 12
1558 304 97 39 Inglis
1677 304 159 37 Buildings
1861 301 148 39 (opposite
2024 299 193 39 Tattersalls)

1551 349 613 44 OHB.ISTOH'O'R-OH.
2347 345 51 55 4$

1407 435 41 25 All
1459 435 89 24 classes
1560 433 26 25 of
1595 433 73 24 Farm
1681 441 27 16 or
1719 433 75 31 Dairy
1804 432 105 31 produce
1919 430 135 31 purchased
2065 438 28 16 or
2107 429 111 31 disposed
2240 429 27 23 of
2286 430 25 23 at

1684 475 106 30 Highest
1807 473 95 25 Market
1924 473 83 24 Bates.

1377 520 80 30 Agent
1473 519 37 23 for
1511 532 32 3 —
1543 518 68 23 John
1625 517 89 30 Bridge
1732 518 18 22 &
1762 517 51 27 Co.,

1695 559 78 24 Grain
1790 558 48 23 and
1854 557 109 24 Produce
1981 556 143 27 Salesmen,'

2228 597 104 31 Sydney.

1377 636 80 30 Agent
1468 635 37 24 for
1505 649 33 3 —
1538 633 202 32 Younghusband
1752 634 17 22 &
1782 632 51 27 Co.,
1851 632 116 23 Limited.

1681 674 71 25 Wool
1769 674 48 24 and
1835 673 76 24 Grain
1927 672 105 24 Brokers
2439 679 20 31 j|

2183 703 150 24 Melbourne.
2437 697 22 17 *

1453 760 98 25 Liberal
1562 760 120 24 advances
1693 759 71 24 made
1776 758 96 30 against
1884 757 188 30 Consignments
2088 756 22 24 if
2123 756 118 30 required.

1501 1106 59 76 J.
1608 1105 71 76 B.
1727 1101 500 94 MANSFIELD,

1364 1359 322 43 Manchester
1716 1356 98 43 aud
1834 1355 281 44 Barbadoes
2136 1354 200 50 Streets,

1463 1449 803 62 COTtISTCHURCH.

1283 1571 342 33 Estimates
1640 1567 275 33 forarard
1931 1575 82 24 on.
2028 1564 403 41 application.

1284 1976 433 43 G-£3£T£SS'A.Xj
1762 1971 668 52 STOREKEEPER,,

1481 2042 282 57 WDST
1838 2038 422 59 OXFORD.

1405 2164 396 35 DEALBEIN
1821 2163 148 33 ALL
1987 2160 231 34 KINDS
2238 2159 88 34 OF

1283 2217 574 62 GROCERIES,
1952 2213 452 56 DRAPERY

1612 2312 517 58 CI>OTHIM€J.

1766 2503 87 30 ETC.
1900 2501 87 31 ETC.

1647 2556 43 25 for
1707 2556 46 24 the
1771 2554 99 26 Oxford
1887 2553 53 25 aud
1958 2552 65 26 Oust
2041 2552 137 25 Observer.

1284 2952 443 59 BUILDER
1760 2946 674 61 UNDERTAKER

1421 3041 665 55 WHEELWRIGHT
2131 3038 162 55 ETC

1493 3132 247 55 EAST
1811 3128 421 57 OXFORD.

1281 3213 147 30 Funerals
1449 3212 159 30 furnished
1629 3215 32 26 at
1680 3214 81 27 most
1780 3209 175 31 reasonable
1969 3213 91 25 rates.
2114 3206 144 41 Building
2279 3205 152 32 materials
2438 3222 21 28 j

1361 3264 112 38 always
1495 3273 39 19 on
1554 3262 92 30 hand.
1715 3262 224 37 Ironmongery
1961 3260 31 28 of
2013 3269 93 30 every
2126 3259 185 38 description
2332 3261 32 25 at

1727 3310 149 39 Cheapest
1896 3314 88 25 rates.

1280 3365 38 29 N.
1341 3365 25 28 B
1367 3382 40 3 —
1407 3363 140 30 Vehicles
1562 3363 34 28 of
1606 3373 92 28 every
1713 3361 183 39 description
1912 3359 148 40 Repaired
2079 3360 61 29 and
2161 3359 128 29 Painted
2308 3361 33 26 at
2354 3360 79 27 most

1402 3413 173 29 reasonable
1591 3412 133 38 charges.
1788 3411 107 38 Agent
1907 3410 50 29 for
1969 3410 66 28 The
2049 3409 133 29 Hovrard
2199 3408 123 30 Binder.

1462 3462 79 30 Note
1562 3462 51 29 the
1635 3460 124 30 address
1759 3478 40 3 —
1800 3460 86 30 three
1900 3460 88 30 doors
2009 3460 81 30 from
2110 3460 139 30 Parish's.

664 340 179 45 JOHN
906 334 275 47 INGRAM

663 406 57 20 HAS
733 404 55 21 FOR
802 403 69 22 SALE
887 402 37 20 BY
939 402 120 20 PRIVATE
1072 399 117 22 TREATY,

766 440 32 20 On
808 440 93 20 Account
910 439 22 20 of
941 439 47 19 Mrs
998 439 96 22 Agassiz,

665 477 47 19 Her
720 477 96 23 compact
825 475 55 19 little
899 475 100 24 Property
1018 475 21 18 of
1056 473 50 19 nine
1124 472 68 22 Acres,

665 503 50 19 with
733 501 144 19 four-roomed
895 500 77 22 House,
992 500 40 19 nnd
1050 499 51 25 good
1122 498 70 19 Stable

665 529 92 18 thereon.
769 528 18 17 A
792 528 55 22 large
854 526 90 19 Orchard
949 526 56 19 fillsd
1010 526 49 19 with
1064 526 128 22 well-grown

666 555 52 18 trees
727 553 23 20 m
760 553 38 20 full
807 552 91 23 bearing,
908 552 66 24 nicely
983 551 97 22 situated,
1091 550 42 19 and
1141 548 51 20 land

665 580 22 19 of
713 579 37 20 the
778 578 76 19 richest
882 578 87 24 quality.
997 578 65 22 Price,
1080 582 48 18 very
1146 576 44 18 low.

665 606 73 19 Terms
746 604 112 20 moderate.

755 658 32 19 On
798 656 88 20 account
896 656 21 18 of
926 656 34 19 the
971 655 134 24 Mortgagees,

665 693 55 20 That
726 693 99 24 Property
832 693 22 18 at
863 692 80 24 present
952 691 97 25 occupied
1060 690 26 24 by
1094 690 98 18 Eichard

665 720 74 21 Rbats,
750 718 125 25 comprising
890 718 46 18 four
946 724 56 12 acres
1012 717 48 18 with
1072 716 52 24 good
1134 715 59 19 dwel-

665 745 136 24 ling—house
816 745 17 19 &
851 743 76 19 Stable.
955 743 53 24 Very
1024 742 89 19 suitable
1131 741 31 19 for
1181 746 12 13 a

666 773 73 20 carter,
757 771 93 22 fronting
863 769 38 19 the
910 769 56 19 main
977 768 50 20 road
1037 770 21 17 to
1075 767 35 20 the
1136 766 57 19 mills

665 797 38 20 but
713 803 57 13 more
779 803 23 13 so
811 797 32 18 for
852 801 13 13 a
873 795 127 24 fellmonger,
1017 800 23 13 as
1058 793 57 19 three
1124 798 69 14 never-

665 823 75 24 failing
749 825 88 18 streams
846 827 40 13 run
905 822 47 24 past
971 820 56 20 three
1045 819 54 20 sides
1117 819 22 20 of
1157 818 36 20 the

666 851 103 24 property.
796 847 115 25 Price.very
921 848 46 19 low.

665 901 56 21 That
739 901 97 25 property
854 900 74 19 known
948 904 23 13 as
989 897 96 25 Skippers
1103 894 91 21 situated

666 927 95 26 opposite
770 927 90 20 Pearson
870 925 54 21 Park
933 924 50 19 with
999 924 45 19 half
1063 929 27 13 an
1108 928 47 14 acre
1173 922 21 19 of

666 954 51 19 land
726 959 27 14 on
762 953 68 20 which
840 954 57 18 there
906 952 18 18 is
931 956 13 14 a
952 950 57 24 Shop
1016 949 101 24 Dwelling
1124 948 70 19 House

666 980 72 21 Stable
747 979 42 20 and
798 986 13 13 a
820 980 51 22 good
882 977 44 20 well
936 977 17 19 &
962 975 99 20 Orchard.

666 1032 55 19 That
731 1032 101 24 Property
840 1031 75 18 known
924 1034 24 15 as
957 1027 111 20 Fenwick's
1087 1027 108 24 adjoining

666 1058 33 19 Mr
707 1058 75 19 Aliens
792 1055 128 21 Blacksmith
931 1054 63 25 Shop,
1004 1053 127 25 comprising
1149 1052 46 20 half

666 1089 27 14 an
704 1089 53 17 acre,
767 1083 50 19 with
835 1082 54 25 good
908 1081 95 23 dwelling
1021 1079 65 20 house
1105 1079 17 19 &
1138 1078 57 25 large

669 1109 55 21 Shed
734 1110 16 19 &
760 1108 77 21 Stable.

666 1162 56 19 That
739 1161 131 20 two-storied
887 1159 99 24 Building
1004 1164 28 14 on
1050 1158 36 21 the
1102 1158 93 24 Terrace,

666 1188 107 25 adjoining
784 1188 32 20 Mr
826 1187 119 20 Pritcharda
955 1187 62 18 store.

759 1240 34 19 On
802 1241 88 18 account
900 1239 20 18 of
932 1238 33 19 Mr
974 1237 29 20 H.
1013 1237 95 19 Eearnr.

666 1276 39 20 His
714 1281 50 20 very
779 1275 98 25 compact
894 1274 54 20 little
966 1274 99 26 Property
1083 1272 23 19 m
1124 1272 70 24 Queen

666 1303 72 22 Street,
748 1302 122 23 containing
879 1301 64 19 about
952 1300 26 26 4J
987 1301 61 18 Acres
1058 1299 22 18 of
1086 1298 45 19 rich
1138 1298 57 23 land,

667 1328 122 19 subdivided
799 1328 46 19 into
856 1327 77 19 several
943 1326 63 19 small
1015 1324 111 26 paddocks,
1145 1324 50 19 with

666 1354 53 24 good
736 1354 72 19 House
827 1353 92 22 thereon,
938 1352 58 19 brick
1013 1351 53 19 well.
1091 1350 50 19 Cost
1160 1350 35 19 the

666 1385 68 15 owner
744 1380 61 19 £250.
893 1378 24 19 be
927 1378 44 19 sold
982 1378 22 19 at
1014 1383 12 14 a
1036 1382 48 19 very
1094 1376 100 20 consider-

666 1406 46 20 able
720 1405 107 20 reduction
837 1411 27 14 on
875 1404 42 20 this
927 1405 61 24 price.

753 1458 32 20 On
796 1458 88 20 account
894 1458 21 19 of
925 1457 32 19 Mr
967 1456 135 20 Wooldrige.

666 1495 40 20 His
715 1495 45 19 nice
769 1494 56 20 little
833 1495 107 24 Properly,
950 1492 91 20 situated
1051 1493 21 19 at
1081 1492 34 20 the
1123 1496 72 16 corner

666 1522 22 19 of
697 1521 84 20 Church
788 1521 66 19 Street
862 1521 17 18 &
887 1520 45 24 Bay
939 1519 57 21 road,
1002 1519 127 24 comprising
1138 1518 56 19 three

666 1549 61 18 Acres
737 1547 22 19 of
769 1547 44 19 rich
823 1547 57 22 land,
891 1545 59 20 filled
957 1545 50 19 with
1018 1545 50 19 fruit
1084 1545 40 19 and
1135 1544 60 19 other

666 1575 59 18 trees.
755 1573 45 19 The
810 1572 109 23 Buildings
929 1571 101 24 comprise
1040 1571 77 23 House,
1129 1569 62 25 Shop,

666 1599 42 20 and
722 1599 63 25 large
797 1599 56 19 Shed
868 1597 51 20 with
931 1598 46 18 iron
993 1597 52 19 roof.
1080 1596 58 19 Price
1147 1601 47 19 very

666 1625 45 20 low.

758 1677 33 19 On
801 1677 88 19 account
899 1675 22 19 of
931 1675 33 19 Mr
973 1674 132 20 Brettargh.

665 1713 114 25 Fifty-four
788 1714 63 19 Acres
861 1713 21 18 of
891 1711 52 26 good
953 1711 57 24 land,
1021 1710 120 20 subdivided
1149 1710 45 19 into

665 1741 41 19 two
713 1740 103 25 paddocks
825 1740 26 18 all
858 1738 71 20 fenced
938 1738 40 19 and
985 1737 42 20 laid
1033 1737 59 19 down
1100 1736 21 20 m
1128 1742 66 18 grass,

665 1766 90 19 situated
765 1765 94 25 opposite
875 1764 35 20 the
925 1763 146 25 Immigration
1084 1763 109 19 Barracks.

665 1792 57 20 Price
731 1797 48 19 very
786 1792 44 19 low.
841 1792 71 18 Terms
921 1796 55 18 easy.

665 1844 88 25 Seventy
763 1844 61 19 Acres
832 1843 135 25 unimproved
977 1841 50 21 land
1034 1847 27 15 on
1070 1841 61 20 Ellis'
1139 1841 56 24 Flat,

665 1870 108 26 adjoining
782 1870 32 20 Mr
824 1870 71 20 James
904 1869 100 19 Wilson's
1013 1868 69 20 Farm.

664 1922 77 25 Eighty
750 1923 61 20 Acres
821 1922 108 25 adjoining
936 1921 35 19 Mr
978 1921 145 19 O'Halloran's
1132 1921 62 19 farm:

785 1975 33 20 On
827 1975 88 19 account
925 1974 21 19 of
957 1974 34 19 Mr
999 1973 69 19 Rowb.

665 2007 38 20 116
722 2006 62 20 Acres
803 2006 22 19 of
842 2004 58 23 land,
918 2004 115 26 adjoining
1047 2003 35 20 Mr
1099 2003 95 20 Duder's

663 2032 59 25 land,
736 2033 22 19 at
767 2032 56 19 View
833 2031 53 22 Bill,
893 2029 227 26 frontingFourChain
1127 2030 65 19 Road.

663 2060 72 20 Water
743 2065 47 14 race
799 2058 92 24 running
900 2057 106 24 alongside
1013 2056 22 20 of
1044 2056 35 20 the
1087 2057 107 24 Property.

745 2112 32 19 On
786 2110 89 21 account
885 2110 21 20 of
916 2110 34 20 Mr
959 2110 26 20 H.
999 2109 105 24 Dudding.

664 2144 53 19 2529
727 2143 63 19 Acres
803 2142 22 19 of
833 2141 52 25 good
893 2140 86 26 grazing
987 2140 55 23 land,
1050 2146 50 13 near
1107 2140 87 19 Master-

664 2171 44 22 ton,
722 2168 75 26 (North
807 2168 87 24 Island),
913 2167 51 20 with
973 2167 53 19 2000
1036 2166 66 25 sheep.
1133 2165 60 20 Good

663 2195 113 24 Buildings
795 2194 42 19 and
856 2193 62 25 sheep
936 2193 61 25 yards
1016 2192 92 21 thereon.
1132 2191 62 20 Land

664 2221 70 25 partly
743 2220 114 26 improved.

756 2274 33 19 On
800 2274 87 19 account
898 2274 21 18 of
929 2273 32 18 Mr
970 2273 13 18 J
993 2272 22 19 M
1024 2271 69 20 Booth

663 2304 139 25 Ninty-seven
811 2305 62 18 Acres
882 2303 58 20 Bush
950 2302 55 25 land,
1016 2302 61 20 West
1086 2302 83 19 Oxford.

664 2335 49 19 Also
723 2342 13 13 a
745 2335 88 19 number
843 2335 21 19 of
873 2334 59 19 other
940 2333 123 25 Properties,
1081 2333 50 19 with
1151 2332 42 20 and

664 2361 88 20 without
761 2361 111 24 buildings,
882 2360 41 20 and
933 2366 12 13 a
955 2359 88 20 number
1059 2359 21 19 of
1098 2358 94 26 building

664 2387 89 20 sections
760 2388 22 19 m
792 2387 82 19 various
882 2387 58 24 parts
950 2387 21 18 of
980 2385 36 21 the
1023 2384 109 26 township.

816 2439 36 19 TO
868 2439 55 19 LET
930 2439 37 19 OR
981 2438 70 20 SELL

752 2471 33 20 On
795 2471 87 19 account
893 2470 21 19 of
923 2470 32 19 Mr
964 2470 26 20 D.
1002 2469 101 20 Sladden.

663 2503 40 19 His
724 2502 43 19 late
777 2501 120 23 Residence,
914 2501 67 24 nicely
997 2499 97 24 situated,
1104 2505 23 14 so
1137 2505 23 14 as
1170 2500 22 20 to

664 2528 112 21 command
785 2535 12 12 a
807 2528 50 19 view
867 2528 22 18 of
898 2526 35 20 the
943 2526 139 24 surrounding
1098 2528 94 23 country,

664 2554 126 25 comprising
800 2556 34 17 ten
845 2559 63 17 acres,
917 2553 50 19 with
978 2555 33 18 ten
1019 2552 84 19 roomed
1110 2552 80 25 House,

665 2581 50 20 with
724 2582 63 17 water
797 2579 43 20 laid
849 2585 35 16 on,
891 2580 53 23 good
953 2578 50 20 bath
1011 2584 64 16 room,
1084 2580 41 17 and
1133 2584 59 19 every

664 2606 143 21 convenience.
842 2605 44 19 The
900 2605 50 19 land
959 2605 18 19 is
991 2604 81 20 divided
1082 2605 44 19 into
1134 2605 58 19 three

665 2632 110 26 paddocks,
786 2638 12 13 a
808 2631 95 25 splendid
912 2631 76 24 garden
997 2630 42 20 and
1046 2630 88 20 orchard
1146 2631 45 18 well

663 2658 59 21 filled
731 2658 50 20 with
790 2657 52 20 fruit
851 2657 42 20 and
903 2655 132 21 ornamental
1043 2657 59 19 trees.

884 2709 54 19 Also
938 2720 28 3 —

663 2746 64 25 Forty
745 2745 62 20 Acres
821 2745 23 19 of
860 2744 69 26 partly
945 2744 80 19 worked
1041 2744 37 19 out
1096 2743 60 20 bush.
1173 2744 19 18 A

663 2779 48 18 very
720 2772 57 24 early
795 2771 105 22 selection,
910 2770 41 20 and
960 2770 40 20 300
1009 2771 62 18 Acres
1080 2770 22 19 of
1111 2770 81 19 worked

663 2800 37 19 out
709 2798 54 20 bush
772 2798 63 24 lately
844 2796 97 25 occupied
950 2796 27 24 by
986 2796 33 19 Mr
1028 2796 131 24 Youngman.

874 2848 35 21 TO
919 2848 55 21 LET

663 2904 89 24 Cottage
764 2902 96 26 opposite
872 2902 34 19 Mr
918 2900 137 26 Weylandt's.
1091 2900 61 25 Rent,
1167 2901 25 19 4s

664 2935 35 20 per
707 2929 60 20 week.

664 2960 118 20 Furnished
790 2960 86 24 Cottage
886 2958 108 26 adjoining
1004 2958 35 19 the
1049 2958 47 19 Sale
1105 2957 73 20 Yards.

757 3019 33 19 On
801 3019 88 19 account
898 3017 22 19 of
931 3017 35 19 Mr
975 3017 85 19 Frohm.

665 3055 57 20 Four
733 3056 62 18 Acres
804 3055 22 19 of
835 3053 60 20 Land
905 3053 50 19 with
964 3051 229 27 House|andOutbuid-

666 3082 47 24 ings
724 3081 92 22 thereon,
837 3086 48 18 very
904 3079 44 20 rich
967 3079 50 19 land
1032 3078 93 23 fronting
1134 3078 58 19 main

665 3107 52 21 road
726 3107 53 20 East
793 3106 84 20 Oxford.

771 3139 33 19 On
814 3138 89 20 account
912 3137 22 19 of
943 3142 57 14 same
1010 3141 69 15 owner

666 3166 26 20 20
701 3165 63 19 Acres
773 3165 22 19 of
804 3163 126 20 worked-out
948 3162 53 20 bush
1018 3161 50 19 land
1084 3160 109 25 adjoining

666 3192 35 20 Mr
709 3191 71 20 Friars
789 3190 58 20 West
857 3189 84 19 Oxford.

745 3242 33 21 On
788 3242 89 20 account
886 3241 22 20 of
917 3241 33 19 Mr
959 3240 57 20 John
1025 3239 88 20 Fisheb.

665 3280 43 20 His
717 3278 95 21 valuable
823 3278 63 20 Stone
896 3278 81 24 Quarry
986 3277 22 18 at
1017 3275 56 20 View
1084 3274 43 20 Hill
1144 3280 46 14 con-

666 3307 82 23 taining
759 3305 35 20 the
804 3304 45 20 best
859 3303 93 24 building
962 3303 60 19 stone
1031 3301 22 20 m
1062 3300 130 25 Canterbury

665 3333 50 20 with
725 3332 26 20 20
760 3331 62 20 Acres
832 3330 21 20 of
862 3329 61 20 Land
933 3335 27 14 on
978 3327 68 21 which
1066 3327 56 20 there
1141 3327 18 19 is
1178 3333 12 13 a

665 3365 57 14 seam
731 3358 22 20 of
762 3357 125 20 Limestone.

665 3433 188 34 JOHN
884 3431 304 35 INGEAM

809 3501 236 27 AUCTIONEER,

745 3560 364 31 OXFORD.

148 292 157 23 GENERAL
321 287 168 23 CARRIERS

266 337 99 20 between

78 372 286 30 CHRISTCHURCH
384 371 21 24 &
423 366 152 28 OXFORD.

56 516 104 27 Parcels
178 514 50 26 and
247 512 85 26 Goods
350 510 83 33 safely
445 506 130 28 delivered

150 560 39 19 AT
202 557 82 21 VERY
298 555 66 21 LOW
379 553 100 21 RATES.

150 677 76 43 W.
266 672 213 51 MUNN,

80 753 169 32 WEST
291 748 241 33 OXFORD.

56 901 64 30 The
135 900 126 38 Largest
271 897 148 37 Cheapest
430 893 61 29 and
505 893 70 27 Best

261 952 70 14 STOCK
344 951 28 13 OF

136 985 134 21 ENGLISH
284 983 61 20 AND
360 978 148 24 COLONIAL

55 1032 180 47 BOOTS
254 1030 113 45 118
387 1025 188 49 SHOES.

121 1100 44 28 m
188 1098 86 29 thp:
296 1093 203 32 district.

51 1487 79 51 H.
157 1485 59 53 J-
233 1478 342 57 LAMING

142 1580 340 38 SADDLEE

280 1657 61 21 AND

53 1726 281 42 HARNESS
367 1723 208 40 MAKER

194 1811 71 25 Near
282 1810 146 26 Sal,eyari>s,

87 1883 451 46 OXFORD.

51 2020 87 24 Orders
150 2018 48 25 and
209 2017 102 30 Repairs
324 2014 123 32 promptly
458 2013 116 24 executed

205 2062 26 24 at
242 2060 84 24 lowest
337 2060 73 23 rates.

219 2177 63 31 J±-
301 2173 207 33 BURT.

145 2228 167 27 GENERAL
330 2225 159 28 CARRIER,

47 2283 162 45 HAVING
221 2281 137 24 Purchased
369 2280 89 22 Messrs
465 2278 107 23 Nicholls

133 2317 46 21 and
197 2316 64 23 Co.'s
282 2312 125 25 OFFICE
428 2311 46 22 and
486 2310 86 23 COAL

49 2349 76 25 SITE
144 2352 23 19 at
176 2349 40 21 the
230 2347 118 28 Rangiora
359 2344 107 29 Railway
479 2343 93 22 Station

81 2385 18 21 is
111 2389 53 15 now
176 2379 116 29 Carrying
303 2385 29 15 on
345 2376 111 23 Business
465 2383 24 15 as
502 2383 15 15 a

49 2424 89 25 COAL
155 2424 17 22 &
183 2418 181 27 FIREWOOD
376 2417 196 28 MERCHANT,

47 2469 46 22 and
104 2471 69 18 rs'ibtrf
183 2471 24 17 to
219 2464 90 23 rei-.Ke
321 2471 14 14 a
345 2462 47 22 fair
402 2465 97 26 support
509 2460 63 23 fiom

48 2502 41 23 the
98 2500 84 23 Public
190 2503 22 18 ot
228 2498 19 21 R
255 2507 8 11 t
275 2496 73 30 igiora
358 2503 15 15 a
390 2495 15 22 d
416 2493 156 30 surrounding

249 2528 111 24 districts.

48 2597 86 25 COAL
150 2595 68 24 AND
230 2591 179 25 FIREWOOD
423 2590 116 31 Supplied
548 2591 26 23 at

194 2627 102 24 Current
311 2624 84 23 Rates.

48 2693 88 25 Orders
144 2699 57 22 may
212 2691 31 23 be
251 2689 42 23 left
301 2690 25 22 at
338 2688 39 23 Mr
385 2686 26 25 C.
422 2687 21 24 I.
452 2686 121 30 Jennings

162 2723 130 26 Stationer,
315 2719 128 32 Rangiora.

48 2832 55 77 F.
133 2829 48 79 C.
212 2823 360 95 JOHAMSEN,

51 2932 269 61 BASKET,
379 2930 195 56 CflTO,

282 3014 59 20 AND

71 3064 496 45 PERAMBULATOR

50 3137 523 47 MANUFACTURER,

94 3212 170 33 QUEEN
316 3204 213 31 STREET,

47 3273 186 34 EAST
275 3270 300 35 OXFORD-

117 3406 384 55 ppewewflY,

47 3511 34 33 J
124 3509 377 33 STILLER
504 3508 70 28 >^

43 3587 116 28 removed
169 3587 63 23 from
248 3581 114 29 Colombo
379 3585 38 25 St.
436 3587 27 23 to
483 3585 91 25 Oxford

54 3634 103 25 Terrace
169 3630 64 24 close
244 3630 26 22 to
282 3628 87 24 Casliel
383 3628 78 24 Street
473 3629 89 30 Bridge

170 3670 274 29 CHRISTCHURCH.

75 3754 118 26 Cabinets
211 3752 31 24 10
254 3749 114 30 shillings
379 3755 42 24 per
433 3748 86 23 dozen.
