3320 4340
1438 133 65 25 THE
1525 133 53 24 HOT
1594 136 99 21 LAKES
1710 134 166 24 CHRONICLE

1630 171 57 13 AND

1545 200 108 19 Tourists'
1671 201 99 23 Journal.

1441 250 171 24 WEDNESDAY,
1632 254 144 18 DECEMBER
1788 257 18 19 4,
1826 257 50 16 1895.

1441 308 103 24 LOCAL
1558 311 95 23 NEWS
1677 312 70 22 AND
1761 313 114 24 NOTES.

1462 360 33 17 Mr
1504 361 19 16 0.
1538 362 66 17 Potter
1611 363 16 17 is
1636 364 102 21 appointed
1754 370 66 13 census
1829 372 36 11 enu-

1439 384 83 17 merator
1525 384 29 18 for
1558 386 89 20 liotorua,
1651 387 41 17 vice
1694 387 85 21 Mrßull,
1782 389 93 23 resigned,

1463 411 29 18 Mr
1500 412 21 18 C.
1531 413 25 17 H.
1566 414 72 17 Wilson
1652 416 45 17 calls
1711 416 30 17 for
1753 417 76 18 tenders
1847 418 29 17 for

1439 440 55 12 seven
1503 435 65 19 chains
1577 438 20 16 of
1604 438 59 17 board
1674 439 83 23 fencing.

1462 467 38 17 Tiie
1514 469 97 22 quarterly
1624 471 85 22 meeting
1721 471 21 17 of
1754 472 32 17 the
1800 473 42 21 Bay
1856 473 20 17 of

1438 489 70 23 Plenty
1516 491 102 24 Licensing
1626 493 112 18 Committee
1744 494 14 17 is
1764 495 58 23 being
1831 496 44 17 held

1438 514 20 15 at
1466 513 102 24 Tauranga
1576 516 74 22 to-day.

1461 542 9 16 1
1478 541 22 17 he
1509 542 45 18 bath
1564 544 38 16 fees
1611 544 30 17 for
1648 544 107 19 November
1772 548 102 17 amounted

1438 565 19 16 to
1466 565 37 17 £4l
1514 567 20 16 6s
1542 572 21 11 as
1571 567 75 22 against
1663 568 35 17 i!2l
1716 570 30 15 l!h
1761 570 23 16 (>1
1799 571 30 17 for
1842 571 33 17 the

1438 589 148 23 corresponding
1594 591 66 17 month
1669 591 21 18 of
1697 591 37 18 last
1742 598 51 16 year.

1461 617 16 16 A
1484 617 64 18 choice
1553 620 114 17 assortment
1675 620 20 17 of
1704 621 104 18 Christmas
1814 623 60 17 Cards

1437 640 46 16 with
1492 640 139 24 photographic
1640 642 57 18 views
1705 644 20 17 of
1733 644 47 17 New
1789 645 84 18 Zealand

1437 668 76 17 scenery
1520 665 18 15 at
1549 665 33 16 the
1590 665 117 19 Chronicle
1717 667 74 18 Office.*

1460 691 31 17 Mr
1500 692 19 17 S.
1530 692 59 23 Percy
1598 693 60 18 Smith
1676 696 89 17 returned
1779 697 48 17 from
1845 698 29 17 his

1437 714 38 22 trip
1484 717 20 15 to
1512 715 80 19 Galatea
1600 717 38 17 and
1650 718 26 16 Te
1690 718 69 18 Whaiti
1774 726 25 11 on
1815 721 43 17 Mon-

1437 737 43 22 day.
1507 736 30 19 He
1545 739 39 18 will
1592 741 72 17 remain
1672 741 20 17 in
1704 742 73 18 Rotoru
1784 750 5 10 i
1803 743 71 24 (luring

1436 760 33 18 the
1478 764 76 19 present
1563 763 57 17 week.

1460 789 31 17 Mr
1500 790 60 22 Percy
1570 791 68 21 Smith,
1656 793 100 20 F.R.G.S.,
1774 795 34 17 has
1824 795 47 18 been

1437 812 71 18 elected
1516 819 21 11 as
1546 820 35 11 one
1598 816 20 16 of
1634 816 31 17 the
1680 816 106 21 Governors
1803 819 20 17 of
1839 819 33 17 the

1437 835 47 17 New
1492 836 85 18 Zealand
1591 838 90 18 Institute
1694 841 20 16 to
1730 844 97 19 represent
1841 843 33 16 the

1436 858 132 23 incorporated
1577 861 84 18 societies
1670 863 30 16 for
1707 866 47 14 next
1763 870 50 16 year.

1460 891 31 17 Mr
1500 891 51 17 John
1561 892 91 18 Falloona
1660 894 16 17 is
1685 894 82 24 clearing
1776 902 35 11 one
1820 897 20 17 of
1845 897 29 17 his

1437 915 81 17 sections
1526 915 19 17 in
1555 915 108 22 Fcnton-st,
1673 923 45 11 near
1734 919 32 16 the
1780 925 66 11 corner
1854 921 20 17 of

1438 938 128 21 Hinemoa-st,
1577 942 121 20 preparatory
1707 943 21 15 to
1734 943 84 23 erecting
1824 949 11 11 a
1842 946 32 15 ton

1437 960 68 18 stalled
1514 961 60 18 stable
1582 960 38 19 and
1629 964 132 18 coach-house.
1872 960 3 23 -

1437 985 107 21 operations
1554 985 36 17 will
1601 986 23 16 be
1632 988 120 17 commenced
1760 990 19 16 at
1789 995 52 12 once.

1460 1016 40 17 The
1509 1016 75 18 rainfall
1594 1018 29 16 for
1631 1018 112 21 November,
1753 1026 20 11 as
1784 1021 89 17 recorded

1437 1040 20 16 at
1465 1039 33 17 the
1511 1040 126 21 Sanatorium,
1652 1043 102 16 amounted
1767 1045 20 16 to

1438 1062 28 17 On
1476 1063 33 16 the
1516 1063 43 17 28th
1571 1064 8 16 7
1589 1063 76 23 degrees
1674 1065 21 17 of
1703 1066 49 17 frost
1759 1072 48 12 were
1813 1068 50 23 regis-

1438 1086 58 17 tered.
1522 1087 26 16 As
1556 1093 11 10 a
1577 1089 28 15 set
1613 1088 28 17 oft'
1647 1089 20 16 to
1676 1088 43 21 this,
1733 1089 92 22 however,
1841 1092 33 16 the

1438 1109 104 17 maximum
1551 1110 127 22 temperature
1691 1112 18 16 in
1723 1112 33 17 the
1768 1113 58 18 shade
1839 1114 35 18 has

1438 1132 79 18 reached
1526 1139 19 10 as
1555 1133 46 22 high
1610 1139 21 12 as
1640 1135 22 15 80
1672 1134 83 24 degrees.

1463 1162 28 16 Mr
1500 1161 20 17 C.
1531 1162 51 16 Birss
1591 1168 106 12 announces
1713 1164 20 17 in
1746 1166 81 17 another
1834 1166 30 17 col-

1437 1190 46 10 umn
1491 1184 44 17 that
1544 1185 22 17 he
1576 1191 44 12 runs
1629 1193 11 9 a
1654 1188 107 21 wagonette
1777 1188 84 24 through-

1438 1209 33 15 out
1478 1207 33 17 the
1519 1207 37 23 day
1562 1208 85 18 between
1656 1210 33 16 the
1695 1210 31 18 old
1735 1212 94 23 township
1836 1213 38 17 and

1438 1230 31 17 the
1479 1230 66 21 Baths,
1555 1232 37 16 and
1601 1232 40 17 also
1657 1234 20 15 to
1693 1233 179 23 Whakarewarcwa,

1438 1253 69 17 Sodom
1516 1254 38 17 and
1563 1254 104 19 Gomorrah
1685 1256 37 17 and
1738 1258 55 17 other
1810 1259 62 22 sights

1438 1276 54 18 when
1504 1277 79 18 desired.

1461 1306 17 16 A
1487 1308 50 15 most
1549 1306 85 18 brilliant
1648 1310 71 16 meteor
1732 1315 38 11 was
1783 1310 91 18 observed
1879 1302 1 26 '

1438 1329 18 16 in
1465 1329 32 16 the
1507 1330 91 17 northern
1606 1331 35 22 sky
1650 1333 19 15 at
1678 1332 59 17 about
1745 1334 11 15 !>
1764 1333 72 18 o'clock
1849 1341 24 11 on
1879 1329 1 30 j

1438 1352 77 22 Sunday
1524 1353 62 23 night.
1613 1354 17 17 It
1639 1353 54 24 hung
1701 1356 105 22 suspended
1820 1358 30 16 for
1863 1364 10 10 a
1879 1349 1 34 j

1437 1375 74 20 second,
1522 1375 37 18 like
1568 1383 11 10 a
1592 1376 51 24 huge
1652 1378 53 21 point
1721 1380 21 16 of
1750 1380 121 20 admiration,
1879 1373 1 30 J

1437 1398 38 16 and
1483 1399 47 17 then
1538 1399 129 24 disappeared.
1693 1402 33 16 We
1735 1402 46 18 sha.ll
1792 1403 22 17 be
1823 1404 49 17 curi-
1879 1398 1 25 i

1438 1427 33 12 ous
1491 1423 21 16 to
1529 1422 52 18 learn
1597 1423 16 17 if
1629 1424 32 17 the
1677 1425 131 22 phenomenon
1826 1433 48 11 were

1438 1444 90 18 observed
1537 1446 106 18 elsewhere.

1462 1473 73 24 Taking
1551 1475 107 23 advantage
1679 1477 20 17 of
1716 1477 31 17 the
1765 1479 109 22 moonlight
1879 1473 1 28 j

1438 1497 31 16 the
1483 1497 56 18 Brass
1553 1498 60 21 Band,
1631 1500 61 17 under
1711 1501 32 16 the
1759 1501 102 19 conductor-

1437 1519 43 23 ship
1496 1521 20 16 of
1538 1521 32 17 Mr
1585 1521 64 19 James
1672 1524 75 20 Munro,
1766 1524 108 19 discoursed
1879 1519 1 31 j

1437 1549 50 11 some
1496 1544 88 22 agreeble
1597 1545 60 18 music
1670 1547 19 16 in
1704 1547 33 17 the
1752 1548 13 17 S
1772 1549 100 17 matorium
1879 1540 1 27 !

1437 1566 84 22 grounds
1531 1573 23 11 on
1570 1567 83 24 Monday
1666 1569 62 23 night.
1762 1571 60 18 These
1838 1578 34 16 ap-
1879 1566 1 28 i

1436 1595 101 16 poaranees
1554 1591 38 17 will
1610 1592 22 16 be
1649 1592 88 23 frequent
1753 1594 71 24 during
1841 1596 32 17 the

1436 1618 72 12 season.
1534 1614 118 18 To-morrow
1661 1616 57 23 night
1730 1617 45 23 they
1789 1619 84 22 perform

1437 1642 24 11 on
1469 1636 34 17 the
1511 1637 92 18 Pukeroa.

1460 1665 39 17 The
1507 1665 85 19 business
1605 1670 151 16 announcement
1770 1670 20 17 of
1803 1670 71 18 Messrs

1436 1687 98 19 Robinson
1540 1689 52 19 Bros,
1601 1691 57 17 coach
1664 1693 120 21 proprietors,
1793 1700 81 16 appears
1879 1687 1 29 !

1436 1711 106 18 elsewhere.
1579 1713 66 18 Under
1666 1718 134 20 arrangement
1826 1717 46 17 with

1436 1734 52 17 them
1497 1735 25 17 all
1532 1736 33 16 the
1573 1736 60 22 sights
1643 1737 18 17 in
1671 1738 31 17 the
1715 1739 158 23 neighbourhood

1437 1763 44 17 may
1488 1758 24 16 be
1524 1759 67 17 visited
1605 1760 60 17 either
1678 1761 25 22 by
1718 1762 63 21 coach,
1798 1763 64 18 saddle-

1437 1780 54 18 horse
1508 1787 21 11 or
1542 1782 73 23 buggy.
1640 1783 69 19 Messrs
1723 1785 96 19 Robinson
1833 1787 40 17 also

1436 1809 35 11 run
1488 1804 20 17 in
1526 1806 110 17 connection
1653 1808 45 17 with
1714 1809 32 16 the
1763 1809 38 23 Spa
1815 1810 57 17 Hotel

1436 1827 98 23 Coaching
1542 1829 40 20 Co.,
1593 1830 71 22 Taupo.

1460 1856 56 18 From
1533 1859 159 21 representations
1708 1860 53 18 made
1778 1862 20 16 to
1815 1868 22 11 us
1857 1862 16 17 it

1437 1880 63 16 would
1513 1886 72 16 appear
1597 1882 20 16 to
1631 1882 22 16 be
1667 1883 66 22 highly
1747 1884 92 18 desirable
1852 1886 20 16 to

1436 1908 48 17 open
1493 1903 33 17 the
1535 1901 47 22 New
1591 1904 83 23 Sulphur
1683 1907 59 17 Baths
1751 1907 19 17 in
1779 1908 32 16 the
1820 1909 53 22 early

1436 1926 90 23 morning
1537 1927 38 17 and
1589 1928 86 23 evening.
1701 1930 18 16 It,
1736 1930 15 18 is
1768 1932 104 22 extremely

1436 1949 71 23 trying,
1523 1956 45 11 even
1584 1957 24 11 on
1623 1952 32 16 the
1669 1954 96 22 strongest
1779 1955 82 17 constitu-

1437 1973 54 20 tions,
1502 1974 21 16 to
1531 1973 58 17 bathe
1598 1975 18 15 in
1625 1975 53 17 these
1686 1976 56 17 baths
1756 1978 82 21 exposed
1852 1985 20 10 as

1436 1995 46 23 they
1490 2002 32 11 are
1530 1998 21 15 at
1558 1999 77 20 present
1643 1999 20 16 to
1672 1999 32 17 the
1713 1999 34 17 full
1758 2006 44 17 rays
1811 2001 20 17 of
1840 2002 32 16 the

1436 2024 42 12 sun.

1462 2047 37 16 The
1507 2047 46 17 Rev.
1563 2048 32 17 Mr
1604 2048 96 24 Worboys,
1711 2050 21 17 of
1740 2051 77 22 Opotiki
1826 2058 34 11 con-

1438 2070 69 18 ducted
1516 2070 132 23 Presbyterian
1657 2074 69 16 service
1735 2074 17 17 in
1760 2075 33 17 the
1798 2075 64 18 school-

1436 2099 52 11 room
1497 2093 37 17 last
1542 2094 78 23 Sunday
1629 2096 55 16 when
1697 2096 52 18 there
1766 2103 48 12 were
1822 2099 50 22 good

1436 2116 122 18 attendances
1567 2117 46 18 both
1625 2119 89 22 morning
1730 2121 38 16 and
1784 2122 87 21 evening.

1437 2140 29 16 He
1483 2140 90 17 officiates
1589 2141 57 23 again
1667 2144 46 15 next
1730 2143 82 23 Sunday,
1831 2145 38 17 and

1436 2162 62 18 leaves
1507 2163 30 17 for
1545 2163 54 18 home
1609 2170 24 11 on
1642 2165 102 18 horsbeack
1752 2173 25 11 on
1794 2168 33 17 the
1835 2168 27 17 fol-

1436 2185 72 23 lowing
1516 2186 95 23 morning.
1636 2188 39 17 The
1683 2190 54 17 route
1745 2192 20 15 to
1774 2190 78 23 Opotiki
1857 2191 16 18 is

1436 2215 12 10 a
1455 2209 121 23 picturesque
1584 2216 41 14 one,
1636 2211 38 18 and
1686 2218 44 11 now
1744 2213 42 17 that
1794 2215 33 16 the
1835 2216 38 16 wet

1436 2232 84 17 weather
1528 2232 14 17 is
1552 2239 44 12 over
1604 2234 54 17 offers
1675 2241 51 12 more
1742 2236 130 19 inducements

1436 2255 47 17 than
1492 2256 33 16 did
1534 2256 31 17 the
1574 2256 79 23 journey
1667 2263 32 18 up.

1460 2287 40 17 Our
1508 2288 147 22 correspondent
1663 2291 20 16 at
1692 2291 24 16 Te
1725 2291 71 18 Whaiti
1803 2288 69 22 writes'*

1495 2316 50 12 news
1554 2311 44 17 here
1606 2313 20 16 to
1640 2313 57 22 speak
1711 2314 26 17 of.
1770 2315 39 18 The
1826 2316 46 17 road

1436 2339 45 17 goes
1490 2334 77 23 merrily
1575 2335 85 17 onward-
1667 2336 56 18 -slow
1730 2338 36 17 and
1773 2344 48 12 sure.
1833 2340 39 16 The

1436 2356 84 19 advance
1528 2363 62 17 gangs
1599 2364 32 12 are
1639 2364 43 12 now
1690 2361 79 22 camped
1777 2367 24 11 on
1814 2362 44 17 Tara-

1436 2381 154 21 pounamu—the
1607 2382 86 22 dividing
1709 2389 59 17 range
1787 2385 85 18 between

1436 2403 33 17 the
1478 2403 68 17 Oka.hu
1551 2404 38 18 and
1596 2405 103 18 Whirinaki
1706 2408 166 17 watershed--and
1879 2403 1 22 I

1436 2426 33 17 the
1478 2427 49 17 head
1538 2427 20 17 of
1566 2428 33 17 the
1613 2429 117 18 Whakatanc
1745 2430 62 19 River.
1841 2431 32 18 All
1879 2426 1 30 j

1436 2450 59 17 stores
1504 2456 31 11 are
1544 2451 73 21 packed
1625 2452 49 17 from
1683 2453 43 17 here
1736 2454 38 17 and
1791 2455 47 17 have
1853 2456 20 16 to
1879 2445 1 28 I

1436 2472 23 17 be
1467 2472 59 18 taken
1535 2479 25 17 up
1569 2474 32 17 the
1610 2474 36 17 bed
1653 2476 21 16 of
1683 2476 31 17 the
1720 2476 69 18 O'.tahu
1796 2479 75 19 stream,

1437 2502 20 10 sis
1465 2496 33 17 the
1507 2496 44 18 rock
1560 2497 56 17 bluffs
1625 2500 78 20 prevent
1714 2500 32 17 the
1760 2501 45 16 road
1823 2502 49 17 from
1879 2496 1 27 j

1436 2519 59 23 being
1504 2519 71 23 opened
1584 2521 30 17 for
1622 2527 50 12 some

1460 2551 57 17 News
1527 2552 49 18 from
1592 2553 65 23 Taupo
1672 2554 58 18 states
1747 2556 44 17 that
1808 2557 66 19 30,000
1879 2551 1 30 j

1437 2580 67 17 young
1511 2575 36 17 fish
1555 2575 48 18 have
1616 2576 47 18 been
1677 2576 114 20 distributed
1806 2580 19 16 in
1841 2580 32 16 the
1879 2571 1 26 I

1438 2597 114 18 south-west
1572 2599 78 17 streams
1666 2600 20 17 of
1702 2601 33 17 the
1755 2602 52 17 Like
1824 2603 49 17 from
1879 2597 1 23 i

1438 2621 140 23 Karangahape
1587 2623 20 16 to
1616 2623 89 18 Tokaanu
1714 2624 26 22 by
1749 2625 31 17 Mr
1787 2625 23 17 D.
1827 2626 45 17 Fer-
1879 2621 1 25 S

1437 2650 38 16 ney
1494 2644 20 17 in
1535 2645 32 17 the
1582 2646 80 17 steamer
1678 2647 99 18 Hinemoa.
1811 2649 63 22 Every
1879 2644 1 27 !

1438 2667 121 23 preparation
1568 2668 33 18 has
1610 2669 47 17 been
1665 2670 54 17 made
1730 2671 29 17 for
1767 2672 33 16 the
1805 2672 58 18 antici-

1438 2690 58 23 pated
1504 2690 71 18 advent
1583 2692 20 16 of
1611 2698 82 12 summer
1700 2694 84 20 tourists,
1794 2695 37 17 and
1841 2696 32 16 the

1438 2714 84 17 weather
1530 2714 62 17 which
1600 2715 34 18 has
1642 2716 47 17 been
1697 2718 98 17 uncertain
1808 2719 20 16 of
1836 2719 38 17 late

1438 2737 34 17 has
1484 2742 44 12 now
1541 2738 86 18 assumed
1641 2745 11 11 a
1803 2743 69 21 aspect.

1438 2760 40 17 The
1486 2761 41 16 Rev
1535 2761 31 16 Mr
1575 2761 87 18 Fletcher
1667 2763 34 17 has
1709 2763 35 17 left
1753 2764 29 17 for
1789 2764 70 23 Wanga-

1439 2784 33 16 nui
1481 2784 30 16 for
1519 2789 11 11 a
1538 2784 83 22 holiday.

1462 2812 26 17 As
1498 2812 38 17 will
1545 2812 23 17 be
1577 2818 43 12 seen
1629 2814 24 22 by
1663 2820 24 11 an
1695 2818 151 16 announcement,
1855 2817 19 17 in

1439 2835 81 17 another
1528 2836 75 17 column
1617 2837 32 17 the
1664 2837 63 18 school
1743 2839 62 22 picnic
1821 2840 53 17 takes

1439 2858 53 23 place
1502 2864 24 11 on
1534 2859 99 23 Thursday
1641 2860 33 17 the
1685 2862 41 16 19th
1742 2862 38 17 inst
1795 2863 54 17 when
1864 2870 10 10 a

1439 2881 39 23 trip
1485 2881 26 23 by
1520 2882 34 17 rail
1567 2884 20 15 to
1603 2883 113 23 Tarukenga
1732 2884 34 18 has
1782 2886 47 17 been
1845 2892 20 11 ar-

1439 2905 79 21 ranged.
1551 2905 39 18 The
1606 2906 49 17 train
1672 2907 61 18 leaves
1749 2909 86 17 Rotorua
1855 2911 21 15 at

1440 2928 42 17 7.40
1490 2933 52 15 a.m.,
1552 2929 100 23 returning
1661 2930 48 17 from
1718 2931 113 23 Tarukenga
1836 2934 21 15 at
1863 2934 11 16 4

1440 2957 45 16 p.m.
1511 2951 62 22 Every
1582 2957 42 13 care
1633 2953 38 17 will
1679 2953 23 17 bo
1715 2954 58 17 taken
1786 2955 43 18 that
1843 2956 33 17 the

1440 2978 114 18 youngsters
1563 2981 31 11 are
1601 2975 85 18 afforded
1690 2982 12 12 a
1706 2977 88 22 pleasant
1800 2979 73 21 outing.

1441 2997 29 17 On
1479 2997 33 17 the
1521 2997 85 22 Tuesday
1619 2999 87 22 previous
1720 3006 12 11 a
1744 3003 76 15 concert
1836 3002 39 16 will

1441 3020 42 17 take
1492 3020 54 22 place
1554 3021 19 16 in
1587 3022 32 17 the
1634 3022 122 22 schoolroom,
1772 3024 56 18 when
1843 3025 32 17 the

1440 3043 85 17 children
1534 3044 38 16 will
1580 3044 24 18 be
1612 3045 78 18 assisted
1695 3046 25 22 by
1726 3046 55 18 adult
1788 3048 88 17 vocalists

1441 3066 37 17 and
1485 3066 175 20 instrumentalists.

1464 3098 39 17 The
1511 3104 41 12 new
1561 3099 78 23 railway
1652 3100 108 18 time-table
1777 3107 52 12 came
1837 3103 41 16 into

1442 3122 50 16 force
1509 3128 24 10 on
1551 3122 89 23 Monday.
1666 3123 66 18 Under
1747 3125 33 17 the
1796 3131 43 12 now
1846 3132 21 11 ar-

1442 3168 29 16 -8.5
1479 3174 12 10 a
1500 3174 18 11 in
1528 3174 24 11 on
1560 3168 100 23 Tuesdays,
1670 3170 108 23 Thursdays
1787 3171 37 18 and
1833 3172 33 17 Sat-

1443 3191 75 21 urdays,
1528 3191 84 23 arriving
1620 3192 19 17 in
1653 3193 84 17 Rotorua
1752 3196 20 15 at
1780 3196 42 15 4.40
1831 3201 12 16 p
1853 3201 23 11 m.

1443 3214 29 16 An
1481 3219 77 17 express
1573 3215 61 17 leaves
1644 3216 84 17 Rotorua
1737 3222 24 12 on
1778 3217 98 23 Mondays,

1442 3237 20 16 AV
1466 3236 104 24 ednesdays
1577 3238 38 17 and
1621 3239 79 22 Fridays
1705 3241 20 15 at
1732 3241 10 15 9
1751 3246 11 11 a
1769 3246 19 12 m
1794 3241 85 22 arriving

1443 3260 19 16 in
1471 3260 99 17 Auckland
1580 3262 19 16 at
1609 3263 40 15 5.40
1661 3268 46 16 pm.
1740 3263 30 17 On
1787 3264 92 22 Mondays

1443 3283 36 16 and
1489 3283 128 22 Wednesdays
1623 3291 10 10 a
1640 3285 45 17 slow
1692 3286 48 16 train
1746 3286 61 18 leaves
1815 3288 51 16 Auck-

1443 3305 45 17 land
1497 3308 21 15 at
1526 3307 41 16 9.35
1577 3313 10 10 a
1597 3313 18 11 in
1632 3308 84 23 arriving
1732 3309 19 17 in
1766 3310 85 18 Rotorua
1859 3312 21 16 at

1443 3330 41 15 8.30
1494 3335 12 16 p
1514 3335 24 11 m.
1546 3330 38 17 and
1589 3336 24 11 on
1620 3331 94 22 Tuesdays
1730 3332 36 17 and
1772 3333 60 18 Thurs
1839 3333 41 22 lays

1444 3358 9 10 a
1462 3352 50 16 train
1523 3352 60 18 leaves
1593 3354 83 16 Rotorua
1687 3356 20 15 at
1724 3356 40 16 7.40
1773 3362 12 10 a
1793 3362 17 11 m
1820 3357 50 16 arriv-

1434 3375 1 24 i
1444 3380 34 17 >»g
1486 3375 19 17 in
1515 3375 99 18 Auckland
1622 3378 20 15 at
1652 3377 41 18 7.50
1704 3384 13 15 p
1726 3384 24 11 111.

1467 3406 40 16 The
1524 3406 64 22 public
1604 3408 63 17 school
1684 3410 127 17 examination
1834 3411 46 17 took

1444 3429 54 22 place
1507 3435 23 11 on
1545 3430 69 23 Friday
1627 3431 37 17 last
1680 3431 25 22 by
1721 3432 32 17 ill-
1770 3434 23 16 D.
1811 3434 68 21 Pctrie,

1446 3452 58 20 M.A.,
1524 3452 49 17 chief
1589 3453 99 23 inspector,
1707 3455 54 17 when
1778 3457 20 15 (il
1817 3457 63 22 pupils

1446 3481 48 11 wore
1503 3476 99 21 presented
1611 3477 29 16 for
1649 3478 134 18 examination.
1809 3479 38 18 Out
1860 3481 20 16 of

1446 3498 37 17 this
1492 3499 80 17 number
1580 3500 23 17 45
1612 3500 67 21 passed
1686 3500 19 17 in
1715 3501 32 17 the
1756 3502 61 17 whole
1822 3503 21 16 of
1848 3503 32 16 the

1445 3521 106 21 standards,
1561 3522 61 17 which
1632 3523 14 17 is
1655 3524 108 22 equivalent
1777 3526 20 16 to
1813 3526 21 17 75
1848 3532 32 16 per

1446 3546 49 15 cent.
1517 3544 48 17 .This
1573 3545 16 16 is
1598 3551 44 16 very
1651 3546 119 23 satisfactory
1779 3548 53 17 when
1842 3549 15 16 it
1865 3549 15 17 is

1446 3566 109 18 considered
1565 3568 41 17 that
1615 3568 59 18 under
1683 3570 31 16 the
1723 3576 42 11 new
1770 3572 70 20 system
1848 3572 32 17 the

1447 3590 60 17 whole
1516 3591 23 19 of.
1545 3591 34 19 .the
1587 3591 63 22 pupils
1659 3598 31 11 are
1697 3591 128 21 reckoned!,-no
1831 3596 41 16 ltfat-

1434 3609 2 29 |
1446 3614 29 15 ter
1488 3613 43 17 liow
1546 3615 64 16 reocnt
1625 3620 44 17 may
1681 3615 23 17 be
1720 3616 49 17 their
1785 3619 94 16 entrance.

1446 3636 32 17 Mr
1486 3636 63 17 Petrie
1558 3643 37 10 was
1604 3637 18 16 in
1632 3638 57 22 hopes
1696 3638 44 18 that
1752 3646 11 10 a
1774 3639 64 18 better
1850 3646 20 12 re-

1446 3658 38 19 sult
1493 3659 63 20 wpuld
1566 3659 46 17 have
1620 3660 46 17 been
1677 3662 117 19 manifested,
1810 3663 70 18 but'he

1446 3682 101 22 expressed
1555 3682 32 17 the
1596 3683 76 22 opinion
1682 3684 42 18 that
1736 3685 46 17 both
1796 3686 84 18 teachers

1447 3704 36 17 had
1493 3706 32 15 too
1538 3706 54 16 much
1602 3707 20 15 to
1631 3706 74 20 do.and
1718 3708 108 18 considered
1839 3709 41 17 that

1446 3727 81 17 anothei'
1535 3728 88 18 assistant
1632 3729 67 17 should
1707 3730 23 17 be
1738 3732 109 21 appointed.

1470 3756 27 16 At
1505 3755 3 25 .
1514 3755 31 18 the
1563 3756 36 17 last
1615 3758 83 22 meeting
1720 3759 20 17 of
1760 3759 33 18 the
1808 3760 72 19 .Crown

1448 3778 67 18 Lands'
1520 3779 60 17 Board
1591 3780 19 16 in
1618 3781 98 18 Auckland
1724 3781 39 24 (Mr
1770 3782 23 18 G.
1801 3784 79 17 Mueller

1448 3801 17 16 in
1476 3801 31 17 the
1517 3802 58 25 chair)
1585 3809 10 10 a
1609 3806 75 19 request
1696 3810 38 12 was
1750 3806 53 16 made
1818 3808 20 16 to
1854 3807 26 17 fix

1447 3824 33 17 the
1488 3825 174 18 condition-Minder
1678 3827 59 18 which
1751 3829 68 17 Messrs
1834 3830 35 16 Pat-

1448 3848 68 19 terson,
1527 3847 79 22 Flower,
1622 3850 61 22 Inglis
1695 3850 38 17 and
1747 3852 70 17 Vevcoe
1834 3853 46 16 have

1448 3869 46 17 been
1509 3872 81 20 granted
1607 3878 10 10 a
1634 3873 49 17 lease
1699 3875 20 15 at
1735 3874 100 23 Waiotapu
1852 3876 28 16 for

1448 3893 74 23 mining
1530 3894 25 17 foi
1568 3895 110 21 petroleum.
1698 3897 30 16 .It
1742 3902 38 12 was
1796 3898 84 18 resolved

1448 3917 19 16 to
1477 3918 57 20 grant
1542 3923 11 10 a
1562 3919 123 21 prospector's
1695 3919 73 23 mining
1775 3920 49 17 lease
1838 3927 42 11 over

1448 3939 33 16 23(>
1491 3945 56 13 acres,
1558 3946 24 11 on
1591 3940 140 25 thff'following
1744 3943 102 17 terms'for
1860 3946 18 14 21

1448 3963 140 19 yoursßent
1605 3965 19 15 2s
1641 3964 24 17 Gd
1681 3970 33 16 per
1734 3971 49 15 acre,
1800 3967 80 21 payable

1448 3985 64 22 yearly
1523 3985 17 16 in
1554 3986 94 21 advance;
1667 3987 80 23 royalty,
1765 3989 115 18 one-fiftieth

1448 4008 20 16 of
1483 4008 56 16 value
1556 4009 19 16 of
1588 4010 104 21 petroleum
1709 4012 21 15 at
1742 4012 45 21 pit's
1804 4008 75 25 month;

1448 4031 42 16 rent
1498 4031 21 16 to
1525 4036 66 18 -merge
1599 4032 40 17 into
1647 4031 85 24 royalty;
1746 4035 39 17 two
1794 4041 42 11 men
1853 4035 27 16 for

1448 4053 29 16 six
1485 4054 83 20 months,
1585 4055 53 17 three
1653 4056 30 17 for
1696 4056 87 23 eighteen
1799 4057 81 21 months,

1448 4075 37 17 and
1495 4076 67 18 twelve
1575 4078 30 16 for
1620 4078 106 18 remainder
1742 4080 19 17 of
1777 4080 33 17 the
1826 4081 54 19 term,

1448 4099 101 22 excepting
1570 4100 62 18 where
1652 4102 66 21 special
1736 4102 95 23 provision
1848 4103 32 17 has

1448 4120 47 18 been
1502 4121 89 19 obtained
1599 4123 49 18 from
1657 4125 33 17 the
1699 4125 61 17 Board
1773 4127 20 15 to
1806 4126 74 22 employ

1448 4150 10 10 a
1468 4144 124 19 less.number
1600 4147 20 16 of
1629 4153 48 11 men.

1924 135 30 15 Mr
1961 135 66 16 James
2038 135 73 20 Munro,
2118 135 3 20 •
2128 135 123 16 bandmaster
2267 136 21 15 of
2302 136 34 16 the

1900 157 85 17 Rotorua
1991 157 55 17 Brass
2053 158 60 19 Band,
2119 157 61 17 called
2186 159 21 15 at
2212 158 32 16 the
2254 158 71 17 CliKOX-

1900 184 45 13 icle
1953 181 53 16 office
2013 180 101 23 yesterday
2128 181 38 16 and
2180 180 63 18 stated
2259 181 31 16 for
2304 181 33 17 the

1900 202 122 19 information
2031 204 20 16 of
2067 203 115 18 subscribers
2198 205 21 16 to
2235 203 33 17 the
2282 204 54 17 Band

1900 226 61 20 Fund,
1971 226 38 17 and
2017 226 70 18 friends
2104 227 21 17 of
2140 226 33 18 the
2182 226 60 21 Band,
2252 227 43 17 that
2311 233 24 11 no

1900 249 73 22 change
1982 249 33 17 has
2024 249 47 17 been
2086 249 55 17 made
2155 250 18 16 in
2189 250 24 16 its
2229 256 61 11 name.
2320 250 17 16 A

1899 272 72 17 motion
1980 278 38 11 was
2030 272 91 22 certainly
2127 272 71 18 carried
2207 273 20 17 to
2233 273 43 16 that
2283 273 54 17 effect

1899 294 34 17 but
1942 295 16 16 it
1968 301 37 11 was
2013 301 57 11 never
2078 296 55 17 acted
2142 301 57 17 upon,
2213 296 39 16 and
2260 296 53 17 there
2321 296 16 17 is

1899 324 24 10 no
1940 318 93 17 intention
2052 319 21 16 of
2088 318 61 23 doing
2170 325 26 11 so.
2229 318 40 18 The
2284 319 52 17 word

2036 341 33 17 has
2077 341 47 17 been
2132 341 85 17 inserted
2224 342 20 16 in
2253 342 33 16 the
2293 343 42 16 title

1899 370 20 11 so
1926 371 21 10 as
1954 366 20 15 to
1983 366 79 20 prevent
2066 365 93 17 members
2165 365 116 22 demanding
2288 371 36 16 pay-

1899 389 52 15 ment
1959 388 30 16 for
1994 388 50 16 their
2055 388 87 17 services.
2167 390 29 15 Mr
2213 388 67 17 ilunro
2296 388 40 17 also

1897 411 62 17 stated
1968 411 44 16 that
2022 411 23 16 he
2054 410 44 18 does
2106 412 35 16 not
2149 411 19 17 in
2177 417 38 16 any
2222 417 42 16 way
2269 417 55 15 recog-

1897 433 40 17 nise
1945 434 33 17 the
1986 435 64 16 recent
2058 434 65 22 public
2139 434 89 22 meeting,
2242 434 36 17 but
2287 434 22 17 lie
2318 435 16 16 is

1898 457 51 21 quite
1959 457 73 21 willing
2040 457 20 16 to
2066 457 56 17 abide
2130 457 26 22 by
2161 463 38 16 any
2204 457 63 17 action
2274 457 61 17 which

1898 480 31 16 the
1939 480 79 17 trustees
2027 485 44 17 may
2079 480 23 17 be
2111 480 118 22 empowered
2238 482 20 15 to
2266 480 44 18 take
2315 482 20 16 at

1897 508 37 16 any
1943 503 64 17 future
2016 503 83 22 meeting
2107 504 20 16 of
2144 503 120 17 subscribers.

1921 531 86 21 Apropos
2013 531 20 16 of
2038 531 133 20 strawberries,
2179 532 29 15 Mr
2214 531 119 22 Herdegeen,

1897 560 11 10 a
1916 554 72 22 sample
1996 554 20 17 of
2025 553 63 18 whose
2095 554 83 17 luscious
2186 554 47 17 fruit
2238 554 35 16 has
2279 554 55 22 given

1897 582 21 11 us
1927 583 11 10 a
1947 576 79 23 craving
2034 577 30 16 for
2072 576 56 18 more'
2142 577 58 17 states
2206 582 5 11 :
2224 576 39 17 The
2278 583 56 16 many

1897 600 70 16 virtues
1974 600 20 16 of
2003 600 37 16 this
2048 600 47 17 fruit
2104 600 24 16 do
2137 602 34 15 not
2179 605 56 13 seem,
2242 600 79 17 notwith-

1897 623 90 22 standing
1996 623 23 17 its
2027 623 106 22 populaity,
2146 625 20 15 to
2174 623 24 17 be
2208 623 49 22 fully
2266 628 56 17 appre-

1896 645 67 18 ciated.
1989 646 37 17 Not
2041 646 45 22 only
2102 652 32 11 are
2150 646 128 17 strawberries
2294 645 38 18 and

1897 675 61 10 cream
1969 669 33 17 the
2018 670 75 16 nearest
2108 669 109 22 equivalent
2233 670 20 16 to
2269 671 65 15 nectar

1896 692 37 17 and
1942 692 99 20 ambrosia,
2052 692 34 17 but
2101 692 46 22 they
2163 698 32 11 arc
2211 692 122 23 particularly

1895 715 98 17 beneficial
2001 717 20 15 to
2031 716 86 16 sufferers
2125 716 48 16 from
2184 717 47 21 gout
2240 715 38 17 and
2287 715 34 17 rhu-

1897 738 86 21 matisui;
1997 738 46 17 used
2052 745 20 10 as
2080 745 12 10 a
2100 739 83 22 poultice
2198 739 45 21 they
2257 739 76 22 quickly

1896 761 67 18 reduce
1974 762 137 17 inflammation
2128 762 62 17 round
2206 768 11 10 a
2234 762 67 17 wound
2311 768 21 11 or

1895 790 47 14 sore,
1952 784 39 18 and
1999 785 32 17 the
2039 785 50 22 juice
2103 785 46 17 used
2162 792 20 10 as
2191 792 12 10 a
2219 785 59 17 lotion
2295 785 38 17 will

1895 807 68 18 relieve
1972 807 88 18 inflamed
2068 814 43 16 eyes
2119 814 46 16 very
2178 808 83 22 quickly.

1895 837 35 16 cap
2104 837 43 16 says
2165 832 29 16 Mr
2213 830 119 24 Herdegeen,

1915 856 31 21 try
1953 855 33 17 the
1994 854 54 17 effect
2057 855 20 16 of
2093 854 85 23 rubbing
2193 860 48 17 your
2257 855 40 16 face
2313 856 22 15 at

1895 877 57 22 night
1961 878 45 16 with
2020 877 133 20 strawberries,
2172 880 96 20 persevere
2285 877 29 17 for
2322 884 11 10 a

1896 900 51 17 week
1956 906 22 11 or
1986 902 43 18 two,
2039 901 38 16 and
2085 906 39 17 you
2139 901 38 17 will
2191 900 63 23 say—'
2262 901 38 16 Das
2309 900 25 17 ist

1896 924 113 22 gottlicli.'"

1984 952 112 18 WOLFE'S
2109 953 134 17 SCHNAPPS

1896 990 20 17 Is
1923 990 113 21 powerfully
2041 990 137 22 invigorating,
2187 990 92 22 perfectly
2287 996 46 16 pure

1895 1013 38 17 and
1941 1018 46 17 very
1995 1013 93 20 agreeble,
2096 1014 69 16 anvsts
2173 1014 109 21 premature
2299 1013 22 17 de-

1896 1042 39 16 cay,
1944 1036 39 17 and
1991 1035 69 18 affords
2069 1038 80 20 support
2157 1036 38 16 and
2205 1036 60 18 solace
2273 1038 20 16 to
2300 1037 33 16 the

1895 1056 69 21 infirm.

1954 1099 129 18 ACCIDENT
2102 1099 34 18 AT
2147 1099 124 18 MAMAKU.

1919 1146 16 17 A
1944 1145 33 18 lad
1986 1145 67 17 named
2062 1146 98 17 Ebonezer
2168 1145 98 22 Goodwin,
2285 1146 47 22 aged

1895 1169 59 17 about
1965 1171 20 15 19
1994 1175 59 16 years,
2064 1175 38 11 was
2111 1169 85 23 brought
2205 1169 19 17 in
2234 1175 23 11 on
2275 1169 43 17 Mon-

1895 1193 37 21 day
1942 1193 72 22 night's
2022 1192 51 18 train
2085 1192 91 22 suffering
2191 1193 48 16 from
2254 1193 79 21 injuries

1895 1216 84 17 received
1987 1217 21 15 at
2017 1216 68 17 Messrs
2099 1216 75 17 Kusubs
2189 1216 53 17 Bros'
2257 1216 60 17 Mama-

1895 1239 25 17 ku
1935 1239 95 17 sawmills.
2056 1240 19 16 It
2089 1245 80 16 appears
2184 1239 42 17 that
2240 1239 92 17 Goodwin

1895 1268 39 11 was
1942 1263 19 16 in
1972 1262 69 23 charge
2050 1263 20 16 of
2078 1268 11 11 a
2097 1262 59 22 trolly
2165 1262 87 22 drawing
2264 1262 69 18 timber

1896 1287 19 15 to
1924 1286 33 17 the
1966 1286 40 16 mill
2015 1291 24 11 on
2048 1286 33 16 the
2089 1284 80 19 wooden
2173 1286 100 22 tramway.
2299 1286 22 16 In-

1896 1308 52 18 stead
1958 1309 19 17 of
1986 1308 98 23 following
2092 1308 77 20 behind,
2179 1315 21 10 as
2216 1308 71 18 drivers
2300 1315 32 11 are

1895 1332 89 22 enjoined
1992 1333 20 15 to
2020 1332 30 20 do,
2062 1332 22 16 he
2093 1333 33 20 got
2137 1338 23 10 on
2170 1333 33 20 top
2216 1332 21 17 of
2252 1332 32 17 the
2299 1332 33 21 log

1896 1355 62 17 which
1966 1355 68 23 giving
2041 1361 12 11 a
2061 1355 53 17 lurch
2125 1355 68 17 caused
2207 1355 39 16 him
2260 1357 21 15 to
2298 1355 34 17 fall

1895 1379 18 16 in
1932 1379 52 16 front
2001 1379 20 16 of
2038 1378 31 17 the
2086 1378 75 17 wheels.
2192 1378 30 17 He
2239 1378 93 22 managed

1895 1402 94 16 somehow
1999 1407 21 11 or
2028 1402 55 16 other
2091 1402 20 16 to
2225 1401 32 17 the
2263 1402 69 17 wheels

1896 1425 45 17 with
1951 1432 11 9 a
1971 1425 51 22 piece
2030 1425 20 17 of
2058 1425 69 17 timber
2135 1425 38 16 and
2179 1425 40 16 also
2226 1426 19 15 to
2253 1425 78 17 unhitch

1895 1448 33 17 the
1944 1448 70 17 horses.
2039 1448 30 17 He
2086 1453 45 15 was,
2149 1448 92 19 however,
2259 1447 71 18 carried

1895 1472 59 21 along
1962 1472 19 16 in
1991 1472 49 15 front
2050 1472 21 15 of
2079 1471 32 16 the
2119 1471 70 17 wheels
2196 1472 30 15 for
2234 1477 51 11 some
2293 1472 29 17 dis-

1897 1496 53 16 tance
1958 1494 38 18 ttiid
2005 1494 36 17 had
2050 1494 29 17 his
2088 1494 88 23 clothing
2187 1495 44 17 torn
2244 1495 49 17 from
2307 1494 26 18 off

1895 1518 29 17 his
1933 1518 50 22 body
1992 1518 25 22 by
2027 1518 32 16 the
2067 1523 87 17 pressure
2163 1518 76 20 against
2245 1518 31 16 the
2290 1517 42 17 rail.

1895 1541 30 16 He
1935 1547 39 12 was
1981 1541 57 22 badly
2048 1540 94 18 lacerated
2154 1538 59 20 about
2228 1541 32 16 the
2277 1541 55 23 groin

1895 1564 37 17 and
1940 1564 59 17 lower
2006 1566 44 21 part
2060 1564 19 17 of
2089 1564 32 16 the
2129 1564 57 22 body,
2197 1564 37 16 and
2243 1564 49 17 after
2299 1564 21 17 be-

1895 1588 33 20 ing
1937 1587 90 17 attended
2036 1589 20 15 to
2066 1587 24 22 by
2099 1587 38 17 Drs
2146 1587 80 17 Cinders
2234 1587 38 17 and
2283 1588 36 16 Rus-

1895 1611 33 17 sell
1937 1616 39 12 was
1985 1611 94 22 conveyed
2092 1611 101 22 yesterday
2208 1611 89 22 morning
2311 1612 20 16 to

1896 1634 99 17 Hamilton
2004 1634 62 17 where
2075 1634 29 17 his
2112 1635 77 21 parents
2198 1634 66 17 reside.

1957 1684 75 17 TOWN
2045 1684 88 17 BOARD
2146 1683 125 18 MEETING.

1917 1731 40 16 The
1964 1731 51 16 usual
2024 1730 86 23 monthly
2117 1731 84 22 mooting
2209 1730 20 17 of
2235 1730 32 17 tlio
2272 1730 58 17 Town

1895 1754 60 17 Board
1965 1754 45 17 took
2020 1754 52 21 place
2080 1759 25 12 oil
2117 1753 99 22 Thursday
2230 1753 101 17 afternoon

1894 1777 54 17 when
1958 1777 52 17 there
2019 1783 48 11 wore
2075 1778 76 21 present
2160 1777 70 17 Messrs
2241 1776 88 23 Malfroy,

1894 1800 76 23 (chair,)
1979 1800 18 17 S.
2007 1801 21 16 T.
2038 1801 64 20 Brent,
2115 1801 22 16 I{.
2154 1801 22 16 D.
2193 1799 82 23 Dansey,
2293 1799 38 17 and

1894 1824 28 17 Dr
1931 1823 85 18 Ginders.

2018 1846 193 18 CORRESPONDENCE.

1917 1874 75 18 Several
2002 1874 125 23 applications
2136 1876 20 16 to
2165 1875 48 16 have
2223 1875 58 16 water
2293 1874 38 17 laid

1894 1904 23 12 011
1927 1900 20 15 to
1956 1898 88 23 premises
2052 1903 49 12 were
2109 1898 52 17 dealt
2169 1897 52 17 with.

1917 1921 57 18 From
1995 1921 70 17 Messrs
2082 1921 95 22 Wynyard
2195 1921 37 16 and
2247 1921 84 17 Purchas

1894 1945 68 22 asking
1971 1944 110 23 permission
2091 1950 24 11 on
2124 1944 66 17 Behalf
2198 1944 20 17 of
2224 1944 32 17 Mr
2261 1944 55 17 Maun-

1894 1968 42 17 ders
1946 1970 20 15 to
1976 1967 50 17 build
2037 1974 10 9 a
2058 1968 85 17 concrete
2152 1967 47 17 tank
2216 1968 28 16 7ft
2261 1967 25 22 by
2303 1968 28 16 oft

1895 1992 28 16 (lin
1934 1990 48 23 deep
1990 1997 24 11 on
2024 1990 74 18 Section
2107 1994 17 17 K,
2140 1990 58 18 Block
2217 1992 13 15 I.
2261 1990 20 17 It
2294 1996 37 12 was

1894 2014 108 17 mentioned
2011 2014 42 16 that
2063 2014 31 16 the
2104 2014 46 16 tank
2160 2013 63 17 would
2232 2013 22 17 be
2263 2020 12 10 a
2287 2019 33 17 per-

1894 2039 77 16 manent
1994 2037 139 22 improvement
2152 2037 38 17 and
2210 2037 64 17 woulfl
2298 2039 33 15 not

1894 2061 81 22 damage
1983 2066 37 17 any
2029 2060 83 23 existing
2120 2060 72 23 spring.
2218 2060 38 17 Tiie
2268 2060 63 17 Board

1894 2083 150 23 understanding
2057 2083 42 17 that
2113 2083 32 17 the
2158 2083 46 17 tank
2220 2089 38 11 was
2274 2084 20 16 to
2307 2084 24 16 be

1893 2107 46 17 used
1948 2107 30 17 for
1987 2112 73 16 sewage
2069 2112 91 16 purposes
2168 2106 81 22 granted
2256 2107 32 16 the
2295 2112 23 17 ap-

1893 2130 97 22 plication,
2000 2130 74 22 subject
2083 2130 20 17 to
2109 2130 24 17 its
2139 2130 92 22 approval
2236 2130 19 16 in
2261 2130 69 22 regard

1893 2155 20 15 to
1922 2153 41 21 site,
1974 2152 54 23 plans
2036 2152 38 18 and
2083 2152 143 23 specifications.

1917 2177 28 16 An
1950 2176 115 23 application
2068 2182 39 11 was
2113 2176 84 17 received
2206 2177 48 16 from
2261 2176 70 18 Messrs

1894 2199 86 23 Spencer,
1988 2199 90 21 Griffiths,
2087 2199 82 20 Soverin,
2177 2199 71 19 Cotter,
2256 2199 75 22 Carlylo

1893 2223 38 17 and
1940 2223 64 17 others
2012 2222 67 22 asking
2088 2222 44 17 that
2141 2229 11 10 a
2164 2222 45 17 road
2225 2222 68 17 should
2307 2222 23 17 be

1894 2246 73 18 formed
1976 2246 66 22 giving
2051 2251 61 12 access
2120 2247 21 15 to
2150 2246 50 16 their
2208 2246 80 17 sections
2297 2246 22 16 be-

1893 2269 50 22 yond
1953 2270 32 16 the
1993 2269 78 22 railway
2080 2269 44 17 line.
2150 2269 26 17 At
2184 2270 76 21 present
2268 2269 14 16 it
2293 2275 37 11 was

1893 2290 109 25 impossible
2007 2293 21 16 to
2037 2293 40 16 cart
2086 2292 87 17 material
2189 2293 20 16 to
2224 2292 52 17 these
2291 2298 29 11 sec-

1894 2316 54 20 tions,
1959 2316 38 17 end
2006 2316 19 16 in
2034 2317 36 15 wot
2084 2315 83 17 weather
2181 2321 11 10 a
2207 2321 72 16 swamp
2293 2321 37 11 was

1894 2338 72 18 formed
1976 2338 113 23 preventing
2097 2338 33 17 the
2139 2338 84 17 children
2232 2338 49 17 from
2295 2344 23 15 go-

1893 2363 34 21 ing
1936 2364 20 15 to
1963 2361 69 21 school,
2040 2362 80 22 thereby
2127 2361 66 23 laying
2199 2361 49 17 their
2254 2363 77 21 parents

1894 2391 49 17 open
1952 2387 20 16 to
1981 2384 125 23 prosecution.
2132 2385 39 17 The
2178 2385 102 17 Chairman
2286 2391 33 10 con-

1893 2408 72 17 sidered
1975 2408 42 17 that
2027 2408 32 17 the
2073 2408 45 22 only
2133 2408 57 23 thing
2207 2410 19 14 to
2243 2408 22 17 be
2282 2408 49 17 done

1894 2432 46 17 with
1949 2431 44 17 such
2001 2438 11 10 a
2020 2431 80 22 petition
2110 2431 38 22 (for
2158 2431 19 17 in
2186 2431 42 17 that
2237 2431 50 22 light
2299 2432 32 16 the

1894 2455 159 17 communication
2061 2456 51 15 must
2120 2454 24 17 be
2152 2454 101 23 regarded)
2265 2460 37 11 was
2311 2456 20 15 to

1894 2478 46 17 send
1948 2479 16 16 it
1973 2484 24 11 on
2006 2479 20 16 to
2034 2478 33 17 the
2079 2478 135 17 Government.
2239 2475 40 20 The
2291 2484 30 11 sec-

1894 2502 49 16 tions
1953 2501 37 17 had
1999 2501 47 17 been
2055 2500 41 18 sold
2105 2507 25 11 on
2138 2500 33 18 the
2180 2500 151 23 understanding

1894 2525 42 17 that
1945 2530 64 12 means
2018 2525 19 16 of
2047 2530 61 11 access
2117 2524 63 17 would
2197 2524 23 16 be
2234 2524 96 22 provided.

1894 2548 39 17 The
1954 2547 88 23 draining
2063 2547 19 17 of
2101 2547 35 17 the
2155 2552 85 17 swampy
2256 2547 75 23 ground

1894 2571 65 17 would
1967 2571 23 16 be
2004 2577 23 10 an
2040 2570 101 22 expensive
2152 2576 75 16 process
2235 2570 38 17 and
2282 2571 39 16 alto-

1894 2594 68 21 gether
1969 2593 75 22 beyond
2059 2593 49 17 their
2124 2593 93 19 available
2230 2599 100 12 resources.

1895 2618 18 16 It
1924 2623 38 11 was
1970 2617 77 22 pointed
2056 2618 33 15 out
2098 2617 43 16 that
2150 2622 19 12 so
2180 2617 29 16 far
2216 2622 21 11 as
2246 2617 33 17 the
2293 2617 28 17 dis-

1894 2640 68 22 ability
1979 2642 20 15 to
2015 2639 45 18 send
2077 2639 84 18 children
2176 2641 20 16 to
2213 2639 64 20 school
2294 2646 38 11 was

1895 2663 104 18 concerned
2007 2663 46 22 only
2061 2669 35 11 one
2112 2663 67 22 family
2193 2669 37 10 was
2246 2663 66 17 affecto
2318 2663 12 17 1.

1894 2687 40 17 The
1949 2686 102 18 Chairman
2065 2686 108 18 considered
2187 2686 43 17 that
2241 2686 32 17 the
2287 2686 44 22 only

1896 2716 64 11 means
1969 2710 25 22 by
2004 2709 59 18 which
2075 2709 92 17 sufficient
2182 2715 80 11 revenue
2277 2709 54 18 could

1894 2733 23 17 bo
1935 2733 61 17 raised
2012 2733 20 16 to
2050 2733 49 16 moot
2116 2732 66 22 outlay
2195 2739 23 10 on
2235 2733 96 17 suburban

1896 2756 55 17 roads
1968 2756 62 17 would
2044 2756 24 17 Be
2081 2756 31 17 for
2126 2756 33 16 the
2167 2756 129 17 Government
2312 2757 20 16 to

1896 2779 51 17 hand
1956 2785 44 11 over
2013 2779 33 17 the
2060 2780 52 16 rents
2126 2779 20 17 of
2162 2779 33 17 the
2211 2780 51 16 town
2280 2779 28 17 for
2322 2786 11 10 a

1896 2802 87 22 specified
1991 2801 71 23 period.
2088 2802 29 17 On
2125 2802 45 17 such
2176 2802 82 22 security
2265 2808 68 16 money

1896 2826 56 17 could
1970 2826 23 16 Be
2009 2825 99 18 Borrowed
2124 2826 31 16 for
2170 2825 44 17 that
2228 2825 37 17 and
2280 2826 54 16 other

1896 2854 96 17 purposes.

1920 2872 17 17 A
1943 2872 74 17 similar
2025 2871 106 18 communic
2136 2871 47 18 ition
2197 2871 19 17 in
2231 2871 68 22 regard
2314 2873 19 16 to

1897 2895 32 17 the
1937 2895 113 22 impassable
2062 2894 97 17 condition
2172 2895 20 16 of
2206 2895 33 17 the
2255 2895 78 17 Tarawa

1897 2918 52 21 road,
1960 2918 98 17 otherwise
2067 2918 70 17 known
2142 2923 20 12 as
2167 2918 42 17 Mrs
2216 2918 117 22 Brinckley's

1897 2941 48 21 lane,
1956 2947 37 11 was
2002 2941 39 17 also
2051 2940 78 18 ordered
2141 2942 20 16 to
2174 2941 23 17 bo
2213 2941 120 17 transmitted

1898 2966 19 16 to
1927 2965 33 16 the
1969 2965 134 16 Government.

1921 2987 57 18 From
1987 2987 32 17 Mr
2028 2987 28 17 W.
2066 2987 89 21 Boulton,
2166 2993 95 17 manager,
2270 2987 64 18 Grand

1898 3010 64 21 Hotel,
1973 3010 88 23 pointing
2069 3012 34 15 out
2112 3010 32 17 the
2159 3010 95 17 condition
2269 3010 20 17 of
2302 3011 32 16 the

1898 3034 97 21 footpaths
2009 3033 19 16 in
2041 3034 52 16 front
2110 3033 21 17 of
2147 3034 32 16 the
2195 3033 88 22 building
2296 3034 37 16 and

1898 3057 109 22 requesting
2014 3057 44 16 that
2067 3057 46 21 they
2120 3057 24 16 Be
2152 3056 80 17 levelled
2240 3057 38 17 and
2290 3058 33 21 top-

1898 3080 75 17 dressed
1983 3080 45 17 with
2037 3080 47 17 sand
2094 3085 21 12 or
2122 3080 85 22 pumice;
2221 3080 40 17 also
2267 3080 67 22 asking

1898 3102 111 23 permission
2017 3103 20 17 to
2042 3102 32 23 lay
2080 3109 12 10 a
2098 3102 78 18 wooden
2181 3102 56 18 block
2244 3103 88 22 pathway

1899 3126 50 17 from
1964 3126 31 17 tlio
2010 3126 143 17 Fonton-street
2166 3126 88 17 entrance
2269 3127 20 16 to
2303 3126 31 16 the

1899 3149 52 16 IcorV).
1981 3148 93 18 Ilesolvod
2093 3149 43 16 tlifit
2153 3149 33 16 flic

1900 3172 90 17 attended
2003 3173 20 16 to
2039 3178 21 11 as
2077 3177 44 12 soon
2139 3178 20 11 as
2176 3172 32 17 the
2225 3173 109 21 permanent

1899 3195 58 18 levels
1966 3201 31 11 are
2006 3194 94 20 obtained,
2117 3195 39 17 and
2170 3195 43 17 that
2219 3195 115 22 -permission

1899 3219 23 16 Be
1932 3218 80 22 granted
2021 3219 19 15 to
2050 3218 32 22 lay
2090 3218 32 16 the
2129 3218 90 22 pathway

1923 3241 58 18 From
1997 3241 31 17 the
2051 3241 125 23 Department
2196 3242 20 16 of
2233 3241 63 17 Ltnds
2316 3241 18 16 in

1900 3264 93 17 reference
2002 3266 20 15 to
2031 3264 32 17 the
2076 3265 43 16 rent
2132 3264 89 21 accruing
2234 3264 48 17 from
2296 3264 38 16 Mrs

1900 3287 110 17 Morrison's
2018 3287 49 17 lease
2075 3293 25 11 011
2109 3287 33 17 the
2157 3287 91 19 Pukeroa,
2264 3287 72 20 stating

1901 3311 42 16 that
1952 3317 11 10 a
1971 3316 42 11 new
2021 3310 49 18 lease
2078 3310 38 17 had
2126 3310 46 17 been
2185 3309 96 23 prepared,
2296 3309 37 17 and

1901 3334 42 16 that
1953 3334 18 16 in
1981 3334 63 16 future
2052 3334 32 16 the
2093 3334 61 16 rental
2163 3333 102 17 therefrom
2274 3332 60 17 would

1901 3356 73 23 require
1983 3358 19 15 to
2011 3356 23 17 Bo
2043 3356 45 22 paid
2096 3358 20 15 to
2126 3356 32 17 the
2169 3356 81 18 receiver
2258 3356 20 16 of
2291 3355 44 17 land

1901 3385 80 11 revenue
1989 3379 74 17 instead
2071 3380 20 16 of
2097 3380 20 16 to
2126 3379 33 17 the
2167 3379 68 19 Board,
2253 3378 37 17 and
2303 3378 32 17 the

1901 3402 63 17 Board
1973 3402 55 17 could
2043 3402 111 18 afterwards
2167 3402 59 22 apply
2239 3402 29 17 for
2281 3407 11 10 a
2306 3407 19 11 ro-

1893 3424 1 23 -1
1902 3425 53 17 fund.
1982 3426 15 16 A
2010 3431 48 16 copy
2075 3426 19 16 of
2109 3426 32 16 the
2157 3431 42 10 new
2214 3425 49 16 lease
2280 3424 29 16 for
2325 3431 10 10 a

1893 3445 1 25 !
1902 3450 47 16 term
1959 3448 20 17 of
1987 3449 10 16 5
2006 3454 54 16 years
2076 3450 19 15 at
2110 3455 11 10 a
2136 3448 61 17 rental
2213 3448 20 16 of
2249 3447 37 17 £-17
2295 3445 4 25 -
2303 3453 33 16 per

1901 3477 72 11 annum
1981 3477 39 11 was
2033 3473 42 15 sent
2087 3471 31 17 for
2132 3471 32 17 the
2178 3469 122 18 information
2317 3471 19 16 of

1901 3494 32 17 the
1942 3494 69 17 Board.
2036 3494 98 17 Received.

1987 3521 96 18 Sections
2103 3525 38 13 for
2156 3521 95 16 Natives.

1925 3548 32 17 Mr
1966 3548 76 22 Dansey
2051 3548 60 17 stated
2120 3548 43 17 that
2171 3548 24 16 he
2204 3548 41 19 had.
2253 3548 83 18 received

1902 3577 11 11 a
1922 3572 157 16 communication
2088 3572 49 16 from
2146 3570 32 18 the
2187 3568 63 20 Lafids
2255 3570 70 23 Depart-

1903 3596 52 15 ment
1964 3594 72 22 stating
2044 3594 43 16 that
2099 3594 32 16 the
2145 3593 99 22 following
2258 3595 78 17 sections

1902 3617 18 16 in
1931 3617 33 17 the
1972 3619 51 17 town
2031 3617 97 17 extension
2137 3618 20 15 at
2164 3616 172 19 Wliakarewarewa

1901 3640 37 17 had
1948 3640 47 17 boon
2004 3641 28 16 set
2045 3641 53 20 apart
2114 3640 29 15 for
2157 3639 73 18 natives
2237 3640 87 23 :—Ngati-

1901 3663 106 20 totokeheu,
2026 3662 79 18 sections
2122 3663 5 15 I
2143 3662 38 16 and
2195 3664 16 17 2,
2230 3663 54 17 block
2303 3662 31 22 ,V2;

1901 3686 102 23 Ngatitiki,
2018 3685 78 17 sections
2098 3685 3 24 1
2112 3685 10 16 3
2139 3685 38 19 and
2192 3687 17 17 4,
2227 3686 55 17 block

1902 3709 156 24 Ngatiruamano,
2068 3708 80 17 sections
2160 3708 4 25 1
2173 3708 38 17 and
2218 3709 16 20 2,
2242 3709 56 18 block
2307 3711 27 16 01.

2025 3736 58 17 Lake
2095 3736 116 19 Frontage.
2308 3736 4 19 '
2314 3736 2 19 :
2320 3736 2 19 -

1927 3766 18 16 It
1954 3771 37 11 was
1999 3764 84 17 resolved
2091 3764 43 17 that
2142 3765 70 18 Messrs
2226 3767 108 17 MsDonald

1903 3788 37 17 and
1951 3788 61 17 Boord
2021 3788 23 15 be
2052 3787 93 20 iiifprmfed
2157 3788 43 18 that
2214 3789 25 18 in.
2247 3787 64 20 order..
2317 3791 19 16 to

1902 3811 63 20 retain,
1974 3810 64 23 public
2051 3815 61 13 access
2129 3812 20 16 to
2166 3817 11 11 a
2194 3812 47 23 deep
2256 3813 81 24 landing

1902 3834 53 22 place
1962 3833 45 21 they
2021 3833 37 16 will
2074 3834 73 21 require
2163 3836 20 16 to
2201 3835 52 17 leave
2268 3836 42 17 half
2326 3843 11 10 a

1902 3857 55 17 chain
1974 3855 48 17 clear
2035 3855 85 18 between
2132 3857 48 18 their
2194 3859 92 17 boatslied
2300 3859 36 17 and

1903 3880 30 16 Mr
1942 3878 72 21 Kelly's
2022 3878 86 24 landing.
2223 3878 4 24 ,

1985 3906 43 16 The
2043 3906 96 18 ITtuinxA
2151 3908 103 17 Paddock.

1926 3934 19 16 It
1954 3939 38 11 was
2000 3933 77 19 decided
2086 3935 43 18 that
2138 3937 30 16 Mr
2174 3937 18 16 J.
2204 3937 26 16 H.
2239 3937 68 20 Taylor
2312 3937 24 18 bo

1902 3956 93 17 informed
2006 3956 43 18 that
2065 3958 28 17 his
2107 3958 49 18 lease
2169 3960 21 17 of
2206 3956 130 21 theilltuhina

1902 3979 86 22 paddock
1997 3980 61 17 would
2065 3982 100 17 terminate
2173 3982 44 17 with
2224 3983 32 17 the
2261 3985 74 20 present

1893 4002 1 29 j
1902 4008 50 16 year.
1978 4002 18 17 It
2006 4009 37 11 was
2058 4003 77 18 decided
2148 4005 43 17 that
2204 4006 32 16 the
2250 4006 86 22 paddock

1893 4025 5 25 1
1903 4025 62 17 would
1974 4025 19 17 in
2002 4026 63 18 future
2080 4028 24 16 Be
2119 4028 26 17 lot
2158 4028 26 22 by
2201 4029 65 18 tender
2280 4029 29 18 for
2325 4036 11 10 a

1903 4049 47 15 term
1959 4049 20 15 of
1987 4054 60 16 years.

2032 4078 175 19 Miscellaneous.

1893 4105 1 24 1
1927 4105 19 17 It
1954 4111 38 12 was
2001 4106 76 17 decided
2086 4108 20 16 to
2115 4108 56 17 allow
2180 4108 31 17 Mr
2225 4109 77 20 Co/bett
2317 4110 19 15 to

1903 4127 44 17 take
1952 4130 56 16 water
2011 4130 48 17 from
2063 4130 31 17 Mr
2098 4130 97 22 Spencer's
2199 4132 33 21 tap
2235 4132 51 22 (that
2289 4137 35 18 gen-

1893 4151 1 25 -1
1902 4151 72 17 tleman
1983 4152 57 23 being
2050 4153 79 23 willing)
2140 4154 47 16 until
2197 4155 32 16 the
2238 4155 49 16 main
2299 4157 37 14 w.'is

2358 137 101 21 extended,
2468 139 31 16 for
2506 144 12 11 a
2526 144 42 11 sum
2577 139 21 16 of
2607 140 30 15 los
2645 144 34 17 per
2686 143 78 13 annum.

2383 160 19 17 It
2410 166 38 11 was
2457 160 85 18 resolved
2550 162 21 16 to
2579 163 92 21 postpone
2680 162 32 17 the
2717 162 76 21 fencing

2359 183 20 17 of
2387 183 32 17 the
2427 184 80 16 football
2516 189 45 12 area
2568 190 25 12 on
2602 184 32 17 the
2643 184 87 18 Pukeroa.
2744 185 49 17 until

2359 206 49 16 after
2416 207 32 16 the
2457 207 85 17 Autumn
2551 208 80 21 sowing.

2381 229 32 17 Mr
2422 229 62 18 Lukiu
2496 229 91 18 tendered
2602 231 28 16 his
2643 230 116 23 resignation
2773 238 20 11 as

2358 258 69 17 ranger
2436 254 19 15 of
2462 252 87 18 Pukeroa
2558 254 61 17 which
2628 259 39 12 was
2674 254 95 22 accepted.

2381 280 95 17 TENDERS
2485 284 38 13 FOR
2532 281 99 17 PrKEIIO.V
2640 285 41 13 AND
2690 282 78 17 PoU.M).

2381 308 39 17 The
2428 309 100 23 following
2536 309 76 17 tenders
2624 309 31 18 for
2669 310 26 17 tin
2698 308 3 25 l
2714 311 79 22 grazing

2358 331 62 22 rights
2436 338 24 11 on
2475 332 88 17 Pukeroa
2577 332 38 17 and
2631 333 33 16 the
2677 334 83 21 position
2773 334 20 17 of

2357 355 65 21 public
2441 355 136 23 poundkeeper
2596 362 49 11 were
2664 356 71 22 oj>ened
2744 355 3 23 :
2774 356 17 18 J.

2358 377 88 22 Dalbeth,
2457 378 39 18 £V>O
2512 385 33 16 per
2561 385 72 11 annum
2648 379 30 17 for
2694 379 97 21 Pukeroa;

2358 401 25 16 £.j
2393 403 19 15 to
2421 402 24 16 be
2452 402 45 22 paid
2506 402 25 22 by
2543 402 34 17 the
2591 401 63 18 Board
2669 403 29 16 for
2714 403 79 17 services

2357 430 20 11 as
2393 430 70 17 lunger
2479 426 20 16 of
2514 425 57 18 roads
2587 425 37 17 and
2641 425 68 23 keeper
2723 426 21 17 of
2760 426 33 17 the

2356 447 65 22 pound
2431 447 4 24 ;
2445 449 25 16 all
2486 448 38 18 fees
2538 450 20 15 to
2575 455 26 15 go
2609 449 20 16 to
2646 447 107 24 applicant;
2772 449 19 17 J.

2357 470 96 21 Falloona,
2465 471 37 18 £.>2
2513 473 29 15 10.;
2553 472 29 17 for
2589 471 85 18 Pukeroa
2678 471 37 18 and
2720 473 71 21 pound;

2357 494 20 16 C.
2387 493 71 22 Lynda,
2469 494 22 17 £.'
2491 494 16 17 so
2516 495 30 16 for
2553 495 92 20 Pukeroa,
2654 495 25 16 £'s
2686 496 29 16 for
2720 496 71 20 pound;

2356 517 21 17 C.
2387 517 57 19 Birss,
2455 518 37 17 £72
2503 519 31 15 10.,
2542 524 36 17 per
2584 524 71 12 annum
2664 518 30 17 for
2706 518 87 18 Pukeroa

2356 540 37 17 imd
2401 541 71 21 pound:
2487 541 161 22 Akapitu-Pango,
2655 541 26 17 £1
2692 542 29 16 for
2728 542 64 21 pound

2356 563 51 22 only.
2433 563 32 18 Mr
2473 564 51 17 Birss
2532 563 42 18 also
2587 564 58 17 asked
2657 565 44 16 that
2713 565 68 22 permis-

2356 586 40 17 sion
2417 587 23 16 be
2456 586 81 23 granted
2554 587 39 16 him
2609 590 20 14 to
2647 588 50 17 erect
2710 594 11 10 a
2738 588 54 17 small

2356 609 58 17 house
2422 616 45 10 near
2475 610 33 17 the
2516 610 45 23 gate
2570 611 21 16 of
2600 610 85 18 Pukeroa
2693 617 21 12 so
2720 611 43 17 that
2769 612 24 16 he

2356 633 56 17 could
2420 633 62 17 better
2494 633 67 17 attend
2576 635 20 15 to
2610 634 33 17 the
2655 633 66 18 duties.
2753 635 40 16 The

2355 656 66 17 tender
2430 657 20 16 of
2459 657 20 16 C.
2489 657 51 16 Birss
2548 662 39 12 was
2596 657 88 22 accepted
2693 657 74 23 subject
2772 660 20 15 to

2356 679 78 18 sureties
2443 680 30 17 for
2480 680 33 17 the
2521 679 37 18 due
2566 682 91 20 payment
2671 682 20 15 of
2704 680 32 17 th;
2750 682 43 15 relit

2355 702 59 21 being
2422 703 134 22 forthcoming.
2582 703 113 17 Permission
2708 706 20 14 to
2742 706 51 15 erect

2355 725 55 17 small
2418 725 58 18 house
2486 732 37 11 was
2538 726 57 22 given
2608 732 20 11 as
2642 727 99 22 requested
2754 727 38 17 and

2354 748 16 17 it
2379 754 38 11 was
2431 748 77 18 decided
2521 751 20 15 to
2554 750 49 17 have
2619 756 11 11 a
2644 755 68 17 proper
2726 756 55 17 agree-

2355 772 53 17 ment
2417 772 64 17 drawn
2491 778 25 17 tip
2525 772 26 23 by
2560 779 10 11 a
2579 773 89 17 solicitor.

2525 804 97 17 Finance.

2378 831 39 16 The
2426 831 87 18 financial
2522 833 102 16 statement
2636 832 75 17 showed
2720 839 21 10 as
2755 833 27 17 fol-

2354 854 47 17 lows
2418 855 102 17 —Balance
2528 856 50 16 from
2588 856 36 16 hist
2633 857 102 16 statement
2742 856 49 17 £127

2357 878 30 16 10s
2403 877 35 20 (id;
2460 878 84 17 received
2564 878 70 23 during
2654 879 137 17 month—bath

2355 901 38 16 fees
2402 900 37 18 £44
2450 902 19 16 Is
2478 903 16 15 0.
2506 902 80 21 grazing
2594 902 78 22 charges
2682 903 36 16 £l7
2731 903 30 17 12s
2767 903 24 16 61

2355 924 48 17 total
2412 924 50 17 £lB9
2484 924 4 23 I
2493 931 6 10 s
2512 925 30 17 9;1.
2574 925 217 22 Expenditure—wages

2354 946 38 18 and
2400 947 71 23 sundry
2480 949 90 16 accounts
2627 950 30 15 lis
2669 948 30 21 2d,
2715 948 76 23 leaving

2354 977 11 9 a
2374 970 60 17 credit
2442 971 79 17 balance
2529 972 20 16 of
2558 971 49 17 £ls;{
2619 972 5 16 1
2628 973 20 15 .'is
2659 972 28 17 7(1.

2378 993 44 17 This
2436 993 103 18 concluded
2557 995 32 16 the
2605 995 85 17 business
2706 995 38 17 and
2759 995 32 17 the

2355 1017 84 22 meeting
2447 1017 111 22 adjourned.

2409 1068 121 17 ROTORUA
2542 1068 104 18 JOCKEY
2661 1069 73 18 CLUB.

2377 1114 16 17 A
2403 1114 84 23 meeting
2495 1115 20 16 of
2520 1114 33 17 the
2561 1114 59 19 above
2629 1115 54 20 Club,
2693 1116 21 16 to
2729 1116 59 17 which

2353 1138 32 16 the
2394 1138 77 22 general
2481 1137 63 22 public
2552 1143 49 12 were
2609 1138 39 17 also
2656 1138 78 19 invited,
2744 1139 46 17 took

2353 1160 54 23 place
2420 1162 21 15 at
2454 1160 51 18 Like
2519 1161 65 17 House
2598 1161 64 20 Hotel,
2678 1167 24 11 on
2719 1162 70 23 Friday

2352 1184 58 22 night
2418 1184 54 16 when
2490 1184 52 17 there
2556 1190 38 11 was
2610 1185 45 22 only
2669 1191 11 10 a
2694 1185 96 17 moderate

2353 1207 118 18 attendance.
2503 1207 32 17 Mr
2549 1207 90 18 Williams
2654 1208 89 22 occupied
2756 1209 33 17 the

2353 1230 57 18 chair.
2437 1231 30 16 Mr
2476 1231 22 16 It.
2509 1231 23 16 D.
2542 1231 82 22 Dansey,
2634 1232 99 19 treasurer,
2743 1232 35 17 sub-

2353 1253 67 18 mitted
2426 1254 104 16 ;»financial
2535 1255 103 16 statement
2646 1254 60 18 which
2712 1255 76 17 showed

2352 1277 44 17 that
2405 1277 32 17 the
2445 1279 42 20 past
2496 1282 45 17 year
2556 1277 37 17 had
2607 1277 46 17 been
2669 1278 118 18 commenced

2353 1299 46 18 with
2408 1307 10 10 a
2427 1300 79 17 balance
2514 1301 19 16 in
2542 1300 52 17 hand
2603 1301 20 16 of
2632 1302 30 16 lis
2676 1301 29 20 Sd,
2721 1303 21 15 at
2756 1302 33 17 the

2352 1324 37 17 last
2398 1324 85 22 meeting
2491 1323 49 18 £lo()
2551 1324 39 17 had
2603 1324 47 17 been
2663 1324 56 22 given
2734 1331 54 16 away

2352 1348 19 16 in
2380 1347 51 22 prize
2439 1353 68 16 money
2515 1347 38 17 and
2562 1347 33 17 the
2611 1347 77 17 balance
2704 1348 19 16 in
2737 1348 52 17 bank

2352 1370 103 18 amounted
2464 1371 20 17 to
2492 1368 37 19 £'24
2541 1371 31 16 lGs
2583 1371 27 16 Id.
2636 1370 54 18 Sums
2697 1376 47 12 were
2752 1371 38 17 due

2352 1395 20 16 to
2381 1394 34 17 the
2422 1394 49 17 Club
2481 1394 59 17 which
2551 1394 102 17 amounted
2660 1395 19 16 to
2685 1401 52 10 more
2742 1395 46 16 than

2352 1417 33 17 the
2393 1416 125 23 outstanding
2526 1417 101 17 liabilities.
2641 1418 38 16 The
2688 1418 89 17 outstand-

2352 1441 34 22 ing
2394 1442 59 15 assets
2462 1441 20 16 of
2490 1440 32 17 the
2532 1441 48 17 Club
2589 1446 48 11 were
2648 1441 94 17 discussed
2751 1441 38 17 and

2352 1464 16 17 it
2377 1469 37 12 was
2423 1465 19 15 at
2451 1463 68 23 length
2528 1463 77 18 decided
2615 1465 18 16 to
2643 1463 55 18 allow
2707 1470 11 11 a
2725 1464 64 17 rebate

2352 1487 21 17 of
2381 1488 20 15 .'is
2410 1486 19 17 in
2438 1486 33 17 the
2479 1488 79 15 amount
2566 1487 37 17 due
2611 1487 25 21 by
2646 1487 46 17 Miss
2700 1488 88 16 Hrennan

2352 1516 24 11 on
2389 1510 34 18 the
2435 1510 125 18 refreshment
2573 1509 58 18 booth
2646 1510 105 18 conducted
2763 1510 26 23 by

2352 1533 34 17 her
2394 1535 20 15 at
2423 1533 32 17 the
2464 1533 36 17 last
2509 1539 57 11 races.
2592 1534 20 16 It
2620 1539 39 11 was
2664 1533 77 18 decided
2746 1534 43 18 that

2353 1557 31 16 Mr
2392 1556 84 22 Taylor's
2485 1557 79 16 services
2572 1557 19 16 in
2600 1556 69 23 selling
2685 1557 32 17 the
2730 1557 50 23 privi-

2352 1580 51 22 leges
2412 1580 23 17 be
2443 1580 57 17 taken
2509 1580 19 16 in
2541 1580 37 17 lieu
2592 1580 21 17 of
2625 1580 126 22 subscription
2764 1587 25 10 on

2352 1603 70 22 receipt
2431 1603 57 22 being
2501 1603 76 17 handed
2593 1604 19 16 in
2629 1603 26 22 by
2672 1603 44 17 liim.
2750 1604 39 17 The

2352 1626 103 18 discussion
2476 1632 24 11 on
2517 1626 33 17 the
2570 1627 86 22 question
2677 1627 20 16 of
2718 1627 71 17 finance

2352 1649 61 18 lasted
2422 1650 31 17 for
2460 1655 51 12 some
2519 1649 46 18 time
2573 1649 38 18 and
2620 1651 21 15 at
2650 1650 65 22 length
2727 1651 12 16 it
2752 1656 37 11 was

2352 1672 86 18 resolved
2445 1673 43 17 that
2497 1673 24 16 all
2538 1672 126 23 outstanding
2678 1675 59 15 assets
2751 1674 38 17 and

2352 1696 96 17 liabilities
2457 1696 68 17 should
2533 1696 23 17 be
2570 1696 93 23 arrange!
2674 1696 25 23 by
2712 1697 33 17 the
2759 1697 20 17 in-

2353 1719 76 23 coming
2438 1719 113 17 committee.
2565 1719 38 17 The
2609 1720 53 16 usual
2669 1720 118 17 honorarium

2353 1743 20 16 of
2382 1742 26 18 £o
2417 1748 38 11 wns
2464 1742 56 18 voted
2529 1744 20 15 to
2562 1742 33 17 the
2608 1745 97 20 secretary,
2721 1743 31 17 Mr
2766 1744 21 16 I'.

2352 1766 66 17 Thom.

2443 1798 103 17 Election-
2559 1802 25 12 of
2596 1797 103 18 Officious.

2376 1830 39 17 The
2423 1830 117 17 nomination
2547 1830 37 16 and
2588 1830 78 16 election
2674 1830 19 17 of
2699 1830 89 18 stewards

2354 1859 37 11 was
2399 1853 46 17 then
2460 1853 104 22 proceeded
2577 1853 45 16 with
2636 1853 37 17 and
2687 1859 44 13 qver
2745 1854 44 22 fifty

2352 1882 65 11 names
2426 1882 48 11 were
2483 1875 109 18 submitted.
2618 1876 26 17 As
2652 1877 15 16 it
2676 1882 38 11 was
2722 1882 55 11 uncer-

2352 1900 41 16 tain
2413 1900 85 17 whether
2518 1905 52 11 some
2590 1900 20 16 of
2629 1900 33 16 the
2679 1900 108 22 gentlemen

2352 1922 111 18 nominated
2471 1922 62 18 would
2543 1923 30 16 act
2583 1923 14 16 it
2606 1928 39 12 was
2655 1922 63 18 decide
2725 1923 6 16 1
2745 1923 42 17 that

2352 1946 33 17 the
2405 1946 90 16 stewards
2511 1945 68 18 should
2596 1946 22 16 be
2639 1946 79 17 selected
2740 1947 48 17 from

2353 1969 53 17 those
2416 1969 18 17 in
2443 1969 33 17 the
2485 1975 57 12 room,
2554 1969 44 16 with
2612 1975 63 16 power
2684 1971 20 16 to
2723 1969 31 18 »dd
2768 1971 20 16 to

2352 1992 50 17 their
2410 1992 85 17 number.
2521 1992 39 17 The
2566 1992 98 23 following
2672 1999 46 10 were
2726 1992 51 18 there-

2352 2022 51 15 upon
2412 2016 88 17 chosen:-
2518 2016 69 16 Messrs
2596 2015 80 22 Dansey,
2690 2016 97 20 Falloona,

2353 2039 97 19 Williams,
2461 2039 77 22 Rogers,
2554 2039 21 16 C.
2591 2039 21 16 A.
2631 2039 73 20 Clarke,
2721 2039 66 19 Thom,

2352 2062 73 22 Mayer,
2435 2063 89 18 Fortune,
2540 2062 59 18 Huet,
2618 2062 23 17 It.
2659 2062 20 17 15.
2699 2062 87 21 Graham,

2352 2085 105 22 Urquhart,
2467 2084 98 18 Honshaw
2574 2084 38 18 and
2620 2085 80 17 Boland.

2375 2109 40 17 The
2423 2109 81 17 election
2512 2109 20 16 of
2540 2108 73 17 officers
2621 2109 82 16 resulted
2717 2115 20 10 as
2751 2109 27 17 fol-

2352 2132 46 17 lows
2406 2131 3 23 :
2415 2131 123 18 —President.
2544 2131 28 17 Dr
2578 2131 85 21 Ginders;
2673 2131 104 23 Vice-presi-

2352 2155 51 18 dent,
2413 2155 32 17 Mr
2454 2156 20 16 C.
2489 2154 84 22 Malfioy
2581 2154 4 22 ;
2604 2156 98 18 treasurer,
2718 2155 32 17 Mr
2764 2156 22 15 It.

2352 2179 24 16 D.
2387 2178 75 22 Dansey
2469 2184 5 14 ;
2488 2178 100 21 secretary,
2605 2178 31 16 Mr
2650 2178 19 17 T.
2685 2178 20 17 C.
2724 2178 50 23 Urqu-

2352 2202 49 16 hart.

2432 2230 87 17 Annual
2532 2230 57 17 llace
2606 2230 103 17 Meeting.

2375 2260 19 16 It
2415 2265 39 11 was
2470 2258 64 18 decide
2540 2258 8 17 1
2565 2259 43 17 that
2624 2259 33 17 the
2674 2259 54 17 usual
2745 2265 42 11 race

2352 2282 84 21 meeting
2450 2282 76 17 beheld
2539 2288 25 10 on
2578 2282 97 22 February
2693 2282 42 17 12th
2750 2282 37 17 and

2352 2306 32 17 the
2405 2305 100 23 following
2521 2305 78 17 officials
2615 2311 47 11 were
2682 2305 81 23 elected:
2765 2315 23 2 —

2352 2328 70 22 Judge,
2432 2329 31 16 Mr
2471 2329 23 16 It.
2507 2329 23 16 D.
2549 2329 76 21 Dansey
2632 2335 5 12 ;
2655 2328 131 22 handicapper,

2353 2352 31 17 Mr
2392 2352 69 20 Evott;
2475 2353 74 17 starter,
2560 2352 31 16 Mr
2599 2352 21 16 C.
2631 2352 50 16 Huet;
2690 2352 3 20 ;
2708 2352 50 16 clerk
2768 2352 21 17 of

2352 2381 71 13 course,
2434 2375 31 17 Mr
2472 2375 30 17 W.
2516 2375 76 22 Dansey
2600 2375 4 22 ;
2624 2375 49 17 clerk
2688 2375 19 17 of
2721 2375 65 20 scales,

2354 2399 30 16 Mr
2391 2398 19 17 .T.
2421 2397 88 23 Stanley;
2532 2398 52 17 clerk
2597 2399 20 16 of
2630 2397 112 21 totalisator,
2758 2399 21 16 Mi-

2354 2422 25 16 ll.
2389 2422 91 17 Fortune.

2376 2444 39 18 The
2424 2444 99 23 following
2532 2450 118 17 programme
2660 2450 37 10 was
2709 2444 78 18 decided

2352 2469 79 17 on:—1.
2445 2468 101 22 Handicap
2563 2467 82 17 Hurdles
2659 2467 19 17 of
2691 2468 70 19 30sovs,
2778 2469 9 15 2

2354 2491 57 18 miles.
2438 2492 17 16 2.
2468 2490 77 18 Maiden
2555 2491 54 16 Plate
2614 2491 20 16 of
2644 2491 68 19 12sovs,
2723 2491 5 16 1
2737 2491 50 17 mile.

2354 2516 16 15 If.
2384 2514 101 22 Handicap
2493 2514 54 22 Pony
2557 2513 82 17 Hurdles
2648 2514 19 16 of
2678 2514 69 20 losovs,
2768 2516 5 15 1
2779 2515 6 21 ]

2354 2538 49 17 mile.
2436 2540 17 14 4.
2472 2537 61 17 Maori
2547 2537 94 17 Women's
2655 2537 55 17 Hack
2732 2538 55 16 Race.

2353 2562 26 16 To
2388 2561 22 17 be
2420 2560 93 23 arranged
2523 2566 24 11 on
2556 2560 31 17 the
2602 2565 64 12 course
2681 2560 15 17 if
2710 2561 66 17 induce-

2354 2586 51 15 ment
2414 2584 62 17 offers.
2501 2585 17 16 5.
2531 2583 65 17 R.J.C.
2606 2584 42 21 Cup
2657 2584 100 21 Handicap
2770 2585 19 16 of

2354 2609 71 18 oOsovs,
2436 2608 10 16 2
2453 2607 59 17 miles,
2537 2608 16 15 (i.
2580 2606 60 17 Maori
2650 2606 54 17 Hack
2713 2607 50 17 Race
2770 2608 19 16 of

2353 2632 60 19 4sovs,
2425 2632 7 15 1
2450 2630 48 18 mile.
2525 2631 15 15 7.
2566 2629 79 17 District
2662 2629 54 18 Plate
2730 2631 20 15 of
2768 2631 20 15 12

2354 2660 42 11 sovs
2406 2654 65 18 w.f.a.,
2482 2654 28 16 for
2524 2653 25 16 all
2565 2652 63 17 horses
2643 2653 32 16 the
2688 2653 50 17 bona
2752 2653 36 17 fide

2354 2678 91 22 property
2454 2678 20 15 of
2482 2676 74 17 settlors
2564 2676 18 16 in
2589 2676 31 17 the
2626 2678 71 20 county
2702 2677 20 16 of
2729 2677 50 16 ltoto-

2355 2706 33 11 rua
2403 2700 29 17 for
2445 2700 52 17 three
2514 2698 77 18 months
2605 2699 51 22 prior
2672 2700 20 16 to
2709 2699 44 17 date
2770 2700 19 16 of

2354 2723 124 19 nomination,
2489 2724 7 14 1
2510 2722 50 17 mile.
2591 2724 16 14 <S.
2620 2722 101 23 Handicap
2735 2723 54 22 Pony

2354 2747 50 17 Race
2412 2747 20 17 of
2443 2747 68 18 lOsovs,
2518 2745 29 17 six
2554 2745 92 23 furlongs.
2672 2747 18 16 9.
2704 2746 85 22 Railway

2354 2770 101 22 Handicap
2464 2768 66 18 Stakes
2536 2768 20 17 of
2565 2769 22 16 20
2592 2774 44 13 *ovs,
2649 2769 18 17 I.',
2679 2769 49 17 mile.

2378 2793 20 17 It
2406 2799 38 11 was
2453 2791 75 18 decided
2537 2791 44 17 that
2589 2792 32 16 the
2627 2792 41 17 first
2673 2798 41 12 race
2721 2792 68 18 should

2354 2817 49 16 start
2411 2818 20 14 at
2441 2816 51 16 11.130
2500 2815 75 17 instead
2587 2815 20 16 of
2624 2816 19 16 12
2658 2822 20 10 as
2692 2815 96 23 formerly.

2355 2839 131 17 Nominations
2495 2838 30 17 for
2533 2838 101 22 Handicap
2645 2838 87 20 Hurdles,
2749 2839 40 22 Cup

2355 2862 37 17 and
2401 2862 54 22 Pony
2463 2860 89 19 Hurdles,
2563 2861 97 22 February
2671 2862 5 16 1
2686 2860 3 24 ;
2704 2862 87 22 Railway

2356 2885 65 17 Stakes
2430 2885 37 17 and
2476 2885 54 21 Pony
2540 2884 49 20 Flat,
2600 2885 97 22 February
2707 2886 16 16 S.
2749 2885 27 17 En-

2355 2910 72 16 trances
2448 2908 30 17 for
2493 2907 79 18 District
2590 2908 54 17 Plate
2660 2908 37 17 and
2712 2908 78 17 Maiden

2355 2932 54 17 Plate
2417 2931 97 21 February
2521 2932 16 15 8.
2563 2931 87 23 Weights
2655 2932 30 16 for
2690 2931 101 23 Handicap

2354 2954 89 21 Hurdles,
2463 2954 97 22 February
2577 2956 8 15 4
2594 2954 4 23 ;
2620 2954 54 17 other
2688 2954 102 23 handicaps

2355 2984 24 10 on
2387 2977 37 22 day
2433 2977 20 17 of
2462 2977 89 22 meeting.
2577 2977 39 17 The
2630 2978 84 22 meeting
2728 2977 62 18 closed

2356 3001 45 16 with
2417 3006 12 11 a
2445 3001 43 16 vote
2505 3000 20 17 of
2539 3000 71 17 thanks
2625 3003 20 14 to
2662 3001 33 16 the
2710 3001 81 22 retiring

2355 3024 98 21 secretary,
2464 3023 31 16 Mr
2504 3024 21 16 P.
2535 3024 68 17 Thom.

2460 3074 129 18 SPORTING
2601 3074 89 18 NOTES.

2380 3121 25 16 As
2414 3120 39 17 will
2461 3120 76 18 bo-seen
2546 3121 25 21 by
2577 3121 32 16 the
2618 3121 64 21 report
2688 3121 18 16 in
2714 3121 79 17 another

2357 3143 75 18 column
2441 3144 33 16 the
2482 3144 47 17 local
2539 3144 73 21 Jockey
2620 3144 48 17 Club
2682 3144 47 16 have
2739 3144 53 16 made

2357 3170 141 17 arrangements
2516 3170 30 14 tor
2562 3167 49 17 their
2630 3168 70 16 annual
2717 3168 74 16 fixture.

2357 3189 117 23 Wednesday
2483 3190 97 22 February
2592 3191 19 15 12
2621 3190 34 17 has
2668 3190 47 17 been
2724 3190 68 17 chosen

2357 3219 20 10 as
2386 3213 32 16 the
2433 3213 44 17 field
2493 3213 44 22 day,
2555 3213 39 16 and
2609 3219 21 10 as
2647 3213 32 16 the
2693 3214 100 21 Tauranga

2357 3236 83 23 meeting
2449 3236 52 18 takes
2510 3236 54 23 place
2572 3242 24 11 on
2606 3236 31 16 tin,'
2648 3236 99 22 Thursday
2755 3236 38 16 and

2357 3258 71 23 Friday
2435 3260 21 16 of
2464 3260 33 16 the
2503 3259 52 17 week
2561 3259 99 21 following
2665 3266 10 10 a
2682 3259 51 22 good
2742 3266 38 10 mus-

2357 3283 29 16 ter
2394 3288 43 16 may
2446 3283 24 16 be
2478 3284 68 21 pretty
2551 3282 61 22 safely
2620 3280 92 19 reckoned
2721 3288 31 11 on.
2778 3282 14 16 A

2357 3305 37 17 few
2402 3306 82 22 changes
2493 3312 31 10 are
2539 3305 109 18 observable
2664 3306 19 16 in
2702 3306 31 17 the
2749 3311 33 17 pro-

2357 3334 91 16 gramme,
2458 3328 38 18 and
2505 3329 52 17 these
2563 3328 38 17 will
2608 3330 48 15 meet
2662 3328 45 17 with
2716 3328 76 23 general

2357 3352 97 22 approval.
2480 3352 38 16 The
2535 3351 90 17 Tourists'
2643 3351 54 17 Plate
2713 3352 15 16 is
2745 3351 48 17 done

2357 3380 54 16 away
2420 3375 53 20 with,
2482 3375 39 16 and
2529 3381 11 10 a
2557 3374 158 23 weight-for-age
2723 3380 42 11 race
2773 3375 20 16 of

2360 3398 20 16 I*2
2389 3404 48 11 sovs.
2455 3398 121 19 substituted,
2595 3403 48 16 open
2651 3399 20 15 to
2688 3398 25 16 all
2729 3398 63 17 horses

2358 3420 60 18 which
2428 3421 48 17 have
2489 3421 48 17 been
2554 3421 30 17 for
2600 3421 52 17 three
2669 3421 76 17 months
2761 3421 32 16 the

2355 3443 101 19 .bona-fide
2463 3445 90 21 property
2561 3444 20 17 of
2589 3444 73 17 settlers
2670 3444 19 16 in
2706 3444 32 17 the
2754 3443 29 17 dis-

2358 3468 45 16 trict
2406 3468 26 17 'br
2440 3469 77 20 county.
2543 3466 99 18 Gratitude
2649 3467 30 16 for
2684 3468 42 20 past
2731 3468 61 15 favors

2358 3490 15 17 is
2382 3496 24 11 an
2415 3490 96 18 unknown
2520 3490 94 22 quantity,
2633 3496 21 10 or
2662 3490 65 22 nearly
2733 3496 24 13 so,
2768 3495 23 11 on

2359 3513 31 17 the
2399 3514 45 18 turf,
2455 3520 20 10 so
2484 3514 32 16 the
2527 3514 71 16 Burton
2610 3513 105 22 Handicap,
2726 3512 66 17 named

2357 3537 20 16 in
2386 3542 24 11 an
2420 3534 88 19 outburst
2517 3537 20 16 of
2545 3536 139 20 thankfulness,
2698 3536 15 16 is
2722 3537 40 15 sent
2772 3537 19 14 t/>

2359 3559 31 17 the
2399 3560 59 16 limbo
2467 3560 20 16 of
2504 3560 97 21 forgotten
2616 3558 73 23 things,
2707 3556 38 19 and
2760 3558 32 17 the

2353 3581 1 24 '
2359 3584 18 16 in
2379 3588 30 12 ore
2415 3582 121 23 appropriate
2541 3582 86 21 Railway
2632 3582 100 22 Handicap
2740 3581 52 17 tikes

2358 3606 25 16 its
2391 3605 60 23 place.
2474 3605 40 17 The
2523 3606 42 21 Cup
2573 3610 68 16 money
2659 3605 33 17 has
2708 3605 46 17 been
2763 3605 19 15 in-

2359 3628 75 21 crease:}
2442 3629 80 18 from.4o
2531 3629 20 16 to
2561 3629 22 15 50
2592 3633 55 14 sovs.,
2656 3627 45 18 thus
2714 3627 79 21 offering

2359 3653 54 15 extra
2421 3651 121 17 inducement
2550 3652 19 16 to
2579 3656 77 12 owners.
2672 3651 42 17 The
2722 3651 70 16 winner

2359 3675 20 17 of
2387 3675 33 16 the
2428 3675 42 22 Cup
2479 3674 67 17 carries
2552 3680 25 10 an
2586 3676 54 14 extra
2644 3674 73 22 impost
2724 3674 19 16 of
2752 3673 40 17 7lbs

2359 3698 19 17 in
2387 3697 33 18 the
2428 3697 86 22 Railway
2523 3697 72 16 Stakes.
2620 3697 39 16 The
2675 3697 60 16 Maori
2744 3695 47 18 hack

2357 3720 66 17 •ritceis
2431 3720 100 20 increased,
2541 3720 39 16 and
2588 3719 32 17 the
2636 3720 60 17 Maori
2705 3718 87 18 women's

2359 3749 42 17 rijce
2409 3744 38 16 will
2460 3744 23 16 be
2500 3742 93 21 arranged
2602 3741 3 25 ;
2609 3748 25 11 on
2650 3743 32 17 the
2698 3748 62 12 course
2776 3741 16 16 if

2359 3766 45 17 time
2412 3767 69 22 permit
2490 3765 36 17 and
2535 3763 126 19 inducement,
2667 3766 50 16 offer.

2384 3790 22 16 It
2418 3790 16 16 is
2448 3788 125 22 certainly-a.
2581 3788 42 22 pity
2639 3789 42 16 that
2695 3788 32 17 the
2744 3786 48 19 Club

2359 3818 38 11 was
2418 3814 35 23 ngt
2472 3811 59 18 called
2552 3812 89 21 together
2665 3812 70 17 earlier.
2775 3810 15 16 It

2359 3833 45 23 was•
2409 3833 103 23 necessary'
2520 3835 43 17 tlnVt
2579 3834 32 17 the
2626 3835 82 21 meeting
2724 3833 68 17 should

2357 3858 80 24 precede
2449 3858 32 17 the
2501 3858 101 21 Tauranga
2618 3858 68 17 fixture
2703 3857 18 16 in
2737 3855 55 17 order

2355 3883 24 15 'to
2399 3887 64 11 secure
2486 3880 33 17 the
2541 3880 113 18 attendance
2682 3880 19 17 of
2728 3879 64 16 horses

2359 3904 64 17 bound
2432 3904 29 17 for
2469 3904 33 16 the
2514 3903 83 17 carnival
2613 3903 26 22 by
2656 3904 31 16 the
2703 3901 87 20 sea-side,

2359 3927 38 17 and
2405 3927 32 17 the
2448 3926 58 17 result
2515 3932 37 11 was
2566 3926 43 17 that
2625 3927 33 16 the
2673 3930 119 18 programme

2359 3949 43 19 had,
2413 3950 50 21 willy
2475 3949 52 21 nilly,
2545 3950 21 15 to
2574 3949 23 18 be
2614 3948 74 18 drafted
2702 3950 19 14 at
2738 3953 52 11 once.

2359 3974 26 16 To
2394 3972 24 17 do
2427 3978 20 11 so
2456 3972 32 17 the
2496 3971 96 18 Stewards
2602 3972 38 17 had
2647 3974 19 15 to
2682 3971 21 17 bo
2721 3970 71 18 elected

2359 3996 18 16 in
2388 3995 31 17 che
2425 4001 57 11 room,
2490 3995 83 17 whereas
2578 3995 16 17 if
2599 4001 50 11 more
2656 3995 44 17 time
2705 3992 37 18 had
2748 3999 32 16 per-

2359 4018 67 17 mitted
2431 4024 10 10 a
2448 4019 74 20 greater
2528 4017 64 18 choice
2599 4025 10 10 a
2617 4024 50 11 more
2673 4016 119 23 satisfaetory

2359 4041 57 16 result
2426 4040 61 21 might
2496 4040 49 18 have
2553 4042 46 16 been
2609 4040 72 18 arrived
2692 4040 25 16 at.
2731 4039 45 17 How-

2358 4070 43 10 ever
2409 4064 53 16 those
2471 4063 71 18 elected
2550 4064 49 17 have
2607 4069 62 17 power
2682 4064 20 14 to
2718 4062 37 16 add
2772 4064 20 16 to

2358 4086 49 17 their
2415 4086 80 17 number
2503 4087 36 17 and
2550 4087 77 23 already
2635 4087 44 21 they
2690 4090 31 11 are
2736 4086 56 17 much

2358 4109 141 22 strengthened.

2381 4132 39 17 The
2428 4132 49 17 Club
2485 4132 34 18 has
2528 4139 56 17 every
2597 4137 63 13 reason
2674 4132 18 16 to
2702 4133 78 20 congrat-

2358 4155 50 16 ulate
2416 4155 52 17 itself
2477 4155 19 17 in
2505 4157 89 22 securing
2602 4157 31 16 the
2646 4154 77 18 services
2732 4155 20 15 of
2761 4155 31 16 Mr

2811 137 1 32 j
2818 137 99 25 tlrquhart
2925 146 21 12 as
2953 141 45 18 lion.
3007 147 36 12 see.
3053 144 43 16 who
3107 144 25 21 by
3149 149 63 14 reison
3242 146 23 20 iSf

2811 158 1 31 I
2817 165 43 19 past
2867 163 108 23 experience
2980 165 91 21 promises
3077 168 21 14 to
3103 165 25 19 be
3132 169 21 15 at
3157 167 29 19 his
3192 172 36 17 wt,r!
3242 160 22 28 fe
3292 176 7 8 >

2817 189 20 14 to
2846 191 33 12 use
2887 193 12 10 a
2915 186 139 19 down-eastern
3063 189 73 22 phrase,
3153 182 113 34 "awhol.'Jr

2816 210 51 16 team
2875 210 38 16 and
2922 217 10 9 a
2941 210 40 22 dog
2988 211 61 17 under
3056 212 34 17 the
3209 216 25 19 Tii,.
3242 210 2 25 ■

2817 232 48 17 Club
2875 238 38 12 was
2919 234 91 22 certainly
3018 235 19 16 in
3047 235 73 22 danger
3135 237 21 16 of
3163 238 71 22 expinip.
3259 232 2 28 •

2824 260 41 13 run
2882 256 98 20 inanition,
2998 257 35 17 but
3054 259 43 16 that
3113 259 87 24 calamity

2815 278 80 23 happily
2902 278 48 18 been
2955 280 83 17 averted.

2839 303 16 15 A
2865 302 84 23 meeting
2956 304 21 16 of
2982 304 33 16 the
3021 304 92 18 st<-wards
3120 305 36 17 and
3162 312 72 16 coinni;;.
3242 311 9 14 /•

2815 326 30 15 tee
2853 325 16 16 is
2887 325 60 18 called
2964 327 29 16 for
3009 326 71 23 Friday
3095 329 63 22 night,
3175 332 34 16 and

2815 348 72 17 several
2895 348 103 23 important
3007 352 79 16 matters
3099 353 117 19 over-looked
3222 362 11 12 u;
3254 345 14 27 %

2815 370 37 17 last
2861 372 84 21 meeting
2953 372 47 17 have
3016 376 20 13 to
3045 374 23 16 be
3085 374 93 19 discussed
3188 383 9 10 a
3212 377 22 21 full

2814 393 113 19 attendance
2936 395 15 17 is
2962 396 107 21 requested.*
3291 400 8 10 v

3290 417 9 19 J

2880 438 119 19 ROTORUA
3012 440 80 18 BRASS
3104 442 77 18 BAND.

2839 485 15 16 A
2864 485 85 22 mooting
2955 486 20 16 of
2984 486 54 17 those
3045 487 103 18 interested
3161 489 19 17 in
3193 490 41 21 Bin,]

2815 509 83 16 nutters,
2909 509 94 16 convened
3015 510 25 22 by
3055 510 32 17 Mr
3099 511 21 18 C.
3135 512 22 17 A.
3175 513 55 21 Clarke
3293 508 4 26 '

2814 530 45 18 took
2869 531 53 22 phie-.*
2935 533 19 15 at
2970 532 51 18 Like
3035 532 65 19 House
3116 540 26 11 on.
3155 535 78 22 Saturdtv
3252 536 10 25 'i

2814 553 54 23 night
2880 554 53 16 when
2943 555 52 17 th(;re
3009 562 38 11 was
3061 563 9 10 a
3087 557 38 17 fair
3137 560 97 20 attendance

2814 577 20 16 of
2843 577 97 19 members,
2950 579 127 18 ox-members
3085 580 41 17 andi
3129 581 105 22 subscriber.

2815 600 69 17 Messrs
2894 600 20 17 M
2921 600 54 23 ilfroy
2984 602 37 17 and
3031 603 82 23 Dansey,
3131 605 39 16 two
3184 607 18 16 of
3213 609 22 17 tin.
3290 606 9 17 1

2815 624 86 18 trustees,
2911 630 48 11 were
2968 624 40 18 also
3016 627 83 20 present.
3130 627 32 17 Mi-
3174 629 52 18 Ci;irk<

2815 647 42 16 who
2867 652 37 11 was
2914 647 17 17 in
2941 648 34 16 the
2989 648 58 21 chair,
3065 650 73 22 opened
3154 651 32 17 the
3202 659 5 17 j
3209 660 15 11 (rt
3226 647 8 24 J

2814 675 32 12 cue
2854 670 48 22 lings
2916 670 25 22 by
2956 671 112 23 explaining
3083 673 30 16 his
3128 679 74 13 reasons
3215 666 84 31 f.|

2814 692 72 23 calling
2894 693 32 17 the
2935 694 88 23 meeting,
3033 696 38 16 and
3085 696 50 17 from
3149 697 28 17 hi«
3252 695 16 23 I?

2815 718 61 14 merits
2885 717 36 16 and
2931 717 32 17 the
2971 718 84 18 remarks
3069 720 20 16 o'f
3104 720 63 17 others
3180 722 11 15 it
3209 729 7 9 v
3216 714 2 25 ,
3230 714 3 25 ,
3250 714 18 25 %

2815 739 54 17 made
2878 739 49 18 clear
2935 740 42 17 that
2986 741 56 17 much
3055 741 143 20 dissatisfactiu..
3212 739 2 25 ,
3220 753 7 11 s
3229 739 4 25 .
3294 741 5 18 J

2815 762 54 17 iited.
2894 762 104 23 Exception
3008 770 39 12 was
3055 765 57 18 taken
3121 767 21 16 to
3146 767 32 17 the
3187 770 34 16 actii
3227 762 4 26 i
3293 767 6 18 i

2815 786 20 17 of
2843 786 33 17 the
2884 786 126 19 bandmaster.
3020 788 32 17 Mr
3064 789 76 20 Munro,
3154 790 19 17 in
3187 786 4 23 j

2815 809 35 21 iag
2857 809 101 17 admission
2967 812 19 15 to
2995 811 116 23 Europeans,
3122 813 103 20 ©fadminii,

2815 838 11 10 a
2834 832 81 17 number
2928 833 20 17 of
2961 833 78 19 natives,
3054 835 37 17 and
3105 835 95 24 cbadgrn<_'
3252 835 5 19 .?

2815 861 54 11 name
2883 856 49 17 from
2946 856 32 17 the
2993 857 85 18 Rotorua
3094 860 21 15 to
3132 859 33 17 the
3181 861 45 18 Arav.-
3252 856 6 24 |

2814 878 57 18 Brass
2879 879 60 17 Band.
2965 880 30 16 Mr
3003 880 68 17 Clarke
3083 882 108 18 considered
3204 885 29 18 tlif

2814 908 12 10 a
2833 901 76 23 portion
2923 903 21 16 of
2956 903 32 17 the
3004 903 124 19 instruments
3144 906 64 18 should
3221 901 2 24 :

2813 924 89 19 obtained
2912 925 30 18 for
2953 926 33 17 the
3000 932 33 12 use
3049 928 21 16 of
3085 928 56 18 those
3156 931 62 17 mcmla
3285 921 14 27 -I

2814 948 41 17 who
2865 948 37 17 still
2913 949 80 17 adhered
3002 951 20 16 to
3031 950 32 17 the
3072 951 81 21 original
3165 953 32 17 R<,:
3208 948 2 24 ,
3212 962 10 9 n
3224 948 3 24 .
3289 953 10 12 *

2814 971 55 17 Brass
2878 972 60 17 Band.
3289 972 10 19 'J

2837 995 31 16 Mr
2876 995 89 22 Malfroy,
2975 1002 20 11 as
3005 998 93 16 treasurer
3107 998 20 16 Of
3140 998 32 18 the
3187 1000 36 18 ]!an.
3290 998 9 18 )•

2812 1018 45 17 read
2864 1024 10 10 a
2883 1018 87 18 financial
2979 1021 103 16 statement
3095 1021 61 17 which
3173 1023 53 17 show-
3289 1028 7 14 1

2813 1041 42 17 that
2876 1041 32 17 the
2928 1042 47 17 total
2991 1043 44 16 cash
3057 1044 79 23 receipts
3157 1045 45 18 from
3218 1041 1 28 ,
3288 1051 8 18 j

2812 1066 78 16 sources'
2895 1071 26 16 up
2929 1066 20 16 to
2956 1065 43 17 date
3005 1068 102 16 amounted
3115 1070 19 14 to
3142 1068 49 18 £lly
3198 1071 8 14 c,
3207 1077 7 9 f

2812 1087 37 17 and
2859 1087 32 18 the
2899 1089 123 21 expenditui-e
3031 1091 20 15 to
3061 1091 23 17 £1
3090 1092 20 15 l.j
3122 1092 29 16 12s
3162 1092 22 17 .Oil
3195 1093 22 17 Jr..
3290 1101 9 5 -

2812 1111 35 22 ing
2854 1118 11 9 a
2874 1111 77 17 balance
2960 1113 19 16 to
2988 1112 60 19 credit
3056 1113 21 17 of
3085 1113 28 18 £a
3122 1115 31 17 12s
3162 1116 29 16 Bd.
3206 1118 30 17 Thi»
3249 1106 50 30 HE

2812 1136 42 16 east
2861 1134 20 17 of
2894 1134 125 17 instrument*
3031 1136 45 17 with
3092 1138 79 18 interest
3187 1139 35 18 add.
3252 1134 21 24 £1

2811 1158 103 17 amounted
2923 1160 19 15 to
2951 1158 48 18 £l3l
3009 1158 39 18 and
3056 1160 20 16 of
3085 1160 38 18 this
3132 1162 38 16 £9(i
3179 1169 17 10 os
3289 1157 10 15 *

2812 1181 45 16 been
2868 1181 43 21 paid
2920 1181 75 23 leaving
3003 1189 12 9 a
3024 1183 47 17 total
3080 1183 109 19 iridcbtcdm
3290 1186 9 12 r

2812 1204 33 17 Mr
2852 1204 70 17 Munro
2931 1205 20 16 of
2965 1205 38 17 £.'54-
3019 1207 35 16 los.
3080 1207 32 16 Mr
3127 1207 68 18 Monro

2810 1227 47 18 beOn
2868 1229 48 16 most
2923 1233 92 17 generous
3023 1229 20 16 in
3052 1229 29 17 his
3090 1233 81 19 support
3179 1232 19 17 of
3212 1234 19 17 th.
3250 1232 7 17 f
3289 1231 10 18 i:

2811 1251 61 16 Band.
2897 1251 26 17 At
2932 1257 35 11 one
2975 1251 46 17 time
3029 1252 53 18 then;
3096 1259 38 11 was
3148 1261 11 11 a
3172 1261 38 12 sum
3221 1259 15 16 <,i
3289 1263 10 12 \

2812 1274 37 17 £(>2
2859 1275 20 16 8s
2888 1274 63 21 owing
2960 1276 19 15 to
2994 1275 39 17 him
3047 1275 35 18 but
3097 1277 38 17 tins
3149 1278 37 17 had
3202 1285 25 12 now-

2811 1298 49 16 been
2867 1296 81 19 reduced
2956 1299 19 15 to
2984 1298 33 17 the
3022 1301 80 16 amount
3107 1301 68 18 stated.
3189 1303 47 19 From

2812 1320 53 18 what
2878 1320 23 17 he.
2918 1320 37 18 had
2968 1321 58 17 heard
3040 1322 88 18 however
3144 1324 51 19 there
3210 1333 25 12 it].-
3252 1315 21 28 fe

2811 1343 69 22 peared
2889 1345 19 15 to
2919 1344 23 16 be
2950 1350 51 11 some
3009 1346 75 21 ground
3094 1347 30 17 for
3132 1348 50 17 their
3195 1346 40 21 coil.-
3288 1341 11 11 R

2811 1367 77 22 plaints,
2897 1367 35 17 but
2941 1367 23 18 he
2972 1367 85 24 thought
3065 1369 43 17 that
3115 1370 14 17 if
3138 1371 32 17 the
3177 1371 56 19 bunds-
3287 1367 11 12 C
3298 1367 1 24 '

2811 1396 43 11 men
2863 1390 72 17 instead
2944 1390 22 17 of
2972 1391 80 23 retiring
3061 1392 37 18 had
3113 1393 43 18 held
3171 1401 22 11 on
3207 1397 29 17 and
3288 1393 11 11 v

2811 1412 93 24 proposed
2913 1419 10 11 a
2935 1414 73 23 change
3022 1415 18 16 in
3055 1416 71 17 certain
3141 1419 73 16 matters
3226 1425 9 12 it

2812 1436 62 18 would
2884 1437 46 16 have
2937 1437 46 17 been
2991 1437 66 18 better.
3288 1438 11 19 li

2835 1458 32 19 Mr
2876 1459 61 18 Boord
2946 1460 40 17 said
2995 1461 23 16 he
3026 1461 39 18 had
3070 1462 87 23 objected
3162 1470 21 12 as
3190 1466 47 18 mueli
3287 1465 12 17 <1

2812 1489 21 11 as
2841 1484 25 16 he
2873 1483 83 22 possibly
2965 1484 61 17 could.

2835 1506 33 17 Mr
2875 1506 89 23 Malfroy,
2974 1508 117 23 continuing,
3102 1510 64 17 stated
3172 1511 38 17 tiiar
3223 1519 13 11 m
3290 1523 7 11 f

2811 1530 69 22 regard
2889 1531 19 15 to
2918 1530 31 16 the
2958 1531 93 22 proposed
3059 1531 80 19 division
3148 1534 21 17 of
3175 1534 62 18 insti-n-
3287 1546 7 14 t
3297 1530 2 30 ]

2812 1555 67 18 inents,
2897 1553 24 17 he
2934 1560 19 10 as
2968 1559 36 12 one
3017 1554 19 17 of
3050 1553 33 18 the
3095 1557 86 21 trustees,
3197 1562 40 15 most
3285 1550 9 28 ]

2812 1574 98 25 decidedly
2930 1576 93 23 objected.
3059 1578 62 18 Tliere
3144 1586 47 12 were
3210 1585 26 15 not
3286 1573 13 26 1'

2812 1600 75 20 enough
2894 1600 123 17 instruments
3027 1600 29 18 for
3064 1602 39 17 two
3111 1602 61 18 bands
3180 1604 34 18 and
3226 1606 10 17 it
3293 1604 6 9 '

2813 1623 61 17 would
2884 1624 34 16 not
2926 1629 73 11 answer
3007 1623 105 19 otherwise.
3128 1626 39 17 The
3175 1627 61 19 instrn-
3289 1627 10 11 w

2812 1647 61 16 ments
2882 1651 48 12 were
2936 1646 108 18 subscribed
3054 1647 29 18 for
3095 1648 27 23 by
3135 1649 32 17 the
3183 1651 54 22 publi.-
3289 1646 9 19 I

2812 1670 31 16 for
2850 1670 33 16 the
2892 1670 83 17 Rotorua
2983 1670 57 17 Brass
3048 1671 54 17 Band
3111 1672 38 17 and
3163 1673 28 18 for
3203 1675 32 17 tlmt
3289 1672 10 18 Ik

2812 1692 55 18 Band
2875 1693 51 22 only.
2951 1693 30 17 He
2989 1693 56 17 knew
3054 1695 82 22 nothing
3144 1696 54 18 about
3212 1699 20 16 tin
3286 1698 13 18 <1

2812 1716 68 17 Arawa
2889 1715 53 18 Band
2951 1716 37 17 and
2995 1717 62 17 would
3064 1719 35 16 not
3104 1719 49 17 have
3160 1720 19 17 it.
3194 1721 43 17 Thf-v
3286 1724 13 19 &

2812 1739 62 21 might
2883 1740 34 16 not
2925 1739 23 17 be
2956 1740 70 22 legally
3040 1741 116 19 constituted
3172 1743 31 17 but
3219 1745 19 17 lie

2812 1762 36 17 had
2858 1768 25 11 no
2890 1763 40 16 fear
2939 1763 29 16 for
2975 1763 32 17 the
3016 1764 59 17 result
3083 1770 47 12 even
3135 1766 16 17 if
3156 1766 32 17 the
3196 1771 34 14 i,tat-

2811 1786 30 16 ter
2849 1785 38 18 had
2895 1786 21 16 to
2923 1785 24 17 be
2955 1785 76 19 decided
3041 1786 26 23 by
3080 1788 33 18 the
3128 1790 108 22 nrigist:.i>.
3289 1782 6 13 J
3297 1782 2 30 !

2812 1810 25 16 At
2845 1809 33 17 the
2887 1814 52 12 same
2946 1809 46 18 time
3007 1810 23 17 he
3043 1813 51 15 must
3108 1813 73 17 remind
3193 1814 43 18 tlii-ai

2812 1832 42 17 that
2863 1832 45 22 they
2918 1832 52 17 owed
2979 1839 11 10 a
2995 1834 55 21 great
3055 1833 43 18 deal
3104 1836 21 16 to
3131 1835 32 18 Mr
3169 1837 50 17 Mine
3224 1846 7 7 ~

2812 1855 30 17 He
2850 1855 38 17 had
2897 1855 80 18 devoted
2985 1856 46 17 both
3041 1856 46 18 time
3099 1858 38 17 and
3146 1865 64 14 money
3222 1865 10 12 t,
3286 1853 13 19 V
3298 1853 1 26 1

2811 1879 33 17 the
2852 1879 55 17 Band
2916 1879 37 17 and
2962 1879 45 22 they
3015 1880 68 18 should
3090 1881 94 19 endeavor
3190 1887 46 13 tar-
3287 1879 12 20 b

2810 1907 60 15 range
2880 1903 76 16 matters
2965 1903 99 22 amicably.

2836 1926 54 15 After
2899 1931 50 11 some
2958 1926 74 17 further
3040 1926 104 19 discussion
3153 1929 19 17 in
3186 1930 50 17 whi.-li

2811 1948 70 18 Messrs
2890 1948 73 19 Clarke,
2973 1949 16 16 A\
2996 1950 62 18 ebber,
3069 1950 63 18 Boord
3141 1952 38 17 and
3184 1954 54 17 other<
3256 1948 4 28 •
3287 1957 12 19 ♦]

2812 1971 44 17 took
2866 1973 49 21 part,
2925 1971 31 17 Mr
2962 1972 84 23 Malfroy
3052 1973 85 24 thought
3142 1975 42 18 that
3193 1983 45 11 ev.-rv

2812 1995 57 22 thing
2878 2001 38 10 was
2923 1995 91 23 provided
3022 1996 31 17 for
3060 1997 20 17 in
3089 1997 33 17 the
3134 1999 55 18 rules.
3213 2000 23 17 All

2812 2018 45 21 they
2866 2018 36 17 had
2912 2020 19 15 to
2940 2018 23 17 do
2973 2024 39 12 was
3026 2021 20 16 to
3059 2025 44 17 pass
3116 2027 11 11 a
3144 2023 92 17 resolution
3285 2016 14 12 Cl

2812 2041 43 17 that
2863 2041 32 17 the
2911 2042 123 18 instruments
3048 2043 69 18 should
3134 2044 23 18 be
3170 2046 66 17 handed
3289 2042 10 12 0

2813 2071 46 10 oiick
2869 2066 19 15 lo
2897 2065 31 16 (lie
2941 2066 86 17 trustees.
3053 2067 19 16 It
3087 2067 62 18 would
3164 2068 43 18 then
3220 2070 12 16 hi
3286 2067 13 20 V

2812 2088 29 16 for
2857 2087 33 17 the
2904 2089 80 16 trustees
2998 2091 19 14 to
3035 2089 65 18 decide
3117 2091 43 17 who
3177 2093 59 16 offered
3287 2087 12 20 tl

2810 2110 33 17 the
2850 2110 63 17 better
2920 2111 81 22 security
3007 2112 29 17 for
3042 2114 88 22 carrying
3137 2120 25 11 on
3168 2120 68 13 matters
3287 2112 12 19 b

2810 2134 21 16 in
2839 2133 34 17 the
2881 2133 86 18 interests
2975 2135 21 16 of
3004 2135 32 17 the
3042 2131 71 27 public.
3285 2145 13 13 a

2834 2157 32 16 Mr
2887 2157 21 17 CI
2916 2157 37 17 irke
2973 2157 33 17 did
3026 2161 34 15 not
3076 2166 84 17 approve
3172 2162 20 16 of
3207 2157 29 26 tbis
3287 2171 9 12 6
3297 2157 2 26 j

2810 2185 71 12 course.
2912 2180 30 17 He
2958 2181 32 16 did
3005 2183 36 16 not
3054 2182 45 17 wish
3118 2185 20 15 to
3156 2185 40 16 hurt
3212 2185 25 17 the
3284 2197 15 12 r)

2812 2203 61 17 Maori
2886 2203 54 18 Band
2948 2204 19 17 in
2976 2210 38 16 any
3023 2211 42 16 way
3073 2206 35 17 but
3115 2207 15 16 if
3136 2207 100 23 Europeans
3286 2216 9 9 r

2812 2232 47 11 were
2869 2230 30 14 not
2912 2228 19 16 to
2940 2227 22 17 be
2970 2227 93 19 admitted
3078 2230 52 16 what
3144 2237 38 11 was
3198 2232 32 16 tli.-i
3291 2242 6 6 a

2810 2249 77 23 remedy
2895 2249 7 18 I-
2922 2250 58 17 There
2996 2256 49 12 were
3059 2252 67 23 plenty
3143 2254 21 16 of
3175 2254 62 18 instrn-
3297 2249 2 30 ,

2811 2274 67 16 ments.
2905 2274 67 16 Would
2981 2274 15 17 it
3004 2276 34 15 not
3046 2275 23 17 be
3082 2276 83 22 possible
3177 2279 19 15 to
3212 2279 26 20 g.-t
3287 2275 8 11 p
3297 2269 2 30 '

2811 2302 51 11 some
2870 2296 21 17 of
2899 2296 57 18 them.
3285 2296 14 23 (-

2834 2319 33 17 Mr
2874 2319 83 22 Malfroy
2967 2321 61 17 stated
3037 2321 43 17 that
3090 2322 32 17 the
3130 2324 72 17 natives
3207 2324 30 17 had
3285 2324 14 15 tl

2812 2348 24 11 no
2845 2343 55 16 claim
2909 2344 20 16 to
2938 2343 32 17 the
2975 2349 33 12 use
3016 2345 20 16 of
3045 2345 32 17 the
3090 2345 122 19 instruments
3224 2349 14 15 ..f
3287 2352 12 18 p

2811 2366 33 16 the
2861 2366 83 17 Rotorua
2961 2367 56 17 Brass
3033 2368 62 18 Band.
3128 2369 39 18 The
3180 2376 58 16 money
3286 2372 13 18 tl

2811 2388 37 17 had
2855 2389 48 18 boon
2912 2389 107 18 subscribed
3028 2391 29 17 for
3066 2397 12 11 a
3085 2393 75 21 specific
3168 2399 49 17 purj..
3226 2388 3 28 -
3237 2388 3 28 •
3285 2398 7 18 j

2812 2411 37 18 and
2859 2412 23 16 he
2891 2418 38 11 was
2938 2412 115 18 determined
3062 2415 42 17 that
3114 2416 14 16 it
3143 2416 66 18 should
3221 2417 17 17 he

2811 2435 88 18 confined
2906 2437 20 16 to
2935 2436 47 17 that.
3008 2437 31 17 He
3047 2437 38 18 had
3094 2438 69 18 known
3172 2440 21 17 of
3205 2442 34 14 f..ur

2811 2458 124 17 instruments
2949 2459 60 18 which
3025 2460 37 17 had
3075 2461 47 18 been
3139 2463 99 17 subserib.-l

2812 2482 30 16 for
2850 2482 25 21 by
2884 2482 33 16 the
2925 2482 63 22 public
2997 2483 49 19 here,
3053 2484 61 18 either
3121 2486 69 22 wholly
3199 2493 18 10 or
3225 2487 13 16 in
3283 2481 9 12 ®
3294 2482 5 12 £

2811 2506 50 21 part,
2870 2505 39 17 and
2917 2505 24 17 ho
2948 2506 64 17 would
3024 2507 35 17 ask
3073 2508 61 17 where
3141 2509 45 22 they
3200 2515 39 12 nvi:

2812 2534 42 11 now
2862 2533 7 12 r
3282 2527 17 19 tl

2835 2551 32 17 Mr
2883 2552 62 17 Boord
2953 2552 41 17 ;In
3013 2553 32 17 the
3061 2554 61 17 hands
3139 2556 21 16 of
3175 2556 65 22 private
3283 2560 16 12 ei

2811 2575 73 21 people.
3285 2579 5 19 j
3293 2585 6 13 t

2835 2598 32 16 Mr
2876 2598 83 22 Malfroy
2967 2599 41 17 said
3022 2600 42 16 that
3079 2601 55 17 when
3148 2602 33 17 the
3193 2602 45 17 Bind
3285 2606 14 22 p'

2813 2627 37 10 was
2860 2621 59 17 forme
2925 2622 7 15 1
2946 2622 23 17 lie
2979 2628 37 11 was
3029 2622 117 19 determined
3162 2625 40 17 that
3215 2626 16 16 th

2811 2645 91 21 property
2911 2644 67 18 should
2986 2645 23 17 be
3018 2646 63 17 vested
3088 2647 19 16 in
3115 2653 68 17 proper
3188 2648 51 17 hands
3285 2658 12 7 ..

2812 2673 21 11 so
2853 2667 42 17 that
2918 2668 53 16 when
2992 2669 32 16 the
3045 2670 115 18 subscribers
3181 2672 33 16 had
3236 2667 3 22 t
3285 2676 6 13 ;

2812 2690 100 22 grievance
2920 2691 45 22 they
2974 2692 62 17 would
3045 2692 57 18 know
3108 2694 42 17 who
3157 2696 18 16 to
3182 2701 44 16 iipp-
3231 2695 8 16 d
3292 2690 7 13 ®

2813 2715 26 15 to.
3283 2712 16 16 tr

2836 2737 16 16 A
2861 2737 65 17 rather
2937 2737 77 22 spirited
3028 2738 103 19 discussion
3145 2740 44 18 here
3203 2743 6 14 t
3219 2742 20 15 -Ji
3282 2738 17 16 ta

2812 2759 53 23 place
2879 2760 60 16 which
2954 2761 110 17 threatened
3077 2764 21 16 at
3115 2769 35 11 one
3167 2764 43 18 time
3226 2766 14 15 to
3282 2768 17 12 ai

2812 2782 76 18 become
2896 2783 64 17 rather
2968 2785 32 16 too
3008 2785 132 19 acrimonious.
3166 2787 29 17 Oil
3282 2788 17 18 ol

2813 2808 20 14 at
2853 2806 67 21 length
2940 2806 74 18 thrown
3035 2814 52 16 upon
3108 2809 32 18 the
3161 2811 48 16 troul
3228 2811 11 15 -l
3282 2812 12 20 Q

2813 2830 68 16 waters
2889 2829 27 22 by
2924 2829 31 17 Mr
2963 2830 77 23 Danrey
3048 2832 79 23 moving
3135 2833 49 22 that,
3228 2829 3 26 i

2813 2853 79 16 trustees
2901 2853 36 16 call
2946 2858 51 18 upon
3003 2854 32 17 the
3042 2855 122 18 bandmaster
3170 2858 20 16 to
3197 2857 27 17 ha:
3236 2853 4 23 ?
3296 2853 3 23 .

2813 2876 18 15 in
2841 2875 32 16 the
2878 2876 123 17 instruments
3010 2877 99 19 forthwith
3121 2879 46 17 with
3177 2886 11 11 a
3202 2886 9 10 v
3231 2886 9 9 •••■
3282 2872 12 12 a

2813 2900 20 15 to
2842 2904 10 10 a
2862 2898 114 23 subsequent
2984 2900 64 22 public
3057 2902 84 21 meeting
3153 2904 20 16 at
3188 2903 32 16 wh.
3233 2910 7 9 a
3281 2898 13 12 a
3296 2898 3 25 f

2813 2921 15 17 it
2836 2921 38 17 will
2890 2921 23 17 be
2927 2922 76 18 decided
3020 2924 52 17 what
3088 2924 56 18 slialll
3161 2926 23 17 be
3200 2926 14 16 .1.
3282 2924 17 12 Di

2814 2944 45 17 with
2868 2945 58 20 them,
2936 2945 37 18 and
2988 2946 43 17 how
3046 2947 31 17 Mr
3091 2948 86 18 Munro's
3194 2950 15 16 el
3222 2944 2 22 ■
3233 2956 6 10 a

2813 2967 48 16 shall
2870 2968 23 15 be
2902 2974 9 11 s
3029 2970 44 17 This
3083 2976 37 12 was
3126 2973 89 16 seconded
3223 2967 2 23 -
3234 2978 6 12 V
3281 2969 17 19 it

2814 2990 31 16 Mr
2856 2990 63 18 Boord
2934 2992 37 17 and
2982 2993 72 17 carried
3068 2994 38 17 and
3120 2995 32 17 the
3165 2997 59 16 meetr
3279 2994 20 19 sli

2814 3013 69 17 closed.
3238 3011 2 28 '
3279 3023 20 16 at

2905 3099 394 17 TELEGRAPHIC.

2838 3120 86 21 London,
2934 3122 103 19 December
3049 3125 18 16 3.
3092 3126 16 16 A
3124 3125 54 23 large
3194 3128 49 21 gin.'.v
3278 3124 21 19 Ti

2815 3144 20 16 of
2844 3144 51 16 Arab
2903 3146 75 21 cavalry
2988 3146 88 23 besieged
3085 3149 52 19 Suffi,
3152 3156 11 10 a
3175 3155 41 17 seap
3230 3144 2 28 ■
3279 3150 20 19 lii

2815 3169 51 15 town
2875 3168 21 16 of
2907 3167 89 22 Moroe-jo,
3006 3170 57 17 killed
3072 3177 11 10 a
3092 3173 81 16 number
3185 3175 19 14 of
3216 3174 28 15 t'r

2818 3191 59 16 Moors
2886 3191 36 16 and
2932 3191 63 18 looted
3002 3193 34 17 the
3044 3193 68 19 houses
3121 3195 20 17 of
3149 3195 33 17 the
3196 3196 26 16 En
3229 3202 12 11 z-
3279 3188 20 23 K

2814 3212 35 17 lish
2860 3214 111 18 merchants.
3277 3210 13 22 1

2838 3236 162 24 Constantinople,
3027 3240 104 17 December
3154 3242 33 17 3.-
3210 3243 33 16 Tu-
3277 3230 22 37 f?

2815 3259 80 17 Turkish
2905 3260 125 18 Government
3041 3262 47 17 have
3102 3264 85 18 arrested
3199 3265 33 16 hun-

2814 3281 56 18 dreds
2878 3283 20 16 of
2907 3284 102 21 provincial
3018 3285 86 23 refugees
3118 3288 38 16 and
3170 3287 71 23 shipp'd
3278 3285 21 13 01

2815 3304 52 17 them
2874 3305 47 18 back
2930 3307 56 21 again
2995 3308 21 16 to
3024 3308 50 17 their
3081 3309 54 22 place
3143 3311 21 17 of
3168 3311 48 17 birth
3279 3311 20 12 as

2839 3328 66 18 niurad
2914 3330 43 21 Bey,
2968 3332 99 21 suspected
3083 3333 21 16 of
3117 3334 90 22 assisting
3215 3334 19 16 th
3279 3331 20 18 w]

2814 3356 67 16 young
2889 3352 79 17 Turkish
2976 3355 63 21 party,
3050 3355 34 17 has
3093 3356 36 17 Hod
3143 3358 20 16 to
3177 3357 65 17 Ku-ij.
3276 3356 23 19 ft,

2837 3372 82 24 Sydney,
2940 3375 104 19 December
3064 3380 10 15 :)
3094 3379 44 17 -The
3163 3380 43 17 trial
3229 3381 14 14 cif
3277 3382 22 19 de

2850 3397 54 22 tgher
2912 3398 37 17 and
2958 3398 55 19 Crick
3029 3401 40 17 still
3085 3402 104 19 continues.
3197 3403 46 18 John
3278 3414 13 7 „
3292 3415 7 12 r

2903 3421 61 17 whose
2969 3424 88 20 personal
3060 3425 103 22 animosity
3168 3426 73 17 toward-
3282 3435 9 7 »

2814 3442 55 18 Crick
2877 3443 15 17 is
2902 3443 121 19 well-known
3033 3447 34 16 has
3077 3447 48 18 been
3135 3449 106 21 givin°'evi-
3274 3454 23 14 it

2814 3464 62 21 dence,
2887 3466 67 22 telling
2962 3469 76 21 against
3047 3470 60 18 Crick.
3277 3462 11 33 1,

2837 3489 105 20 Auckland,
2952 3491 44 18 This
3006 3492 37 22 day
3057 3494 38 17 -Dr
3110 3494 93 24 Connolly
3211 3494 31 18 and
3275 3493 15 11 «
3291 3492 8 12 e

2815 3511 17 17 \\i
2838 3511 57 17 illiam
2902 3512 64 21 Owen,
2973 3515 21 16 of
2999 3515 107 23 Wanganui
3112 3523 49 12 were
3167 3517 76 19 charsrcd

2814 3535 18 16 at
2842 3535 32 16 the
2886 3535 60 18 Police
2956 3538 57 17 Court
3020 3539 99 18 vesterdav
3128 3541 44 17 with
3180 3542 64 20 fishing-
3277 3539 21 17 nt

2814 3557 29 17 for
2851 3559 53 16 trout
2913 3559 65 18 within
2989 3562 33 16 the
3039 3562 99 19 Auckland
3156 3565 87 17 Act-linn-
3276 3562 21 19 th

2814 3581 76 17 tisation
2901 3582 77 18 District
2996 3585 80 17 without
3093 3593 11 10 a
3119 3585 74 22 license,
3211 3586 31 18 nut'

2814 3603 46 17 with
2870 3604 57 23 being
2935 3606 19 16 in
2962 3608 105 22 possession
3079 3609 21 17 of
3116 3613 52 14 trout
3185 3611 58 17 before
3277 3620 13 8 n
3290 3621 9 12 0

2814 3626 32 17 the
2862 3632 66 13 season
2944 3630 78 22 opened.
3053 3631 118 19 Defendants
3187 3633 57 18 stated
3274 3626 24 28 fri

2813 3649 19 16 in
2849 3650 90 24 pleading
2956 3653 62 22 guilty
3042 3654 84 26 through
3147 3657 97 21 ignorance
3286 3666 5 6 .

2813 3672 43 17 that
2865 3679 24 11 on
2898 3675 84 23 arriving
2993 3677 20 16 in
3022 3676 99 23 Auckland
3138 3680 46 21 they
3201 3685 43 11 were

2813 3701 19 14 ly
2834 3695 73 19 formed
2916 3698 41 17 that
2969 3699 32 17 the
3014 3702 64 15 season
3096 3702 72 22 opened
3179 3709 23 11 on
3221 3704 22 14 Ist

2813 3718 113 20 November.
2951 3722 52 22 They
3011 3723 59 17 fished
3080 3730 25 16 up
3117 3727 20 14 to
3147 3725 31 17 the
3187 3726 33 17 3rd

2813 3740 43 18 thai
2865 3744 66 16 month
2949 3747 20 15 at
2985 3745 95 21 Okoroire,
3098 3747 36 18 but
3150 3754 25 11 on
3192 3749 52 17 beiie.'
3297 3740 2 26 1

2815 3764 37 17 told
2863 3766 84 19 that;'the
2956 3773 63 12 season
3029 3769 33 17 did
3070 3770 33 17 not
3120 3776 49 17 open
3179 3772 27 17 till
3216 3772 27 16 the
3274 3774 24 13 an

2816 3788 42 17 loth
2866 3789 46 23 they
2920 3790 59 17 fished
2987 3797 25 10 no
3026 3797 57 13 more.
3111 3794 85 17 Watkins
3205 3801 21 11 >n.
3240 3788 2 26 •
3273 3793 26 21 w

2813 3811 71 18 tourist
2891 3815 63 19 agent,
2964 3814 62 17 stated
3035 3816 41 16 that
3086 3816 23 17 he
3118 3817 40 17 told
3166 3818 77 17 PrCoJi-
3272 3819 27 20 Ta

2813 3834 53 23 nolly
2875 3837 20 15 at
2904 3836 31 16 the
2944 3836 78 23 railway
3030 3839 70 17 station
3116 3840 42 17 that
3167 3841 32 16 the
3208 3847 36 10 sen-
3272 3850 21 13 ln
3295 3834 4 29 ,

2814 3862 35 12 son
2865 3859 70 21 opeiiQl
2952 3866 24 10 on
2995 3861 43 17 loth
3046 3857 62 26 ,'Nov.
3134 3863 113 18 Defeudmr.s

2815 3885 48 12 were
2871 3882 51 17 fined
2930 3883 32 16 40s
2971 3883 45 17 each
3025 3885 38 16 and
3076 3887 56 16 costs.
3270 3900 7 9 ,

2837 3903 30 18 Sir
2876 3904 76 18 Patrick
2960 3906 38 17 and
3012 3907 54 22 Lady
3083 3908 85 22 Buckley
3177 3909 67 18 arrived

2814 3927 98 22 yeiterday
2928 3929 48 17 from
2993 3929 32 17 the
3043 3930 66 18 South.
3136 3932 30 17 Sir
3175 3932 69 17 Patriel;

2813 3950 89 20 proceeds
2912 3951 37 18 this
2958 3953 90 23 morning
3053 3955 19 15 to
3079 3955 25 16 Te
3113 3955 70 21 Aroha,
3193 3958 52 15 tore-

2813 3972 51 17 main
2874 3974 29 16 for
2912 3979 10 11 a
2931 3974 35 17 tVw
2976 3974 52 22 days.
3267 3972 32 22 Ko

2839 3996 120 21 Wellington,
2970 3998 44 16 This
3023 3999 42 22 day.
3086 4000 75 17 -Oez/ire
3170 4002 54 17 Perot
3227 4001 17 19 ti,
3264 4007 35 10 r—

2815 4024 23 11 an
2848 4019 69 17 Italian
2927 4019 105 21 fisherman,
3044 4028 38 11 was
3089 4024 84 17 arrested
3179 4029 65 14 vestei-
3286 4026 13 8 •'

2814 4041 37 23 day
2860 4043 104 19 afternoon,
2975 4050 23 11 on
3008 4051 10 10 a
3027 4045 70 22 charge
3106 4047 20 16 of
3135 4048 111 22 attempting
3265 4042 12 27 $

2813 4065 21 17 to
2851 4065 76 17 murder
2947 4068 80 17 another
3051 4068 108 19 fisherman,
3183 4070 71 19 named,

2815 4087 60 18 llusso
2882 4089 91 17 Gactano.

1099 2753 123 18 VISITORS'
1236 2753 62 17 LIST.

1119 2813 31 17 Git
1152 2817 40 13 and
1202 2813 76 16 Hotel.

1006 2841 80 23 Captain
1102 2842 86 21 Meryon,
1204 2841 72 17 H.M.s.
1294 2841 120 20 Katoomba;

983 2865 26 17 M(
1009 2870 42 12 ;ssrs
1064 2864 92 17 Marshall
1176 2864 37 17 and
1234 2864 68 20 Houle,
1323 2864 15 17 L
1347 2870 16 11 m
1371 2864 31 17 lon
1410 2864 4 20 ;

983 2888 66 19 Howe,
1058 2888 86 22 Sydney;
1166 2888 54 20 Rich,
1238 2887 90 17 Okoroire
1335 2887 4 23 ;
1354 2887 56 20 Roth,

983 2911 125 22 Wellington;
1124 2910 119 21 Warburton,
1261 2910 90 21 England
1359 2910 3 23 ;
1377 2910 36 20 Mr,

983 2934 40 17 Mrs
1031 2934 38 17 and
1077 2934 66 17 Misses
1152 2934 73 21 Logan,
1241 2933 106 18 Auckland.

1007 2989 82 17 Gkyseii
1098 2988 76 21 Hotel,
1185 2988 208 18 Whakarewarewa..

1007 3018 31 17 Mr
1044 3018 38 16 an.l
1087 3018 40 16 Mrs
1132 3017 161 23 Coghlan-White
1300 3016 103 23 anddaugh-

984 3042 33 18 tor,
1028 3041 114 22 Singapore;
1165 3040 69 17 Messrs
1252 3041 21 15 B.
1291 3040 122 20 Richardson,

985 3065 71 17 Raines,
1067 3063 120 20 Warburton,
1197 3063 96 19 Huddart,
1305 3063 110 19 Buchanan,

984 3087 37 17 aud
1030 3087 73 20 Elliott,
1114 3087 39 16 Mrs
1162 3086 38 17 and
1215 3085 48 18 Miss
1279 3086 94 17 Turnbull
1381 3086 39 17 and

985 3111 46 17 Miss
1040 3110 75 20 Wilkes,
1125 3110 89 21 England
1222 3115 5 15 ;
1241 3111 31 15 Mr
1279 3109 39 17 and
1326 3109 40 17 Mrs
1376 3109 32 18 Zio-

985 3133 45 22 gler,
1041 3133 66 17 Misses
1119 3133 108 20 McGeorgo
1239 3133 38 16 and
1290 3133 50 18 Kiss,
1352 3132 68 18 Messrs

985 3157 28 16 W.
1024 3156 22 17 O.
1056 3156 68 20 Smith,
1134 3156 54 20 Bell,.
1193 3155 93 23 Kennedy
1293 3155 38 17 and
1340 3154 78 22 Wilcox,

985 3180 47 17 New
1040 3179 63 21 York;
1117 3179 70 17 Messrs
1195 3178 39 17 and
1249 3178 106 17 Mesdames
1364 3178 53 21 Rcid,

986 3202 113 20 McDonald,
1112 3202 118 22 McKinstry,
1248 3202 107 20 McManus,
1374 3202 45 17 Miss

987 3225 68 20 Dillon,
1080 3225 32 17 Mr
1132 3225 91 22 Delaney,
1246 3225 111 19 Auckland;
1379 3225 41 17 Mrs

987 3248 105 22 Benjamin,
1102 3249 31 16 Mr
1141 3248 91 22 Monday,
1242 3248 86 22 Sydney;
1350 3248 70 17 Messrs

987 3271 81 17 Vereker
1085 3271 80 20 Bindon,
1183 3271 117 21 Wanganui;
1324 3271 25 18 S..
1360 3271 60 22 Percy

988 3295 66 19 Smith,
1064 3294 128 21 Wellington;
1206 3295 48 19 Hill,
1270 3294 82 17 Hawkes
1369 3295 50 20 Bay;

988 3318 57 22 Page,
1055 3317 71 17 H.M.s.
1137 3317 116 20 Katoomba;
1273 3317 86 22 Hughes,
1370 3317 41 16 Bris-

987 3341 48 16 bane
1042 3340 3 22 ;
1060 3341 31 16 Mr
1099 3340 37 17 and
1145 3340 40 17 Mrs
1199 3340 62 20 Kolin,
1277 3340 143 20 Christclmrcli;
1431 3340 2 22 j

988 3364 46 16 Miss
1044 3363 111 22 Callaghan,
1165 3363 96 17 Okoroire.

1056 3415 87 17 Brent's
1155 3415 113 17 Bathgate
1279 3415 77 17 House.

1013 3446 31 17 Mr
1052 3446 37 17 and
1094 3446 148 21 MrsMcCurdy,
1251 3446 26 16 Dr
1282 3446 80 18 Russell,
1373 3446 37 21 Syd-

990 3475 35 16 ney
1033 3469 4 22 ;
1051 3469 40 17 Mrs
1101 3469 24 16 11.
1135 3469 101 17 Johnston,
1250 3469 31 19 Mr
1289 3469 37 17 and
1335 3469 39 17 Mrs
1384 3469 26 17 Ab-

990 3493 38 19 bot,
1040 3494 38 15 Mrs
1092 3491 37 18 and
1145 3492 45 17 Miss
1207 3492 47 20 Hill,
1274 3492 36 17 Mrs
1326 3492 96 22 Lyndsay,

992 3516 36 16 Mrs
1037 3515 103 21 Campbell,
1152 3514 43 17 Miss
1204 3514 101 21 Johnston,
1314 3516 108 18 Auckland;

991 3538 30 16 Mr
1029 3538 38 16 and
1077 3538 37 16 Mrs
1122 3538 65 19 Thorn,
1203 3538 30 16 Ku
1240 3540 66 15 lOtunu
1314 3538 4 19 ;
1333 3538 37 17 Mrs
1387 3538 36 17 and

992 3561 43 17 Miss
1044 3561 85 19 Roberts,
1140 3561 116 21 Wanganui;
1272 3561 45 17 Rev.
1327 3561 29 16 Mr
1370 3561 40 17 War-

990 3582 52 24 boys,
1160 3584 37 17 Mrs
1214 3584 75 17 SamuiJl
1305 3583 66 18 Danks
1387 3584 37 17 and

991 3606 56 21 maid,
1058 3608 37 15 Mrs
1105 3606 112 21 Sanderson,
1232 3608 40 15 *.iss
1286 3607 86 21 Wigney,
1387 3607 37 16 and

993 3630 65 17 Messrs
1067 3629 50 17 John
1127 3630 65 16 Danks
1200 3629 38 17 and
1245 3630 18 16 J.
1271 3630 28 17 W.
1308 3630 58 17 Todd.
1374 3630 37 17 Wel-

992 3651 74 24 lington
1072 3651 4 24 ;
1091 3653 89 22 Cropper,
1190 3653 108 20 Goulburn;
1314 3653 25 17 11.
1355 3653 68 19 White,

992 3676 88 19 Havilali,
1091 3676 46 17 Now
1146 3676 59 17 Suuth
1214 3676 63 17 Wales
1284 3676 4 21 ;
1307 3676 106 21 Ilethering-

992 3699 33 16 ton
1042 3698 32 23 (2),
1092 3699 25 16 To
1133 3698 64 21 Puke;
1220 3698 64 21 Gibbs,
1304 3698 119 21 Melbourne;

993 3721 81 22 Reaney,
1084 3721 102 21 Paliiatua;
1201 3721 46 17 Rev.
1257 3721 70 17 Father
1334 3722 78 21 O'Doug-

992 3744 60 22 herty,
1068 3744 108 17 Melbourne
1185 3744 2 22 :
1209 3744 102 17 Mesdames
1327 3745 44 16 Bolt
1388 3744 37 17 and

993 3766 76 23 Spence,
1076 3767 119 18 Queensland
1202 3766 3 23 ;
1223 3768 69 16 Mrand
1299 3767 36 17 Mrs
1342 3767 82 21 Walton,

993 3786 120 26 Whangarei.

1127 3842 43 16 The
1182 3841 111 18 Langham.

1016 3871 64 22 Judge
1087 3872 77 20 Wilson,
1176 3872 27 16 Dr
1211 3872 38 17 and
1258 3872 38 17 Mrs
1305 3872 77 21 Kinder,
1397 3873 30 17 Mr

993 3894 35 18 and
1041 3895 36 17 Mrs
1086 3895 72 17 Waters
1166 3895 38 16 and
1213 3895 29 17 Mr
1250 3895 105 21 Patterson,
1364 3896 49 17 Auck-

993 3917 54 19 land;
1062 3917 45 18 Miss
1115 3913 54 24 Yule,
1177 3917 109 20 .Southland
1293 3913 3 25 ;
1321 3919 65 17 Messrs
1402 3920 23 16 A.

993 3940 88 20 McLean,
1091 3940 85 22 Taup.iri;
1198 3941 110 21 Jenkinson,
1324 3942 100 19 Gisbornu;

993 3962 97 21 Sheridan,
1100 3964 127 22 Wellington;
1241 3964 107 20 Tarawliiti,
1361 3965 65 17 Hunt-

981 3983 2 29 I
993 3985 30 23 ley
1032 3983 4 29 ;
1051 3986 87 21 Flowers,
1148 3987 110 22 Tauranga;
1273 3987 68 21 Cottle,
1349 3983 76 27 Napier.

1126 4041 84 19 MoicOLv
1222 4043 65 17 View.

1017 4072 67 18 Messrs
1093 4072 22 18 0.
1124 4074 70 21 Bryan,
1204 4074 28 17 W.
1240 4074 44 17 Pari
1284 4072 4 25 -
1289 4072 4 25 ,
1303 4074 122 23 Canterbury;

995 4095 80 23 Goggin,
1087 4096 123 22 Queensland;
1222 4097 112 20 Matlierson,
1341 4097 84 21 Thames;

994 4118 86 20 Ilennen,
1086 4119 115 21 Melbourne;
1211 4119 94 20 Marshall,
1312 4120 113 20 Hammond,

995 4142 63 21 Perry,
1068 4140 38 18 and
1117 4142 41 17 Miss
1167 4142 77 21 Martin,
1252 4142 105 17 Auckland.

1217 63 59 25 T'Effe
1303 69 56 20 HOT
1386 68 92 20 LAKES
1507 67 174 27 CHRONICLE,
1709 65 192 28 WEDNESDAY,
1930 70 155 20 DECEMBER
2112 73 19 22 4,
2150 71 47 19 1895

558 148 41 41 W.
619 147 31 39 H,
674 146 24 40 &
721 146 32 40 H.
771 144 29 41 G.
823 142 109 52 Wright,

605 200 138 21 SURGEON
753 198 144 21 DENTISTS.
960 190 4 31 i

582 254 117 25 (Successor
710 255 21 18 to
782 253 20 18 L.
813 249 102 25 Wright),
964 242 4 37 1

573 307 76 25 Notify
659 307 46 19 that
731 306 47 24 they
792 311 34 12 are
845 299 127 28 continuing]

534 335 33 19 the
583 334 98 19 Business
703 334 21 17 at
734 333 34 18 the
784 330 103 21 Premises,
896 329 37 23 top
945 327 21 18 of

534 360 190 21 Shortlaud-street.
742 358 42 19 The
794 355 108 26 high-class
912 352 53 20 work

535 388 21 19 of
567 387 36 19 the
612 387 42 19 late
664 387 34 18 Mr
709 386 25 19 A.
744 385 23 19 L.
778 382 85 25 Wright
882 380 41 19 will
943 379 24 19 be

535 413 88 20 adhered
633 414 28 23 to,
670 412 37 19 and
718 417 39 18 any
767 409 38 19 left
816 406 115 22 unfinished
940 405 25 24 by

536 441 45 19 that
593 440 113 26 gentleman
718 437 40 19 will
776 436 24 19 he
817 432 112 27 completed
941 431 24 25 by

630 466 34 19 the
673 471 43 13 new
727 459 147 28 management.

537 493 115 25 Telephone
662 491 44 20 657.

586 536 164 35 Rotopua
764 531 163 41 Library.

539 602 114 48 OPEN
668 600 52 20 from
732 600 25 19 10
769 605 44 13 a.m.
823 599 21 18 to
854 598 12 18 5
873 602 47 20 p.m.
931 594 38 20 and

600 630 22 19 G.
622 630 23 19 30
654 630 20 17 to
684 628 24 18 10
717 633 45 19 p.m.
774 624 94 24 Sundays
876 622 32 20 till
917 623 52 24 9p.m

541 659 191 22 Subscription:
741 658 52 17 SOs
805 660 49 18 per
868 658 100 14 annum

565 692 88 19 Visitors
673 696 43 17 may
736 694 83 20 procure
835 685 68 20 Books
918 684 51 20 from

541 719 33 19 the
591 718 86 23 Library
695 722 23 13 on
737 715 81 24 making
836 720 11 12 a
861 711 80 25 deposit
951 711 20 18 o!i

541 746 37 18 not
593 744 39 19 less
651 743 48 19 than
717 743 28 20 ss.
764 741 39 19 and
819 738 121 27 purchasing
950 738 18 19 li

541 778 80 17 coupon
631 770 32 19 for
673 775 60 18 every
744 768 55 19 Four
809 765 70 21 books.

567 797 42 19 The
628 797 86 23 Library
732 795 18 19 is
773 800 51 19 open
848 792 72 24 during
939 790 29 19 th(

541 823 91 25 evening.

527 853 430 53 yNITEDINSURANCrCOY.,

675 906 127 19 LIMITED.

586 959 152 27 CAPITAL,
753 958 144 29 £500,000.

527 1011 91 47 FIRE
626 1011 53 19 risks
687 1011 21 19 of
715 1011 27 19 all
751 1011 73 19 classes
830 1011 128 19 undertaken

594 1040 22 16 at
626 1037 69 19 lowest
704 1040 80 16 current
794 1040 59 16 rates.

526 1072 75 20 Claims
610 1072 72 19 settled
691 1072 102 26 promptly
803 1072 41 19 and
857 1072 100 24 liberally.

535 1121 48 17 Now
591 1121 84 17 Zealand
685 1121 54 17 Head
748 1121 63 20 Office,
821 1121 124 22 Wellington.

558 1148 91 18 Resident
658 1149 46 20 Sec.,
713 1148 67 18 James
789 1148 18 18 S.
820 1148 100 18 Jameson-.

652 1177 98 20 Auckland
759 1177 73 22 Agent:

585 1205 22 17 A.
621 1205 108 20 Heather,
739 1205 76 17 Custom
825 1204 68 18 Street.

659 1237 83 17 Rotovuu
752 1237 72 22 Agent:

569 1265 21 17 F.
604 1266 22 16 F.
636 1266 66 20 Watt,
716 1265 117 18 Chronicle
844 1265 63 17 Office.

585 1309 112 46 FOR
734 1309 162 44 SALE.

527 1445 9 15 r
540 1445 9 16 1
602 1444 36 19 AR
640 1444 18 19 A
663 1444 95 20 HOUSE
764 1444 112 19 BLOCKS.
882 1444 30 19 Sti
917 1444 42 19 ain-

531 1465 26 22 JL
591 1477 32 12 ers
624 1488 6 8 t
642 1470 40 19 and
692 1470 136 19 Government
838 1470 40 19 size
892 1470 65 23 Posts,

526 1496 20 19 in
557 1503 40 17 any
607 1496 101 25 quantity,
720 1496 101 19 delivered
832 1498 20 16 to
863 1503 39 17 any
913 1500 46 21 part

524 1523 21 18 of
555 1523 34 18 the
604 1522 175 26 listrict.—Apply
793 1525 21 16 at
825 1522 34 19 the
872 1523 87 18 Auction
969 1522 1 26 i

526 1548 50 19 Man

708 1574 19 19 J.
746 1574 27 18 11.
787 1574 118 19 TAYLOR.

617 1623 27 22 M
658 1623 24 22 A
699 1623 16 23 S
731 1623 15 23 S
762 1623 23 21 A
800 1622 23 23 G
835 1622 27 22 E.

531 1689 43 27 LYJL
600 1697 21 16 it
622 1701 79 14 asseuse,
711 1694 82 23 recently
807 1695 49 17 from
869 1694 87 21 London,

524 1721 15 17 is
552 1719 92 23 prepared
657 1721 20 15 to
690 1718 65 17 attend
771 1718 83 22 patients
871 1724 23 10 on
912 1723 46 17 very

524 1743 95 18 moderate
628 1743 63 16 terms.

548 1766 35 17 She
592 1766 34 17 has
635 1765 38 18 had
681 1770 57 17 many
745 1764 59 23 years'
814 1764 111 23 experience
938 1764 21 17 in

524 1790 32 16 the
572 1790 108 19 treatment,
697 1788 38 17 and
755 1788 14 16 is
786 1787 117 22 thoroughly
926 1793 21 11 ac-

524 1812 90 23 quainted
623 1812 45 17 with
678 1812 32 16 the
718 1811 73 22 System
802 1811 19 16 of
831 1811 27 16 Dr
873 1811 19 16 S.
907 1810 52 17 Weir

524 1835 92 20 Mitchell,
626 1835 21 18 of
654 1834 136 22 Philadelphia,
801 1834 30 17 for
840 1833 32 19 the
880 1839 44 11 cure
938 1834 21 16 of

525 1858 79 18 General
613 1858 90 22 Debility,
710 1858 134 19 Nervousness,
853 1856 104 21 Insomnia,

524 1881 111 23 Dyspepsia,
645 1882 39 19 &c.,
694 1882 32 16 <!te.

548 1908 88 21 Address,
647 1909 14 17 C
670 1915 10 11 o

618 1932 94 23 Bathgate
725 1931 70 21 House,

617 1955 98 17 Tarawera
727 1955 71 20 House,

578 1984 21 11 or
612 1978 45 17 Hot
665 1978 69 17 Lakes
743 1978 116 17 Ghuoxici.h
870 1976 63 18 Offioe.

678 2222 56 19 ASK
750 2221 54 19 FOR

528 2273 429 46 HANCOCKS'

649 2345 183 21 CELEBRATED

707 2399 84 30 xxxx

637 2458 40 42 A
693 2457 39 43 L
746 2456 39 43 E
804 2456 43 52 S,

658 2523 57 12 MADE
723 2522 55 14 FROM
787 2522 41 13 THE

528 2555 114 31 FINEST
670 2555 87 30 MALT
779 2554 63 31 AND
860 2554 97 36 HOPS,

723 2605 41 13 AND

564 2637 54 14 FREE
631 2637 55 13 FROM
698 2637 39 13 ALL
750 2636 128 14 ANTISEPTICS
891 2637 25 13 Oil

633 2669 138 14 DELETERIOUS
790 2669 64 13 ACIDS.

528 2731 140 32 CAPTAIN
691 2731 82 32 COOK
791 2731 168 38 BREWERY,

633 2775 192 19 NEWMARKET.

528 2824 229 41 HINEMOA
787 2824 170 41 STORE.

527 2893 165 22 TVriLLIAM
715 2893 107 19 ROGERS
838 2893 74 19 directs
929 2896 21 16 at-

544 2920 9 15 ▼
564 2925 7 11 t
606 2920 77 20 tention
693 2921 20 17 to
722 2920 33 18 the
765 2919 105 23 following
877 2919 51 20 lines
940 2920 21 18 of

530 3004 99 25 Bycroft's
639 3005 111 19 Snowdrift
759 3005 52 19 N.Z-
819 3005 63 19 Flour

529 3030 101 25 Sultanas,
642 3031 99 19 Muscatel
750 3031 39 19 and
798 3031 97 19 Valencia
911 3031 38 19 Rai-

581 3057 47 20 sins,
640 3057 41 19 and
689 3057 97 19 Currants

530 3083 48 24 Figs
586 3083 40 18 and
637 3083 110 19 Preserved
757 3083 83 25 Ginger,
852 3083 71 26 Spices

531 3108 75 19 Lemon
616 3109 40 18 and
666 3109 81 24 Orange
758 3109 49 19 Peel

585 3134 70 19 White
665 3135 66 23 Sugor
738 3135 39 18 —A
793 3135 117 23 Speciality.

533 3160 49 20 New
593 3160 91 18 Zealand
691 3160 62 25 Dairy
761 3161 144 19 Association's
912 3161 52 19 But-

557 3211 61 19 TEA.
677 3211 111 23 COFFEE,
843 3212 93 20 COCOA.

533 3260 86 19 General
633 3261 125 18 Assortment-
775 3262 20 17 of
813 3261 152 25 Storekeeper's

710 3287 73 19 Goods.

593 3325 310 55 hinemoTstore.

547 3408 2 19 .
571 3408 3 19 :
600 3408 4 19 .
623 3408 4 19 t
661 3408 174 19 NOTICE.

549 3460 15 44 I
564 3458 52 20 "'HE
627 3460 168 19 FOLLOWING
803 3460 74 24 Goods,
887 3461 79 24 freight

603 3485 47 25 paid
660 3490 20 14 to
693 3486 89 21 Rotorua
791 3493 34 12 :

536 3517 80 19 Double
648 3518 6 8 r
655 3518 63 26 oocJen
729 3518 106 23 Bedstead,
852 3519 35 17 2'2s

624 3542 49 19 Iron
685 3542 4 25 ;
769 3558 12 9 ~
852 3545 36 17 40s

576 3582 12 10 ~
596 3568 168 20 Brass-mounted
771 3584 12 8 „
799 3571 41 21 48s,
853 3572 41 20 GBs,
906 3571 35 17 80s

537 3594 50 19 Best
596 3594 74 19 double
678 3595 183 23 .\vrre.Mattresses,
873 3596 35 17 2:5s

598 3634 13 10 „
674 3620 41 20 flax
760 3634 31 10 ■,,
873 3622 37 17 21s

675 3646 75 26 Kfipctk
760 3645 89 21 Bed'4os

642 3672 55 20 Cash
715 3678 54 13 witji
783 3672 80 20 Order.

564 3698 174 25 Pnporhangings,
750 3706 12 11 a
771 3698 134 25 large-jstoek,.
922 3705 48 18 very

537 3723 70 25 cheap,
637 3722 52 21 Sehd
699 3724 32 19 for
739 3726 98 23 patterns.

555 3758 42 31 T«
621 3758 331 37 WrMAUNDKH,

649 3799 129 18 HAMIL
787 3799 41 19 TO
839 3799 26 18 N.
892 3799 2 19 ■

565 3849 152 20 FIREWOOD
727 3849 4 20 !
779 3849 165 20 FIREWOOD!

636 3902 74 18 RATA
722 3907 42 14 AND
779 3901 90 21 TAWA.
879 3901 4 24 ,

541 3932 106 19 Delivered
666 3933 28 25 by
711 3933 85 20 Klisabs
816 3933 57 20 Bros,
891 3935 21 18 to
932 3940 39 18 any

542 3960 44 21 part
598 3959 20 18 of
630 3959 34 18 the
675 3959 98 25 township
783 3961 20 16 at

612 3984 84 19 Lowest
709 3984 98 19 Current
820 3981 78 23 Rates'

567 4008 73 19 Orders
652 4010 91 19 received
755 4013 20 16 at
786 4010 33 19 the
830 4011 66 24 yards,
906 4011 55 19 Ilinc-

543 4040 43 12 moa
595 4035 73 19 Street.
677 4046 15 7 >■<
801 4049 32 8 ...

543 4080 96 42 NOTE
658 4087 62 19 paper
739 4083 40 18 and
795 4083 113 25 Envelopes
926 4083 46 19 with

622 4106 79 24 printed
715 4108 89 26 heading
815 4111 21 17 at
845 4109 65 25 cheap
918 4111 54 17 rates

543 4134 20 16 at
572 4131 106 19 Chroniclo
692 4133 63 17 office.

129 172 159 53 Steele
326 170 138 51 Bros.

86 259 193 44 MARAEROA
341 254 169 43 SAWMILL.

84 320 135 50 DESIRE
228 322 21 17 to
259 318 63 20 thank
342 316 34 19 the
395 313 67 27 public
481 313 32 18 for

164 350 46 23 paßt
218 347 68 18 favor-s
294 343 37 20 and
340 343 36 23 beg
384 345 19 15 to
410 344 103 16 announce

85 375 45 20 that
147 374 74 24 having
240 379 11 12 a
274 371 55 24 large
347 367 57 20 stock
423 366 21 19 of
462 365 41 19 weli-

83 401 100 20 •Beasoned
205 398 104 20 firßt-class
328 395 73 19 timber
419 398 24 14 on
462 393 54 17 band

88 427 49 27 they
148 434 33 12 aro
191 423 96 28 prepared
307 427 20 14 to
343 420 54 20 fulfil
414 419 69 19 orders
494 420 21 16 at

90 453 85 22 reduced
186 454 58 17 rates.

87 513 40 47 fjp
457 504 60 23 B.A.,

102 568 160 23 BABHISTER
277 566 60 20 AND
349 562 157 24 SOLICITOB,

102 604 44 22 118,
158 602 109 19 Victoria
278 600 93 20 Apcade,
383 597 125 19 Auckland.

278 634 57 18 Also

93 667 100 20 Barrister
204 666 38 19 and
254 664 92 20 Solicitor
356 662 23 20 of
385 664 34 18 tbe
426 662 96 25 Supreme

169 693 70 23 Court,
251 690 93 24 Ontario,
355 689 87 19 Canada.

97 758 272 51 PHOENIX
392 756 131 47 FIRE

195 814 222 40 OFFICE.

74 972 100 38 UNION
187 969 137 17 STEAMSHIP
339 965 115 19 COMPANY
473 965 30 16 OF

156 992 57 16 NEW
224 989 114 18 ZEALAND
347 988 80 17 Limited.

134 1026 123 18 J'ROPOSED

205 1057 49 16 i'Olt
265 1055 100 16 SYDNEY.

70 1091 119 18 Tarawera,
327 1085 44 18 Doc.
382 1085 44 20 11,5
432 1089 45 17 p.m.

146 1131 49 15 FOR
205 1129 44 16 auU
255 1128 80 16 I'HEkN
348 1127 77 16 I'URIS.

70 1168 97 15 Takapuna
174 1171 52 15 every
235 1164 76 21 Monday

70 1189 110 15 MabinapuA
187 1192 51 15 every
246 1186 91 19 Thursday

69 1211 123 19 Australia,
199 1207 124 23 Wednesday,
330 1207 45 17 Doc.
386 1206 27 20 11,
424 1206 10 16 5
443 1211 46 16 p.m.

70 1234 53 20 Moa,
132 1232 125 22 Wednesday,
266 1230 103 18 December
376 1230 18 20 4,
408 1234 62 17 op.m.

133 1276 81 16 Reduced
222 1275 45 16 fares
275 1279 28 10 are
311 1279 38 10 now
358 1273 17 15 in
383 1272 52 15 force.

70 1298 90 17 Auckland
167 1297 68 16 Brunch
287 1296 105 16 P.ilinerston
403 1292 96 20 Buildings.

229 1345 85 28 jSJa.Siix

75 1429 13 30 j
98 1436 17 14 T
120 1433 111 20 UDDART,
257 1430 110 19 PARKER,
389 1428 53 18 AND
463 1426 38 18 CO.

103 1453 3 26 ;
233 1453 108 26 (limited),

145 1503 60 18 NEW
217 1501 85 19 STEAM
315 1498 109 20 SERVICE

71 1536 126 29 Bringing
208 1535 60 22 Low
276 1533 79 23 Fares
365 1532 55 21 into
433 1531 68 21 force

91 1581 96 27 Splendid,
196 1581 162 24 Well-appointed
363 1581 94 17 Steamers
463 1578 39 17 will

68 1609 22 17 ltd
99 1607 113 23 despatched
221 1607 48 17 from
279 1607 118 17 Auckland,
407 1609 20 11 as
443 1602 60 17 under

68 1632 90 23 (weather
174 1631 38 17 and
230 1630 54 18 other
301 1628 141 18 circumstances
458 1630 43 17 per-

68 1679 41 17 For
115 1677 135 18 GISBORNE,
257 1675 104 19 NAPIER,
369 1672 116 18 WELLING-

90 1701 56 20 TON,
157 1698 158 19 LYTTELTON,
325 1698 16 17 &
349 1695 128 20 DUNEDIN,

68 1726 14 17 T
88 1729 86 14 ysmania
221 1723 102 18 Tuesday,
334 1721 45 16 Dec.
394 1720 16 20 3,
421 1724 55 12 noon.

68 1750 99 18 Anglian,
177 1748 101 18 Tuesday,
290 1745 45 16 Dec.
346 1744 57 20 17,10
409 1747 56 12 noon.

196 1793 50 17 FOR
261 1790 111 19 SYDNEY,

114 1816 115 24 (Returning
241 1816 20 16 to
269 1813 100 19 Auckland
376 1811 80 22 Direct.)

68 1839 92 24 Carrying
179 1840 115 21 Passengers
313 1837 30 17 for
365 1836 134 18 Meldourne,

78 1865 54 17 other
136 1864 132 16 Australian
275 1861 72 19 Ports,
353 1858 39 19 and
396 1858 91 19 Hobaut,

68 1893 92 16 Anglian
165 1891 106 18 ..Friday,
285 1889 44 16 Dee.
337 1889 16 18 6,
366 1887 10 16 3
384 1892 47 16 p.m.

68 1915 105 18 Tasmania
220 1913 98 19 Monday,
334 1911 44 16 Dec.
394 1910 25 19 10,
433 1910 7 15 1
454 1914 46 17 p.m.

90 1942 78 22 Freight
177 1940 37 18 and
222 1941 93 21 Passages
327 1940 19 15 at
359 1938 79 16 LOWEST
451 1940 36 12 CUR-

68 1970 52 13 hkxt
132 1968 70 14 rates.

90 1987 72 19 Return
170 1987 74 17 Tickets
251 1985 91 18 available
348 1985 29 16 for
383 1983 29 17 six
417 1982 82 17 months.

167 2017 22 17 L.
203 2016 24 17 D.
236 2014 108 18 NATHAN
357 2013 15 17 &
385 2011 45 20 CO.,

398 2035 79 22 Agents.

321 2075 68 18 COOK
414 2075 14 16 &
452 2074 49 17 SON

243 2128 53 13 1100K
308 2125 97 15 PASSAGES
417 2125 43 13 AND

76 2150 34 14 r~—
117 2150 229 14 *-SECURE
358 2148 78 13 I3ERTIIS

203 2166 3 22 ■
230 2171 32 17 AT
275 2168 103 19 LOWEST
390 2166 81 18 RATES

68 2202 26 14 UV
105 2202 17 13 j>.
132 2197 16 17 &
158 2201 17 13 o.
186 2200 35 16 CO.,
232 2197 74 14 ORIENT
315 2196 35 16 CO.,
360 2194 73 14 DIRECT
441 2194 59 13 LINES

160 2222 90 16 OCEANIC,
265 2218 142 16 MESSAGERIES,

168 2246 27 18 Or
201 2248 36 20 aiiy
246 2245 37 17 line
292 2249 21 12 as
322 2242 78 18 desired.

91 2294 86 22 Enquiry
185 2291 77 19 invited.
278 2289 125 18 Information
412 2288 65 22 gratis.

71 2336 92 24 intending
169 2342 100 18 pasSenajers
283 2336 60 16 should
358 2334 53 21 apply
425 2334 27 16 for
469 2338 31 10 our

90 2362 34 15 free
132 2361 29 16 list
170 2361 18 15 of
195 2362 73 14 steamer
281 2358 71 20 soilings
363 2356 35 15 and
406 2356 45 15 fares
462 2357 17 14 at

115 2383 89 22 COOK'S
215 2384 126 19 SHIPPING
353 2382 99 21 OFFICE,

144 2416 21 18 76
174 2420 41 13 and
225 2415 22 17 78
260 2414 163 19 Queen-street.

90 2443 131 17 N.B.—Drafts
229 2442 32 16 and
271 2441 77 17 Circular
356 2440 55 16 Notes
418 2438 57 17 issued
484 2439 18 14 at

71 2467 52 15 (..west
131 2467 69 14 current
207 2467 52 12 rates.

73 2510 290 49 Ehrenfried
379 2509 122 45 Bros

213 2566 144 24 BREWERS,

150 2599 109 21 ALBERT
275 2597 148 24 BREWERY,

95 2631 216 24 QUKEN-STREET,
325 2629 157 21 AUCKLAND

94 2686 66 17 WINE
173 2684 49 16 AND
235 2683 80 17 SPIRIT
325 2680 156 20 MERCHANTS,

116 2712 121 17 BOTTLERS
250 2711 50 16 AND
317 2708 142 20 IMPORTERS,

158 2735 27 19 43,
200 2736 131 14 QUEEN-STREET
347 2734 69 13 WHAHF.

165 2785 50 12 FRIZK
227 2783 59 13 MEDAL
297 2783 35 11 AND
343 2782 71 12 AWARDS

75 2809 24 15 At
108 2808 27 16 the
149 2807 89 19 following
254 2804 112 17 Exhibitions
381 2804 26 14 for
417 2808 31 10 our
456 2802 38 16 well-

169 2829 62 15 known
243 2827 46 16 Bulk
297 2826 33 16 and
340 2825 67 16 Buttled

188 2849 47 16 ALE
247 2848 50 15 AND
308 2846 85 19 STOUT:

75 2878 68 20 Sydney
151 2876 125 16 International
284 2874 107 17 Exhibition,
403 2873 47 16 1579.

75 2899 100 16 Melbourne
184 2896 126 17 International
316 2894 108 18 Exhibition,
434 2893 68 22 1880-81

75 2918 42 18 New
124 2919 74 16 Zealand
207 2917 92 17 Industrial
304 2916 106 19 Exhibition,
416 2914 77 21 Welling-

118 2944 35 15 ton,
165 2941 46 15 1885.

77 2963 41 16 New
137 2961 74 17 Zealand
226 2960 33 16 and
273 2960 53 15 South
339 2959 40 16 Seas
396 2957 107 16 Exhibition.

118 2983 86 16 Dunedin.
215 2982 79 15 188&-90.

76 3006 20 16 In
105 3004 76 16 addition
189 3005 18 15 to
217 3003 52 15 above
278 3003 43 15 have
338 3002 41 15 been
395 2999 79 16 awarded
489 3000 17 14 at

117 3025 105 16 Tasmanian
253 3023 108 19 Exhibition,
388 3022 15 15 L
410 3023 94 16 mnceston,

120 3048 79 15 1891-92.

161 3071 57 17 FIVE
229 3070 70 17 FIRST
316 3069 105 17 AWARDS

276 3097 32 11 FOR

85 3114 67 18 BULK
163 3113 110 18 BOTTLED
287 3110 42 22 ALE
343 3110 14 22 3
371 3110 43 22 AND
434 3110 74 16 STOUT

269 3134 47 17 Also,

165 3155 249 34 CHAMPIONSHIP

106 3195 64 23 Gold
183 3194 86 23 Medal
279 3193 27 22 of
317 3190 166 24 Australasia

185 3228 72 13 AGAINST
268 3227 97 12 ALLCOMERS
375 3227 32 11 FOI!

80 3253 88 23 BULK
182 3251 69 23 AND
271 3249 143 23 BOTTLED
430 3248 67 23 ALE

171 3304 73 19 Having
252 3308 9 10 a
271 3302 56 20 Large
335 3300 52 17 Stock
396 3300 17 16 of

193 3328 48 17 ALE
253 3328 50 16 AND
316 3326 80 19 STOUT,

82 3353 53 19 {.iottle
141 3356 7 15 1
156 3355 16 15 in
181 3357 51 18 quart
241 3354 34 15 and
290 3354 38 19 pint
342 3352 68 18 bjttlei,
427 3351 82 20 specially

81 3377 65 16 brewed
154 3377 27 15 for
189 3376 28 15 the
226 3378 73 13 summer
308 3374 54 18 trade,
373 3372 55 17 which
436 3377 28 10 are
472 3377 39 10 now

81 3398 102 19 thoroughly
192 3396 83 19 matured,
289 3401 31 10 can
334 3394 42 16 with
391 3399 50 14 every
456 3393 63 18 coufi-.

80 3420 50 14 deuce
141 3417 107 17 recommend
262 3422 47 10 same
324 3418 17 13 to
356 3419 119 12 connoisseurs
492 3419 17 10 as

81 3440 60 15 second
149 3441 18 14 to
175 3444 44 11 none
228 3439 17 14 in
255 3438 29 15 the
292 3437 71 20 Colony.

170 3490 247 46 NOTICE.

87 3616 195 32 FRANKTQN
307 3613 206 33 JUNCTION

250 3657 112 31 HOTEL

92 3714 198 47 PASSENGERS
304 3714 26 24 by
346 3713 53 20 train
414 3715 24 17 to-
449 3712 64 20 Auck'

276 3740 54 18 laud.

84 3837 72 21 Trains
179 3837 44 22 stop
244 3836 75 21 twenty
337 3833 86 19 minutes
442 3834 21 18 at
482 3832 34 19 the

130 3860 108 21 Erduktou
248 3859 94 19 Junction
353 3859 31 18 for
395 3859 75 18 dinner.

111 3889 44 18 Tho
177 3884 138 25 undersigned
342 3884 37 18 has
410 3884 107 18 iirst-elnss

87 3914 64 20 Meals
163 3912 63 25 ready
236 3911 40 19 and
287 3909 70 20 served
367 3916 25 11 on
407 3909 71 19 arrival
497 3910 21 18 of

86 3942 27 18 all
123 3940 71 19 trains.

88 3987 216 48 William
318 3983 197 53 Geateh,

142 4050 320 28 proprietor.

89 4114 147 25 Hancock's
245 4112 97 23 XXXX
349 4111 62 22 Ales
420 4109 99 29 always

220 4147 32 15 on
263 4138 126 28 Draught.

983 1068 43 41 TO
1041 1068 26 41 &
1082 1068 94 42 FROM
1196 1068 70 40 THE
1294 1067 119 41 BATHS,

1054 1192 78 19 BIRSS
1148 1199 49 12 runs
1216 1199 12 12 a
1246 1194 113 23 wngonetto
1380 1192 35 18 be-

1004 1221 31 18 J»
1065 1222 64 15 tween
1144 1219 34 18 the
1196 1219 39 19 Old
1251 1218 108 25 Township
1376 1218 39 19 and

981 1246 34 18 the
1025 1245 66 19 Butlis
1100 1245 125 25 throughout
1236 1245 33 18 the
1280 1245 46 24 (lay.

982 1308 48 18 Also
1051 1307 198 23 Whakarewarewa,
1275 1306 73 19 Sodom
1375 1306 39 18 and

1016 1333 112 19 Gomorrah
1138 1333 39 19 and
1189 1333 58 18 other
1256 1332 67 25 sights
1331 1339 49 12 near

1144 1360 34 18 the
1188 1362 62 16 town.

1080 1425 79 23 Fares
1174 1426 139 22 Moderate.

1095 1474 78 19 BAND
1189 1474 109 19 NOTICE.

983 1526 9 13 r
996 1527 17 28 |'
1013 1526 5 14 ,
1023 1527 38 18 ITE
1071 1527 91 19 Rotorua
1172 1527 98 18 Amateur
1281 1526 61 18 Brass
1357 1525 57 19 Band

989 1546 22 23 J-
1047 1553 42 18 will
1099 1553 46 25 play
1162 1558 25 13 on
1206 1552 35 19 the
1260 1552 94 19 Pukeroa
1374 1551 27 19 Re-

981 1586 56 12 serve
1047 1581 112 16 to.morrow
1174 1578 127 26 (Thursday)
1321 1578 91 24 evening,

981 1608 21 16 at
1027 1607 43 16 7.:50
1094 1604 82 20 o'clock.
1216 1604 130 20 Subscribers
1374 1604 40 18 and

983 1631 77 19 friends
1070 1633 20 16 to
1103 1631 34 18 the
1154 1631 59 18 Band
1231 1636 33 13 are
1284 1630 130 25 respectfully

981 1657 83 20 invited,

1121 1683 90 20 JAMES
1224 1682 110 23 MUNRO,

1247 1708 140 20 Bandmaster.

1117 1758 150 23 TENDERS

982 1811 151 20 SPENDERS
1147 1818 33 12 are
1194 1811 95 25 required
1305 1811 32 17 for
1355 1816 59 13 seven

988 1832 21 22 J-
1047 1839 75 22 chains,
1141 1844 54 13 more
1215 1844 23 12 or
1254 1838 46 21 less,
1321 1838 20 17 of
1362 1836 52 18 close

981 1865 87 20 boarded
1080 1866 56 17 fence
1147 1865 29 18 6ft
1187 1865 57 24 high.

1007 1892 40 18 For
1057 1891 79 19 further
1147 1891 119 24 particulars
1279 1890 62 25 applv

1033 1917 21 19 C.
1070 1917 130 19 HAWKER
1216 1910 117 29 WILSON',

1217 1943 43 18 The
1273 1942 113 25 Langham.

1021 2428 131 21 ROTORUA
1166 2427 110 20 JOCKEY
1293 2426 80 20 CLUB.

997 2482 13 21 .4
1038 2480 129 20 MEETING
1177 2481 22 18 of
1208 2480 34 19 the
1253 2479 120 19 Committee
1394 2480 20 18 of

1053 2510 34 16 the
1101 2507 90 19 Rotorua
1207 2506 77 24 Jockey
1301 2505 52 19 Club
1373 2506 40 18 will

982 2535 25 18 bo
1017 2534 47 19 held
1083 2536 21 16 at
1121 2533 57 19 Lake
1195 2533 77 21 House,
1294 2538 26 12 on
1339 2531 75 26 Friday

982 2562 53 22 next,
1049 2559 112 20 December
1169 2560 19 22 (5,
1198 2561 20 17 at
1230 2560 9 17 8
1251 2559 47 24 p.in.

1008 2588 18 17 A
1040 2586 39 19 full
1096 2585 119 19 attendance
1233 2585 18 18 is
1266 2584 107 24 requested
1392 2591 22 12 as

982 2613 93 19 business
1091 2612 21 18 of
1126 2612 125 24 importance
1266 2610 41 18 will
1328 2611 25 18 be
1373 2610 31 19 dis-

983 2638 75 20 cussed.

1094 2664 23 18 T.
1132 2663 22 20 C.
1167 2663 168 23 URQUIIART,

1281 2689 55 19 Hon.
1347 2689 43 19 Sec.

1025 4229 98 40 Ask
1149 4232 72 38 for
1250 4233 259 40 Hancock's
1544 4236 241 41 Celebrate
1795 4240 21 37 i
1871 4239 188 41 XXXX
2086 4242 113 41 Ales
2226 4245 93 37 and
2345 4243 148 40 Stout.

2814 4117 433 63 sfdasfa
