3320 4340
54 162 36 35 IN
100 155 144 44 ANCIENT
255 154 107 41 MAORI
374 154 102 41 LAND.

21 272 23 17 1-1
52 275 65 20 2J6TES
136 273 110 15 COLLECTED
263 272 55 13 FROM
330 272 46 13 -THE
393 272 73 13 PE6CEN-

21 286 60 32 !.£BS
83 300 24 13 ja;
108 299 28 12 „'ts
144 297 23 13 of
175 296 41 13 the
230 295 125 14 aboriginal
366 295 74 13 I'Eople
456 295 22 12 of

21 308 92 26 iiHßh-iTE
120 317 122 17 Rangitaiki
245 314 84 17 Valley
331 318 43 13 and
380 314 86 17 thelTre-

23 331 64 31 „B|!§tt
94 345 35 12 KKA
138 339 101 18 Country,
249 341 42 12 and
300 341 53 12 from
361 341 40 12 the
407 336 71 17 Mata-

30 362 15 49 I
58 362 4 49 .
161 395 31 16 By
200 393 102 17 ELSDON
315 393 68 17 BEST.

21 462 6 27 ii
39 464 90 25 HOhvn
137 465 25 17 bv
170 463 91 17 members
270 463 20 15 of
298 462 32 16 the
337 462 139 21 Ngati-Mana-

39 479 40 32 Us?
105 486 141 24 Ngati-AVhare,
265 485 69 19 Tulioe,
357 485 119 21 Ngati-Apa,

54 515 28 21 jfj,
89 513 78 16 ui-A\va,
189 508 147 23 Ngati-Hamua
359 507 38 18 and
416 508 48 16 Putu-

37 527 84 25 dffukeu
129 532 68 18 Tribes.

30 596 157 27 HKIvOHIKOUIA
199 600 41 14 nga
252 600 115 12 maramara
380 600 10 12 o
405 596 58 16 Mata-

21 619 2 17 ,

30 651 42 43 gi
119 665 146 20 CHAPTERV.
279 664 128 23 (Continued.)

30 694 12 27 |
53 703 43 16 ®n;
103 700 124 17 Aboriginal
234 696 80 18 People
321 699 25 13 of
354 699 40 13 the
401 696 64 16 Rangi-

182 724 57 13 taiki
251 719 89 17 Valley.

83 761 18 11 ,w
107 752 128 22 Tangiliaruru
244 750 37 17 and
289 750 141 22 Whare-pakau
435 750 32 17 des-

21 772 2 23 ■
30 776 40 18 IPS?
77 776 60 18 troved
150 776 24 16 Te
187 773 99 17 Tini-o-Te
294 772 159 23 Mttrangaiiinga.

49 798 21 35 if
80 811 10 18 I
100 808 38 20 will
145 813 43 13 now
200 805 46 25 give
263 804 54 19 what
334 804 38 19 few
388 807 58 16 notes
465 805 10 20 I

30 824 75 37 Bjtfnve
113 832 92 21 collected
214 832 20 17 in
244 830 73 25 legard
333 832 21 16 to
366 830 35 19 the
417 830 48 19 abor-

56 860 57 23 ieinal
126 858 68 26 people
207 857 44 18 who
269 857 95 23 formerly
380 857 94 24 occupied

31 880 3 30 I
55 889 34 20 Die
108 886 19 18 V.
129 885 45 23 illey
192 883 21 18 of
237 882 33 18 the
296 881 120 25 Rangitaiki
437 883 38 18 and

55 913 21 25 $\
85 910 88 21 nirinaki.
200 908 48 19 This
261 907 70 25 people
342 914 51 12 were
403 908 72 19 known

31 928 12 37 |
97 939 24 18 To
134 934 301 24 Tiui-o-Te-Marangaranga—
442 934 34 18 the

30 954 14 27 1
52 953 104 35 Jjmltitude
165 961 22 18 of
199 960 31 19 Ihe
244 959 230 26 Marangaranga—and

30 980 74 28 EsLre
113 986 102 25 destroyed
234 985 27 24 by
270 992 26 11 an
312 985 98 25 invading
430 986 45 18 host

30 1006 72 29 ■Rom
112 1015 32 18 the
153 1011 92 20 Hauraki
261 1011 83 21 district,
359 1011 63 19 under
441 1012 34 18 the

29 1033 84 28 KSiiefs
119 1039 139 24 Tangiharurii
265 1037 38 18 and
312 1037 162 25 Whnre-pnknu.

30 1065 6 21 f
54 1069 40 19 *[he
102 1066 76 19 whence
188 1064 20 18 of
218 1063 39 19 this
265 1063 97 24 invading
376 1063 53 19 force
438 1065 37 19 lias

30 1083 14 32 I,
80 1100 20 12 iu
110 1099 11 11 a
132 1090 77 25 subject
218 1090 31 17 for
258 1088 116 24 discussion,
392 1089 36 19 but
439 1098 24 11 na-

30 1108 62 38 ||sjve
101 1116 113 21 authorities
221 1114 72 25 mostly
302 1121 60 17 agree
371 1116 18 18 in
398 1116 66 20 declar-

30 1140 2 25 !
97 1145 41 18 that
153 1141 52 19 their
220 1140 85 25 original
320 1140 59 20 home
395 1149 40 12 was
454 1146 20 16 at

30 1161 3 36 :
54 1161 21 36 |\
83 1168 145 26 hnrepuhunga,
240 1166 39 19 and
289 1166 44 19 that
339 1167 48 25 they
396 1168 37 20 left
441 1170 33 18 the

28 1186 117 32 (KVaikato
171 1193 75 19 district
265 1192 39 19 and
325 1192 112 27 journeyed
453 1199 21 15 to

28 1214 115 35 Hpauiaki
162 1220 64 18 ulieie
241 1218 47 24 they
305 1220 100 20 remained
421 1223 32 18 for
463 1229 11 11 a

28 1243 75 21 HSinie.
115 1244 114 21 ofterwaids
244 1244 80 24 coming
344 1253 24 11 on
380 1249 19 16 to
420 1249 41 18 Tau-

30 1265 89 34 iflfniiga,
129 1272 76 19 Matata
214 1270 39 19 and
267 1270 127 25 Rangitaiki.

29 1290 34 35 §P
80 1301 16 17 It
107 1298 42 23 will,
160 1297 96 22 however,
272 1296 25 18 be
312 1297 45 18 well
373 1301 21 16 to
403 1300 28 19 let
440 1308 34 17 my

28 1334 5 9 >
51 1318 106 37 Jniormant
166 1322 32 19 tell
209 1323 31 17 his
248 1328 42 13 own
300 1327 53 18 story
362 1324 19 19 in
392 1326 31 19 his
429 1333 43 12 own

56 1358 40 16 »a.v
105 1350 37 19 and
151 1350 19 17 in
181 1348 32 19 bis
221 1355 42 12 own
271 1349 90 24 peculiar
369 1350 61 21 idiom
440 1360 33 11 :

49 1368 16 39 |
80 1376 68 20 Friend
155 1368 4 39 !
167 1374 39 19 this
213 1374 17 19 is
236 1381 32 18 my
281 1373 93 26 thought,
383 1378 45 19 that
434 1386 39 16 you

28 1396 14 28 I-
51 1396 40 27 Snd
102 1403 9 18 1
120 1400 50 20 shall
179 1400 75 19 remain
268 1400 47 20 here
334 1401 32 20 for
385 1411 11 11 a
414 1405 60 18 while

28 1421 15 32 |
51 1427 40 22 ifiTid
101 1429 7 17 1
120 1427 37 19 will
166 1427 59 18 recite
234 1426 34 18 the
282 1427 72 24 doings
364 1430 21 18 of
394 1437 34 18 my
437 1438 24 11 an-

28 1454 5 18 !;
54 1453 116 24 gestors'and
180 1453 34 17 tell
221 1458 40 19 you
269 1453 20 18 of
309 1453 34 19 the
354 1451 120 30 brave'days

27 1481 81 19 ntthcu
125 1479 44 24 they
189 1478 73 25 fought
278 1478 34 20 tho
327 1482 108 19 multitude
454 1484 20 17 of

28 1504 4 26 -
55 1507 25 20 Tu
95 1506 156 24 Marangaranga
260 1504 65 19 in-the
343 1508 67 19 vallev
428 1509 44 18 that

28 1530 4 27 f
54 1536 35 21 pes
96 1531 65 20 before
171 1536 45 19 you.
253 1530 45 23 For,
310 1531 76 21 Behold
399 1530 4 27 !
419 1534 53 20 Yon-

27 1557 60 21 HBcr
94 1559 14 17 is
119 1557 32 19 the
159 1556 34 19 hill
204 1557 50 18 from
265 1556 63 20 which
338 1559 34 19 the
380 1560 63 19 forces
454 1562 21 18 of

26 1578 159 24 BBViiiiriliaruru
206 1582 38 19 and
263 1582 145 27 Wharepakau
432 1587 41 18 first

27 1612 65 18 wßatv
103 1610 30 18 the
143 1608 56 19 lands
215 1615 20 12 oi
246 1608 33 19 the
300 1609 20 18 \V
327 1610 87 20 hirinaki
435 1613 38 19 nnd

26 1630 60 32 ffffflic
103 1634 121 20 numberless
250 1634 127 22 homesteads
397 1639 20 18 of
439 1639 35 18 the

26 1661 103 31 ■guiguta
146 1660 90 19 whenua.
273 1661 63 20 There
359 1663 55 19 Hows
434 1665 34 18 tho

26 1682 148 33 gpliYai-irobia,
193 1686 65 19 whose
276 1690 71 17 waters
367 1696 50 12 wero
435 1691 35 18 red

26 1707 74 29 g&ith
117 1714 31 17 the
168 1712 57 19 blood
245 1713 20 18 of
284 1713 34 18 the
334 1715 101 20 followers
454 1717 21 18 of

26 1733 114 37 gliiaeana,
150 1738 38 19 and
198 1745 57 17 away
265 1741 20 17 to
305 1740 33 19 the
348 1741 56 25 right
413 1743 17 18 is
440 1743 35 18 tho

26 1764 4 27 j-
53 1766 129 25 iilnngamate,
194 1764 38 19 and
244 1765 65 20 where
328 1773 40 17 you
378 1774 33 13 see
430 1769 45 19 that

26 1785 15 32 S,
48 1785 52 26 ilark
110 1790 77 19 shadow
197 1797 24 12 on
241 1792 33 17 tho
292 1792 50 19 cliff-
351 1794 54 19 -that
418 1795 17 19 is
444 1795 28 18 Te

26 1818 3 28 |
56 1818 345 26 Ana-kai-taugata-a'Wharepakau
418 1821 52 18 from

26 1839 105 35 |||vhenco
140 1842 43 19 that
191 1842 32 19 old
232 1844 82 19 warrior
332 1853 40 11 was
390 1849 53 16 wont
454 1849 20 16 to

26 1863 79 26 BSssue
113 1868 51 20 forth
184 1868 39 19 and
244 1870 66 19 attack
321 1872 34 18 the
373 1873 71 25 people
454 1873 21 18 of

26 1891 61 24 ulShc
94 1895 49 19 land.
173 1894 53 23 Now,
237 1895 68 20 Listen
314 1891 4 26 !

79 1921 43 19 This
132 1921 16 18 is
158 1920 32 18 the
200 1923 54 22 story
272 1922 21 19 of
310 1924 35 18 the
364 1925 80 23 coming
453 1925 22 18 of

200 1947 38 19 and
250 1947 31 19 his
297 1951 84 24 nephew
396 1951 76 21 Tangi-

26 1968 104 27 HSiaruni,
140 1973 43 17 who
198 1972 105 27 destroyed
322 1976 33 19 tho
373 1976 71 26 people
454 1977 21 18 of

27 1994 7 29 I
194 1998 41 19 Ihe
246 2000 52 20 tribe
310 2002 49 25 they
368 2002 106 20 destroved

27 2025 9 24 |
58 2032 36 12 -was
104 2025 25 19 Te
139 2024 167 27 llarnngaranga,
318 2029 39 18 and
373 2029 34 18 the
416 2029 58 25 place

27 2046 71 30 HSliey
108 2057 52 13 came
177 2050 51 20 fiom
245 2060 41 12 was
309 2054 95 20 Aliuahu.
433 2056 9 17 'I
451 2055 25 19 he

27 2072 93 31 fllg'eason
130 2077 44 25 they
194 2076 36 20 left,
247 2079 89 19 Aliuahu
357 2088 40 11 was
406 2088 24 11 on
442 2088 22 10 nc-

23 2106 89 1166 lount
120 2104 20 17 of
149 2103 32 18 the
191 2109 49 19 ]ioor
256 2106 78 24 quality
354 2107 20 18 of
394 2107 33 18 the
436 2107 38 19 fish

71 2130 6 17 f
86 2129 40 19 that
135 2129 59 25 place,
205 2136 21 11 so
234 2131 48 24 they
294 2135 51 16 went
359 2137 19 13 t..
389 2133 72 18 Whare-

71 2155 83 25 uhunga.
180 2155 10 18 1
198 2155 37 26 hey
246 2157 31 18 did
298 2161 35 15 not
343 2161 42 15 stav
397 2159 48 22 long
454 2161 20 16 at

69 2181 28 18 hat
107 2182 57 24 place,
174 2182 43 22 but,
230 2183 80 24 leaving

72 2206 59 28 eliind,
141 2208 47 23 they
198 2214 54 13 came
270 2215 56 19 away
336 2210 37 19 and
395 2210 78 19 arrived

70 2236 7 15 t
85 2233 118 18 Oruamaiua
212 2234 65 19 where
294 2236 47 24 they
358 2236 72 19 utterlv
441 2236 22 19 de-

69 2262 36 21 trey
108 2258 21 19 ed
140 2259 33 18 the
183 2260 70 25 people
263 2263 19 16 of
289 2262 42 19 that
343 2263 59 24 p'aco.
416 2263 57 23 They

69 2285 81 18 cmaiiied
157 2286 31 17 for
198 2292 53 13 some
261 2289 46 17 time
321 2291 19 15 at
351 2288 122 19 Oruamatua

69 2317 17 12 c>r
94 2311 14 18 it
117 2317 38 12 was
164 2318 12 11 a
186 2312 51 24 good
247 2312 54 24 place
311 2314 39 19 and
360 2314 112 19 resembled

69 2336 75 23 ihuahu,
155 2337 36 19 but
207 2338 56 19 when
279 2340 34 19 the
329 2340 47 19 food
393 2340 81 19 became

69 2363 39 18 hort
113 2363 45 24 they
165 2364 35 19 left
208 2364 38 19 and
253 2369 50 15 went
310 2369 20 16 to
338 2366 136 19 Otamarakau

69 2388 46 19 l'ena
124 2389 58 24 ingoa
191 2397 11 11 o
212 2390 135 21 Otamarakau
355 2392 25 19 ho
390 2392 70 19 whaka-

69 2418 67 21 utanga
145 2422 24 12 no
181 2422 11 12 a
200 2423 49 12 raua
259 2418 63 19 rakau
335 2418 3 21 .
361 2418 58 19 From
430 2418 44 19 that

69 2440 39 19 'lace
114 2441 45 24 they
171 2445 50 16 went
230 2446 20 16 to
258 2444 14 18 A
277 2444 124 19 wa-tarariki
408 2444 67 19 where

69 2466 20 18 lie
96 2467 65 24 people
258 2470 16 18 E
281 2470 48 19 kore
336 2470 64 19 korua
407 2477 11 12 e
425 2473 49 18 puta

80 2494 18 16 to
112 2493 10 17 1
129 2493 84 21 iui-o-Te
230 2495 168 26 Marangaranga.
420 2496 55 24 (You

69 2518 25 18 nil
103 2524 57 14 never
169 2526 69 19 escape
247 2522 33 19 the
290 2522 108 20 multitude
407 2523 21 18 of
439 2523 34 17 the

72 2543 155 28 larangaranera.)
250 2549 53 17 Then
316 2555 55 12 came
379 2549 53 18 forth
441 2549 34 18 the

69 2571 53 23 nving
140 2572 20 18 of
370 2574 55 19 Tene
453 2577 20 15 te

72 2596 48 19 okoti
129 2604 42 12 moe
178 2604 32 13 roa
218 2606 12 12 a
416 2601 58 18 After

69 2622 31 24 liey
109 2623 34 18 left
152 2623 43 20 that
211 2625 56 25 place
283 2627 47 24 they
343 2627 46 18 held
407 2634 10 10 a
428 2633 36 12 con-

69 2647 75 20 ultation
154 2650 38 19 and
204 2652 61 24 spoke
275 2659 21 12 as
310 2653 91 19 warriors
411 2653 63 24 spoke

69 2679 8 13 0
86 2674 31 19 the
126 2675 47 25 days
180 2677 20 18 of
218 2677 61 20 brave
296 2685 52 12 men.
376 2678 46 19 And
441 2679 34 18 the

69 2700 39 19 ilace
115 2702 62 18 where
183 2703 47 25 they
236 2705 76 18 uttered
318 2705 56 18 those
381 2705 95 25 speeches

75 2732 18 13 as
98 2728 69 18 named
180 2728 128 28 Whakapau•
310 2728 78 28 korero.
416 2731 56 18 Then

69 2752 31 25 bey
110 2754 92 19 travelled
211 2762 24 13 or.
251 2757 51 18 until
322 2757 47 23 they
388 2763 75 12 encoun-

69 2778 39 19 ered
117 2779 33 18 the
160 2780 162 27 Marangaranga
338 2783 44 18 who
392 2782 83 19 covered

69 2804 20 18 he
105 2805 61 19 whole
181 2806 53 25 land,
250 2808 39 19 and
307 2809 48 24 they
374 2815 51 12 were
444 2811 20 16 at-

69 2830 53 19 aeked
133 2831 24 24 by
167 2832 108 21 thousands
288 2834 21 19 of
319 2834 57 19 those
393 2834 79 25 people,

71 2856 23 18 nd
101 2863 56 20 many
167 2865 49 12 were
225 2860 57 19 slain.
310 2860 44 19 And
365 2861 34 18 the
414 2867 60 12 name

72 2883 5 17 1
97 2883 41 18 that
156 2884 61 20 battle
236 2893 40 12 was
292 2886 183 19 Tarewakahawai.

75 2907 42 20 hese
126 2911 88 19 warriors
229 2912 32 18 did
279 2915 35 16 not
329 2913 77 18 remain
420 2912 56 19 there

69 2937 24 16 mt
102 2937 91 18 travelled
203 2938 90 19 onwards
303 2938 38 19 and
353 2945 51 12 were
414 2938 60 23 again

72 2961 73 19 ttacked
160 2962 26 25 by
206 2963 31 19 the
253 2964 164 25 Marangaranga
437 2964 38 18 and

72 2986 42 24 gain
123 2987 32 19 the
164 2989 70 24 people
242 2991 21 17 of
272 2991 34 18 the
315 2991 47 18 land
374 2990 42 19 fell.
433 2991 43 17 The

69 3018 44 13 mine
122 3014 19 17 of
155 3015 42 18 that
209 3015 62 20 battle
286 3023 41 11 was
343 3016 121 19 Kaliu-hora-

72 3044 26 13 oa.
123 3039 38 19 Yet
170 3041 82 19 another
261 3042 63 18 battle
334 3043 47 23 they
394 3042 80 24 fought,

69 3065 4 26 t
80 3071 35 12 was
122 3065 295 26 Kowhatu-kanihinihi,inanv
424 3074 52 12 were

69 3089 41 20 lain.
136 3091 54 20 Then
205 3100 35 12 onr
256 3096 99 16 ancestors
371 3094 104 19 remained

71 3116 131 22 tTatara-kau
218 3119 38 19 and
272 3120 33 18 the
326 3120 47 18 food
392 3121 21 17 of
431 3120 44 18 that

69 3141 39 19 lace
117 3150 37 11 was
164 3144 92 24 fish-eels,
267 3146 40 18 and
317 3146 110 19 resembled
438 3147 35 17 the

69 3168 31 18 nod
110 3170 18 16 of
138 3170 90 19 Aliuahu.
255 3171 20 19 It
285 3178 41 12 was
336 3175 21 16 at
367 3173 44 18 that
428 3172 49 18 time

69 3193 29 19 hat
108 3194 138 27 Wharepakau
257 3198 43 18 said
310 3201 20 15 to
340 3198 33 19 his
384 3198 90 22 relative,

75 3220 115 25 angiharuru
253 3224 37 18 Let
301 3230 23 12 us
333 3231 57 12 cease
402 3224 65 18 travel-

69 3245 30 24 ing
107 3253 22 12 on
139 3248 32 18 the
181 3255 32 12 sea
221 3252 58 18 coast,
290 3250 39 19 and
340 3250 69 18 rather
416 3250 28 18 let
454 3257 23 10 us

23 3279 33 26 |H
63 3277 64 18 pursue
138 3276 32 16 tlicr
180 3276 60 17 odour
252 3276 21 17 of
286 3279 35 15 the
331 3276 40 19 rich
382 3276 58 19 foods
456 3276 21 18 of

27 3297 64 35 ggthe
99 3298 82 20 interior.
208 3301 63 19 There
287 3302 39 18 will
343 3302 24 18 be
386 3308 12 11 a
420 3302 57 24 place

28 3321 60 33 |||jfrir
97 3330 20 12 us
127 3327 19 16 to
155 3325 38 20 live
206 3327 54 18 when
269 3334 28 12 we
305 3328 52 18 have
362 3328 114 24 conquered

24 3345 86 38 ||lgthese
220 3352 39 20 His
268 3353 83 26 nephew
368 3354 109 18 consented

26 3372 68 36 gland
105 3377 55 22 again
170 3378 46 21 they
232 3385 48 16 rose,
298 3380 38 18 and
355 3380 56 18 when
428 3379 49 24 they

28 3397 28 38 i||
62 3402 86 19 ascended
171 3405 6 15 (
188 3405 34 18 liui
233 3405 46 24 they
292 3405 70 19 looked
374 3412 53 17 upon
437 3406 27 18 Ta-

28 3425 28 33 ||!
62 3427 71 19 wliiuau
142 3429 63 19 which
214 3438 39 11 was
261 3438 16 11 c(
309 3431 33 19 red
352 3431 47 19 with
407 3431 70 19 smoke

27 3450 28 35 111
61 3452 45 19 fiom
115 3454 32 18 the
157 3455 43 19 fires
214 3457 20 18 of
250 3457 56 19 those
322 3457 47 19 thev
385 3464 56 12 came
458 3460 19 16 to

164 3482 43 18 And
227 3483 14 17 it
260 3490 39 11 was
315 3483 47 19 here
376 3483 45 19 that
442 3483 35 18 the

26 3501 30 37 H!
61 3507 50 19 great
133 3507 52 19 chief
200 3509 21 17 of
240 3509 56 18 these
315 3509 70 24 people
407 3509 69 19 dwelt.

127 3533 54 19 these
190 3534 89 19 warriors
286 3535 73 22 fought
368 3535 38 18 and
416 3535 60 21 again

30 3554 60 35 K|lhe
107 3559 96 19 survivors
221 3560 19 18 of
260 3561 33 18 the
312 3560 164 24 Marangaranga

26 3580 68 37 j§||lle(l
112 3586 17 16 to
148 3585 52 19 their
220 3586 53 19 chief
296 3586 91 19 Haeana.
430 3587 45 18 And

32 3605 47 35 ||p\
87 3608 108 26 harepakau
203 3612 38 18 and
249 3612 31 18 his
286 3612 79 24 nephew
374 3613 103 18 remained

28 3630 28 37 111
63 3636 16 15 nt
86 3633 121 27 Mangamate
214 3638 39 17 and
260 3638 53 19 their
321 3638 54 24 place
384 3639 22 18 of
411 3638 66 19 abode

28 3656 82 38 IH'iiiTf)
119 3667 38 13 was
167 3669 11 12 a
188 3669 52 17 cave,
247 3664 28 18 To
281 3664 26 19 Ai
315 3664 55 19 a-kai
382 3667 84 19 tangata-

23 3683 264 37 ||||a-Wharepakau—that
297 3690 17 18 is
324 3690 21 19 it.
374 3690 20 18 It
404 3697 41 12 was
463 3697 12 12 a

27 3709 29 35 §||j
62 3711 45 21 gcod
115 3713 59 20 house
185 3717 38 20 too,
235 3716 40 19 like
281 3722 12 12 a
302 3716 98 25 pakelia's
406 3716 70 19 house.

26 3733 81 23 ■Blhat
115 3739 59 20 house
184 3741 16 19 is
210 3742 39 18 still
260 3742 57 18 there
324 3742 39 18 and
373 3742 15 18 if
397 3749 78 17 anyone

131 3765 62 20 desire
199 3770 21 15 to
227 3767 45 19 look
280 3773 53 19 upon
342 3768 71 19 it—let
421 3768 55 18 them

26 3786 58 36 |||jgo
91 3789 52 20 there
153 3793 37 18 and
201 3799 32 13 see
242 3793 22 19 it,

49 3824 5 14 J
230 3819 42 19 said
287 3821 21 17 to
324 3819 150 24 Tangihnrurn,

22 3864 72 20 Hffinnd
103 3867 111 26 Kaingaron
225 3871 38 18 and
277 3871 10 18 I
307 3871 40 18 will
365 3871 67 19 match
450 3871 26 22 by

86 3892 80 21 hirinaki
181 3899 21 15 to
216 3897 26 18 To

28 3915 25 37 S|
62 3916 7 18 1
75 3919 115 23 ungiharuru
208 3923 105 18 consented
338 3926 21 15 to
381 3923 41 18 this
444 3930 33 12 ar-

185 3948 37 19 and
242 3949 55 18 these
321 3951 39 16 two
383 3949 92 19 warriors

23 3967 118 29 jggnian.hcd
152 3973 52 19 forth
214 3977 20 15 to
246 3980 87 19 conquer
348 3975 35 18 the
403 3975 60 19 Multi-

21 3994 79 34 iglude
113 3998 20 17 of
149 3998 34 19 the
201 4000 169 25 Marangaranga.
398 4000 77 25 Tangi-

24 4018 99 37 K|hnruru
134 4031 41 12 vvon
185 4025 34 19 the
227 4026 62 19 battle
297 4026 62 19 called
369 4026 105 19 Puliarau-

96 4048 37 19 and
147 4054 19 14 to
181 4052 143 24 Wharepakau
340 4052 35 18 fell
395 4052 34 19 the
448 4059 26 17 pa

23 4070 127 30 JggKokotahi
161 4077 60 18 which
230 4078 56 18 stood
297 4081 21 15 at
334 4078 34 18 the
385 4078 49 18 base
453 4078 22 18 of

39 4121 14 26 ||
73 4123 42 20 'The
124 4127 71 18 ancient
203 4134 53 12 name
265 4129 19 17 of
293 4128 45 18 New
347 4128 90 18 Zealand.

492 151 2 26 |
506 153 28 19 To
545 151 214 20 Pae-whakatarataru
769 151 40 19 and
821 151 44 25 just
872 151 66 18 below

506 179 28 19 Te
555 178 61 20 Pewa
627 176 174 20 a-Te-Winirelie.
837 177 47 18 And
903 177 35 18 the

503 204 103 19 survivors
615 203 39 18 tied
667 205 21 16 to
704 202 53 19 their
770 202 55 19 chief
842 202 94 23 Haeana,

503 230 40 19 and
554 230 49 22 said,
616 231 11 9 '•
635 228 48 19 This
699 234 46 12 man
761 228 45 19 who
824 228 38 19 lias
879 234 56 13 come

504 257 80 23 against
594 261 23 12 us
623 256 72 17 cannot
705 254 24 18 be
743 254 153 24 conquoreufur
909 254 26 18 he

503 282 47 17 lulls
561 284 39 15 two
610 280 38 18 and
658 279 55 18 three
728 285 46 13 men
787 280 49 18 with
855 286 12 12 n
882 279 50 18 blow

503 308 21 17 of
534 307 31 18 bis
693 305 55 19 Then
758 311 56 13 came
827 305 55 19 forth
899 305 36 19 the

502 332 73 25 sayi.ig
598 332 21 18 of
790 331 68 19 Haere
881 331 54 19 mai!

504 358 17 18 11
526 365 10 11 a
539 364 32 12 ere
581 356 53 25 mai!
649 357 41 18 Kia
699 356 43 18 kite
754 357 39 17 koe
813 357 7 18 i
831 363 41 18 nga
881 357 55 17 kaka

503 390 56 17 ngau
569 390 53 18 popo
632 389 12 12 a
770 382 79 24 (Come!
865 382 70 19 Come!

501 409 54 18 That
573 416 40 17 you
631 414 46 17 may
695 414 33 12 see
747 408 35 18 the
805 408 117 18 wood-rend-

501 435 37 24 ing
548 435 54 18 kaka
613 435 21 17 of
649 433 101 24 Haeana.)
778 433 47 19 And-

502 461 67 24 pakau
580 459 62 19 heard
652 460 21 18 of
683 459 40 19 this
734 459 89 18 boastful
831 459 71 25 speech
914 460 21 18 of

503 486 93 23 Haeana,
606 485 38 19 and
656 485 25 18 he
692 485 63 25 spake
765 485 57 18 these
829 485 64 18 words

503 514 12 8 ■'
523 512 56 18 Tcna
589 515 19 15 te
618 510 71 20 kokoti
699 517 44 12 nioe
750 517 35 12 roa
801 517 12 12 a
830 511 92 25 Tangiha-

501 544 48 11 ruru
560 542 20 14 te
588 538 60 17 haere
658 539 34 16 atu
703 543 26 12 na
770 536 88 23 (Behold
866 536 4 23 !
891 537 43 18 The

501 562 186 26 long-sluiuberiiig
697 569 82 18 weapon
795 563 22 18 of
832 562 88 25 Tangiha-

501 595 49 12 ruru
561 589 17 18 is
588 588 138 25 approaching
733 588 14 24 !)
775 588 68 19 When
855 589 65 18 march-

501 615 37 25 ing
547 615 20 18 in
578 614 83 25 parallel
679 614 51 18 lines
745 614 34 18 the
797 618 40 14 two
854 614 79 19 leaders

501 640 100 25 signalled
612 643 20 15 to
642 639 48 19 each
700 640 57 18 other
768 646 66 12 across
848 644 85 21 country

502 666 26 25 by
539 672 70 13 means
621 667 21 17 of
658 666 51 18 lires.
745 666 68 18 When
830 666 94 25 Taugiha

501 698 47 12 ruru
567 691 101 19 advanced
684 691 80 25 against
778 691 93 23 Ilaeana,
891 692 41 18 rud

501 718 34 18 tiie
545 717 61 19 latter
615 717 73 19 beheld
706 717 41 19 him
764 717 98 25 standing
877 717 56 19 forth

501 744 20 18 in
532 744 54 18 front
596 743 20 19 of
627 743 96 24 hisarmy,
733 743 87 18 Haeana
829 744 103 18 advanced

500 769 40 19 and
551 769 34 19 the
595 772 40 16 two
644 769 78 17 leaders
729 769 4 25 <
741 769 81 24 ligaged
831 770 19 17 in
859 769 72 25 deadly

500 794 88 20 combat.
615 795 42 18 The
676 797 83 21 tangatu
776 795 58 18 when
838 801 25 12 tin
879 795 54 19 chief

500 821 68 18 struck
578 824 20 15 at
609 821 34 18 the
653 820 83 19 invader
750 820 47 19 with
810 821 32 18 his
858 821 75 18 hoeroa

500 847 36 18 but
546 847 143 23 Tangihaiuru
700 846 122 25 despatched
834 847 41 18 him
883 847 48 18 with

500 872 32 19 his
550 872 76 19 tniaha.
655 872 42 18 The
715 877 39 14 two
775 872 74 19 hostile
868 873 65 18 forces

500 898 47 19 then
558 905 10 12 c
577 898 47 19 bsed
637 899 19 18 in
668 901 20 15 to
697 898 57 22 liulit,
764 898 38 18 and
816 898 34 19 tho
865 902 55 21 strug-

500 924 32 23 gle
541 931 42 11 was
594 931 11 11 a
624 924 49 24 long
688 924 39 17 and
745 924 75 24 bloody
834 931 44 16 one,
895 924 37 19 but

500 950 68 24 finally
592 950 64 18 ended
676 950 19 17 in
716 950 34 18 the
771 950 69 19 defeat
857 951 22 17 of
898 950 34 19 the

500 975 115 25 aboriginal
625 976 169 24 Marangaranga.
806 976 111 24 AndTangi-

499 1001 76 18 haruru
593 1001 73 19 settled
682 1005 21 14 at
718 1001 134 20 Puke-hinau
866 1002 66 19 where

498 1027 26 19 he
531 1027 59 24 {died.

616 1059 33 21 [To
661 1063 22 10 HE
695 1063 9 10 c
711 1059 98 21 iNTlVtfFl).]

587 2117 255 18 WHAKAREWAREWA.

520 2165 39 16 Tlio
575 2164 100 23 following
690 2165 30 17 int.
725 2165 79 22 .'resting
818 2165 114 22 description

497 2189 20 16 of
528 2187 170 18 Wliakarcwarewa
715 2194 80 16 appeals
803 2189 18 16 in
837 2189 31 17 lliu
882 2189 37 17 Aus-

496 2211 69 16 tralian
574 2210 44 19 Star
627 2211 74 17 written
718 2211 23 21 by
752 2212 32 17 Mr
792 2212 25 17 D.
831 2211 18 18 J.
860 2212 70 19 Qiiiiin,

497 2239 34 12 one
547 2234 20 17 of
583 2234 86 22 Sophia's
685 2234 133 19 interviewers,
835 2234 44 17 who
894 2235 38 16 had

496 2257 69 17 visited
573 2258 33 16 the
614 2257 53 22 place
675 2257 59 17 under
742 2258 34 16 her
788 2258 86 21 auspices
881 2263 28 12 :

521 2281 29 16 An
559 2281 80 16 account
647 2281 20 16 of
681 2281 33 16 the
730 2287 58 15 many
804 2281 75 17 curious
895 2281 37 17 and

496 2304 118 16 remarkable
639 2304 61 22 sights
718 2305 21 16 at
759 2304 173 17 Wliakarcwarewa

497 2326 63 18 would
569 2327 26 16 till
605 2332 23 12 an
637 2326 60 18 entire
713 2327 81 20 volume,
812 2328 55 21 apart
883 2328 48 16 from

496 2350 33 16 the
537 2350 73 16 natives
618 2349 116 21 themselves,
743 2351 43 16 who
794 2356 31 11 are
832 2351 70 21 always
908 2356 23 11 an

497 2373 112 21 interesting
618 2373 62 21 study.
705 2373 82 23 Passing
802 2374 83 22 through
901 2374 32 17 the

497 2402 22 16 pa
530 2401 28 12 we
565 2402 48 11 were
627 2396 62 17 struck
707 2396 25 22 by
749 2397 32 16 the
797 2396 84 22 dreamy,
891 2397 42 21 lazy

497 2420 39 16 sort
545 2419 21 17 of
573 2419 33 17 life
614 2418 61 18 which
684 2419 95 22 prevailed
788 2420 59 17 there.
860 2420 60 22 Every-

498 2448 35 11 one
539 2442 72 17 seemed
620 2443 20 16 to
648 2442 24 17 be
677 2443 92 22 enjoying
773 2443 34 17 the
813 2444 59 16 sweet
899 2443 22 17 do-

623 2465 54 18 Some
692 2472 48 11 were
755 2465 100 18 immersed
872 2467 20 16 to
901 2467 32 16 the

496 2488 48 17 nec-lc
558 2489 17 16 in
585 2495 10 10 a
613 2494 57 11 warm
686 2489 50 22 pool,
753 2489 76 22 talking
845 2490 18 15 in
881 2490 52 21 quiet

498 2512 84 20 gultara.l
592 2513 52 15 tones
653 2512 36 16 and
699 2512 85 21 blowing
800 2512 65 17 clouds
874 2513 20 16 of
902 2514 20 15 to-

498 2535 57 17 bacco
564 2535 64 17 smoke
635 2535 40 17 into
684 2535 33 17 the
733 2537 60 15 steam
809 2541 61 17 vapor
878 2542 43 10 over-

498 2558 54 17 head.
578 2558 68 17 Others
654 2558 83 21 lounged
743 2558 60 17 about
808 2559 33 16 the

587 2587 21 11 or
616 2582 74 16 toasted
700 2582 111 16 themselves
825 2588 23 10 on
858 2582 33 16 the
900 2582 31 17 hot

498 2605 53 16 earth
569 2604 96 23 watching
681 2605 159 22 copper-skinned
856 2605 76 17 urchins

498 2627 66 23 diving
572 2628 19 16 in
609 2627 32 17 the
657 2628 75 22 springs
748 2628 30 17 for
794 2628 33 17 the
843 2628 89 22 pakoha's

498 2650 61 21 silver,
569 2650 60 17 which
639 2651 115 17 contributes
762 2652 21 15 to
792 2652 32 16 the
835 2652 87 21 gratifica-

498 2674 40 16 tion
548 2674 19 16 of
576 2674 49 16 their
633 2674 74 22 passion
721 2674 30 16 for
767 2674 107 23 cigarettes.
900 2674 32 18 We

498 2703 38 11 saw
545 2697 43 17 bow
597 2697 80 17 thermal
693 2697 63 17 action
772 2697 16 17 is
804 2697 55 17 made
868 2699 20 15 to
897 2704 22 10 an-

498 2726 48 11 swer
555 2720 25 17 all
597 2720 31 17 the
646 2726 88 16 purposes
751 2721 20 16 of
786 2720 91 17 domestic
893 2721 38 17 life.

498 2743 41 16 One
548 2743 65 22 spring
621 2749 61 11 serves
690 2749 20 11 as
725 2744 32 15 the
773 2744 71 21 village
851 2743 82 23 laundry

498 2766 81 17 another
584 2766 15 17 is
605 2768 28 15 set
640 2767 55 21 apart
703 2767 30 16 for
739 2766 82 22 cooking
826 2766 36 17 and
870 2767 63 17 others

500 2789 29 17 for
536 2789 87 22 bathing.
637 2789 63 17 Steam
709 2789 75 17 fissures
793 2796 32 10 are
833 2790 100 16 converted

498 2813 40 16 into
548 2813 91 16 first-rate
648 2819 56 10 ovens
710 2819 21 10 or
738 2813 94 21 digestors
838 2813 25 21 by
869 2819 64 11 means

498 2836 21 16 of
526 2842 12 10 a
547 2835 76 17 wooden
632 2836 38 16 box
684 2836 45 16 with
738 2842 12 10 a
762 2836 79 17 latticed
856 2836 74 17 bottom

498 2859 67 19 •placed
580 2864 45 12 over
640 2859 33 17 the
690 2860 88 21 aperture
795 2859 37 17 and
854 2859 78 17 covered

499 2882 45 17 with
553 2882 59 17 sacks.
638 2882 143 22 Bread-baking
797 2883 16 16 is
828 2883 59 21 easily
901 2888 21 11 ac-

498 2905 122 22 complished.
645 2905 39 17 The
696 2905 64 22 dough
778 2906 16 16 is
809 2906 66 21 placed
893 2906 19 16 in
921 2911 10 11 a

498 2933 55 17 camp
562 2934 47 11 oven
618 2928 36 16 and
665 2928 66 18 buried
747 2928 19 17 in
781 2928 32 17 the
828 2929 33 16 hot
875 2928 59 18 sinter

498 2957 22 11 or
527 2952 61 16 earth.
613 2951 55 17 Close
680 2952 26 21 by
722 2951 32 17 the
762 2951 147 23 cooking-place
918 2952 15 16 is

499 2975 121 16 Koroteoteo.
630 2981 11 10 a
650 2975 92 21 furiously
752 2975 75 22 boiling
835 2974 96 20 cauldron,

501 2998 60 16 which
572 2997 82 22 supplies
662 2998 33 16 the
710 2998 25 16 oil
752 2998 53 19 bath,
815 2998 37 16 and
870 3004 11 10 a
897 2999 36 15 few

498 3020 57 23 yards
564 3021 75 16 further
647 3026 23 11 on
679 3026 32 12 are
719 3020 33 18 the
762 3021 56 17 series
826 3021 21 17 of
855 3021 79 22 sulphur

498 3044 38 16 and
545 3044 52 17 silica
604 3044 132 16 incrustations
746 3044 20 16 of
774 3044 61 16 which
842 3044 32 16 the
880 3045 48 20 great-

499 3073 75 15 geysers
582 3073 31 11 are
621 3067 32 16 the
662 3068 78 16 centres.
760 3067 41 16 The
809 3069 98 20 greatness
915 3067 19 17 of

499 3090 52 17 these
559 3095 75 18 geysers
642 3092 51 15 must
701 3092 20 15 to
730 3096 11 10 a
755 3090 70 17 certain
837 3092 66 15 extent
911 3090 23 17 he

498 3113 57 17 taken
564 3119 24 11 011
597 3114 54 17 trust,
662 3113 29 17 for
700 3113 45 17 with
753 3119 35 11 one
794 3119 21 11 or
821 3115 39 15 two
866 3119 56 16 excep-

498 3137 50 16 tions
565 3136 45 22 they
626 3136 44 22 play
687 3137 20 16 at
721 3136 98 17 uncertain
837 3136 96 17 intervals.

498 3159 129 18 Waikorohihi
635 3159 16 17 is
660 3165 11 11 a
685 3160 89 16 constant
790 3160 78 17 worker,
879 3160 44 16 send-

498 3182 35 21 ing
541 3188 25 16 up
575 3189 11 10 a
595 3182 73 18 column
677 3183 21 16 of
706 3183 58 16 water
780 3184 21 15 to
811 3189 10 10 a
838 3182 68 22 height
915 3183 19 16 of

498 3206 29 16 Oft
535 3212 22 10 or
566 3206 33 16 7ft.
624 3205 76 17 Pohutu
705 3205 122 22 periodically
834 3206 64 16 shoots
908 3212 26 15 up

499 3234 11 11 a
519 3229 94 21 steaming
620 3228 76 17 column
704 3234 45 11 over
758 3229 27 19 100
785 3229 38 19 ft.,
831 3229 37 16 and
874 3234 48 11 some-

500 3252 53 16 times
563 3252 100 16 maintains
679 3252 25 16 its
720 3251 100 22 discharge
830 3252 30 16 for
868 3253 38 16 two
915 3257 21 11 or

499 3274 53 18 three
559 3274 62 18 hours.
643 3274 22 17 In
672 3274 82 17 Waikite
758 3274 34 18 the
797 3274 71 18 Maoris
873 3274 62 23 hoped

499 3299 20 15 to
527 3298 48 16 have
583 3304 12 10 a
602 3297 121 23 reprodution
731 3298 19 16 in
766 3298 101 18 miniature
875 3299 20 15 of
903 3298 32 16 the

500 3321 74 17 famous
656 3321 77 16 Terrace
749 3320 100 22 destroyed
866 3321 19 16 in
902 3321 32 16 the

499 3344 98 17 Tarawcra
606 3344 92 22 eruption.
723 3344 79 18 Nature,
823 3344 15 17 it
855 3344 78 19 seemed,

493 3367 1 22 1
500 3373 38 11 was
547 3367 79 17 anxious
634 3368 20 16 to
663 3367 61 22 repair
740 3367 33 16 the
788 3367 61 17 havoc
865 3367 68 17 caused

499 3390 25 22 by
534 3390 42 17 that
585 3391 41 16 vast
635 3389 99 23 upheaval,
743 3390 31 17 for
782 3396 43 11 ever
841 3390 50 17 since
901 3390 32 17 the

500 3413 79 17 disaster
587 3413 81 16 Waikite
676 3419 67 15 geyser
751 3413 38 16 had
803 3413 47 17 teen
860 3414 19 15 in
888 3419 34 10 eon-

500 3438 52 15 stunt.
584 3436 77 21 activity
682 3436 124 21 discharging
827 3436 26 17 its
872 3436 54 17 silica-

500 3459 81 21 charged
591 3461 66 15 waters
674 3465 43 11 over
733 3459 87 17 artificial
836 3459 97 21 erections,

500 3482 38 17 and
548 3483 65 21 laying
621 3482 32 17 the
662 3482 122 17 foundations
800 3483 20 16 of
836 3488 11 11 a
864 3483 70 16 terrace

500 3506 60 16 which
569 3506 20 16 in
597 3505 46 17 time
651 3505 63 17 would
730 3505 62 16 reveal
809 3511 57 16 many
874 3506 20 16 of
903 3506 31 16 the

499 3528 5 16 1
512 3529 71 16 eautics
592 3528 19 17 of
617 3528 32 17 the
658 3528 37 17 lost
701 3528 117 17 formations.
832 3528 44 20 But,
883 3528 39 17 alas
929 3528 5 17 !

499 3551 73 17 Nature
580 3551 19 17 in
608 3551 32 17 the
656 3551 43 17 mad
715 3551 56 17 mood
788 3551 33 17 she
837 3551 69 22 adopts
914 3553 20 15 at

501 3574 174 17 Whaksrewarewa
682 3574 16 17 is
714 3574 83 22 nothing
813 3574 15 17 if
836 3574 33 17 she
877 3575 16 16 is
900 3575 35 16 not

501 3598 110 22 capricious.
635 3598 39 16 For
680 3598 32 16 ten
722 3597 77 17 months
807 3603 21 11 or
842 3603 52 11 more
902 3597 32 17 the

500 3626 66 16 geyser
575 3621 33 17 hus
616 3621 47 16 been
671 3621 86 19 inactive,
768 3620 38 16 and
819 3621 33 16 the
860 3621 63 16 beauti-

500 3644 48 22 fully
556 3643 104 18 enamelled
668 3649 45 17 cups
721 3643 38 17 and
767 3643 64 17 basins
843 3643 63 17 which
914 3645 20 15 at

499 3667 33 17 the
540 3667 46 16 time
593 3667 21 16 of
622 3673 34 10 our
661 3667 44 16 visit
712 3666 88 22 sparkled
811 3666 47 17 with
866 3668 68 15 waters

499 3690 21 16 of
527 3690 93 23 exquisite
631 3690 46 16 tints
691 3695 31 12 are
738 3695 44 11 now
798 3689 82 23 parched
896 3689 37 17 and

499 3713 42 22 dry,
550 3713 38 17 and
595 3713 82 22 exposed
686 3714 20 16 to
714 3713 42 17 that
765 3718 74 17 process
849 3713 20 16 of
875 3712 58 22 decay

500 3736 60 17 which
581 3735 45 18 such
647 3735 110 18 formations
773 3735 87 23 undergo
879 3735 54 17 when

499 3759 49 16 their
557 3764 75 17 geysers
640 3765 52 10 cease
700 3760 20 15 to
728 3759 24 16 be
760 3759 68 17 active.
841 3759 17 16 A
863 3759 70 16 stone's

499 3782 61 18 throw
569 3782 48 18 from
627 3782 80 17 Waikite
715 3782 33 17 b'cs
761 3782 33 16 the
806 3781 57 17 Alum
877 3782 55 19 Cave,

499 3805 63 17 where
576 3805 30 17 for
621 3807 38 14 two
672 3811 54 15 years
740 3811 12 11 a
768 3805 88 16 defeated
872 3805 61 16 Maori

499 3828 89 17 chieftain
597 3828 67 17 eluded
672 3828 29 17 liis
717 3834 89 16 pursuers
818 3828 46 22 only
877 3829 21 16 to
910 3828 23 17 be

498 3851 87 23 dragged
592 3851 51 17 forth
653 3852 21 16 at
680 3851 38 17 last
731 3851 39 17 and
783 3850 71 18 cooked
867 3850 20 17 iu
901 3850 32 18 the

498 3875 58 16 Brain
562 3875 44 16 Pot.
631 3874 59 22 Many
698 3874 64 19 heads,
771 3874 73 17 besides
856 3873 44 17 that
913 3874 21 16 of

498 3897 33 17 the
540 3897 122 18 unfortunate
678 3897 55 19 chief,
748 3903 32 11 are
795 3897 39 16 said
848 3898 20 15 to
885 3897 48 16 have

497 3920 48 17 been
554 3920 70 17 cooked
633 3920 18 16 in
660 3920 55 17 times
722 3921 45 21 past
779 3920 20 16 in
807 3920 39 17 this
859 3920 74 17 curious

498 3943 125 22 oval-shaped
631 3943 88 17 erection.
744 3943 95 17 However
845 3943 37 17 this
888 3948 44 17 may

497 3966 29 20 be,
537 3967 24 16 its
570 3967 49 21 grim
627 3966 111 22 occupation
750 3966 63 17 would
828 3971 71 17 appear
912 3967 20 16 to

498 3989 22 17 be
529 3989 129 22 irretrievably
673 3995 54 15 gone,
742 3989 31 16 for
785 3989 33 17 the
831 3989 48 16 faint
893 3988 29 17 sul-

496 4013 85 23 phurous
588 4012 62 17 fumes
663 4012 61 17 which
738 4017 44 11 now
795 4012 37 16 rise
847 4012 84 21 through

497 4035 32 18 the
538 4035 123 22 decomposed
674 4035 92 22 geyserite
779 4036 22 15 at
812 4035 34 16 the
857 4035 74 16 bottom

498 4059 62 17 would
568 4059 65 21 barely
642 4058 45 17 cook
696 4064 12 11 a
716 4058 102 22 mosquito.

519 4082 39 17 The
567 4082 90 21 grandest
668 4082 51 21 sight
733 4081 21 17 of
768 4081 26 16 all
811 4081 71 22 Sophia
894 4080 38 17 had

495 4104 87 17 reserved
590 4106 21 15 to
620 4104 32 18 the
660 4105 43 17 last.
728 4104 34 17 We
771 4110 49 11 were
827 4104 21 17 to
856 4104 75 16 witness

495 4133 24 11 an
529 4128 86 22 eruption
625 4128 20 17 of
653 4128 32 17 the
693 4128 47 22 king
748 4127 21 17 of
777 4132 82 18 geysers.
879 4127 39 17 Wai-

961 157 32 11 roa
1001 152 15 17 is
1025 158 24 11 an
1063 153 164 21 accommodating
1239 152 40 17 sort
1291 152 21 17 of
1326 157 65 16 geyser

961 174 48 17 since
1018 175 24 16 he
1049 176 39 16 will
1096 176 107 17 sometimes
1215 175 55 16 allow
1284 174 75 17 himself
1371 176 20 15 to

961 197 22 16 bo
992 198 70 16 coaxed
1070 199 40 17 into
1119 199 84 21 activity.
1229 198 50 21 Soap
1286 197 16 17 is
1308 203 11 11 a
1325 197 65 22 kindly

959 219 126 23 inducement,
1095 221 35 17 but
1138 221 16 17 if
1161 222 24 16 he
1194 221 33 17 has
1236 226 11 11 a
1254 220 107 22 preference
1375 220 15 17 it

958 242 15 17 is
983 242 30 17 for
1020 244 79 22 whisky.
1125 244 30 17 On
1164 244 39 17 this
1211 243 85 18 occasion
1305 248 27 11 we
1340 243 51 21 plied

959 265 39 17 iiim
1006 266 43 18 well
1058 267 47 17 with
1112 273 52 16 soap,
1174 266 38 18 and
1218 266 66 21 nearly
1290 265 53 17 three
1347 265 43 17 bars

958 294 48 11 were
1023 290 105 17 exhausted
1143 290 65 17 before
1223 289 32 17 the
1270 294 84 16 pressure
1371 289 20 16 of

959 312 57 17 water
1024 312 20 17 in
1053 313 32 16 the
1093 312 46 18 tube
1147 318 39 11 was
1194 311 80 18 relieved
1279 311 111 22 sufficiently

958 335 20 15 to
986 334 56 17 allow
1049 336 33 16 the
1089 335 114 22 imprisoned
1211 336 59 15 steam
1284 336 21 14 to
1318 339 71 16 escape.

958 357 38 17 But
1004 358 33 16 the
1046 358 53 18 effect
1107 364 39 12 was
1154 358 86 22 magical.
1257 357 77 22 Boiling
1342 357 38 16 furi-

958 380 53 22 ously
1030 381 33 17 the
1079 387 59 17 soapy
1154 383 59 15 water
1232 379 70 18 rushed
1321 381 21 16 to
1357 379 33 18 the

958 404 64 16 mouth
1032 404 20 17 of
1060 404 32 17 the
1100 404 69 20 orifice,
1178 404 37 17 and
1223 403 47 17 with
1279 409 11 10 a
1301 402 89 22 startling

957 431 42 11 roar
1018 432 26 17 up
1066 428 51 16 went
1135 427 33 17 the
1189 426 94 22 steaming
1308 426 81 19 column,

957 449 89 21 shooting
1053 450 68 21 higher
1129 450 38 17 and
1175 450 68 21 higher
1250 449 26 22 by
1286 449 104 21 spasmodic

957 471 88 23 impulses
1053 473 49 17 until
1110 473 15 16 it
1133 473 80 17 reached
1221 479 11 10 a
1242 471 67 22 height
1322 472 20 15 of
1356 471 22 16 be-

957 496 59 15 tween
1038 496 51 17 IdOft
1103 496 39 16 and
1164 496 28 16 200
1192 496 29 16 ft.
1258 495 37 16 For
1319 494 70 17 several

957 517 81 18 minutes
1055 518 32 17 the
1103 518 87 22 eruption
1207 517 106 20 continued,
1332 517 56 16 while

957 540 31 17 the
1006 541 53 17 earth
1075 541 99 20 trembled,
1192 541 37 17 and
1248 541 33 16 the
1305 539 84 18 children

957 563 71 18 danced
1036 564 60 17 under
1103 564 33 17 the
1152 564 86 22 feathery
1254 563 96 17 fountains
1367 562 20 17 of

957 591 55 17 spray
1021 587 68 22 falling
1107 587 25 17 150
1132 587 25 17 ft,
1173 592 59 17 away.
1258 586 51 18 Then
1323 585 45 17 with
1377 591 12 11 a

956 609 67 22 gurgle
1032 611 32 15 the
1073 611 67 16 waters
1149 610 47 17 sank
1204 610 47 16 back
1260 609 40 17 into
1309 609 33 17 the
1350 609 28 16 ori-

956 631 39 20 fice,
1004 632 38 17 and
1051 633 23 16 ail
1083 638 38 11 was
1129 633 53 21 quiet
1189 632 62 22 again.

1176 90 58 19 THE
1262 89 55 19 HOT
1345 89 92 19 LAKES
1465 89 172 24 CHRONICLE,
1665 91 190 22 WEDNESDAY,
1885 91 152 19 DECEMBER
2065 93 18 20 4,
2101 93 48 17 18D5

497 1109 56 17 YOU
565 1109 70 17 LOOK
649 1108 69 18 SICK!

546 1132 54 17 YOU
612 1131 68 18 FEEL
692 1132 70 17 SICK!

592 1155 54 17 YOU
658 1154 52 17 ARE
722 1155 59 17 SICK
790 1154 3 18 !

544 1201 77 17 WHAT
633 1200 68 18 WILL
713 1201 54 17 YOU
780 1201 34 17 DO
823 1202 8 16 ?

497 1247 27 18 IF
536 1247 55 18 YOU
604 1247 51 17 ARE
667 1247 65 17 WISE

544 1270 55 17 YOU
608 1270 67 17 WILL
687 1270 68 17 TAKE
762 1271 17 16 A
789 1270 100 17 COURSE
899 1271 32 16 OF

521 1293 136 17 CLEMENTS
670 1293 83 18 TONIC.

520 1322 39 17 The
567 1322 83 23 greatest
658 1323 100 16 renovator
772 1322 21 17 of
807 1329 11 10 a
832 1329 52 11 worn
898 1324 34 15 out

497 1346 70 21 system
576 1345 32 17 the
617 1345 59 17 world
684 1345 34 17 has
726 1351 43 11 ever
776 1351 48 14 seen,
831 1346 100 23 positively

497 1368 37 17 aiul
542 1367 131 23 permanently
682 1369 85 19 restores,
778 1369 66 22 manly
852 1369 77 22 virility,

496 1392 21 16 to
525 1397 58 16 prove
597 1390 61 17 which
672 1390 87 19 evidence
773 1392 16 16 is
803 1392 129 22 forthcoming

497 1414 49 18 from
555 1419 37 17 any
600 1415 82 21 quarter.

604 1460 69 17 READ
686 1461 60 16 THIS
759 1461 69 17 CASE.

499 1492 30 21 jVIr
546 1492 81 23 darrjes
639 1489 69 24 fJeill,
722 1489 144 22 Middlemnrsh,
875 1490 55 20 N.Z.,

557 1519 67 19 cured
642 1519 22 19 of
723 1512 62 18 writes
797 1519 23 10 on
830 1513 16 17 °
847 1515 19 15 <;t
868 1512 3 26 -
887 1513 37 17 2nd
925 1527 5 7 >

524 1550 15 3 _
559 1536 4 23 .
646 1550 15 9 „
696 1536 3 23 ,
724 1536 86 17 1804:—I
817 1536 48 17 have
871 1536 60 17 found

524 1550 69 17 Pains
608 1554 22 13 in
646 1548 62 19 Back
723 1559 95 17 Clements
837 1560 59 17 Tonic
912 1561 19 15 to

723 1581 25 18 be
772 1588 12 11 a
804 1583 127 17 wonderful

497 1606 97 17 medicine.
628 1606 8 16 I
654 1606 47 17 have
717 1604 46 17 been
781 1606 88 17 troubled
885 1606 46 17 with

497 1629 53 21 pains
558 1629 20 17 in
587 1635 32 16 my
627 1628 48 18 back
683 1628 37 18 and
736 1628 80 23 kidneys
830 1629 30 17 for
873 1629 59 17 about

496 1652 54 17 three
563 1658 60 15 years.
657 1653 9 15 I
679 1652 48 16 have
741 1651 49 17 tried
808 1652 26 16 all
849 1654 48 15 sorts
912 1653 20 15 of

496 1675 96 19 remedies,
602 1675 34 16 but
645 1675 45 21 they
701 1675 24 16 nil
742 1674 63 17 failed.
837 1676 15 16 A
870 1675 61 17 friend

497 1698 20 17 of
526 1698 50 17 mine
583 1698 76 17 advised
666 1704 28 11 me
701 1699 20 16 to
727 1699 30 20 try
766 1698 96 18 Clements
866 1698 65 20 Tonic,

496 1721 36 17 but
548 1722 49 16 after
613 1721 65 22 trying
691 1727 20 11 so
725 1726 57 17 many
798 1721 108 20 medicines,
922 1722 9 16 I

497 1745 83 21 tlioupht
590 1745 15 16 it
614 1745 68 16 almost
690 1744 68 18 useless
765 1745 20 16 to
791 1745 31 21 try
829 1750 37 17 any
873 1750 58 11 more.

498 1768 8 16 I
516 1767 59 23 really
583 1767 83 18 believed
675 1774 31 15 my
716 1773 41 12 case
766 1769 19 15 to
802 1767 23 17 be
839 1768 91 22 hopeless,

497 1790 35 17 but
541 1797 31 16 my
581 1790 61 17 friend
650 1788 63 19 would
722 1792 34 15 not
763 1791 25 16 bo
797 1790 73 18 denied.
901 1791 31 16 He

497 1814 42 17 sent
548 1820 29 11 me
590 1815 38 16 two
642 1814 69 16 bottles
724 1814 20 16 of
757 1814 95 17 Clements
867 1814 64 19 Tonic,

497 1837 61 17 which
569 1837 9 17 I
587 1837 117 17 commenced
717 1838 19 16 to
750 1837 51 19 take,
817 1837 38 17 and
868 1837 64 17 before

498 1860 9 17 I
516 1860 38 17 had
562 1860 80 17 finished
650 1860 32 17 the
687 1860 42 17 first
733 1860 67 19 bottle,
809 1861 10 16 I
824 1860 108 18 discovered

497 1889 32 16 my
538 1883 60 17 friend
607 1883 55 17 knew
670 1883 50 17 what
726 1883 24 17 he
758 1889 40 11 was
802 1884 117 17 recommend-

497 1907 39 20 ing',
546 1907 38 16 and
593 1907 9 16 I
612 1912 28 12 am
650 1912 44 12 very
704 1907 83 22 grateful
796 1908 20 16 to
830 1907 44 20 him,
892 1907 40 17 also

497 1931 21 15 to
526 1935 44 16 you.
596 1930 9 17 I
615 1935 32 11 can
661 1929 47 18 with
722 1929 107 18 confidence
842 1929 38 18 and
893 1930 30 17 sin-

497 1953 59 21 cerity
565 1952 117 17 recommend
692 1953 94 17 Clements
795 1953 59 17 Tonic
866 1954 19 15 to
894 1959 38 16 any

497 1981 67 16 person
574 1976 90 21 suffering
675 1976 46 16 with
737 1976 72 22 kidney
822 1976 109 22 complaint.

500 1999 6 16 1
529 1999 44 17 took
591 1999 59 17 about
670 1999 53 19 ci-rht
743 1999 55 17 small
818 1999 71 17 bottles
913 1999 20 17 of

498 2022 94 17 Clements
600 2022 63 20 Tonic,
673 2022 60 17 which
743 2022 83 17 resulted
835 2022 19 17 iii
864 2028 11 11 a
881 2028 39 11 com-

498 2045 50 20 plete
565 2046 83 16 cure.—l
665 2051 36 13 am,
718 2051 58 16 yours
793 2046 57 22 truly,
868 2046 65 17 James

499 2068 55 21 Ncill,
566 2068 140 19 Middlcmarsli,
716 2068 47 18 New
772 2068 89 18 Zealand.

1146 689 53 16 THE

972 711 138 29 Equitable
1124 712 124 28 Building
1265 711 108 29 Society-

997 760 134 17 CEHTIFICATE
1143 764 25 13 OF
1179 761 168 16 IXCOP'I'OKATION.

978 806 43 16 Tliis
1034 806 15 16 i.s
1063 807 20 16 to
1098 806 67 22 certify
1181 806 43 17 that
1237 806 33 17 the
1287 805 98 23 Equitable

955 828 91 23 Building
1054 829 75 22 Society
1138 835 37 11 was
1184 835 23 11 on
1221 828 33 18 the
1263 830 39 15 31st
1316 828 36 22 day
1367 828 19 17 of

955 851 106 20 December,
1074 853 5 15 1
1084 853 39 17 Si)2,
1134 851 46 23 duly
1187 851 130 23 incorporated
1328 851 58 18 under

955 874 32 18 the
994 874 104 22 provisions
1107 875 20 16 of
1155 875 39 16 The
1202 875 91 21 Building
1299 874 86 17 Societies

955 898 36 16 Act
1000 898 20 16 of
1030 898 50 16 1880.

978 921 62 16 Dated
1048 921 38 16 this
1095 921 41 17 31st
1144 920 37 23 day
1190 921 19 16 of
1218 920 106 21 December,
1336 921 48 16 1892.

1162 944 21 17 T.
1196 944 118 18 Blakexky,

1035 966 98 19 Registrar
1141 966 20 18 of
1170 966 90 19 Building
1268 966 94 17 Societies.

1053 1013 134 16 PKOPOSED
1200 1013 79 19 ISSUE,

1002 1035 112 27 150,000
1134 1036 94 22 Shares
1252 1036 28 22 at
1298 1035 33 26 £1

1026 1084 16 14 C
1050 1089 79 11 sim'ttke
1140 1089 21 11 of
1173 1084 125 16 Management
1305 1084 4 16 :

954 1105 47 16 Hod.
1011 1105 19 16 B.
1041 1105 14 15 B
1071 1105 78 16 Moreton
1166 1105 3 21 |
1179 1106 47 15 Hon.
1230 1105 46 16 John
1284 1105 99 16 Donaldson

1028 1126 77 16 Ai.-he.son
1114 1127 83 19 Ovcrend,
1208 1127 14 15 E
1231 1132 25 15 q.,
1270 1126 43 16 C.E.

1013 1154 71 15 STnxEY
1101 1155 61 14 Hoard
1173 1158 21 11 of
1206 1154 116 15 Beferinck:

955 1175 53 15 Bruce
1017 1175 58 19 Smith,
1086 1175 48 20 Esq.,
1167 1175 3 21 |
1190 1175 18 15 J.
1217 1175 19 15 F.
1244 1175 61 19 Buruß,
1314 1175 48 21 E.-q.,

1082 1195 26 18 W.
1122 1196 18 15 J.
1149 1196 62 19 Green,

955 1223 80 15 Bankers
1042 1223 4 20 :
1061 1223 37 16 Tho
1105 1223 111 16 Commercial
1227 1223 81 20 Banking
1319 1223 31 16 Co.
1368 1223 17 16 of

1103 1244 74 20 Sydney.
1194 1244 40 16 Ltd.

978 1266 78 22 Anyone
1065 1270 34 13 can
1108 1265 65 18 obtain
1182 1272 34 10 one
1225 1265 57 18 Share
1291 1272 50 16 upon
1354 1267 31 16 the

955 1291 89 19 payment
1054 1289 20 16 of
1082 1289 33 17 £l.
1140 1289 31 16 No
1180 1289 124 17 Shareholder
1316 1295 34 10 can
1363 1290 22 16 be

955 1312 54 17 made
1013 1312 55 16 liable
1071 1311 30 19 for
1103 1317 38 18 any
1144 1312 91 23 payment
1237 1311 75 24 beyond
1314 1312 34 18 the
1353 1312 32 17 £l.

978 1335 34 17 See
1026 1335 146 17 advertisement
1188 1335 18 16 in
1223 1335 102 20 Victorian,
1340 1335 45 17 New

955 1358 59 17 South
1094 1358 37 17 and
1145 1358 119 19 Queensland
1278 1363 72 18 papers,
1366 1364 19 11 as

954 1383 19 14 to
983 1381 125 16 Distribution
1115 1382 20 16 of
1140 1381 76 22 Sydney
1223 1381 43 22 City
1272 1380 36 19 and
1314 1382 60 16 Subur-

954 1404 36 16 ban
1001 1404 104 23 Properties
1115 1404 61 18 which
1186 1404 37 17 will
1236 1404 43 17 take
1294 1404 52 23 place
1362 1411 23 11 on

955 1427 43 17 20th
1008 1427 108 21 December,
1126 1429 50 15 189.).

978 1451 37 16 For
1025 1451 33 16 full
1068 1450 112 23 particulars
1188 1450 37 17 and
1234 1451 112 21 Prospectus
1353 1457 22 16 ap-

954 1474 33 21 ply
995 1476 20 14 to
1025 1473 103 23 Secretary,
1138 1474 40 19 212,
1188 1474 65 18 Queen
1262 1474 66 19 Street,
1335 1474 40 17 Bris-

954 1497 54 19 bane,
1018 1502 22 12 or
1048 1497 22 17 G.
1080 1497 20 17 C.
1111 1497 102 20 Chalmers,
1221 1497 29 19 72,
1265 1497 41 17 Pitt
1319 1497 66 20 Street,

955 1518 81 24 Sydney,
1048 1519 41 18 who
1104 1520 39 17 will
1157 1521 30 16 act
1199 1526 21 11 as
1234 1521 64 21 Agent
1312 1521 29 16 for
1355 1520 31 17 the

955 1542 73 23 Society
1037 1543 18 16 in
1066 1543 46 16 New
1122 1543 59 16 South
1190 1543 68 17 Wales.

977 1565 53 19 State,
1046 1568 79 14 amount
1142 1565 107 19 forwarded'
1261 1566 37 17 and
1314 1566 72 18 enclose

954 1589 37 17 two
1000 1589 86 22 stamped
1098 1589 100 17 addressed
1213 1589 104 22 envelopes.
1350 1590 24 16 Ke-

954 1612 59 19 jrister
1021 1611 61 19 letter.
1356 1613 11 11 •

957 1681 151 45 Rotof
1112 1694 61 33 ua
1192 1681 194 56 Bakery

1190 1811 174 51 BHI

970 1881 104 30 BAKER
1086 1881 25 30 &
1122 1881 253 31 CONFECTIONER.

1010 1968 84 22 Bread
1108 1968 132 23 delivered
1256 1968 77 29 daily.

1008 2038 165 24 GROCERIES,

1152 2070 144 21 DRAPERY,

1147 2114 43 13 AND

956 2142 124 19 GENERAL
1085 2143 206 18 STOREKEEPER'S
1298 2144 89 17 GOODS.

1005 2191 135 41 HORACE
1161 2178 212 54 STEWARTr'"

956 2249 108 21 SADDLE,
1079 2249 125 21 HARNESS,
1218 2249 53 18 AND
1288 2249 101 18 COLLAR

1124 2277 100 20 MAKER,

955 2310 72 17 Wishes
1036 2310 20 16 to
1067 2310 63 22 notify
1144 2310 31 17 tlio
1188 2310 68 18 Public
1272 2310 19 17 of
1304 2310 85 18 Rotorua

955 2333 37 17 <iikl
1013 2333 128 23 surrounding
1161 2333 74 17 district
1253 2333 42 17 tliat
1312 2333 23 17 ho
1355 2333 34 17 has

955 2356 120 17 commenced
1085 2356 85 17 business
1181 2356 20 17 in
1216 2357 32 16 the
1256 2356 59 17 above
1323 2357 38 16 line
1369 2357 19 16 in

955 2379 32 17 the
995 2379 89 22 promises
1092 2379 105 23 belonging
1205 2380 20 16 to
1237 2380 21 16 B.
1274 2380 18 16 S.
1310 2380 77 20 Corlett,

955 2403 73 17 Fenton
1038 2402 68 21 Street,
1116 2408 24 11 on
1149 2403 32 16 the
1193 2403 84 21 opposite
1291 2408 65 12 comer
1369 2404 20 16 to

955 2425 32 17 the
997 2425 64 17 Grand
1070 2425 66 21 Hotel,
1146 2425 37 18 and
1192 2426 70 17 solicits
1270 2432 11 11 a
1290 2426 36 17 /air
1335 2426 54 17 share

955 2448 20 18 of
983 2450 111 20 patronage.

978 2472 73 17 Collars
1059 2472 55 17 made
1128 2473 20 15 to
1161 2477 84 12 measure
1259 2478 23 11 011
1298 2472 33 17 the
1345 2478 32 16 pre-

955 2495 54 17 mises
1018 2501 12 11 u
1038 2495 103 22 speciality.

978 2518 125 22 Lengthened
1111 2517 109 23 experience
1228 2518 20 17 in
1256 2518 26 17 all
1291 2518 67 17 classes
1369 2519 20 16 of

955 2540 94 18 Saddler's
1057 2541 59 17 work.
1142 2542 31 15 All
1181 2541 64 17 orders
1253 2542 96 21 promptly
1358 2543 20 15 at-

954 2564 67 16 tended
1035 2565 25 16 to.

1175 2643 33 39 M.
1245 2641 118 47 SIMON,

1150 2694 61 24 (Lata
1219 2693 22 19 of
1249 2694 137 24 Melbourne.)

1161 2744 113 16 Practical
1293 2744 83 17 Tailor.

1150 2815 105 23 Clothes
1268 2817 75 20 made
1361 2817 27 20 to

1176 2841 75 23 order
1269 2848 33 16 en
1317 2841 45 23 the

1202 2867 135 23 shortest

1222 2893 93 23 notice.

1161 2989 55 19 Stvie
1227 2997 8 9 h
1254 2989 10 18 (1
1279 2989 33 19 Fit
1323 2991 34 16 rot
1369 2992 20 15 to

1114 3031 5 1 -
1150 3015 125 25 bftqtial-d
1295 3021 17 12 ai
1331 3019 56 15 town

1149 3052 111 19 Address:
1277 3051 111 19 ArnwaSt.

1077 3081 30 17 W?
1220 3077 102 20 Roioiua.

958 3163 137 23 BARBER
1109 3165 22 21 &
1147 3164 235 23 HAIRDRESSER

984 3328 56 19 HAS
1053 3327 113 19 OPENED
1186 3327 48 19 1118
1249 3326 113 24 SALOON,

958 3384 78 19 NEXT
1053 3383 74 20 DOOR
1142 3383 34 19 TO
1189 3383 41 19 MR
1246 3383 143 20 SAMSON'S.

999 3488 89 18 Setting
1101 3488 81 18 Razors
1195 3494 11 12 a
1222 3487 120 19 Specialty.

1143 3531 35 42 jQ
1199 3531 16 17 O
1232 3531 17 16 R
1268 3531 16 16 L
1300 3530 17 17 E
1335 3532 15 15 T
1366 3532 21 19 T,

1061 3586 220 22 architect,

1035 3621 98 24 Building
1148 3621 107 24 Purveyor,
1274 3621 34 18 Ac.

957 3661 70 23 Agent
1048 3659 33 19 for
1099 3658 35 19 the
1157 3657 96 20 Naiionnl
1279 3657 45 19 Fire
1347 3657 39 19 and

1047 3685 82 19 Marine
1135 3684 113 19 Insurance
1259 3685 36 18 C<>.

1021 3735 87 19 oko
1123 3734 11 19 i
1151 3735 17 18 a
1239 3733 72 46 yi
1326 3733 57 20 nv

1108 3785 125 20 PRIVATE

955 3817 244 35 BOABBIHG
1217 3817 170 32 HOUSDK,

957 3878 111 26 Opposite
1082 3877 40 20 the
1138 3878 53 18 Post
1202 3876 46 19 and
1258 3876 129 27 Telegraph

1133 3902 78 21 Office.

955 3937 45 19 And
1021 3942 49 13 near
1091 3935 33 19 the
1144 3933 119 21 Celebrated
1288 3933 98 20 PRIEST

995 3961 117 21 RACHEL
1129 3968 18 11 ai
1155 3961 12 18 d
1180 3960 57 19 other
1248 3959 98 24 BATHS,

1099 3986 144 21 ROTORUA.

987 4040 116 40 MRS
1145 4037 207 48 YOUNG,

1088 4088 170 18 Proprietress.

1032 4119 96 20 TERMS
1143 4117 164 20 MODERATE.

1608 1097 485 60 STREW'S

1414 1207 163 55 HOT
1622 1207 339 56 SPRINGS
2010 1207 282 61 HOTEL,

1688 1298 325 52 TOKAANU.

1513 1446 19 17 A
1553 1445 115 19 First-class
1683 1446 40 18 and
1740 1446 46 19 well
1796 1446 111 25 appointed
1915 1446 70 19 House
1998 1446 120 19 convenient
2128 1447 21 17 to
2159 1446 35 18 tho

1410 1498 97 32 HOT
1522 1498 202 33 SPRINGS
1748 1499 34 32 Sr
1800 1499 236 32 NATURAL.
2053 1497 247 34 WONDERS,

1436 1556 57 20 lIOT
1517 1556 93 19 BATHS
1632 1563 25 12 on
1674 1557 35 19 the
1728 1559 104 23 premises.
1869 1558 43 19 The
1922 1558 96 25 stopping
2028 1557 71 19 House
2109 1557 33 19 for

1521 1587 66 22 THE
1611 1586 61 23 SPA
1695 1588 109 23 HOTEL
1831 1588 168 23 COACHING
2023 1588 166 23 COMPANY.

1436 1639 90 19 Coaches
1540 1639 66 19 arrive
1617 1640 50 19 from
1677 1640 72 26 Taupo
1759 1640 120 26 Thursdays
1888 1640 39 20 nnd
1944 1640 100 21 Sundays,
2056 1640 40 20 and
2111 1640 58 19 leave
2184 1640 32 18 for
2230 1639 70 25 Taupo

1410 1665 88 26 Fridays
1507 1666 40 18 and
1557 1665 105 26 Mondays.

1656 1718 197 20 MODERATE
1875 1719 176 20 CHARGES.

1667 1816 111 19 BEFORE
1793 1816 148 19 ORDERING
1951 1816 64 20 ELSE-

1631 1874 108 21 WHERE
1750 1875 59 19 TIIE
1828 1875 105 21 rUBLIC
1946 1876 57 19 ARE
2021 1876 29 20 IN-

1669 1934 87 20 VITED
1772 1935 34 19 TO
1820 1935 70 19 CALL
1904 1935 59 19 AND
1975 1936 50 18 SEE

1711 1994 67 19 NEW
1794 1994 145 20 MATERIAL
1956 1995 33 18 IN

1633 2053 162 24 SUITINGS,

1711 2103 170 28 COATINGS,

1778 2153 171 28 VESTINGS,

1829 2262 238 28 TROUSERINGS,

1658 2378 32 40 H,
1724 2378 39 40 W.
1801 2378 242 40 NEIGHBOUR'S.

1861 2477 345 86 HOTEL,

1714 2591 292 62 TAUPO,

1435 2672 41 18 One
1484 2672 37 17 an.l
1530 2678 12 10 a
1550 2672 41 16 half
1599 2671 51 17 miles
1659 2671 50 17 from
1717 2671 32 16 the
1758 2671 47 16 Post
1814 2670 64 17 Office.
1904 2669 30 17 All
1942 2670 82 17 Coaches
2031 2671 48 16 from
2085 2670 97 20 Tokaanu,
2189 2669 71 22 Napier
2264 2669 38 17 and

1411 2696 86 16 Rotorua
1505 2701 31 11 are
1545 2696 39 16 met
1591 2694 26 23 by
1625 2695 32 16 the
1686 2694 38 22 Spa
1751 2693 88 21 Coaches,
1849 2693 39 17 and
1896 2693 75 17 visitors
1979 2693 95 23 conveyed
2086 2695 21 15 to
2121 2693 33 17 the
2192 2693 37 22 Spa
2264 2693 38 17 free

1801 2717 21 16 of
1830 2717 75 21 charge.

1437 2747 44 19 Tho
1620 2747 16 17 is
1648 2746 36 18 tho
1695 2745 66 19 Home
1771 2745 21 19 of
1803 2745 34 19 the
1848 2745 87 18 Famous
1951 2745 93 23 Crow's
2058 2745 67 23 Nest
2141 2745 107 29 Geyser,
2267 2745 34 19 the

1411 2773 84 18 Witches
1503 2773 101 19 Cauldron,
1617 2772 124 22 Champagne
1754 2772 77 22 Geyser,
1849 2771 61 22 Milky
1924 2771 75 22 Geyser,
2018 2771 108 22 Flesh-pot,
2142 2771 91 22 Porridge
2250 2771 50 21 Pots,

1411 2796 123 20 Blow-holes,
1545 2796 81 17 Hannah
1636 2796 76 21 Geyser,
1721 2795 34 17 the
1763 2795 67 16 Lesser
1843 2794 70 17 Crow's
1926 2794 52 19 Nest,
1992 2794 65 18 Venus
2073 2794 57 19 Bath,
2145 2795 75 16 Satan's
2236 2794 64 23 Glory,

1412 2820 40 17 Salt
1462 2820 76 22 Spring,
1548 2818 147 20 Paddle-wheel,
1705 2818 37 17 and
1751 2818 69 17 several
1831 2818 54 16 other
1893 2817 61 23 sights
1960 2818 20 16 of
1987 2818 84 16 interest.
2097 2817 78 17 Guide's
2184 2818 28 16 fee
2220 2818 21 16 2s
2257 2818 44 16 each

1411 2848 75 17 person.

1435 2866 39 17 The
1483 2865 76 18 HUKA
1571 2864 85 19 FALLS.
1681 2865 81 16 Visitors
1771 2866 20 15 to
1800 2864 32 17 the
1923 2864 95 22 conveyed
2027 2864 38 17 fret;
2074 2864 20 17 of
2102 2864 75 22 charge.

1436 2912 39 17 The
1481 2911 160 18 accommodation
1650 2912 20 16 at
1678 2911 33 17 the
1739 2911 39 22 Spa
1827 2911 26 17 all
1862 2910 42 17 that
1919 2916 34 11 can
1969 2911 23 16 he
2009 2910 79 17 desired.
2121 2911 63 21 Every
2200 2911 103 17 Bed-room

1413 2935 108 17 over-looks
1530 2936 31 16 the
1571 2934 89 18 Gardens.
1686 2934 76 17 Private
1771 2934 62 17 Suites
1841 2935 21 16 of
1870 2934 128 22 Apartments.
2029 2934 61 22 Largo
2105 2933 155 23 Drawing-room
2275 2935 28 16 for

1413 2958 73 17 Ladies.
1512 2958 127 17 Comfortable
1648 2957 162 21 Sinoking-room.

1437 2982 53 17 THE
1503 2981 84 17 MAORI
1600 2980 102 18 CAKVED
1715 2980 97 17 DINING
1824 2980 72 17 HALL
1904 2981 49 16 seats
1965 2986 35 11 one
2013 2980 87 17 hundred
2114 2985 78 17 persons
2206 2980 38 17 and
2258 2986 33 12 con-

1413 3005 50 16 tains
1472 3005 25 16 all
1507 3005 84 21 M'parato
1601 3004 58 16 tables
1669 3004 29 16 for
1706 3003 74 22 private
1788 3003 70 22 parties
1867 3009 21 11 or
1898 3003 76 17 friends.

1437 3028 53 17 THE
1498 3027 87 18 LARGE
1593 3027 58 19 HOT,
1662 3026 67 17 COLD
1738 3027 14 16 &
1762 3027 79 16 TEPID
1847 3026 139 17 SWIMMING
1992 3027 70 16 BATH
2070 3026 75 22 adjoins
2153 3026 33 17 the
2194 3025 108 19 Bedrooms.

1436 3051 40 17 Tlio
1486 3051 23 16 SI
1519 3050 89 17 LPHUK
1616 3050 68 17 BATH
1694 3050 15 16 is
1718 3050 76 22 equally
1803 3050 104 17 efficacious
1915 3055 20 11 as
1942 3050 31 16 the
1980 3050 73 16 famous
2060 3050 61 17 Priest
2127 3050 50 16 Bath
2184 3050 20 16 of
2212 3050 90 17 Rotorua.

1436 3074 40 17 The
1484 3074 78 17 TEPID
1575 3073 68 17 BLUE
1657 3073 68 17 BATH
1734 3074 16 15 is
1758 3078 46 17 very
1811 3072 112 23 refreshing.

1623 3096 51 17 ALL
1682 3096 84 16 BATHS
1775 3097 38 15 free
1822 3098 20 15 to
1850 3096 80 16 Visitors
1938 3097 20 15 to
1967 3096 32 16 the

1466 3121 11 18 1
1483 3121 26 18 lie
1520 3119 92 20 Grounds
1622 3126 34 12 are
1669 3119 41 18 leid
1720 3123 35 15 out
1772 3119 20 18 in
1809 3119 68 19 choice
1898 3119 120 23 Rose-beds,
2039 3119 142 22 Shrubberies,
2198 3119 103 18 Beautiful

1413 3147 94 22 Flowers,
1520 3146 50 19 l'ine
1580 3145 134 23 Plantations,
1726 3145 51 19 Turf
1787 3145 75 20 Tennis
1880 3145 69 23 Lawn,
1965 3145 127 19 Promenade
2112 3145 41 18 and
2172 3145 130 19 Ornamental

1412 3173 80 18 Lawns.

1466 3198 57 19 Good
1534 3198 62 19 Grass
1605 3197 111 22 Paddocks,
1728 3196 103 26 Stabling,
1843 3197 67 19 Horso
1919 3197 61 23 Feed,
1991 3198 33 19 &c.

1856 3229 11 11 o

1413 3248 116 23 Visitors
1544 3246 133 30 conveyed
1686 3246 54 23 free
1752 3246 28 23 of
1789 3246 95 29 charge
1893 3248 28 21 to
1930 3248 69 21 meet
2009 3246 37 24 all
2062 3246 110 23 coaches
2184 3246 104 30 proceed-

1697 3273 46 28 ing
1756 3274 28 21 to
1799 3272 120 23 different
1934 3274 79 28 parts.

1547 3321 124 24 TARIFF
1682 3321 4 24 :
1706 3323 34 17 10s
1753 3321 57 19 PER
1825 3321 65 19 DAY.
1918 3321 29 19 £2
1964 3323 34 17 10s
2008 3322 56 19 PEE
2075 3321 95 20 WEEK.

1439 3372 79 25 Special
1526 3372 124 19 concessions
1657 3373 20 16 to
1685 3370 97 19 Families
1789 3371 39 18 and
1837 3371 56 24 large
1901 3372 75 24 parties
1982 3371 87 25 making
2074 3378 12 12 a
2093 3371 125 25 lengthened
2224 3374 52 22 stay.

1413 3420 88 20 Visitors
1512 3427 47 19 may
1568 3420 123 24 confidently
1702 3423 62 15 count
1773 3426 54 19 upon
1838 3426 59 19 every
1907 3427 45 12 care
1962 3420 40 19 and
2011 3420 100 19 attention
2121 3423 21 16 to
2152 3420 53 19 their
2210 3421 90 23 comfort,

1713 3446 39 19 and
1763 3446 76 25 civility
1848 3447 50 18 from
1909 3446 34 18 the
1953 3447 54 18 staff.

1516 3472 115 20 First-class
1639 3472 72 19 Table.
1845 3472 126 19 Abundance
1980 3473 22 18 of
2011 3473 58 19 Fruit
2079 3473 22 19 ill
2111 3473 83 19 Season.

1411 3499 42 19 Tea
1463 3499 40 19 and
1514 3499 68 19 Coffee
1592 3498 70 19 served
1674 3499 19 18 in
1710 3499 35 18 tlio
1763 3499 79 24 Dining
1858 3498 49 18 Ilall
1926 3499 105 24 mornings
2050 3499 40 19 and
2107 3499 124 19 afternoons.
2267 3499 34 19 No

1782 3530 58 13 extra
1850 3524 81 25 charge.

1545 3577 103 33 THE
1702 3578 90 32 SPA
1839 3577 241 32 COACHING
2104 3577 64 32 CO.

1590 3619 43 16 Bun
1641 3619 84 17 Coaches
1733 3619 21 16 to
1763 3619 33 16 the
1803 3618 99 22 following
1909 3618 63 22 places
1980 3618 21 17 of
2008 3618 115 17 interest:—

1412 3650 134 23 Tokaanu,
1556 3649 117 25 Thursdays
1683 3650 40 18 ard
1737 3649 101 25 Sundays.
1866 3649 52 18 Fare
1928 3651 28 17 ss.

1415 3675 135 24 Wairakei
1564 3675 120 29 Geysers,
1695 3676 62 24 daily,
1769 3675 94 25 Sundays
1872 3675 100 18 included.
2001 3675 52 20 Fare
2063 3678 22 16 2s
2095 3675 33 19 6d.

1410 3707 153 17 ARATEATEA
1571 3707 100 20 RAPIDS,
1681 3707 57 22 daily.
1764 3707 49 17 Fare
1824 3708 19 15 3s
1851 3706 31 17 6d.

1411 3730 145 17 ROTOKA.WA
1568 3730 123 17 SULPHUR
1702 3730 78 17 LAKE.
1805 3730 48 17 Fare
1861 3730 20 17 7s
1888 3730 31 20 Gd,
1928 3735 38 16 any
1974 3730 52 17 time.

1434 3807 146 40 JECKLIN
1671 3807 134 40 &
1806 3805 22 45 COTTER.
1966 3795 40 41 *•

1485 3883 114 19 FAMILY
1615 3883 156 24 BUICBERB,

1464 3939 80 19 Ahawa
1567 3938 91 23 Steeet,
1681 3938 108 20 Eotohua.

1437 3987 59 20 Have
1507 3989 20 18 to
1538 3986 64 20 thank
1613 3986 35 20 the
1657 3986 76 20 Public
1747 3987 23 19 of
1780 3987 49 20 Eoto-

1411 4021 36 12 rua
1462 4014 33 19 for
1504 4015 45 23 past
1559 4013 83 19 favours
1651 4014 39 17 and
1703 4014 37 23 beg
1751 4015 21 17 to
1789 4016 52 17 state

1411 4040 48 25 they
1472 4040 40 18 will
1529 4040 96 19 coi.tinue
1644 4041 21 16 to
1681 4040 59 19 merit
1758 4041 85 23 support

1411 4066 25 26 by
1448 4066 107 26 providing
1566 4065 34 20 the
1611 4065 43 19 best
1662 4066 78 24 quality
1751 4065 22 19 of
1790 4069 50 16 meat

1482 4114 36 20 AT
1533 4114 116 20 LOWEST
1664 4114 106 20 PRICES.

1993 3862 174 21 FRUITERER.

1890 3902 57 20 Next
1957 3902 100 20 Saddler's
2071 3903 57 25 shop,
2139 3904 133 20 Ohinemutu.

1867 3934 44 19 Has
1922 3934 74 24 always
2012 3941 10 12 a
2038 3934 51 25 grcd
2104 3936 74 24 supply
2193 3936 23 19 of
2234 3936 64 21 Fresh

1940 3960 65 24 Fruit,
2016 3961 49 18 both
2079 3961 51 19 loeal
2139 3962 39 19 and
2189 3962 24 19 im-

1990 3986 72 25 ported
2072 3993 27 12 on
2110 3986 60 21 hand.

2033 4012 92 24 Aiso,

1988 4038 19 19 A
2027 4038 146 20 well-assorted

1918 4063 56 19 slock
1985 4064 22 19 of
2017 4063 87 24 Biscuit,
2116 4064 118 21 Confection-

1865 4095 35 19 ery
1909 4089 40 19 and
1959 4091 92 18 Summer
2064 4089 78 20 Drinks
2154 4092 22 18 at
2191 4092 106 21 Moderate

2041 4116 77 21 Prices.

972 4213 101 40 Ask
1099 4211 72 42 for
1195 4208 267 43 Hancock's
1492 4207 278 41 Celebrated
1811 4206 190 42 XXXX
2025 4206 115 44 Ales
2167 4211 94 40 and
2285 4211 151 42 Stout.

1522 153 153 52 THE
1724 153 154 52 HOT
1933 153 256 52 LAKES
2243 154 402 71 DJSTRICT.

1648 233 91 19 Tourists
1749 234 40 18 and
1802 235 92 18 Invalids
1903 234 84 24 visiting
1997 233 33 19 the
2041 234 141 19 Wonderland
2191 235 22 18 of
2222 235 50 18 New
2281 235 92 19 Zealand
2382 235 42 19 will
2430 235 43 19 find
2483 237 34 18 the
2547 233 4 25 '

1600 275 436 75 GRAND
2130 276 245 76 HOT
2401 277 162 83 EL,

1891 365 397 63 ROTORUA,

1507 432 52 16 most
1569 429 87 25 elegant,
1667 429 132 19 comfortable
1808 430 40 18 and
1861 430 43 18 best
1915 428 108 25 appointed
2034 430 155 18 establishment
2198 430 21 18 in
2239 430 51 19 New
2305 430 98 24 Zealand,
2422 432 16 17 it
2457 430 63 26 being
2535 431 76 25 replete
2628 432 127 25 throughout

1418 451 24 20 -1-
1882 454 49 19 with
1942 454 34 19 the
1985 458 54 15 most
2052 455 83 19 modern
2149 456 149 18 conveniences.

1438 480 58 19 THE
1509 480 93 20 HOTEL
1620 480 17 18 is
1655 480 20 19 in
1695 480 35 18 the
1748 480 117 20 immediate
1880 479 168 26 neighbourhood
2068 481 21 19 of
2107 481 35 19 the
2160 481 73 22 Priest,
2252 480 84 24 Rachel,
2355 482 126 19 Postmaster
2504 482 41 19 and
2561 482 57 19 other
2634 482 67 23 baths,
2720 484 35 18 the

1411 506 90 19 curative
1511 506 111 25 properties
1633 506 20 18 of
1663 505 66 19 which
1745 513 34 12 are
1795 506 148 18 world-famed.
1972 505 53 19 Bath
2037 506 66 19 chairs
2114 507 40 18 and
2164 507 118 18 attendants
2291 513 35 12 are
2335 508 98 24 provided
2444 511 21 15 to
2477 514 77 18 convey
2569 508 88 19 invalids
2674 512 21 15 to
2712 510 43 17 and

1411 532 52 18 from
1474 532 34 18 the
1518 533 81 17 various
1613 531 140 19 bath-houses.
1782 532 43 18 The
1836 532 106 18 bedrooms
1952 531 40 18 and
2011 532 86 25 retiring
2117 538 68 14 rooms
2203 538 34 12 are
2255 533 58 18 fitted
2331 533 48 19 with
2407 533 76 25 special
2495 534 75 24 regard
2584 536 20 16 to
2620 534 35 18 the
2671 535 82 24 require

1412 560 65 16 ments
1487 558 22 18 of
1517 560 71 22 guests
1597 557 19 18 in
1628 557 68 19 search
1707 558 22 18 of
1738 558 91 18 renewed
1841 557 97 24 strength.

1437 583 44 18 The
1493 583 63 19 Baths
1567 587 21 15 at
1600 583 34 18 the
1642 583 128 19 Sanatorium
1783 584 53 18 have
1848 583 96 19 attracted
1956 589 59 17 mary
2025 583 82 19 visitors
2125 584 22 18 of
2166 584 41 18 lato
2225 590 70 18 years;
2321 586 95 23 amongst
2432 585 59 18 those
2504 585 45 19 who
2557 585 51 19 have
2620 585 63 19 found
2693 586 60 18 relief

1412 607 32 20 bei
1453 608 35 19 the
1498 609 145 23 convalescent,
1655 615 92 16 nervous,
1758 609 119 21 rheumatic,
1889 608 39 19 and
1940 608 99 25 sleepless.

1438 633 91 20 Rotorua
1540 634 17 19 is
1567 633 4 28 t
1576 635 25 18 lie
1619 639 67 14 centre
1705 635 51 18 from
1776 635 65 18 which
1861 634 26 19 all
1909 634 67 24 points
1986 634 22 18 of
2017 634 83 19 interest
2110 635 21 18 in
2149 635 36 19 the
2196 635 94 19 Thermal
2300 635 87 25 Springs
2403 636 86 19 District
2505 643 47 18 may
2566 636 25 19 be
2606 637 91 23 reached,
2716 637 39 19 and

1411 660 75 24 special
1496 660 95 19 facilities
1602 667 33 12 are
1644 660 97 25 provided
1751 661 32 18 for
1790 660 58 19 those
1856 660 20 18 in
1887 660 69 18 search
1966 660 22 18 of
1995 660 34 19 the
2040 660 101 19 beautiful
2152 661 41 18 and
2208 661 127 18 marvellous.

1503 691 182 18 MAGNIFICENT
1698 691 178 17 APARTMENTS.
2006 691 85 18 LOFTY
2103 692 147 17 BEDROOMS.
2368 693 116 18 PERFECT
2500 694 161 18 SANITATION.

1556 715 26 18 In
1592 715 56 18 sliort
1657 721 13 12 a
1679 720 125 13 first-class
1818 714 173 19 ESTABLISHMENT
2001 714 87 26 offering
2096 715 61 25 equal
2167 715 95 18 comforts
2271 717 21 16 to
2302 715 35 19 the
2345 715 46 19 best
2405 717 66 19 hotels
2481 717 21 19 in
2512 717 86 25 Europe.

2078 748 11 11 o

1651 766 87 22 Suites
1754 767 28 22 of
1794 766 169 29 Apartments
1973 766 67 22 with
2051 767 98 28 special
2163 767 156 23 attendance
2334 767 39 23 for
2389 767 130 24 Families-

1412 800 98 25 Spacious
1521 799 126 19 Promenade
1657 800 112 23 Balconies,
1779 800 58 25 Snug
1851 800 90 23 Alcoves,
1953 800 39 19 and
2009 800 127 25 luxuriously
2154 801 109 25 appointed
2274 801 103 26 Drawing,
2397 802 72 23 Music,
2486 802 151 25 Conversation,
2653 803 101 25 Reading,

1865 825 99 26 i-moking
1973 827 39 18 and
2023 827 86 19 Billiard
2120 822 83 24 Rooms.
2231 827 70 19 Baths.

1698 860 118 19 SPECIAL
1829 859 161 20 ATTENTION
2004 860 69 20 PAID
2086 861 34 19 TO
2135 861 118 19 CUISINE
2267 861 60 19 AND
2341 861 127 20 SERVICE.

1436 892 34 19 All
1479 892 179 19 communications
1670 891 28 25 by
1707 891 60 19 letter
1778 898 23 12 or
1813 891 97 24 telegram
1921 891 41 19 will
1972 893 76 18 receive
2058 895 80 24 prompt
2149 893 106 19 attention.

1468 943 76 43 w.
1576 944 53 42 A.
1657 941 312 51 BOULTON,
2301 971 18 7 -
2443 945 250 56 Manager.

1883 1002 59 23 (Lato
1952 1002 21 18 of
1982 1002 114 19 Grosvenor
2106 1002 69 23 Hotel,
2187 1002 80 24 Sydney
2277 1002 7 24 )

2324 1069 164 42 ROTORUA
2510 1070 91 41 BOOT
2622 1072 26 39 &
2665 1072 91 40 SHOE

2476 1129 125 40 DEPOT,

2322 1458 18 18 A
2361 1458 67 26 Large
2448 1460 61 20 Stock
2530 1463 21 18 of
2568 1462 93 24 German,
2678 1462 79 19 French

2392 1486 41 19 and
2442 1486 93 21 Colonial
2545 1488 61 19 Boots
2616 1488 76 26 always

2487 1514 21 19 in
2526 1514 66 19 Stock.

2324 1548 67 20 BEST
2399 1549 153 21 MATERIAL.
2588 1552 32 18 BF
2625 1552 30 19 ST
2665 1552 91 19 WORK.

2403 1587 158 19 AUCKLAND
2571 1588 106 20 PRICES.

2324 1635 164 24 Hand-sewn
2500 1637 77 23 Boots
2587 1644 14 16 a
2616 1638 140 30 Specialty.

2350 1698 115 23 Visitors
2475 1700 27 21 to
2517 1699 44 22 the
2576 1699 54 24 Hot
2637 1700 92 24 Lakes.

2514 1751 57 19 TIIE

2354 1777 175 47 Palace
2565 1778 160 56 Hotel,

2328 1836 64 16 Mtuiit
2406 1834 12 18 d
2443 1834 18 19 in
2488 1835 34 19 the
2545 1834 50 20 New
2618 1836 139 20 Government

2324 1860 108 24 Township
2448 1867 19 12 in
2485 1867 53 13 Ciose
2556 1862 107 25 proximity
2682 1865 22 16 to
2723 1862 36 20 the

2324 1886 71 23 Baths,
2413 1886 135 25 Sanatniium,
2569 1888 48 19 Post
2639 1889 61 19 Office
2718 1896 20 12 ar
2747 1890 11 18 d

2324 1912 92 25 Rai.way
2424 1914 88 19 Station.

2350 1965 42 18 The
2404 1966 61 18 ITotel
2477 1966 16 19 is
2510 1966 125 26 luxuriously
2651 1967 106 20 furnished

2324 1991 39 19 and
2375 1992 78 21 replete
2463 1992 47 20 with
2519 1999 56 19 every
2585 1994 134 19 convenience
2727 1994 32 19 for

2325 2018 86 19 tourists
2421 2018 39 19 and
2470 2018 75 20 others.
2575 2020 19 18 It
2615 2027 10 12 c
2640 2020 91 19 mrnands
2748 2027 9 11 a

2324 2044 93 24 splendid
2428 2046 48 18 view
2487 2046 21 18 of
2519 2045 34 19 the
2561 2045 55 20 Lake
2627 2047 37 18 and
2674 2046 16 19 is
2700 2046 46 19 with-

2326 2070 18 18 in
2355 2077 46 18 easy
2413 2078 67 12 access
2493 2072 21 18 of
2531 2071 33 20 Ihe
2580 2073 77 24 Geyser
2673 2073 84 25 Springs

2356 2096 188 22 Whakarewarewa
2554 2105 17 12 a-
2581 2098 12 19 d
2604 2099 26 19 all
2642 2099 33 20 the
2693 2099 64 25 eights

2338 2122 8 19 f
2357 2123 35 19 the
2401 2123 85 20 district.

2338 2149 33 19 All
2382 2149 107 26 telegrams
2500 2151 102 25 promptly
2613 2152 95 20 attended
2717 2154 28 18 to.

2392 2202 86 32 JOHN
2507 2203 182 32 JOHNSTON.

2460 2241 169 18 PROPRIETOR.

2355 2291 184 45 Robert
2573 2291 156 46 Wake

2327 2370 39 46 I)
2373 2370 52 20 EGS
2434 2373 20 17 to
2463 2371 92 18 intimate
2563 2371 45 19 that
2618 2372 26 18 ho
2660 2372 38 19 hrs
2714 2379 45 12 now

2399 2397 111 19 concluded
2521 2398 33 18 the
2567 2397 117 20 alterations
2697 2400 20 17 to
2728 2398 32 19 his

2324 2423 99 25 premises
2438 2423 21 19 in
2477 2423 78 18 Fenton
2572 2423 72 23 Street,
2658 2424 102 25 (opposite

2325 2449 34 18 the
2370 2450 69 18 Grand
2451 2449 79 24 Hotel,)
2540 2450 40 18 and
2590 2450 37 18 lias
2635 2457 13 11 a
2655 2450 56 25 largo
2719 2450 40 19 and

2326 2475 43 19 well
2381 2476 91 18 assorted
2482 2476 55 19 stock
2548 2476 21 18 of
2583 2476 34 19 the
2637 2476 109 19 undermen-

2326 2502 68 18 tioned
2405 2502 69 24 goods,

2326 2545 68 41 FOR
2416 2545 87 39 CASH
2519 2545 24 41 &
2556 2545 86 41 CASH
2656 2545 102 41 ONLY,

2351 2605 50 18 This
2411 2605 54 18 Bule
2475 2605 42 18 will
2534 2605 23 18 be
2573 2604 78 25 strictly
2670 2604 88 19 adhered

2326 2633 19 16 to
2355 2638 23 11 so
2390 2638 25 11 no
2426 2637 38 13 one
2474 2631 51 18 need
2537 2631 22 18 le
2569 2631 94 18 offended
2671 2631 16 18 if
2696 2631 64 19 credit

2325 2657 17 18 is
2354 2657 88 19 refused.

2325 2691 84 23 Men's
2421 2691 126 29 Mercery,
2557 2691 75 28 Hats,
2644 2692 43 22 &c.

2326 2721 85 23 Men's
2427 2721 52 23 and
2493 2722 76 29 Boys'
2586 2722 123 29 Clothing:

2432 2771 15 10 „
2557 2753 78 23 Boots
2647 2754 22 22 &
2679 2754 81 23 Shoes

2325 2784 138 28 Blankets,
2477 2784 80 28 Rugs,
2570 2784 97 28 Prints,
2682 2784 62 23 Flan-

2379 2816 122 27 nelettes,
2514 2817 47 21 etc.

2327 2848 115 27 Saddles,
2454 2847 109 27 Bridles,
2580 2849 46 22 etc.

2439 2918 104 24 Complete
2553 2918 60 19 Stock
2623 2920 22 17 of

2326 2948 92 27 Fancy
2432 2949 91 23 Goods,
2542 2948 149 27 Stationery
2709 2951 51 22 and

2378 2981 87 22 Books

2326 3012 194 23 Tobacconist's
2536 3012 91 28 Goods,
2640 3014 48 22 etc-

2326 3044 113 22 Musical
2455 3043 177 24 Instruments

2455 3073 71 29 glass
2533 3074 22 22 &
2562 3074 80 30 Lamp
2650 3075 109 29 glasses.

2326 3126 94 19 LARGE
2435 3125 60 20 AND
2526 3126 234 20 WELL-ASSORTED

2472 3157 88 20 STOCK
2575 3158 34 19 OF

2326 3189 206 33 FISHING
2555 3190 205 33 TACKLE,

2365 3248 67 20 Maori
2445 3248 73 20 Curios
2529 3248 20 19 in
2560 3249 62 19 Great
2631 3248 92 26 Variety.

2391 3301 120 19 First-class
2527 3301 86 19 Billiard
2622 3301 71 20 Table.

2326 3353 151 26 Prescriptions
2486 3353 108 26 dispensed
2603 3353 27 26 by
2638 3360 13 13 a
2658 3354 102 21 Qualified

2484 3379 91 20 Chemist
2585 3382 21 17 at

2404 3412 127 31 ROBERT
2548 3412 135 31 WAKE'S.

2463 3464 159 23 ROTORUA.

2512 3516 58 20 THE

2324 3542 429 88 Langham.

2346 3639 49 24 (One
2402 3640 89 17 minute's
2499 3640 49 17 walk
2556 3641 50 16 from
2613 3641 32 17 the
2650 3642 74 17 Govern-

2475 3664 53 16 ment
2536 3664 75 22 Baths.)

2444 3720 189 24 T6RMS:

2349 3755 46 23 35s
2403 3762 46 23 per
2468 3756 87 27 week;
2575 3756 29 22 6s
2618 3763 45 23 per
2672 3756 59 30 day.

2350 3785 63 24 Two
2423 3786 91 23 weeks
2522 3793 28 16 or
2559 3786 99 28 longer,
2675 3786 56 24 30s.

2357 3835 30 31 C.
2582 3835 141 38 WILSON,

2448 3874 186 23 PROPRIETOR.

2350 3936 176 23 WYNYARD
2539 3937 22 22 &
2568 3936 162 29 PURCHAS,

2383 3970 131 20 Barristers
2520 3977 42 13 and
2573 3971 124 25 Solicitors,

2322 4009 80 20 B.N.Z.
2410 4009 119 24 Chambers,
2537 4009 103 25 QueenSt,
2649 4010 107 20 Auckland

2321 4070 83 43 WE
2416 4071 53 19 have
2479 4077 71 19 money
2560 4073 20 17 to
2590 4071 47 20 lend
2649 4078 26 13 on
2692 4072 52 20 Mort-

2413 4103 54 19 gage
2475 4097 22 20 of
2512 4097 99 20 Freehold
2626 4098 41 19 and
2681 4098 62 20 Lease-

2321 4121 49 20 hold
2380 4126 96 22 property
2486 4125 21 17 at
2517 4127 80 16 current
2605 4127 62 16 rates.

2777 157 239 48 KUSABS
3050 156 155 49 BROS

2884 222 216 37 MAMAKU

2777 257 71 41 SAW
2916 259 48 39 &
2965 260 102 44 PLACING
3088 260 117 43 MILLS,

2780 329 264 25 MOUNTAIN
3069 333 138 23 Rl7^\J,

2935 373 42 14 THE
2988 375 54 14 ONLY
3062 373 2 16 .

2778 404 134 19 GENUINE
2925 405 59 20 DRY
2999 408 79 20 LAND
3095 409 54 19 TIM
3154 409 52 19 BEE

2881 438 29 17 IX
2923 440 51 17 THE
2987 441 113 20 MARKET.

2778 484 127 41 Messes
2924 484 98 21 kusabs
3039 489 70 17 bkos.
3122 489 39 22 beg
3177 494 20 12 re-

2853 507 100 22 spcctfully
2959 510 20 16 to
2987 510 69 18 inform
3064 512 32 17 the
3109 513 66 17 Public
3187 512 21 17 of

2780 529 78 16 ftoturua
2865 530 34 15 and
2908 531 71 20 vicinity
2989 532 38 16 iliat
3035 534 41 20 they
3090 534 43 17 have
3148 538 49 12 estab-

2779 550 55 15 lished
2843 556 9 9 u
2862 551 43 19 j'hid
2912 551 18 14 in
2942 551 42 16 liim
2991 558 76 16 mcu-Bt.,
3076 558 33 13 and
3124 561 30 10 can
3168 561 40 10 now

2778 572 63 19 supply
2850 571 29 15 the
2887 571 50 19 fiDe«t
2944 573 43 15 class
3001 574 18 16 of
3032 575 26 16 Hu
3067 576 47 19 lding
3127 576 80 16 Material

2778 592 16 14 iii
2804 592 29 15 the
2841 592 75 17 Market.
2933 594 14 15 It
2958 595 13 14 is
2979 600 26 10 i.tji
3011 597 68 19 qti;;ll(.d
3088 598 16 14 in
3113 598 95 20 dutabiiiiy

2778 612 35 16 and
2821 613 104 20 impervious
2933 617 18 13 to
2960 616 29 16 the
2997 617 67 16 attacks
3079 618 18 15 of
3111 619 48 15 borer
3173 619 34 14 and

2780 633 30 20 dry
2823 636 32 15 rot.
2879 634 51 17 Their
2938 637 82 16 sawmills
3027 643 29 11 *re
3064 639 48 16 fitted
3122 640 41 15 with
3178 640 29 14 the

2780 657 45 13 moat
2833 655 69 15 inodtin
2911 656 97 21 app)iauc«B
3018 659 33 15 and
3060 660 28 15 ihe
3096 661 37 16 firm
3145 661 15 14 is
3169 660 38 16 able

2780 678 17 12 to
2813 675 63 21 tupply
2891 682 33 15 any
2940 679 80 21 quantity
3036 682 18 14 of
3069 681 37 21 Dry
3124 682 86 21 Buiidinfj

2779 696 81 16 Material
2869 703 21 9 on
2899 698 29 15 the
2936 701 74 15 stioitest
3017 702 61 16 notice.

2781 739 138 29 Skirtings,
2928 741 175 30 Architraves,
3109 745 81 23 Mould-

2816 769 67 28 ings,
2894 771 50 22 and
2954 771 110 25 Eressed
3074 774 101 23 Timber

2846 800 28 21 of
2882 807 79 24 every
2975 803 163 30 description,

2871 830 110 30 Always
2989 840 32 16 on
3031 834 82 24 Hand.

2809 863 117 24 KENAU
2937 866 106 23 HOUSE
3052 868 127 25 BEOCKS.

2801 910 49 16 Price
2858 910 47 16 Lists
2912 917 21 10 011
2943 913 101 20 application
3055 916 17 14 to

2780 941 222 35 KUSABS
3038 945 168 38 BROS.,

2854 982 116 19 MAMAKU
2982 989 26 13 oe
3019 985 113 19 OHAUPO.

2906 1011 27 17 Or
2940 1014 20 15 at
2969 1013 32 17 the
3013 1014 68 21 Yards,

2801 1038 125 18 HINEMOA
2938 1039 101 22 STREET,
3058 1041 126 20 ROTORTJA.

2780 1102 33 19 TO
2828 1103 58 19 THE
2900 1103 106 21 PUBLIC
3019 1105 35 19 OF
3071 1106 137 20 EOTORUA.

2787 1155 12 18 T
2819 1154 56 19 BEG
2886 1157 19 17 (o
2916 1156 63 18 thank
2989 1157 35 19 the
3037 1157 73 19 Public
3120 1158 22 18 of
3148 1158 50 18 Roto-

2788 1178 10 18 '
2833 1187 40 12 rua
2892 1181 32 19 for
2938 1182 52 19 their
2996 1183 83 19 favours
3091 1184 74 25 during
3177 1184 33 18 the

2780 1208 45 23 past
2836 1207 69 18 fifteen
2914 1214 64 18 years,
2990 1209 41 18 and
3044 1212 21 16 to
3081 1210 66 24 notify
3165 1209 46 19 that

2780 1233 32 18 for
2822 1232 34 19 the
2868 1235 132 19 convenience
3010 1235 21 18 of
3039 1236 99 18 residents
3147 1236 22 18 in
3176 1235 34 19 the

2780 1258 51 19 New
2843 1258 114 26 Township,
2970 1260 40 19 and
3019 1267 33 19 my
3065 1261 58 19 trado
3140 1268 59 19 gener-

2780 1284 47 25 ally,
2839 1284 11 19 I
2860 1284 52 19 have
2922 1285 53 20 built

2807 1319 52 18 New
2868 1319 103 19 Premises
2980 1326 21 13 in
3008 1320 45 20 Fen
3058 1327 35 13 ion
3100 1320 84 25 Street,

2780 1354 64 19 which
2856 1361 34 12 aie
2900 1361 44 13 now
2956 1362 51 19 open
3015 1357 32 18 for
3058 1357 98 23 business,
3172 1356 39 20 anil

2780 1380 10 19 I
2801 1387 33 12 am
2852 1381 100 25 prepared
2973 1384 21 17 to
3006 1383 75 26 supply

2919 1415 71 21 Prime
3010 1416 62 20 Meat

2779 1453 22 18 in
2812 1453 51 18 both
2873 1452 50 20 Now
2935 1453 40 19 and
2985 1454 40 20 Old
3034 1454 125 25 Townships.

2813 1519 42 22 An
2869 1519 151 29 Inspection
3035 1521 22 22 is
3072 1521 107 23 invited.

2989 1560 102 20 HENBY
3104 1561 81 19 KIEK.

2827 1627 30 39 A,
2885 1625 70 41 AND
2980 1628 30 39 G,
3039 1628 126 46 BROOK,

2781 1679 81 21 BOOT
2876 1677 70 24 AJNJD
2962 1677 82 24 SHO±;
3065 1679 147 28 MA.tt.EKS,

2839 1709 87 19 Fenton
2942 1710 87 24 Street,
3055 1712 53 18 Koto
3112 1717 26 14 but
3140 1718 19 13 a.

2781 1741 45 20 And
2850 1742 21 19 at
2900 1741 82 20 Parnell
3004 1743 40 18 ard
3074 1743 139 19 Newmarket.

2806 1794 66 25 Large
2882 1794 39 19 and
2931 1794 68 20 varied
3015 1795 63 20 Stock
3089 1795 22 19 of
3121 1795 91 25 English,

2781 1820 86 24 Foreigu
2879 1820 38 19 and
2929 1821 92 19 Colonial
3031 1821 62 20 Boots
3104 1822 38 19 and
3150 1821 63 19 Shoes

2842 1848 22 17 to
2874 1846 71 20 choose
2957 1848 50 19 from
3018 1849 23 18 at
3051 1848 35 19 the
3097 1849 52 18 most

2818 1878 214 32 REASONABLE
3054 1879 126 32 PRICES.

2847 1919 95 20 GREAT
2955 1919 20 20 It
2980 1920 168 20 EDUCTIONS.

2807 1950 95 26 Clearing
2920 1953 37 16 out
2977 1951 61 20 Stock
3057 1952 33 19 for
3113 1951 74 25 Spring

2934 1977 123 25 Shipments.

2781 2009 34 19 All
2831 2008 69 21 orders
2916 2009 40 19 and
2973 2009 75 26 repairs
3065 2009 148 26 expeditiously

2943 2036 102 19 executed.

2888 2082 214 65 BELL,

2781 2160 432 36 CARPENTER,

2886 2211 103 18 FENTON
3006 2211 103 21 STREET,

2874 2237 99 19 Opposite
3000 2243 11 5 ••
3022 2239 79 19 Grand.

2805 2267 67 17 Sashes
2880 2267 54 17 made
2943 2268 20 16 to
2971 2268 61 18 order.

2782 2317 202 43 Auckland
2997 2318 217 18 advertising

2937 2341 112 22 AGENCY,

2804 2364 98 17 Victoria
2915 2364 88 22 Arcade,
3018 2365 72 19 Queen
3107 2365 84 18 Street.

2836 2387 122 23 Advertising
2964 2388 19 19 in
2992 2388 26 17 all
3029 2389 26 16 its
3062 2388 97 18 branches.

2781 2410 54 20 New,
2850 2410 74 22 Unique
2942 2411 37 18 and
2992 2412 84 17 Tasteful
3092 2411 123 22 Advertising

2953 2434 91 17 Medium.

2804 2456 70 18 Orders
2883 2457 48 17 from
2940 2457 26 17 all
2974 2459 52 20 parts
3036 2457 89 18 attended
3133 2458 20 16 to
3168 2458 45 16 with

2782 2486 42 11 care
2833 2480 38 17 and
2879 2480 114 22 expedition.

2961 2536 78 23 [card.]

2799 2615 47 31 H.
2857 2613 56 32 W.
2930 2615 268 36 MITCHELL,

2880 2672 115 23 3utl)oriscl>
3006 2674 110 22 Sutbnior,

2927 2730 142 24 ROTORUfI.

2949 2792 170 46 goodson,

2926 2850 148 31 ROTORUA

2784 2893 83 32 COAL
2883 2894 26 30 &
2930 2893 167 32 FIREWOOD
3117 2893 96 37 YARD,

2869 2939 142 18 PUKITATUA
3023 2938 102 22 street,

2948 2974 103 17 Rotorua.

2806 3020 63 17 Goods
2878 3019 93 18 delivered
2980 3020 49 17 after
3042 3020 69 17 arrival
3125 3020 19 18 of
3156 3020 59 18 trains

2782 3044 20 16 to
2811 3043 26 17 sill
2845 3044 53 21 parts
2907 3043 19 17 of
2934 3043 32 17 the
2975 3045 52 17 town
3036 3043 45 17 with
3090 3045 124 21 promptness.

2783 3074 61 23 Largo
2853 3074 57 17 Stock
2923 3075 20 16 of
2959 3075 46 17 Coal
3021 3075 37 17 and
3075 3074 97 18 Firewood
3187 3075 18 19 :U-

2852 3103 52 16 ---ways
2912 3104 25 10 on
2945 3098 51 17 hand
3006 3098 38 17 and
3052 3098 93 17 delivered

2921 3122 21 16 at
2949 3121 32 17 the
2994 3121 82 17 shortest

2963 3144 68 17 notice.

2805 3173 67 16 RATA
2877 3177 42 13 and
2924 3173 55 18 TAW
2980 3173 18 18 A
3003 3177 26 13 at
3034 3177 79 13 lowest
3121 3177 70 14 rates.

2807 3225 153 28 GOVERNMENT
2982 3227 59 28 LIFE
3065 3228 133 26 INSURANCE.

2920 3263 121 15 Established
3048 3265 38 13 1370.

2806 3294 78 13 Growth
2894 3295 22 13 of
2924 3296 63 13 Funds
2994 3300 21 9 :

2839 3316 41 14 1875
2915 3328 13 2 ...
3004 3319 161 17 .-*IIIO,OOO

2838 3337 30 19 188
2878 3337 10 19 a
2898 3337 30 19 ...
2968 3340 197 16 «i,10U,000

2838 3356 41 14 1895
2913 3367 15 4 ...
2947 3359 218 16 ,«a,300,000

2944 3390 14 14 J.
2968 3391 18 13 H.
2995 3391 136 15 RICHARDSON,

3066 3408 128 14 Commissioner.

2806 3460 42 45 G
2862 3462 46 17 EO
2911 3441 3 64 '
2935 3462 49 43 M
2999 3463 17 16 c
3024 3463 44 42 A
3081 3441 128 42 ,lEi:

2784 3530 121 24 Plumber
2922 3532 22 22 &
2954 3532 111 24 General
3078 3532 135 25 Mechanic

2874 3580 130 20 Tutanekai
3024 3581 91 23 Stbeet,

2843 3631 32 21 R
2888 3630 31 22 O
2933 3631 30 21 T
2977 3631 29 22 O
3024 3633 32 20 R
3070 3633 35 22 U
3119 3632 44 21 H.

2782 3669 97 61 ~f.
2907 3689 30 41 A,
2969 3690 185 41 WILLIAMS'

2784 3761 220 26 PIONEER
3046 3764 166 26 STORE,

2858 3799 102 25 Opposite
2975 3801 73 19 Fa!ace
3065 3801 67 19 Hotel.

2779 3850 138 25 GROCERY,

2820 3881 138 20 OILMEN'S
2972 3883 112 23 STORES,

2860 3911 218 25 IRONMONGERY,

2911 3942 250 24 CROCKERYWARE,

2963 3978 142 23 DRAFERY,
3123 3979 40 21 &c.,
3173 3978 33 18 &c.

2806 4008 17 17 A
2839 4007 149 21 well-assorted
3004 4008 57 19 stock
3079 4009 20 18 in
3116 4008 26 19 all
3158 4007 48 19 lines

2778 4033 22 19 of
2809 4033 34 19 the
2851 4033 63 20 above
2924 4036 21 18 at
2955 4034 70 20 lowest
3036 4035 71 23 prices.

2777 4067 51 20 New
2839 4067 87 20 Zealand
2933 4069 66 25 Dairy
3006 4067 145 22 Association's
3158 4067 36 20 Fac-

2813 4095 46 23 tory
2870 4093 74 21 Butter
2953 4095 56 19 fresh
3020 4095 57 19 twice
3086 4094 81 24 weekly.

2851 4128 51 20 New
2911 4129 51 20 Laid
2971 4130 61 25 Eggs,
3043 4130 42 25 &c.,
3096 4128 34 27 &c.
