3277 4219
2884 113 14 18 A
2916 112 159 19 PRACTICAL
3090 112 73 19 JOKE.

2830 164 16 18 A
2862 164 76 26 lawyer
2957 165 112 23 defending
3083 171 10 12 a
3116 165 118 27 promissory
3259 166 12 28 fj

2804 192 47 17 note
2860 197 46 13 case
2926 193 54 18 went
2991 193 21 18 to
3027 191 68 23 lunch,
3114 191 79 26 leaving
3208 193 26 21 his
3253 186 18 28 M

2805 216 10 19 b
2830 216 36 19 oks
2874 217 41 18 a-.d
2923 218 97 19 citations
3031 225 26 12 on
3069 217 34 19 the
3112 218 54 19 table
3176 218 20 19 in
3205 219 29 21 the
3253 212 16 30 P

2804 246 131 17 courtroom.
2970 244 42 19 The
3037 244 100 24 opposing
3157 247 77 19 counsel
3254 249 14 16 M

2806 269 87 20 sneaked
2918 270 50 19 back
2998 270 45 19 into
3067 270 35 19 the
3121 277 55 12 room
3200 273 34 20 and
3265 266 3 35 j

2805 294 91 26 changed
2910 296 35 19 the
2966 296 56 25 place
3037 296 22 19 of
3079 296 27 19 all
3131 296 30 19 his
3178 297 56 20 book-
3257 294 12 25 ']

2807 321 72 19 marks.
2907 322 25 19 In
2943 322 35 20 the
2989 323 107 18 afternoon
3108 322 35 19 the
3160 322 74 27 lawyer,

2807 347 71 26 taking
2887 355 26 18 up
2924 348 30 19 his
2962 349 69 24 books,
3041 348 90 19 referred
3140 349 33 18 the
3183 355 51 16 court

2808 376 21 16 to
2853 374 31 19 his
2914 374 127 20 authorities.
3077 375 38 18 His
3140 375 94 27 Lordship

2808 400 59 19 noted
2876 407 59 19 every
2943 401 79 19 volume
3030 401 39 19 and
3077 407 50 19 page
3134 402 100 24 carefully,

2808 426 38 19 and
2854 427 49 19 took
2914 428 35 19 the
2957 434 44 13 case
3009 427 65 19 under
3084 428 150 21 consideration.

2809 453 23 18 In
2843 453 71 26 giving
2933 454 30 18 his
2972 453 112 26 judgment,
3102 453 24 20 he
3142 454 57 19 said:
3213 457 22 18 'I

2810 486 38 12 was
2858 479 97 24 inclined,
2972 480 55 19 after
3037 480 84 25 bearing
3137 480 34 19 the
3182 487 53 18 argu-
3265 479 5 28 ]

2810 508 55 16 ment
2872 506 22 19 of
2903 506 81 20 counsel
2993 506 33 19 for
3034 506 118 24 defendant,
3163 509 22 17 to
3193 513 41 15 non.
3265 505 4 25 I

2809 532 41 18 suit
2869 533 33 18 the
2914 533 97 24 plaintiff,
3022 533 38 19 but
3074 533 10 18 I
3105 533 46 23 find,
3172 539 25 13 on
3211 541 23 13 re-
3265 529 4 28 I

2810 558 78 26 ferring
2906 561 21 17 to
2940 560 32 18 the
2987 558 121 20 authorities
3124 560 73 24 quoted
3215 560 19 27 by

2809 586 88 23 ccuDsel,
2917 592 53 12 none
2985 585 22 19 of
3026 585 53 19 tbein
3095 585 46 19 bear
3161 592 26 13 on
3202 587 31 20 this
3265 581 4 28 '

2810 618 51 16 case,
2871 612 39 18 and
2931 611 10 19 I
2952 618 30 12 am
2994 611 32 19 led
3036 614 22 16 to
3072 611 35 19 the
3126 612 109 21 conclusion

2811 637 44 19 that
2866 638 34 19 the
2916 638 114 25 gentleman
3048 637 35 19 has
3095 637 85 24 wilfully
3191 639 43 20 been
3265 637 3 26 ■

2811 663 69 26 trying
2898 670 21 12 to
2933 663 65 20 insult
3013 664 35 18 the
3066 667 65 16 court.
3161 664 31 19 He
3207 665 27 21 has
3264 664 5 16 i

2811 690 90 18 referred
2913 693 20 16 to
2944 697 24 12 an
2985 692 68 17 action
3064 689 22 19 of
3095 696 24 12 an
3140 690 95 22 Irishman
3265 689 4 23 J

2811 715 42 20 who
2864 716 48 20 sued
2924 716 33 20 the
2976 717 114 24 proprietor
3104 716 20 19 of
3134 724 13 11 a
3157 717 77 26 monkey
3265 715 4 28 \

2813 742 30 18 for
2852 743 93 24 damages
2962 743 34 19 for
3007 743 63 24 biting
3081 742 45 24 him,
3145 745 21 17 to
3177 750 10 11 a
3197 751 37 13 ease
3265 742 4 25 ;

2811 768 22 20 of
2842 775 67 18 arson,
2917 776 38 12 one
2964 769 22 19 of
2998 769 100 25 burglary,
3105 773 39 15 two
3151 769 22 18 of
3184 773 50 23 petty

2813 795 86 25 larceny,
2908 795 37 19 and
2957 795 58 19 tbreo
3023 795 77 19 divorce
3109 802 125 15 cases—none
3265 795 4 25 \

2812 821 21 19 of
2844 821 63 20 which
2916 822 57 19 bears
2983 828 25 13 on
3020 828 24 13 an
3053 821 66 20 action
3130 825 19 15 to
3160 828 75 14 recover

2812 854 11 13 a
2848 848 120 25 promissory
2992 851 54 16 note.
3088 847 88 25 Perhaps
3208 849 28 20 the

2813 877 89 21 grossest
2912 875 64 18 insu't
2985 877 21 16 to
3017 875 34 18 the
3060 877 59 16 court
3137 874 17 19 is
3165 874 34 20 the
3209 882 18 12 re-

2813 900 80 21 ference
2913 905 20 15 to
2949 900 124 20 Duckworth
3088 907 19 13 v.
3123 900 113 26 Boozyman,

2813 933 25 13 an
2863 927 68 20 action
2950 927 98 25 charging
3062 926 112 20 defendant
3196 929 39 18 with

2815 954 70 19 breach
2905 954 21 19 of
2949 954 92 24 jrjuiise.
3079 953 112 25 Judgment
3211 954 26 20 for

2815 980 90 24 plaintiff
2928 980 46 19 with
2999 980 67 19 costs.'
3108 980 42 19 The
3173 980 65 25 lawyer

2814 1013 60 12 never
2886 1011 54 15 Knew
2953 1006 53 19 what
3017 1006 33 19 the
3065 1008 73 17 matter
3151 1012 44 18 was,
3205 1008 33 20 and

2815 1035 20 16 to
2845 1032 42 19 this
2897 1032 38 26 day
2950 1032 70 20 thinks
3037 1032 34 19 the
3081 1032 62 25 judge
3159 1039 39 13 was
3208 1037 28 16 out

2815 1058 22 19 of
2846 1058 31 20 his
2888 1059 60 19 mind.

2842 1113 123 24 Barbadoes,
2974 1114 35 19 the
3020 1113 88 20 smallest
3115 1113 21 19 of
3145 1113 34 20 the
3188 1114 51 21 West

2817 1140 72 19 Indian
2900 1147 69 17 group,
2981 1140 16 19 is
3006 1140 41 19 said
3058 1143 20 16 to
3088 1140 24 19 be
3122 1147 25 12 on
3156 1140 34 19 the
3200 1140 38 26 high

2817 1166 46 19 roai
2887 1168 21 17 to
2929 1167 52 19 ruin.
3017 1166 41 19 The
3073 1173 60 19 sugar
3156 1166 82 27 industry

2818 1192 71 26 having
2909 1194 43 19 died
2978 1194 43 22 out,
3035 1193 34 19 the
3089 1192 64 20 island
3174 1194 33 17 has
3221 1201 18 12 no
3256 1196 7 24 [

2819 1225 66 13 means
2905 1220 21 19 of
2941 1220 121 24 supporting
3078 1219 25 20 its
3120 1220 84 22 200,000
3218 1220 21 19 in-
3255 1211 13 28 V

2818 1244 108 20 habitants.

1227 50 58 23 the
1298 53 60 21 hot
1373 52 92 21 lakes
1481 53 174 26 chronicle,
1672 53 191 26 Wednesday,
1886 56 155 19 December
2056 57 20 22 4,
2089 56 56 22 iso.s,

2941 4052 100 2 -■—
3213 4043 11 13 J
3264 4047 11 16 B

2806 4068 71 16 Printed
2889 4068 33 16 and
2934 4068 91 21 published
3044 4068 27 16 for
3088 4070 28 16 tlio
3132 4072 97 19 proprietor,
3241 4065 8 28 |
3260 4071 15 18 Ik

2828 4093 16 12 at
2861 4090 26 15 his
2908 4089 95 19 registered
3008 4089 79 21 printing
3093 4091 47 16 office
3154 4092 73 16 Rotorua

2829 4112 23 19 by
2860 4111 58 16 Teroy
2929 4110 11 17 J
2942 4115 45 11 auks
2997 4110 99 21 Hammond,
3109 4113 18 15 of
3134 4113 77 17 Ilotorua

2826 4135 162 22 WEDNESDAY,
2998 4135 131 19 DECEMBER
3138 4140 16 19 i,
3164 4140 47 21 1535,

223 128 10 32 I
291 128 28 33 A
412 128 235 37 \/IT
525 125 54 41 LJ
593 124 64 48 o
670 125 9 47 I
715 124 68 40 Io
799 124 43 41 C

223 160 199 37 L_/-\r\l
524 165 9 28 i
569 147 301 58 lUUuI.,

198 227 305 48 Hydropathic
522 224 144 41 Hotel,
681 226 207 35 Kotorua.

386 280 220 29 Established
625 280 86 27 1881.

105 323 71 20 Under
190 324 34 19 the
241 325 111 24 patronage
368 322 21 19 of
407 320 32 19 Sir
447 320 35 19 W.
498 318 84 24 Jervois,
599 318 50 20 Earl
665 320 39 19 and
720 319 98 20 Countess
833 318 21 20 of
863 317 122 26 Hopetown,

272 350 34 18 the
317 348 55 19 Hon.
385 346 91 19 Premier
486 345 40 19 and
539 345 102 19 Members
655 346 22 19 of
686 346 130 19 Parliament.

157 402 41 19 The
209 400 61 21 Hotel
279 400 17 19 is
305 399 88 20 situated
402 405 26 13 on
438 405 25 12 an
473 397 91 20 elevated
573 398 87 25 position
669 405 25 12 on
704 398 35 19 the
748 397 68 19 shores
827 397 20 19 of
860 396 57 19 Lake
923 395 50 20 Roto-

103 435 43 17 rua,
158 427 116 20 convenient
287 428 21 16 to
318 426 27 18 all
354 426 35 18 the
399 425 65 24 sights
473 425 21 18 in
504 424 34 19 the
548 424 82 20 district.

176 461 134 21 SULPHUR
320 461 16 18 &
346 459 131 19 MINERAL
486 458 90 20 BATHS
585 459 22 19 in
617 459 34 19 the
661 459 93 19 Grounds
764 458 22 19 of
795 458 34 19 the
839 457 69 19 Hotel.

153 515 28 18 To
191 515 51 17 meet
251 512 34 20 the
295 512 81 20 dulness
386 512 21 19 of
418 512 33 18 the
458 512 58 19 times
526 518 11 12 a
546 512 75 24 charge
630 511 21 19 of
661 511 29 20 £2
701 513 22 17 2s
733 517 35 19 per
778 510 55 20 week
842 509 41 20 will
891 509 27 19 be
927 508 59 20 made

101 541 32 19 for
142 546 11 13 a
163 539 122 25 lengthened
294 543 51 21 stay.
373 538 72 20 Under
454 545 38 12 one
501 538 56 19 week
566 539 21 18 8s
597 544 35 18 per
646 538 40 24 day

101 599 36 22 (fir
153 596 122 20 IS.IS.—Mrs
284 596 90 20 Graham
383 595 41 21 will
433 596 41 19 also
484 595 92 19 continue
586 597 20 17 to
616 594 103 26 supervise
729 594 34 19 the

118 628 170 28 GEYSER
306 628 143 26 HOUSE
469 626 314 28 HYDROPATHIC
804 625 151 31 HOTEL,

409 665 165 24 WAIRA
589 664 24 23 K
626 664 22 23 E
664 665 18 24 I,

102 699 66 20 which
186 699 37 19 has
236 699 82 20 become
336 706 10 11 a
357 698 87 26 popular
461 698 40 19 and
517 697 99 19 favourite
634 699 64 17 resort
713 698 94 23 amongst
823 696 106 19 travellers
944 695 41 19 and

497 722 92 19 invalids.

243 755 18 19 A
270 755 104 19 reduction
383 755 17 18 is
409 753 59 19 made
477 755 21 17 to
512 752 77 25 weekly
597 760 24 12 or
635 753 93 25 monthly
736 752 103 20 boarders.

113 788 66 19 Guide
188 787 68 19 Books
265 786 40 20 and
315 785 129 21 information
461 785 64 25 gratis
534 787 21 17 at
565 784 56 20 Cook
635 785 40 18 and
686 784 56 20 Sons'
753 784 51 26 (solo
813 783 82 26 agents)
907 784 65 19 offices

406 811 125 25 throughout
541 810 35 20 the
593 810 77 26 Colony

100 866 102 37 MRS
233 866 40 37 R.
294 865 209 44 GRAHAA/I,
554 886 15 5 -
612 886 15 5 -
668 885 16 6 -
734 864 248 44 Proprietress.

103 950 460 76 ATIAMUKI
632 947 348 81 HOTEL,

336 1049 33 19 On
379 1047 35 20 the
423 1046 66 19 hanks
498 1046 21 18 of
528 1046 34 18 the
572 1045 98 20 Waikato
680 1045 68 20 River.

127 1096 120 21 Patronised
264 1096 28 25 by
305 1096 35 19 the
355 1095 48 19 Earl
420 1094 39 19 and
470 1093 97 20 Countess
585 1093 22 19 of
616 1093 87 22 Onslow,
719 1092 98 20 Countess
830 1092 22 19 of
863 1091 94 25 Glasgow

284 1122 38 19 end
338 1122 63 19 Suite.
429 1120 32 20 Sir
470 1120 87 20 Thomas
571 1119 40 19 and
619 1119 60 25 Lady
692 1119 133 19 Mellwraith.

136 1209 109 25 Situated
258 1208 101 32 halfway
368 1209 109 23 between
489 1207 115 27 Rotorua,
618 1206 87 31 Taupo
717 1205 47 23 and
778 1204 123 24 Lichfield.
933 1203 52 24 The

102 1244 102 31 .starting
228 1243 66 31 place
313 1242 37 23 for
368 1242 39 23 the
418 1240 181 25 Aniwhaniwha
620 1239 75 28 Falls,
715 1239 39 22 the
779 1236 206 25 Orakei-Korako

103 1277 42 24 red
158 1277 46 23 and
217 1276 72 24 white
301 1275 125 28 Terraces,
440 1274 113 31 Geysers,
573 1272 74 24 Alum
671 1272 89 27 Caves,
778 1270 53 38 &C.J
846 1275 25 18 to
882 1269 77 24 which
971 1278 14 15 a

102 1319 51 15 new
173 1310 47 23 and
240 1317 56 24 easy
320 1309 65 23 track
400 1308 19 23 is
437 1315 54 16 now
514 1305 145 33 completed.
696 1304 117 24 Distance
831 1303 55 23 nine
907 1301 77 29 miles,

101 1343 54 25 four
165 1343 25 24 of
200 1342 76 25 which
294 1349 44 17 can
357 1341 30 23 be
407 1340 84 24 driven
513 1348 59 15 over
593 1339 18 23 if
628 1338 105 24 desired.
776 1337 52 24 Hot
848 1336 70 25 baths
937 1336 46 24 and

100 1376 53 26 falls
171 1376 81 25 within
268 1383 28 17 io
308 1374 104 25 minutes
425 1373 76 25 drive.

167 1460 71 26 Good
252 1465 64 20 trout
328 1458 88 35 fishing
428 1458 46 26 and
493 1457 113 34 shooting
619 1456 21 26 in
655 1456 40 25 the
708 1453 207 36 neighbourhood.

545 1503 28 12 o—

101 1536 75 22 Guides
185 1534 38 21 and
232 1533 71 22 Saddle
312 1531 76 23 Horses
395 1531 98 28 supplied.
509 1531 47 19 Post
564 1530 40 20 and
613 1528 115 27 Telegraph
735 1528 59 21 Office
802 1534 25 14 on
833 1527 35 21 the
877 1526 103 29 premises.

191 1587 39 22 For
239 1587 80 21 further
328 1585 129 22 information
472 1584 60 27 apply
546 1583 75 21 Messrs
631 1581 55 23 Cook
698 1581 39 21 and
747 1581 46 25 Son,
804 1580 84 28 Agents,

309 1653 53 46 C.
399 1649 370 53 GROWTHER,

395 1707 286 33 PROPRIETOR.

177 1807 142 57 Pure
372 1802 254 61 Jlepated
666 1802 237 65 Waters.

529 1882 11 12 #
545 1882 2 17 4

243 1936 42 20 Ono
301 1935 21 19 of
336 1935 35 19 the
381 1933 115 21 necessities
510 1933 21 19 of
539 1932 35 20 the
585 1932 80 25 coming
675 1931 75 19 Season
760 1927 41 23 will
810 1928 25 20 be

99 1988 28 25 A
153 1986 126 27 COOL
303 1984 106 27 AND
433 1980 350 29 REFRESHING
814 1977 169 28 DRINK

125 2028 138 21 Uritinctured
273 2028 25 25 by
309 2034 37 19 any
363 2026 126 20 Deleterious
501 2023 100 21 Chemical
612 2023 126 25 Compound.
777 2023 18 18 A
806 2020 60 20 drink
877 2024 21 15 at
907 2026 50 13 onee

254 2060 245 32 Exhilarating
518 2059 68 27 and
604 2056 216 32 Refreshing,

99 2106 40 20 and
150 2105 64 20 which
225 2104 40 20 will
274 2110 61 19 prove
346 2110 10 13 a
366 2102 117 27 preventive
493 2102 20 19 of
527 2100 114 26 Dyspepsia
660 2100 40 19 and
717 2099 26 19 all
762 2097 92 21 Internal
872 2096 111 20 Disorders.

125 2157 87 20 Aerated
223 2156 80 20 Waters
313 2156 40 19 and
361 2154 97 24 Cordials,
470 2154 122 26 comprising
602 2152 33 20 the
645 2152 74 21 Purest
735 2150 120 25 Lemonade,
876 2150 35 19 tlio
931 2149 54 19 Most

100 2184 102 20 Delicious
212 2183 76 26 Ginger
298 2182 44 24 Ale,
353 2180 164 27 Higly-charged
527 2180 52 19 Soda
590 2179 78 24 Water,

378 2216 308 46 ZOLAKONE,

99 2276 65 14 anew
178 2267 161 28 Invigorvating,
349 2267 148 20 non-alcoholic
510 2267 109 24 Beverage;
633 2265 57 19 Lime
696 2263 59 21 Juice
764 2262 87 24 Cordial,
861 2261 123 27 Raspberry,

97 2296 135 27 Peppermint,
244 2295 76 23 Cloves,
332 2293 51 20 Pine
392 2293 73 26 Apple,
477 2293 39 19 and
526 2292 75 19 Lemon
616 2291 77 26 Syrups
710 2290 40 19 and
764 2288 134 27 Sarsaparilla
915 2295 33 12 arc
959 2287 27 20 all

359 2319 154 21 manufactured
528 2325 25 12 on
568 2318 34 19 the
617 2318 103 25 premises.

291 2372 115 20 Lemonade
416 2371 39 20 and
466 2371 76 26 Ginger
552 2370 43 26 Ale,
606 2372 71 23 quarts
687 2370 39 19 and
734 2369 61 25 pints.

172 2450 63 73 C.
289 2447 63 74 A.
406 2444 340 89 CLARKE,
820 2442 83 76 Jr.

103 2584 371 56 SEDDON'S
512 2582 208 53 LAKE
751 2579 234 64 VIEW,

221 2650 136 26 Overlooking
366 2650 35 19 the
415 2650 34 24 Pa,
461 2650 82 25 Boiling
552 2650 85 25 Springs
652 2648 40 20 and
706 2648 91 19 Rotorua
806 2646 63 20 Lake.

184 2742 142 29 TERMS
386 2742 61 27 30s
461 2749 59 26 per
533 2741 106 32 week,
654 2748 39 20 or
713 2741 36 26 5s
763 2746 62 27 per
839 2738 73 33 day.

108 2798 130 35 Special
259 2798 271 32 Arrangements
555 2796 52 27 for
630 2803 19 20 a
671 2793 208 34 lengthened
905 2794 65 27 resi-

365 2832 105 25 dence
490 2830 68 26 and
576 2829 153 27 iamilies.

368 2897 169 22 CUISINE.—A
555 2896 171 22 SPECIALITY.

159 2949 121 20 References
297 2947 126 26 throughout
440 2945 51 21 New
505 2945 88 20 Zealand
605 2945 39 20 and
661 2945 34 20 the
709 2943 118 22 Australian
844 2943 92 20 Colonies

420 2973 52 19 from
482 2972 92 26 previous
588 2972 85 19 Visitors

107 3022 33 20 No
150 3024 53 18 touts
218 3022 104 26 employed
332 3025 20 16 at
367 3020 108 21 Auckland
489 3027 21 12 or
532 3020 89 19 Rotorua
636 3018 93 27 Railway
743 3018 88 21 Stations
845 3025 22 13 or
881 3018 105 20 Steamers.

339 3070 34 19 No
386 3071 35 17 ten
436 3074 37 20 per
486 3070 44 17 cent
544 3067 94 26 Coupons
651 3067 101 26 accepted.

139 3130 121 26 NOTE.
261 3130 90 23 —Ask
365 3129 36 23 for
412 3128 171 30 Seddon's,
599 3127 48 24 and
659 3135 42 16 see
710 3135 47 23 you
769 3135 41 15 are
822 3126 43 24 left
877 3126 75 25 there.

240 3199 74 61 E.
339 3196 82 61 A.
449 3194 401 73 SEDDON,

337 3272 411 64 Proprietress.

129 3392 264 66 WHERE
441 3392 84 66 TO
588 3389 374 69 PURCHASE

484 3487 117 26 from;

202 3544 28 63 A
266 3543 424 64 WELL-ASSORTED
719 3543 160 62 STOCK

517 3622 34 19 OF

102 3653 160 44 Lamps
549 3653 157 35 Cruets

333 3699 206 44 Brushesl
811 3698 167 36 Knives

101 3746 177 34 Trunks
550 3746 167 45 Spoons

388 3792 139 35 Lochs
838 3791 140 35 Forhs

100 3839 161 34 Bazors
550 3839 139 44 Trays

343 3883 184 45 Teapots
803 3883 174 35 Churns

202 3935 73 32 LAWN
298 3934 123 36 MOWERS,
445 3935 75 33 HOES,
537 3935 91 36 RAKES,
650 3935 112 35 SPADES,
784 3935 91 35 FORKS,

145 3979 59 35 At
265 3977 182 43 Greatly
507 3977 203 35 Beduced
773 3977 157 35 Prices.

99 4062 79 46 J.
470 4060 502 60 DICKET,

155 4118 85 21 'Fourth
250 4118 51 25 shop
311 4117 51 20 from
371 4115 191 27 Wellesley-Street.
626 4123 49 21 304
691 4120 15 17 &
723 4118 48 24 306
780 4118 90 26 QUEEN
881 4118 41 22 ST.

1005 303 57 24 HIGH
1082 303 33 24 ST.
1136 303 38 24 and
1193 303 110 26 VICTORIA
1325 303 35 26 ST.
1383 303 64 29 EAST,

1030 410 45 19 The
1090 410 65 20 above
1171 411 110 21 Favourite
1293 412 41 19 and
1343 410 91 21 Commod-

1005 436 45 19 ious
1082 437 63 19 Hotel
1176 438 76 19 affords
1283 436 166 22 EXCELLENT

1005 461 242 23 ACCOMMODATION
1259 464 32 19 for
1306 462 142 23 TOURISTS,

1005 488 183 21 TRAVELLERS
1216 492 16 17 &
1259 489 129 21 VISITORS
1404 488 46 19 who

1005 514 42 20 will
1056 515 77 19 receive
1143 522 60 19 every
1218 516 90 20 Comfort
1324 515 41 20 and
1378 515 59 19 Atten-

1004 541 50 19 tion.

1031 640 105 19 Excellent
1159 640 88 20 Cuisine.
1288 640 97 27 Spacious
1410 639 40 20 and

1007 673 181 21 Well-Ventilated
1205 675 117 19 Bedrooms.

1004 708 65 19 Room
1078 709 50 19 with
1139 711 39 17 two
1188 709 103 20 first-class
1306 710 72 19 tables.
1407 708 44 19 Hot

1005 807 15 18 &
1031 806 51 20 Cold
1096 807 81 26 Plunge
1186 809 16 17 &
1212 807 82 21 Shower
1303 809 73 19 Baths.

1003 832 79 26 Wines,.
1110 833 73 27 Spirits
1198 834 41 19 and
1254 835 49 19 Ales
1321 835 22 19 of
1361 835 35 19 the
1405 835 45 19 best

1155 860 80 19 Brands
1242 861 53 25 only.

1708 317 2 19 ■
1722 317 16 19 -V

2192 371 36 21 iS

1667 419 148 30 'isgmz&s?
1815 421 39 18 ~gm

2079 484 26 35 i

2228 510 31 22 Si

2164 515 17 29 1

2234 527 26 21 Si

1945 693 34 12 r-«

1593 806 56 24 MUX

1783 866 37 20 as

2365 423 81 26 Sample
2465 424 66 20 Room
2555 425 36 17 for
2602 421 188 22 COMMERCIAL

2339 461 184 21 TRAVELLERS
2538 462 106 20 available
2663 465 22 15 at
2695 460 29 20 all
2733 461 38 19 tim
2781 466 10 13 e

2366 562 90 26 Charges
2505 564 112 23 Moderate.
2676 565 115 20 SPECIAL

2341 602 91 19 RATES
2448 603 33 19 TO
2505 604 177 20 PERMANENT

2342 639 81 19 DERS.

2467 741 38 38 C.
2543 741 223 44 CAULTON,

2468 861 209 47 Proprietor.

1138 955 636 60 WAIWERA
1883 957 756 71 SANATORIUM

1842 1023 124 35 AND
2649 1016 13 24 '

1482 1068 167 74 HOT
1677 1068 351 77 SPRINGS
2109 1072 279 80 HOTEL

1005 1169 87 32 Only
1120 1170 42 25 30
1195 1170 98 27 miles
1329 1169 111 28 North
1471 1170 37 26 of
1533 1171 194 31 Auckland,
1759 1170 86 27 with
1873 1171 96 33 daily
2000 1176 296 30 communication
2326 1181 87 26 with
2442 1181 112 28 Coach
2587 1190 38 20 or
2646 1183 133 27 steame

1333 1211 54 21 See
1402 1211 165 21 advertised
1578 1212 84 21 Time
1679 1213 78 20 table
1768 1212 30 20 of
1807 1218 44 15 s.s.
1868 1213 77 21 Rose
1956 1214 98 27 Casey
2065 1216 58 20 and
2140 1216 128 25 Butler's
2279 1221 24 21 R
2326 1223 29 19 M
2383 1223 97 21 Coach

1004 1244 104 28 SOTHE
1132 1245 117 25 ABOVE
1265 1246 298 26 ESTABLISHMENT
1572 1246 141 26 STANDS
1727 1247 232 26 UNRIVALLED
1972 1258 28 16 as
2016 1258 14 15 a
2043 1250 90 25 Health
2143 1260 27 15 or
2181 1254 113 32 pleasure
2307 1258 99 28 Resort,
2418 1258 48 24 and
2480 1259 42 24 has
2535 1259 91 30 special
2646 1259 145 30 advantage:

1017 1281 22 21 JL
1091 1281 36 21 lor
1139 1281 78 22 either
1240 1281 16 22 1
1264 1286 89 18 ounsts
1369 1289 26 15 or
1411 1281 114 26 Invalids,

1368 1380 172 27 Beautiful
1560 1381 157 35 Scenery,
1739 1381 240 36 Sea-Bathing,
1999 1384 157 36 Boating,
2175 1388 145 35 Fishing
2342 1390 48 28 &c

1555 1416 126 27 Cusine
1694 1414 69 29 and
1777 1416 208 29 attendance
2005 1416 36 29 of
2062 1418 59 28 the
2142 1421 83 32 best.
2323 1416 5 12 '

1002 1453 94 24 Famed
1107 1453 37 25 for
1157 1454 29 25 its
1200 1456 109 24 curative
1322 1455 94 25 natural
1430 1456 104 24 medical
1548 1456 53 26 Hot
1613 1458 102 33 Springs
1728 1459 50 24 and
1791 1460 82 24 Baths.
1909 1460 37 24 As
1959 1460 41 24 the
2015 1460 101 34 Springs
2129 1463 46 24 and
2190 1463 74 26 Baths
2277 1474 41 17 are
2329 1466 40 25 the
2383 1472 113 27 property
2509 1467 26 24 of
2548 1467 40 25 the
2603 1467 84 29 Hotel,
2702 1467 85 25 visitor
2789 1466 11 16 s

1035 1494 40 18 are
1086 1488 110 32 supplied
1206 1489 57 25 with
1273 1489 105 30 Tov\elS)
1392 1490 47 24 and
1453 1498 43 16 can
1505 1490 56 25 take
1571 1499 30 16 an
1614 1492 127 25 unlimited
1755 1493 102 25 number
1870 1493 25 25 of
1908 1493 74 25 Batshs
1995 1499 24 19 at
2032 1503 46 24 any
2091 1495 58 27 time
2162 1498 26 24 of
2197 1497 40 27 the
2250 1498 48 34 day
2313 1500 77 27 FREE
2404 1500 63 25 from
2479 1508 46 26 any
2534 1501 89 33 charge
2635 1501 131 26 whatever.

1188 1530 224 42 TARIFF
1430 1531 120 41 PER
1563 1533 142 49 DAY,
1727 1534 53 42 7s
1798 1535 66 47 8s;
1912 1535 122 41 PER
2048 1536 192 52 WEEK,
2376 1541 77 42 15s
2471 1543 48 40 to
2546 1543 71 42 £2

1411 1588 157 35 Cottages
1581 1590 35 28 to
1630 1589 48 29 let
1690 1590 47 35 by
1750 1590 58 29 the
1827 1592 105 33 week,
1945 1592 131 35 month,
2092 1601 38 20 or
2150 1594 56 30 the
2226 1604 132 22 season,

1000 1633 50 29 For
1067 1644 46 26 any
1126 1635 154 29 information
1294 1638 113 34 required
1421 1639 80 33 please
1514 1639 71 35 apply
1599 1646 25 20 to
1637 1636 146 39 Proprietor.

1557 1683 59 46 A.
1645 1684 52 39 A.
1727 1683 202 51 SMITH*
2053 1688 278 48 Proprietor.

1026 1860 72 20 Under
1112 1860 35 19 the
1164 1860 152 27 distinguished
1332 1860 117 28 Piltronago
1465 1863 21 19 of
1501 1863 32 19 his
1542 1863 122 26 Excellency
1675 1864 35 20 the
1721 1864 106 21 Governor
1837 1865 36 20 the

1355 1888 50 20 Earl
1421 1889 21 19 of
1451 1889 87 20 Onslow.

1065 1947 137 66 HOT
1235 1947 303 68 SPRINGS
1588 1949 244 74 HOTEL,

1238 2045 38 28 T
1292 2046 38 28 e
1387 2046 276 29 HROHR,

1071 2104 53 24 The
1138 2104 56 24 best
1219 2104 131 29 Situated,
1373 2106 45 24 tlie
1432 2106 67 23 most
1512 2105 186 31 Comfortable,
1712 2107 45 24 the
1770 2107 58 24 best

1236 2138 142 32 appointed
1391 2139 79 24 Hotel
1480 2138 28 24 iri
1520 2139 34 24 Te
1572 2140 97 25 Arolia.

1039 2174 109 32 Adjoins
1173 2175 73 31 (with
1270 2176 106 25 Private
1401 2176 141 32 Entrance)
1568 2178 46 25 the
1646 2179 122 23 Thermal
1790 2177 108 33 Springs

1006 2208 120 32 Domain,
1138 2209 94 24 Tennis
1246 2208 81 26 Court
1338 2210 28 24 in
1379 2210 118 24 Domain.

2317 1861 39 15 n-.-:

2231 1893 106 30 mm

2243 2014 74 28 sfcot
2323 2013 50 25 am

2058 2029 116 27 smim

2028 2154 6 4 -

1008 2286 47 39 W.
1153 2285 160 48 H,LNOCK,,

1674 2287 222 43 Proprietor.

1031 2371 41 20 The
1090 2370 60 20 baths
1170 2371 38 20 and
1229 2371 97 23 drinking
1347 2373 64 16 water
1429 2377 34 12 are
1479 2371 109 25 especially
1607 2372 115 21 efficacious
1743 2373 20 19 in
1788 2373 56 19 Gout
1860 2373 36 18 and

1004 2398 123 19 Rheumatic
1138 2397 115 23 affections,
1263 2397 91 20 Chronic
1364 2396 120 25 Dyspepsia,
1495 2398 108 19 Disorders
1622 2399 22 19 of
1654 2400 34 19 the
1700 2399 90 25 Urinery
1812 2400 86 24 Organs,

1005 2425 115 18 Cutaneous
1132 2424 98 24 Diseases,
1246 2424 80 26 Splenic
1337 2424 40 19 and
1393 2423 87 25 Hepalic
1494 2424 115 24 Disorders,
1629 2426 92 19 Diseases
1737 2426 38 19 due
1784 2428 20 17 to
1813 2426 86 19 Exeesst

1009 2451 86 25 Acidity,
1106 2450 118 26 Neuralgia,
1235 2450 96 21 Sciatica.

1461 2490 3 4 -

1127 2519 60 20 Town
1203 2518 47 20 Hall
1261 2518 40 20 and
1313 2518 80 25 Sample
1404 2517 77 20 Rooms
1496 2519 111 20 connected
1623 2519 44 20 ,vith
1678 2520 34 19 the
1722 2520 71 24 Hotel,

1084 2598 53 19 Now
1148 2597 85 20 Billiard
1242 2597 66 20 Room
1318 2596 49 20 with
1382 2603 37 13 one
1432 2596 21 19 of
1462 2596 105 21 Dennett's
1578 2598 52 19 New
1641 2598 85 19 Billiard
1737 2598 79 19 Tables.

1011 2754 859 61 GEYSERHOUSE

1054 2831 328 46 Hydropathic
1413 2829 153 42 Hotel,
1585 2831 257 38 Wairakei.

1202 2876 36 20 Six
1247 2876 59 19 miles
1316 2878 53 17 from
1378 2876 57 19 Lake
1444 2876 71 25 Taupo
1526 2876 99 25 (Rotorua
1636 2877 60 25 side).

1132 2909 218 31 SUPERIOR
1382 2908 384 33 ACCOMMODATION

1199 2947 54 20 ALL
1263 2948 57 19 THE
1330 2946 145 21 COMFORTS
1485 2946 34 20 OF
1531 2947 14 19 A
1557 2947 82 20 HOME
1649 2948 54 20 FOR

1237 3006 156 27 Tourists
1413 3006 67 27 and
1510 3005 164 30 Invalids.

1006 3092 69 26 Hot
1095 3092 204 32 Swimming
1312 3090 119 32 Baths,
1447 3090 196 28 Kiri-o-Kai
1658 3097 39 20 or
1710 3090 84 27 New
1808 3090 83 27 Skin

1058 3125 99 31 Batli,
1177 3126 70 27 Hot
1266 3124 140 27 Douche
1428 3124 117 32 Baths,
1561 3125 119 26 Grand
1695 3124 150 30 Climate.

1106 3163 313 32 Elevation—l,3so
1428 3162 69 27 feet
1510 3163 109 27 above
1632 3170 59 20 sea
1704 3162 95 27 level.

1004 3241 256 27 COMPETENT
1277 3241 160 27 GUIDES
1449 3249 155 25 accompany
1616 3241 107 25 tourists
1733 3242 26 22 to
1768 3241 44 24 the
1824 3241 52 24 vari-

1102 3284 45 15 ous
1160 3276 84 31 places
1257 3276 27 24 of
1296 3276 116 30 interest,
1426 3275 87 24 which
1521 3275 75 24 bafile
1608 3275 46 24 the
1667 3276 66 23 most
1743 3275 77 24 facile
1830 3283 59 24 pen,

1101 3309 49 23 and
1164 3317 46 16 can
1222 3309 61 32 only
1296 3309 31 24 be
1340 3308 109 24 realized
1461 3308 76 24 when
1555 3317 68 17 seen.

1003 3406 192 25 GEYSER
1209 3408 193 24 VALLEY
1414 3409 93 19 contains
1514 3407 35 21 the
1557 3408 109 25 following
1674 3406 122 27 unequalled
1806 3406 82 19 Natura

1080 3434 92 19 wonders
1181 3433 156 26 :—Tuhuatalii,
1359 3442 21 12 or
1400 3435 66 19 Great
1485 3435 132 24 Champagne
1637 3434 104 20 Cauldron
1751 3433 4 26 ;
1770 3433 34 19 the
1823 3433 65 19 Groat

1079 3459 102 21 Wairakei
1192 3461 78 25 Geyser
1279 3458 3 28 :
1292 3461 34 19 the
1338 3461 87 25 Donkey
1435 3461 80 24 Engine
1524 3458 4 28 ;
1540 3461 34 19 the
1586 3461 84 19 Fairies'
1679 3459 53 21 Bath
1742 3458 4 28 ;
1757 3459 35 19 the
1802 3458 72 25 Lightn-

1080 3485 37 25 ing
1129 3485 60 28 Pool;
1201 3487 34 19 the
1246 3487 50 19 Case
1311 3487 24 19 de
1347 3487 83 26 Geyser,
1446 3494 22 12 or
1479 3487 102 25 Dragon's
1593 3488 70 18 mouth
1674 3485 3 28 ;
1689 3487 35 19 the
1733 3485 57 20 black
1802 3485 84 25 Geyser;

1079 3512 34 19 the
1122 3513 49 19 Mud
1184 3513 77 24 Geyser
1270 3522 5 15 ;
1293 3513 34 19 the
1340 3513 50 20 Blue
1401 3514 55 19 Lake
1466 3511 4 27 ;
1479 3513 35 19 the
1533 3514 33 19 Oil
1579 3513 53 20 Bath
1641 3522 5 15 ;
1664 3513 36 19 the
1722 3512 79 25 Eagle's
1820 3511 66 19 Nest:

1080 3539 35 19 the
1126 3539 76 19 Devil's
1214 3539 70 20 Punch
1296 3540 55 19 Bowl
1362 3537 4 26 ;
1376 3540 40 23 the.
1423 3540 71 19 Prince
1508 3539 21 19 of
1540 3540 77 19 Wales'
1628 3540 111 22 Feathers;
1748 3541 32 16 the
1798 3537 88 25 Mirror;

1080 3565 33 19 the
1122 3565 55 19 Twin
1187 3565 78 26 Geyser
1275 3574 5 16 ;
1291 3566 35 19 the
1337 3567 58 19 Coral
1407 3567 78 24 Geyser
1495 3563 4 28 ;
1512 3566 33 20 the
1556 3566 67 20 Green
1640 3563 61 28 Pool;
1721 3563 131 25 Terekerelie,
1865 3572 21 12 or

1079 3591 48 19 Ilell
1139 3591 90 25 Geyser;
1240 3592 35 19 the
1286 3593 12 17 S
1312 3599 42 13 cam
1366 3593 102 19 ITammer.
1497 3592 84 20 Guide's
1593 3593 32 19 fee
1635 3594 22 18 to
1668 3593 79 24 Geyser
1767 3590 78 24 Valley,
1857 3593 28 22 ss;

1080 3617 91 20 distance
1181 3617 52 20 from
1244 3619 34 18 the
1289 3618 61 25 hotel,
1360 3626 37 12 ond
1409 3619 44 19 mile

1002 3669 95 24 THE
1117 3670 336 25 AREATEATEA
1486 3678 21 12 or
1519 3671 80 19 Ladder
1609 3671 84 25 Ripids.
1722 3670 42 20 The
1781 3670 104 20 Grandest

1079 3696 78 24 Rapids
1167 3697 20 18 in
1199 3697 34 19 the
1244 3697 103 20 Southern
1359 3693 135 29 Hemisphere
1503 3693 4 30 ;
1517 3697 74 26 falling
1601 3698 20 19 in
1642 3698 30 19 six
1690 3697 86 19 distinct
1793 3697 91 19 cascades

1079 3725 93 23 amongst
1188 3724 61 19 weird
1261 3724 40 19 and
1313 3724 74 24 rugged
1403 3730 89 18 scenery.
1520 3724 98 20 Distance
1629 3724 51 19 from
1693 3724 35 18 the
1747 3723 62 24 hotel,
1828 3723 56 20 three

1079 3749 62 18 miles.
1170 3750 76 19 Saddle
1254 3750 71 19 horses
1340 3753 22 16 to
1372 3750 47 19 visit
1429 3750 33 19 the
1470 3750 83 26 Rapids,
1564 3750 23 20 7a
1598 3751 25 19 Gd
1634 3750 54 20 each.

1000 3795 220 26 KERAPIT!
1249 3804 23 12 or
1281 3797 35 19 the
1327 3797 76 20 Devil's
1414 3798 96 24 Trumpet
1520 3798 17 19 ia
1554 3799 42 18 said
1617 3802 20 15 to
1659 3798 50 19 emit
1728 3805 12 12 a
1762 3804 91 18 pressure
1862 3798 22 18 of
1891 3793 2 29 |

1078 3822 69 19 1801bs
1159 3823 21 18 of
1194 3826 63 16 steam
1269 3825 21 17 tr
1301 3823 35 20 the
1342 3823 53 23 inch,
1410 3824 52 18 from
1472 3830 26 14 an
1514 3827 96 22 aperturo
1620 3824 21 20 of
1660 3825 64 19 about
1743 3824 25 18 12
1785 3823 67 20 inches
1862 3824 19 19 in

1077 3847 103 21 diameter.
1207 3849 100 20 Distance
1319 3850 52 19 fro.n
1383 3849 54 20 hotel
1445 3850 56 20 three
1512 3852 38 18 and
1564 3859 10 11 a
1586 3851 41 19 half
1638 3851 69 23 miles;
1728 3849 69 21 saddle
1813 3849 69 21 horses

1076 3876 21 16 to
1110 3875 46 18 visit
1166 3874 34 20 the
1210 3875 69 24 above,
1291 3877 22 18 2s
1320 3877 27 19 (id
1358 3877 53 19 each.

1408 3908 53 14 ALSO

1000 3926 94 24 THE
1115 3926 132 25 HUKA
1266 3928 169 30 FALLS,
1454 3929 33 19 t'ae
1620 3930 57 19 Falls
1687 3931 20 17 in
1728 3929 33 18 the
1781 3928 99 20 Southern

1075 3957 139 25 Hemisphere.
1244 3959 42 20 The
1296 3959 56 19 Falls
1362 3965 44 19 may
1422 3960 23 18 be
1455 3960 71 19 visited
1534 3967 26 12 on
1569 3960 35 19 the
1614 3967 54 12 same
1675 3960 114 24 expedition
1803 3966 22 12 as
1846 3959 35 22 t,ho

1075 3983 78 20 Devil's
1159 3984 104 26 Trumpet.
1291 3985 98 20 Distance
1400 3984 51 20 from
1463 3985 52 20 hotel
1526 3986 59 20 three
1594 3987 37 18 and
1644 3994 10 11 a
1665 3986 43 19 'iaif
1719 3986 62 19 miles.
1806 3986 74 21 Saddle

1076 4009 58 20 horse
1152 4017 21 13 or
1183 4011 68 25 buggy
1266 4009 38 27 2--9
1314 4009 9 27 d
1333 4009 47 27 each.

2175 2179 8 17 i
2285 2170 78 33 :«/-■

2249 2382 35 31 m

2199 2408 58 28 SJiiiM
2262 2415 16 25 Is

1985 2581 33 13 sw

2052 2460 42 25 Very
2100 2462 44 23 Old
2153 2462 72 25 Special'

2593 2513 161 41 Mellow

2768 2554 8 25 I

2123 2504 32 14 itttf

2223 2535 2 11 i

2398 2555 50 36 NE

2235 2559 42 25 m

2496 2569 30 27 M

2257 2584 8 7 S
2274 2584 2 9 .

2250 2591 295 49 mmmm&t

2694 2608 27 31 s

1945 2728 54 51 jj'
2265 2728 175 47 Propr/e/ofo
2456 2755 14 5 -
2538 2733 51 28 fs*
2604 2743 21 18 :•?
2638 2727 26 34 -18

2295 2777 282 69 DJjTILLERS
2616 2777 18 77 C
2652 2777 18 77 9
2688 2777 54 77 Ij?

1911 2918 272 35 WHOLESALE
2551 2901 213 24 ~==di

2203 2964 51 39 L.
2282 2964 53 39 D.
2364 2964 263 47 NATHAN
2654 2973 113 39 &Co.

2367 3064 127 36 Iflßfit

2185 3114 64 18 C*C#'
2319 3114 28 19 civ

1979 3201 210 39 AJlr
2215 3206 65 34 Tj
2304 3208 29 32 y
2435 3207 51 33 />
2523 3209 24 31 T
2599 3209 28 21 T

1977 3217 53 52 U
2053 3214 135 59 At
2215 3223 64 50 M
2307 3227 183 48 11YU
2522 3214 53 60 L
2598 3214 27 60 i
2653 3236 137 39 iuij

2095 3341 532 51 BETWEEN

2020 3453 267 55 Rotorua
2323 3459 118 50 and
2474 3461 212 64 Taupo.

2175 3703 347 31 THURHNCH

1905 3735 80 41 Smith
2015 3737 48 40 and
2081 3736 115 52 Carriage
2216 3739 105 45 Works,
2352 3739 80 40 Coach
2458 3740 49 39 and
2537 3740 109 51 Waggon
2683 3741 103 51 Factory

2108 3800 214 21 ESTABLISHED
2338 3801 80 20 OVER
2435 3802 25 19 10
2476 3802 106 21 YEARS.

1921 3845 38 16 The
1967 3847 115 19 undersigned
2091 3852 28 11 arc
2128 3847 139 17 manufacturers
2274 3847 19 17 of
2300 3849 21 15 :tll
2333 3849 61 16 classes
2402 3849 18 15 of
2429 3849 79 16 Vehicles
2516 3849 13 15 i-
2539 3849 120 21 Agricultural
2669 3851 32 19 Tin]
2708 3851 77 17 lcmeuls.

1922 3867 37 15 Our
1968 3868 109 15 well-known
2086 3869 98 20 reputation
2194 3874 17 10 as
2219 3868 86 17 l'ractical
2320 3869 100 17 Mecliaaica
2436 3870 33 15 and
2484 3870 23 16 W
2554 3872 19 16 27
2589 3877 51 15 years
2651 3872 100 20 experience
2769 3873 18 16 iu

1901 3888 150 16 tlieAustralasian
2061 3889 84 21 Colonies,
2154 3891 64 20 justify
2227 3896 5 9 \
2242 3891 31 15 >in
2289 3891 84 19 claiming
2385 3892 38 15 that
2437 3896 26 11 wo
2479 3896 32 10 can
2525 3892 70 16 furnish
2610 3898 10 10 a
2636 3893 56 16 better
2706 3893 44 16 class
2770 3895 17 15 of

1901 3910 74 15 vehicles
1983 3910 94 16 consistent
2086 3911 42 16 with
2135 3911 63 16 horest
2206 3911 48 16 work
2263 3913 18 14 at
2289 3917 9 10 a
2308 3912 74 20 cheaper
2394 3914 36 14 rate
2437 3912 42 15 than
2489 3918 34 14 any
2531 3913 19 15 of
2559 3918 31 11 rur
2598 3914 116 20 competitors.

1921 3931 36 15 The
1966 3930 60 16 Public
2034 3931 35 16 will
2081 3932 34 16 find
2124 3932 14 16 it
2150 3934 17 14 lo
2181 3932 46 16 their
2242 3932 98 21 advantage
2357 3934 18 15 to
2391 3933 147 17 ENCOURAGE
2558 3934 79 16 LOCAL
2656 3934 129 23 INDUSTkY,

1900 3952 55 15 where
1964 3952 40 20 they
2021 3957 31 12 can
2060 3952 45 17 have
2110 3953 29 16 the
2145 3953 79 21 pleasure
2231 3953 19 16 t.f
2257 3953 60 21 seeing
2332 3955 91 16 first-class
2437 3955 79 16 material
2529 3955 35 16 and
2580 3956 126 21 workmanship
2723 3959 31 18 put
2769 3958 17 16 in

1921 3974 40 17 ele<|
1969 3974 49 15 made
2025 3975 19 13 to
2051 3974 45 16 their
2102 3975 60 16 valued
2171 3975 64 15 orders.

1920 3994 46 18 N,B.
1968 3995 100 16 —Vehicles
2075 3995 19 16 of
2099 3995 22 16 all
2129 3996 115 20 descriptions
2253 3997 85 20 repaired,
2349 3997 78 20 painted,
2436 3997 94 16 renovated
2540 3998 33 15 and
2583 3998 49 16 made
2648 4000 17 14 to
2681 3999 38 16 look
2736 4001 51 20 equal

1900 4017 16 14 to
1924 4021 45 10 new.

1129 4049 87 28 MRS
1230 4051 38 26 It.
1287 4051 192 31 GRAHAM,
1500 4051 242 33 Proprietress.

1887 4052 213 44 [WILLIAM
2119 4064 185 31 PARKER,
2326 4065 256 33 Coachbuilder.

2249 4102 142 26 JAMES
2410 4103 132 32 HAUA,
2564 4104 218 30 Blacksmith

2168 4134 148 18 DEVOMPORT
2328 4134 73 21 ROAD,
2416 4134 129 21 TAURAGA,

2867 1303 157 51 Steele
3065 1303 136 53 Bros.

2822 1390 193 42 MARAEROA
3078 1390 162 47 SAWMILL,

2821 1449 133 51 DESIRE
2964 1452 20 18 to
2995 1449 62 21 thank
3079 1449 34 21 the
3131 1450 67 27 pubiic
3216 1451 26 21 for

2900 1480 45 23 past
2953 1477 68 20 favors
3029 1476 39 20 aud
3076 1477 37 25 beg
3121 1480 19 17 to
3147 1483 95 17 announce

2819 1504 45 19 that
2881 1503 75 26 having
2975 1511 11 13 a
3009 1503 55 26 large
3083 1504 58 20 stcck
3160 1504 21 20 of
3198 1505 45 21 well*

2820 1532 94 19 seasoned
2935 1531 106 20 first-class
3061 1529 73 22 timber
3152 1536 24 16 on
3196 1531 46 23 hand

2820 1557 48 28 they
2879 1564 32 14 are
2923 1557 96 27 prepared
3039 1563 20 14 to
3076 1557 53 21 fulfil
3147 1558 67 21 orders
3224 1562 16 18 at

2820 1584 86 22 reduced
2917 1589 59 17 rtUes,

2822 1646 39 47 T
2899 1645 55 48 M
2998 1646 47 47 jj
3050 1645 125 22 arris(M
3177 1645 4 48 '
3194 1647 44 21 ba,
3240 1645 3 48 <

2835 1705 161 21 BARRISTER
3012 1705 60 21 AND
3083 1705 150 28 SOLICITOR

2834 1739 44 23 118,
2890 1738 109 21 Victoria
3010 1740 93 23 Ahcade,
3115 1740 119 21 Auckland,

3010 1775 57 19 Also

2822 1804 101 21 Barrister
2934 1805 39 19 and
2984 1804 92 21 Solicitor
3087 1804 21 21 of
3115 1808 33 17 the
3155 1806 87 25 Supreme

2899 1832 69 24 Court,
2981 1832 92 24 Ontario,
3084 1832 88 20 Canada.

2824 1903 271 44 PHOENIX
3118 1904 122 46 FIRE

2921 1959 223 44 OFFICE.

2818 2062 81 21 Losses
2923 2064 56 19 Paid
3112 2064 128 24 £20,000,00

2817 2114 53 21 Fire
2879 2116 107 20 Premium
2996 2116 99 19 Exceeds
3137 2114 71 27 1,5')'11
3221 2118 19 20 00

2815 2168 164 21 Accumulated
3027 2168 72 19 Fund?.

2816 2194 88 21 Exceed
3139 2196 100 21 £IOOOOOO

2815 2246 24 22 W.
2857 2248 57 21 WARD
2925 2247 66 22 BAKER
3035 2248 40 21 IW.
3093 2248 16 21 A.
3124 2249 97 23 WILLIAMS

2851 2273 70 22 District
2937 2272 66 26 Manger
3086 2273 49 22 Local
3148 2274 51 25 Agent

2902 2297 104 22 Aucklaand.
3036 2294 4 29 I
3131 2299 76 24 Rotorua,

2819 2356 163 41 ROTOKUA
3004 2358 164 39 SAWMILL
3193 2358 45 40 CO,

2821 2436 134 49 WHITE
2965 2436 61 20 AND
3036 2436 57 20 RED
3102 2436 70 21 PINE
3181 2437 21 19 of
3214 2436 26 19 the
3251 2436 2 49 !

2919 2464 6 18 i
2928 2462 3 26 :
2934 2467 45 15 nest
2998 2462 78 26 quality
3095 2463 40 19 and
3151 2462 89 26 carefully

2815 2547 90 23 Matai,
2936 2547 128 26 Pukatea,
3095 2547 51 21 and
3171 2547 67 22 Tawa

2843 2574 134 25 Shingles,
2990 2574 116 25 Palings,
3123 2575 94 21 Blocks

2954 2601 51 21 and.
3030 2601 82 21 Posts-

2838 2644 20 19 A
2872 2643 53 26 good
2935 2643 40 19 and
2986 2643 89 19 assorted
3089 2643 74 26 supply
3172 2644 66 25 always

2813 2676 25 13 ou
2849 2670 56 19 hand
2915 2672 21 17 at
2947 2669 35 19 the
2993 2669 81 19 Timber
3082 2669 64 25 Yard,

2958 2701 137 20 ROTOIIUA,

2812 2751 46 19 N.B
2866 2751 108 26 —Special
2983 2758 45 13 care
3038 2751 61 20 taken
3116 2752 20 18 in
3153 2752 33 19 the
3202 2757 35 14 sea-

2826 2826 98 20 PRICES
2939 2826 36 19 AT
2991 2825 131 20 CURRENT
3135 2825 93 20 RATES.

2863 2886 33 20 W.
2910 2885 155 24 HENSHAW,
3086 2885 112 19 Manager.

2862 2937 165 37 Rotopua
3043 2937 158 43 Library.

2813 3003 114 48 OPEN
2943 3004 53 20 from
3008 3005 24 19 10
3043 3011 45 13 a.m.
3097 3006 21 18 to
3128 3005 12 18 5
3148 3010 46 19 p.m.
3203 3000 33 23 and

2874 3033 11 18 6
2894 3033 26 17 30
2928 3033 20 17 to
2960 3032 24 18 10
2992 3038 15 19 p.
3014 3038 24 12 m.
3049 3031 93 24 Sundays
3151 3031 31 19 till
3189 3032 46 24 9p.m

2812 3063 187 21 Subscription
3017 3062 51 18 2«s
3081 3067 47 17 per
3142 3066 92 14 annum

2836 3093 89 20 Visitors
2945 3100 44 18 may
3008 3100 84 19 procure
3108 3093 67 20 Books
3191 3093 44 20 from

2810 3120 35 19 the
2862 3120 86 26 Library
2966 3127 25 13 on
3008 3120 82 26 making
3108 3127 11 12 a
3132 3120 77 24 deposit
3219 3118 16 20 of

2810 3148 37 18 not
2862 3146 40 21 less
2921 3142 49 24 tlian
2988 3148 28 21 sa,
3034 3147 40 18 and
3090 3146 118 26 purchasing
3218 3146 17 19 Is

2810 3179 80 18 coupon
2901 3174 32 19 for
2942 3180 62 18 every
3014 3173 55 19 Pour
3079 3173 70 20 books.

2836 3200 42 19 Tha
2897 3200 87 24 Library
3003 3200 17 19 is
3043 3206 51 19 open
3118 3200 71 25 during
3208 3198 27 19 the

2831 3279 46 39 M
2883 3278 16 16 R
2923 3277 53 37 W
3007 3277 40 37 J.
3074 3278 102 37 NAPIER-

2860 3324 151 19 BARRISTER
3022 3324 16 18 &
3048 3324 140 20 SOLICITOR.

2808 3353 148 19 Commissioner
2964 3354 20 17 of
2993 3354 31 17 the
3041 3354 90 23 Supreme
3146 3355 59 18 Court
3215 3353 19 18 of

3001 3377 54 23 Pij'-)

2808 3400 89 18 Solicitor
2909 3402 19 17 to
2937 3400 32 18 the
2977 3401 25 17 N.
3012 3400 20 18 Z.
3042 3401 127 18 Government
3183 3400 52 19 under

2915 3423 97 18 Advances
3021 3426 19 15 to
3049 3424 75 18 Settlers

2808 3459 98 18 Victoria
2914 3460 91 22 Arcade,
3013 3461 114 20 Queen-st.,
3135 3458 99 20 Auckland.

2831 3495 70 23 Money
2911 3498 18 15 to
2938 3495 10 18 I
2955 3496 35 17 end
3000 3501 24 12 on
3033 3495 83 19 freehold
3128 3497 79 22 security
3219 3497 14 15 at

2807 3518 38 17 low
2853 3520 49 17 rates
2908 3519 20 18 of
2932 3519 83 18 interest.
3041 3520 70 22 Money
3120 3520 83 17 invested
3211 3519 24 17 for

2807 3541 69 19 clients
2886 3542 39 18 free
2934 3543 20 17 of
2964 3542 73 22 charge.

2867 3619 72 20 Wh-cn
2954 3620 22 19 in
2989 3618 124 21 Auckland
3123 3619 58 21 Visit

2883 3652 31 27 E.
2937 3652 227 26 SPENCER'S

2850 3690 142 24 CURIO
3015 3690 181 32 DEPOT,

2896 3720 34 21 (On
2942 3720 60 18 Queen
3011 3720 55 16 Street
3074 3720 77 22 Wharf.)

2849 3763 41 19 Por
2899 3763 28 19 all
2936 3763 61 19 kinds
3007 3763 21 19 of
3044 3763 51 20 Now
3107 3764 89 19 Zealand

2883 3789 72 20 Curios
2965 3789 40 18 and
3020 3788 140 21 Greenstones.

2857 3868 30 27 J.
2903 3868 50 31 W.
2968 3868 216 29 WBJGLEY.

2809 3908 424 24 architect,

2949 3939 143 20 ROTORUA.

2833 3972 66 24 Agent
2907 3970 34 20 for
2952 3970 33 20 the
2996 3971 61 18 South
3074 3971 77 20 British
3162 3974 45 19 Fire
3218 3972 13 19 &

2807 3998 81 19 Marine
2899 3998 112 18 Insurance
3021 3997 109 27 Company.
