2569 4069
821 524 221 38 PUBLISHED
1088 525 132 37 EVERY
1264 524 257 39 WEDNESDAY
1566 528 207 35 MORNING.

688 639 111 31 PORT
819 640 258 38 NICHOLSON,
1094 640 265 32 WEDNESDAY
1381 642 211 37 MORNING,
1613 642 177 38 APRILS,
1813 651 88 27 1844.

120 635 65 30 No.
206 624 89 69 33^.1

1255 77 97 31 THE

84 122 465 133 NEW
653 133 876 134 ZEALAND
1636 140 854 137 GAZETTE

1267 295 101 32 AND

76 327 1207 165 WELLINGTON
1404 327 1087 165 SPECTATOR

2296 651 93 40 |Vol.
2411 654 36 32 V.

2429 187 4 4 '

1352 736 156 27 Important
1518 739 58 21 sale
1588 739 32 21 of
1631 740 124 26 Country
1769 741 81 20 Land.

1312 768 159 48 MESSRS.
1481 769 153 23 BETHUNE
1649 778 46 15 and
1710 771 129 22 HUNTER
1855 778 36 15 are

1401 795 123 23 instructed
1538 797 30 26 by
1586 797 37 21 the
1631 798 130 27 proprietor,
1776 801 23 17 to
1806 797 42 22 sell
1862 798 30 27 by

1310 820 106 28 Auction,
1427 829 24 14 at
1460 822 37 21 the
1508 823 131 26 Exchange,
1648 824 33 21 Te
1691 824 55 25 Aro,
1759 830 26 15 on
1792 823 100 28 Tuesday

1310 846 39 21 the
1358 846 53 22 2tfrd
1422 848 71 26 April,
1506 853 96 23 current,
1615 853 22 17 at
1648 851 10 20 1
1671 849 92 22 o'clock.

1336 873 48 22 The
1401 873 71 22 whole
1482 874 26 22 of
1521 874 48 24 that
1583 875 103 22 valuable
1702 876 86 22 section
1804 876 26 22 of
1839 876 53 22 land

1568 902 24 21 in
1602 902 38 21 the

1379 943 9 7 v
1419 926 145 23 HAPPY
1601 928 22 21 V
1632 928 153 28 ALLEY,

1326 958 122 23 numbered
1456 960 26 20 22
1492 966 30 15 on
1532 961 38 21 the
1581 961 110 27 Surveyor
1701 961 104 22 Generals
1816 961 53 28 plan
1885 965 4 5 '

1463 990 106 23 OHIRO
1586 992 152 27 DISTRICT,

1308 1029 50 15 now
1368 1022 23 22 in
1402 1023 35 21 the
1449 1024 131 27 occupation
1588 1024 27 22 of
1624 1024 38 22 the
1679 1032 74 15 owner
1770 1025 41 23 Mr.
1823 1025 66 27 Reid,

1293 1053 2 24 i
1318 1050 77 21 About
1410 1051 27 21 20
1452 1057 62 15 acres
1529 1058 38 14 are
1584 1051 93 27 cleared,
1694 1052 72 22 under
1781 1060 60 21 crop,
1849 1053 44 22 and

1467 1076 71 29 ready
1546 1080 23 19 to
1578 1079 86 21 receive
1675 1086 59 20 crop.

1354 1109 22 21 A
1392 1108 214 24 SUBSTANTIAL
1621 1110 99 23 STONE
1736 1110 106 28 HOUSE,

1307 1140 53 23 with
1380 1140 136 28 out-houses,
1537 1141 40 22 has
1596 1142 57 22 been
1674 1143 94 26 erected,
1789 1143 43 23 and
1851 1142 38 23 the

1308 1167 85 27 garden
1402 1168 19 21 is
1431 1168 50 21 well
1491 1168 93 22 stocked
1593 1169 53 21 with
1655 1168 54 23 fruit
1719 1173 64 18 trees.
1808 1170 22 22 A
1843 1174 47 18 cart

1307 1194 55 21 road
1381 1194 20 21 is
1418 1194 80 27 nearly
1516 1195 133 28 completed,
1670 1199 21 19 to
1707 1197 50 27 join
1775 1196 33 22 the
1829 1197 61 22 Wel-

1306 1220 88 28 lington
1405 1220 62 23 road.
1498 1220 47 23 The
1555 1222 86 22 district
1649 1223 20 21 is
1677 1223 50 21 well
1736 1223 99 28 watered,
1845 1223 44 23 and

1307 1247 38 22 the
1356 1247 42 22 soil
1408 1247 19 22 is
1437 1247 26 22 of
1474 1255 55 20 very
1543 1249 101 26 superior
1652 1249 92 32 quality,
1762 1257 25 15 as
1794 1250 37 22 the
1840 1258 50 19 pre-

1306 1278 51 18 sent
1372 1281 61 21 crops
1448 1274 58 28 fully
1522 1276 84 26 testify.
1640 1276 48 22 The
1703 1276 85 23 section
1801 1277 44 22 wili
1860 1277 29 22 be

1495 1302 145 22 sub-divided
1655 1303 48 21 into

1442 1333 18 21 5
1489 1335 118 21 ACRE
1639 1335 118 26 LOTS,

1307 1364 45 22 and
1363 1364 53 22 from
1428 1364 28 22 its
1468 1364 98 28 climate,
1576 1366 110 22 beautiful
1696 1366 109 28 situation,
1817 1374 73 15 acces-

1306 1391 82 27 sibility
1408 1391 45 22 and
1470 1392 122 28 proximity
1611 1396 22 19 to
1653 1392 37 23 the
1706 1396 67 24 town,
1789 1397 58 18 must
1862 1394 28 22 be

1308 1417 131 22 considered
1451 1425 13 14 a
1472 1418 64 27 realy
1546 1418 110 23 desirable
1672 1420 45 21 and
1726 1420 99 22 valuable
1840 1428 50 18 pro-

1304 1448 75 24 perty,
1390 1451 24 15 as
1424 1444 50 22 well
1485 1452 24 15 as
1518 1446 59 21 from
1585 1446 27 21 its
1621 1446 68 27 being
1698 1446 50 22 well
1757 1447 92 27 adapted
1856 1448 35 21 for

1401 1471 89 22 market
1498 1471 103 28 gardens,
1612 1480 25 15 or
1648 1472 65 23 small
1723 1473 75 22 daries.

1420 1505 45 15 THE
1475 1506 77 15 TERMS
1562 1506 58 15 WILL
1632 1507 28 14 BE
1670 1507 105 16 LIBERAL.

1306 1523 69 24 Also.
1378 1536 26 4 —
1407 1525 122 22 Reversion
1545 1526 27 21 of
1588 1526 72 22 Lease
1675 1526 26 21 of
1718 1528 80 21 section
1814 1528 43 22 No.
1866 1529 22 26 4,

1306 1551 45 23 Kai
1362 1552 79 22 Warra
1458 1552 95 27 district,
1565 1553 45 22 and
1626 1553 38 22 the
1677 1553 111 29 buildings
1801 1556 89 21 erected

1550 1579 102 23 thereon.

1387 1613 74 14 TERMS
1476 1613 29 14 OF
1521 1613 71 16 LEASE
1607 1615 45 14 ARE
1670 1614 136 16 FAVORABLE.

1332 1632 145 27 Wellington,
1489 1633 66 27 April
1564 1635 20 25 9,
1597 1635 61 21 1844.

1518 1685 164 23 Almanack.

1306 1718 74 49 AN
1401 1718 181 23 ALMANACK
1601 1719 34 22 for
1652 1719 133 29 WellingUn
1803 1722 19 22 is
1841 1729 50 16 now

1376 1745 131 28 publishing
1517 1751 23 17 at
1548 1745 45 23 this
1604 1747 78 23 Office.

1538 1780 75 21 price,
1630 1775 30 21 Is.

1482 1799 79 26 Office,
1575 1801 126 22 December
1710 1802 19 25 7,
1742 1803 56 22 1843.

1306 1852 40 20 To
1359 1851 162 21 Gentlemen
1536 1853 148 26 intending
1698 1855 28 18 to
1743 1855 72 19 enter
1829 1855 60 20 into

1333 1878 45 21 the
1400 1878 145 26 profitable
1575 1879 109 26 pursuit
1714 1880 31 20 of
1770 1881 121 28 Grazing

1334 1905 55 21 and
1403 1905 139 27 Breeding
1561 1906 93 25 Stock,
1676 1907 43 20 for
1739 1907 85 21 which
1845 1909 44 21 the

1333 1932 88 20 fertile
1433 1932 114 20 Islands
1569 1932 30 21 of
1616 1933 70 21 New
1705 1934 119 22 Zealand
1844 1940 45 17 are

1332 1965 30 15 so
1378 1959 152 26 peculiarly
1545 1959 127 27 adapted.

1306 1996 9 15 r
1324 1992 74 21 I^HE
1408 1992 153 27 undersigned
1572 1993 42 27 beg
1622 1996 21 19 to
1650 1994 85 21 inform
1741 1994 148 28 theirfriedds,

1312 2015 30 26 JL
1380 2019 44 21 and
1441 2019 39 22 the
1495 2019 77 27 public
1589 2020 123 28 generally,
1724 2020 47 23 that
1782 2022 53 27 they
1844 2022 46 22 will

1305 2048 104 21 contract,
1424 2046 34 21 for
1483 2045 38 23 the
1548 2046 100 28 delivery
1671 2048 25 21 of
1718 2048 37 21 the
1777 2048 113 28 following

1305 2072 131 27 descsiption
1449 2073 27 21 o£
1483 2073 76 27 Stock,
1569 2073 25 21 in
1602 2080 45 21 any
1658 2073 54 22 Port
1721 2076 26 20 of
1757 2075 34 22 the
1802 2075 87 22 Islands

1305 2099 26 21 of
1338 2099 56 22 New
1403 2099 101 22 Zealand
1515 2108 5 13 :—:
1522 2111 29 5 —

1331 2130 95 23 Horned
1441 2131 69 22 cattle
1527 2132 127 27 (improved
1666 2133 90 27 breeds)
1771 2134 24 21 of
1806 2133 30 23 all
1851 2134 40 22 de-

1303 2158 125 26 scriptions,

1293 2196 2 9 1
1331 2194 84 22 Horses
1415 2211 8 15 ?
1444 2194 58 23 from
1524 2194 38 23 the
1586 2196 49 21 best
1655 2196 94 28 English
1768 2197 43 22 and
1827 2198 62 22 Arab

1302 2221 69 27 studs,
1389 2221 95 22 suitable
1500 2221 35 22 for
1554 2222 85 28 racing,
1655 2224 83 28 saddle,
1749 2231 24 15 or
1783 2226 92 21 harness
1883 2234 5 19 ;

1301 2248 47 22 and
1357 2248 107 28 breeding
1473 2255 82 21 mares,

1329 2281 58 21 Pure
1397 2281 77 22 Saxon
1483 2281 46 22 and
1538 2281 88 23 merino
1635 2290 66 21 ewes,

1331 2317 118 23 Half-bred
1466 2318 116 22 Leicester
1595 2319 46 22 and
1657 2321 86 22 merino
1762 2329 61 19 ewes,
1839 2330 51 21 par-

1302 2344 103 28 ticularly
1413 2345 98 28 adapted
1524 2346 37 21 for
1570 2346 44 22 this
1623 2351 103 24 country,
1736 2356 24 14 as
1769 2349 52 28 they
1827 2350 62 22 unite

1301 2371 82 27 weight
1392 2372 28 22 of
1425 2380 87 14 carcass
1523 2373 54 22 with
1587 2372 97 24 fineness
1695 2375 26 21 of
1728 2375 59 23 wool.

1328 2403 47 22 The
1399 2403 153 28 undersigned
1575 2412 43 14 can
1646 2407 164 22 accommodate
1837 2415 53 21 pur-

1301 2429 89 23 chasers
1405 2431 27 21 of
1444 2431 59 22 their
1513 2431 69 22 Stock
1599 2432 54 22 with
1670 2434 111 23 extensive
1796 2436 93 27 grazing

1300 2464 61 20 runs,
1371 2457 78 23 within
1460 2460 42 20 100
1510 2459 67 23 miles
1587 2459 26 22 of
1618 2459 44 22 this
1673 2460 61 23 Port.

1618 2492 26 22 B.
1659 2492 97 24 Rhodes
1768 2494 42 22 and
1825 2495 38 22 Co.

1303 2544 92 49 THE
1418 2546 81 19 Nelson
1521 2546 118 21 Examiner
1662 2547 43 20 and
1727 2548 48 20 New
1799 2549 93 21 Zealand

1376 2571 112 22 Chronicle
1504 2572 128 28 (published
1641 2576 23 19 at
1674 2574 97 27 Nelson,)
1788 2574 19 22 is
1825 2583 65 21 regu-

1299 2598 59 27 larly
1376 2600 142 21 transmitted
1535 2603 23 18 to
1574 2599 146 29 Wellington,
1739 2601 42 22 and
1796 2610 52 20 may
1862 2603 27 22 be

1301 2624 44 23 had
1355 2629 24 18 at
1387 2626 38 22 the
1435 2626 65 22 office
1510 2626 27 21 of
1547 2626 43 22 this
1599 2634 76 21 paper.

1328 2657 48 22 The
1387 2659 79 20 Nelson
1474 2659 116 21 Examiner
1606 2659 47 22 will
1661 2659 28 21 be
1699 2659 67 22 found
1775 2668 29 14 an
1815 2662 74 21 excel-

1301 2684 48 22 lent
1357 2685 99 23 medium
1467 2685 35 23 for
1512 2685 141 23 advertisers.

1328 2718 78 21 Terms
1416 2718 34 22 for
1459 2718 39 22 the
1508 2725 76 21 paper,
1595 2722 37 19 ten
1642 2718 100 29 shillings
1756 2727 36 20 per
1801 2723 80 25 quarte

1300 2744 94 28 payable
1401 2745 26 22 in
1436 2745 111 22 advance.

1328 2777 81 22 Orders
1432 2777 35 22 for
1488 2777 37 23 the
1548 2785 68 21 paper
1639 2777 46 23 and
1708 2778 181 23 advertisements

1300 2804 102 22 received
1412 2807 23 19 at
1444 2805 40 22 the
1495 2804 72 22 Office
1578 2805 26 21 of
1615 2805 44 22 this
1669 2813 76 19 paper.

1466 2855 79 21 Meat
1578 2855 149 27 Company.

1536 2888 126 23 BUTTER

1303 2922 159 49 ALWAYS
1477 2930 29 14 on
1517 2923 69 26 hand,
1603 2923 45 22 and
1664 2927 22 18 to
1702 2923 27 22 be
1744 2923 49 28 had,
1804 2923 84 23 whole-

1381 2950 46 22 sale
1446 2949 44 23 and
1510 2950 72 27 retail,
1602 2954 23 18 at
1645 2949 38 23 the
1706 2951 76 22 lowest
1799 2951 89 22 market
1895 2967 2 5 ,

1301 2976 66 28 price,
1383 2985 14 14 a
1415 2977 62 27 large
1496 2977 82 27 supply
1592 2977 26 21 of
1634 2977 37 22 the
1686 2977 123 23 celebrated
1824 2978 64 22 Cow-

1302 3007 88 23 pasture
1399 3003 46 23 and
1454 3003 121 23 Terawitte
1587 3003 72 28 Dairy
1669 3004 85 22 Butter.

1575 3037 36 22 W.
1625 3038 105 26 Flyoer,
1745 3038 114 28 Manager.

1471 3090 79 21 Meat
1572 3090 149 26 Company.

1303 3123 91 51 THE
1414 3123 241 26 UNDERSIGNED,
1672 3123 82 29 having
1771 3124 57 23 been
1849 3132 38 21 ap-

1375 3150 92 29 pointed
1482 3151 110 26 Manager
1602 3151 26 21 of
1641 3150 38 22 the
1693 3151 62 22 Meat
1762 3151 123 29 Company,

1301 3177 53 28 begs
1363 3181 24 19 to
1395 3185 120 15 announce
1526 3177 49 23 that
1588 3185 15 14 a
1611 3177 89 27 regular
1709 3177 74 29 supply
1792 3179 26 22 of
1827 3179 58 27 beef,

1301 3208 94 24 mutton,
1416 3205 45 22 and
1477 3204 59 29 pork
1552 3212 52 20 may
1623 3205 84 27 always
1724 3205 26 22 be
1768 3205 118 28 depended

1301 3238 60 21 upon
1373 3236 22 18 at
1405 3232 44 22 this
1459 3231 175 23 establishment.

1329 3264 32 22 As
1384 3263 44 23 this
1453 3264 116 27 Company
1587 3270 109 21 purposes
1714 3263 75 28 selling
1808 3268 24 19 at
1849 3264 37 23 the

1301 3289 77 24 lowest
1385 3291 73 27 prices
1468 3294 24 18 at
1506 3290 74 23 which
1588 3292 19 19 it
1621 3290 18 22 is
1648 3290 72 23 found
1728 3290 34 23 the
1772 3294 60 19 meat
1846 3299 40 15 can

1301 3316 28 23 be
1339 3317 107 28 afforded,
1457 3316 39 23 the
1505 3316 152 28 undersigned
1665 3317 19 21 is
1698 3317 52 27 only
1757 3318 127 23 authorized

1303 3348 21 17 to
1334 3345 49 26 give
1389 3351 55 20 very
1450 3343 88 23 limited
1547 3344 78 26 credit,
1632 3343 46 23 and
1686 3344 38 22 has
1730 3344 54 23 been
1793 3345 93 24 ordered

1301 3374 24 19 to
1340 3376 48 24 stop
1402 3371 32 22 all
1447 3374 107 19 accounts
1569 3370 73 23 which
1656 3378 38 15 are
1709 3376 40 18 not
1759 3372 54 28 paid
1827 3380 59 21 upon

1303 3397 101 24 demand.

1329 3431 47 23 The
1385 3431 103 23 business
1498 3431 26 21 of
1531 3431 38 22 the
1579 3431 116 29 Company
1703 3432 19 22 is
1732 3433 82 23 carried
1823 3441 30 15 on
1863 3435 22 22 in

1302 3457 57 23 their
1373 3466 50 15 new
1437 3458 111 27 building,
1560 3459 89 21 erected
1665 3459 99 23 between
1783 3460 103 23 France's

1302 3485 69 22 Hotel
1388 3485 44 23 and
1452 3487 39 20 the
1509 3485 60 22 bead
1585 3485 26 22 of
1625 3485 38 23 the
1679 3485 56 29 Bay,
1750 3487 45 22 and
1808 3488 78 29 nearly

1302 3513 97 28 opposite
1410 3516 22 19 to
1443 3513 46 22 Mr.
1500 3511 84 28 Lyon's
1595 3513 70 22 Store.

1573 3546 42 22 W.
1625 3546 101 28 Flyoer,
1742 3548 116 28 Manager.

1328 3583 130 23 November
1467 3585 35 25 23,
1515 3585 60 21 1842.

1479 3630 101 21 Scotch
1595 3630 115 24 Church.

1299 3663 48 48 IT
1360 3664 19 21 is
1387 3663 147 29 respectfully
1548 3663 121 28 requested
1686 3664 49 21 that
1747 3663 31 22 all
1796 3663 83 28 parties

1355 3691 50 22 who
1413 3690 59 23 have
1481 3695 41 18 not
1531 3694 38 24 yet
1585 3690 54 29 paid
1653 3690 60 22 their
1727 3690 155 23 subscribtions

1299 3718 95 22 towards
1413 3718 39 21 the
1468 3719 100 21 erection
1585 3718 27 21 of
1630 3717 39 22 the
1688 3717 78 22 Scotch
1785 3717 95 27 Church,

1300 3744 43 22 will
1353 3744 28 23 do
1392 3752 24 14 so
1425 3748 25 18 at
1459 3744 60 23 their
1533 3744 91 23 earliest
1640 3744 149 23 convenience
1807 3746 23 19 to
1846 3743 36 22 the

1299 3771 56 22 Rev.
1366 3772 23 21 J.
1401 3771 172 23 Macfarlane.

1328 3805 81 23 March
1419 3807 34 25 18,
1467 3807 57 21 1844

1472 3854 80 21 Meat
1564 3854 150 29 Company.

1301 3888 126 50 EIRESH
1450 3887 95 28 PORK,
1564 3887 72 28 prime
1653 3887 78 27 joints,
1763 3887 60 23 from
1846 3887 35 24 4d.

1340 3931 5 3 -
1352 3933 5 6 .
1373 3919 23 19 to
1404 3914 39 24 sd.
1453 3922 42 21 per
1503 3915 32 22 lb.

1573 3941 36 24 W.
1625 3941 103 28 Fltoxr,
1740 3941 116 29 Manager.

1328 3969 116 28 February
1453 3968 36 28 27,
1499 3969 63 26 }844,

265 730 55 20 For
336 731 118 25 Sydney,

81 756 84 26 Calling
174 758 24 19 at
207 757 80 21 Nelson
297 757 25 25 if
330 757 105 26 sufficient
442 757 130 21 inducement
581 757 61 25 offer.

218 790 94 23 7TIHE
362 797 28 15 ne
430 793 35 18 ast
497 797 25 14 Ba
522 790 24 21 ili
548 797 14 14 n
564 797 14 20 ?
608 790 50 27 brig

93 809 102 41 fiSSk
225 820 31 18 ■*■
377 818 171 23 CALYPSO,

71 839 140 38 ■jijßj.M^
232 843 94 27 Captain
342 843 107 26 Harrold,
466 843 44 22 will
525 844 68 21 leave
602 844 25 22 iv
644 852 14 13 a

230 869 45 22 few
298 869 56 28 days
376 870 37 22 for
433 870 38 22 the
495 870 71 22 above
585 874 71 24 ports.

63 898 148 38 fEHSKSEsr
232 906 46 23 For
287 907 94 28 Freight
390 914 25 15 or
425 907 105 28 Passage,
540 908 71 27 apply
621 911 21 19 to

418 934 25 22 J.
458 935 34 22 M.
507 935 105 26 Taylor,

78 975 10 12 ,
571 962 85 27 Agent.

94 989 111 22 Lambton
216 990 75 26 Quay,
302 988 66 28 April
377 990 21 26 9,
410 989 62 22 1844.

223 1049 55 20 For
292 1048 93 21 Tahiti
400 1048 97 22 direct.

238 1081 94 22 nnHE
343 1082 45 21 fine
398 1082 45 21 fast
453 1081 82 28 sailing
545 1083 113 27 coppered

98 1104 100 38 jfijW^.
245 1104 30 26 JL
300 1109 109 21 schooner
418 1110 235 25 SHEPHERDESS,

94 1131 133 38 J^tSrsSlV
250 1135 46 22 will
306 1135 28 22 be
345 1135 137 27 despatched
492 1137 35 21 for
534 1136 38 21 the
583 1137 71 22 above

84 1168 144 26 jOMjjßjg?*
251 1161 22 28 P^
275 1169 40 15 ace
325 1169 24 15 ITi
359 1169 67 15 aew
437 1162 62 28 days.

71 1189 161 37 ySSftinfcji^
285 1202 25 15 or
320 1196 82 26 fright
412 1203 26 14 or
447 1203 101 20 passage,
556 1196 67 28 apply
630 1199 23 19 to

272 1230 24 21 C.
312 1229 45 22 W.
364 1229 129 27 Schultze,
510 1237 29 14 on
550 1230 76 22 board.

90 1262 81 23 March
179 1264 35 26 26,
226 1264 63 21 1844.

172 1317 54 23 For
240 1319 113 28 Freight
370 1325 31 15 or
423 1319 123 26 Charter,

103 1351 77 33 VJSSL
230 1356 94 22 fTiHE
334 1356 45 22 fine
389 1356 46 22 fast
449 1356 82 28 sailing
546 1356 110 22 schooner

93 1375 114 43 i{§Jsk
237 1375 31 31 X
335 1384 170 20 SUSANNAH
522 1384 75 24 ANN,

91 1405 131 39 £TFKSsjg£
242 1412 28 20 80
289 1414 50 18 tons
352 1410 108 22 burthen.
488 1410 44 22 She
550 1411 41 21 has
608 1411 48 27 just

82 1433 144 38 gsp»qP»ff|r^
232 1459 3 5 ,
242 1438 131 27 undergone
383 1437 111 27 thorough
505 1438 90 27 repairs,
607 1438 47 21 and

68 1460 158 31 YttJts&it&w
242 1471 43 15 can
298 1464 15 22 b
315 1472 11 14 e
344 1464 138 27 despatched
492 1467 23 19 to
526 1472 37 14 sea
574 1465 82 21 imme-

242 1491 91 28 diately.
362 1491 51 22 Her
430 1491 99 28 superior
548 1491 106 28 qualities

65 1527 23 14 as
98 1526 13 14 a
120 1519 85 26 regular
214 1519 81 25 clipper
305 1526 38 14 are
355 1518 117 28 generally
481 1519 90 22 known.

91 1545 43 23 For
144 1549 68 19 terms
224 1545 44 23 and
278 1545 138 28 particulars,
428 1545 68 28 apply
506 1549 23 19 to

356 1578 95 21 Samuel
468 1578 47 22 and
528 1577 97 23 Joseph.

91 1603 113 24 Lambton
214 1605 75 27 Quay,
301 1604 64 28 April
374 1606 22 25 2,
407 1606 63 21 1844.

235 1653 45 21 TO
294 1653 185 21 WHALERS.

84 1682 59 25 Boyd
154 1681 71 25 Town,
237 1681 97 25 Twofold
342 1681 54 25 Bay,
407 1681 54 20 New
472 1681 69 21 South
553 1682 77 21 Wales.

66 1712 107 52 SHIPS
191 1720 42 15 can
249 1712 42 23 refi
296 1712 39 22 esh
349 1719 25 16 or
385 1712 52 22 refit
454 1716 23 19 at
486 1712 45 23 this
546 1713 107 23 Harbour

128 1740 46 22 free
190 1740 26 21 of
233 1740 30 21 all
278 1740 56 21 Port
353 1740 101 26 charges,
470 1740 106 27 pilotage,
600 1741 49 27 &c,

65 1768 44 21 and
127 1774 41 15 can
185 1766 74 23 obtain
278 1766 71 28 wood,
369 1770 76 22 water,
464 1766 61 23 fresh
545 1767 44 22 and
609 1768 42 22 salt

64 1794 126 28 provisions,
205 1793 136 27 vegetables,
360 1794 51 27 ship
426 1794 129 26 chandlery,
571 1798 78 23 stores,

65 1821 45 22 and
119 1821 57 27 slops
186 1820 26 22 of
224 1828 67 20 every
306 1820 56 22 kind
378 1821 45 21 and
433 1820 146 28 description;
606 1822 44 22 and

63 1849 21 21 if
100 1847 100 29 required
216 1848 38 22 the
272 1848 95 21 services
383 1848 27 21 of
423 1848 150 26 experienced
589 1848 62 27 ship-

64 1875 87 27 wrights
161 1874 44 23 and
214 1875 55 22 boat
284 1874 106 28 builders,
400 1881 61 21 upon
477 1874 40 22 the
526 1878 59 19 most
599 1883 51 15 rea-

63 1902 88 22 sonable
160 1905 75 19 terms.

115 1929 56 22 N.B.
172 1940 27 4 —
201 1929 37 22 Oil
248 1936 26 14 or
282 1929 58 22 bone
355 1928 69 23 taken
433 1929 23 22 in
467 1928 125 28 exchange.

89 1956 144 28 Wellington,
245 1956 65 28 April
320 1958 20 25 9,
352 1958 62 20 1844.

159 2006 53 21 For
223 2006 70 25 Sale,
303 2007 37 24 by
350 2006 55 21 late
419 2006 123 21 arrivals.

198 2045 56 17 very
264 2036 98 28 superior
375 2038 132 27 descripton,

62 2059 30 27 JU
133 2065 67 21 Moist
210 2071 72 20 sugar,
294 2068 44 22 tea,
350 2064 77 27 coffee,
439 2064 87 27 raisins,

87 2092 94 26 Malting
188 2091 83 28 barley,
284 2091 78 27 wheat,
371 2099 39 19 rye
418 2099 68 19 grass,
498 2091 76 22 clover
583 2092 59 26 seed,

86 2119 67 26 Also,
155 2130 28 4 —
185 2120 62 25 1,000
266 2118 103 27 seedling
385 2118 54 21 fruit
457 2121 65 25 trees,
540 2119 46 21 and
606 2121 40 19 100

61 2149 49 18 tons
118 2149 107 24 potatoes,
235 2153 76 20 grown
322 2149 24 17 at
355 2146 38 21 the
407 2145 66 22 Hutt.

328 2177 36 21 W.
375 2177 26 21 B.
416 2177 96 22 Rhodes
522 2177 45 22 and
578 2178 39 21 Co.

87 2204 142 27 Wellington,
246 2205 64 27 April
320 2205 21 26 9,
358 2205 61 21 1844.

236 2258 44 20 Ex

64 2289 89 48 THE
170 2289 153 28 undersigned
339 2288 40 23 has
393 2288 39 23 the
449 2289 114 28 following
577 2290 70 27 goods

122 2316 34 22 for
165 2316 45 22 Bale
221 2320 24 18 at
253 2317 43 22 low
306 2316 79 27 prices,
396 2316 36 22 for
442 2324 57 15 cash
505 2325 5 14 :—:
513 2328 28 4 —

87 2343 27 22 76
123 2343 83 22 barrels
215 2344 71 27 prime
298 2343 57 22 Irish
364 2343 63 28 pork,

87 2371 25 21 18
122 2370 63 22 bhd's.
195 2371 120 22 Truman's
329 2373 82 25 porter,

85 2399 28 20 22
122 2396 63 23 hhds.
195 2398 96 27 brandy,

85 2424 13 21 5
108 2424 62 22 hhds.
182 2425 102 27 Geneva,

85 2453 14 19 4
109 2458 60 15 cases
179 2452 101 27 Geneva,

85 2479 15 20 4
108 2478 82 22 barrels
200 2479 44 25 do.,

86 2507 13 20 6
110 2512 59 15 cases
178 2506 95 28 English
287 2506 47 27 gin,

85 2534 14 19 3
109 2539 60 15 cases
177 2540 49 14 rum
240 2533 75 27 shrub,

85 2561 9 19 1
100 2561 13 20 0
122 2567 61 15 cases
197 2560 146 28 champagne,

87 2587 12 21 7
109 2593 62 15 cases
178 2591 51 23 port
239 2588 46 22 and
294 2587 84 28 sheny,

85 2614 28 20 14
122 2621 61 15 cases
193 2614 79 27 cigars,

85 2641 14 21 4
108 2640 82 22 barrels
200 2641 64 27 snuff,

87 2669 25 20 13
122 2668 79 22 tierces
210 2668 97 22 colonial
316 2668 58 28 beef,

85 2695 13 20 5
110 2702 60 14 cases
179 2695 87 27 cheese,
278 2695 86 28 packed
373 2696 24 22 in
408 2696 45 22 fine
464 2696 49 28 salt,

86 2723 14 21 4
109 2721 63 23 casks
181 2722 100 28 vinegar,

87 2749 26 21 12
122 2748 73 23 chests
204 2750 47 22 and
261 2752 14 20 8
284 2749 50 23 half
346 2749 74 23 chests
432 2754 42 23 tea,

85 2777 26 21 41
122 2776 54 27 bags
185 2777 81 26 maize,

85 2804 27 20 38
125 2803 55 27 bags
189 2803 64 27 bran,

85 2831 16 21 4
109 2830 63 22 sacks
181 2830 54 22 seed
245 2833 55 25 oats,

85 2858 15 20 4
110 2864 61 15 cases
179 2857 80 23 mould
268 2857 98 23 candles.

414 2885 23 21 J.
452 2885 35 22 M.
501 2885 105 23 Taylor.

208 2911 129 22 Wholesale
352 2914 79 24 stores,
447 2911 114 24 Lambton
572 2913 75 28 Quay.

87 2937 143 28 Wellington,
241 2938 65 27 April
316 2939 20 26 9,
349 2940 62 21 1844.

139 2989 175 22 Dissolution
329 2991 31 21 of
376 2991 189 27 Partnership.

56 3023 149 50 NOTICE
219 3023 30 22 IS
263 3023 132 24 HEREBY
416 3024 110 27 GIVEN,
541 3024 51 23 that
611 3024 38 23 the

148 3050 145 28 Partnership
315 3050 97 23 hitherto
432 3051 96 28 existing
546 3052 103 23 between

58 3076 75 23 David
148 3076 92 23 Nathan
256 3078 45 21 and
317 3078 71 22 Israel
405 3078 92 28 Joseph,
509 3085 23 15 as
550 3078 98 23 General

58 3104 137 27 Merchants,
228 3104 155 26 Auctioneers,
419 3107 47 20 and
499 3106 149 22 Commission

57 3132 94 27 Agents,
163 3135 23 18 at
196 3131 129 28 Auckland,
336 3132 146 28 Wellington,
492 3132 46 23 and
553 3132 94 28 Nelson,

56 3158 21 21 is
85 3158 45 23 this
139 3158 44 28 day
192 3158 113 23 dissolved
313 3158 30 28 by
352 3159 89 23 mutual
451 3163 101 19 consent.

85 3191 39 22 All
132 3191 83 28 parties
223 3191 106 23 indebted
339 3195 23 19 to
372 3191 39 23 the
422 3191 45 23 late
475 3192 49 22 firm
534 3195 25 19 at
570 3191 77 23 Auck-

58 3216 60 29 land,
129 3225 37 15 are
179 3219 120 27 requested
314 3221 24 20 to
351 3226 46 23 pay
411 3218 39 24 the
466 3226 61 15 same
543 3219 105 23 immedi-

58 3245 59 28 ately
134 3248 24 18 to
177 3246 46 22 Mr.
243 3245 75 23 David
339 3245 100 28 Nathan,
451 3246 50 22 who
523 3246 20 22 is
564 3246 85 29 hereby

58 3273 125 22 authorised
193 3276 23 19 to
226 3273 51 28 give
286 3280 15 16 a
310 3273 115 23 sufficient
438 3273 117 28 discharge
565 3273 35 23 for
609 3273 38 23 the

59 3306 68 15 same.

68 3357 5 6 #
85 3331 40 23 All
134 3332 81 28 parties
224 3329 108 26 indebted
349 3336 22 19 to
383 3332 39 23 the
430 3332 47 23 late
492 3332 51 23 firm
553 3336 25 19 at
586 3332 63 23 Wel-

58 3357 93 29 lington,
162 3367 27 15 or
203 3360 94 27 Nelson,
313 3367 39 15 are
369 3360 122 28 requested
510 3363 22 19 to
548 3367 45 21 pay
609 3359 38 24 the

58 3392 60 16 same
127 3386 152 28 immediately
289 3390 23 19 to
321 3387 46 22 Mr.
379 3388 71 21 Israel
465 3388 92 28 Joseph,
568 3387 51 22 who
628 3387 19 22 is

58 3411 83 30 hereby
151 3414 128 22 authorised
289 3417 23 18 to
320 3414 51 26 give
383 3421 14 15 a
405 3414 112 22 sufficient
526 3414 118 28 discharge

59 3438 35 23 for
105 3440 36 23 the
151 3448 73 15 same:
240 3440 46 23 and
302 3436 32 26 all
347 3444 109 20 accounts,
470 3441 75 29 owing
564 3442 31 27 by
609 3441 38 22 the

59 3465 44 23 late
121 3467 49 23 firm
189 3463 45 28 will
257 3468 30 22 be
308 3467 127 28 liquidated
457 3468 30 28 by
506 3468 47 22 Mr.
573 3468 75 22 David

59 3492 98 25 Nathan.
286 3512 5 8 ,

85 3525 74 24 Dated
174 3529 25 21 at
217 3525 131 28 Auckland,
364 3525 45 23 this
427 3525 125 23 thirteenth
571 3527 45 28 day
625 3527 26 23 of

113 3553 88 29 March,
218 3561 43 16 one
277 3553 113 23 thousand
404 3552 63 27 eight
482 3552 106 23 hundred
602 3554 47 22 and

110 3581 127 28 forty-four.

411 3606 78 22 David
508 3605 111 29 Nathan,

412 3633 87 23 Israel
522 3633 99 23 Joseph.

58 3660 126 29 Witnesses,

111 3689 60 22 John
182 3689 20 22 I.
214 3688 143 27 Montefioie,
375 3686 128 27 Merchant,
517 3686 130 29 Auckland,

111 3721 23 23 C.
150 3721 97 28 Malpas,
263 3720 75 28 Clerk,
352 3718 131 25 Auckland.

162 3775 102 21 Devon
277 3773 96 26 Hotel,
388 3771 148 23 Taranaki.

57 3805 115 50 IN.'-
184 3805 93 23 WATT
297 3805 56 26 begs
371 3806 60 20 most
452 3803 148 28 respectfully
625 3807 22 20 to

90 3844 10 10 •
129 3833 83 23 inform
219 3831 37 23 his
263 3831 87 23 friends
358 3834 26 18 at
393 3830 146 27 Wellington,
551 3830 50 23 that
618 3831 28 23 he
651 3851 5 3 .

56 3858 41 24 has
105 3854 124 28 succeeded
237 3862 24 19 to
272 3858 38 22 the
320 3857 73 23 above
403 3856 115 29 premises,
527 3857 26 21 in
571 3857 74 23 which

56 3885 29 23 he
103 3887 19 22 is
136 3886 94 27 making
244 3885 116 23 extensive
376 3884 138 27 alterations,
536 3884 54 22 with
607 3885 37 22 the

54 3913 58 23 view
141 3914 26 22 of
195 3911 130 28 increasing
339 3910 52 26 \the
415 3910 171 24 accomodation
609 3912 36 23 for

55 3940 93 23 visitors.
511 3962 4 6 v

79 3968 125 31 Taranaki/
211 3970 82 24 March
301 3971 21 27 8,

2092 738 129 28 Supreme
2235 741 94 23 Court.

1924 768 145 50 NOTICE
2083 769 29 22 IS
2126 770 129 24 HEREBY
2275 773 108 28 GIVEN,
2404 774 48 23 that
2470 783 30 16 an

2004 794 125 28 adjourned
2138 796 77 27 sitting
2223 798 27 22 of
2257 798 40 23 the
2305 800 106 27 Supreme
2422 802 69 22 Court

1923 820 32 21 for
1971 820 39 21 the
2020 820 105 28 despatch
2140 822 26 22 of
2177 823 109 23 Criminal
2293 825 108 29 business,
2411 828 45 22 will
2469 829 30 22 be

1922 845 81 22 holderi
2012 850 24 17 at
2044 847 38 22 the
2092 848 69 22 Court
2168 849 85 28 House,
2270 851 25 22 in
2313 852 143 27 Wellington,
2472 862 31 16 on

1923 872 81 27 Friday
2014 873 38 22 the
2062 874 53 21 12th
2124 874 26 22 of
2161 875 63 27 April
2234 876 91 29 instant,
2336 881 23 19 at
2367 880 38 21 ten
2413 879 88 24 o'alock

1922 904 22 15 in
1952 900 40 20 the
2001 900 118 27 forenoon,
2136 904 23 19 at
2175 901 73 23 which,
2264 903 53 23 time
2334 905 46 23 and
2392 905 63 28 place
2471 907 31 23 All

1922 931 89 20 persons
2026 926 73 22 under
2114 929 173 26 recognizances
2300 934 23 18 to
2339 938 80 21 appear
2428 933 72 23 either

1923 958 21 15 as
1954 952 151 28 Prosecutors,
2117 953 147 29 Dsfendants,
2276 963 26 15 or
2318 957 127 29 Witnesses,
2460 967 40 16 are

1921 978 102 28 required
2032 982 23 20 to
2065 980 51 27 give
2126 980 58 23 their
2192 983 141 23 attendance.

2124 1014 95 23 Robert
2235 1015 29 22 R.
2279 1017 100 29 Strano,

2192 1042 121 28 Registrar,

1947 1091 29 9 „,
1991 1092 24 8 „.
2116 1094 5 6 .
2164 1094 6 6 ,
2257 1070 109 23 Sttithern
2374 1071 100 24 District.

1947 1091 150 29 Wellington,
2109 1094 63 28 April
2181 1095 20 27 4,
2213 1097 62 20 1844.

1971 1147 44 21 Ex
2244 1152 72 21 from
2327 1152 116 28 Sydney.

1924 1178 70 49 ON
2010 1179 80 23 SALE
2099 1181 29 30 by
2137 1181 38 22 the
2184 1183 151 28 undersigned
2342 1191 35 14 :—

1999 1205 103 24 Colonial
2112 1207 57 28 beef,

1947 1230 59 23 Irish
2016 1232 56 27 pork
2081 1234 47 21 and
2136 1234 49 28 pigs
2191 1236 66 28 joles,

1947 1258 100 28 Shaving
2056 1259 70 23 boxes
2135 1261 52 22 with
2196 1262 92 28 glasses,

1945 1285 84 22 Patent
2037 1293 136 20 congreaves
2182 1289 47 22 and
2239 1290 54 23 slow
2302 1290 56 28 light
2366 1291 106 29 matches,

1916 1315 13 6 "'
1947 1312 106 28 Superior
2060 1320 68 20 green
2138 1317 43 26 tea,

1947 1339 79 22 Mixed
2036 1340 101 28 cordials,

1946 1366 69 21 Fresh
2024 1366 86 23 salmon
2119 1368 23 21 in
2151 1371 43 20 two
2202 1370 77 26 pound
2284 1370 55 28 iirfs,

1946 1392 94 28 English
2049 1394 86 22 bottled
2145 1396 75 27 cydar,

1947 1419 103 29 Looking
2059 1420 90 28 glasses,

1946 1446 136 27 Negrohead
2091 1448 99 28 tobacco,

1945 1472 66 28 Pipes
2022 1473 45 23 and
2076 1474 128 28 penknives,

1947 1500 61 27 Grey
2016 1500 72 23 calico
2098 1501 45 22 and
2152 1500 98 25 Russian
2260 1502 66 28 duck,

1949 1526 62 23 Yard
2020 1527 57 22 wide
2088 1527 82 24 dowlas
2180 1529 45 22 and
2233 1529 72 23 lambs
2314 1530 55 24 wool
2379 1530 72 28 shirts,

1946 1553 145 23 Kersemeres
2101 1554 44 22 and
2153 1555 70 23 broad
2234 1556 68 28 cloth,

1948 1580 23 22 A
1980 1580 66 23 small
2053 1581 89 22 invoice
2150 1582 26 22 of
2182 1582 102 28 jewelry.

2190 1609 60 23 Joel
2262 1610 31 22 H.
2306 1611 89 23 Asher.

2217 1639 25 19 at
2251 1637 43 22 Mr.
2306 1638 34 21 M.
2350 1638 72 22 Asher
2424 1639 22 26 's,
2457 1641 4 4 '

2307 1664 112 24 Lambton
2429 1667 74 28 Quay.

1948 1687 143 29 Wellington,
2102 1688 66 30 April
2177 1691 21 25 9,
2210 1691 63 21 1844.

2065 1740 39 21 Te
2123 1742 58 20 Aro
2196 1741 154 23 Windmill.

1922 1771 161 49 MESSRS.
2104 1772 118 22 SIMONS
2251 1773 68 22 AND
2342 1774 162 24 HOGGARD

2011 1798 44 27 beg
2063 1802 25 18 to
2097 1799 81 22 inform
2187 1799 39 22 the
2236 1800 77 27 public
2329 1801 25 22 of
2366 1801 139 29 Wellington

1921 1824 44 22 and
1974 1825 29 21 its
2019 1824 102 29 vicinity,
2141 1825 50 23 that
2202 1825 60 23 their
2277 1827 52 23 Mill
2343 1828 19 22 is
2378 1835 51 16 now
2446 1837 62 15 com-

1920 1851 82 32 pleted,
2013 1852 45 22 and
2068 1852 50 22 that
2133 1852 54 27 they
2203 1860 38 15 are
2258 1855 108 26 prepared
2380 1857 23 20 to
2418 1857 89 21 receive

1919 1878 48 22 into
1977 1881 59 19 store
2048 1886 45 20 any
2103 1881 103 26 quantity
2217 1880 26 22 of
2250 1880 79 28 wheat,
2340 1881 72 23 which
2422 1883 46 23 will
2476 1883 29 23 be

1919 1905 88 27 ground
2019 1913 30 15 on
2057 1906 115 22 moderate
2182 1910 77 19 terms.

1946 1936 150 29 Wellington,
2107 1938 65 28 April
2182 1940 33 25 10,
2227 1940 62 21 1844.

1974 1992 102 22 Messrs.
2101 1992 155 24 HOLROYD
2281 1999 46 18 a»d
2354 1994 95 30 HART,

2083 2025 129 21 Notaries
2232 2026 110 26 -Public,

2008 2063 38 15 TE
2074 2065 17 13 A-
2102 2064 45 19 RO,
2176 2064 241 17 WELLINGTON.

1946 2095 132 26 September
2086 2097 21 24 4,
2117 2097 62 20 1843.

2104 2152 36 22 W.
2156 2153 34 22 M.
2205 2153 109 27 SMITH,

1918 2198 58 14 LATE
1987 2196 238 16 SURVEYOR-GENERAL
2236 2198 29 15 TO
2276 2198 45 16 THE
2337 2200 50 15 NEW
2402 2200 105 16 ZEALAND

2155 2224 115 21 COMPANY,

1945 2255 145 26 Surveyor,
2103 2255 213 28 Draughtsman,
2331 2258 53 20 and
2399 2259 78 21 Land

2163 2283 102 26 Agent.

1917 2313 179 27 Tinakori-road,
2107 2313 101 28 January
2220 2315 22 25 4,
2254 2316 62 21 1843.

2355 2351 2 5 ■
2439 2353 3 5 ■
2462 2354 3 6 ■
2500 2354 2 6 '

2168 2367 94 22 Seeds.

1919 2402 52 48 A
1985 2401 87 23 VERY
2088 2401 156 23 SUPERIOR
2259 2401 44 23 and
2312 2403 102 23 valuable
2424 2409 81 19 assort-

1999 2432 64 18 ment
2079 2429 25 21 of
2119 2428 61 22 fre3h
2196 2428 70 23 Seeds
2281 2429 47 28 just
2340 2432 110 27 received,
2467 2433 38 22 the

1918 2455 50 21 first
1984 2455 25 22 of
2026 2462 14 15 a
2054 2455 89 27 regular
2157 2455 88 28 supply,
2255 2463 49 15 now
2320 2464 29 15 on
2367 2459 46 21 sale
2427 2463 23 18 at
2467 2460 38 22 the

1920 2481 70 23 Office
2010 2482 27 22 of
2052 2481 44 23 this
2116 2483 69 27 Paper
2206 2483 29 26 by
2251 2483 38 22 the
2307 2483 158 30 undersigned,
2481 2488 23 21 in

1919 2509 122 27 quantities
2050 2513 23 18 to
2083 2508 43 23 suit
2134 2509 133 27 purchasers
2274 2518 5 14 :
2282 2521 28 6 —

1947 2541 125 27 Carraway,
2084 2541 47 22 Dill
2140 2541 44 22 and
2194 2541 94 29 Burnet,

1947 2568 43 21 Sea
2000 2568 55 26 cale,
2067 2575 125 20 asparagus,
2204 2572 80 24 carrot,
2296 2570 46 22 and
2352 2572 98 28 parsnip,

1946 2594 96 27 English
2051 2594 52 23 leek
2112 2594 47 23 and
2167 2595 76 25 onion,
2255 2596 94 28 Spanish
2361 2598 35 23 do.

1947 2621 125 27 Vegetable
2088 2629 94 15 marrow
2196 2622 47 23 and
2251 2622 55 29 long
2317 2623 88 30 prickly
2413 2633 92 16 cucum-

1917 2648 47 26 ber,

1947 2674 145 28 Cauliflower,
2102 2674 87 28 endive,
2200 2676 48 22 and
2259 2676 81 28 celery,

1945 2701 120 29 Virginnia
2082 2702 98 28 tobacco,
2194 2702 153 30 mignionette,
2366 2705 46 23 and
2436 2710 69 20 sweat

1917 2735 61 21 peas,

1946 2755 39 22 All
1995 2760 56 19 sorts
2062 2756 25 22 of
2093 2755 85 27 garden
2187 2756 49 23 and
2244 2757 54 22 field
2307 2758 105 28 cabbage,

1946 2782 44 22 Do.
2101 2782 35 23 do.
2221 2783 37 23 do.
2314 2786 80 27 turnip,

1945 2808 40 23 All
1994 2812 55 19 sorts
2058 2808 27 23 of
2090 2810 90 28 lettuce,
2190 2810 72 28 salad,
2272 2811 46 22 and
2330 2812 92 29 brocoli,

1945 2836 39 23 All
1993 2840 57 19 sorts
2060 2836 26 23 of
2091 2836 75 28 lupins
2176 2837 47 22 and
2230 2838 152 28 nasturtiums,

1945 2863 40 22 All
1994 2867 57 18 sorts
2062 2863 26 22 of
2094 2866 67 21 sweet
2173 2864 74 28 herbs,

1946 2890 51 23 One
2005 2890 104 23 hundred
2119 2890 77 23 choice
2206 2892 91 22 varities
2309 2892 26 23 of
2347 2893 77 23 flower
2433 2895 65 22 seeds

1945 2928 22 22 A
1977 2935 55 20 very
2046 2927 103 24 valuable
2166 2932 132 20 assortment
2314 2930 26 22 of
2352 2931 61 22 fresh
2429 2932 77 23 choice

1917 2962 85 20 grasses
2011 2956 36 21 for
2055 2955 148 28 gentlemen's
2218 2956 70 23 lawns
2303 2957 44 22 and
2363 2958 144 28 agricultural

1917 2989 113 21 purposes,

1945 3014 112 28 Cabbage,
2087 3014 91 28 brocoli,
2208 3014 106 28 rhubard,
2343 3016 74 27 onion,
2446 3017 58 27 leak,

1916 3040 83 22 lettuce
2019 3041 81 28 plants,
2118 3042 50 27 &c,
2187 3049 53 15 now
2258 3043 70 28 ready
2346 3047 23 18 to
2386 3044 29 22 be
2433 3047 73 20 trans-

1916 3068 100 27 planted,
2027 3065 73 25 raised
2109 3068 59 23 from
2177 3069 96 28 samples
2284 3070 27 22 of
2319 3069 62 23 these
2391 3070 73 24 seeds.

2330 3104 36 23 W.
2381 3104 95 24 Moody.

1945 3129 99 22 October
2053 3132 21 24 6,
2086 3131 63 21 1843.

2126 3184 164 26 Stationery.

1917 3218 73 49 ON
2004 3217 87 28 SALE,
2106 3218 43 22 AT
2161 3217 76 23 THIS
2252 3217 139 25 OFFICE—

1982 3245 112 27 Foolscap,
2105 3245 89 22 various
2203 3244 110 28 qualities,

1944 3272 73 27 Large
2027 3270 60 24 thick
2097 3275 55 24 post,
2164 3278 62 15 wove
2237 3271 45 22 and
2291 3272 51 27 laid,

1944 3299 59 22 Thin
2012 3303 57 22 post,
2205 3297 63 28 ditto,

1943 3326 56 22 Fine
2011 3325 59 23 Bath
2077 3327 56 26 post,
2143 3323 49 28 gilt,

1943 3352 157 27 Antiquarian,
2107 3351 109 27 imperial,
2224 3351 69 28 royal,
2302 3352 47 23 and
2356 3353 68 30 demy
2431 3354 71 24 draw-

1916 3380 40 27 ing
1965 3386 76 27 paper,

1944 3405 72 26 Quills
2024 3405 46 23 and
2078 3412 62 21 pens,

1943 3431 72 24 Small
2022 3431 61 23 hand
2091 3431 46 22 and
2146 3430 56 29 shop
2211 3438 75 22 paper,

1943 3460 80 25 Ebony
2032 3458 76 26 rulers,

1943 3487 77 22 Letter
2029 3485 45 22 and
2082 3484 41 22 bill
2131 3484 55 28 files,

1942 3513 43 22 Ink
1996 3512 47 23 and
2050 3512 40 22 ink
2099 3511 107 28 powders,

1942 3539 71 23 Black
2021 3538 52 22 lead
2081 3539 90 27 pencils.

1942 3566 67 23 India
2017 3565 88 27 rubber,
2116 3565 77 29 bottle,
2206 3566 42 23 and
2257 3571 85 26 patent,

1941 3593 69 27 Ivory
2018 3591 81 23 folders
2109 3593 45 22 and
2163 3591 87 30 knives,

1942 3619 89 27 Oblong
2041 3619 90 28 clasped
2140 3621 171 24 memorandum
2321 3623 76 28 books,

1941 3645 89 25 Ladies'
2042 3645 45 23 and
2095 3647 151 27 gentlemen's
2259 3649 53 22 card
2321 3657 68 21 cases,

2050 3673 63 23 Ditto
2250 3676 68 23 tinted
2327 3677 46 22 and
2382 3677 116 24 embossed

1912 3700 71 27 cards,

1940 3728 89 27 Sponge
2039 3727 45 23 and
2093 3728 85 28 wafers,

1942 3755 75 22 Wafer
2026 3758 91 25 stamps,

1940 3781 72 23 Black
2019 3781 59 24 lines
2086 3783 35 22 for
2130 3783 66 22 letter
2213 3783 94 28 writing,

1940 3808 92 23 Invoice
2041 3809 71 23 books
2123 3809 53 23 with
2185 3809 98 28 indexes,
2293 3809 89 24 various
2391 3811 64 29 sizes,

1940 3835 59 23 Cash
2009 3836 68 23 books
2088 3837 64 22 ruled
2160 3837 89 27 double,
2260 3837 89 24 various
2359 3838 63 29 sizes,

1940 3863 132 28 Envelopes,

1941 3889 131 29 Inkstands,

1940 3917 67 22 Brief
2017 3917 46 23 and
2072 3917 57 22 deed
2137 3924 76 22 paper,

1940 3943 75 24 Ruled
2023 3951 68 21 paper
2100 3944 35 23 for
2145 3940 40 27 Dill
2194 3944 76 28 heads,

1940 3971 73 28 Royal
2028 3971 67 28 hand,
2107 3971 82 24 double
2204 3971 62 27 hand
2282 3972 82 31 brown,
2377 3974 46 26 »n4
2439 3976 65 29 xoyal

901 733 75 21 THIS
995 733 75 22 DAY.

691 757 89 27 Cargo
790 758 31 21 of
833 759 46 21 the
891 760 8 11 '
906 759 41 21 Sir
959 759 151 21 Archibald
1122 758 156 27 Campbell.'

691 789 92 48 MR.
799 789 221 23 FITZHERBERT
1029 790 45 22 will
1084 790 39 22 sell
1133 791 29 27 by
1168 791 109 26 Auction,

783 823 29 14 on
828 816 142 27 Wednesday
984 819 62 24 next,
1061 817 39 22 ihe
1119 817 50 22 10th
1186 817 91 27 instant,

694 844 22 18 at
727 841 35 21 his
773 843 80 25 Stores,
864 846 23 17 at
896 844 11 19 1
920 843 86 21 o'clock
1014 843 115 27 precisely.

719 867 41 23 170
770 867 116 28 whethers,

717 895 27 21 10
753 893 65 24 hhds.
828 895 94 28 brandy,

717 922 14 20 2
740 921 65 22 casks
814 922 86 27 arrack,

718 949 26 21 10
755 956 60 14 cases
829 949 91 27 brandy,

717 976 76 25 16,000
802 975 78 28 cigars,

715 1002 14 20 5
740 1005 50 18 tons
803 1002 63 27 flour,

718 1030 26 20 10
753 1029 83 22 barrels
844 1029 63 28 pork,

716 1056 13 20 5
740 1056 64 21 casks
813 1057 41 26 ale,

717 1081 60 23 Half
788 1090 14 14 a
812 1086 37 19 ton
859 1083 107 23 Bathurst
977 1083 85 28 cheese,

715 1110 28 20 40
753 1109 73 26 pieces
836 1110 67 27 print,

715 1137 28 20 50
752 1137 75 21 loaves
835 1144 73 19 sugar,

717 1164 9 19 1
739 1162 54 22 hbd.
802 1163 45 26 gin,

688 1188 48 22 The
753 1189 68 28 sheep
837 1190 45 21 will
891 1190 29 21 be
938 1190 48 23 sold
994 1191 23 22 in
1035 1191 38 22 the
1087 1191 58 27 yard
1161 1191 114 29 adjoining

826 1216 44 22 Mr.
881 1216 161 25 Fitzherbert's
1058 1219 81 21 Stores.

717 1241 144 29 Wellington,
874 1244 65 27 April
949 1246 20 25 9,
980 1246 60 21 1844.

822 1296 60 20 Sale
899 1296 31 20 of
941 1297 202 22 Merchandize.

689 1326 160 48 MESSRS.
860 1326 151 23 BETHUNE
1029 1335 48 15 and
1086 1328 132 23 HUNTER
1231 1328 44 23 will

780 1353 40 22 sell
833 1354 31 26 by
883 1354 102 26 Auction,
1004 1357 23 19 at
1042 1354 38 23 the
1098 1356 129 27 Exchange,
1246 1363 28 15 on

687 1379 109 22 Tuesday
806 1384 61 22 next,
879 1380 38 21 the
929 1380 52 23 16th
991 1380 72 28 April,
1078 1385 22 18 at
1109 1382 108 28 half-past
1225 1384 33 20 12.

773 1408 20 19 A
802 1408 97 26 quantity
909 1408 27 25 of
945 1409 164 25 manufactured
1119 1411 71 24 goods.

713 1434 97 27 Raisins,
822 1439 109 23 currants,
943 1435 49 27 figs,

714 1461 106 27 Superior
828 1462 94 26 Congou
931 1464 42 24 tea,
985 1463 23 21 in
1019 1462 73 22 chests
1104 1463 44 22 and
1158 1465 12 25 i
1184 1464 80 27 chests,

712 1489 15 19 5
738 1488 66 22 cattie
814 1488 68 22 boxes
893 1492 63 18 extra
965 1488 46 23 fine
1021 1490 127 28 Souchong,

714 1517 10 19 1
739 1519 37 18 ton
787 1514 72 23 Patna
868 1515 54 27 rice,

713 1544 29 19 20
752 1542 54 26 kegs
820 1542 100 28 tobacco,

715 1568 61 23 Half
788 1577 13 14 a
809 1571 39 20 ton
858 1569 49 22 iron
917 1573 57 24 pots,

717 1596 121 26 Glasware,
849 1596 45 22 and
904 1597 88 21 various
1002 1596 65 23 other
1076 1598 76 26 goods.

938 1624 82 27 Also,

711 1651 15 20 9
735 1649 89 22 Merino
833 1657 68 20 rams,
913 1651 140 28 acclimated,

711 1681 145 28 Wellington,
869 1683 65 26 April
945 1685 20 24 9,
978 1684 62 21 1844.

684 1732 73 50 ON
776 1733 78 22 SALE
872 1733 30 28 by
918 1733 37 23 the
971 1734 149 28 undersigned
1138 1739 24 19 at
1180 1737 92 22 Messrs.

746 1759 102 23 Bethune
860 1761 46 21 and
916 1761 111 22 Hunter's
1037 1762 32 22 Te
1079 1763 48 21 Aro
1134 1771 7 14 :
1143 1774 27 5 —

712 1786 57 22 Fine
780 1788 56 21 13x4
846 1787 107 28 Whitney
962 1788 110 28 blankets,

710 1813 45 22 7xß
766 1813 45 23 and
820 1816 43 20 9xß
873 1814 67 28 Navy
950 1815 77 28 prints,

707 1840 43 22 7xß
761 1841 59 26 plate
831 1841 42 26 do.,

706 1869 46 20 9xß
762 1874 66 21 super
837 1868 99 27 calico's,

708 1894 105 27 Superior
818 1895 134 26 longcloths,
962 1896 45 22 and
1016 1904 15 14 a
1037 1897 92 26 general
1140 1901 136 19 assortment

682 1921 26 21 of
719 1920 95 29 hosiery,
826 1921 174 29 haberdashery,
1012 1923 46 22 and
1067 1923 68 28 fancy
1144 1925 78 26 goods.

934 1954 87 27 Also,

708 1984 58 22 Fine
780 1986 93 26 Congou
883 1989 37 18 tea
929 1986 24 22 in
963 1987 12 25 §
986 1986 81 27 chests,

711 2012 55 22 Fine
778 2012 120 28 Souchong
908 2017 37 17 tea
953 2013 26 22 in
989 2015 50 23 141b
1049 2015 84 27 catties,

707 2038 73 22 Zante
792 2042 108 23 currants,

707 2065 111 22 Valencia
828 2066 44 21 and
882 2066 96 22 Sultana
985 2067 89 28 raisins,

705 2092 91 22 Shelled
806 2092 111 27 almonds,
931 2094 49 26 &c,

1004 2120 35 22 W.
1057 2121 23 21 F.
1100 2122 141 22 Christian.

706 2146 144 27 Wellington,
862 2146 65 27 April
938 2149 19 24 9,
969 2148 62 21 1844.

780 2202 136 20 Seamen's
931 2202 102 20 Friend
1047 2203 118 26 Society.

679 2235 51 48 A
745 2233 133 22 SERVICE
894 2233 126 22 conducted
1038 2234 29 27 by
1086 2234 38 22 the
1143 2234 124 29 Ministers,

758 2260 23 22 in
801 2260 135 21 connection
957 2260 54 22 with
1027 2260 36 23 the
1083 2262 71 21 above
1172 2262 95 28 Society,

679 2288 45 21 will
741 2288 27 21 be
783 2287 54 22 held
856 2293 68 21 every
943 2287 93 27 Sunday
1051 2288 117 23 afternoon
1187 2289 23 22 in
1230 2290 37 21 the

680 2314 82 23 Scotch
772 2314 96 26 Church,
880 2314 113 23 Lambton
1004 2314 73 28 Quay.

707 2342 95 21 Seamen
813 2341 43 22 and
865 2348 92 20 persons
964 2341 126 24 connected
1100 2342 55 22 with
1164 2342 104 29 shipping

680 2376 37 15 are
727 2368 120 28 especially
856 2368 87 22 invited
954 2371 23 19 to
987 2368 85 22 attend.

708 2395 89 23 Service
807 2398 22 18 to
839 2402 132 15 commence
981 2399 23 18 at
1013 2395 108 29 half-past
1129 2398 13 20 3
1157 2404 53 20 p.m.

706 2422 50 22 The
917 2421 47 27 flag
976 2422 46 22 will
1039 2422 28 23 be
1087 2423 87 22 hoisted
1191 2428 23 18 at
1229 2424 37 22 the

680 2450 59 23 N.E.
750 2449 64 27 angle
824 2450 25 21 of
865 2449 39 22 the
920 2449 96 27 Church,
1032 2450 57 21 from
1104 2450 50 22 half
1167 2458 30 15 an
1211 2452 56 21 hour

678 2477 104 28 previous
792 2480 23 17 to
825 2476 38 22 the
873 2480 192 19 commencement
1082 2477 22 22 of
1119 2478 38 22 the
1174 2478 91 27 service,

679 2504 59 23 until
748 2504 28 21 its
785 2503 66 22 close.

706 2530 102 28 January
818 2532 33 25 26,
864 2532 8 19 1
879 2531 48 21 844.

910 2583 42 20 On
966 2582 71 24 Sale,

680 2614 92 33 rpHE
802 2613 74 22 NEW
901 2613 153 23 ZEALAND
1082 2614 184 26 PORTFOLIO,

687 2636 30 27 JL
754 2640 128 22 conducted
900 2640 29 28 by
949 2640 31 22 H.
997 2641 23 21 S.
1039 2641 130 27 Chapman,,
1183 2641 35 27 (of
1232 2641 35 23 the

680 2667 88 23 Middle
775 2668 111 27 Temple,)
897 2668 216 22 Barrister-at-Law.

707 2701 44 21 No.
764 2700 19 22 I.
784 2711 29 4 —
813 2700 22 21 A
851 2700 78 21 Letter
943 2702 24 19 to
986 2700 38 21 the
1041 2700 71 27 Right
1127 2700 63 23 Hon.
1209 2701 58 22 Lord

680 2727 99 28 Stanley,
798 2728 119 26 Secretary
937 2727 25 22 of
978 2727 61 22 State
1058 2727 36 22 for
1112 2727 38 22 the
1170 2727 98 23 Colonial

679 2755 156 27 Department,
869 2755 36 20 On
913 2754 37 22 the
958 2754 189 23 Administration
1152 2755 26 22 of
1183 2755 85 22 Justice

680 2782 24 21 in
713 2781 56 22 New

672 2828 2 8 ,
706 2813 46 22 No.
766 2814 33 22 II.
800 2824 28 5 —
828 2814 79 21 Letter
922 2816 22 19 to
961 2813 61 23 John
1037 2814 59 22 Abel
1112 2814 79 27 Smith,
1207 2815 60 27 Esq.,

681 2841 69 26 M.P.,
783 2841 36 21 On
828 2840 39 22 the
875 2840 146 28 Advantages
1027 2840 73 23 which
1108 2841 73 23 would
1190 2848 78 16 accrue

679 2871 24 19 to
713 2867 95 28 English
818 2868 127 27 Capitalists
953 2868 60 21 from
1023 2868 37 22 the
1071 2868 168 22 establishment
1246 2869 25 21 of

680 2902 14 14 a
702 2896 60 20 Loan
773 2896 104 25 Company
886 2894 35 22 for
930 2895 53 21 New
992 2895 99 27 Zealand,
1104 2895 84 23 similar
1199 2899 22 18 to
1232 2895 36 22 the

679 2922 130 27 Australian,
818 2922 68 21 Trust

706 2954 46 22 No.
764 2953 46 23 111.
812 2964 27 5 —
863 2953 38 22 An
913 2953 99 22 Address
1022 2956 24 19 to
1054 2953 39 22 the
1104 2954 56 22 New
1169 2954 100 22 Zealand

680 2981 67 22 Land
756 2980 140 29 Proprietors
904 2979 100 23 resident
1017 2981 24 21 in
1050 2981 38 22 the
1100 2981 83 22 United
1199 2981 70 27 King-

680 3008 60 25 dom,
752 3014 29 15 on
796 3007 87 22 several
898 3010 92 19 matters
1000 3008 27 21 of
1033 3008 137 27 importance
1180 3012 23 18 to
1213 3008 57 22 their

838 3042 4 7 •

706 3066 45 22 No.
767 3065 43 22 IV.
810 3076 29 5 —
867 3066 37 21 On
924 3064 38 23 the
982 3065 116 22 Financial
1117 3065 113 23 condition
1246 3066 26 22 of

679 3093 58 22 New
880 3092 32 28 by
922 3092 92 23 Charles
1023 3092 75 28 Terry,
1110 3092 61 28 Esq.,
1180 3092 88 26 F.R.S.,

680 3120 81 22 F.S.A.

707 3151 43 23 No.
767 3151 28 23 V.
797 3162 28 5 —
826 3153 21 21 1.
899 3151 161 22 Observations
1084 3158 29 16 on
1136 3151 134 28 facilitating

679 3178 142 28 Emigration
844 3181 24 19 to
893 3177 56 23 New
973 3177 108 28 Zealand,
1100 3178 30 28 by
1150 3185 78 15 means
1247 3179 24 22 of

680 3205 117 24 Moderate
817 3205 100 27 Charges
931 3205 35 22 for
986 3205 67 23 Chief
1070 3205 43 23 and
1129 3205 139 23 Fore-Cabin

841 3232 29 22 In
880 3239 13 15 a
903 3232 78 22 Letter
990 3236 24 18 to
1025 3232 83 29 Joseph
1119 3233 84 27 Somes,
1216 3233 51 27 Esq.

673 3261 47 26 ♦&c.
731 3260 40 22 &c.
800 3259 35 28 By
846 3259 32 22 H.
890 3259 22 22 S.
924 3259 123 28 Chapman.

706 3294 22 21 2.
768 3292 23 23 A
800 3292 79 22 Letter
887 3298 30 15 on
927 3290 107 28 Banking
1043 3290 24 23 in
1077 3290 56 23 New

680 3320 35 28 By
725 3319 86 23 Arthur
819 3319 28 22 T.
858 3318 111 28 Holroyd,
980 3318 54 28 Esq.

706 3351 46 23 No.
767 3351 42 23 VI.
810 3362 29 5 —
863 3350 160 22 Observations
1039 3357 28 15 on
1077 3349 37 23 the
1124 3349 145 28 Advantages

680 3379 26 22 of
719 3386 14 15 a
749 3378 185 27 Representative
950 3377 123 28 Assembly
1086 3377 35 22 for
1126 3397 4 6 ,
1140 3377 57 23 New
1213 3377 57 23 Zea-

708 3432 99 24 General
816 3432 49 23 title
875 3431 47 23 and
930 3431 152 23 introduction
1094 3434 21 20 to
1125 3433 39 21 the
1174 3431 79 23 Series.

869 3471 71 16 PRICE
957 3471 122 15 SIXPENCE.

681 3515 73 49 ON
769 3514 80 23 SALE
863 3517 25 19 at
906 3513 39 22 the
964 3512 73 23 Office
1055 3513 24 21 of
1098 3512 45 22 this
1161 3518 110 22 paper:—

760 3541 63 28 Keys
832 3541 26 22 of
865 3541 39 22 the
913 3541 70 22 Town
994 3540 26 22 of
1027 3539 55 23 New
1092 3539 128 28 Plymouth,

708 3568 68 23 Plans
786 3569 25 22 of
819 3569 101 27 Country
929 3567 68 23 Land
1006 3566 72 23 round
1091 3566 143 27 Wellington,
1244 3565 24 23 in

680 3602 60 21 case,

708 3622 70 22 Plans
786 3622 27 23 of
820 3622 93 27 Nelson,
924 3622 24 22 in
959 3628 59 21 case,

708 3649 80 27 Copies
804 3649 27 22 of
842 3649 40 22 the
899 3649 55 22 New
974 3647 101 24 Zealand
1089 3646 101 27 Journal,
1207 3647 59 27 1843,

680 3671 119 31 complete,
807 3676 86 26 bound,

673 3713 3 4 -
708 3701 135 28 Chapman's
854 3702 115 28 Portfolio,
980 3701 86 28 bound,

708 3728 75 22 Prints
790 3730 26 20 of
820 3729 94 28 Nelson,

709 3755 74 22 Prints
793 3755 27 22 of
823 3755 144 29 Wellington,

708 3781 68 23 Plans
785 3782 27 22 of
818 3782 88 23 Nelson
915 3784 24 21 in
948 3784 85 26 Sheets,

707 3807 70 23 Plans
786 3809 27 21 of
819 3809 101 28 Country
930 3810 66 22 Land
1006 3812 24 20 at
1041 3809 144 27 Wellington,

706 3835 69 22 Plans
784 3835 25 22 of
817 3835 39 22 the
865 3836 70 22 Town
945 3837 26 23 of
978 3837 57 22 New
1046 3835 126 28 Plymouth.

705 3866 130 28 September
845 3868 35 26 19,
891 3869 63 21 1843.

679 3916 175 25 /CHARTER
863 3917 177 28 FARTIES,for
1049 3917 46 24 sale
1105 3921 68 20 attfie
1182 3918 86 22 Gazette

673 3939 48 28 \s
736 3943 78 23 Office.
892 3958 4 6 .
1064 3946 3 4 '
1104 3942 24 7 '"'

701 3971 103 29 Message
814 3970 72 28 cards,
