2569 4069
1955 1840 48 22 The
2014 1840 104 22 methods
2134 1840 10 22 I
2155 1840 56 21 have
2228 1840 95 28 adopted
2335 1840 25 22 of
2374 1840 96 28 clearing
2480 1841 35 22 the

1928 1867 48 22 rich
1987 1867 90 22 alluvial
2088 1867 56 22 bush
2154 1867 53 22 land
2218 1867 26 21 of
2253 1867 36 22 the
2301 1868 63 25 Hutt,
2373 1868 45 21 and
2429 1868 47 21 that
2486 1877 28 14 on

1929 1894 36 22 the
1976 1894 58 21 sides
2044 1894 25 21 of
2078 1894 37 21 the
2125 1894 105 26 adjacent
2239 1894 52 22 hills
2300 1902 38 14 are
2349 1895 62 21 these
2418 1903 5 14 :
2426 1906 27 4 —

1957 1921 25 22 In
1999 1921 36 22 the
2052 1921 84 22 former
2145 1921 72 22 which
2234 1922 19 20 is
2263 1922 93 21 wooded
2372 1922 81 26 chiefly
2464 1922 50 22 with

1928 1948 113 28 pukateas,
2057 1948 121 27 kaikatea9,
2191 1948 44 22 and
2251 1952 50 18 rata
2316 1954 63 21 trees,
2396 1950 44 21 and
2455 1949 60 22 thick

1929 1976 127 21 underbush
2072 1976 26 21 of
2110 1976 82 21 konine
2211 1975 77 27 (fusia)
2307 1983 24 14 or
2347 1983 45 14 roe-
2397 1983 45 19 roe,
2458 1976 58 22 kaua

1928 2003 65 26 kaua,
2006 2003 34 25 (or
2055 2002 92 28 pepper)
2159 2003 47 25 &c,
2218 2003 112 21 entwined
2347 2003 52 21 with
2416 2003 100 22 kuriwau

1929 2037 24 14 or
1971 2030 148 26 supple-jack.
2159 2029 10 22 I
2190 2034 45 21 cut,
2256 2030 39 21 the
2313 2030 140 26 supple-jack
2470 2031 45 21 and

1929 2056 64 22 small
2011 2056 129 21 underbush
2155 2056 137 26 sufficiently
2305 2063 56 21 open
2376 2060 23 18 to
2418 2056 68 22 admit
2502 2065 13 13 a

1929 2091 78 19 person
2015 2083 99 26 walking
2122 2083 89 27 upright
2222 2083 135 27 throughout
2364 2083 38 22 the
2409 2084 105 27 clearing,

1929 2111 23 20 in
1972 2110 36 21 the
2023 2110 61 26 early
2096 2110 74 26 spring
2185 2110 99 26 months,
2300 2110 47 21 that
2362 2110 38 22 the
2410 2118 38 20 sap
2465 2119 51 19 may

1930 2144 53 15 ooze
1999 2141 38 18 out
2055 2145 25 14 as
2098 2137 17 22 it
2135 2138 60 25 rises,
2215 2138 45 21 and
2276 2137 36 22 the
2326 2138 40 21 hot
2380 2138 69 21 winds
2464 2145 50 20 may

1929 2172 72 20 sweep
2018 2164 70 22 below
2105 2165 37 21 the
2161 2164 106 26 standing
2287 2164 55 22 bush
2360 2165 44 21 and
2422 2165 40 27 dry
2479 2165 35 22 the

1931 2191 88 27 ground
2029 2199 23 14 as
2064 2191 48 22 well
2124 2199 23 14 as
2162 2193 36 19 tlie
2213 2192 65 21 small
2290 2192 97 26 cuttings
2401 2192 42 21 and
2455 2200 61 14 over-

1929 2219 99 27 hanging
2046 2218 125 28 parasitical
2192 2219 71 26 bines,
2282 2219 72 22 whose
2375 2223 66 18 stems
2458 2220 56 21 have

1930 2246 55 21 been
1997 2246 91 27 already
2098 2246 91 21 severed
2200 2246 77 21 below.

1956 2274 54 21 This
2020 2273 57 27 light
2088 2274 82 25 cutting
2179 2273 19 21 is
2208 2273 96 22 effected
2314 2273 28 27 by
2350 2273 38 22 the
2399 2274 84 21 natives
2493 2277 22 18 at

1931 2305 40 17 two
1981 2300 100 27 shillings
2096 2308 40 20 per
2146 2300 43 27 day
2199 2308 26 13 or
2239 2301 69 20 about
2324 2300 79 22 twelve
2416 2301 99 27 shillings

1931 2335 38 19 per
1983 2335 58 13 acre.
2058 2331 4 4 '
2070 2328 64 26 They
2144 2333 93 15 execute
2253 2328 44 20 this
2313 2332 49 23 part
2373 2328 26 21 of
2410 2328 36 21 the
2457 2328 58 21 work

1929 2354 53 22 with
2000 2354 56 22 their
2072 2354 125 22 tomahawk
2213 2355 24 21 in
2255 2362 43 14 one
2312 2355 63 21 hand
2392 2355 42 21 and
2451 2363 11 13 a
2472 2355 44 21 soft

1931 2382 61 26 piece
2004 2382 24 21 of
2035 2382 65 21 wood
2111 2382 67 21 about
2191 2382 101 21 two-feet
2301 2382 53 27 long
2362 2382 24 21 in
2398 2382 36 21 the
2445 2382 68 27 other,

1931 2408 88 27 placing
2028 2409 38 21 the
2077 2409 65 21 wood
2150 2413 21 17 at
2180 2416 14 14 a
2204 2409 60 27 right
2274 2409 65 26 angle
2351 2409 72 21 under
2432 2409 35 21 the
2477 2409 38 21 ob-

1931 2436 59 27 lique
2001 2436 99 27 hanging
2115 2436 141 27 supple-jack
2273 2436 42 22 and
2327 2437 57 26 chop
2396 2437 50 20 with
2458 2444 54 19 ease,

1931 2463 44 22 and
1986 2463 92 28 quicker
2096 2463 54 21 than
2162 2464 51 20 with
2230 2463 39 21 the
2284 2463 118 27 European
2413 2463 103 22 billhook.

1931 2491 49 21 The
1997 2491 73 21 native
2082 2498 37 14 are
2137 2490 45 22 also
2193 2491 86 21 careful
2290 2496 21 16 to
2322 2495 36 17 cut
2373 2491 43 21 and
2427 2491 43 26 pull
2486 2498 30 19 up

1933 2517 36 22 the
1979 2518 84 22 minute
2079 2518 87 26 ground
2183 2517 76 28 plants
2270 2518 44 22 and
2324 2518 66 26 ferns,
2403 2518 111 21 conscious

1931 2545 29 26 by
1977 2545 53 26 long
2050 2545 139 26 experience,
2211 2545 49 21 that
2278 2545 21 21 if
2315 2545 40 21 left
2375 2547 37 19 the
2432 2545 83 27 ground

1932 2573 95 27 burning
2036 2573 44 21 will
2090 2573 28 21 be
2129 2572 100 22 checked
2239 2573 45 21 and
2293 2572 115 27 irregular.

1959 2600 20 21 A
1997 2600 40 22 few
2049 2599 73 23 weeks
2139 2601 56 20 after
2211 2600 44 21 this
2272 2599 47 23 first
2334 2600 99 27 opening
2443 2599 23 21 of
2479 2599 37 22 the

1931 2627 63 26 bush,
2006 2627 64 22 when
2083 2627 37 21 the
2131 2627 85 26 ground
2233 2627 44 21 and
2293 2627 97 27 cuttings
2406 2634 36 14 are
2453 2627 64 21 toler-

1931 2654 50 27 ably
1993 2654 46 27 dry,
2051 2655 38 21 the
2100 2654 52 22 final
2164 2654 86 27 cutting
2262 2655 43 22 and
2315 2655 90 27 lopping
2420 2657 22 18 at
2453 2654 64 21 about

1932 2685 42 18 two
1987 2681 86 28 pounds
2089 2686 37 16 ten
2144 2681 91 27 shilling
2250 2688 41 21 per
2306 2689 49 14 acre
2371 2683 62 19 takes
2448 2681 69 28 place.

1933 2708 21 21 It
1962 2709 18 21 is
1990 2716 13 13 a
2011 2709 92 26 general
2117 2708 90 21 remark
2225 2709 50 20 that
2290 2716 41 13 one
2348 2708 93 27 shilling
2458 2711 60 24 spent

1931 2735 77 22 before
2023 2736 99 27 burning
2138 2743 63 14 saves
2211 2735 49 22 five'
2271 2735 101 26 shillings
2382 2735 134 22 afterwards.

1932 2763 46 21 The
1994 2763 48 21 best
2058 2763 54 21 time
2127 2763 34 21 for
2177 2763 92 27 putting
2283 2763 39 21 fire
2340 2766 22 17 to
2379 2762 39 21 the
2434 2769 57 14 mass
2500 2763 19 20 is

1932 2790 67 21 about
2010 2789 36 22 the
2065 2789 85 23 middle
2165 2789 25 22 of
2208 2790 87 26 March,
2376 2789 52 22 four
2443 2796 74 15 conse-

1933 2817 71 22 cutive
2020 2817 40 27 dry
2071 2816 56 28 days
2142 2817 45 22 and
2198 2816 52 22 with
2269 2825 14 14 a
2298 2817 64 21 north
2377 2816 66 22 wind.
2470 2816 47 23 The

1931 2848 48 17 rata
1996 2848 57 18 trees
2069 2845 60 23 burn
2144 2844 105 27 standing
2267 2844 160 28 consequently
2438 2844 26 21 do
2480 2847 40 17 not

1931 2871 86 27 require
2035 2872 94 26 cutting,
2147 2871 45 22 and
2208 2872 38 21 the
2265 2871 105 22 kaikatea
2386 2870 53 23 with
2456 2870 61 21 other

1931 2898 62 28 pines
2002 2899 21 22 in
2034 2899 109 22 localities
2154 2899 25 22 of
2186 2906 53 20 easy
2249 2906 82 20 access,
2343 2906 37 14 are
2390 2897 126 27 commonly

1931 2926 80 27 sought
2021 2926 32 22 for
2063 2927 31 27 by
2105 2926 37 22 the
2157 2933 103 21 sawyers,
2273 2926 48 21 who
2331 2924 89 28 usually
2428 2933 42 19 pay
2480 2924 37 21 the

1933 2960 73 16 owner
2012 2954 119 21 one-tenth
2141 2953 25 22 of
2173 2954 38 21 the
2220 2953 82 22 timber
2310 2960 67 15 sawn.
2406 2952 48 23 The
2463 2955 57 18 tawa

1931 2980 18 21 is
1964 2980 46 23 also
2022 2980 82 28 sought
2119 2981 56 22 after
2189 2981 30 27 by
2230 2980 115 28 shinglers,
2357 2980 50 21 who
2422 2978 95 23 likewise

1931 3015 43 21 pay
1983 3015 14 14 a
2006 3008 62 22 tithe.

1959 3036 65 21 After
2034 3036 37 21 the
2082 3036 40 22 fire
2133 3036 40 21 has
2182 3035 81 28 passed
2279 3035 96 27 through
2390 3034 37 22 the
2437 3040 81 16 masses

1932 3062 25 22 of
1964 3062 69 28 wood,
2045 3063 54 22 with
2110 3063 36 21 the
2157 3062 120 28 exception
2288 3062 25 22 of
2321 3062 36 22 the
2369 3062 94 27 pukalea
2472 3060 46 21 and

1931 3090 46 21 and
1987 3097 59 15 some
2058 3090 64 22 other
2129 3097 98 21 aqueous
2232 3090 85 26 trunks,
2325 3090 36 20 the
2367 3088 93 23 wholeis
2465 3095 54 14 con-

1931 3117 78 21 verted
2023 3121 23 18 to
2065 3117 71 23 ashes.
2174 3117 73 21 When
2269 3116 60 22 these
2347 3116 49 22 cool
2413 3115 52 22 with
2480 3114 38 23 the

1931 3144 87 27 ground
2028 3144 38 22 the
2077 3144 100 22 atumnal
2192 3144 61 22 rains
2264 3150 64 15 cause
2339 3150 13 14 a
2362 3142 61 22 thick
2434 3149 51 20 crop
2495 3142 26 21 of

1932 3179 43 14 sow
1987 3171 85 23 thistles
2083 3171 90 28 quickly
2183 3175 22 17 to
2222 3170 76 27 spring
2308 3177 36 20 up,
2356 3168 73 22 which
2438 3168 81 22 affords

1930 3198 23 22 in
1963 3199 64 26 point
2036 3199 26 21 of
2069 3206 109 18 economy
2190 3197 37 21 the
2237 3199 47 19 best
2295 3203 50 15 croo
2354 3195 50 22 that
2414 3195 65 22 could
2489 3196 29 21 be

1931 3225 91 22 devised
2030 3226 35 21 for
2080 3225 37 21 the
2132 3228 55 18 next
2202 3222 186 22 twelve-months.
2432 3222 87 28 Depas-

1930 3252 65 22 tured
2005 3253 51 21 with
2066 3259 14 14 a
2089 3251 60 26 large
2159 3250 96 22 number
2265 3250 26 21 of
2301 3250 73 26 cattle,
2385 3249 76 28 sheep,
2471 3250 47 21 and

1929 3279 48 27 pigs
1988 3279 36 21 the
2034 3279 87 21 thistles
2133 3277 27 22 do
2170 3281 39 17 not
2220 3276 61 28 seed,
2294 3276 36 22 the
2345 3277 84 27 acidity
2441 3277 24 21 of
2472 3277 42 21 soil

1930 3308 17 19 is
1958 3307 121 24 corrected,
2092 3305 37 21 the
2139 3303 94 22 charred
2249 3304 86 22 surface
2345 3307 60 19 roots
2413 3304 104 28 partially

1930 3332 154 27 decomposed,
2100 3331 54 21 time
2169 3330 44 22 and
2230 3331 144 28 opportunity
2384 3338 37 15 are
2436 3331 80 27 gained

1929 3359 34 21 for
1973 3366 14 14 a
1986 3365 2 6 1
2002 3358 84 23 second
2100 3358 98 26 burning
2208 3358 26 22 of
2248 3358 39 22 the
2300 3359 125 26 remaining
2440 3358 76 22 trunks

1929 3385 102 27 leisurely
2038 3385 44 22 and
2096 3385 162 28 economically
2267 3385 45 23 and
2320 3385 97 23 theland
2423 3385 93 28 brought

1929 3412 46 21 into
1996 3412 112 22 excellent
2123 3412 114 22 condition
2253 3413 35 22 for
2304 3413 73 22 wheat
2396 3417 23 19 at
2434 3420 13 14 a
2462 3420 52 19 very

1928 3439 113 22 moderate
2051 3440 68 27 price.

1955 3466 47 22 The
2013 3467 50 21 hills
2075 3474 28 14 on
2116 3467 36 22 the
2161 3472 54 18 west
2225 3467 47 23 side
2283 3468 26 22 of
2317 3467 35 23 the
2362 3468 75 27 valley
2446 3468 25 21 of
2478 3467 36 22 the

1931 3493 63 28 Hutt,
2006 3501 37 15 are
2053 3494 89 22 formed
2152 3495 24 22 of
2184 3495 57 22 slate
2252 3495 50 28 clay
2310 3495 51 22 with
2373 3503 28 14 an
2409 3495 107 28 irregular

1928 3520 69 28 depth
2005 3522 23 22 of
2036 3522 146 27 argillaceous
2193 3523 61 21 loam
2260 3523 45 21 and
2313 3530 41 19 vey
2361 3523 56 21 little
2428 3522 84 22 surface

1928 3549 76 21 mould
2011 3556 5 19 ;
2027 3554 40 23 yet
2075 3550 55 26 they
2140 3557 36 14 are
2189 3549 85 28 thickly
2282 3549 98 23 wooded.
2409 3549 46 22 The
2465 3549 50 22 tim-

1927 3575 40 22 ber
1982 3580 64 22 trees,
2063 3578 85 21 consist
2163 3577 83 27 chiefly
2256 3577 26 22 of
2292 3577 65 27 rimu,
2375 3577 51 27 mai,
2451 3580 61 22 tawa,

1927 3607 54 23 rata,
2001 3603 45 22 and
2057 3612 13 13 a
2085 3605 43 21 few
2136 3605 73 21 others
2216 3613 6 18 ;
2239 3604 39 22 the
2293 3605 142 21 arborescent
2448 3605 67 24 ferns,

1928 3631 44 21 and
1987 3638 123 15 numerous
2125 3631 127 28 parasitical
2266 3631 81 28 plants,
2359 3632 62 21 these
2435 3638 35 14 are
2484 3631 29 21 all

1928 3662 38 17 cut
1975 3657 64 22 down
2050 3658 25 22 in
2085 3658 38 23 the
2135 3660 78 21 winter
2223 3666 87 20 season,
2322 3666 23 14 as
2355 3658 38 22 the
2403 3657 83 28 growth
2494 3656 25 22 of

1929 3684 36 23 the
1985 3685 71 23 under
2082 3686 126 28 vegetation
2232 3686 25 21 in
2282 3686 44 21 this
2345 3685 171 28 comparatively

1928 3712 74 22 sterile
2012 3713 39 22 soil
2062 3713 19 22 is
2091 3713 44 22 less
2149 3712 114 23 luxuriant
2274 3713 44 22 and
2329 3712 65 29 rapid
2404 3712 53 23 than
2467 3711 47 22 that

1928 3739 26 22 of
1961 3739 37 22 the
2008 3740 80 28 valley,
2100 3740 46 22 and
2156 3741 44 21 will
2216 3744 41 19 not
2272 3740 75 22 retard
2364 3740 38 22 the
2416 3745 99 22 progress

1928 3766 26 22 of
1960 3766 37 22 the
2008 3767 146 21 midsummer
2163 3768 59 20 fires.

1955 3793 98 29 Cutting,
2070 3794 102 28 lopping,
2193 3794 47 23 and
2255 3794 99 26 burning
2374 3797 49 19 cost
2449 3793 66 22 about

1928 3820 62 23 three
1999 3822 88 26 pounds
2096 3829 40 20 per
2145 3829 57 19 acre,
2214 3822 42 22 but
2267 3822 37 21 the
2315 3822 81 21 timber
2404 3821 25 22 in
2443 3819 72 24 locali-

1929 3847 40 22 ties
1979 3850 27 19 of
2013 3855 52 20 easy
2075 3856 77 16 access
2162 3849 44 22 will
2220 3856 70 19 repay
2300 3848 43 23 this
2352 3855 57 16 sum.

1954 3991 49 22 The
2012 3991 98 22 rotation
2119 3991 26 22 of
2156 3998 73 19 crops,
2240 3991 25 22 in
2281 3991 38 22 the
2334 3989 76 28 valley
2425 3988 52 24 land
2492 3987 25 24 of

1928 3904 173 26 REMARKS
2115 3906 49 24 ON
2176 3906 183 24 CROPPING
2370 3904 95 25 LAND
2477 3902 36 25 IN

1974 3939 73 24 THE
2061 3939 145 24 VALLEY
2219 3939 46 24 OF
2278 3939 72 24 THE
2364 3937 106 26 HUTT.

103 1934 50 24 The
166 1933 127 24 Wakefield
311 1938 88 27 system
411 1942 111 24 proposes
538 1939 22 19 to
582 1943 80 16 secure

68 1973 23 18 to
103 1968 38 24 the
162 1967 81 31 colony
254 1967 72 23 which
348 1975 53 24 may
413 1967 69 32 adopt
499 1969 26 27 it,
541 1968 39 24 the
601 1974 62 18 most

68 2001 120 31 profitable
203 2001 70 23 union
285 2001 26 23 of
328 2001 62 29 land,
402 2001 88 29 labour,
505 2002 43 23 and
562 2002 82 31 capital
654 2011 6 19 ;

68 2035 50 23 that
129 2036 70 22 union
211 2035 20 23 is
244 2039 24 18 to
280 2034 26 23 be
314 2034 95 24 effected
423 2035 28 30 by
461 2035 85 30 selling
559 2035 38 23 the
607 2035 54 23 land

68 2075 24 17 at
104 2076 13 15 a
134 2068 116 23 sufficient
268 2068 61 30 price
347 2072 22 18 to
386 2068 83 30 supply
486 2068 133 31 population
638 2070 23 22 in

69 2101 37 24 the
127 2101 132 32 proportion
282 2100 72 31 likely
376 2105 22 19 to
424 2101 26 23 be
479 2101 106 24 attended
608 2102 53 24 with

68 2135 39 24 the
120 2135 105 31 happiest
237 2134 82 23 results
329 2143 7 19 ;
367 2134 44 23 and
432 2135 19 23 it
462 2135 21 22 is
494 2135 107 23 assumed
615 2135 48 24 that

68 2169 20 22 if
95 2169 63 23 these
170 2173 43 19 two
225 2168 124 31 important
360 2168 110 23 elements
482 2169 25 23 of
515 2169 146 30 production,

64 2202 55 23 laud
130 2202 45 24 and
195 2201 88 29 labour,
302 2209 58 16 were
382 2202 84 30 rightly
484 2202 113 31 adjusted,
622 2202 39 24 the

68 2244 79 23 grease
169 2241 22 18 to
209 2235 40 24 the
268 2234 90 29 wheels,
378 2235 39 23 the
434 2235 78 32 fitting
528 2237 133 30 proportion

68 2270 25 23 of
103 2269 81 32 capital
197 2268 74 24 would
282 2269 35 22 for
335 2277 13 15 a
360 2269 111 31 certainty
484 2269 27 24 be
524 2270 60 23 forth
598 2278 63 15 com-

67 2304 48 29 ing.
151 2304 24 23 A
186 2303 65 32 point
263 2301 82 32 always
357 2302 93 24 deemed
463 2303 26 23 of
498 2308 64 25 great
574 2304 87 31 impor-

66 2342 66 18 tance
145 2344 45 15 was
203 2341 22 18 to
245 2336 57 23 have
320 2343 14 15 a
353 2335 64 31 large
435 2338 105 30 quantity
562 2337 26 23 of
604 2337 55 24 land

68 2369 118 32 surveyed,
195 2369 45 24 and
252 2369 68 31 ready
327 2369 35 23 for
374 2369 109 24 selection
492 2376 23 18 at
523 2379 13 14 a
546 2376 113 18 moments

68 2404 83 28 notice,
159 2403 44 24 and
214 2402 23 24 of
249 2402 73 24 which
329 2402 83 30 buyers
421 2403 73 31 might
504 2404 77 23 obtain
588 2413 15 14 a
608 2412 51 23 por-

68 2438 47 22 tion
135 2442 23 19 at
176 2444 43 23 any
239 2441 107 23 moment,
358 2444 62 23 upon
438 2437 87 31 paying
536 2437 36 23 for
583 2438 18 22 it
614 2444 23 17 at
649 2446 13 16 a

68 2471 97 24 uniform
178 2471 71 31 price,
263 2470 52 23 cash
327 2470 73 23 down.
437 2470 60 25 This
515 2472 20 22 is
552 2472 116 23 essential-

68 2511 24 17 to
104 2504 38 23 the
162 2509 86 26 system
271 2503 43 24 and
334 2503 18 23 it
371 2503 46 23 will
429 2503 28 24 be
478 2512 55 16 seen
554 2505 45 23 this
619 2505 42 23 has

66 2545 70 16 never
160 2538 45 23 had
228 2537 65 23 effect
313 2537 24 23 in
358 2545 45 23 any
424 2538 131 23 settlement
572 2538 89 24 formed

68 2571 116 31 avowedly
196 2578 63 23 upon
276 2571 37 23 the
327 2570 130 24 Wakefield
477 2577 95 25 system.
610 2572 51 24 The

68 2605 77 31 public
157 2605 26 23 of
200 2604 108 31 England
326 2612 57 23 gave
396 2605 105 24 sanction
522 2611 22 18 to
558 2606 38 23 the
609 2614 52 23 sys-

69 2644 53 23 tem,
136 2644 40 18 not
189 2638 56 24 until
257 2638 56 23 after
325 2639 19 23 it
355 2637 45 24 had
411 2638 57 24 been
482 2639 125 23 canvassed
626 2640 35 23 for

68 2680 15 15 a
93 2672 54 31 long
158 2672 80 31 period
247 2671 54 24 with
311 2672 70 23 much
393 2672 88 31 ability.
517 2672 52 24 The
579 2681 82 15 conse-

69 2713 86 24 quence
167 2706 27 23 of
210 2705 50 24 that
270 2706 102 23 sanction
390 2713 45 15 was
455 2705 39 24 the
505 2706 121 24 formation
640 2707 25 23 of

70 2739 38 24 the
120 2739 81 30 colony
213 2740 26 23 of
248 2738 73 25 South
332 2738 135 30 Australia;
490 2740 46 23 and
550 2740 38 24 the
601 2741 67 23 New-

68 2771 103 25 Zealand
184 2773 119 31 Company
314 2772 74 24 which
404 2772 41 24 has
456 2773 90 24 formed
557 2782 14 15 a
581 2774 80 23 settle-

70 2812 63 17 ment
144 2811 24 19 at
179 2806 59 23 Port
257 2806 134 29 Nicholson,
405 2811 23 18 at
447 2806 59 24 New
526 2807 135 31 Plymouth,

70 2839 96 29 Nelson,
178 2839 45 23 and
234 2839 115 24 threatens
358 2844 23 19 to
388 2839 58 24 form
459 2848 14 15 a
484 2840 86 24 Scotch
582 2841 79 23 settle-

70 2877 63 18 ment
144 2872 73 24 called
230 2872 55 24 New
297 2872 138 31 Edinburgh
443 2878 23 18 to
479 2873 38 23 the
530 2874 76 29 south,
618 2874 45 24 and

71 2914 14 14 a
97 2903 93 26 Church
202 2906 26 23 of
245 2905 107 32 England
372 2906 132 24 settlement
523 2908 23 23 in
565 2907 39 24 the
626 2908 36 23 in-

70 2939 69 24 terior
150 2939 25 24 of
184 2938 46 25 this
242 2939 73 24 island
322 2948 6 20 ;
343 2939 41 30 ajid
395 2939 38 24 the
442 2939 137 25 Australind
590 2941 72 23 Com-

70 2980 60 24 pany
140 2972 73 24 which
223 2973 86 23 formed
318 2980 13 16 a
341 2973 130 23 settlement
480 2973 71 24 called
561 2975 100 22 Austra-

71 3006 56 29 lind,
140 3014 54 16 near
207 3006 68 23 Swan
284 3005 82 25 River.
395 3005 40 24 All
444 3006 65 24 these
518 3008 144 24 settlements

70 3048 40 15 are
128 3039 102 24 believed
248 3039 29 31 by
289 3047 68 23 many
369 3044 23 18 to
411 3039 57 24 have
486 3040 58 24 been
562 3041 100 24 founded

71 3081 61 24 upon
144 3074 39 23 the
194 3072 130 25 Wakefield
343 3077 94 27 system,
449 3074 68 23 while
537 3075 24 23 in
573 3075 47 23 fact
632 3083 29 15 no

71 3107 80 31 colony
159 3112 39 26 yet
207 3107 42 24 has
256 3107 56 23 been
318 3107 96 28 formed,
422 3107 29 30 by
463 3107 76 24 which
549 3108 49 24 that
609 3117 52 23 sys-

72 3148 44 16 tem
127 3141 66 25 could
206 3141 29 23 be
247 3141 80 28 tested,
339 3140 44 24 and
393 3140 89 31 though
492 3149 34 15 we
537 3142 94 29 believe,
644 3143 21 23 if

69 3175 21 22 it
100 3175 70 32 really
182 3182 59 16 were
249 3175 57 23 tried
320 3175 18 22 it
349 3174 74 23 would
435 3173 28 24 be
479 3173 71 25 found
562 3176 101 23 efficient

69 3208 24 23 in
107 3217 13 15 a
131 3209 55 31 high
200 3209 88 30 degree,
301 3212 39 27 yet
349 3208 18 23 it
377 3208 20 23 is
407 3207 59 24 fated
475 3207 59 24 from
545 3208 38 23 the
595 3210 66 22 mode

70 3243 19 22 it
100 3241 41 24 has
151 3243 59 23 been
223 3242 61 23 dealt
294 3241 54 24 with
369 3242 31 29 by
412 3243 28 22 its
454 3241 89 29 author,
557 3250 70 15 never
639 3248 22 18 to

70 3275 29 23 be
110 3276 99 31 brought
221 3280 22 18 to
256 3275 37 23 the
311 3281 53 23 test,
378 3276 40 22 but
430 3283 29 15 on
468 3275 38 23 the
518 3281 107 25 contrary
639 3281 22 18 to

70 3309 28 22 be
110 3310 92 23 scouted
215 3317 25 16 as
252 3317 14 15 a
276 3310 63 31 piece
352 3309 25 23 of
395 3309 116 31 quackery
523 3308 93 32 palmed
626 3309 35 24 for

70 3350 15 14 a
94 3342 55 32 long
161 3344 53 22 time
225 3342 53 24 with
289 3343 103 30 singular
404 3350 93 16 success
510 3350 59 23 upon
582 3351 30 15 an
623 3343 38 23 in-

70 3373 103 33 telligent
184 3377 84 29 public.

106 3410 73 23 South
191 3410 118 24 Australia
320 3418 45 16 was
376 3410 85 24 started
473 3410 56 24 with
539 3418 14 15 a
560 3409 100 24 London

69 3443 93 31 lottery,
184 3444 46 23 «nd
248 3443 152 24 absenteeism
416 3443 93 24 became
528 3449 23 19 at
570 3451 58 16 once
649 3451 12 16 a

70 3478 131 31 prominent
211 3477 86 23 feature
317 3479 24 21 in
360 3478 38 23 the
419 3483 95 26 system.
562 3476 50 25 But
635 3486 25 15 as

71 3510 39 23 the
122 3511 61 31 price
196 3511 25 22 of
237 3509 38 24 the
284 3510 53 23 land
350 3519 46 15 was
416 3519 28 16 an
463 3512 115 23 incorrect
597 3512 63 30 price

70 3544 36 23 for
118 3544 38 22 the
168 3551 111 24 purposes
290 3544 25 22 of
330 3544 37 23 the
391 3550 95 25 system,
510 3545 38 23 the
569 3545 46 23 evil
639 3545 23 23 of

71 3578 152 23 absenteeism
241 3584 44 15 was
304 3577 118 32 mitigated
439 3578 32 31 by
492 3579 50 24 that
561 3579 98 24 circum-

70 3617 87 19 stance.
202 3610 51 25 The
273 3611 61 30 price
357 3618 41 24 per
420 3619 51 17 acre
494 3613 26 23 of
541 3612 55 24 land
614 3620 46 16 was

70 3645 97 31 charged
180 3649 25 19 at
215 3644 39 23 the
266 3648 47 19 rate
325 3644 104 31 required
440 3646 37 23 for
488 3653 30 16 an
529 3646 130 31 agricultu-

70 3678 35 24 ral
123 3679 127 30 terrritory,
269 3676 65 24 while
353 3678 39 22 the
411 3678 53 23 land
483 3679 108 32 occupied
614 3688 45 16 was

68 3712 109 33 pastoral.
233 3711 50 24 The
305 3710 54 24 land
381 3710 70 32 being
474 3712 25 23 of
526 3713 38 23 the
590 3714 69 23 latter

70 3746 87 31 quality
177 3745 96 25 enabled
290 3745 39 23 the
348 3743 79 24 settler
444 3749 24 18 to
489 3745 122 31 depasture
630 3755 28 16 on

70 3780 108 24 absentee
190 3779 74 24 lands.
290 3778 82 30 There,
376 3785 54 21 was,
438 3777 113 31 however,
563 3780 96 25 another

70 3815 128 30 correcting
217 3813 165 23 circumstance
393 3820 7 20 ;
426 3817 23 17 to
470 3812 55 23 each
544 3813 115 31 purchase

65 3846 31 24 .of
110 3846 78 33 eighty
200 3854 65 17 tores
277 3848 26 22 of
316 3845 54 24 laud
390 3853 12 16 a
419 3844 149 32 depasturing
586 3848 73 29 privi-

70 3881 50 31 lege
132 3888 46 16 was
190 3880 113 30 attached,
315 3887 54 16 over
379 3878 88 24 several
479 3878 104 25 hundred
595 3888 64 16 acres

69 3921 71 18 mat:
186 3913 56 26 Had
262 3914 37 24 the
315 3912 55 27 land
389 3913 57 24 heen
458 3912 111 32 surveyed
583 3912 76 25 before

70 3947 38 25 the
130 3947 93 26 settlers
245 3947 98 28 arrived,
364 3946 55 26 then
441 3946 66 24 these
530 3947 130 31 correcting

64 3984 181 22 ■eiftnmJtan-ce*
257 3979 74 27 would
343 3980 57 25 have
411 3979 80 32 placed
499 3979 39 25 the
546 3980 113 31 purchase

1344 2509 51 23 The
1407 2509 63 23 show
1482 2510 55 23 took
1549 2510 64 30 place
1627 2518 27 15 on
1668 2510 133 30 Thursday,
1817 2509 83 23 March

1311 2544 77 27 28,~as
1401 2543 136 23 advertised.
1585 2543 73 31 Many
1679 2543 109 32 expected
1802 2551 14 15 a
1828 2543 73 23 better

1311 2576 68 28 show,
1394 2576 154 24 nevertheless
1561 2577 17 22 it
1595 2585 46 15 was
1662 2583 41 18 not
1722 2585 14 16 a
1755 2576 44 24 bad
1820 2576 81 30 begin-

1312 2610 63 27 ning.

1345 2643 50 24 The
1407 2643 117 32 following
1534 2644 76 30 prizes
1622 2652 59 16 were
1694 2643 103 25 awarded
1811 2649 22 18 to
1852 2643 47 24 Mr.

1312 2677 94 23 Revans
1418 2686 6 14 :—:
1427 2690 34 3 —

1346 2710 68 24 Best
1427 2710 90 25 Milch
1530 2711 72 24 Cow*
1602 2724 35 4 —
1638 2711 58 24 This
1715 2719 47 16 cow
1783 2718 46 16 was
1846 2710 55 24 bred

1312 2744 30 30 by
1366 2744 43 24 Dr.
1432 2744 137 29 Beaumont,
1591 2745 24 23 in
1635 2745 56 23 New
1714 2745 76 23 South
1812 2744 89 24 Wales.

1313 2777 100 31 Though
1430 2778 39 23 fed
1489 2786 60 23 upon
1571 2786 54 23 very
1647 2778 131 24 indifferent
1799 2783 102 26 pasture,

1313 2811 39 23 she
1366 2812 40 23 has
1418 2811 89 31 yielded
1526 2811 63 31 eight
1609 2816 78 27 quarts
1707 2812 26 24 of
1754 2811 58 25 milk
1833 2811 68 32 daily,

1313 2845 44 23 and
1370 2846 69 23 about
1451 2846 36 23 six
1498 2845 89 30 pounds
1600 2846 25 22 of
1641 2846 75 23 butter
1728 2853 42 22 per
1781 2844 73 25 week.

1345 3047 69 24 Best
1427 3048 83 24 Boar.
1512 3060 33 4 —
1547 3048 23 22 A
1582 3048 56 23 boar
1647 3048 59 23 from
1716 3047 100 32 English
1825 3047 75 29 stock,

1312 3081 81 30 gained
1416 3087 65 25 great
1504 3081 77 24 credid
1605 3082 36 23 for
1667 3081 36 24 his
1727 3081 93 32 general
1841 3081 60 31 good

1312 3114 114 31 qualities.

1346 2879 68 23 Best
1427 2886 51 17 pen
1491 2886 30 17 of
1544 2879 88 23 Ewes.
1634 2892 34 4 —
1670 2879 76 24 These
1764 2886 59 17 ewes
1844 2886 57 16 were

1312 2912 112 32 imported
1435 2912 59 24 from
1513 2912 44 24 Dr.
1580 2912 97 31 Imlay's
1697 2912 75 24 flocks
1792 2912 25 23 of
1832 2912 69 24 Two-

1312 2946 47 24 fold
1371 2946 58 31 Bay.
1478 2946 66 31 They
1567 2954 39 16 are
1627 2955 14 15 a
1663 2954 62 16 cross
1748 2947 100 23 between
1863 2945 38 24 the

1312 2980 68 23 south
1393 2980 63 23 down
1469 2980 45 23 and
1526 2981 87 22 merino
1624 2989 6 21 ;
1644 2980 45 24 and
1701 2989 37 15 are
1752 2989 13 15 a
1776 2980 45 24 fine
1834 2980 67 23 stock

1312 3014 58 22 from
1382 3013 74 23 which
1469 3018 23 18 to
1504 3014 77 22 breed.

1345 3148 36 23 To
1394 3148 99 24 Messrs.
1507 3149 106 23 Bethune
1626 3149 46 24 and
1684 3149 94 24 Hunter
1789 3157 6 15 :—:
1797 3161 33 4 —

1344 3283 67 24 Pest
1432 3291 53 16 pen
1510 3291 31 16 or
1564 3291 87 16 three
1674 3283 77 24 Ewes
1781 3290 70 17 bred
1872 3290 28 16 in

1310 3323 52 16 the
1376 3316 116 24 Colony.
1494 3329 35 4 —
1531 3317 61 24 Half
1606 3317 63 28 bred,
1690 3317 103 23 between
1812 3316 88 23 merino

1310 3349 44 24 and
1366 3350 67 23 south
1446 3350 73 24 down.
1565 3351 52 23 The
1637 3358 48 16 ram
1699 3351 51 31 just
1771 3349 129 25 mentioned

1310 3383 70 28 being
1391 3383 39 23 the
1442 3384 54 23 sire.

1345 3182 68 24 Best
1432 3182 71 24 Ram.
1505 3196 35 3 —
1541 3183 23 23 A
1583 3183 68 23 south
1669 3182 64 24 down
1758 3183 25 23 of
1798 3182 103 31 superior

1310 3215 69 24 breed
1390 3224 7 20 ;
1409 3216 106 23 obtained
1526 3216 39 23 the
1575 3217 65 31 prize
1651 3217 24 22 in
1686 3217 132 31 preference
1831 3220 22 19 to
1863 3216 38 23 the

1311 3250 86 22 merino
1410 3257 25 15 or
1451 3249 125 23 Leicester.

1343 3450 70 23 Best
1430 3450 106 23 Saddle
1557 3450 90 24 Horse
1671 3450 139 23 Stallion.
1813 3460 33 5 —
1848 3448 50 23 The

1310 3483 113 31 thorough
1434 3483 55 23 bred
1501 3483 112 31 imported
1626 3484 66 22 horse
1703 3483 82 23 named
1795 3480 87 24 Mther
1890 3490 6 20 ;

1310 3517 83 23 known
1406 3525 24 14 as
1444 3525 13 14 a
1470 3516 86 24 winner
1567 3517 25 23 in
1610 3516 117 30 England.

1345 3415 135 24 Honorable
1493 3417 83 29 Henry
1589 3417 71 24 Petre
1671 3425 5 16 :—:
1679 3429 32 5 —

1343 3550 49 23 Mr.
1411 3549 40 24 W.
1472 3549 109 30 Guyton:
1583 3561 33 5 —

1343 3584 68 24 Best
1433 3583 72 23 Caet
1527 3582 92 24 Horse
1642 3582 127 24 Stallon.
1772 3594 34 5 —
1807 3581 91 32 Highly

1310 3617 113 32 approved
1444 3616 26 23 of
1484 3624 25 15 as
1530 3624 13 15 a
1562 3620 49 19 cart
1632 3615 99 25 stallion.
1780 3615 118 33 Imported

1309 3651 58 23 from
1380 3650 102 30 Sydney,
1494 3649 44 24 and
1550 3649 26 23 of
1592 3648 37 24 the
1643 3649 135 31 Clydesdale
1790 3649 77 25 breed.

1343 3685 49 24 Mr.
1406 3683 84 30 Henry
1502 3683 36 24 St.
1554 3682 60 24 Hill.
1629 3691 41 16 :—

1343 3785 49 23 Mr.
1403 3784 32 24 R.
1449 3784 99 24 Jenkins
1559 3792 6 15 :—:
1567 3796 33 3 —

1343 3718 67 24 Best
1429 3718 90 23 Mace.
1522 3729 34 4 —
1557 3716 120 32 Imported
1703 3717 58 23 from
1785 3717 94 32 Sydney
1889 3727 6 20 ;

1308 3751 103 24 believed
1422 3755 24 19 to
1457 3751 58 23 have
1526 3750 57 23 been
1596 3750 55 23 bred
1663 3751 28 29 by
1700 3751 48 24 Mr.
1761 3751 134 25 M'Arthur.

1343 3819 68 24 Best
1423 3817 77 24 Colt.
1503 3829 34 5 —
1540 3817 53 24 Colt
1604 3822 40 26 got
1654 3817 32 31 by
1698 3817 96 33 Figaro,
1816 3827 14 16 a
1848 3819 49 24 well

1309 3852 84 24 known
1404 3852 92 23 stallion
1509 3852 24 23 in
1545 3851 47 23 this
1604 3852 97 29 district,
1722 3853 46 23 and
1787 3853 110 32 imported

1309 3893 25 16 as
1346 3894 14 15 a
1371 3885 46 24 colt
1428 3885 59 24 from
1498 3884 57 25 New
1569 3885 76 24 South
1657 3885 87 25 Wales.

1343 3919 49 24 Mr.
1406 3919 57 30 May
1475 3927 5 16 :—:
1483 3931 34 4 —

1342 3952 68 27 Best
1422 3952 141 25 Breeding
1575 3952 68 27 Sow,
1645 3966 34 4 —
1680 3953 24 26 A
1715 3954 52 25 well
1778 3953 55 25 bred
1852 3961 45 17 sow

1309 3985 25 24 of
1348 3985 104 30 English
1463 3986 75 25 stock,

687 138 62 30 price
761 137 71 23 about
842 136 69 32 right.
960 136 25 24 It
995 136 75 24 would
1080 137 59 23 have
1151 137 59 23 been
1222 144 53 16 ren-

688 170 67 23 dered
765 170 129 31 equivalent
912 174 24 19 to
957 169 70 24 about
1044 175 44 18 two
1108 169 106 31 shillings
1232 170 43 23 and

688 204 109 29 sixpence
809 210 40 23 per
861 210 50 16 acre
923 203 36 23 for
970 203 100 30 pastoral
1082 202 64 24 land.

722 243 51 23 The
785 243 134 24 Australian
930 250 83 24 papers
1030 247 67 25 state,
1117 242 50 24 that
1186 243 30 23 all
1239 243 37 23 the

688 276 90 23 officers
790 276 24 23 of
825 276 37 23 the
871 275 136 24 Australind
1018 276 118 30 Company
1149 276 57 23 have
1218 276 57 23 been

688 309 143 31 discharged.
879 309 24 23 If
931 315 58 23 true,
1014 309 37 23 the
1075 316 77 16 career
1176 309 24 23 of
1227 309 49 23 that

689 342 119 32 Company
820 342 41 23 has
870 342 57 23 been
939 350 57 23 very
1007 342 60 23 brief
1076 351 6 19 ;
1103 342 42 24 but
1162 346 41 20 not
1214 350 61 16 more

688 383 25 15 so
726 376 56 23 than
795 383 45 16 was
852 376 110 31 expected
974 376 31 29 by
1017 383 76 22 many,
1113 383 25 15 as
1152 376 38 23 the
1205 375 70 24 Com-

687 416 61 24 pany
766 417 47 15 was
832 409 81 31 always
931 408 81 29 feeble,
1033 409 46 23 and
1107 409 124 31 attempted
1254 414 22 17 to

688 442 98 24 contend
819 442 53 23 with
903 450 14 15 a
943 441 123 32 prejudice,
1099 442 75 23 which
1211 442 64 23 could

688 475 52 31 only
751 475 28 24 be
792 475 125 32 conquered
929 475 31 31 by
971 475 64 31 rapid
1047 482 102 17 success.
1176 475 100 24 Austra-

688 508 55 29 lind,
757 508 48 24 like
818 508 71 24 South
900 508 128 29 Australia,
1044 516 47 16 was
1110 509 86 23 started
1216 516 60 24 upon

689 541 37 24 the
738 542 83 30 lottery
833 542 59 31 plan,
914 546 25 19 at
958 550 13 14 a
991 542 61 31 price
1071 541 36 24 for
1127 541 148 31 agricultural

688 575 76 23 rather
777 574 55 24 than
843 575 35 23 for
889 575 101 31 postoral
1001 575 65 23 lands
1077 584 6 20 ;
1098 574 38 24 the
1148 575 66 23 lands
1226 575 48 23 also

688 608 50 23 sold
749 609 63 23 there
833 616 65 21 were,
918 616 35 15 we
972 609 96 28 believe,
1086 608 118 32 generally
1222 617 54 23 pur-

688 641 83 24 chased
782 642 31 30 by
825 642 118 23 absentees
955 650 7 20 ;
974 642 42 23 but
1035 642 39 23 the
1095 649 64 16 same
1179 643 97 22 circum-

687 680 78 18 stance
778 675 74 24 which
861 675 42 23 has
913 675 109 31 operated
1032 676 24 23 in
1070 675 74 24 South
1156 675 120 24 Australia

688 708 45 24 will
746 713 88 19 correct
845 708 39 24 the
903 708 109 24 mischief
1028 708 71 29 there,
1119 713 24 19 to
1161 717 15 15 a
1192 710 84 22 certain

688 746 79 19 extent
776 750 8 21 ;
797 742 70 31 being
878 750 13 15 a
901 742 103 31 pastoral
1015 747 104 25 country,
1133 742 38 23 the
1179 742 97 23 resident

687 775 138 31 purchasers
854 783 50 23 may
931 776 61 23 avail
1021 775 136 24 themselves
1187 776 26 23 of
1239 776 37 24 the

688 809 120 22 absentees
819 809 54 22 land
890 809 96 22 without
997 809 32 22 let
1040 817 25 14 or
1077 809 132 22 hindrance.

722 850 40 23 All
776 850 38 23 the
835 850 56 24 New
910 850 102 23 Zealand
1035 850 141 32 Company's
1199 849 78 24 settle-

688 888 74 18 ments
775 884 57 22 have
851 884 56 22 been
928 883 87 25 started
1035 884 56 22 with
1108 884 39 22 the
1168 891 65 22 game
1253 884 25 22 of

688 915 84 24 chance
794 924 25 15 so
840 917 97 30 inviting
961 921 23 18 to
1005 916 37 23 the
1061 917 77 29 vanity
1159 916 26 22 of
1207 923 53 15 man
1269 925 6 18 ;

688 948 44 23 and
745 949 120 22 absentees
878 956 84 23 appear
975 953 22 18 to
1018 948 59 23 have
1096 948 59 23 been
1177 949 100 30 tempted

689 986 22 18 to
725 981 159 31 becomelarge
891 981 92 24 holders
990 982 23 22 in
1020 981 30 23 all
1058 981 59 23 their
1126 981 149 24 settlements.

689 1014 30 23 In
730 1014 38 23 the
780 1014 55 31 long
846 1022 41 16 run
901 1019 61 19 most
973 1014 26 23 of
1014 1014 62 24 them
1088 1014 46 23 will
1153 1014 48 23 find
1223 1014 54 31 they

687 1047 57 24 have
755 1047 143 24 contributed
906 1053 23 18 to
938 1052 95 26 support
1044 1048 135 30 emigration
1189 1052 22 19 to
1221 1047 56 24 New

689 1081 100 24 Zealand
796 1082 93 23 without
895 1081 86 24 benefit
988 1087 21 18 to
1018 1081 135 23 themselves
1161 1090 6 20 ;
1180 1081 44 23 and
1231 1082 48 23 that

689 1114 53 32 they
755 1119 63 19 must
828 1115 28 23 be
868 1115 121 23 contented
1002 1120 21 18 to
1035 1115 94 23 balance
1143 1115 38 23 the
1200 1115 78 31 o.utlay

687 1155 63 24 upon
762 1148 57 24 New
833 1148 99 24 Zealand
946 1153 91 24 estates,
1050 1148 31 31 by
1090 1148 139 31 transfering
1240 1149 38 23 the

689 1187 94 18 amount
811 1186 24 19 to
866 1182 37 23 the
931 1181 63 24 debit
1016 1182 24 23 of
1051 1178 11 12 s
1065 1181 59 23 their
1155 1181 124 24 charitable

689 1215 64 23 fund.
807 1215 61 24 Like
889 1215 64 24 Lord
980 1215 137 31 Egremont,
1144 1214 53 32 they
1221 1216 57 23 have

689 1249 108 31 annually
814 1249 79 31 kindly
911 1249 119 24 furnished
1042 1257 14 15 a
1067 1249 57 23 fund
1136 1249 31 30 by
1179 1249 74 23 which
1265 1258 14 15 a

689 1283 85 22 certain
798 1282 95 24 number
912 1283 26 23 of
964 1282 60 24 their
1049 1286 150 27 countrymen
1221 1282 58 25 have

689 1316 57 23 been
769 1316 96 23 enabled
886 1322 22 17 to
939 1317 109 30 emigrate
1068 1321 21 18 to
1113 1315 39 24 the
1181 1316 98 24 colonies

690 1349 72 24 where
773 1350 53 30 they
835 1350 73 31 hoped
921 1355 24 18 to
957 1350 28 23 be
997 1350 50 22 able
1061 1354 22 18 to
1096 1350 102 31 improve
1220 1350 59 24 their

689 1383 115 24 condition
811 1393 7 19 ;
832 1383 40 23 but
884 1383 37 24 the
934 1383 68 23 noble
1013 1383 50 23 lord
1075 1383 65 23 made
1150 1391 29 15 no
1188 1391 91 24 secrecy

690 1417 25 23 of
738 1416 36 24 his
798 1425 111 24 generous
934 1416 105 24 conduct.
1088 1416 51 24 Our
1160 1416 119 24 absentees

689 1450 65 30 have,
772 1451 112 28 however,
906 1451 58 23 buen
983 1451 114 22 animated
1119 1451 31 30 by
1167 1458 25 15 so
1212 1451 67 23 much

691 1484 113 31 delicacy,
818 1484 48 24 that
877 1485 53 30 they
943 1484 57 23 have
1020 1484 58 23 tried
1095 1487 23 19 to
1138 1484 67 23 cloak
1222 1484 57 24 their

689 1519 136 23 benevolent
837 1524 47 18 acts
895 1519 30 30 by
938 1517 137 31 pretending
1095 1522 23 18 to
1136 1517 59 24 have
1211 1519 68 30 profit

691 1559 24 15 as
728 1552 59 24 their
799 1552 81 31 object,
892 1552 68 23 while
979 1552 37 22 the
1033 1551 73 23 result
1127 1551 25 23 of
1167 1551 59 24 their
1243 1552 36 23 in-

691 1591 126 18 vestments
835 1585 46 24 will
901 1585 70 24 make
992 1585 18 23 it
1030 1584 105 32 palpable
1155 1585 49 24 that
1226 1585 53 31 they

691 1625 62 18 must
763 1620 59 23 have
834 1620 57 23 been
903 1618 115 24 animated
1030 1619 31 30 by
1073 1618 38 24 the
1122 1624 81 25 purest
1209 1619 70 24 bene-

691 1653 102 29 volence,
806 1653 45 23 and
863 1653 28 29 by
903 1653 19 24 it
931 1653 76 24 alone.

726 1686 184 24 Circumstances
920 1686 58 24 have
991 1686 106 31 operated
1109 1691 23 19 to
1145 1694 71 17 cause
1237 1688 42 23 ab-

691 1721 124 23 senteeism
837 1726 24 18 to
883 1720 28 24 be
923 1728 65 16 more
1001 1720 40 23 felt
1053 1720 54 23 here
1120 1720 54 23 than
1186 1727 24 18 at
1223 1722 57 23 New

691 1754 126 31 Plymouth
830 1762 25 16 or
868 1754 96 24 Nelson.
1009 1753 50 24 The
1071 1753 66 32 plans
1150 1754 26 24 of
1189 1755 57 23 both
1257 1756 25 22 of

691 1788 64 23 those
768 1788 141 23 settlements
921 1787 109 31 provided
1042 1787 70 24 funds
1131 1788 35 23 for
1185 1788 95 33 making

692 1821 73 29 roads,
789 1821 44 24 and
853 1821 37 24 the
910 1821 118 23 character
1050 1821 23 23 of
1091 1821 37 23 the
1148 1827 96 26 conntry
1255 1823 24 23 in

691 1855 74 23 which
783 1855 54 31 they
856 1863 37 16 are
910 1854 141 25 established
1070 1856 123 30 permitted
1213 1856 66 24 roads

691 1893 23 20 to
725 1889 28 24 be
765 1889 67 23 made
842 1888 52 24 with
904 1888 157 24 considerable
1079 1888 86 32 facility
1174 1898 5 20 ;
1200 1890 44 23 and
1256 1896 24 18 at

691 1922 57 24 New
761 1922 124 32 Plymouth
898 1922 38 23 the
949 1922 130 23 settlement
1086 1923 20 22 is
1119 1924 160 23 concentrated

691 1964 25 15 so
728 1956 34 23 far
776 1964 25 16 as
814 1955 68 32 being
894 1956 23 22 in
930 1964 42 14 one
985 1955 69 23 block
1067 1955 66 23 tends
1146 1961 22 19 to
1181 1964 98 16 concen-

692 1990 84 23 tration
786 1999 7 19 ;
812 1989 42 24 but
873 1997 23 15 as
914 1988 39 24 the
964 1988 54 24 land
1038 1990 20 22 is
1071 1990 95 23 covered
1178 1990 30 31 by
1220 1990 59 24 bush

692 2031 24 15 or
729 2024 49 22 fern
788 2024 18 22 it
819 2028 80 18 cannot
912 2023 27 23 be
955 2022 158 32 appropriated
1133 2029 23 17 to
1176 2032 44 22 any
1238 2032 41 16 use

691 2056 95 23 without
797 2065 14 14 a
823 2056 155 23 considerable
993 2056 84 30 outlay,
1099 2064 25 15 so
1148 2057 49 23 that
1216 2056 63 25 there

691 2089 38 24 the
750 2090 119 23 absentees
889 2089 66 24 lands
972 2095 84 17 cannot
1077 2088 30 24 be
1130 2091 108 30 occupied
1256 2096 24 18 at

691 2123 104 31 pleasure
815 2123 29 30 by
867 2122 37 23 the
925 2122 99 23 settlers.
1072 2121 36 24 At
1129 2123 89 24 Nelson
1242 2124 37 24 the

691 2162 106 25 contrary
808 2157 20 23 is
840 2156 38 24 the
894 2164 53 15 case
965 2161 23 18 to
1010 2164 14 15 a
1041 2161 65 25 great
1126 2162 87 19 extent.
1255 2158 24 23 A

690 2190 63 31 large
765 2190 56 24 fund
834 2198 45 15 was
892 2190 108 31 provided
1012 2190 35 23 for
1059 2189 75 30 roads,
1152 2191 74 23 which
1239 2192 40 22 lias

690 2224 58 23 been
760 2224 119 31 expended
890 2225 22 22 in
927 2224 99 31 opening
1037 2231 14 15 a
1063 2224 156 24 considerable
1231 2225 48 23 dis-

692 2258 51 23 trict
756 2258 72 23 called
847 2258 38 23 the
903 2256 114 29 Waimea,
1039 2256 45 24 and
1102 2265 32 16 we
1151 2263 93 26 suspect
1261 2260 19 22 it

691 2291 44 24 will
747 2291 80 31 nearly
839 2291 30 23 all
881 2291 27 23 be
920 2290 120 32 expended
1052 2291 24 22 in
1089 2291 49 23 that
1160 2291 119 30 direction,

691 2333 24 15 so
729 2324 49 24 that
789 2324 37 24 the
837 2324 65 24 lands
913 2330 26 17 at
962 2324 117 23 Massacre
1098 2325 59 31 Bay,
1177 2326 102 29 Wairau,

690 2359 44 23 and
756 2359 122 23 plsewhere
898 2358 47 23 will
974 2358 29 23 be
1023 2366 24 15 as
1074 2358 107 24 deficient
1203 2360 23 22 in
1242 2368 38 15 re-

689 2397 52 26 pect
758 2392 25 23 of
808 2401 13 15 a
842 2392 54 24 road
915 2391 57 24 fund
992 2400 25 15 as
1034 2391 21 23 if
1079 2400 59 16 none
1156 2392 44 24 had
1223 2394 57 23 been

689 2426 118 32 provided.
851 2426 22 23 A
893 2425 66 31 large
977 2425 90 31 portion
1083 2426 26 23 of
1124 2427 38 22 the
1175 2427 106 24 Waimea

691 2460 89 22 district
792 2460 19 22 is
824 2467 58 24 open
892 2459 56 23 land
965 2467 63 23 upon
1047 2458 75 24 which
1141 2460 75 24 flocks
1238 2469 43 16 can

689 2494 29 23 be
741 2493 144 31 depastured,
908 2493 45 23 and
978 2493 45 22 this
1047 2495 167 22 circumstance
1237 2494 42 24 has

691 2527 73 28 there,
778 2535 25 15 as
816 2528 22 22 in
852 2526 73 24 South
937 2526 122 24 Australia
1071 2527 44 23 and
1134 2527 145 30 Australind,

691 2561 120 31 mitigated
825 2561 37 23 the
874 2560 56 24 evils
944 2560 23 23 of
985 2560 161 24 absenteeism.
1192 2561 88 24 Should

691 2594 57 24 New
760 2594 139 31 Edinburgh
911 2594 30 23 be
953 2594 95 29 formed,
1070 2594 47 24 and
1135 2594 39 23 the
1186 2594 54 24 land
1252 2596 28 23 be

689 2628 87 30 mainly
788 2628 116 32 puchased
915 2627 33 32 by
960 2628 127 28 absentees,
1098 2629 19 22 if
1126 2629 19 22 it
1152 2628 29 23 be
1190 2629 91 30 plauted

691 2669 27 16 on
731 2662 39 23 the
783 2666 50 20 east
845 2666 62 19 coast
929 2661 26 23 of
970 2661 39 23 the
1028 2662 90 23 Middle
1136 2661 88 29 Island,
1244 2663 38 23 the

691 2695 57 24 evils
769 2695 26 24 of
811 2695 152 24 absenteeism
981 2695 46 23 will
1047 2695 28 23 be
1095 2695 137 24 diminished
1253 2696 29 32 by

691 2729 38 23 the
741 2737 63 15 same
818 2729 164 23 circumstance
995 2729 120 29 operating
1128 2733 23 19 at
1167 2729 96 25 Nelson.

725 2768 30 23 In
779 2768 39 22 the
835 2768 122 22 formation
981 2767 25 23 of
1026 2766 30 24 all
1080 2767 37 23 the
1141 2768 142 24 settlements

692 2806 74 19 stated
778 2806 23 18 to
820 2801 27 23 be
859 2800 140 24 established
1019 2808 63 23 upon
1103 2801 38 23 the
1153 2801 130 26 Wakefield

691 2839 94 26 system,
807 2834 64 23 there
891 2835 19 22 is
931 2834 69 23 much
1019 2834 157 23 resemblance
1200 2836 24 22 in
1246 2836 37 24 the

690 2869 63 30 plan,
772 2872 39 26 yet
830 2876 14 14 a
863 2867 87 24 careful
968 2869 144 30 comparison
1131 2869 25 22 of
1174 2869 60 24 them
1254 2870 29 23 all

691 2909 41 15 one
745 2901 55 23 with
813 2901 38 23 the
863 2901 63 23 other
938 2901 74 23 would
1026 2906 91 27 present
1129 2909 64 16 some
1206 2903 77 24 differ-

691 2943 54 15 ence
757 2935 24 22 in
795 2935 38 22 the
850 2934 53 32 plan
923 2935 70 29 itself,
1007 2935 45 23 and
1071 2935 155 24 considerable
1239 2937 44 23 dif-

683 2968 107 29 ference,
802 2969 24 23 in
838 2968 65 24 effect
915 2969 88 30 arising
1023 2973 39 19 out
1074 2970 26 22 of
1110 2969 38 23 the
1161 2970 122 30 peculiari-

691 3003 41 22 ties
745 3002 25 23 of
789 3002 37 23 the
840 3006 50 27 spot
901 3001 77 24 where
990 3002 53 31 they
1054 3002 59 23 have
1130 3003 56 24 been
1207 3004 76 24 estab-

689 3035 83 23 lished.

724 3074 51 24 The
795 3074 99 32 peculiar
913 3073 122 25 difference
1054 3076 24 22 in
1090 3075 39 23 the
1146 3075 54 31 plan
1221 3084 61 24 upon

689 3107 72 24 which
776 3108 38 23 the
835 3108 129 23 settlement
976 3109 24 22 of
1018 3109 59 23 Port
1096 3109 129 24 Nicholson
1237 3118 45 17 was

689 3142 101 23 founded
806 3142 28 28 is,
848 3142 47 23 that
914 3142 39 23 the
965 3142 72 23 whole
1049 3142 26 23 of
1093 3142 38 24 the
1144 3144 103 30 quantity
1259 3147 25 21 of

689 3175 54 23 land
760 3175 84 24 offered
864 3181 21 18 at
903 3175 40 24 the
965 3175 55 24 time
1037 3176 39 23 the
1094 3176 132 24 settlement
1237 3185 45 17 was

690 3209 133 23 announced
830 3229 5 10 ,
846 3210 23 22 in
887 3208 107 29 London,
1016 3217 46 15 was
1082 3210 106 31 required
1212 3216 23 18 to
1253 3212 28 24 be

691 3241 67 26 taken
778 3250 31 23 up
830 3242 75 24 before
925 3243 39 23 the
985 3243 121 31 Company
1124 3243 75 23 would
1219 3252 61 17 com-

689 3283 80 16 mence
792 3276 37 23 the
849 3276 92 31 lottery.
978 3276 50 23 Nor
1047 3276 38 23 did
1098 3276 54 31 they
1166 3284 55 16 even
1234 3278 46 24 dis-

689 3309 68 31 patch
769 3309 59 24 their
840 3311 124 29 surveying
976 3309 60 24 force
1054 3309 59 24 until
1125 3310 51 23 well
1188 3313 92 22 assured

691 3342 47 23 that
750 3342 39 23 the
800 3342 78 31 public
893 3342 46 24 had
951 3342 97 31 pledged
1067 3343 139 24 themselves
1217 3349 23 19 to
1252 3354 28 16 an

689 3375 130 24 immediate
835 3381 110 26 payment
957 3377 24 22 of
996 3377 141 29 £100,000.
1174 3377 25 23 A
1209 3380 72 28 grand

690 3410 110 23 omission
811 3410 24 22 in
856 3410 36 23 the
912 3410 53 31 plan
988 3417 50 16 was
1058 3410 52 24 that
1130 3418 30 16 no
1173 3411 57 24 fund
1246 3413 35 23 for

689 3442 96 32 making
796 3443 67 23 roads
870 3451 45 15 was
925 3443 117 30 provided,
1049 3443 88 32 though
1148 3443 30 24 all
1186 3444 39 24 the
1232 3445 50 25 best

689 3476 75 24 works
786 3483 30 16 on
842 3476 56 24 New
920 3476 105 24 Zealand
1044 3478 120 23 consulted
1190 3483 24 18 at
1233 3479 49 25 that

689 3511 63 27 time,
765 3509 104 24 declared
880 3510 37 23 the
929 3509 118 25 character
1055 3511 26 23 of
1091 3511 38 23 the
1140 3511 55 23 land
1207 3512 23 23 in
1242 3513 39 24 the

689 3543 186 31 neighbourhood
887 3543 25 23 of
927 3543 61 30 good
999 3548 71 26 ports,
1084 3544 118 32 generally
1214 3550 22 20 to
1253 3547 27 24 be

687 3577 88 31 rugged
788 3576 45 23 and
851 3576 94 24 covered
957 3577 54 23 with
1023 3577 80 24 forest.
1139 3577 62 24 How
1216 3579 64 26 those

687 3611 139 30 proceeding
838 3609 53 23 with
911 3609 39 23 the
968 3610 112 24 intention
1098 3610 27 24 of
1143 3612 94 32 settling
1256 3614 23 24 in

688 3644 56 24 such
753 3652 14 15 a
778 3648 94 26 country
884 3651 59 16 were
953 3648 23 18 to
988 3651 54 23 cope
1053 3644 53 23 with
1120 3645 159 33 absenteeism,

688 3678 95 23 without
802 3677 38 23 the
859 3684 76 24 power
956 3677 26 22 of
997 3676 95 31 making
1110 3677 56 24 laws
1186 3684 23 18 to
1228 3688 52 17 cure

689 3712 48 23 that
756 3711 52 29 evil,
826 3719 25 15 or
874 3719 13 15 a
910 3710 55 23 road
985 3710 64 29 fund,
1070 3719 75 15 seems
1166 3719 69 18 never
1258 3719 22 20 to

687 3745 57 24 have
768 3744 123 32 suggested
910 3743 66 23 itself
1005 3749 22 18 to
1051 3752 43 23 any
1115 3752 85 23 person
1226 3754 54 17 con-

689 3779 79 24 nected
781 3778 53 24 with
846 3777 38 24 the
896 3777 122 31 Company
1029 3785 25 15 or
1066 3778 89 30 colony.

722 3812 28 27 Id
764 3812 165 24 consideration
943 3811 24 23 of
983 3810 45 24 this
1040 3810 65 32 large
1122 3819 108 24 payment
1242 3815 37 24 the

687 3847 91 24 settlers
785 3846 25 24 of
818 3845 57 25 Port
880 3844 129 25 Nicholson
1014 3852 58 16 were
1081 3850 24 18 to
1111 3845 58 24 have
1177 3846 44 25 had
1229 3856 50 16 sur-

687 3880 71 31 veyed
770 3885 23 19 at
805 3879 58 24 least
874 3880 112 27 300,000
996 3886 72 21 acres,
1079 3883 41 19 out
1132 3879 26 23 of
1168 3880 77 25 which
1257 3886 22 20 to

686 3914 69 23 make
765 3913 61 24 their
837 3912 109 25 selection
959 3916 22 20 to
989 3920 43 16 one
1044 3912 61 24 third
1114 3912 26 25 of
1150 3912 50 25 that
1207 3922 72 24 quan-

687 3947 49 30 tity.
757 3966 4 3 .
779 3946 39 24 No
836 3946 65 24 effort
919 3945 43 25 has
983 3946 57 24 been
1061 3946 66 24 made
1146 3952 23 18 to
1189 3949 90 31 comply

686 3984 54 24 with
753 3984 45 24 this
816 3985 88 30 portion
917 3984 28 24 of
960 3984 39 24 the
1020 3990 139 25 agreement,
1183 3994 42 16 nor
1241 3995 38 16 are

589 47 98 47 JSiyt
713 49 120 41 Ttftto
860 47 211 42 ZealanD
1098 47 192 47 <&a}tttt
1317 49 91 40 atitt
1433 47 305 45 millingtou
1762 43 256 49 £pcctatot\

130 137 171 25 SHIPPING
318 137 278 25 INTELLIGENCE.

289 188 144 21 ARRIVED.

96 223 62 27 April
172 224 21 23 3,
205 223 103 20 icbooner
324 222 94 24 Aurora,
435 222 26 20 55
481 225 57 21 tons,
557 221 102 26 Higgins,

70 250 55 21 from
136 250 69 21 Kafia.

97 277 60 27 April
174 278 22 22 4,
214 276 47 26 brig
278 276 37 22 Sir
334 276 117 21 Archibald
471 276 112 26 Campbell,
603 276 55 20 from

70 305 90 25 Sydney.

97 332 60 26 April
167 332 21 23 7,
199 331 102 20 schooner
310 331 111 25 Industry,
435 332 35 23 24,
482 330 53 26 Bell,
550 330 55 21 from
618 330 42 21 Kai

70 358 64 21 Kora.

97 386 61 21 Same
166 386 47 26 day,
221 386 47 25 brig
277 386 92 26 Calypso,
383 386 38 21 105
430 388 56 22 tons,
496 384 53 23 Han
553 386 44 24 old,
604 385 55 21 from

68 413 84 27 Sydney
162 414 34 19 via
206 413 118 21 Auckland.

97 441 60 26 April
168 441 21 24 7,
206 441 104 20 schooner
318 441 71 24 Eliza,
408 441 35 25 27,
454 440 129 24 M'Do'nald,
604 440 55 21 from

68 468 92 21 Akaroa.

309 515 117 20 SAILED.

96 550 61 26 April
166 551 22 23 3,
198 550 119 26 brigantine
329 551 80 23 Scotia,
428 550 26 21 68
470 553 57 21 torn,
538 550 93 20 Akaroa.

96 577 60 27 April
165 578 21 24 4,
198 577 117 27 brigantine
333 578 53 20 Star
402 578 27 26 of
441 578 74 24 China,
536 578 48 24 112,
605 577 54 21 Nel-

68 611 38 15 son
117 605 40 19 and
169 605 92 26 Sydney.

98 632 60 27 April
167 633 23 23 4,
200 633 104 20 schooner
326 633 74 24 Ocean,
422 633 25 20 30
468 635 57 22 tons,
543 633 115 26 Ferguson,

66 659 35 21 for
110 659 127 26 Wanganui.

76 704 6 4 .
96 687 61 27 April
172 687 20 22 6.
207 690 137 23 government
358 687 48 27 brig
425 687 103 25 Victoria,
546 688 40 20 200
601 690 57 22 tons,

69 714 110 25 Richards,
190 715 34 20 for
233 715 92 21 Akaroa.

293 764 34 20 IN
342 764 88 21 PORT.

96 798 108 19 Schooner
210 797 77 20 Nelson
296 797 87 26 Packet,
392 798 27 19 20
425 799 58 22 tons,
491 797 61 20 Cole.
581 799 78 24 Agent,

68 825 98 27 Captain.

96 852 108 21 Schooner
215 852 110 21 Susannah
337 853 56 24 Ann,
405 853 34 24 79,
454 852 85 21 Brown.
569 853 90 25 Agents,

68 880 84 21 Samuel
162 881 42 19 and
214 880 89 26 Joseph.

95 908 109 20 Schooner
213 908 82 25 Emma,
308 908 25 19 14
345 910 57 22 tons,
414 908 137 20 Greenwood.
580 907 79 27 Agent,

67 935 82 20 Master

96 962 107 21 Schooner
221 962 146 26 Shphtrdess,
384 963 35 23 32,
430 962 120 20 Anderson.
580 962 78 26 Agent,

67 990 109 20 Schultze.

96 1017 120 25 Brigantine
228 1016 118 26 Vanguard,
355 1016 25 21 61
391 1020 57 21 tons,
457 1016 93 21 Pelford.
564 1016 92 26 Agents,

67 1044 68 21 Waitt
144 1044 42 21 and
195 1044 74 26 Tyser.

134 1102 131 23 NOTICE
278 1102 44 23 TO
339 1102 249 23 SUBSCRIBERS.

66 1157 184 31 Henceforward
260 1157 34 23 all
302 1157 114 31 Agencies
433 1160 24 20 to
469 1157 48 24 this
524 1165 77 23 paper
612 1157 50 24 will

101 1190 25 24 be
136 1189 161 30 discontinued,
310 1190 56 24 with
377 1190 39 23 the
433 1190 117 31 exception
562 1190 31 31 of
605 1190 54 24 Mr.

100 1223 90 24 Elliott
212 1226 26 21 at
259 1223 95 29 Nelson,
377 1223 47 24 and
442 1222 53 25 Mr.
517 1223 99 29 Bcu-ler,
637 1228 24 19 at

99 1257 58 23 Neu>
168 1256 106 24 Zealand
288 1257 88 29 House,
389 1256 81 24 Broad
489 1256 87 29 Street,
597 1257 62 24 Lon-

100 1291 51 23 don.
181 1289 96 24 Parties
287 1290 101 31 residing
398 1290 26 23 in
435 1290 66 23 other
508 1291 80 30 places
600 1294 61 21 must

101 1323 160 25 communicate
287 1324 72 23 direct
380 1323 54 24 icith
461 1331 43 16 our
524 1324 70 30 office,
617 1325 46 23 and

101 1360 58 21 must
167 1364 48 24 pay
220 1356 47 30 for
287 1357 185 24 advertisements
483 1360 25 21 at
520 1357 38 24 the
569 1357 56 24 time
636 1358 28 30 of

100 1390 61 24 their
174 1390 116 29 insertion,
303 1390 45 24 and
351 1390 47 31 for
409 1390 38 24 the
457 1399 74 23 pzper
541 1392 119 30 quarterly

101 1424 24 23 in
136 1424 108 23 advance,

70 1456 146 31 Wellington,
232 1457 101 23 Gazette*
339 1457 77 30 Office,
429 1456 89 25 March
530 1458 41 29 27,
585 1458 75 23 1844.

87 1506 130 24 NOTICE
237 1506 45 24 TO
301 1506 340 24 CORRESPONDENTS.

68 1566 63 19 Press
140 1564 29 25 of
177 1566 82 18 matter
268 1566 90 24 compels
366 1571 26 14 us
402 1567 124 24 topospone,
538 1566 58 20 until
605 1568 53 18 next

96 1592 63 25 week,
172 1592 37 19 the
219 1592 103 21 insertion
331 1593 28 23 of
370 1593 35 20 the
423 1592 57 22 Rev.
499 1593 45 21 Mr.
563 1593 99 21 Macfar-

96 1619 71 22 lane's
178 1621 181 24 communication,
372 1621 80 25 calling
462 1621 107 20 attention
588 1623 21 17 to
626 1622 36 19 the

97 1647 82 25 neglect
194 1647 86 21 evinded
294 1648 28 25 by
339 1648 36 20 the
397 1649 106 24 Company
518 1649 93 20 towards
628 1649 34 20 the

96 1675 78 20 Scotch
185 1675 85 20 Church
278 1675 28 25 of
320 1676 90 24 Welling
413 1677 45 19 tou.

1956 134 48 23 Mr.
2016 134 87 23 Barton
2115 143 6 14 :—:
2124 146 31 5 —

1956 167 80 24 Prizes
2046 167 35 24 for
2086 168 51 23 best
2143 167 98 32 samples
2249 175 12 15 o
2266 167 10 24 f
2281 167 79 29 wheat,
2372 169 44 23 and
2423 169 82 33 barley;

1922 205 101 26 potatoes
2035 201 60 22 from
2108 202 84 22 Scotch
2204 200 63 29 seed,
2288 201 42 23 and
2353 202 36 22 for
2408 207 97 26 potatoes

1923 235 60 20 from
1995 235 77 20 native
2084 234 63 21 seed.

1957 266 62 24 Two
2037 267 68 23 Best
2126 266 104 24 Essays.
2234 280 35 4 —
2270 267 75 23 These
2366 275 78 23 essays
2465 271 44 23 v*\[

1924 300 28 23 be
1963 299 129 32 published,
2106 300 44 23 and
2162 301 44 22 will
2224 308 88 16 answer
2329 300 37 24 for
2385 301 59 24 their
2462 291 46 36 htn

1925 334 86 22 merits.
2455 332 24 24 A

1959 366 96 32 Captain
2068 366 95 24 Rhodes
2172 375 6 15 :—:
2182 379 31 4 —
2458 385 2 6 ,
2471 372 15 24 f

1959 399 74 24 Extra
2055 400 64 31 prize
2140 400 102 23 awarded
2262 400 35 23 for
2317 409 13 14 a
2346 402 50 29 pair
2416 393 93 34 of.i&rt

1925 432 89 23 horses.

1958 466 32 24 A.
2004 466 139 23 Sutherland
2155 466 82 31 gaintd
2251 466 37 23 the
2299 468 63 29 prize
2375 467 35 23 for
2422 470 87 31 rearing

1926 499 37 23 the
1992 504 99 26 greatest
2113 507 40 23 per
2176 504 95 26 centage
2295 500 24 23 of
2345 500 82 24 lambs.
2473 502 36 24 He

1925 534 81 23 reared
2017 534 32 24 97
2063 541 40 21 per
2116 537 59 19 cent.

1960 565 97 25 Messrs.
2078 566 105 24 Bethune
2203 566 45 23 and
2271 565 113 25 Hunter's
2402 567 110 31 shepherd

1926 599 78 24 reared
2016 601 31 22 88
2067 607 40 23 per
2120 604 51 18 cent
2178 608 7 20 ;
2208 599 45 23 and
2272 599 103 31 Meiers
2392 600 120 26 Anderson

1926 632 44 24 and
1988 632 111 29 Rowand,
2113 633 18 23 it
2152 640 44 16 was
2209 633 82 28 stated,
2310 633 77 23 reared
2410 636 45 21 115
2473 643 39 23 per

1926 671 59 18 cent.
2023 666 39 24 All
2074 666 64 23 these
2151 666 69 31 sheep
2233 666 58 23 have
2308 666 58 24 been
2378 669 135 31 necessarily

1926 699 55 31 kept
1993 707 59 24 upon
2061 699 162 24 unfavourable
2235 699 117 24 locations.
2390 699 75 25 When
2477 702 36 24 the

1926 732 134 32 Wairarapa
2076 733 90 23 district
2184 734 20 21 is
2223 733 144 31 depastured,
2392 734 71 23 which
2481 743 32 17 we

1926 766 57 32 hope
1995 767 19 23 is
2027 774 50 16 now
2089 771 23 19 at
2131 766 66 29 hand,
2211 766 65 24 there
2288 768 19 22 is
2319 767 58 23 little
2396 767 69 24 doubt
2476 769 37 24 tbe

1925 800 60 31 yield
1998 800 65 29 from,
2074 800 52 23 well
2136 800 81 23 tended
2229 800 82 29 flocks,
2321 800 45 24 will
2378 806 40 18 not
2429 802 27 23 be
2467 802 46 24 less

1926 842 29 16 on
1966 835 38 23 the
2015 842 96 22 average
2124 834 52 22 than
2192 835 47 23 110
2251 842 42 22 per
2303 838 59 20 cent.

1959 868 59 23 Mrs.
2033 868 80 23 Millar
2125 867 90 23 showed
2229 875 12 15 a
2258 867 70 24 milch
2340 875 47 16 cow
2399 868 26 23 of
2443 868 71 24 which

1926 901 36 23 the
1975 901 86 30 Judges
2074 899 122 32 expressed
2217 908 15 14 a
2242 900 57 30 high
2310 901 93 30 opinion
2411 910 7 19 ;
2438 901 41 24 but
2490 911 24 15 as

1926 933 37 24 the
1975 934 127 30 proprietor
2114 940 44 15 was
2171 937 40 18 not
2223 941 13 14 a
2248 933 137 29 subscriber,
2399 934 38 23 tbe
2455 936 59 23 rules

1927 967 25 22 of
1961 967 38 22 the
2011 967 92 28 Society
2116 965 122 30 prevented
2251 974 28 15 an
2293 971 63 18 extra
2374 967 62 31 prize
2448 968 66 32 being

1927 999 103 24 awarded
2038 1008 6 19 ;
2059 998 44 24 and
2116 1006 28 15 an
2157 998 113 30 honorary
2279 999 61 29 prize
2348 1007 46 16 was
2404 1002 109 24 awarded.

1961 1033 50 23 The
2022 1033 88 30 Judges
2128 1032 130 23 mentioned
2271 1033 52 22 with
2343 1033 146 32 approbation
2501 1045 12 14 a

1928 1066 84 32 sample
2024 1066 24 23 of
2066 1066 60 23 Flax
2145 1066 92 23 dressed
2256 1066 31 31 by
2300 1066 47 24 Mr.
2367 1067 86 24 Read's
2467 1077 46 15 ma-

1928 1100 72 29 chine,
2013 1099 44 24 and
2070 1099 37 23 the
2121 1099 112 31 liberality
2246 1100 24 22 of
2286 1101 30 22 its
2328 1108 75 16 owner
2414 1108 23 16 in
2450 1102 63 23 offer-

1927 1135 39 29 ing
1978 1139 23 18 to
2014 1134 62 30 place
2089 1133 35 23 his
2138 1132 103 24 machine
2255 1138 23 18 at
2289 1134 37 23 the
2336 1133 100 32 disposal
2444 1135 24 23 of
2478 1136 35 24 the

1927 1167 77 30 public
2016 1172 21 18 to
2051 1167 68 23 make
2134 1167 162 30 experiments.

1960 1200 79 24 About
2049 1201 46 22 five
2115 1200 44 23 and
2172 1200 69 30 thirty
2255 1204 36 19 set
2311 1200 65 24 down
2395 1205 23 19 to
2436 1210 13 15 a
2460 1203 53 23 sub-

1928 1234 90 24 stantial
2026 1234 81 23 dinner
2117 1239 23 18 at
2150 1233 46 24 Mr.
2208 1233 101 24 Fuller's
2319 1234 81 24 Hotel.
2432 1235 81 25 Tables

1928 1276 58 15 ware
1997 1268 45 23 laid
2053 1268 36 23 for
2102 1268 69 23 about
2192 1267 63 24 three
2275 1268 65 23 times
2362 1268 38 23 the
2413 1268 99 31 number,

1928 1302 43 23 and
1983 1310 32 14 we
2027 1301 66 31 hope,
2107 1306 55 18 next
2173 1301 102 31 meeting
2285 1301 44 23 will
2342 1301 63 24 show
2418 1302 47 23 that
2477 1303 36 24 the

1929 1335 93 24 number
2034 1335 24 23 of
2073 1343 95 23 persons
2180 1334 83 30 taking
2275 1342 28 15 an
2322 1335 96 23 interest
2435 1336 24 23 in
2478 1336 35 24 the

1928 1369 144 23 Association
2087 1374 22 17 to
2122 1369 55 22 have
2190 1369 89 28 greatly
2289 1369 125 25 increased.

1961 1402 51 24 The
2025 1402 65 23 Hon.
2106 1402 34 23 H.
2154 1402 69 23 Petre
2235 1409 46 16 was
2295 1402 22 23 in
2331 1402 37 23 the
2382 1402 76 30 Chair,
2470 1405 43 23 and

1928 1435 57 24 after
1997 1436 37 22 the
2046 1440 73 18 toasts
2131 1435 65 23 usual
2209 1443 28 15 on
2249 1435 54 23 such
2317 1444 30 16 an,
2355 1437 105 23 occasion
2470 1438 43 23 had

1928 1470 56 23 been
1997 1470 74 30 given,
2084 1470 157 22 conversation
2258 1469 92 24 became
2368 1471 92 29 general
2470 1472 43 23 and

1928 1511 13 16 a
1952 1503 58 31 good
2022 1510 69 23 many
2102 1502 57 24 facts
2176 1503 137 30 interesting
2331 1508 23 18 to
2368 1503 38 23 the
2418 1505 95 29 agricul-

1929 1538 79 22 turists
2020 1537 24 22 of
2055 1536 38 23 the
2114 1536 78 31 colony
2206 1544 59 15 were
2277 1536 101 24 elicited.
2416 1538 43 23 We
2477 1547 36 15 are

1928 1578 54 23 very
1991 1570 52 30 glad
2050 1570 50 23 that
2111 1570 39 23 the
2157 1569 146 24 Association
2316 1570 41 23 has
2368 1570 44 24 had
2423 1579 13 15 a
2446 1578 67 17 meet-

1928 1606 47 29 ing,
1988 1612 25 14 as
2023 1604 61 23 from
2093 1603 61 23 what
2164 1611 33 15 we
2207 1604 129 28 witnessed,
2347 1612 33 15 we
2390 1604 44 24 feel
2445 1606 17 22 it
2470 1606 43 25 will

1928 1639 27 22 be
1966 1637 70 24 found
2053 1637 82 31 highly
2147 1637 75 23 useful
2240 1638 25 22 in
2283 1646 13 14 a
2309 1646 52 22 very
2374 1637 63 24 short
2455 1639 58 29 time,

1928 1672 59 22 from
1999 1671 37 23 the
2048 1676 94 18 amount
2154 1671 24 23 of
2187 1671 106 23 valuable
2306 1672 56 22 facts
2384 1672 17 22 it
2414 1672 44 24 will
2469 1673 44 23 col-

1928 1705 45 22 lect
1984 1706 43 21 and
2040 1712 69 15 cause
2122 1709 21 18 to
2157 1705 26 22 be
2197 1705 116 22 recorded.

1929 1764 154 23 REMARKS
2109 1765 43 21 ON
2177 1765 166 22 CLEARING
2371 1766 87 22 LAND
2482 1766 33 22 IN

2001 1792 64 22 THE
2081 1792 127 22 VALLKY
2223 1792 40 21 OF
2278 1792 65 22 THE
2357 1793 92 21 HUTT.

64 1737 93 51 New
188 1737 216 51 Zealand
435 1737 217 51 Gazette

104 1788 68 22 AND
187 1788 217 23 WELLINGTON
424 1789 193 23 SPECTATOR.

163 1843 157 21 Wednesday,
336 1845 77 19 April
429 1846 32 18 10,
480 1846 60 18 1844.

128 1882 70 23 THE
216 1882 214 23 WAKEFiELD
449 1882 145 23 SYSTEM.

1306 136 63 24 there
1381 144 44 23 any
1435 141 126 27 symptoms
1571 137 26 23 of
1606 136 118 30 intending
1734 141 23 18 to
1766 134 128 25 endeavour

1306 175 23 18 to
1346 170 28 23 do
1396 177 34 16 so.
1466 170 34 25 At
1519 170 39 23 the
1576 170 128 31 expiration
1717 169 25 23 of
1760 168 77 30 nearly
1850 168 44 24 five

1306 210 65 24 years
1391 204 62 22 since
1473 203 37 23 the
1532 203 61 30 price
1606 202 24 24 of
1647 203 39 23 the
1697 202 55 24 land
1772 200 65 25 order
1849 209 46 16 was

1306 236 54 31 paid
1380 242 21 18 to
1421 236 39 23 the
1481 236 126 31 Company,
1628 235 51 24 how
1698 243 68 23 many
1777 235 57 23 have
1853 235 41 23 ob-

1306 269 78 24 tained
1395 269 130 31 possession
1537 269 25 23 of
1572 269 59 23 their
1642 269 61 28 land,
1715 269 45 23 and
1769 268 49 24 how
1827 276 68 23 many

1305 302 60 24 have
1376 303 23 22 in
1408 303 38 22 the
1458 303 121 22 meantime
1591 303 57 22 been
1657 301 90 32 obliged
1757 306 22 19 to
1792 300 103 24 abandon

1306 336 60 23 their
1376 335 108 24 intended
1496 336 90 31 pursuit
1598 336 44 22 and
1654 341 68 17 waste
1739 335 58 23 their
1814 341 79 16 means

1305 369 24 23 in
1347 369 108 27 idleness,
1469 377 25 14 or
1505 368 83 23 betake
1603 368 135 23 themselves
1752 372 22 19 to
1787 375 12 15 a
1811 367 84 31 calling

1306 402 88 31 foreign
1413 407 22 18 to
1460 402 59 23 their
1541 402 134 28 intentions,
1698 402 20 22 is
1742 400 90 32 beyond
1855 408 40 16 our

1306 443 74 22 power
1392 440 22 19 to
1427 440 67 19 state.

1340 468 99 31 Though
1451 468 38 24 the
1501 468 83 31 lottery
1593 473 86 26 Bystem
1691 469 19 22 is
1719 468 80 29 wholly
1808 466 88 31 foreign

1306 502 44 23 anil
1363 501 100 31 opposed
1475 508 21 17 to
1509 502 38 23 the
1559 501 130 24 Wakefield
1707 504 93 28 system,
1814 501 18 22 it
1844 508 52 22 may

1306 536 57 22 have
1374 535 58 23 been
1444 543 121 22 necessary
1577 539 23 19 to
1623 539 58 19 start
1692 534 37 23 the
1742 534 152 23 colonization

1306 569 26 23 of
1348 568 86 24 Cook's
1454 569 85 22 Straits
1550 577 7 20 ;
1580 568 45 23 and
1637 576 33 15 we
1687 567 95 29 believe,
1795 567 44 23 had
1859 567 38 23 the

1306 602 77 24 affairs
1395 602 57 24 been
1465 602 82 30 guided
1559 601 54 23 here
1624 602 30 30 by
1663 602 47 22 Mr.
1719 600 32 24 E.
1766 601 31 23 G.
1809 600 87 23 Wake-

1306 635 61 28 field,
1380 635 29 23 he
1421 635 74 23 would
1507 635 57 23 have
1576 635 84 23 caused
1681 635 35 22 his
1734 639 87 26 system
1834 638 22 18 to
1869 634 28 22 be

1308 669 66 30 fairly
1385 668 83 24 tested.
1511 668 65 23 With
1594 668 36 22 his
1653 667 84 24 mental
1758 666 43 24 and
1820 666 78 31 bodily

1307 703 93 30 activity
1423 701 29 24 he
1475 701 73 24 would
1571 701 59 24 have
1650 701 107 24 obtained
1778 699 119 25 unlimited

1306 743 75 24 power
1394 743 54 15 over
1460 735 38 23 the
1510 734 71 24 chiefs
1594 743 29 15 on
1637 734 37 24 the
1687 739 69 24 coast,
1770 733 44 24 and
1830 739 66 26 espe-

1307 769 66 31 cially
1386 777 54 16 over
1451 768 141 32 Rauparaha
1610 768 44 23 and
1667 768 167 30 Rangihaeata,
1846 767 50 23 who

1306 803 29 23 he
1347 802 74 24 would
1433 802 57 24 have
1508 802 110 23 rendered
1638 806 58 19 most
1708 800 103 25 valuable
1824 809 24 15 as
1860 801 36 23 in-

1307 841 124 18 struments
1442 836 36 23 for
1490 836 117 30 civilizing
1618 835 38 24 the
1668 836 75 23 native
1754 834 141 32 population,

1307 870 44 22 and
1364 870 107 29 securing
1489 870 39 22 the
1546 877 107 22 progress
1672 868 43 24 and
1733 868 128 31 prosperity
1874 868 26 23 of

1308 902 45 23 this
1364 902 138 23 settlement.
1539 902 100 23 Further
1656 901 28 23 he
1697 901 74 23 would
1787 901 57 23 have
1856 908 40 16 ex-

1307 934 86 31 plored,
1406 934 43 23 and
1463 934 86 23 availed
1562 934 93 23 himself
1666 934 25 23 of
1700 934 38 23 the
1748 940 68 24 eager
1824 932 73 24 desire

1308 967 116 31 displayed
1432 967 29 30 by
1472 975 68 22 many
1548 967 73 22 active
1631 966 90 23 minded
1729 967 92 22 settlers
1832 965 64 24 when

1308 1000 53 31 they
1371 1001 50 23 first
1430 1000 92 29 landed,
1537 1005 22 18 to
1567 1000 93 30 explore
1671 1000 37 23 the
1721 1004 102 24 country.
1855 998 42 24 In-

1308 1034 63 24 stead
1377 1033 25 24 of
1407 1034 107 30 allowing
1521 1033 62 23 them
1592 1038 21 18 to
1621 1034 85 22 remain
1715 1033 45 23 idle
1767 1031 43 25 and
1818 1040 80 16 conse-

1308 1067 94 31 quently
1420 1066 145 29 dissatisfied,
1584 1066 30 23 he
1630 1066 74 23 would
1720 1066 57 23 have
1789 1066 109 30 provided

1308 1101 61 23 them
1380 1108 27 16 an
1418 1101 153 30 employment
1579 1100 72 23 which
1661 1100 73 23 would
1745 1100 56 23 have
1813 1099 85 31 proved

1308 1134 90 31 equally
1406 1134 76 23 useful
1490 1139 22 18 to
1522 1134 38 23 the
1572 1134 81 30 colony
1664 1134 44 23 and
1720 1134 37 23 the
1771 1132 125 32 Company.

1309 1167 55 25 Had
1373 1167 45 24 this
1430 1176 80 15 course
1520 1167 60 24 been
1592 1167 108 31 pursued,
1709 1175 32 15 we
1752 1166 82 24 should
1841 1167 57 23 have

1308 1201 141 24 ascertained
1454 1201 89 31 beyond
1550 1209 12 15 a
1568 1201 78 29 doubt,
1653 1201 79 23 within
1738 1209 13 14 a
1756 1200 42 23 few
1807 1200 91 23 months

1308 1235 57 23 after
1385 1242 40 16 our
1445 1235 90 28 arrival,
1557 1235 49 23 that
1623 1239 41 19 not
1681 1235 52 30 only
1744 1233 44 25 had
1806 1240 33 16 we
1860 1234 38 23 the

1308 1268 134 31 Wairarapa
1463 1273 95 26 country
1569 1269 24 23 in
1613 1276 40 15 our
1670 1268 128 23 immediate
1817 1267 81 31 neigh-

1308 1301 66 30 hood,
1386 1303 42 22 bnt
1440 1302 49 23 that
1508 1303 18 22 it
1536 1310 46 15 was
1603 1301 38 24 the
1663 1302 71 23 outlet
1746 1302 25 22 of
1788 1301 110 23 immense

1308 1335 101 32 districts
1422 1336 24 23 of
1463 1336 45 23 fine
1528 1336 63 23 land.
1628 1335 35 24 To
1676 1343 41 16 our
1735 1334 128 31 remaining
1875 1336 23 21 in

1308 1369 122 30 ignorance
1449 1369 25 23 of
1493 1369 48 23 that
1561 1370 46 22 fine
1628 1374 94 26 country
1735 1376 26 16 so
1778 1369 62 29 long,
1853 1368 45 23 will

1308 1407 38 26 yet
1357 1402 28 24 be
1398 1402 76 24 traced
1487 1403 29 22 all
1529 1411 40 15 our
1578 1402 154 30 misfortunes,
1743 1402 44 23 and
1799 1401 38 23 the
1849 1401 49 24 dis-

1309 1437 168 30 appointments
1487 1437 24 22 of
1520 1436 38 23 the
1569 1436 127 31 Company.
1734 1434 56 25 Had
1798 1442 33 16 we
1840 1435 58 23 been

1309 1470 134 31 acquainted
1456 1470 54 23 with
1522 1470 48 23 that
1589 1475 97 25 country
1697 1470 44 23 and
1754 1476 67 23 every
1834 1468 66 23 effort

1318 1503 88 24 used'to
1414 1512 57 22 urge
1483 1512 29 15 on
1524 1503 37 24 the
1569 1512 103 22 surveys,
1682 1503 37 23 the
1728 1503 90 23 settlers
1826 1502 74 31 might

1310 1536 58 24 have
1377 1537 57 23 been
1443 1538 23 22 in
1475 1538 131 30 possession
1614 1538 25 22 of
1644 1537 77 23 choice
1730 1536 74 28 lands,
1811 1535 45 24 and
1862 1536 38 23 the

1309 1578 94 23 surveys
1414 1571 76 23 would
1500 1571 57 22 have
1568 1571 60 22 been
1640 1571 34 22 far
1684 1571 23 22 in
1718 1569 100 24 advance
1826 1569 25 23 of
1860 1569 39 23 th~

1309 1604 97 23 demand
1413 1604 35 23 for
1460 1604 54 23 land
1525 1604 55 31 long
1593 1605 70 27 since,
1674 1603 44 23 and
1729 1608 42 18 not
1781 1602 59 24 until
1851 1602 49 24 that

1309 1637 78 32 period
1393 1638 86 23 arrived
1487 1638 65 23 could
1561 1638 38 23 the
1606 1637 128 24 Wakefield
1742 1640 86 27 system
1837 1644 63 16 come

1308 1672 48 22 into
1369 1672 117 30 operation
1498 1672 75 22 where
1586 1671 39 23 the
1637 1670 131 24 settlement
1783 1669 45 24 had
1848 1670 51 23 first

1308 1705 59 23 been
1380 1705 87 23 formed
1480 1705 30 31 by
1531 1705 92 30 lottery.
1672 1704 55 24 Had
1751 1704 38 23 the
1809 1703 91 24 settlers

1310 1739 56 23 been
1379 1738 93 31 quickly
1486 1738 105 31 supplied
1603 1738 53 23 with
1678 1738 64 23 these
1761 1736 73 29 lands,
1856 1736 44 24 and

1309 1773 66 29 pains
1388 1772 70 23 taken
1471 1777 22 18 to
1508 1773 73 22 arrive
1594 1777 24 18 at
1638 1771 44 23 and
1702 1769 143 33 promulgate
1861 1771 39 22 the

1309 1806 46 22 fact
1366 1811 24 17 at
1401 1805 76 29 home,
1488 1806 49 22 that
1547 1805 63 23 there
1621 1813 46 15 was
1677 1804 132 24 abundance
1819 1804 24 23 of
1852 1804 47 23 fine

1308 1839 54 24 land
1374 1840 23 22 in
1410 1839 38 23 the
1461 1839 186 31 neighbourhood
1661 1839 25 23 of
1696 1839 58 23 Port
1763 1837 135 30 Nicholson,

1309 1877 39 19 out
1360 1873 25 23 of
1400 1873 73 23 which
1490 1873 76 23 future
1587 1872 135 31 purchasers
1745 1870 66 25 could
1831 1871 68 23 make

1309 1907 108 23 selection
1430 1914 29 15 on
1470 1907 89 27 arrival,
1578 1907 39 22 the
1637 1906 129 23 Wakefield
1787 1905 112 31 principle

1310 1940 73 23 would
1396 1940 57 23 have
1473 1940 58 23 been
1549 1940 22 23 in
1593 1940 124 30 operation.
1762 1938 56 24 And
1838 1938 20 23 if
1881 1939 19 22 it

1311 1973 82 23 should
1414 1973 58 23 have
1493 1973 84 31 proved
1597 1973 49 23 that
1668 1973 51 22 land
1737 1972 66 24 could
1821 1977 39 18 not
1871 1972 28 23 be

1308 2007 51 23 sold
1380 2007 23 23 in
1423 2006 110 31 England
1554 2006 95 24 without
1671 2006 38 24 the
1724 2006 49 23 bait
1791 2006 25 22 of
1840 2011 59 17 town

1308 2040 66 23 lands
1394 2041 44 22 and
1458 2040 37 23 the
1517 2040 82 30 lottery
1621 2045 93 25 system,
1728 2040 38 22 the
1780 2038 119 30 Company

1309 2073 81 23 should
1403 2073 57 23 have
1472 2073 42 23 left
1526 2073 38 23 the
1576 2073 48 23 sale
1637 2073 24 23 of
1678 2073 52 23 land
1743 2078 21 17 to
1774 2071 52 24 take
1835 2072 65 30 place

1310 2107 61 27 here,
1382 2107 74 23 where
1469 2107 23 22 in
1512 2107 30 22 all
1563 2106 138 31 probability
1719 2107 19 22 it
1754 2105 74 24 would
1848 2105 52 30 only

1308 2140 58 22 have
1379 2140 56 23 been
1449 2140 127 31 purchased
1590 2140 30 31 by
1632 2141 89 21 settlers
1731 2149 6 19 ;
1758 2138 44 24 and
1825 2139 22 22 in
1862 2138 38 23 the

1309 2173 77 31 sequel
1404 2181 35 16 we
1459 2174 49 23 fear
1527 2174 17 23 it
1564 2173 45 22 will
1632 2173 26 23 be
1681 2173 69 23 found
1763 2173 50 23 that
1826 2173 18 22 if
1861 2172 43 23 the'

1310 2206 127 24 Wakefield
1450 2212 84 26 system
1548 2207 66 23 could
1627 2212 40 18 not
1686 2207 27 23 be
1734 2206 99 30 brought
1853 2206 47 22 into

1310 2241 115 31 operation
1437 2241 19 22 it
1468 2241 73 22 would
1553 2240 58 23 have
1624 2241 56 22 been
1693 2248 65 15 more
1778 2239 122 32 profitable

1311 2279 22 17 to
1345 2274 38 23 the
1396 2274 126 31 Company,
1536 2274 42 23 and
1594 2274 37 23 the
1644 2282 123 15 numerous
1780 2273 121 24 absentees

1309 2307 50 23 who
1371 2307 57 24 have
1447 2308 129 32 purchased
1597 2308 54 23 land
1672 2308 62 23 since
1755 2308 46 22 this
1821 2307 79 22 settle-

1310 2346 62 18 ment
1385 2348 45 16 was
1442 2342 51 22 first
1505 2341 95 28 formed,
1625 2341 33 23 for
1678 2341 37 23 the
1735 2341 119 30 Company
1878 2345 22 18 to

1310 2375 56 23 have
1379 2375 81 23 wound
1473 2383 29 23 up
1515 2376 28 22 its
1557 2375 77 23 affairs
1647 2375 44 23 and
1705 2375 65 23 made
1781 2380 70 18 terms
1865 2373 36 24 for

1310 2408 37 23 the
1357 2408 51 23 first
1420 2408 91 23 settlers
1524 2408 52 23 with
1591 2409 37 22 the
1640 2408 104 23 Colonial
1755 2408 84 23 Office.

1327 2460 286 24 AGRICULTURAL
1638 2460 243 24 ASSOCIATION.
