2569 4069
1948 3520 39 17 The
1998 3520 51 18 New
2059 3517 100 22 2ealahd
2170 3523 92 17 Gazette
2269 3523 38 17 and
2319 3523 134 18 Weujvotox
2466 3524 55 17 Spec-

1926 3546 66 12 tator
1996 3542 17 16 is
2019 3542 100 21 published
2124 3548 56 17 every
2186 3544 115 22 Wednesday
2311 3545 38 17 and
2359 3546 94 21 Saturday.
2476 3545 44 17 Sub-

1924 3563 64 21 joined
1994 3567 31 13 are
2032 3563 33 17 the
2072 3565 65 17 terms;
2138 3573 24 4 —

1949 3594 64 18 Pricz
2019 3598 25 14 of
2050 3598 43 14 the
2099 3594 98 20 PaJpeb,—
2198 3594 55 22 Forty
2257 3596 88 23 shillings
2350 3601 33 17 per
2392 3601 77 16 annum,
2479 3600 42 18 pay*

1927 3616 40 17 able
1972 3615 23 18 in
2000 3616 92 21 advance;
2103 3621 21 12 or
2130 3617 87 21 sixpence
2223 3618 29 17 for
2256 3617 63 22 tingle
2329 3619 93 16 numbers.

1949 3644 31 17 All
1985 3644 68 20 orders,
2065 3645 160 20 advertisements,
2235 3646 38 17 and
2283 3646 165 18 communications
2459 3649 20 14 to
2489 3646 30 17 th«

1928 3665 70 20 Editor,
2003 3670 32 13 are
2041 3665 99 22 requested
2145 3668 21 15 to
2172 3667 22 17 be
2200 3667 100 17 addressed
2306 3668 20 16 to
2332 3667 39 17 thic
2376 3668 63 17 Office.

1950 3694 158 17 Advertisements
2113 3694 40 17 will
2159 3696 33 15 not
2197 3699 67 18 appear
2272 3695 22 17 In
2305 3696 33 17 the
2347 3695 80 22 ensuing
2437 3696 77 17 number

1927 3714 19 18 if
1953 3715 84 17 received
2042 3715 49 17 later
2096 3715 45 17 than
2154 3717 20 15 10
2181 3715 73 19 o'clock,
2261 3720 52 16 a.m.»
2319 3721 24 13 on
2350 3717 32 17 the
2388 3717 94 20 mornings
2489 3716 31 16 be*

1927 3736 39 17 fore
1979 3736 121 21 publication.
2121 3737 160 18 Advertisements
2294 3737 40 18 will
2342 3738 24 17 be
2377 3737 99 18 continued
2483 3736 34 17 and

1927 3757 79 20 oharged
2016 3757 52 17 until
2075 3758 169 20 counter-ordered;
2254 3758 48 18 suoh
2308 3758 54 18 order
2367 3760 51 16 must
2423 3760 23 16 be
2452 3758 42 18 cent
2500 3758 18 16 to

1928 3778 31 17 th»
1969 3779 55 17 Office
2036 3780 38 15 two
2093 3779 44 21 days
2155 3779 62 17 before
2226 3780 121 21 publication,
2358 3780 37 17 and
2404 3781 52 16 must
2465 3780 22 16 be
2497 3779 19 16 in

1929 3799 78 22 writing.
2030 3799 160 18 Advertisements
2202 3800 84 17 received
2305 3800 53 23 after
2375 3802 21 16 10
2411 3800 69 17 o'clock
2494 3803 23 13 on

1928 3820 85 22 Tuesday
2024 3821 39 16 and
2072 3821 67 21 Friday
2149 3821 96 22 mornings
2254 3821 40 18 will
2304 3823 23 16 ba
2338 3821 78 22 charged
2426 3821 53 17 twice
2487 3821 31 16 th*

1929 3841 54 18 usual
1988 3843 55 16 rates.

2078 3917 77 17 Printed
2168 3916 36 18 and
2218 3917 99 21 published
2333 3920 55 18 every
2404 3913 114 21 Wednesday

1919 3934 2 19 S
1950 3938 91 21 morning,
2054 3938 25 20 by
2098 3938 86 20 Sakvxl
2197 3938 90 19 Riva*»,
2305 3939 20 16 at
2338 3937 34 18 the
2386 3936 56 18 Office
2455 3936 24 17 of
2489 3936 31 15 the

1950 3958 50 18 NfiW
2013 3958 29 17 Zb
2044 3962 69 14 ALAND
2116 3958 102 18 MxAXETTB
2228 3963 42 13 AND
2283 3958 138 18 WKILIHOTOW
2437 3957 83 17 SMSfcTA-

1950 3984 44 14 xok,
2005 3979 159 23 Manam-itrett,
2173 3979 117 23 Wellington,
2303 3979 44 20 Pott
2360 3979 106 20 Nlcholiou,
2477 3976 43 19 Ntir

1919 4010 2 9 i
1950 4001 87 18 Zudno.
2045 4009 3 3 ■

95 800 49 24 The
156 801 117 31 following
282 803 20 22 is
314 810 14 16 a
339 802 51 24 hint
403 802 49 24 well
463 803 88 31 worthy
564 803 38 24 the
614 809 36 19 at-

60 834 86 23 tention
158 834 25 24 of
194 834 38 24 the
242 836 96 23 colonist
348 836 26 23 of
383 836 56 23 New
451 836 110 25 Zealand.
598 837 52 24 Our

61 867 98 31 whaling
177 876 53 23 may
242 874 38 24 yet
301 869 30 24 all
348 869 28 24 be
396 870 58 23 done
470 870 86 28 inland,
578 875 23 19 at
622 879 28 16 no

61 900 87 24 distant
158 901 52 23 date
221 910 6 14 :—:
229 914 34 4 —

123 934 52 23 Use
189 942 32 15 of
235 935 68 24 Pigs.
306 947 33 5 —
340 935 99 24 Extract
446 936 26 23 of
480 943 14 15 a
505 936 68 23 letter
584 936 66 24 dated

60 966 140 28 Cincinnati,
214 966 69 30 Ohio^
293 966 102 31 (United
407 968 76 24 States
496 969 26 23 of
529 969 121 32 America)

61 1000 57 30 May
132 1001 39 28 16,
193 1000 64 24 1843
267 1010 5 13 :
275 1013 30 4 —
309 1003 6 9 '
326 1001 51 23 The
396 1001 76 24 notice
491 1010 46 22 you
558 1003 93 23 remark

60 1033 84 31 having
155 1041 53 16 seen
222 1034 53 23 with
287 1034 82 31 regard
381 1039 23 19 to
416 1034 39 24 the
465 1035 185 25 transformation

60 1067 25 23 of
95 1065 37 24 the
144 1066 70 24 whole
222 1067 46 31 hog
276 1068 49 23 into
337 1067 56 30 lard,
404 1066 66 32 (with
483 1069 38 23 the
530 1070 120 30 exception

59 1100 26 23 of
94 1100 38 23 the
144 1099 86 32 haras,)
243 1101 19 22 is
275 1101 109 30 perfectly
397 1107 48 19 true
455 1111 6 19 ;
476 1102 38 24 the
527 1110 123 25 consump-

58 1133 48 23 tion
118 1133 45 23 and
181 1140 141 25 consequent
333 1135 97 24 demand
441 1135 35 24 for
494 1137 50 23 lard
563 1137 21 23 is
590 1138 60 30 'very

59 1171 71 25 great,
144 1167 44 23 and
198 1175 64 16 more
273 1175 83 23 money
368 1169 20 22 is
401 1168 97 26 realized
516 1170 30 31 by
557 1171 94 31 turning

60 1200 38 23 the
117 1200 46 31 hog
175 1201 48 23 into
245 1201 56 29 that,
313 1201 57 24 than
382 1203 47 22 into
447 1203 61 31 pork
525 1211 27 17 or
569 1204 80 24 bacon.

62 1233 51 24 The
125 1241 93 24 process
240 1235 19 22 is
272 1239 23 19 to
308 1236 81 22 render
407 1235 31 24 all
450 1236 37 24 the
500 1236 58 25 flesh
577 1239 24 22 in
613 1237 37 24 the

59 1267 73 24 usual'
138 1275 104 21 manner,
252 1269 44 22 and
308 1269 54 23 then
373 1276 96 24 squeeze
481 1270 39 23 the
528 1278 60 17 mass
602 1271 50 24 that

60 1302 98 22 remains
176 1302 25 22 in
222 1309 14 15 a
255 1309 73 24 press,
342 1302 48 24 like
402 1303 80 23 cheese
490 1312 6 21 ;
516 1304 39 24 the
565 1304 84 30 refuse,

60 1333 71 25 called
144 1334 29 24 oil
193 1335 65 28 cake,
271 1337 20 21 is
379 1336 49 25 sold
445 1336 63 30 here,
521 1345 25 16 or
565 1343 52 19 sent
628 1344 22 18 to

59 1368 39 23 the
111 1368 75 29 south,
199 1368 46 24 and
256 1368 37 24 fed
311 1374 23 18 to
348 1370 75 28 cattle,
436 1370 50 24 who
499 1371 71 24 fatten
583 1380 29 16 on
624 1373 26 28 it,

59 1401 45 23 and
116 1401 71 24 hence
199 1401 97 32 perhaps
309 1403 38 23 the
363 1403 73 31 origin
450 1404 25 23 of
490 1404 39 24 the
541 1410 62 27 story
616 1411 34 18 at-

60 1434 100 24 tributed
172 1440 23 19 to
208 1436 48 23 Mr.
270 1436 105 29 Everett,
386 1438 22 22 iv
421 1437 117 32 England,
553 1439 49 23 that
613 1439 39 23 the

60 1468 137 24 Americans
219 1469 84 31 having
321 1478 31 15 no
368 1478 49 23 way
428 1471 26 24 of
468 1472 90 31 getting
577 1473 33 23 rid
629 1473 24 23 of

60 1502 59 23 their
128 1502 81 29 bacon,
215 1502 53 24 Teed
278 1504 68 23 cattle
355 1511 61 24 upon
429 1505 26 23 it.
479 1505 52 23 The
542 1514 108 24 prepara-

59 1535 48 23 tion
120 1535 26 24 of
163 1535 30 24 oil
205 1536 59 24 from
283 1537 49 24 lard
344 1538 20 23 is
376 1545 14 16 a
409 1544 66 25 great
486 1539 45 24 and
549 1541 103 30 growing

59 1568 166 30 manufacture,
241 1570 72 24 which
331 1571 90 31 greatly
432 1573 98 23 assisted
547 1573 44 23 last
609 1582 41 16 au-

60 1606 64 19 tumn
137 1603 24 22 in
179 1603 130 31 sustaining
328 1605 39 23 the
379 1606 61 29 price
453 1605 24 24 of
493 1606 66 32 hogs,
577 1607 74 24 which

59 1635 73 23 would
142 1636 120 24 otherwise
271 1637 57 23 have
341 1638 57 24 been
408 1638 49 24 sold
470 1645 24 18 at
503 1640 67 24 much
582 1641 68 23 lower

59 1669 73 31 prices
151 1669 55 24 than
227 1669 53 32 they
292 1678 66 17 were.
394 1671 40 25 All
455 1672 58 32 fatty
530 1678 82 20 matter
631 1675 19 22 is

60 1703 122 31 composed
200 1703 82 31 chiefly
295 1705 25 23 of
337 1709 43 19 two
393 1705 106 30 element,
516 1707 73 25 oleine
608 1708 43 24 and

61 1738 97 21 stearine
167 1745 7 20 ;
188 1736 64 25 these
266 1745 36 16 are
316 1739 117 31 separated
447 1740 29 30 by
484 1740 112 25 chemical
607 1742 43 24 and

59 1769 141 24 mechanical
219 1772 137 29 operations,
370 1772 42 24 and
424 1773 51 23 first
495 1773 105 25 becomes
613 1775 37 29 oil,

60 1803 45 23 and
116 1803 68 24 latter
196 1805 74 23 tallow
281 1814 6 19 ;
311 1805 64 24 these
388 1807 128 30 operations
529 1808 56 24 have
597 1809 55 31 Jong

59 1836 59 24 been
138 1838 100 23 familiar
259 1843 22 19 to
300 1839 39 23 the
360 1839 90 24 French
472 1841 116 30 chemists,
607 1843 44 23 and

60 1871 68 23 much
140 1871 25 23 of
183 1879 42 16 our
237 1872 48 23 lard
297 1872 42 23 has
349 1881 59 23 gone
422 1878 21 19 to
456 1873 97 31 France,
567 1876 44 23 and
622 1885 29 15 no

60 1904 71 28 douljt
142 1912 33 16 we
188 1904 57 24 have
259 1905 43 24 had
315 1906 68 24 much
395 1907 26 23 of
439 1907 30 24 its
481 1909 108 30 products
602 1915 50 18 sent

60 1937 60 24 back
132 1943 22 18 to
173 1946 34 20 us,
222 1939 44 23 and
278 1944 64 19 eaten
362 1941 24 22 in
398 1940 38 25 the
447 1941 59 24 form
523 1943 46 23 and
581 1944 71 24 under

61 1971 39 23 the
111 1979 68 16 name
191 1973 25 22 of
233 1972 59 24 olive
304 1973 39 23 oil.
380 1973 43 25 We
441 1974 58 24 have
516 1983 51 16 now
579 1977 37 23 six
627 1986 25 15 or

60 2012 68 17 seven
137 2006 26 23 of
172 2005 65 24 these
249 2006 185 25 establishments
447 2009 23 23 in
483 2009 46 24 this
541 2010 54 31 city,
608 2011 43 23 and

60 2045 64 17 some
145 2039 26 22 of
186 2039 62 23 them
268 2041 157 23 manufacture
438 2049 55 23 very
509 2043 46 23 fine
575 2044 39 28 oil,
626 2045 26 22 fit

59 2071 36 24 for
113 2071 29 24 all
163 2071 37 24 the
218 2080 112 24 purposes
342 2074 26 23 of
383 2079 69 20 sweet
470 2075 38 29 oil,
522 2084 24 15 as
558 2077 51 23 well
627 2085 25 15 as

59 2106 131 31 machinery
203 2114 27 15 as
241 2106 35 24 for
287 2106 101 33 lighting
395 2116 5 20 ;
420 2109 35 23 for
467 2109 38 23 the
517 2109 68 25 latter
596 2118 54 24 pur-

60 2146 55 22 pose
125 2139 18 24 it
152 2139 42 24 has
202 2139 83 25 almost
292 2141 137 31 superseded
438 2142 71 24 whale
519 2144 44 22 and
575 2152 75 23 sperm

62 2172 37 28 oil,
113 2172 43 24 and
168 2173 42 23 has
229 2173 96 25 lowered
349 2175 38 23 the
397 2175 63 31 price
471 2175 61 25 from
554 2179 11 22 1
579 2178 73 23 dollar

63 2207 31 24 75
108 2211 63 19 cents
191 2215 43 23 per
244 2208 77 30 gallon
341 2213 22 18 to
378 2211 11 22 1
403 2208 73 25 dollar
487 2212 32 22 25
532 2216 64 19 cents
608 2212 44 23 and

64 2241 12 22 1
91 2239 79 25 dollar.
208 2240 51 25 The
280 2241 51 24 lard
342 2243 31 23 oil
389 2243 20 23 is
422 2243 50 23 sold
489 2243 31 31 by
532 2244 120 25 wholesale

62 2278 23 18 at
95 2274 32 23 65
141 2278 21 19 to
176 2274 33 26 70
222 2280 63 19 cents
304 2283 40 24 per
356 2276 84 31 gallon,
454 2277 43 23 and
510 2278 29 30 by
552 2278 66 24 retail
629 2283 23 19 at

62 2307 32 25 75
108 2312 71 19 cents.
216 2307 14 25 I
242 2316 40 17 use
299 2311 19 21 it
330 2317 23 16 in
371 2318 38 23 my
422 2310 71 25 house
511 2319 51 16 now
572 2313 80 23 exclu-

61 2341 79 31 sively,
159 2341 45 24 and
222 2342 39 24 the
276 2342 94 25 females
388 2344 48 24 like
454 2344 19 23 it
490 2346 68 22 much
578 2346 74 24 better

61 2375 55 24 than
128 2383 86 24 sperm,
227 2383 25 16 as
264 2377 17 23 it
298 2377 43 23 has
353 2385 29 17 no
393 2377 75 24 smell.
506 2378 12 23 I
532 2379 84 24 belitve
628 2380 24 23 in

61 2409 46 24 this
120 2414 88 19 contest
226 2408 38 25 the
282 2409 46 32 hog
339 2410 45 24 will
395 2419 101 23 conquer
516 2412 39 23 the
571 2412 79 30 whale,

63 2443 45 23 and
119 2442 49 24 that
179 2443 19 23 it
210 2442 45 24 will
266 2443 57 24 have
334 2452 14 15 a
358 2449 64 25 great
435 2445 44 23 and
489 2446 88 23 serious
588 2446 65 25 effect

62 2484 61 23 upon
145 2476 38 24 the
204 2476 71 24 whale
292 2477 104 24 fisheries
414 2482 24 19 to
449 2478 60 24 their
529 2480 122 31 prejudice,

61 2510 67 24 while
139 2510 19 23 it
169 2510 46 23 will
236 2509 56 25 have
309 2520 14 14 a
342 2512 180 31 corresponding
538 2514 58 30 good
610 2522 42 15 one

61 2551 60 24 upon
134 2542 30 25 all
175 2543 38 24 the
222 2544 107 24 Western
339 2545 84 29 States,
438 2545 49 24 who
497 2554 38 15 are
548 2547 103 31 engaged

61 2579 24 21 in
99 2577 37 24 the
148 2579 150 30 propagation
308 2579 26 22 of
343 2579 78 24 swine.
458 2579 52 24 The
522 2580 57 26 New
589 2581 63 24 Bed-

60 2610 41 24 fed
111 2611 81 31 people
204 2612 60 22 can't
275 2612 54 23 bear
341 2612 38 23 the
390 2612 64 32 sight
464 2614 26 22 of
499 2621 14 15 a
523 2613 63 32 hog.'

97 2644 72 24 Hogs
182 2652 55 17 and
250 2645 90 24 Sperm
351 2646 131 25 Candles.
483 2659 35 4 —
520 2654 50 17 the
584 2656 69 17 pork

63 2685 86 17 tkade
170 2686 31 16 of
221 2686 175 18 cincinnatti.
400 2692 33 5 —
435 2680 52 24 The
503 2682 91 31 printed
614 2690 40 16 ac-

64 2717 68 18 count
145 2712 25 25 of
189 2711 38 25 the
238 2713 113 31 proposed
368 2713 139 25 Australian
524 2714 92 32 Society
628 2715 30 31 of

62 2745 151 31 Agriculture
232 2746 45 23 and
295 2746 68 29 Arts,
384 2748 88 23 notices
490 2748 39 24 the
551 2749 103 30 singular

63 2780 133 22 conversion
209 2780 25 23 of
242 2779 46 31 hog
296 2781 34 22 fat
341 2781 47 23 into
400 2782 144 30 spermaceti,
557 2782 31 31 by
595 2782 59 25 boil-

62 2813 42 29 ing
114 2813 54 23 with
180 2812 63 29 lime,
257 2814 45 22 and
313 2813 131 25 afterwards
455 2815 99 32 treating
564 2815 31 32 by
605 2816 49 24 sul-

63 2845 82 31 phuric
153 2846 50 23 acid
214 2846 38 23 the
261 2854 154 24 saponaceous
422 2855 63 16 mass
492 2848 54 25 thus
555 2848 98 25 formed.

64 2878 24 24 It
105 2887 62 22 may,
179 2878 121 30 therefore,
312 2885 41 18 not
372 2880 28 24 be
412 2882 71 22 amiss
495 2886 23 18 to
530 2882 83 32 supply
624 2890 30 16 an

64 2918 97 17 account
172 2913 27 22 of
214 2913 38 23 the
271 2914 116 23 extensive
407 2913 61 32 pork
488 2915 63 24 trade
570 2916 28 23 of
616 2916 38 24 the

65 2946 88 23 United
167 2946 77 23 States
253 2955 6 14 :
261 2958 33 5 —

97 2980 97 30 Twenty
207 2988 65 22 years
289 2979 71 29 since,
372 2987 33 16 we
417 2988 38 16 are
473 2981 55 29 told,
541 2982 19 23 it
570 2990 47 16 was
628 2991 25 16 so

62 3014 157 31 insignificant
240 3013 48 23 that
306 3021 31 15 no
350 3021 42 17 one
410 3014 72 24 house
494 3022 45 16 was
551 3017 103 30 engaged

62 3049 23 22 in
94 3048 17 23 it
122 3047 147 31 exclusively,
278 3047 45 23 and
332 3047 38 23 the
378 3047 70 24 whole
457 3049 96 24 number
560 3050 25 23 of
594 3050 59 31 hogs

63 3081 54 24 then
128 3085 40 19 cut
179 3081 24 23 in
215 3088 43 16 one
267 3087 82 17 season
360 3080 38 24 did
407 3086 40 18 not
456 3082 85 24 exceed
552 3084 99 28 10,000.

62 3115 35 24 At
108 3115 49 24 that
168 3114 80 32 period
259 3113 38 25 the
309 3114 59 32 hogs
380 3122 58 16 were
450 3114 73 25 killed
534 3115 38 32 (as
583 3117 69 24 isola-

62 3148 38 24 ted
112 3149 96 24 farmers
221 3156 50 16 now
281 3148 45 24 kill
338 3148 66 24 them'
412 3148 24 24 in
448 3147 38 25 the
496 3149 107 32 country)
614 3156 40 19 out

64 3182 25 23 of
98 3183 76 28 doors,
188 3181 44 25 and
254 3182 52 23 then
325 3181 66 32 hung
401 3189 62 24 upon
475 3189 14 16 a
505 3183 60 31 pole.
602 3184 51 24 The

63 3216 109 24 butchers
185 3216 98 31 charged
295 3216 39 23 the
346 3216 84 23 farmer
448 3214 49 33 12^
510 3221 22 19 to
545 3219 33 21 20
589 3222 63 20 cents

62 3257 40 24 per
113 3250 57 23 head
183 3250 36 23 for
237 3250 84 30 killing
333 3249 70 29 them,
415 3249 45 24 and
478 3250 38 23 the
528 3250 54 24 offal
592 3259 25 15 as
629 3256 24 19 at

62 3289 99 27 present.
210 3283 70 25 From
294 3283 46 24 this
353 3283 156 32 insignificant
527 3283 128 33 beginning,

62 3318 39 23 the
111 3318 108 23 business
229 3317 42 24 has
280 3317 119 24 increased
410 3325 26 16 so
446 3316 50 24 that
507 3317 38 24 the
557 3318 95 24 number

63 3351 26 24 of
97 3351 65 31 .hogs
182 3351 72 24 killed
266 3351 45 23 this
331 3358 55 23 year
398 3350 45 26 will
463 3350 111 31 probably
585 3351 67 24 reach

63 3387 118 27 250,000,
190 3385 45 23 and
246 3384 37 24 the
293 3384 107 24 butchers
412 3391 51 17 now
470 3384 129 32 frequently
608 3393 44 24 pay

64 3421 32 22 10
108 3424 22 18 to
142 3420 32 22 25
188 3423 63 19 cents
262 3418 113 31 premium
385 3426 42 24 per
438 3417 58 25 head
508 3418 36 24 for
555 3419 38 23 the
598 3419 53 31 pri-

61 3451 74 32 vilege
146 3451 25 24 of
181 3450 83 32 killing
275 3451 71 24 them.
381 3452 56 23 And
448 3452 90 23 instead
550 3452 25 23 of
584 3460 14 15 a
609 3453 41 24 few

62 3485 84 24 houses
158 3484 146 31 incidentally
318 3485 102 31 engaged
431 3486 25 23 in
466 3485 40 24 the
519 3486 107 24 business
638 3495 14 15 a

62 3523 52 28 part
125 3518 27 23 of
167 3517 39 24 the
224 3525 61 23 year,
306 3518 64 24 there
388 3526 38 17 are
446 3526 51 17 now
518 3521 134 30 twenty-six

61 3551 158 34 pork-houses
240 3551 137 32 exclusively
398 3552 102 32 engaged
518 3553 24 24 in
561 3555 26 28 it,
607 3554 45 25 and

62 3585 80 25 which'
149 3592 42 17 use
211 3593 13 14 a
235 3584 82 31 capital
329 3585 24 23 of
369 3586 79 31 nearly
460 3591 43 19 two
515 3586 101 25 millions
629 3588 25 24 of

63 3619 93 30 dollars,
168 3617 75 25 which
261 3617 31 31 by
303 3617 39 24 the
360 3625 57 24 way,
428 3619 43 24 has
490 3619 59 25 been
567 3621 85 32 mostly

61 3654 88 31 foreign
163 3652 47 25 this
227 3659 89 21 season,
328 3652 77 31 owing
424 3657 22 19 to
459 3652 37 27 the
508 3653 109 25 disasters
628 3655 27 24 of

61 3688 38 23 the
112 3687 44 23 last
167 3686 66 24 three
243 3692 76 24 years.

97 3721 51 24 The
160 3719 90 24 district
262 3718 26 24 of
296 3722 95 27 country
398 3718 24 23 in
435 3718 38 24 the
482 3719 67 25 West
555 3722 96 24 devoted

64 3761 23 17 to
99 3755 38 23 the
149 3754 87 30 raising
247 3752 26 25 of
287 3751 61 33 pork
360 3759 24 15 as
401 3758 29 17 an
448 3753 80 24 article
548 3755 26 23 of
588 3763 62 16 com-

65 3796 83 21 merce,
171 3786 109 25 includes.
297 3785 71 29 Ohio,
391 3784 134 33 Kentucky,
545 3786 105 32 Indiana,

64 3821 99 30 Illinois,
176 3821 121 28 Missouri,
311 3819 70 29 lowa,
394 3818 44 24 and
450 3826 14 16 a
475 3824 51 26 part
546 3821 26 23 of
587 3821 64 24 Ten-

62 3863 84 21 nesse;
159 3855 42 23 but
213 3854 39 24 the
259 3853 62 27 .bulk
335 3852 23 25 of
375 3852 40 25 the
426 3852 106 24 business
552 3854 22 23 is
593 3854 58 25 done

62 3889 80 24 within
154 3897 14 15 a
180 3888 68 24 circle
261 3887 25 24 of
294 3889 52 22 300
357 3887 67 24 miles
436 3886 23 24 in
468 3885 116 31 diameter,
596 3889 56 22 with

62 3922 132 24 Cincinnati
205 3929 26 16 as
241 3922 32 23 its
285 3925 84 25 centre,
381 3919 120 31 including
520 3919 39 25 the
578 3922 73 23 conti-

61 3964 75 23 guous
146 3960 66 28 parts
223 3955 27 23 of
259 3954 71 29 Ohio,
341 3953 135 32 Kentucky,
489 3953 45 24 and
543 3953 107 26 Indiana.

62 3989 72 33 Hogs
144 3997 47 21 are,
203 3988 113 30 however,
328 3986 131 33 frequently
471 3987 79 25 driven
562 3992 24 20 to
604 3988 46 25 this

678 124 92 24 market
791 124 59 25 from
869 133 14 15 a
903 125 102 24 distance
1023 126 26 23 of
1072 128 51 22 200
1142 126 75 29 miles,
1237 134 33 21 as,

678 157 205 32 notwithstanding
894 158 63 31 large
969 158 110 24 numbers
1100 167 39 16 are
1157 158 73 25 killed
1247 164 24 19 at

678 191 93 24 various
783 192 76 31 places
870 192 26 23 in
906 191 103 24 Wabash
1017 192 46 23 and
1073 192 84 24 Miami
1163 192 107 32 Valleys,

678 228 25 20 at
715 224 116 30 Madison,
842 224 34 29 la,
887 225 161 28 Portsmouth,
1058 225 147 29 Chillicothe,
1216 226 54 29 &c,

678 257 47 24 this
737 258 106 23 business
854 258 48 23 will
914 262 145 19 concentrate
1079 259 25 23 in
1123 258 38 24 the
1184 259 87 30 largest

679 291 74 28 cities,
766 291 75 23 where
853 291 89 28 labour,
955 291 52 30 salt,
1024 291 98 29 barrels,
1143 291 45 24 and
1207 293 64 22 other

679 324 107 23 facilities
797 332 39 15 are
847 324 116 31 naturally
974 329 62 19 most
1046 324 127 24 abundant.
1215 324 30 24 In
1257 333 14 15 a

679 357 112 31 populous
814 358 53 30 city,
891 357 57 30 also,
972 357 39 24 the
1029 357 89 30 steaks,
1130 359 138 31 spare-ribs,

680 390 53 29 &c,
746 395 40 20 not
797 390 57 24 used
864 391 26 23 in
901 390 109 32 packing,
1023 398 45 17 can
1080 391 84 31 always
1174 391 30 24 be
1222 392 47 23 dis-

678 423 71 32 posed
760 423 36 25 for
807 424 63 29 cash,
882 423 97 25 without
990 424 47 24 loss
1046 433 7 20 ;
1067 424 47 24 and
1124 425 24 23 in
1159 424 48 25 this
1216 426 53 30 city,

679 457 57 28 also,
749 456 23 27 if.
785 457 121 31 anywhere
927 458 24 23 in
974 456 38 25 the
1036 462 65 25 west,
1123 458 72 24 active
1216 458 54 24 cash

679 491 84 29 capital
774 491 20 23 is
805 491 85 29 always
901 490 81 24 found.

713 522 31 25 In
756 524 39 23 the
807 524 70 23 above
890 523 90 24 district
999 524 38 24 the
1056 524 99 24 number
1172 524 26 25 of
1212 524 58 31 hogs

678 557 113 32 prepared
802 556 36 24 for
848 555 93 25 market
952 557 47 24 this
1010 565 84 16 season
1104 557 47 25 will
1171 562 41 20 not
1230 557 41 25 fall

680 590 64 24 short
756 591 25 24 of
796 592 110 27 500,000
927 589 56 32 (and
996 590 46 25 this
1063 592 21 22 is
1101 596 42 19 not
1160 599 14 16 a
1196 592 75 31 larger

679 623 97 25 number
788 623 55 25 than
856 623 87 32 usual,)
962 624 90 24 besides
1065 624 39 24 the
1115 629 50 19 vast
1177 630 94 19 amount

679 657 106 24 detained
793 657 37 24 for
840 656 111 25 domestic
969 659 168 30 consumption.
1175 658 35 24 Of
1225 658 46 24 this

680 691 96 23 number
800 692 110 27 250,000
934 698 39 16 are
993 691 112 32 probably
1127 690 90 32 packed
1249 693 22 23 in

681 724 140 29 Cincinnati,
834 726 109 27 150,000
955 732 62 16 more
1030 724 48 24 will
1086 724 111 32 probably
1208 732 63 17 come

680 757 53 25 here
744 757 37 25 for
792 766 14 15 a
815 757 91 25 market
918 766 25 16 or
950 757 149 33 reshipment,
1109 759 44 23 and
1164 759 107 28 100,000

680 799 63 16 more
766 799 53 23 may
835 792 28 23 be
882 796 37 19 set
937 791 66 24 down
1021 799 26 16 as
1066 791 40 24 the
1118 792 106 24 estimate
1235 792 36 24 for

680 824 65 24 those
758 825 49 24 that
818 824 46 24 will
875 825 31 23 be
926 825 95 31 shipped
1041 825 37 23 for
1095 825 92 24 various
1207 826 64 24 other

680 863 73 19 towns
765 867 28 15 on
803 858 38 24 the
852 858 70 30 river,
934 858 96 24 without
1035 858 72 32 being
1116 858 84 24 landed
1209 858 61 25 here.

680 891 36 23 Of
731 892 39 23 the
781 891 71 24 above
863 891 100 24 number
981 891 94 29 75,000
1093 898 39 16 are
1153 892 77 23 raised
1247 892 24 23 in

680 924 38 23 the
730 924 103 23 Wabash
844 924 86 29 Valley
941 924 74 23 alone.

714 964 53 22 Our
774 962 58 31 hogs
839 970 37 15 are
885 961 41 24 fed
934 969 29 16 on
969 969 55 16 corn
1033 961 150 31 exclusively.
1205 963 67 31 They

679 1003 38 15 are
737 1003 70 15 never
849 994 38 24 fed
906 1003 29 15 on
1079 1003 27 15 as
1124 1003 29 15 an
1170 995 102 32 English

679 1028 120 24 nobleman
810 1029 66 30 lately
894 1028 75 24 stated
979 1032 24 19 at
1013 1036 31 15 an
1056 1028 151 30 agricultural
1219 1030 51 24 fair.

680 1062 50 24 The
743 1062 66 24 stock
820 1063 20 23 is
852 1061 52 25 well
918 1061 91 24 crossed
1020 1062 57 23 with
1096 1062 114 32 imparted
1221 1064 49 23 ani-

679 1096 59 25 mals
749 1095 59 24 from
828 1095 102 31 Europe,
950 1095 25 24 of
993 1095 38 23 the
1050 1095 91 24 various
1164 1096 107 30 Chinese,

680 1130 71 28 Irish,
773 1129 100 31 English
892 1128 45 24 and
959 1129 106 23 Russian
1086 1129 88 29 breeds,
1188 1130 44 24 and
1251 1131 21 23 is

678 1163 112 34 probably
808 1162 115 25 exceeded
944 1162 31 31 by
995 1169 60 16 none
1075 1163 24 24 in
1122 1163 39 23 the
1184 1163 88 25 United

680 1197 89 26 Stated.
806 1196 69 31 Hogs
887 1196 57 24 have
955 1196 60 23 been
1027 1196 77 24 raised
1119 1196 55 24 here
1186 1197 85 32 weigh-

681 1234 95 28 ingover
796 1232 75 26 1,200
882 1229 55 29 lbs.,
951 1229 42 24 but
1010 1229 40 24 the
1071 1237 104 23 average
1188 1231 84 31 weight

679 1272 56 18 runs
743 1264 60 24 from
816 1266 48 22 200
877 1267 24 20 to
910 1265 51 22 250
973 1263 90 30 pounds
1064 1276 33 5 —
1099 1264 37 23 the
1148 1264 68 23 latter
1225 1265 47 23 size

680 1299 69 29 being
760 1298 38 23 the
810 1302 61 19 most
883 1296 121 24 desirable.

714 1333 30 23 In
765 1330 128 31 Kentucky
912 1330 39 24 the
970 1330 94 24 drovers
1084 1330 132 33 frequently
1226 1331 46 32 buy

680 1367 37 24 the
729 1366 59 31 hogs
800 1364 57 24 alive
867 1363 27 24 of
903 1364 38 23 the
952 1363 97 24 farmers
1061 1364 31 31 by
1101 1372 65 23 gross
1179 1365 92 31 weight,

679 1409 25 15 as
718 1401 19 23 is
746 1399 130 23 sometimes
886 1397 39 24 the
936 1404 52 17 case
998 1398 25 23 in
1033 1398 61 23 Ohio
1103 1398 43 24 and
1157 1398 99 24 Indiana
1263 1408 8 21 ;

679 1434 42 24 but
732 1432 117 32 generally
860 1431 39 23 the
913 1431 95 24 farmers
1021 1431 52 24 club
1092 1431 105 31 together
1204 1431 69 31 (each

680 1476 42 15 one
735 1467 85 30 having
829 1465 37 23 his
884 1464 59 31 hogs
954 1464 109 32 marked)
1075 1465 43 23 and
1136 1465 63 24 drive
1210 1466 63 25 them

680 1506 22 19 to
723 1500 92 24 market
834 1498 147 29 themselves,
1000 1499 26 23 in
1044 1498 81 24 droves
1137 1499 27 24 of
1181 1501 50 24 500
1249 1504 23 20 to

682 1537 84 26 1,000,
779 1533 44 24 and
845 1532 87 24 seldom
950 1531 47 25 less
1008 1531 57 25 than
1085 1534 58 28 500,
1156 1538 82 27 except
1249 1534 24 24 in

680 1568 38 24 the
739 1566 131 25 immediate
880 1566 95 31 vicinity
988 1566 26 23 of
1032 1566 39 23 the
1089 1567 54 30 city.
1179 1567 94 32 I>uriug

680 1602 38 24 the
730 1601 51 23 first
788 1600 43 31 day
842 1608 24 16 or
878 1604 45 19 two
931 1599 38 24 the
979 1599 59 31 hogs
1049 1605 82 19 cannot
1140 1601 53 23 well
1201 1602 72 23 travel

680 1643 63 16 moie
762 1634 55 24 than
827 1633 53 24 four
892 1638 23 19 to
934 1634 36 23 six
991 1632 82 29 miles;
1094 1633 42 24 but
1154 1634 60 24 aftef
1224 1635 49 24 that

680 1669 54 31 they
755 1667 70 25 travel
849 1666 65 32 eight
931 1667 45 23 and
999 1667 131 23 sometimes
1149 1672 39 20 ten
1205 1669 67 24 miles

680 1711 40 23 per
732 1703 51 30 day,
796 1700 131 32 depending
944 1708 60 24 upon
1021 1700 40 23 the
1073 1700 116 25 condition
1200 1702 26 24 of
1235 1702 38 24 the

680 1737 76 23 roads.
793 1734 50 24 The
861 1733 144 25 Yorkshires
1026 1741 39 16 are
1086 1734 50 24 said
1151 1739 24 19 to
1194 1736 29 23 be
1235 1735 38 25 the

680 1771 50 22 best
742 1769 126 24 travellers.

715 1804 97 29 Having
833 1801 98 24 reached
955 1809 62 16 some
1041 1802 26 23 of
1093 1801 38 24 the
1155 1803 118 25 extensive

681 1837 159 30 slaughtering
851 1835 187 24 establishments
1050 1836 25 23 in
1086 1835 38 24 the
1134 1836 139 32 neighbour-

681 1871 60 24 hood
753 1871 25 24 of
794 1870 38 23 the
845 1870 55 30 city,
913 1878 13 15 a
937 1869 95 31 bargain
1052 1870 20 22 is
1083 1869 66 24 made
1161 1870 56 23 with
1235 1871 38 24 the

682 1904 107 24 butchers
800 1909 23 17 to
834 1902 44 24 kill
890 1902 45 24 and
944 1902 64 24 dress
1021 1902 71 30 them,
1103 1903 74 23 which
1186 1904 20 23 is
1216 1904 58 24 done

682 1939 34 23 for
728 1937 59 24 their
799 1937 53 24 offal
860 1946 8 19 ;
882 1936 45 24 and
939 1936 38 23 the
988 1937 59 31 hogs
1059 1936 57 23 after
1128 1937 70 31 being
1209 1937 64 24 dres-

682 1972 40 24 sed
734 1979 38 15 are
784 1970 48 24 also
845 1970 88 23 carried
944 1974 23 19 to
979 1974 62 19 town
1052 1975 25 18 at
1087 1970 38 24 the
1137 1978 101 23 expense
1252 1972 24 23 of

682 2006 37 22 the
732 2005 103 23 butcher.

716 2043 51 24 The
790 2043 48 30 hog
856 2043 21 22 is
896 2042 88 31 bought
1003 2043 32 29 by
1057 2041 38 24 the
1105 2042 60 31 pork
1177 2043 95 31 packer,

682 2076 135 32 completely
829 2075 93 24 dressed
934 2075 31 30 by
978 2075 38 24 the
1028 2075 103 29 butcher,
1155 2077 45 23 and
1217 2076 56 24 deli-

681 2110 67 23 vered
760 2115 22 18 at
793 2109 38 24 the
844 2109 60 31 pork
915 2108 81 24 house.
1045 2108 51 24 The
1108 2109 51 23 first
1171 2110 71 30 thing
1253 2111 21 22 is

681 2149 23 18 to
716 2144 73 30 weigh
802 2143 69 23 them.
911 2142 39 24 He
962 2143 20 22 is
993 2142 55 23 then
1057 2142 83 31 passed
1151 2148 22 18 to
1183 2152 12 14 a
1204 2143 69 24 block

682 2177 62 31 eight
756 2178 45 22 feet
809 2177 62 29 long,
885 2175 51 24 four
948 2176 45 23 feet
1012 2175 66 29 wide,
1099 2176 44 23 and
1164 2180 43 20 two
1228 2177 47 24 feet

680 2211 57 31 high
759 2211 59 23 from
840 2210 40 23 the
903 2210 64 28 floor,
991 2214 25 18 at
1036 2209 75 24 which
1130 2214 45 19 two
1188 2215 86 19 cutters

681 2244 68 24 stand
770 2252 43 15 one
832 2248 23 19 at
874 2243 57 24 each
950 2242 48 24 side
1021 2243 28 23 of
1071 2243 39 23 the
1128 2243 77 30 block,
1230 2245 44 24 and

681 2278 56 24 each
749 2278 78 24 armed
834 2276 55 24 with
899 2284 28 16 an
937 2276 151 31 exceedingly
1097 2276 70 32 sharp
1176 2277 97 29 cleaver,

681 2311 69 24 about
755 2316 42 19 two
806 2311 46 24 feet
863 2311 57 31 long
929 2310 45 23 and
986 2311 38 22 six
1035 2310 80 23 inches
1127 2311 69 24 wide.
1216 2311 57 24 Two

682 2346 65 23 other
758 2353 53 16 men
823 2352 55 24 pass
889 2352 32 23 up
932 2344 39 23 the
983 2343 47 29 hog
1041 2351 30 16 on
1094 2347 23 20 to
1136 2344 39 24 the
1193 2344 79 31 block,

680 2379 92 31 placing
783 2378 48 23 him
842 2385 65 25 upon
916 2377 37 23 his
965 2377 58 23 side.
1071 2377 53 24 One
1137 2382 74 19 cutter
1223 2384 50 19 cuts

682 2412 34 24 off
731 2412 38 24 the
789 2412 67 28 head,
876 2411 39 23 the
936 2410 64 24 other
1019 2410 39 24 the
1070 2410 73 30 hams,
1157 2412 55 23 each
1224 2417 23 19 at
1260 2422 13 14 a

682 2446 74 31 single
769 2445 86 26 stroke.
906 2443 51 25 The
976 2443 67 24 hams
1055 2452 38 16 are
1104 2445 83 31 passed
1200 2450 23 19 to
1235 2446 38 24 the

681 2480 154 27 ham-trimer,
847 2483 24 19 at
884 2486 27 16 an
925 2478 106 31 adjacent
1041 2478 69 29 tabje,
1131 2479 52 24 who
1205 2480 68 24 trims

682 2513 63 24 them
756 2513 69 31 ready
836 2512 37 24 for
884 2511 95 31 salting.
1023 2511 52 24 The
1093 2511 58 25 head
1162 2513 20 22 is
1195 2521 76 16 some-

682 2547 67 23 times
760 2546 50 24 sold
822 2551 22 19 to
856 2546 41 24 the
908 2545 149 32 soap-boiler,
1078 2546 25 22 in
1124 2545 74 25 which
1221 2555 52 16 case

682 2581 17 23 it
710 2582 21 23 is
741 2580 89 24 thrown
840 2580 49 23 into
903 2588 12 15 a
926 2578 58 32 heap
994 2587 57 15 near
1063 2578 38 24 the
1121 2579 56 24 door
1198 2585 22 18 to
1243 2581 30 24 be

681 2614 78 31 handy
769 2614 36 24 for
814 2614 50 23 him
866 2626 34 4 —
901 2617 23 20 at
936 2613 64 23 other
1012 2613 69 23 times
1095 2613 20 23 it
1132 2614 21 22 is
1172 2614 63 24 used-
1247 2615 27 23 in

682 2648 98 31 making
788 2648 75 31 prime
875 2646 68 32 pork,
956 2647 46 23 and
1013 2647 19 22 it
1043 2647 21 22 is
1073 2645 56 24 then
1144 2648 86 30 passed
1250 2655 23 16 to

684 2681 61 24 hand
757 2681 46 24 and
814 2680 64 32 split,
898 2680 72 29 clean,
990 2679 46 25 and
1056 2679 71 30 wash,
1148 2681 69 31 ready
1237 2681 36 25 for

683 2715 39 24 the
733 2715 93 32 packer.
873 2714 52 23 The
946 2713 61 24 sides
1028 2713 45 23 and
1085 2713 127 30 shoulders,
1226 2715 48 24 still

681 2748 42 24 left
736 2756 29 16 on
776 2748 39 24 the
823 2747 80 30 block,
915 2755 39 15 are
965 2746 56 31 split
1031 2747 25 23 in
1066 2750 51 25 two,
1136 2748 137 31 lengthwise

683 2782 27 23 of
725 2781 39 24 the
777 2781 55 31 hog,
844 2780 102 32 through
956 2779 40 24 the
1013 2784 78 19 centre
1109 2781 26 23 of
1157 2781 39 24 the
1213 2782 60 25 back

683 2815 69 24 bone.
796 2814 51 24 The
864 2814 49 24 leaf
922 2813 49 24 lard
982 2814 21 23 is
1015 2813 56 24 then
1083 2814 106 24 trimmed
1202 2820 38 19 out
1241 2829 33 4 —

682 2848 40 24 the
741 2848 107 24 shoulder
868 2852 40 19 cut
923 2847 60 24 from
1004 2847 40 24 the
1064 2847 57 29 side,
1134 2848 45 25 and
1191 2850 82 30 passed

682 2883 48 23 into
743 2882 38 23 the
793 2881 68 24 cellar
873 2885 24 19 to
906 2881 30 23 be
948 2880 69 24 cured
1030 2882 24 22 in
1066 2880 56 24 bulk
1134 2882 25 23 in
1167 2882 42 32 dry
1219 2883 52 25 salt.

683 2915 53 24 The
747 2915 56 29 side,
815 2915 21 23 if
849 2915 61 24 from
922 2922 15 16 a
948 2914 80 32 heavy,
1040 2915 34 23 fat
1094 2915 54 31 hog,
1169 2916 21 23 is
1210 2917 61 31 split,

682 2949 58 23 each
752 2949 50 23 side
813 2949 48 23 into
874 2948 51 24 four
936 2953 64 27 parts
1012 2948 136 31 lengthwise
1159 2949 55 25 with
1233 2950 40 25 the

682 2982 43 30 rib,
737 2982 39 24 the
785 2983 76 31 pieces
875 2990 26 15 or
911 2982 70 31 strips
992 2982 56 23 thus
1059 2987 39 18 cut
1117 2982 71 32 being
1205 2984 69 25 about

682 3016 38 24 six
729 3015 80 25 inches
821 3016 57 24 wide
892 3015 45 25 and
948 3020 143 26 twenty-two
1111 3015 64 33 long.
1210 3039 3 4 .
1222 3017 51 25 The

682 3050 101 24 thickest
795 3050 83 32 stripes
892 3050 24 23 of
931 3049 39 24 the
979 3049 64 24 sides
1054 3049 58 24 have
1124 3049 39 24 the
1174 3051 98 25 but-end

681 3083 26 24 of
722 3083 38 24 the
780 3084 36 23 rib
836 3083 46 24 and
904 3083 134 24 back-bone
1061 3083 71 24 taken
1156 3089 49 24 out,
1229 3086 44 23 and

680 3117 67 24 made
758 3118 48 23 into
824 3116 61 25 clear
904 3116 61 32 pork
974 3125 5 20 ;
1000 3116 40 24 the
1061 3116 96 32 lighter,
1180 3118 93 25 thinner

681 3151 62 23 sides
751 3159 38 15 are
802 3151 132 23 sometimes
946 3155 38 19 cut
997 3158 31 23 up
1040 3149 37 25 for
1088 3151 74 31 prime
1173 3152 60 31 pork
1246 3161 27 16 or

681 3184 51 24 thin
740 3192 70 22 mess,
823 3184 43 24 but
877 3192 38 15 are
925 3188 59 20 most
997 3184 131 31 commonly
1141 3185 70 25 cured
1217 3186 56 24 with

682 3217 38 24 the
733 3217 127 25 shoulders,
875 3217 45 24 and
937 3217 68 25 made
1025 3217 50 23 into
1092 3217 82 26 bacon.
1221 3219 52 24 The

680 3251 68 24 usual
759 3252 64 30 day's
835 3250 66 25 work
911 3251 36 24 for
959 3259 13 16 a
983 3255 36 20 set
1030 3250 26 24 of
1070 3250 51 32 fifty
1132 3251 74 25 hands
1217 3253 21 23 is
1250 3257 23 19 to

681 3289 39 19 cut
732 3293 30 23 up
773 3286 25 22 in
808 3285 37 23 the
857 3284 73 24 above
941 3291 97 17 manner
1049 3286 50 22 500
1118 3285 58 30 bogs
1188 3293 30 16 on
1230 3294 43 17 one

680 3317 87 30 block;
786 3318 42 24 but
845 3320 51 22 800
913 3317 59 24 have
995 3318 61 23 been
1076 3322 39 19 cut
1132 3325 33 25 up
1181 3327 31 16 on

678 3351 72 25 block
772 3358 24 17 at
817 3351 127 25 Duffield's
965 3351 61 32 pork
1046 3351 81 30 house,
1152 3353 74 30 equal,
1250 3354 25 23 of

680 3392 89 22 course,
781 3386 114 28 to-1,600
906 3392 31 17 on
949 3390 44 19 two
1004 3384 92 31 blocks,
1106 3384 77 25 which
1195 3393 40 17 can
1245 3386 28 25 be

680 3424 40 18 cut
730 3419 25 23 in
767 3426 42 16 one
821 3418 44 31 day
875 3419 25 23 of
909 3418 81 24 twelve
999 3417 107 33 working
1117 3419 73 24 hours
1200 3428 7 21 ;
1219 3421 53 29 and,

679 3452 25 23 in
713 3452 54 30 fact,
781 3451 63 26 three
855 3452 60 31 hogs
926 3451 58 25 have
993 3452 62 24 been
1071 3457 40 19 cut
1132 3460 33 24 up
1185 3454 25 24 in
1230 3462 43 16 one

678 3486 98 24 minute.

715 3523 63 25 Such
788 3524 26 27 is,,
820 3523 39 24 the
871 3527 87 28 system
968 3523 46 25 and
1022 3523 131 32 expedition
1164 3525 110 25 observed

678 3558 28 24 in
720 3558 36 23 the
767 3564 64 17 more
842 3557 119 23 extensive
976 3556 168 33 pork-houses,
1156 3558 51 24 that
1224 3562 50 22 500

679 3591 59 32 hogs
749 3590 105 25 received
866 3590 47 24 into
925 3590 39 24 the
975 3590 147 32 pork-house
1138 3591 26 24 in
1176 3599 43 17 one
1230 3593 44 31 day

680 3633 39 17 are
731 3624 31 25 all
768 3624 69 31 ready
845 3624 37 23 for
893 3623 109 32 shipping
1011 3623 39 24 the
1063 3628 56 19 next
1130 3624 44 32 day
1183 3623 91 33 (within

680 3658 148 32 twenty-four
847 3655 92 34 hours,)
956 3657 121 31 including
1094 3657 39 24 the
1151 3659 122 33 weighing,

680 3693 96 31 cutting,
799 3691 111 33 packing,
934 3690 123 31 rendering
1083 3691 39 24 the
1148 3691 58 30 lard,
1230 3694 43 24 and

679 3727 129 30 branding;
822 3724 46 24 and
880 3724 67 24 allin
958 3731 25 17 as
995 3729 65 24 neat,
1068 3724 72 31 clean,
1149 3725 125 26 handsome

680 3760 67 31 style,
756 3767 26 16 as
793 3760 21 23 is
826 3758 60 24 done
894 3757 120 31 anywhere
1024 3758 25 23 in
1058 3758 39 23 the
1106 3758 79 25 world.
1215 3760 59 24 This

679 3794 43 23 has
733 3794 58 23 been
802 3792 61 24 done
872 3791 25 25 in
910 3791 141 24 Cincinnati.

715 3827 51 24 The
777 3826 108 25 different
896 3824 83 33 grades
986 3824 26 24 of
1021 3824 114 25 barrelled
1146 3833 26 16 or
1183 3826 91 32 pickled

678 3861 61 31 pork
750 3861 83 23 known
846 3864 25 20 to
880 3859 38 24 the
927 3858 71 29 trade,
1009 3858 45 24 and
1064 3864 23 19 to
1097 3858 37 25 the
1146 3859 127 32 inspection

679 3894 64 29 laws,
763 3901 38 17 are
802 3904 33 7 —
835 3894 60 29 first,
913 3893 24 24 in
956 3891 68 25 order
1043 3892 45 25 and
1106 3892 96 33 quality,
1214 3894 60 25 clear

672 3927 76 31 .pork,
760 3935 69 21 mess,
850 3928 84 30 prime,
947 3925 67 25 chine
1026 3924 39 33 (or
1081 3934 76 24 rump,
1167 3927 19 23 it
1206 3927 69 32 being

680 3961 55 30 only
747 3967 44 17 one
800 3960 45 23 end
858 3960 27 23 of
892 3960 40 23 the
943 3958 91 33 chine,)
1045 3959 45 25 aud
1098 3960 70 31 joles.
1204 3961 36 24 As
1250 3966 24 19 to

680 3993 39 25 the
737 3993 105 25 rainutise
854 3992 27 25 of
897 3993 64 24 these
972 3993 108 25 different
1092 3998 60 20 sorts
1164 3993 26 25 of
1206 3993 67 31 pork,

560 35 98 47 ®t)t
683 36 120 41 wtto
830 36 210 41 Ztalmb
1067 37 192 45 tifitofette
1284 37 92 40 attfc
1401 36 304 46 esielititgtott
1729 35 257 47 *jmtatot\

158 742 388 25 MISCELLANEOUS.

1296 133 35 15 we
1343 133 39 15 are
1393 130 40 18 not
1444 124 100 24 familiar
1556 125 103 32 enought
1665 126 57 23 with
1734 126 38 24 the
1783 126 108 24 business

1299 162 22 19 to
1332 158 54 31 give
1397 157 62 24 them
1467 168 6 19 ;
1496 158 89 24 besides
1597 160 19 22 it
1626 159 76 31 might
1718 159 29 23 be
1759 160 82 30 prying
1853 163 38 20 too

1297 191 71 24 much
1381 192 49 23 into
1443 190 38 25 the
1493 196 86 20 secrets
1591 192 25 23 of
1625 191 38 24 the
1675 192 64 24 trade
1751 197 21 19 to
1790 192 99 31 inquire.

1298 225 44 23 We
1355 232 49 21 can,
1417 225 24 23 in
1458 224 93 31 general
1572 230 79 25 terms,
1663 225 112 28 however,
1788 233 41 23 say
1840 225 51 24 that

1298 258 39 24 the
1360 258 75 23 barrel
1457 257 60 32 pork
1534 257 90 32 packed
1644 260 30 29 by
1695 266 42 16 our
1758 258 133 24 Cincinnati

1298 290 93 32 packer,
1404 290 45 24 will
1463 298 104 24 compare
1579 292 55 23 with
1652 292 39 23 the
1702 292 53 23 best
1765 291 90 31 packed
1866 292 25 23 in

1299 324 38 24 the
1350 323 89 24 United
1458 324 85 27 States,
1555 332 27 15 as
1598 329 23 18 to
1640 324 38 24 the
1691 325 94 31 quality,
1797 324 93 31 weight,

1298 357 133 31 sufficiency
1453 357 26 24 of
1501 357 42 24 salt
1565 357 47 24 and
1634 365 133 24 cooperage,
1790 358 46 24 and
1854 357 37 25 for

1298 390 101 32 keeping
1410 390 84 24 almost
1514 397 49 24 any.
1571 390 81 32 length
1662 390 26 25 of
1708 391 54 24 time
1763 404 33 4 —
1797 396 40 19 not
1848 399 42 16 ex-

1299 424 92 30 cepting
1402 423 39 24 the
1454 423 63 24 Irish
1527 423 70 31 pork.

1333 456 51 25 The
1395 456 68 25 mode
1474 457 26 23 of
1508 456 122 33 rendering
1640 457 52 24 lard
1702 458 22 23 is
1734 465 54 23 very
1798 457 91 32 simple,

1299 490 38 24 the
1348 490 49 24 leaf
1411 489 47 25 and
1478 490 130 31 trimmings
1624 490 70 32 being
1712 491 85 31 merely
1809 496 40 19 cut
1859 498 32 24 up

1299 524 55 23 with
1365 524 101 23 cleavers
1483 524 49 23 into
1549 524 78 30 pieces
1645 528 44 19 two
1709 524 78 24 inches
1799 532 90 23 square,

1300 557 44 24 and
1364 557 88 24 thrown
1471 557 48 23 into
1540 556 65 32 large
1625 557 50 23 iron
1695 557 84 24 kettles
1797 557 25 24 of
1841 559 50 23 100

1299 590 89 32 gallons
1400 590 65 24 each.
1489 590 69 24 After
1564 591 20 23 it
1595 590 42 24 has
1647 590 89 25 cooked
1746 590 68 25 about
1825 590 66 25 three

1299 624 79 29 hours,
1397 624 20 23 it
1437 624 22 22 is
1477 623 109 29 strained',
1606 624 45 23 and
1672 624 100 32 pumped
1792 632 30 23 up
1841 625 50 23 into

1300 657 87 24 coolers
1398 658 26 23 of
1434 659 49 22 300
1496 661 22 19 to
1530 658 51 23 400
1591 654 101 34 gallons,'
1699 657 77 24 cooled
1788 662 23 19 to
1821 658 70 24 about

1302 693 48 22 100
1362 691 94 30 degrees
1468 689 149 31 Fahrenheit,
1630 690 49 24 and-
1686 690 56 24 then
1753 690 77 24 drawn
1841 691 50 24 into

1299 724 59 30 kegs
1371 731 24 17 or
1404 724 88 23 barrels
1504 732 25 15 as
1540 724 98 24 wanted.

1334 757 65 25 Most
1411 757 26 24 of
1446 764 43 17 our
1499 756 64 32 large
1574 757 157 32 pork-houses
1743 766 38 16 are
1793 758 97 32 capable

1300 791 25 24 of
1334 792 120 31 disposing
1465 790 25 24 of
1501 793 75 26 1,000
1589 790 56 32 hogs
1656 799 43 24 per
1712 791 43 31 day
1766 790 125 33 (although

1300 824 54 31 they
1367 824 87 24 seldom
1466 825 73 23 desire
1551 832 27 16 so
1595 823 90 33 many,)
1703 825 132 31 employing
1854 826 37 24 for

1300 858 50 23 that
1358 865 100 25 purpose
1468 858 70 23 about
1549 858 153 30 seventy-five
1713 858 81 30 hands,
1816 864 24 19 at
1860 867 31 16 an

1300 898 96 23 arerage
1409 891 26 22 of
1449 890 69 23 about
1532 892 49 22 100
1591 891 86 23 dollars
1687 898 42 23 per
1740 891 51 30 day.
1819 892 72 24 Some

1300 923 85 23 houses
1395 922 59 23 have
1468 927 38 18 cut
1518 923 46 22 and
1576 923 89 29 packed
1676 924 47 22 this
1734 931 81 16 season
1835 932 56 15 over

1301 957 92 27 20,000
1404 955 67 29 hogs.
1473 967 33 4 —
1509 954 129 26 Cincinnati
1651 955 102 25 Gazette.

1334 988 179 25 Emigration.
1516 1001 34 3 —
1551 988 141 24 Whaling.
1693 1002 35 4 —
1729 990 116 30 Amongst
1852 990 40 23 the

1300 1022 90 24 various
1402 1023 137 30 interesting
1550 1023 75 30 topics
1638 1022 119 24 discussed
1768 1023 24 24 in
1804 1023 87 32 parlia-

1300 1060 64 19 ment
1391 1055 130 31 yesterday,
1550 1055 40 23 the
1619 1057 136 29 emigration
1783 1058 108 30 question

1303 1089 97 31 brought
1423 1089 97 23 forward
1543 1088 31 31 by
1596 1088 48 25 Mr.
1669 1089 81 24 Buller
1770 1091 86 23 excites
1879 1099 13 15 a

1299 1122 66 32 large
1376 1122 66 24 share
1456 1123 24 22 of
1495 1122 103 24 interest.
1643 1123 78 24 There
1732 1124 20 23 is
1764 1131 42 16 one
1818 1125 73 29 point,

1301 1164 14 15 a
1325 1156 75 24 minor
1419 1163 44 17 one
1483 1156 18 22 it
1517 1156 21 23 is
1557 1160 59 25 true,
1638 1157 124 24 connected
1779 1157 54 23 with
1853 1157 39 25 the

1301 1189 97 31 subject,
1411 1189 76 24 which
1496 1189 42 24 has
1551 1189 96 31 escaped
1658 1191 85 28 notice,
1755 1190 40 24 but
1816 1190 75 25 which

1301 1231 69 23 every
1380 1223 64 23 fresh
1462 1222 83 24 arrival
1564 1222 59 24 from
1642 1224 39 22 the
1703 1224 87 24 United
1812 1224 79 24 States

1301 1257 85 31 clearly
1397 1256 76 24 shows
1485 1256 82 23 should
1579 1260 40 19 not
1629 1256 82 32 longer
1724 1258 27 23 be
1762 1257 129 32 neglected.

1301 1290 52 23 The
1366 1294 82 20 matter
1459 1298 33 15 we
1504 1290 76 23 allude
1591 1294 24 19 to
1626 1290 21 23 is
1665 1291 41 23 the
1724 1291 64 32 rapid
1807 1291 85 25 strides

1300 1323 74 24 which
1386 1323 40 24 the
1443 1324 137 23 Americans
1598 1323 58 24 have
1675 1324 59 24 been
1753 1324 97 32 making
1868 1331 23 18 to

1301 1364 95 23 engross
1409 1357 38 23 the
1459 1357 72 23 whale
1542 1357 86 30 fishery
1640 1358 26 23 of
1682 1358 38 23 the
1739 1359 77 28 world,
1829 1359 60 23 aris-

1301 1391 42 31 ing
1364 1391 59 22 from
1441 1391 39 23 the
1498 1390 82 23 failure
1599 1391 25 23 of
1647 1391 50 24 that
1713 1391 84 33 fishery
1811 1393 24 22 in
1852 1392 40 24 the

1301 1424 80 24 Arctic
1393 1424 66 28 Seas,
1472 1424 45 24 and
1527 1423 40 24 the
1585 1424 91 31 neglect
1696 1425 25 23 of
1729 1426 3 8 '
1745 1425 36 25 the
1801 1425 91 25 British

1301 1457 141 31 shipowners
1453 1463 22 18 to
1488 1457 82 24 extend
1593 1458 58 23 their
1672 1460 115 23 exertions
1806 1464 24 19 to
1852 1459 40 24 the

1301 1491 87 23 Pacific
1415 1491 44 23 and
1482 1491 109 24 Antartic
1618 1492 100 31 regions.
1765 1492 44 24 We
1832 1493 60 23 have

1301 1532 63 16 more
1376 1524 54 24 than
1443 1532 55 16 once
1510 1525 158 24 endeavoured
1677 1530 24 19 to
1724 1526 71 23 direct
1815 1531 76 19 atten-

1301 1559 49 23 tion
1361 1562 23 19 to
1395 1558 48 23 this
1454 1558 89 32 subject
1555 1558 80 24 within
1653 1559 40 24 the
1705 1559 45 24 last
1759 1563 45 20 two
1814 1568 76 23 years,

1301 1592 42 23 but
1354 1599 32 16 we
1396 1599 39 16 are
1444 1596 41 19 not
1496 1599 73 16 aware
1581 1592 49 23 that
1639 1593 26 23 in
1677 1601 45 23 any
1734 1600 41 17 one
1786 1594 105 24 instance

1301 1625 51 23 that
1369 1624 38 24 the
1426 1625 108 32 shipping
1554 1625 95 25 interest
1668 1625 44 25 has
1731 1627 57 23 been
1807 1627 85 24 roused

1301 1660 61 23 from
1372 1658 59 25 their
1443 1658 105 32 lethargy
1567 1659 202 33 notwithstanding
1786 1660 40 24 the
1842 1661 50 24 still

1301 1693 130 31 increasing
1442 1692 112 31 difficulty
1572 1693 25 23 of
1612 1693 119 32 obtaining
1748 1699 144 19 remunerat-

1302 1726 41 30 ing
1354 1726 154 31 employment
1518 1726 37 23 for
1567 1726 82 32 capital
1659 1735 26 16 so
1698 1728 109 24 invested.
1839 1728 57 23 The'

1302 1768 81 16 reason
1393 1760 52 31 why
1458 1759 45 24 this
1515 1759 106 24 becomes
1638 1769 13 15 a
1670 1759 96 25 colonial
1785 1762 107 30 question

1303 1794 24 23 of
1336 1801 29 16 no
1378 1792 190 30 inconsiderable,
1582 1794 110 31 although
1705 1800 40 18 not
1756 1795 24 24 of
1789 1796 103 31 primary

1302 1835 25 16 or
1339 1832 137 27 paramount
1494 1827 149 32 importance,
1665 1829 29 28 is,
1714 1828 107 24 that^the
1840 1829 52 24 best

1303 1862 134 23 authorities
1450 1860 57 25 have
1518 1860 37 25 for
1567 1862 65 30 yearfe
1647 1861 49 25 laid
1713 1862 19 23 it
1750 1862 64 24 down
1833 1871 26 15 as
1879 1872 13 14 a

1301 1895 50 23 sine
1362 1902 43 24 qua
1416 1899 43 19 toon
1473 1894 48 24 that
1531 1894 40 24 the
1583 1895 53 31 only
1656 1897 66 30 point
1740 1897 58 22 from
1816 1897 76 22 which

1302 1937 34 15 we
1349 1937 41 15 can
1402 1928 151 31 successfully
1569 1933 61 19 meet
1640 1929 39 23 the
1691 1930 123 23 American
1828 1938 63 15 com-

1301 1963 97 30 petition
1414 1963 20 22 is
1454 1962 59 24 from
1533 1963 39 22 the
1590 1963 136 23 Australian
1745 1971 81 23 group,
1847 1964 44 23 and

1301 2003 63 17 more
1376 1995 123 32 especially
1511 1995 56 24 from
1581 1996 57 23 New
1650 1996 109 24 Zealand.
1795 1996 39 24 On
1853 1998 39 22 the

1302 2029 65 23 other
1378 2029 70 28 hand,
1461 2031 20 21 it
1491 2030 20 22 is
1523 2030 63 29 quite
1598 2030 60 23 clear
1671 2030 50 23 that
1737 2030 37 23 the
1793 2031 99 22 colonial

1303 2063 80 30 capital
1397 2062 124 24 embarked
1532 2064 24 22 in
1570 2062 37 24 the
1619 2063 104 23 fisheries
1734 2064 19 22 is
1764 2063 31 30 by
1806 2063 36 23 far
1855 2069 37 18 too

1302 2096 95 24 slender
1404 2101 23 19 to
1437 2096 97 30 produce
1548 2104 45 22 any
1611 2097 94 29 general
1721 2097 72 28 effect,
1815 2097 46 23 and
1875 2098 17 22 it

1302 2129 87 24 follows
1402 2137 25 16 as
1440 2137 13 16 a
1466 2137 155 23 consequence
1633 2130 50 23 that
1695 2130 62 23 there
1769 2131 20 22 is
1801 2138 14 15 a
1832 2131 60 30 good

1303 2164 101 30 opening
1414 2162 35 24 for
1459 2163 38 23 the
1509 2163 156 31 employment
1677 2164 25 23 of
1718 2163 107 32 shipping
1838 2172 30 15 on
1880 2173 14 14 a

1301 2197 89 30 greatly
1421 2196 111 24 extended
1563 2196 62 24 scale
1653 2198 60 23 from
1741 2198 38 23 the
1802 2197 91 24 mother

1302 2236 105 24 country.
1461 2230 52 23 The
1531 2230 118 32 following
1671 2238 117 24 summary
1811 2231 26 24 of
1853 2231 39 24 the

1303 2262 109 34 shipping
1435 2263 127 32 employed,
1587 2264 122 32 according
1725 2269 23 19 to
1766 2265 39 23 the
1824 2265 70 24 latest

1301 2302 80 19 return
1464 2298 38 23 the
1515 2297 90 24 United
1618 2297 78 25 States
1708 2298 45 24 will
1764 2299 53 31 give
1829 2306 63 17 some

1301 2332 53 23 idea
1365 2332 26 23 of
1406 2331 39 25 the
1456 2330 65 24 value
1534 2331 27 23 of
1576 2332 37 23 the
1622 2332 88 31 fishery
1722 2337 22 18 to
1764 2332 40 24 the
1824 2332 69 24 south

1301 2365 28 24 of
1343 2365 40 24 the
1388 2365 117 31 -Equator,
1518 2365 44 23 and
1575 2365 29 23 its
1616 2370 66 26 great
1693 2367 140 30 importance
1840 2367 26 23 in
1879 2374 14 15 a

1301 2399 103 24 national
1412 2400 65 31 point
1488 2398 25 24 of
1522 2400 65 22 view.
1625 2398 50 24 The
1686 2400 94 23 number
1793 2400 24 22 of
1828 2400 64 31 ships

1301 2440 47 16 was
1357 2434 59 28 650,
1426 2432 41 24 the
1478 2436 98 27 tonnage
1593 2434 118 28 193,000,
1723 2433 55 24 with
1799 2435 94 27 16,000

1301 2474 53 16 men
1373 2466 102 31 forming
1496 2465 60 25 their
1575 2473 78 17 crews.
1703 2466 36 24 Of
1760 2467 39 23 the
1819 2467 73 24 above

1301 2501 97 22 number
1421 2499 26 24 of
1473 2499 72 31 ships,
1571 2501 49 22 360
1645 2508 59 16 were
1728 2501 119 31 employed
1870 2501 24 24 in

1301 2533 85 32 fishing
1395 2534 35 23 for
1442 2534 38 22 the
1489 2541 85 23 sperm,
1587 2532 44 25 and
1647 2535 51 23 290
1715 2535 35 23 for
1769 2534 39 24 the
1829 2542 63 16 com-

1300 2574 55 17 mon
1366 2567 81 24 whale.
1489 2567 52 24 The
1553 2567 83 31 capital
1648 2567 119 32 employed
1779 2568 114 24 exceeded

1301 2603 34 22 20
1358 2601 101 23 millions
1480 2600 26 24 of
1526 2600 93 29 dollars,
1637 2609 65 16 more
1721 2601 55 24 than
1797 2601 52 24 half
1870 2601 26 24 of

1301 2633 74 26 which
1386 2643 48 16 was
1445 2633 119 32 expended
1574 2634 24 23 in
1609 2634 79 24 outfits
1700 2634 72 30 alone,
1792 2635 46 24 and
1851 2635 39 24 the

1303 2669 84 23 anuual
1409 2668 101 32 produce
1524 2667 37 24 for
1586 2670 63 22 1841
1682 2668 112 24 exceeded
1823 2676 71 16 seven

1301 2702 87 25 million
1402 2702 92 24 dollars.
1529 2701 26 24 A
1566 2701 62 31 large
1638 2701 68 24 share
1714 2702 25 23 of
1747 2702 46 23 this
1806 2702 88 24 branch

1303 2737 26 24 of
1343 2737 104 28 industry
1461 2734 73 32 might
1546 2735 152 32 successfully
1710 2735 28 24 be
1756 2736 138 31 prosecuted

1301 2771 59 24 from
1372 2770 39 24 the
1422 2768 136 26 Australian
1570 2768 109 29 colonies,
1701 2769 45 24 and
1764 2771 19 22 it
1803 2770 20 23 is
1835 2770 58 23 esti-

1302 2805 75 23 mated
1401 2803 49 24 that
1472 2803 19 23 it
1508 2802 76 24 would
1603 2803 90 23 sustain
1711 2808 41 19 not
1769 2803 47 25 less
1838 2803 57 24 than

1303 2840 92 28 20,000
1408 2838 26 23 of
1442 2846 15 15 a
1468 2837 87 24 marine
1563 2836 133 32 population
1705 2836 25 25 in
1741 2838 153 31 comparative

1302 2872 103 23 comfort.
1442 2871 26 24 It
1475 2871 21 23 is
1508 2871 64 30 quite
1585 2871 95 24 obvious
1692 2870 56 30 also,
1760 2871 51 24 that
1821 2871 25 23 in
1856 2871 38 23 the

1302 2910 93 27 present
1405 2904 123 33 depressed
1548 2908 59 20 state
1626 2904 26 24 of
1672 2904 40 24 the
1731 2904 109 32 shipping
1858 2905 37 23 in-

1303 2944 69 19 terest
1384 2939 65 24 there
1462 2937 74 26 would
1546 2938 30 24 be
1586 2946 31 16 no
1628 2938 113 32 difficulty
1753 2939 26 23 in
1797 2946 96 24 procur-

1301 2975 41 30 ing
1352 2973 39 23 the
1404 2980 122 23 necessary
1538 2972 97 24 number
1648 2972 26 24 of
1689 2972 88 24 trained
1799 2980 94 16 seamen

1301 3008 25 22 in
1348 3007 39 24 the
1412 3007 89 24 mother
1524 3010 97 28 country
1631 3015 7 21 ;
1659 3007 46 23 and
1726 3007 55 23 with
1804 3006 59 23 such
1883 3014 13 15 a

1301 3046 108 27 prospect
1419 3040 80 25 before
1511 3040 71 29 them,
1594 3041 19 24 it
1624 3040 87 24 sounds
1720 3040 77 24 rather
1804 3045 92 26 strange

1301 3075 50 24 that
1369 3075 38 24 the
1426 3082 123 24 necessary
1571 3075 128 31 enterprise
1717 3075 21 23 is
1757 3078 43 20 not
1821 3073 75 24 forth-

1302 3110 91 29 coming
1405 3116 30 16 on
1446 3108 38 24 the
1496 3113 54 27 part
1567 3108 26 24 of
1607 3108 117 31 capitalist
1738 3108 95 31 already
1854 3115 40 16 en-

1301 3142 75 31 gaged
1387 3142 26 24 in
1427 3142 39 24 the
1477 3141 74 25 trade.
1552 3155 32 4 —
1586 3140 127 30 Standard,
1724 3141 93 32 August
1830 3141 42 25 16.

59 126 48 25 this
128 135 75 20 sense,
215 126 120 29 therefore,
347 126 40 23 the
400 126 74 23 native
491 125 53 24 title
556 126 19 22 is
588 126 63 30 quite

59 161 68 29 good,
140 161 45 24 and
201 167 53 23 may
266 160 28 22 be
305 159 74 31 safely
389 159 69 24 relied
473 166 70 24 upon.
581 158 70 31 Upon

59 194 41 24 the
112 194 78 27 whole,
204 192 66 24 while
282 199 33 17 we
327 192 75 24 would
414 197 40 19 not
466 191 89 32 exactly
563 199 88 16 recom-

57 227 71 24 tnend
140 226 56 23 such
215 225 133 32 purchases,
362 233 33 16 we
407 230 62 19 must
489 224 163 31 acknowledge

61 260 50 24 that
127 267 32 15 we
182 258 56 24 look
259 267 61 23 upon
341 258 62 24 them
421 258 55 24 with
495 257 157 25 considerable

57 292 152 29 'satisfaction,
222 300 26 15 as
259 299 31 16 we
300 300 37 15 see
349 292 25 23 in
382 291 61 24 them
454 291 84 24 almost
550 291 38 24 the
597 291 55 31 only

57 333 80 16 means
148 325 26 23 of
191 326 134 30 preserving
343 324 39 24 the
402 324 89 31 colony,
506 324 45 24 and
563 332 33 15 we
608 332 42 16 can

60 366 38 16 see
109 366 30 16 no
151 358 50 24 risk
213 364 22 18 to
245 358 39 24 the
295 357 132 33 purchaser.
464 357 115 25 However
589 365 61 16 mor-

61 392 83 30 tifying
155 392 45 23 and
212 392 116 31 annoying
339 397 23 18 to
375 391 37 24 his
422 390 142 32 Excellency
575 391 20 24 it
604 391 47 23 will

61 425 36 28 be,
111 425 65 23 when
196 425 30 23 he
244 430 97 23 returns,
355 430 24 18 to
389 425 47 23 find
454 424 38 24 the
504 426 89 22 natives
604 424 46 24 sel-

55 458 9 23 1
70 458 41 30 ing
122 458 59 23 their
191 458 63 29 land,
267 466 62 23 upon
339 466 64 16 more
420 462 89 19 mature
521 457 129 24 considera-

60 491 56 28 tion,
129 498 32 16 we
174 491 72 24 doubt
265 496 46 24 not,
324 491 29 23 he
374 495 61 20 must
453 493 29 21 at'
495 491 60 23 least
573 491 78 31 tacitly

57 531 98 24 approve
165 524 26 24 of
200 525 17 24 it
224 533 7 20 ;
245 533 25 15 as
281 525 19 23 it
311 533 53 22 may
374 532 52 15 save
435 523 48 25 him
494 525 59 23 from
561 528 89 19 resort-

57 557 40 32 ing
116 562 22 19 to
150 557 38 24 the
209 558 156 31 disagreeable
384 557 132 25 alternative
528 558 25 22 of
573 559 79 30 acting

57 591 26 23 in
101 592 128 31 opposition
250 595 23 20 to
291 590 36 25 his
348 592 158 28 instructions,
526 590 31 32 by
569 591 81 24 volun-

59 624 68 30 tarily
146 625 134 31 permitting
302 625 37 23 the
358 624 137 31 Europeans
516 629 23 19 to
562 624 27 24 do
601 624 51 24 that

61 657 72 24 which
154 657 53 31 they
220 665 39 16 are
277 657 92 32 already
386 657 71 32 doing
478 658 25 23 of
522 657 58 24 their
599 665 51 16 own

59 691 89 23 accord.

1919 125 107 22 Candles
2034 132 6 14 :
2046 125 95 27 English
2149 132 57 21 wax,
2213 132 41 21 per

2062 151 24 23 lb
2262 154 15 20 0
2303 153 14 21 2
2345 154 14 20 3
2377 167 18 7 ..
2414 156 13 20 0
2454 157 13 20 3
2494 159 13 20 9

2028 179 78 26 Sperm
2263 181 14 19 0
2305 181 90 21 110..
2414 183 13 19 0
2454 183 12 21 3
2494 186 13 19 0

2026 205 82 22 Mould
2262 207 15 20 0
2303 208 14 20 0
2345 207 15 21 6
2376 220 19 8 ..
2413 209 14 20 0
2455 210 12 20 0
2493 212 14 20 8

2029 231 57 28 Dips
2262 234 14 20 0
2302 233 93 21 OS..
2413 235 14 20 0
2453 237 13 19 0
2492 239 14 19 0

1919 259 94 22 Flour:
2022 261 35 19 Ist
2062 259 93 28 quality,
2167 266 41 21 per
2211 263 40 18 ton
2475 272 16 16 y

2042 286 26 22 of
2077 286 56 22 2000
2142 285 36 23 lbs
2247 286 26 22 15
2301 288 14 20 0
2343 289 14 19 0
2375 289 52 20 ..16
2455 291 26 19 0*
2481 280 12 19 V
2511 280 18 30 0

2018 313 47 22 2nd
2074 312 57 23 ditto
2263 315 13 19 0
2304 315 14 19 0
2345 315 16 19 0
2377 329 19 5 ..
2415 315 14 21 0
2455 317 13 20 0
2494 319 13 20 0

1920 339 63 23 Flax
1990 347 6 13 :
2011 339 30 22 N.
2052 339 26 23 Z.
2089 346 40 21 per
2138 343 39 19 ton
2200 353 45 7 ....
2251 340 25 21 15
2303 341 15 20 0
2345 342 16 20 0
2378 355 5 7 .
2390 355 7 7 .
2414 343 13 19 0
2453 344 15 19 a
2493 346 13 14 o

1946 366 45 23 Do.
1992 378 28 4 —
2021 367 107 22 onboard
2128 377 27 4 —
2155 366 118 27 pressedl7
2301 368 14 20 0
2343 369 15 19 0
2376 382 19 7 ..
2411 369 14 20 0
2451 367 22 31 Cj
2524 374 4 6 >

1920 393 61 23 Gin:
2002 393 54 23 Pale
2072 394 26 21 in
2108 393 61 23 bond
2258 395 20 19 4)
2304 395 15 20 3
2347 396 15 20 6
2378 409 18 7 ..
2415 397 13 19 0
2455 388 14 37 $
2493 400 14 19 6

1969 420 64 27 Case,
2040 421 15 21 4
2061 420 38 26 gal
2107 421 38 21 4-5
2153 420 25 23 in
2187 420 62 22 bond
2263 421 11 20 1
2303 422 14 19 0
2345 422 16 20 0
2377 436 19 6 ..
2415 422 10 20 1
2453 423 13 21 5
2493 426 14 20 0

1920 446 82 24 Hams:
2017 446 131 27 Yorkshire,
2162 447 87 28 perlb.
2263 449 14 20 0
2304 449 15 19 0
2346 448 15 21 5
2378 463 19 7 ..
2415 451 13 19 0
2454 451 13 20 0
2492 451 14 22 7

2002 474 31 23 N.
2044 473 26 23 Z.
2081 474 73 27 perlb
2264 477 15 19 0
2305 476 15 20 0
2348 477 15 19 0
2378 490 20 12 
2416 477 14 21 0
2455 478 14 20 0
2495 478 14 21 5

1919 500 116 24 Mustard
2042 508 6 15 :
2063 501 45 22 Per
2116 501 72 23 dozen
2265 503 56 21 016
2348 503 14 20 0
2379 517 5 6 .
2391 517 6 7 .
2416 503 53 22 018
2495 507 15 19 0

1919 527 104 23 Mutton
2030 536 6 14 :
2056 528 96 22 Carcase
2161 535 40 21 per
2210 528 24 22 lb
2244 545 5 5 .
2265 531 14 19 0
2305 530 15 20 0
2348 530 14 21 7
2378 544 6 6 .
2390 544 7 6 .
2416 531 13 20 0
2454 532 15 20 0
2495 534 14 19 9

1919 552 124 26 Muskets:
2058 555 96 22 Walnut
2159 555 93 23 stocked
2265 557 14 20 0
2293 555 26 23 15
2347 557 15 20 0
2378 571 19 7 ..
2417 557 10 21 1
2455 559 14 19 0
2496 561 14 18 0

1919 581 68 23 Milk
1994 590 5 14 :
2014 582 44 23 Per
2064 582 51 28 pint
2264 585 14 19 0
2305 585 14 19 0
2346 584 50 20 2..
2415 585 14 20 0
2453 586 15 19 0
2493 586 16 21 3

1920 609 80 22 Maize
2008 617 5 14 :
2028 616 40 21 per
2078 609 82 23 bushel
2173 611 105 20 ......0
2305 611 14 20 3
2347 611 82 21 0..0
2454 612 15 20 3
2496 614 14 19 6

1920 636 44 22 Oil
1972 644 5 14 :
1994 635 104 26 Linseed,
2108 643 41 21 per
2157 635 77 28 gallon
2243 638 35 20 .0
2304 638 15 20 6
2347 639 14 19 6
2378 651 6 7 .
2391 652 6 6 .
2416 639 13 20 0
2454 638 15 21 7
2496 640 14 20 6

1995 663 77 28 Black,
2076 663 25 21 in
2106 663 174 28 cask,pertonlB
2307 665 14 20 0
2349 665 14 20 0
2380 666 50 20 ..20
2455 666 15 20 0
2497 668 13 19 0

2030 690 79 27 Sperm
2246 691 28 22 50
2301 691 13 20 0
2343 692 14 19 0
2375 692 50 21 ..75
2453 693 12 19 0
2495 694 12 19 0

1919 717 78 24 Pork;
2011 717 79 28 Fresh,
2108 724 89 16 carcase
2213 725 40 21 per

2037 745 23 22 lb
2262 747 14 20 0
2303 747 15 20 0
2346 747 14 20 0
2378 760 19 6 ..
2415 747 13 20 0
2455 748 14 19 0
2496 748 16 21 4

1920 772 65 21 Pork
1992 779 5 14 :
2013 772 66 27 Irish,
2089 778 42 21 per
2140 771 75 23 barrel
2227 786 4 7 .
2238 787 6 6 .
2263 774 14 19 0
2304 774 14 19 0
2347 774 15 23 Q
2378 788 5 5 .
2391 788 6 5 .
2415 774 55 21 410
2497 776 14 19 0

1999 799 60 22 N.Z
2260 801 14 20 2
2289 802 26 20 10
2343 801 15 20 0
2375 814 18 7 ..
2413 801 13 20 2
2453 802 15 19 0
2494 803 14 20 0

1919 826 131 23 Potatoes:
2070 826 58 23 New
2142 826 108 28 Zealand,

2095 860 41 20 per
2145 856 39 19 ton
2197 868 47 7 ....
2262 854 15 21 4
2304 856 13 19 0
2347 856 36 20 0.
2390 868 6 7 .
2415 856 13 19 6
2455 856 14 19 0
2496 858 14 19 0

1919 880 110 22 Porter:
2057 880 105 27 Dunbar,
2171 880 28 22 in.
2204 881 46 21 bot.

2028 923 11 8 .
2086 913 42 20 per
2137 906 55 23 doz*
2262 908 15 19 0
2303 908 16 20 9
2346 910 82 19 0..0
2442 909 27 20 12
2495 911 14 20 6

2028 933 87 27 Bryant
2125 933 46 22 and
2178 933 71 24 ftavis
2264 935 13 20 0
2305 935 13 20 9
2347 936 14 20 0
2378 949 6 6 .
2391 948 6 7 .
2416 936 53 21 012
2496 939 14 19 0

1920 959 99 22 Pickles
2030 967 5 14 :
2067 959 118 27 Assorted,
2204 967 50 20 .per

2093 986 71 27 doz.,}
2175 990 76 23 quarts
2265 990 14 19 0
2294 988 25 21 15
2349 990 13 19 0
2379 1003 20 6 ..
2417 992 13 19 0
2445 990 25 22 17
2498 993 12 18 0

1921 1013 74 22 Pitch
2008 1021 5 14 :
2046 1013 139 27 Stockholm,
2215 1021 40 21 per

2069 1040 74 23 barrel
2265 1042 14 20 2
2307 1044 14 20 0
2349 1044 13 20 0
2379 1057 19 7 ..
2416 1046 14 19 0
2455 1046 15 19 0
2497 1047 13 20 0

1921 1067 81 22 Plank
2010 1075 6 14 :
2044 1066 56 23 Port
2121 1067 133 28 Nicholson,

2070 1101 40 21 per
2119 1096 42 21 100
2169 1094 47 23 feet
2228 1098 51 19 ..0
2307 1098 14 20 6
2349 1099 13 20 0
2380 1112 19 6 ..
2416 1100 14 19 0
2444 1099 25 20 10
2496 1102 13 20 0

1921 1120 70 23 Rice:
2004 1122 110 22 Common
2123 1129 41 20 per
2169 1126 51 18 cwt.
2230 1137 18 7 ..
2267 1125 14 19 0
2296 1125 26 20 10
2351 1126 13 19 0
2382 1138 18 7 ..
2418 1127 13 20 0
2457 1127 13 20 0
2498 1129 12 19 0

2003 1148 67 22 Good
2265 1152 14 20 0
2294 1150 26 21 15
2351 1153 13 20 0
2381 1166 18 6 ..
2417 1154 13 19 0
2456 1153 14 20 0
2497 1156 13 19 0

1921 1175 54 22 Rum
1984 1182 6 15 :
2005 1176 25 21 P.
2041 1175 26 22 B.
2079 1175 34 27 P.,
2128 1183 41 20 per
2177 1176 77 27 gallon

2042 1202 23 23 in
2081 1203 62 22 bond
2266 1207 14 19 0
2307 1206 15 21 4
2349 1207 13 20 3
2380 1220 19 7 ..
2417 1208 13 20 0
2456 1208 14 21 0
2497 1210 13 20 0

1920 1230 89 22 Sugar:
2027 1229 120 24 Mauritius
2157 1238 42 20 per
2206 1235 48 19 cwt.
2268 1234 14 19 0
2310 1234 14 19 0
2352 1234 14 20 0
2383 1246 19 7 ..
2433 1240 56 16 none

2030 1257 82 22 Brown
2126 1257 56 22 ditto
2200 1261 77 20 ....0
2305 1261 14 20 0
2348 1261 81 21 0..0
2455 1263 14 19 0
2496 1265 13 18 0

2029 1284 99 23 Refined
2143 1285 55 28 loaf,
2215 1293 40 21 per

2054 1312 25 21 lb
2265 1315 15 20 0
2307 1315 14 20 0
2349 1314 13 21 5
2380 1329 18 5 ..
2417 1317 13 19 0
2456 1317 13 19 0
2496 1318 14 20 6

2030 1338 98 23 Manilla
2146 1347 41 20 per
2201 1344 48 18 cwt.
2265 1342 11 20 1
2305 1343 14 19 0
2348 1343 14 19 0
2378 1355 19 7 ..
2417 1343 9 20 1
2458 1343 52 22 16

1920 1366 73 22 Salt:
2009 1366 129 28 Liverpool,
2147 1374 41 20 per
2198 1371 39 19 t0n
2245 1367 34 22 .15
2307 1370 14 20 0
2349 1370 13 20 0
2380 1369 50 22 ..18
2456 1371 14 20 0
2497 1373 13 19 0

1921 1394 60 20 Soap
1989 1401 6 13 :
2022 1393 104 22 Hawes's
2148 1394 105 27 London,
2355 1397 14 9 w

2046 1428 41 18 per
2095 1424 40 18 ton
2240 1423 39 20 .40
2306 1424 14 20 0
2349 1425 13 19 0
2380 1437 17 6 ..
2416 1426 13 18 0
2456 1425 14 21 0
2498 1427 13 19 0

2038 1448 123 27 Liverpool
2228 1449 50 21 ..35
2307 1451 13 19 0
2349 1452 14 19 0
2379 1464 19 6 ..
2416 1453 13 19 0
2456 1452 14 20 0
2497 1454 13 19 0

1920 1475 92 22 Starch
2020 1482 5 14 :
2041 1474 43 22 Per
2092 1474 24 22 lb
2266 1478 15 20 0
2308 1479 13 19 0
2348 1477 14 21 5
2380 1491 6 7 .
2393 1491 6 7 .
2416 1479 14 20 0
2456 1480 14 20 0
2498 1481 13 19 0

1919 1501 144 23 Scantling:
2079 1501 45 23 Per
2131 1503 40 22 100
2180 1503 68 22 feet..
2267 1505 14 19 0
2307 1505 14 19 6
2350 1505 14 21 0
2381 1519 18 6 ..
2417 1507 13 19 0
2457 1507 13 21 8
2500 1508 11 19 0

1920 1529 116 22 Shingles
2043 1536 6 14 :
2065 1529 44 22 Per
2116 1530 62 27 1000,
2187 1530 29 22 N.
2225 1531 26 21 Z.
2266 1532 14 20 0
2307 1533 14 19 6
2349 1533 13 20 0
2380 1546 6 6 .
2393 1547 6 5 .
2416 1534 13 19 0
2444 1533 26 21 10
2499 1535 11 19 0

2050 1557 72 28 Ditto,
2144 1556 29 24 V.
2183 1557 31 23 D.
2225 1557 25 23 L.
2266 1559 13 20 0
2307 1559 14 21 0
2349 1560 14 20 0
2380 1573 5 6 .
2392 1573 6 6 .
2416 1561 54 20 012
2497 1563 13 18 0

1919 1583 64 23 Tak;
1998 1583 55 23 Coal
2267 1587 10 19 1
2307 1588 13 19 0
2349 1587 14 20 0
2380 1601 19 5 ..
2418 1587 11 20 1
2457 1587 13 21 5
2499 1589 12 19 0

2001 1611 133 23 Stockholm
2267 1614 14 20 2
2308 1615 14 19 0
2349 1615 81 20 0..0
2457 1616 13 19 0
2499 1616 12 20 0

1919 1638 49 22 Tea
1978 1646 5 14 :
1992 1638 82 28 Hyson
2078 1638 57 27 skin,
2141 1646 40 21 per
2191 1639 62 22 chest
2267 1641 14 20 4
2307 1642 15 19 0
2349 1641 14 20 0
2380 1655 19 6 ..
2416 1643 14 20 6
2456 1643 14 20 6
2498 1644 14 19 0

1968 1687 5 5 .
1995 1666 95 27 Congou
2266 1669 13 20 8
2307 1669 14 19 0
2349 1668 80 22 0..13
2456 1670 14 21 0
2498 1670 13 20 0

1919 1692 106 23 Tobacco
2034 1700 5 14 :
2053 1693 144 28 Negrohead,
2214 1702 40 19 per

2079 1719 31 23 lb.
2123 1721 25 21 in
2164 1721 61 22 bond
2265 1723 14 20 0
2308 1722 10 21 1
2349 1724 36 19 6.
2392 1737 7 6 .
2416 1725 13 19 0
2458 1724 9 20 1
2498 1724 12 20 0

1919 1746 165 23 Turpentine:
2101 1748 43 21 Per
2148 1747 99 28 gallon..
2266 1750 13 19 0
2307 1750 14 21 7
2349 1751 13 19 6
2380 1764 19 5 ..
2417 1752 14 19 0
2457 1752 13 19 8
2498 1752 13 19 0

1920 1773 163 24 Whalebone:
2100 1775 43 22 Per
2152 1778 40 19 ton
2254 1777 41 21 100
2308 1778 14 19 0
2350 1778 13 19 0
2380 1778 64 20 ..120
2458 1780 13 19 0
2500 1780 12 19 0

1920 1801 83 22 Wine:
2020 1801 88 29 Sherry,
2119 1809 40 21 per
2168 1803 51 27 pipe
2229 1818 18 5 ..
2253 1802 26 23 20
2306 1806 15 19 0
2350 1805 12 20 0
2380 1806 50 19 ..40
2457 1806 13 19 0
2500 1806 12 19 0

1913 1850 4 3 .
2030 1829 71 28 Ditto,
2117 1837 41 19 per
2172 1829 79 23 dozen.
2268 1832 9 19 1
2307 1832 14 20 0
2349 1832 13 20 0
2380 1845 19 6 ..
2416 1833 13 19 2
2457 1834 13 19 0
2500 1834 12 19 0

2030 1856 61 27 Port,
2101 1863 41 21 per
2151 1856 51 28 pipe
2227 1858 50 21 ..25
2306 1860 13 19 0
2347 1860 14 19 0
2378 1859 50 21 ..40
2455 1860 14 21 0
2497 1860 13 20 0

2098 1891 40 20 per
2147 1884 50 21 doz.
2227 1899 5 6 .
2239 1900 5 5 .
2265 1886 10 20 1
2305 1887 14 19 0
2347 1887 13 20 0
2377 1900 6 5 .
2390 1900 6 5 .
2413 1887 14 21 2
2454 1888 14 19 0
2496 1888 13 19 0

2030 1911 150 28 Champagne,
2196 1911 55 22 ditto
2265 1914 14 19 0
2306 1914 14 20 0
2347 1914 14 19 0
2378 1926 19 7 ..
2415 1914 14 20 0
2456 1914 13 20 C
2499 1915 13 19 0

2030 1938 75 22 Claret
2265 1941 14 19 0
2294 1941 27 20 10
2349 1941 13 20 0
2379 1954 19 6 ..
2416 1942 14 19 0
2457 1942 13 19 0
2500 1942 13 19 0

1921 1965 121 22 Poultry:
2058 1966 80 26 Fowls,
2145 1973 40 20 per
2192 1966 59 27 pair.
2267 1968 12 20 0
2307 1968 14 20 3
2349 1968 13 20 6
2380 1981 18 6 ..
2416 1969 14 19 0
2456 1967 14 21 6
2500 1969 14 19 0

2009 2001 5 5 -
2056 1992 85 28 Ducks,
2153 1993 56 22 ditto
2229 2008 5 6 .
2242 2008 5 6 .
2266 1996 13 19 0
2307 1993 13 22 5
2349 1995 36 20 0.
2393 2008 5 6 .
2416 1996 14 19 0
2457 1996 13 19 8
2500 1996 13 20 0

2057 2020 81 26 Geese,
2150 2020 56 21 each
2228 2035 18 7 
2265 2022 14 19 0
2294 2022 26 20 10
2348 2022 13 19 0
2378 2034 19 7 ..
2415 2022 54 20 012
2500 2023 12 19 0

2043 2056 6 7 «
2056 2046 110 28 Turkeys,
2178 2046 55 23 each
2270 2048 9 21 1
2308 2048 14 21 0
2350 2049 13 20 0
2382 2062 18 5 ..
2420 2049 10 20 1
2458 2049 13 20 5
2500 2050 14 19 0

2058 2073 104 27 Pigeons,
2173 2074 79 28 (wild,)

2084 2107 42 21 per
2134 2100 49 28 pair
2203 2103 78 20 ....0
2308 2103 14 18 0
2350 2102 81 21 0..0
2457 2104 13 19 0
2498 2104 14 19 0

2058 2127 85 28 Ducks,
2151 2128 37 21 do.
2199 2128 51 21 do..
2268 2130 14 20 0
2308 2129 14 20 5
2351 2129 13 20 0
2382 2143 18 6 ..
2418 2131 13 19 0
2459 2131 13 19 0
2500 2131 13 19 0

1923 2155 72 21 Eggs:
2013 2155 42 21 Per
2067 2154 71 22 dozen
2150 2154 46 21 ...'.
2269 2157 13 20 0
2311 2157 10 19 1
2351 2156 13 20 6
2382 2169 19 7 ..
2418 2158 13 18 0
2460 2160 12 18 0
2500 2158 13 20 0

1922 2182 83 22 Cows:
2005 2182 83 22 Milch
2177 2177 6 24 i
2256 2184 26 20 12
2310 2185 14 19 0
2351 2185 81 20 0..20
2459 2186 13 18 0
2501 2186 12 18 0

1922 2210 97 22 Mares:
2034 2209 77 22 Brood
2254 2211 27 21 20
2308 2211 15 20 0
2350 2211 13 20 0
2381 2211 49 21 ..70
2459 2213 13 18 0
2500 2213 12 19 0

1922 2236 117 23 Working
2055 2236 121 22 Bullocks
2185 2244 5 14 :
2212 2236 44 22 Per

1948 2264 49 28 pair
2093 2278 8 13 
2255 2265 28 21 30
2309 2266 15 19 0
2351 2265 14 21 0
2382 2265 49 21 ..35
2460 2267 14 19 0
2500 2265 13 21 0

1922 2291 64 22 Hire
1997 2298 26 15 of
2034 2298 69 14 ditto
2110 2298 6 14 :
2131 2291 44 22 Per
2183 2291 50 28 day,
2242 2298 14 14 a

1949 2322 61 18 team
2019 2317 46 23 and
2072 2317 76 23 driver
2269 2321 13 19 0
2296 2319 28 21 15
2352 2320 13 19 0
2383 2333 18 6 ..
2419 2321 13 19 0
2460 2321 13 19 0
2500 2321 14 19 0

1922 2345 89 23 Sheep:
2026 2344 72 22 Each.
2185 2353 9 12 -.
2267 2347 14 21 0
2296 2346 26 20 15
2350 2348 14 19 0
2381 2359 19 7 ..
2420 2347 8 21 1
2458 2347 13 20 5
2499 2348 13 20 0

1921 2373 64 22 Boat
1996 2372 74 23 Hire:
2087 2372 43 22 Per
2135 2372 51 27 day,
2194 2373 62 21 with-

2114 2403 40 19 out
2164 2398 72 24 hands
2245 2402 36 20 .0
2296 2401 27 21 10
2351 2402 13 20 0
2382 2415 6 6 .
2394 2415 6 6 .
2421 2402 6 19 1
2460 2403 14 19 0
2500 2403 13 19 0

1923 2427 97 23 Wages:
2049 2426 142 27 Mechanics,
2211 2432 45 23 'per

2084 2454 44 27 day
2269 2457 14 20 0
2310 2457 15 20 6
2352 2457 14 19 0
2383 2469 19 7 ..
2420 2458 12 19 0
2460 2457 14 20 8
2501 2457 13 20 0

2058 2481 129 23 Labourers
2204 2484 78 20 ....0
2308 2484 15 20 3
2350 2484 14 20 0
2382 2497 7 7 .
2394 2496 6 6 .
2418 2484 13 20 0
2459 2484 13 20 5
2500 2485 13 19 0

1921 2509 82 22 Bark:
2018 2509 30 22 N.
2060 2509 27 21 Z.
2097 2516 41 20 per
2147 2512 38 19 ton
2263 2510 14 21 3
2305 2512 14 19 0
2347 2510 14 21 0
2378 2523 19 7 ..
2413 2511 15 20 4
2455 2512 14 19 0
2496 2512 13 19 0

1922 2537 79 22 Black
2011 2536 52 22 Dye
2072 2543 10 14 :.
2090 2536 30 21 N.
2128 2536 26 21 Z.
2162 2543 41 20 per
2210 2538 39 20 ton
2263 2537 13 20 5
2305 2538 14 20 0
2347 2538 14 19 0
2378 2552 5 5 .
2390 2550 5 6 .
2415 2539 12 19 6
2455 2538 14 21 0
2497 2539 13 20 0

1922 2563 87 22 Wool:
2024 2563 68 22 N.Z.
2101 2563 82 28 perlb.
2200 2578 44 6 ....
2263 2566 14 19 0
2305 2566 14 19 0
2347 2565 14 20 9
2379 2578 18 6 ..
2415 2567 13 19 0
2459 2566 9 19 I
2497 2566 14 19 0

1921 2591 114 22 Timber:'
2053 2591 30 21 N.
2104 2590 26 22 Z.
2141 2591 113 22 furniture

1948 2618 146 27 perlOOfeet
2267 2620 14 21 2
2308 2620 15 20 0
2350 2620 14 19 0
2383 2632 18 7 ..
2418 2620 13 20 2
2446 2619 27 21 10
2500 2620 14 20 0

1923 2645 123 22 Cordage:
2056 2644 95 27 English
2157 2653 40 20 per
2204 2650 49 17 cwt.
2268 2648 14 19 3
2309 2646 14 20 5
2352 2647 14 20 0
2384 2660 18 5 ..
2421 2648 13 19 0
2462 2648 13 19 0
2502 2648 12 19 0

2049 2672 32 22 N.
2087 2672 26 22 Z.
2119 2673 95 21 without
2220 2676 35 18 tar
2267 2674 15 21 3
2310 2674 15 21 0
2352 2674 14 19 0
2385 2687 18 6 ..
2421 2675 13 20 0
2462 2675 14 20 0
2502 2675 14 20 0

1922 2699 119 22 Canvass:
2057 2707 41 19 per
2112 2699 47 22 bolt
2270 2702 10 19 1
2297 2700 27 21 15
2352 2701 14 20 0
2383 2713 20 8 ..
2421 2702 13 20 2
2461 2700 14 21 5
2503 2702 13 19 0

1923 2726 105 22 Copper:
2044 2726 104 28 sheeting
2168 2734 41 20 per
2222 2726 31 22 lb.
2268 2730 14 19 0
2311 2728 11 20 1
2352 2728 15 20 6
2385 2740 17 8 ..
2420 2729 14 20 0
2462 2729 15 20 0
2503 2729 13 20 0

2041 2754 65 21 Bolts
2268 2756 14 21 0
2310 2754 12 21 1
2352 2756 50 19 9..
2420 2756 14 21 0
2462 2756 15 21 0
2503 2756 13 20 0

2040 2781 67 22 Nails
2268 2784 14 20 0
2310 2777 28 26 5'
2352 2783 21 20 0*
2385 2795 17 6 ..
2421 2783 14 20 0
2463 2784 15 19 6
2503 2783 14 20 0

1923 2808 81 22 Lead:
2020 2808 64 22 sheet
2092 2816 41 20 per
2143 2812 41 19 ton
2202 2810 79 21 ....30
2308 2810 15 21 0
2350 2810 15 20 0
2383 2809 49 22 ..35
2462 2811 14 20 0
2502 2810 14 20 0

1923 2835 61 22 Iron
1993 2843 6 14 :
2009 2835 97 28 English
2115 2836 42 22 bar
2166 2844 42 20 per
2217 2837 67 21 tonl4
2312 2838 16 20 O
2353 2837 15 20 0
2386 2850 6 6 .
2398 2850 6 6 .
2422 2838 14 20 0
2463 2838 15 19 0
2504 2838 14 19 0

2006 2862 69 29 Hoop
2084 2870 40 22 per
2131 2867 39 19 ton
2253 2864 28 21 25
2309 2865 15 20 0
2350 2864 14 21 0
2384 2877 18 7 ..
2420 2865 14 20 0
2461 2864 15 21 0
2502 2864 14 20 0

1924 2890 45 22 Oil
1981 2889 79 23 Butts
2070 2898 5 14 :
2099 2890 116 23 Gordon's
2234 2898 26 15 or

2071 2918 72 22 Mills'
2150 2926 40 20 per
2199 2918 55 29 imp.

2070 2948 42 20 tun
2267 2947 14 21 3
2308 2946 16 21 0
2350 2946 14 20 0
2382 2958 19 7 ..
2418 2945 14 21 3
2446 2944 28 22 15
2501 2945 14 20 0

2161 2973 123 22 DUTIES.

1925 3001 100 22 British
2035 3001 94 22 Spirits
2344 3001 34 20 4s.
2387 3006 38 21 per
2434 2998 84 27 gallon.

1925 3027 107 23 Foreign
2042 3027 58 23 ditto
2344 3027 33 21 sg.
2387 3033 38 20 per
2432 3025 90 28 gallon.-

1925 3055 107 22 Tobacco
2041 3055 179 27 manufactured,
2348 3055 30 20 Is.
2386 3060 39 21 per
2433 3053 32 21 lb.

2040 3082 208 23 Unmanufactured
2344 3080 37 22 sJd.
2390 3087 40 20 per
2437 3079 33 22 lb.

1926 3110 76 22 Snuff
2185 3114 21 17 X
2343 3109 33 19 2s.
2385 3113 39 20 per
2431 3106 33 22 lb.

1927 3137 87 21 Cigars
2345 3135 33 21 2s.
2387 3140 39 21 per
2434 3132 32 22 lb.

1927 3163 90 26 Winer-
2336 3159 35 25 15,
2375 3166 40 21 per
2422 3163 60 19 cent.
2488 3161 7 19 !

1926 3191 57 26 Tea,
1997 3191 86 26 Sugar,
2100 3190 87 26 Flour,

1945 3217 46 22 and
2000 3217 64 22 other
2075 3217 86 26 Grain,
2172 3217 14 21 5
2195 3222 39 21 per
2243 3217 59 20 cent.
2315 3213 6 23 I
2362 3228 11 8 *
2413 3228 7 8 ,
2472 3232 4 4 .

1926 3245 40 21 All
1975 3244 64 22 other
2047 3243 108 23 Foreign
2160 3241 143 28 productions
2314 3234 14 42 f
2346 3234 30 17 att
2385 3234 101 18 YalojrBm
2487 3245 7 7 «

1940 3270 45 23 and
1989 3270 168 23 manufactures
2165 3271 26 20 10
2196 3275 40 22 per
2243 3272 59 20 cent.
2307 3265 15 31 J

2129 3302 189 24 EXCHANGE.

1926 3344 68 22 Bank
2002 3342 52 23 bills
2063 3350 30 15 on
2103 3342 96 23 London
2216 3329 66 45 '{30
2292 3330 22 23 &
2325 3333 28 20 60
2366 3332 14 22 <*
2382 3339 27 14 ay
2411 3340 9 14 »
2430 3332 19 22 si
2449 3339 16 20 *
2464 3332 26 22 bt
2490 3347 6 12 »
2506 3333 14 21 2

2237 3360 13 24 L
2259 3380 3 4 .
2281 3365 42 21 per
2333 3362 59 19 cent,
2402 3366 117 21 premium*

1927 3383 35 22 On
1971 3382 91 29 Sydney
2351 3386 73 23 Ditto.
2442 3385 6 6 '

1926 3410 89 24 Private
2024 3410 53 23 bills
2328 3413 115 23 Nominal.

1301 3207 223 25 WHOLESALE
1555 3207 127 25 PRICES
1717 3207 177 24 CURRENT.

1403 3253 135 15 CORRECTED
1553 3252 30 15 TJJP
1597 3252 29 15 TO
1641 3252 57 15 LAST
1714 3252 81 14 NIGHT.

1648 3271 17 18 £
1688 3276 15 13 a.
1728 3272 17 16 d.
1802 3271 17 17 £
1884 3271 11 16 d

1303 3301 176 29 ALirperhhd
1648 3302 15 21 0
1691 3302 14 19 0
1731 3302 14 20 0
1762 3314 19 7 ..
1801 3302 15 20 0
1844 3302 14 20 0
1886 3302 12 19 0

1480 3341 41 21 per
1525 3333 103 22 barrel..
1646 3335 16 21 0
1691 3335 14 20 0
1731 3335 14 20 0
1762 3347 19 6 ..
1801 3334 14 20 0
1844 3334 14 20 0
1886 3334 12 19 0

1480 3367 93 27 perdoz
1651 3369 14 20 0
1679 3368 26 20 11
1733 3369 14 19 0
1764 3381 19 6 ..
1802 3368 14 19 0
1831 3368 27 20 13
1885 3368 14 19 0

1384 3401 30 23 N.
1426 3401 25 23 Z.
1463 3409 39 20 per
1510 3401 79 28 gallon
1609 3416 5 6 .
1621 3417 5 5 .
1646 3403 14 20 0
1688 3403 13 20 2
1729 3403 13 20 0
1761 3416 5 5 .
1774 3415 5 7 .
1798 3403 14 19 0
1841 3402 14 20 0
1885 3401 13 20 0

1304 3437 99 22 Arrack
1411 3443 6 14 :
1433 3436 44 22 Per
1485 3436 46 27 gal.
1540 3436 26 21 in
1574 3435 63 23 bond
1650 3437 14 19 0
1693 3436 12 19 1
1733 3436 14 20 6
1763 3448 6 7 .
1776 3448 5 7 .
1801 3436 14 19 0
1842 3435 16 20 2
1884 3438 13 19 0

1303 3471 95 22 Bread:
1413 3469 45 21 Per
1465 3468 45 22 2lb.
1522 3468 52 22 loaf
1652 3469 15 20 0
1694 3469 14 19 0
1733 3468 14 20 5
1764 3481 19 6 ..
1802 3468 14 20 0
1845 3468 24 23 0.
1886 3468 13 20 6

1303 3502 74 23 Beef:
1394 3499 78 28 Fresh,
1490 3506 92 15 carcase
1597 3506 42 21 per

1421 3532 24 23 lb
1647 3532 14 21 0
1689 3532 13 19 0
1730 3532 13 21 8
1762 3545 18 7 ..
1800 3532 15 21 0
1843 3532 14 21 0
1874 3532 22 21 11

1413 3564 54 27 Salt,
1477 3570 41 22 per
1531 3563 70 22 tierce
1613 3577 20 7 ..
1652 3563 11 21 1
1680 3564 27 22 10
1733 3565 14 20 0
1764 3577 19 7 ..
1801 3564 15 21 3
1844 3565 15 21 0
1884 3566 14 19 0

1304 3599 95 23 Butter
1406 3604 7 15 :
1428 3595 67 29 Irish,
1503 3602 44 22 per
1554 3595 31 22 lb.
1610 3608 6 7 .
1622 3608 6 8 .
1648 3596 15 20 0
1690 3596 15 21 0
1731 3596 14 21 9
1762 3610 7 5 .
1775 3610 6 6 .
1801 3597 14 20 0
1846 3597 54 21 10

1426 3628 70 22 Fresh
1622 3619 10 28 *.
1651 3629 15 19 0
1694 3628 11 20 1
1733 3629 14 20 6
1764 3642 19 6 ..
1802 3629 15 21 0
1845 3630 15 20 0
1886 3631 19 26 0,

1304 3664 112 23 Brandy:
1431 3661 60 22 First
1496 3659 94 29 quality,
1599 3666 40 21 per

1454 3693 77 29 gallon
1540 3692 25 23 in
1574 3692 63 22 bond
1650 3693 15 20 0
1692 3692 13 22 5
1733 3695 14 20 0
1764 3708 5 6 .
1776 3708 6 7 .
1802 3695 14 21 0
1845 3693 15 23 7
1886 3695 14 21 6

1304 3728 88 23 Brown
1411 3727 75 22 Stout
1493 3733 5 14 :
1522 3731 42 21 per
1577 3723 55 23 hhd.
1647 3725 14 20 5
1689 3726 15 20 0
1729 3727 37 21 0.
1773 3741 7 7 .
1801 3727 57 22 610
1886 3728 14 20 0

1305 3763 89 22 Cigars
1400 3768 7 14 :
1418 3759 104 27 Manilla,
1531 3765 40 21 per
1576 3760 61 26 1000,

1454 3793 97 29 inbonjd.
1651 3795 15 20 2
1694 3795 13 20 0
1733 3796 14 20 0
1764 3809 19 8 ..
1802 3797 16 20 3
1846 3798 15 19 0
1887 3797 15 20 0

1414 3828 171 27 Chinsurahper
1592 3829 39 21 100
1653 3829 12 20 1
1694 3830 14 20 0
1735 3831 15 20 0
1766 3843 21 7 ..
1804 3832 14 20 0
1846 3833 15 19 0
1888 3833 13 20 0

1304 3865 90 22 Coffee
1402 3869 5 14 :
1420 3861 64 26 Java,
1494 3868 41 21 per
1543 3859 24 23 lb
1653 3862 14 21 0
1695 3862 15 21 0
1735 3863 14 20 3
1766 3876 6 7 .
1778 3876 9 7 .
1804 3865 14 19 0
1846 3865 15 20 0
1887 3865 14 20 0

1304 3898 104 22 Cheese:
1424 3894 107 22 Cheshire
1651 3895 14 21 0
1694 3895 11 20 1
1732 3895 86 21 4..0
1847 3896 11 20 1
1886 3896 16 21 6

1423 3927 57 22 Pine
1489 3925 77 30 Apple
1587 3940 47 8 ....
1652 3928 15 21 0
1694 3928 13 20 1
1734 3928 14 21 2
1766 3941 20 7 ..
1804 3929 15 20 0
1846 3929 16 20 0
1888 3929 14 20 0

1423 3958 77 24 Dutch
1652 3960 15 21 0
1694 3960 14 21 0
1735 3960 13 21 8
1765 3972 21 9 ..
1804 3961 14 20 0
1846 3960 56 21 010

1418 3991 30 23 N.
1459 3990 27 24 Z.
1496 3989 80 29 p«rlb.
1651 3992 23 23 O,
1695 3991 10 21 1
1733 3992 14 20 C
1765 4004 20 10 
1804 3993 14 19 0
1846 3993 16 19 O
1887 3993 15 20 0
