2550 4039
826 955 123 14 LATEST
965 955 111 14 DATES.

672 988 80 15 London
837 988 46 17 May
905 988 26 14 15.
943 988 4 17 |
960 988 74 14 Nelson
1149 988 53 21 Sept.
1215 988 26 18 17.

672 1005 102 19 Auckland
834 1005 48 22 July
911 1007 25 15 20.
966 1005 46 18 New
1018 1006 106 21 Plymouth
1130 1020 14 5 ..
1159 1009 48 21 July
1213 1010 28 16 26.

672 1028 78 21 Sydney
765 1026 114 22 .......Sep.
921 1028 15 16 1.
966 1027 42 21 Bay
1015 1028 22 16 of
1048 1028 96 18 Islands..
1150 1029 44 18 Feb.
1222 1028 20 20 '4.

672 1049 42 17 Van
740 1048 94 18 Dicraan's
966 1048 47 17 Port
1022 1049 75 22 Phillip
1152 1051 51 22 Aug.
1225 1052 17 17 2.

692 1069 55 18 Land
834 1069 46 21 May
910 1069 26 18 27.
965 1069 95 18 Adelaide
1149 1072 49 17 Mar.
1213 1074 28 16 28.

681 1108 40 17 The
729 1108 92 22 following
827 1112 34 13 are
869 1108 35 17 tha
912 1109 78 20 quarter
1001 1108 49 22 days
1058 1109 23 17 of
1090 1109 40 18 this
1137 1115 60 17 paper
1204 1116 5 12 :—:
1210 1120 23 3 —

771 1136 61 17 March
1096 1139 49 17 31st.

768 1165 45 18 June
1095 1167 50 17 30th.

769 1193 127 21 September..
945 1206 14 5 
1020 1206 5 5 .
1076 1196 71 16 ..30th.

769 1221 99 17 December
1095 1224 48 16 31st.

682 1249 83 18 Persons
773 1249 103 22 previously
884 1251 21 16 to
918 1250 149 23 discontinuing'
1077 1252 53 16 their
1136 1257 70 17 paper?
1215 1252 35 18 and

664 1277 158 22 advertisements,
830 1279 55 16 must
893 1279 56 17 settle
957 1278 33 18 the
1001 1281 95 16 accounts
1105 1280 36 17 due
1149 1285 26 17 up
1188 1282 20 16 to
1220 1282 30 17 the

664 1306 52 14 date.

703 1591 69 21 AND
787 1591 211 24 WELLINGTON
1018 1593 191 24 SPECTATOR.

751 1658 4 5 •
778 1646 124 25 Saturday,
920 1647 107 22 October.
1042 1649 21 24 8,
1079 1649 60 21 1842.

96 2149 172 23 SHIPPING
287 2149 280 23 INTELLIGENCE.

261 2204 143 21 ARRIVED.

65 2239 99 20 October
181 2240 20 23 5,
213 2240 104 19 schooner
333 2239 72 26 Union,
418 2240 26 19 35
462 2242 57 22 tons,
531 2239 55 20 from
598 2240 37 19 the

32 2270 73 17 ■coast.

66 2294 94 21 October
176 2295 20 24 6,
207 2294 79 26 barque
302 2295 72 26 Eagle,
392 2295 42 20 438
453 2297 57 22 tons,
533 2295 102 26 Buckley,

36 2323 54 20 from
101 2322 117 20 Newcastle
229 2322 52 20 New
292 2322 67 20 South.
369 2322 72 20 Wales
451 2323 34 19 via
495 2322 92 21 Nelson.

66 2350 93 20 October
170 2350 19 26 7,
201 2352 70 17 cutter
279 2350 115 27 Pickwick,
406 2351 27 19 38
444 2352 58 22 tons,
514 2351 57 20 from
583 2350 52 21 Port

40 2378 89 20 Nelson.

67 2406 60 19 Same
145 2405 48 26 day,
205 2405 79 26 barque
300 2406 104 23 Arachne,
425 2406 42 20 396
481 2409 57 21 tons,
551 2406 84 23 Pearce,

40 2433 55 21 from
113 2432 97 27 Sydney;
227 2433 51 20 with
290 2433 39 20 110
347 2433 53 20 head
416 2434 25 19 of
453 2433 72 25 cattle,
537 2435 47 23 &c,
595 2433 42 20 and

36 2466 133 21 passengers.

275 2505 116 21 SAILED.

67 2539 94 20 October
171 2540 21 24 5,
201 2538 121 27 brigantine
334 2540 94 24 Success,
441 2540 26 20 82
479 2543 58 21 tons,
549 2540 87 25 Mason,

84 2567 36 20 the
130 2569 67 19 coast.

68 2594 61 20 Same
139 2595 41 25 day
187 2594 47 26 brig
244 2594 61 20 Lord
314 2595 90 26 Hobart,
415 2596 26 19 16
446 2595 9 19 L
467 2597 34 24 ton
501 2597 23 24 3,
537 2595 99 25 Kelman,

40 2622 34 20 for
84 2621 97 20 Twofold
191 2621 53 26 Bay.

67 2649 94 21 October
176 2649 23 25 7,
211 2649 78 26 barque
306 2650 70 27 Regia,
397 2650 40 20 180
456 2652 56 23 tons,
526 2649 63 27 Kyle,
601 2650 36 21 for

36 2677 41 19 .the
87 2679 68 18 coast.

268 2722 33 21 IN
316 2723 86 22 PORT.

65 2757 87 26 Barque
168 2758 116 25 Clydeside,
294 2759 41 20 256
351 2761 58 22 tons,
429 2759 135 25 Mathieson,
578 2761 59 19 refit-

37 2786 57 26 ting.
124 2785 68 21 Waitt
201 2786 41 20 and
252 2786 74 26 Tyser,
334 2787 89 26 Agents.

67 2813 85 26 Barque
160 2813 128 27 Indemnity,
299 2815 41 20 450
357 2818 58 21 tons,
432 2815 89 25 Adams,
532 2816 107 26 jefitting.

39 2841 90 26 Agents,
141 2841 69 20 Waitt
220 2842 42 19 and
272 2842 75 26 Tyser.

68 2868 111 21 Schooner
203 2870 57 26 Ann,
286 2871 27 19 22
339 2874 56 21 tons,
422 2870 86 25 Brown,
533 2872 45 19 laid
601 2878 38 20 up.

40 2897 79 25 Agent,
131 2896 68 20 Waitt
209 2898 42 19 and
261 2898 75 26 Tyser.

68 2924 110 21 Schooner
194 2925 81 25 Maori,
287 2927 25 19 15
328 2929 56 17 tons.
414 2926 42 21 For
471 2927 36 20 the
522 2929 60 18 coast
597 2928 43 19 and

41 2952 92 21 Nelson.

68 2980 109 21 Schooner
187 2981 99 24 Look-in,
295 2980 26 20 82
334 2982 55 24 tons,
399 2981 83 27 Finlay.
522 2982 66 20 Wade
598 2983 43 19 and

42 3008 47 24 Co.,
99 3008 90 26 Agents,

69 3035 206 25 SpkooperjrMana,'
284 3036 26 20 27
328 3039 56 23 torn,
397 3037 84 27 Swany.
512 3038 72 20 Willis
598 3039 43 20 and

39 3063 35 20 •Co
86 3077 6 8 ,
102 3063 133 26 Agents./'],
248 3072 39 19 _/,
313 3068 82 19 •!„<■,,;.-
430 3071 11 13 <
455 3083 5 7 x
518 3079 3 5 .
553 3079 2 4 .

38 3111 8 3 .
55 3090 123 24 ..Schooner
182 3091 126 27 .Elizabeth,
326 3093 26 20 75
369 3094 65 23 tons,-
442 3093 79 21 Smith.
551 3093 89 26 Agents,

43 3117 93 21 Wallace
147 3119 41 20 and
199 3118 102 23 Ca.V.ll.'
329 3126 30 13 xi
378 3119 65 21 ,'•)'.'_
467 3119 38 19 nC*
646 3120 2 22 ]

70 3145 52 26 Brig
141 3147 84 24 Nelson,
246 3146 110 22 M'Laren.
399 3148 90 26 Agents,
510 3148 70 21 Waitt
583 3154 4 8 :
599 3150 41 19 and

44 3173 74 25 Tyser.
432 3192 4 5 ,
505 3184 11 13 !(
555 3189 2 4 .
571 3179 6 17 >
597 3174 28 23 CJC
625 3178 3 17 J
647 3168 2 14 '

73 3200 84 27 Barque
171 3201 64 25 Mary
253 3202 57 26 Hay,
329 3203 79 21 Wolun.
442 3204 91 26 Agents,
555 3199 94 29 Rhodes!

45 3227 42 21 and
98 3227 31 21 Co
131 3242 33 13 V(i
181 3234 157 21 -;..'..'
404 3242 2 5 .
464 3242 6 9 L

73 3255 125 26 Brigantine
209 3255 119 27 Vanguard,
340 3258 24 20 61
375 3260 57 24 tons,
442 3259 102 21 Newton.
550 3274 3 3 •
574 3260 67 22 Waitt
648 3265 1 6 '

46 3283 42 20 and
98 3282 75 27 Tyser,
183 3282 87 26 Agents.
374 3301 3 6 ,
412 3296 2 6 ,

75 3310 110 21 Schooner
191 3310 62 25 Jane,
265 3311 25 20 15
300 3313 55 23 tons,
367 3313 83 28 Vendy.
475 3315 79 27 Agent,
566 3315 73 22 Wade.

74 3338 110 20 Schooner
193 3338 84 24 Henry,
324 3342 60 23 tons,-
397 3342 122 24 Daymond.
550 3343 89 23 Agents.

46 3365 94 21 Wallace
149 3365 42 20 and
202 3364 40 21 Co.
573 3373 4 3 -
633 3360 6 11 '

75 3393 114 25 S&oojaer-
194 3392 53 21 New
256 3393 122 27 Zealander,
390 3397 35 24 27,
440 3397 79 23 Guard.
550 3398 89 25 Agents,

47 3420 69 21 Waitt
125 3421 42 20 and
177 3420 74 26 Tyser.

45 3469 17 5 _
75 3448 109 21 Schooner
195 3448 78 23 Union,
284 3448 26 20 35
321 3450 55 19 tons.

74 3476 177 26 BarqnsifEagle,
271 3476 43 22 43P
333 3478 54 24 tons,
406 3477 102 28 Buckley.
548 3481 90 24 Agents,

48 3503 72 21 Willis
129 3502 44 22 and
182 3502 39 21 Co.
568 3493 12 14 5

77 3531 76 20 Cutter
162 3530 116 25 Pickwick,
288 3530 27 21 38
321 3532 59 20 ions.
401 3532 88 27 Agents,
500 3535 88 22 Rhodes
599 3538 42 20 and

49 3558 39 21 Co.
310 3564 213 20 /:>•..••
583 3576 3 3 •

76 3585 84 26 Barque
180 3587 106 24 Arachne,
305 3586 42 20 396
365 3587 58 24 jtons,
437 3587 85 22 Pearce.
552 3591 80 22 Agents

47 3613 71 21 Willis
127 3613 43 21 and
184 3613 37 21 Co.
323 3636 3 3 ,

700 1698 28 22 In
754 1705 40 15 our
808 1698 47 22 'last
877 1699 97 23 number
997 1707 34 15 we
1055 1701 133 23 announced
1212 1700 39 24 the

665 1731 71 22 result
750 1731 25 22 of
790 1731 30 24 the
834 1731 128 31 Municipal
982 1732 116 30 Election,
1112 1734 43 23 and
1167 1742 33 15 we
1213 1742 38 15 are

665 1764 75 31 happy
754 1764 21 22 in
788 1764 62 31 being
862 1765 52 23 able
926 1770 21 18 to
959 1770 59 19 state
1032 1767 49 23 that
1093 1771 40 19 not
1146 1767 53 31 only
1212 1776 39 15 are

664 1805 33 15 we
710 1797 97 24 satisfied
823 1798 53 23 with
899 1798 39 23 the
956 1799 109 24 selection
1084 1800 66 24 made
1169 1800 30 31 by
1214 1801 37 24 the

665 1831 102 30 Burgess
764 1854 7 5 x
769 1838 23 15 es
804 1831 21 23 of
838 1839 97 24 persons
947 1833 26 22 fit
984 1833 45 23 and
1041 1842 83 23 proper
1138 1838 21 19 to
1170 1834 28 23 be
1212 1834 38 23 the

665 1864 118 23 Members
803 1865 20 23 of
838 1873 42 16 our
899 1866 50 22 first
968 1866 105 29 Council,
1087 1868 43 22 but
1150 1875 32 16 we
1198 1876 52 22 may

665 1897 43 23 add
721 1905 32 15 we
773 1898 79 24 believe
874 1898 50 24 that
943 1899 19 23 is
983 1899 37 23 the
1041 1900 94 31 general
1156 1901 93 31 feeling.

665 1931 113 23 Previous
790 1936 25 24 to,
827 1931 45 24 and
885 1932 82 31 during
983 1933 39 23 the
1043 1934 42 30 day
1098 1934 26 23 of
1139 1934 38 23 tile
1190 1934 61 23 elec-

656 1974 2 4 •
665 1965 56 28 tion,
733 1972 33 15 we
778 1972 51 16 were
841 1973 66 23 sorry
920 1970 22 18 to
962 1967 96 23 observe
1079 1972 37 18 too
1130 1972 79 27 strong
1222 1976 28 15 an

665 1998 132 23 inclination
808 2003 19 19 to
848 1999 74 23 follow
945 2000 37 22 the
1002 2000 42 23 bad
1065 2001 44 23 and
1125 2000 127 32 degrading

665 2030 169 31 electioneering
846 2032 73 23 tricks
933 2033 23 23 of
966 2041 40 15 our
1019 2034 151 23 father-land.
1207 2035 44 22 We

665 2064 27 22 do
700 2064 58 30 hope
766 2065 42 22 and
814 2069 58 18 trust
879 2065 50 23 that
936 2066 131 23 henceforth
1074 2074 80 14 reason
1162 2067 44 22 and
1215 2075 35 14 re-

665 2096 91 23 flection
769 2096 42 23 will
820 2096 27 23 be
860 2096 38 24 the
919 2097 45 23 sole
984 2098 82 30 guides
1083 2099 25 22 of
1123 2106 41 16 our
1175 2099 75 23 fellow

665 2129 92 23 settlers
780 2130 22 22 in
820 2130 31 23 all
874 2134 93 19 matters
991 2132 125 23 connected
1136 2132 54 23 with
1213 2132 38 23 the

665 2163 101 23 exercise
780 2163 23 23 of
815 2162 36 24 the
870 2164 94 23 elective
982 2164 125 25 franchise.
1144 2166 107 30 Nothing

665 2204 41 15 can
720 2197 27 22 be
761 2204 55 15 more
827 2202 40 18 out
879 2197 26 23 of
920 2197 62 31 place
1003 2198 55 23 than
1073 2199 30 22 all
1116 2199 135 31 tomfoolery

665 2237 26 16 or
702 2230 100 30 frivolity
812 2238 24 15 on
855 2232 117 22 occasions
990 2233 25 22 of
1030 2232 39 23 the
1081 2232 65 24 kind.
1183 2233 68 30 They

665 2271 37 15 are
725 2263 53 31 only
792 2271 54 16 more
866 2265 119 30 unseemly
997 2266 23 23 in
1041 2268 134 22 connection
1196 2267 55 22 with

665 2296 104 31 religion.
805 2296 17 24 It
834 2298 82 23 should
930 2298 26 23 be
974 2306 49 16 our.
1028 2307 100 23 purpose
1140 2305 22 18 to
1175 2304 75 19 create

665 2331 45 22 and
722 2331 86 22 sustain
817 2330 36 24 the
864 2331 93 31 highest
968 2332 87 32 feeling
1064 2333 26 22 of
1105 2338 88 27 respect
1206 2334 45 23 and

662 2364 90 31 jealous
771 2364 75 30 regard
863 2364 37 24 for
921 2365 37 23 the
976 2365 44 24 due
1041 2367 103 23 exercise
1166 2367 24 23 of
1211 2367 40 25 the

665 2397 94 23 elective
779 2397 117 25 franchise.
940 2399 50 23 The
1013 2407 64 16 more
1102 2400 37 23 the
1163 2401 88 24 solemn

665 2431 55 30 duty
735 2431 20 22 is
776 2431 100 24 reflected
896 2440 69 23 upon,
985 2433 38 23 the
1043 2441 64 16 more
1126 2435 125 23 convinced

664 2464 46 23 will
722 2472 42 15 our
773 2464 66 24 fellow
852 2465 91 24 settlers
954 2466 93 24 become
1061 2467 24 22 of
1102 2466 38 25 the
1152 2473 99 18 correct-

665 2505 53 16 ness
731 2498 26 22 of
772 2498 42 23 this
828 2499 101 23 remark.
965 2499 75 25 Allow
1063 2501 38 23 the
1121 2501 54 32 duty
1187 2507 24 17 to
1223 2502 28 23 be

665 2532 127 23 associated
802 2532 47 23 with
863 2533 87 31 trifling
961 2541 87 21 scenes,
1064 2534 45 23 and
1121 2536 131 30 corruption

665 2565 44 23 and
721 2564 118 32 disrespect
853 2566 32 22 for
898 2567 30 22 its
946 2567 140 31 importance
1098 2573 61 19 must
1172 2569 27 23 be
1213 2569 38 23 the

665 2606 157 23 consequence.
861 2599 63 23 How
945 2608 40 15 can
1006 2600 98 25 electors
1124 2602 50 23 who
1187 2603 64 31 place

665 2640 31 16 no
708 2636 61 19 store
781 2640 55 23 upon
848 2632 38 24 the
901 2634 139 30 importance
1055 2635 26 23 of
1095 2635 38 23 the
1146 2635 105 30 election,

666 2673 53 16 ever
730 2665 59 31 hope
802 2665 42 24 that
864 2666 67 23 those
951 2668 52 30 they
1014 2668 60 23 elect
1092 2673 24 19 to
1134 2674 119 26 represent

665 2699 71 28 them,
748 2699 46 23 will
805 2700 72 23 evince
889 2708 14 14 a
912 2700 72 24 better
996 2706 59 19 state
1068 2701 25 23 of
1101 2703 70 23 mind.
1208 2703 45 23 We

665 2740 38 16 are
715 2733 117 23 convinced
841 2741 41 15 our
889 2733 75 24 fellow
976 2735 92 24 settlers
1081 2735 46 24 will
1138 2736 115 24 hereafter

667 2771 35 19 set
719 2774 30 16 an
773 2767 96 30 example
893 2775 31 16 on
945 2767 62 25 these
1030 2776 70 23 grave
1127 2771 124 28 occasions,

666 2799 75 24 which
769 2807 49 23 may
844 2808 57 16 even
930 2809 68 23 prove
1020 2802 122 24 beneficial
1164 2804 22 23 in
1213 2812 41 15 our

667 2834 199 31 mother-country.

703 2866 50 23 Our
765 2867 91 31 suffrage
869 2869 20 22 is
899 2868 78 32 nearly
990 2870 124 29 universal,
1128 2871 43 23 and
1184 2879 69 23 many

667 2899 45 23 had
731 2900 60 23 their
808 2901 132 32 misgivings
959 2910 24 16 as
1006 2907 21 19 to
1048 2903 38 23 the
1100 2904 65 24 effect
1183 2905 27 23 of
1225 2912 28 16 an

668 2933 148 30 experiment,
825 2934 73 23 which
918 2935 41 23 has
970 2943 63 17 more
1045 2936 36 24 for
1098 2938 60 30 good
1175 2946 24 15 or
1218 2938 35 23 for

669 2966 42 24 evil
724 2967 24 22 in
767 2967 18 22 it
797 2968 47 22 than
864 2968 38 23 the
922 2969 65 23 mode
1007 2971 24 22 in
1050 2969 74 25 which
1144 2980 40 15 our
1204 2980 49 15 own

668 2999 58 24 local
745 3000 75 23 affairs
830 3008 37 17 are
886 3002 120 31 managed.
1036 3003 56 24 'But
1110 3004 86 32 though
1215 3005 38 24 the

668 3032 143 24 inestimable
825 3034 61 31 right
897 3042 48 16 was
962 3035 117 25 exercised
1097 3037 31 31 by
1139 3039 38 23 the
1188 3044 67 26 great

668 3067 108 31 majority
788 3067 25 26 of
824 3068 93 23 electors
929 3068 35 24 for
982 3070 37 23 the
1032 3070 51 24 first
1095 3072 61 29 time,
1170 3080 33 15 we
1215 3068 46 27 are'

668 3099 80 32 proud'
757 3105 26 19 to
803 3104 33 28 sdy
849 3102 42 22 the,
905 3102 77 27 result,
996 3103 19 23 is
1028 3111 25 15 as
1072 3095 144 42 satisfactory
1228 3114 26 14 as
1260 3108 2 5 '

664 3133 72 24 -could
747 3133 58 24 have
815 3135 52 23 been
879 3134 83 32 hoped.
997 3136 47 23 Let
1049 3145 46 18 .our
1104 3138 109 24 elections
1225 3139 29 23 be
1260 3161 2 5 ,

669 3167 125 23 conducted
806 3168 47 23 with
871 3162 145 39 intelligence
1012 3166 62 38 o^
1090 3170 106 33 honesty,
1209 3173 44 22 and

663 3202 104 29 iwe'rnaty
778 3201 45 23 find
837 3201 63 32 large
914 3203 167 29 communities,
1095 3211 88 25 sprung
1194 3206 59 23 from
1260 3209 2 4 '

669 3242 13 15 a
695 3242 104 16 common
811 3235 76 30 origin,
899 3233 109 34 pointing,
1017 3241 23 19 to
1056 3237 58 24 Port
1127 3238 127 24 Nicholson
1260 3243 2 5 '

658 3274 4 3 '
669 3268 23 23 in
705 3268 131 24 vindication
849 3263 25 29 b£
881 3269 40 24 the
933 3270 61 31 right
1006 3274 22 19 to
1041 3272 103 23 exercise
1156 3281 14 14 a
1180 3273 73 30 privi-

668 3301 58 30 lege,
747 3302 26 22 of
793 3302 66 24 which
881 3310 71 24 every
968 3311 52 16 man
1039 3303 84 25 should
1147 3305 36 28 be.
1192 3305 64 24 alike

666 3334 91 32 jealous
764 3335 48 23 'and
823 3335 77 32 proud.
938 3348 4 4 •
964 3340 3 6 '
994 3333 25 12 ''"
1086 3346 5 4 -
1180 3333 63 33 •■';,'

703 3368 51 24 Our
767 3368 138 24 Councillors
924 3369 46 25 will
987 3375 61 19 meet
1057 3371 34 26 .in
1110 3380 14 16 a
1135 3373 43 24 few
1189 3373 65 31 days,

668 3401 53 29 and,
735 3409 33 16 we
779 3401 43 24 feel
834 3402 102 30 assured,
955 3399 44 28 will
1009 3408 42 19 not
1057 3423 3 9 ,
1069 3404 130 33 disappoint
1217 3407 38 23 the

669 3436 154 30 expectations
837 3437 26 23 of
877 3436 70 24 their,
957 3436 72 25 fellow
1047 3439 105 24 citizens.
1189 3439 67 32 They

668 3469 57 23 have
738 3469 94 23 arduous
841 3469 76 26 duties
928 3475 26 18 to-
1081 3472 45 23 and
1126 3470 5 14 j
1137 3481 52 23 may
1198 3474 58 23 have

668 3510 75 23 many*
749 3502 123 24 difficulties
887 3503 54 24 with
953 3503 72 25 which
1039 3509 22 19 to
1079 3506 97 23 contend
1188 3516 6 19 ;
1214 3507 42 22 but

669 3543 52 16 sure
740 3543 39 16 we'
785 3543 43 22 are,
837 3536 19 23 if
873 3536 55 32 they
941 3538 76 23 evince
1037 3546 13 15 a
1063 3538 74 25 desire
1157 3545 23 18 to
1199 3548 56 23 cope

668 3568 56 24 with
736 3569 62 24 them
807 3569 40 25 like
858 3578 62 21 men,
934 3570 84 33 though
1041 3572 53 31 they
1105 3580 52 24 may
1175 3578 41 19 not
1227 3574 28 23 be

669 3604 61 29 quite
751 3603 128 30 successful}
901 3604 40 23 the
947 3605 108 24 'electors
1075 3606 45 23 will
1141 3606 69 28 show,
1224 3615 30 15 no

668 3636 134 24 inclination
820 3642 17 19 to
857 3636 29 25 be
905 3639 166 24 unreasonable
1083 3633 4 13 :
1091 3638 30 24 iir
1136 3636 75 27 their*'
1217 3648 37 15 re-

670 3669 146 30 quirements.
907 3678 3 3 ■
921 3670 3 9 '
936 3668 14 12 ''
969 3691 13 3 „
1048 3690 8 2 -
1110 3689 6 2 -
1176 3686 13 4 --

666 3740 13 15 j;
692 3723 42 32 v--'
740 3719 4 9 l
754 3723 211 35 "-l^N'EL.SidN
988 3734 133 25 NEW'Sv
1192 3736 3 6 '
1223 3737 4 12 :
1229 3716 14 33 '-

704 3785 36 32 By
752 3787 38 23 the
808 3788 174 34 barque'-ifag'fc,
1002 3791 74 26 which
1085 3817 5 6 ,
1095 3792 95 30 arrived,
1195 3793 58 24 from

670 3818 95 32 Nelson,
778 3828 29 18 oji
818 3821 125 33 'Thursday
961 3820 114 40 mqrnjttg,
1083 3850 2 6 ,
1085 3817 5 15 {
1095 3834 34 16 we
1140 3826 57 25 have
1217 3834 38 17 re-

670 3851 77 24 ceived
759 3852 81 25 Nelson
851 3862 83 24 papers
947 3857 24 24 of
978 3855 46 27 'the
1036 3859 61 24 24th
1109 3860 146 30 September,

670 3884 44 23 and
721 3888 44 21 Ist
776 3883 26 26 of
811 3886 106 27 October.'
997 3906 4 8 v
1013 3902 15 15 ..
1043 3904 6 15 f
1079 3900 126 21 ,;,„$;,.,,-

704 3917 50 24 The
765 3917 122 27 Examiner
895 3926 71 23 states
974 3923 136 28 thejtfelson
1121 3928 134 30 population

668 3950 194 35 «xceeds^2<)oo,,
878 3951 46 27 md
943 3954 106 39 su^eßts
1050 3953 5 12 r
1058 3948 198 45 ;tji^pon.HhJ

286 3655 3 4 •
303 3653 35 13 .-—:
390 3661 4 3 .
409 3658 12 7 ..
440 3662 5 2 .
536 3653 14 10 -)

214 3674 107 16 inwards
321 3678 27 5 —
350 3675 134 16 coastwise.
516 3677 5 7 '
531 3680 3 6 •
552 3679 4 5 >

77 3702 29 21 In
117 3708 47 15 the
316 3708 64 15 from
388 3703 134 21 Auckland
534 3711 49 15 ani>
594 3712 46 16 thh

51 3735 79 15 coast.
133 3741 27 4 —
162 3731 26 20 16
199 3731 61 20 casks
269 3726 55 28 beef,
335 3731 13 19 6
358 3732 85 25 quarter
452 3731 67 21 casks'
528 3732 89 27 brandy,
629 3736 12 19 2

47 3757 62 22 hhds.
120 3757 44 25 do.,
177 3758 10 19 1
197 3757 49 22 hhd.
258 3757 81 25 arrack,
352 3758 9 20 1
370 3758 51 20 hhd.
432 3759 44 23 d0;,
482 3754 86 30 4/castfs
573 3761 68 25 .cider,
650 3775 2 10 ,

46 3785 14 20 4
70 3785 68 21 dozen
152 3785 82 28 spades,
244 3785 42 21 340
300 3785 123 25 bill-hooks,
444 3786 12 20 2
463 3785 60 27 'kegs
536 3787 63 25 pails,
616 3789 25 22 17

47 3812 107 26 firelocks,
166 3811 66 28 lkeg
237 3810 5 13 r
246 3810 67 29 paint,
324 3813 10 19 1
350 3813 32 20 tin
395 3813 68 28 paint,
481 3815 12 19 8
502 3814 55 27 bags
573 3818 80 26 sugar,'

41 3841 20 20 ;8
70 3840 104 21 cartoocb
183 3841 72 24 boxes,
265 3841 14 19 2
289 3846 58 15 cases
356 3841 96 28 drapery,
465 3841 25 21 10
503 3843 63 20 casks
574 3843 65 26 flour,
651 3854 2 5 ■

48 3868 16 22 7
77 3873 59 16 cases
146 3867 65 28 slops,
224 3869 13 19 >1
242 3867 25 21 91
278 3867 105 27 pickaxe*}
388 3870 4 11 !
399 3869 26 21 11
435 3867 52 29 bag's
487 3864 2 13 1
501 3869 57 30 shot,
572 3870 10 20 1
598 3867 57 25 nalfl

43 3895 55 20 <cask
114 3895 104 25 tobacco,.
227 3894 81 27 2'bagtf
317 3895 63 28 slops,
575 3898 10 20 1
601 3899 41 20 roll
651 3906 2 8 '

49 3919 259 30 sheet-lea!d'/j3iquarteF
319 3923 59 21 casks
385 3922 38 30 '^p'o
421 3918 4 15 I
425 3924 54 20 wdeT
478 3922 4 9 l
481 3939 6 11 ,
493 3919 11 14 :j
504 3924 13 20 fi
526 3921 86 29 sickles^
629 3928 13 19 2
652 3939 3 9 ,

47 3948 68 25 J»b]ei
117 3960 14 13 n
134 3949 280 29 lffoucbJi&b6xeffsoHp,/t2
421 3954 63 18 -Cases
491 3952 69 26 pipes,
571 3953 11 20 1
592 3954 50 21 cask

58 3987 34 15 .2:0
100 3980 45 21 re.H
160 3976 84 24 iiiii-i'*.
258 3974 143 24 .nw.u'Hi'f
414 3974 26 21 /I

1275 132 114 30 propriety
1403 132 25 23 of
1441 131 110 33 applying
1568 137 35 19 to\
1610 132 38 24 the
1668 132 156 24 Government
1843 138 22 19 to

1276 157 88 30 declare
1376 164 88 24 Nelson
1467 164 26 36 gL
1501 165 105 31 borough
1616 163 81 29 under/
1701 166 38 23 the
1752 167 113 30 Corpora-

1276 197 47 23 tion
1338 194 54 27 Act.
1399 214 4 4 .
1467 201 26 26 '/.
1545 195 32 32 ft
1735 191 5 32 ',

1371 227 195 35 followinglletter
1578 239 28 15 on
1624 231 39 24 the
1675 230 88 32 subject
1775 232 26 23 of
1810 232 56 23 false

1277 262 90 30 alarms,
1380 271 24 16 or
1417 263 61 24 what
1496 272 53 23 may
1560 264 57 24 after
1627 264 31 23 all
1675 272 69 23 prove
1756 273 24 15 so
1792 269 23 19 to
1829 265 38 23 the

1276 296 106 29 mariner,
1404 304 39 16 are
1462 305 54 23 very
1537 297 115 31 judicious
1672 297 44 23 and
1736 298 88 30 worthy
1845 298 24 23 of

1277 329 100 31 perusal.
1678 328 8 9 *

1341 361 29 20 To
1380 361 35 20 the
1422 361 80 21 Editor
1511 362 28 26 of
1544 363 36 20 the
1589 363 79 20 Nelson
1676 363 130 24 Examiner,,

1304 393 48 22 Sir.
1353 405 29 4 —
1384 394 27 21 In
1424 394 93 28 looking
1531 402 53 15 over
1598 396 38 21 the
1653 395 108 29 Shipping
1778 396 88 22 Intelli-

1277 426 70 20 gence
1357 421 27 21 of
1391 421 37 21 the
1437 421 41 22 3rd
1487 421 91 28 instant,
1592 422 11 22 I
1614 421 47 23 find
1671 422 22 21 it.
1702 426 67 18 states
1780 422 39 23 the
1828 430 43 15 ex-

1277 447 84 22 istence
1376 447 25 22 of
1417 455 13 14 a
1448 448 61 27 rock,
1530 448 92 28 bearing
1638 449 57 22 from
1716 449 37 22 the
1770 449 98 22 harbour

1279 474 21 21 S.
1310 474 46 21 and
1364 475 30 27 by
1405 475 33 26 E.,
1458 475 83 22 distant
1552 483 68 14 seven
1636 476 72 26 miles,
1720 476 71 21 which
1808 476 10 21 I
1829 476 38 22 be-

1277 500 58 21 lieve
1345 501 19 21 is
1373 500 68 23 taken
1458 502 57 21 from
1531 501 37 22 the
1585 506 74 24 report
1669 503 26 21 of
1707 502 38 23 the
1759 502 109 23 schooner

1277 527 93 26 Nymph.
1399 528 22 21 It
1430 528 36 21 i
1441 528 61 21 3
1460 535 38 20 my
1509 528 89 27 opinion
1611 530 47 21 that
1669 530 38 21 the
1717 533 74 24 report
1800 530 19 21 is
1830 534 38 17 not

1278 554 133 27 sufficiently
1426 555 60 22 clear
1502 558 22 19 to
1534 560 94 19 warrant
1644 556 38 22 the
1698 556 138 28 publication
1846 556 26 22 of

1278 579 38 23 the
1331 581 109 27 supposed
1456 582 96 26 danger;
1570 582 33 22 for
1618 590 59 19 upon
1693 583 113 27 inquiring
1822 584 45 21 into

1278 607 38 22 the
1327 608 173 22 circumstances
1514 615 30 14 on
1554 609 38 22 the
1602 609 81 22 arrival
1693 611 26 20 of
1731 610 35 22 the
1783 612 86 24 Nymph

1279 636 22 19 at
1311 634 43 21 this
1364 638 56 24 port,
1437 635 18 22 it
1469 636 111 26 appeared
1589 636 49 21 that
1648 636 62 22 there
1720 644 43 14 was
1773 638 96 26 nothing

1279 668 53 15 seen
1344 665 20 17 to
1376 662 96 21 indicate
1484 666 37 17 the
1533 669 103 20 presence
1644 664 26 20 of
1677 664 71 25 rocks,
1760 665 45 21 and
1812 664 54 28 that,

1278 695 60 20 upon
1347 690 4 3 '
1359 688 37 21 the
1415 688 52 22 lead
1483 689 71 27 being
1571 689 56 22 hove
1647 689 153 29 immediately
1815 691 54 27 they

1279 714 70 21 found
1359 716 52 21 nine
1421 715 98 22 fathoms
1530 716 27 21 of
1564 720 74 18 water.

1306 741 42 27 My
1363 749 85 20 reason,
1466 742 41 27 Sir,
1524 743 35 21 for
1568 742 129 28 addressing
1712 751 44 20 you
1768 744 19 22 is
1798 744 48 22 that
1858 745 10 22 I

1279 767 85 22 believe
1374 772 91 18 masters
1476 770 26 20 of
1512 769 61 27 ships
1588 777 36 14 are
1636 770 60 21 often
1707 770 35 22 led
1758 772 44 21 into
1822 772 46 21 real

1279 795 95 27 dangers
1391 795 22 21 in
1424 796 77 26 trying
1511 799 22 18 to
1551 796 66 22 avoid
1632 796 127 28 imaginary
1769 805 60 19 ones,
1846 802 23 18 to

1279 828 39 20 say
1327 822 94 27 nothing
1434 822 28 21 of
1472 822 38 22 the
1524 824 169 26 uneasynight3
1709 827 23 18 at
1749 832 37 14 sea
1803 825 66 22 when

1280 848 62 22 there
1352 849 19 21 is
1380 856 29 15 no
1424 849 46 22 real
1480 857 66 15 cause
1557 850 37 21 for'
1599 852 103 25 anxiety:
1718 850 34 22 for
1762 852 105 27 instance,

1279 883 14 13 a
1302 875 48 27 ship
1363 876 88 27 making
1468 877 128 27 Separation
1614 877 67 22 Point
1690 881 24 18 at
1724 882 77 18 sunset
1816 878 53 23 does

1280 906 38 17 not
1328 902 45 22 like
1383 907 21 17 to
1415 910 42 15 run
1467 903 48 22 into
1526 904 37 21 the
1573 904 52 26 gulf
1631 907 24 18 at
1663 904 65 26 night
1738 912 27 15 on
1775 910 95 17 account

1280 929 26 21 of
1312 929 44 22 this
1366 930 110 27 supposed
1485 931 61 21 rock.
1577 931 43 22 Yet
1630 932 83 21 vessels
1723 939 40 14 run
1769 939 53 15 over
1833 932 36 22 the

1280 959 54 24 spot,
1353 964 22 13 or
1387 964 24 14 bo
1425 964 55 15 near
1489 957 18 22 it
1523 958 48 21 that
1581 965 43 14 one
1640 962 83 18 cannot
1737 958 133 28 distinguish

1281 980 36 23 the
1333 983 124 27 difference,
1474 988 43 18 two
1533 992 25 14 or
1573 984 63 23 three
1651 985 65 22 times
1733 993 12 14 a
1759 987 69 20 week.
1859 986 10 22 I

1279 1009 57 22 have
1347 1010 56 21 been
1414 1018 27 14 an
1449 1012 107 21 attentive
1563 1012 104 22 observer
1677 1012 26 21 of
1709 1012 80 23 vessels
1800 1013 70 22 work-

1281 1036 38 27 ing
1328 1036 22 22 in
1363 1037 43 21 and
1422 1041 39 18 out
1471 1038 26 21 of
1511 1038 42 22 this
1568 1039 51 27 gulf
1625 1039 36 21 for
1670 1039 37 22 the
1723 1047 64 19 space
1798 1040 26 22 of
1836 1041 34 21 six

1280 1063 96 26 months,
1387 1064 44 21 aud
1441 1064 57 22 have
1508 1066 126 28 repeatedly
1644 1073 53 14 seen
1708 1067 60 22 them
1778 1067 59 22 close
1848 1071 23 18 to

1281 1089 37 22 the
1338 1094 48 22 spot
1403 1091 91 26 pointed
1509 1096 39 17 out
1566 1099 24 14 as
1604 1093 37 21 the
1657 1093 113 22 residence
1784 1094 26 21 of
1827 1094 44 22 this

1281 1116 129 34 Charybdis.
1449 1118 95 26 Strange
1563 1119 48 21 that
1626 1126 58 14 none
1699 1120 57 21 have
1773 1128 53 14 seen
1846 1129 25 13 or

1281 1143 68 21 heard
1360 1150 43 19 any
1413 1144 64 26 thing
1487 1144 27 21 of
1524 1146 24 20 it.
1578 1146 44 21 For
1632 1146 86 26 myself,
1735 1147 54 22 until
1802 1148 10 21 I
1830 1155 39 14 can

1281 1169 64 22 make
1361 1177 13 14 a
1384 1170 85 22 clearer
1484 1175 61 24 story
1554 1176 39 18 out
1610 1173 24 21 of
1648 1173 24 26 it,
1685 1172 9 21 I
1711 1172 55 23 shall
1782 1174 86 21 believe

1281 1196 47 21 that
1363 1197 61 21 there
1433 1197 18 22 is
1461 1205 29 14 no
1500 1198 56 22 such

1473 1225 10 21 I
1495 1233 44 18 am,
1551 1225 41 27 Sir,

1498 1252 63 21 Your
1572 1252 106 23 obedient
1691 1256 96 23 servant,

1688 1281 21 20 A
1721 1280 122 23 Colonist.

1314 1316 37 23 An
1366 1318 76 23 article
1455 1317 22 23 iv
1492 1317 36 24 the
1544 1317 131 30 Examiner,
1688 1318 114 32 evidently
1814 1327 57 23 sug-

1280 1351 77 29 gested
1388 1351 29 30 by
1446 1359 63 15 some
1547 1351 149 31 exceedingly
1732 1351 139 31 injudicious

1281 1383 109 29 remarks,
1410 1384 66 24 made
1490 1386 131 30 respecting
1639 1385 39 23 the
1691 1386 62 22 titles
1774 1390 22 18 to
1818 1386 54 23 land

1281 1421 22 18 at
1316 1417 57 23 Port
1392 1417 133 30 Nicholson,
1544 1418 45 23 and
1606 1419 96 30 charges
1725 1419 24 22 of
1765 1418 107 31 injustice

1280 1450 23 23 in
1316 1450 37 23 the
1371 1451 103 31 quantity
1495 1452 26 21 of
1542 1449 53 26 land
1616 1452 107 23 reserved
1743 1452 68 23 about
1834 1452 38 24 the

1280 1487 58 19 town
1352 1484 33 23 for
1397 1484 37 23 the
1447 1485 96 28 natives,
1555 1484 100 31 brought
1666 1485 30 30 by
1709 1485 37 23 the
1768 1484 101 24 Colonist

1280 1517 89 29 against
1382 1517 36 23 the
1432 1517 119 31 Company
1569 1527 24 14 or
1611 1518 91 23 settlers
1704 1531 33 4 —
1739 1527 24 14 or
1780 1519 92 30 against

1270 1553 2 28 |
1279 1550 55 23 both
1335 1562 33 4 —
1370 1558 142 16 commences
1534 1551 53 23 with
1608 1552 38 23 the
1667 1551 115 32 following
1801 1560 69 23 ques-

1281 1584 45 22 tion
1337 1593 5 14 :—:
1345 1597 34 3 —

1342 1617 43 23 We
1402 1618 80 22 should
1502 1618 27 23 be
1542 1618 90 31 obliged
1650 1619 30 30 by
1698 1618 72 24 either
1789 1619 24 22 of
1831 1626 41 16 our

1279 1649 140 32 Wellington
1428 1652 190 30 contemporaries
1631 1652 86 30 stating
1730 1652 58 23 what
1800 1653 20 22 is
1834 1652 38 23 the

1279 1685 113 29 supposed
1406 1684 74 23 Maori
1494 1685 131 30 population
1635 1685 26 23 of
1671 1685 36 23 the
1721 1686 89 22 various
1823 1685 48 23 dis-

1279 1717 64 23 tricts
1356 1717 110 31 surveyed
1484 1718 30 30 by
1528 1718 38 23 the
1585 1718 119 31 Company
1716 1718 35 23 for
1771 1718 37 23 the
1820 1718 52 24 first

1279 1750 139 24 settlement.

1312 1783 44 23 We
1377 1788 82 19 cannot
1480 1792 88 15 answer
1587 1785 45 23 this
1655 1786 106 30 question
1784 1790 24 18 at
1831 1785 39 24 the

1279 1822 107 23 moment,
1399 1818 40 23 but
1451 1818 21 22 if
1481 1818 38 22 the
1529 1818 75 31 object
1611 1819 25 23 of
1646 1819 119 30 obtaining
1777 1819 38 23 the
1824 1818 47 24 fact

1279 1850 28 23 be
1319 1854 22 19 to
1354 1858 103 23 compare
1477 1852 17 22 it
1507 1852 53 22 with
1575 1851 35 24 the
1623 1849 65 26 lancls
1707 1852 111 29 reserved,
1833 1852 38 23 the

1279 1884 71 22 result
1362 1884 72 24 would
1448 1889 39 18 not
1505 1885 27 23 be
1547 1890 85 18 correct
1641 1894 5 19 ;
1668 1885 97 23 because
1782 1886 90 23 besides

1279 1917 38 22 the
1330 1925 100 16 reserves
1443 1918 23 23 in
1483 1918 37 23 the
1533 1918 108 29 districts,
1662 1919 64 23 there
1738 1919 19 22 is
1770 1919 43 24 and
1827 1920 44 23 will

1279 1950 27 22 be
1319 1958 12 14 a
1344 1950 61 31 large
1418 1952 104 30 quantity
1535 1952 25 22 of
1577 1952 191 31 unappropriated
1783 1952 55 24 land
1850 1953 22 23 of

1279 1983 38 23 the
1330 1984 136 31 description
1479 1990 23 17 at
1513 1991 93 24 present
1617 1986 64 28 used,
1695 1986 23 22 in
1731 1986 139 30 preference,

1279 2017 30 30 by
1321 2016 38 24 the
1372 2019 73 22 native
1458 2019 140 30 population.

1338 2051 51 22 The
1410 2051 107 29 Literary
1537 2051 44 22 and
1601 2052 116 21 Scientific
1737 2052 134 22 Institution

1280 2089 44 14 was
1349 2082 85 30 opened
1453 2091 29 14 on
1506 2083 107 30 Tuesday
1637 2084 45 22 last
1702 2084 31 30 by
1751 2092 13 15 a
1787 2085 85 30 special

1279 2115 92 30 general
1392 2116 108 30 meeting.
1538 2115 51 24 The
1606 2117 104 30 building
1726 2118 20 22 is
1764 2126 13 15 a
1789 2117 83 23 credit-

1279 2147 49 24 able
1340 2156 50 21 one,
1404 2150 42 22 and
1460 2150 45 22 will
1518 2149 72 23 afford
1603 2158 61 15 room
1678 2150 34 23 for
1726 2151 37 23 the
1776 2152 96 29 reading

1279 2181 89 31 portion
1381 2182 24 23 of
1421 2183 38 23 the
1471 2183 141 23 inhabitants
1622 2183 24 23 of
1664 2183 87 24 Nelson
1762 2185 34 22 for
1810 2192 62 15 some

1280 2216 53 21 time
1347 2219 21 18 to
1382 2223 70 21 come,
1462 2225 33 14 we
1509 2218 108 29 imagine,
1631 2217 38 23 the
1690 2217 139 24 dimensions
1852 2218 24 22 of

1280 2248 37 23 the
1329 2249 169 31 reading-room
1511 2250 71 31 being
1601 2253 32 21 30
1651 2250 47 23 feet
1714 2251 30 31 by
1768 2253 37 22 16.
1850 2251 23 23 A

1278 2282 64 30 place
1366 2283 26 22 of
1406 2288 74 18 resort
1504 2284 25 22 of
1556 2284 45 22 this
1624 2284 138 31 description
1782 2286 19 21 is
1819 2293 54 22 very

1279 2315 74 24 useful
1367 2317 22 22 in
1410 2325 13 14 a
1441 2325 49 15 new
1511 2317 138 24 settlement.
1699 2318 25 23 If
1740 2318 38 23 the
1801 2323 71 18 tastes

1277 2349 76 31 likely
1364 2354 23 19 to
1398 2350 28 23 be
1445 2351 151 30 encouraged,
1608 2352 30 30 by
1657 2351 56 23 such
1731 2352 141 23 institutions

1279 2390 58 16 were
1350 2388 40 18 not
1402 2388 22 18 to
1433 2384 29 23 be
1482 2384 56 31 kept
1555 2385 58 22 alive
1632 2386 23 21 in
1680 2392 63 16 some
1763 2393 55 23 way,
1840 2393 33 15 we

1280 2416 81 23 should
1369 2417 92 25 become
1469 2418 129 29 altogether
1602 2418 135 29 barbarous,
1746 2419 126 30 unrefined,

1279 2449 44 24 and
1336 2450 54 23 with
1408 2451 38 23 the
1462 2456 70 17 worst
1551 2452 87 30 species
1658 2451 25 23 of
1698 2453 174 29 unrefinement,

1270 2487 2 25 I
1280 2483 49 23 that
1347 2484 25 22 of
1387 2484 96 31 relapse.
1528 2484 75 24 There
1619 2486 20 22 is
1658 2493 51 15 now
1723 2494 14 14 a
1749 2486 124 24 handsome

1279 2524 71 23 room,
1373 2518 23 22 in
1417 2517 72 24 which
1501 2518 79 30 public
1592 2519 112 30 meetings
1716 2527 42 16 can
1769 2519 27 23 be
1808 2519 62 29 held,

1279 2550 98 24 lectures
1390 2550 121 29 delivered,
1524 2551 45 23 and
1582 2552 73 22 where
1675 2560 42 14 one
1737 2560 50 23 may
1807 2553 66 23 stroll

1279 2584 33 28 in,
1337 2585 97 30 evening
1457 2592 26 15 or
1502 2585 114 30 morning,
1639 2585 44 22 and
1702 2585 87 24 refresh
1808 2587 64 22 one's

1280 2625 53 22 eyes
1345 2617 54 23 with
1410 2618 38 23 the
1461 2617 63 31 sight
1537 2618 25 22 of
1578 2623 22 17 at
1610 2618 57 23 least
1684 2618 38 24 the
1742 2620 87 22 outside
1851 2620 25 23 of

1280 2658 62 16 some
1355 2651 80 24 books.
1472 2652 23 22 A
1507 2654 66 28 great
1585 2651 133 24 humanizer
1730 2653 45 22 and
1787 2653 50 30 sign
1851 2653 25 22 of

1279 2684 127 31 humanity,
1421 2693 13 15 a
1451 2684 59 31 good
1531 2691 71 25 range
1620 2685 26 23 of
1667 2686 82 28 books,
1768 2686 105 23 however

1280 2717 58 24 little
1350 2717 110 24 thumbed
1471 2726 25 15 or
1508 2715 84 26 looked
1612 2719 54 23 into.
1712 2719 26 24 If
1753 2719 52 31 only
1824 2719 49 24 that

1280 2750 60 24 what
1351 2751 43 23 lies
1404 2757 93 18 nearest
1508 2759 43 15 one
1567 2752 48 22 will
1632 2757 96 26 suggest
1744 2753 88 30 subject
1852 2754 24 22 of

1281 2786 165 28 conversation,
1460 2786 17 22 it
1490 2785 44 22 will
1548 2785 28 23 be
1590 2794 13 14 a
1614 2790 64 26 great
1690 2787 68 22 relief
1775 2791 21 18 to
1816 2787 57 23 have

1281 2826 29 15 an
1323 2819 127 23 occasional
1460 2819 95 31 literary
1567 2818 48 24 talk
1627 2820 72 31 going
1711 2828 37 21 on,
1766 2820 57 23 after
1836 2820 37 23 the

1281 2852 72 30 topics
1366 2851 73 25 which
1450 2858 49 18 new
1512 2852 94 31 settling
1623 2853 41 24 has
1685 2853 66 24 made
1770 2861 104 16 common

1281 2884 45 24 and
1337 2886 124 23 somewhat
1471 2893 124 17 nauseous.

1344 2919 44 23 We
1408 2921 59 29 give,
1481 2921 24 22 in
1517 2919 96 24 another
1629 2920 99 29 column,
1742 2921 39 23 the
1796 2926 78 26 report

1282 2952 123 24 submitted
1425 2957 22 19 to
1468 2961 13 15 a
1502 2953 78 31 public
1601 2954 101 31 meeting
1722 2962 30 15 on
1771 2954 104 31 Monday

1281 2985 52 30 last,
1353 2986 30 31 by
1396 2986 37 24 the
1446 2987 129 23 committee
1589 2987 122 31 appointed
1729 2992 25 19 to
1770 2988 104 32 superin-

1283 3020 52 23 tend
1347 3020 39 23 the
1398 3020 76 23 affairs
1488 3020 24 24 of
1522 3020 39 24 the
1579 3021 78 23 school
1670 3021 140 25 established
1821 3029 25 16 as
1863 3030 13 14 a

1282 3053 85 23 branch
1387 3054 25 23 of
1430 3054 37 23 the
1489 3053 89 24 British
1599 3054 56 29 and,.
1659 3049 116 37 foreign'
1791 3055 85 24 School

1283 3086 100 31 Society,
1396 3087 30 30 by
1436 3088 38 22 the
1486 3080 179 30 inftabitants^of
1683 3088 46 23 this
1741 3088 72 31 place.
1853 3088 23 24 It

1283 3119 44 24 will
1341 3121 26 22 be
1379 3128 54 15 seen
1445 3121 50 23 that
1507 3128 64 16 some
1590 3122 82 30 nioriey
1684 3121 20 23 is
1717 3122 98 23 wanted.
1852 3122 24 23 A

1282 3153 67 23 small
1363 3161 64 22 -sum,
1442 3154 113 28 however,
1566 3149 54 32 'will
1636 3154 89 24 suffice.
1748 3153 11 13 !l
1763 3154 113 28 Th'is,*we

1283 3185 71 27 dqubt
1367 3192 48 23 not,
1427 3187 48 23 will
1479 3185 54 24 'hb'f
1537 3187 29 23 be
1583 3187 93 23 allowed
1684 3187 27 24 'to
1723 3188 29 23 be
1765 3188 109 32 wanting.

1281 3218 78 24 Thete
1371 3214 166 40 isjr£scncant|
1547 3220 80 29 canted,
1634 3220 72 24 about
1712 3229 70 23 many
1789 3222 86 31 things,

1283 3252 50 30 and;
1348 3248 139 39 al^p'/about
1508 3253 120 24 education
1636 3263 7 19 ;
1669 3254 42 23 but
1728 3255 27 23 of
1761 3262 3 5 '
1774 3255 44 24 this
1831 3256 45 23 'the

1283 3287 94 30 canting
1387 3286 71 24 arises
1471 3287 59 24 from
1539 3287 43 23 'the
1598 3292 59 19 want
1676 3288 26 22 of
1719 3288 98 32 honesty
1831 3289 44 23 and

1283 3320 144 30 consistency
1437 3321 25 22 in
1473 3321 31 22 its
1511 3321 122 30 .professed
1645 3321 129 30 advocates,
1783 3328 40 18 not
1835 3322 41 24 be-

1283 3360 67 16 cause
1370 3350 116 26 tbb'much
1498 3354 20 22 is
1518 3354 3 5 1
1537 3362 26 15 or
1575 3362 41 15 can
1635 3355 29 23 be
1676 3355 50 23 said
1738 3356 27 22 of
1781 3356 30 23 its
1830 3357 46 23 im-

1283 3390 119 27 portance.
1418 3407 6 1 .
1439 3386 3 5 '
1477 3392 2 4 '

1340 3420 44 22 We
1391 3420 57 23 have
1459 3428 65 16 more
1597 3429 56 15 once
1664 3421 85 32 palssed
1759 3423 117 24 strictures

1283 3460 65 24 upon
1352 3453 65 23 .what
1428 3455 112 30 appeared
1582 3453 82 25 ''*us'to
1665 3480 6 6 v
1685 3456 29 23 be
1726 3455 39 24 the
1782 3457 94 23 misma-

1284 3491 129 26 nagement'
1422 3488 28 22 of
1467 3488 38 23 the
1526 3487 145 25 Post-office'
1681 3493 24 19 at
1715 3485 160 36 "'Wellington.

1284 3519 83 24 Under
1378 3520 64 24 these
1455 3521 184 31 circumstances,
1653 3522 105 27 it.is.but
1764 3523 50 31 just
1827 3523 51 24 that

1284 3561 32 15 we
1330 3552 82 24 should
1424 3559 73 19 insert
1508 3554 39 26 th.c
1563 3554 116 32 following
1691 3560 90 20 extract
1792 3556 58 24 from
1864 3565 14 15 a

1284 3586 66 24 letter
1361 3587 122 23 addressed
1497 3592 22 18 to
1532 3595 27 16 us
1578 3587 30 34 by
1620 3596 43 15 one
1684 3589 36 31 of';
1726 3589 40 24 the
1784 3590 93 30 leading

1284 3619 140 24 inhabitants
1437 3620 25 24 of
1476 3620 157 32 Wellington;'
1639 3622 103 31 in'reply
1742 3625 3 7 1
1760 3627 22 19 to
1794 3631 28 15 an
1835 3630 41 24 ap-

1284 3653 107 31 plication
1409 3653 59 24 from
1485 3661 29 16 us
1535 3662 26 15 as
1573 3658 31 28 toj
1615 3655 102 24 wbetner.
1719 3655 57 26 Tour
1792 3664 84 24 papers

1284 3687 44 23 had
1345 3686 98 24 reached
1461 3686 49 24 him
1528 3686 134 33 regularly,*,
1669 3693 35 21 wje
1709 3683 97 37 •ihaving
1817 3690 58 23 been

1283 3720 113 23 informed
1409 3720 48 23 that
1476 3720 127 24 thefe'was
1605 3721 3 15 i
1612 3720 79 25 <m'ucH
1704 3723 135 31 complaint,
1846 3731 30 14 on

1284 3754 39 23 the
1336 3754 101 31 subject:
1440 3766 34 4 —
1486 3756 4 8 '
1505 3756 4 6 '
1518 3756 14 28 '',
1570 3753 11 15 '•
1603 3747 19 18 ''
1631 3762 3 5 '
1649 3755 20 11 '-"
1721 3754 4 12 f
1736 3753 17 13 "'•'
1777 3752 4 13 !

1312 3791 84 29 ''They
1403 3792 57 23 have
1471 3792 30 22 all
1509 3792 81 24 turned
1601 3793 172 28 upjfcventually.
1785 3817 6 2 .
1803 3794 73 23 There

1284 3819 19 23 is
1313 3827 29 15 no
1352 3819 245 30 faultattrfbutable^to
1607 3827 39 14 our
1654 3819 143 28 Postmaster,
1805 3821 73 23 either

1284 3847 34 22 for
1328 3846 157 35 non-delivery
1502 3845 104 34 ofjjrour,
1610 3853 69 24 paper
1693 3849 32 20 or'
1735 3841 36 28 £or
1781 3851 41 18 not
1829 3847 48 23 for-

1284 3874 105 27 warding-
1397 3873 48 23 the'
1453 3872 138 29 Wellington
1702 3877 28 19 -to
1745 3881 57 21 you.,
1812 3874 65 26 ..The

1284 3900 46 23 sole
1349 3908 66 15 cause
1424 3901 36 25 .of
1475 3900 74 28 delay,
1555 3901 20 22 is
1635 3896 44 27 tbi-
1687 3900 149 30 'uncertainty
1854 3902 27 22 of

1283 3926 133 37 everything
1425 3928 131 30 connected,
1559 3927 169 29 withcoastingi
1731 3929 65 22 craft.*
1805 3940 6 7 <-
1833 3931 26 25 >Z
1858 3940 3 6 1

1318 3963 178 31 Seventy-rtbtee
1521 3964 64 27 'hetKi
1587 3966 21 18 j:3
1611 3964 28 27 o£
1639 3961 5 17 i
1648 3964 87 27 "eattlfc'
1735 3967 5 14 i
1742 3963 7 7 ''
1751 3963 7 17 i
1760 3960 45 31 a'n4
1807 3969 4 10 J
1834 3973 43 17 one

2074 958 125 23 Supreme
2213 958 96 25 Court.

1933 996 52 24 The
1997 997 112 31 Supreme
2123 998 79 29 Court,
2220 1007 25 15 as
2258 1007 44 16 was
2315 1001 132 23 announced
2461 1002 22 22 in

1899 1030 38 23 the
1952 1030 95 24 Gazette
2066 1031 26 23 of
2109 1031 141 32 Wednesday
2267 1032 52 29 last,
2340 1035 144 22 commenced

1898 1064 30 22 its
1948 1064 51 23 first
2022 1064 89 24 Circuit
2133 1065 98 31 sittings,
2252 1066 22 23 in
2293 1066 149 31 Wellington,
2457 1075 27 15 on

1899 1097 115 31 Tuesday,
2028 1097 37 24 the
2075 1098 42 23 4th
2133 1104 98 18 current.
2279 1099 51 24 The
2349 1101 66 22 usual
2433 1108 51 23 pre-

1899 1130 106 31 liminary
2017 1131 106 23 business
2135 1132 84 30 having
2229 1132 58 23 been
2300 1141 59 22 gone
2377 1134 106 29 through,

1899 1163 43 23 and
1962 1172 13 14 a
1994 1164 56 30 Jury
2070 1164 106 29 selected,
2192 1165 36 23 the
2247 1165 82 31 Judge,
2342 1166 77 24 before
2432 1174 52 23 pro-

1900 1196 95 30 ceeding
2008 1197 52 22 with
2074 1197 38 22 the
2124 1205 63 14 cases
2206 1198 75 23 before
2303 1199 38 23 the
2361 1199 72 23 Court
2451 1200 34 23 for

1900 1230 58 27 trial,
1973 1230 112 22 delivered
2099 1237 28 15 an
2140 1230 91 23 address
2245 1235 21 19 to
2279 1231 37 23 the
2329 1231 58 31 Jury
2406 1237 23 19 to
2446 1233 46 23 tha.
2502 1240 11 10 <•'
2525 1239 4 19 )

1900 1262 117 31 following
2028 1263 65 22 effect
2103 1271 5 15 :
2112 1275 32 4 —

1929 1303 136 22 Gentlemen
2074 1304 82 27 jurors,
2158 1316 28 3 —
2187 1304 77 23 Before
2272 1313 33 14 we
2311 1306 95 27 proceed
2416 1310 23 19 to
2449 1307 38 22 the

1901 1330 101 22 business
2012 1330 26 21 of
2043 1330 39 22 the
2094 1331 50 27 day,
2158 1331 11 22 I
2186 1332 70 22 would
2266 1332 54 22 wish
2330 1336 23 18 to
2369 1334 91 21 address
2474 1343 13 13 a

1902 1357 40 20 few
1959 1357 71 22 words
2047 1362 22 17 to
2085 1365 53 19 you,
2150 1358 50 27 and,
2212 1358 21 22 in
2248 1359 108 28 speaking
2372 1364 22 17 to
2409 1368 51 20 you,
2476 1362 9 21 I

1901 1383 71 22 desire
1982 1388 21 17 to
2014 1384 28 21 be
2052 1386 138 21 understood
2200 1390 22 17 to
2231 1386 68 28 speak
2310 1390 22 17 to
2339 1386 29 22 all
2377 1387 50 22 who
2436 1395 49 20 may

1900 1410 28 21 be
1938 1410 71 22 called
2020 1419 59 19 upon
2092 1415 21 18 to
2123 1416 36 17 act
2169 1419 24 14 as
2205 1413 103 27 jurymen
2318 1414 23 21 in
2352 1414 44 21 this
2412 1414 73 23 Court.

1900 1437 50 22 You
1966 1437 58 22 have
2041 1438 95 21 listened
2153 1442 22 18 to
2191 1440 36 20 the
2245 1440 128 21 Ordinance
2391 1441 43 22 and
2450 1442 35 21 the

1901 1464 166 22 Proclamation
2078 1465 72 22 which
2158 1466 56 21 have
2221 1466 57 22 been
2285 1466 115 28 pnblickly
2407 1468 53 23 read
2460 1480 28 4 —
2488 1482 2 7 >

1899 1491 19 20 it
1928 1496 84 17 cannot
2025 1492 28 21 be
2064 1499 118 19 necessary
2192 1493 32 20 for
2239 1500 36 14 me
2292 1497 22 17 to
2326 1494 89 27 enlarge
2427 1503 58 19 upon

1900 1518 37 21 the
1951 1518 139 27 importance
2111 1520 26 19 of
2152 1519 38 22 the
2208 1519 136 24 institutions
2364 1521 72 22 which
2450 1530 35 14 are

1901 1544 93 28 thereby
2007 1545 104 27 brought,
2130 1545 42 22 this
2192 1546 47 27 day,
2256 1547 33 21 for
2302 1548 38 21 the
2360 1548 47 21 first
2424 1550 59 26 time,

1900 1572 47 21 into
1963 1572 115 26 operation
2093 1572 22 21 in
2133 1572 43 22 this
2193 1572 60 28 place
2260 1581 6 18 ;
2281 1574 68 22 much
2365 1575 43 22 less
2418 1583 40 14 can
2470 1577 17 21 it

1900 1598 28 21 be
1949 1599 112 27 requisite,
2079 1598 23 22 in
2121 1600 106 26 speaking
2246 1605 22 17 to
2292 1601 127 27 intelligent
2442 1604 44 21 and
2504 1621 2 5 ,

1901 1625 109 22 educated
2026 1633 59 19 men,
2098 1630 22 17 to
2137 1626 65 22 dwell
2217 1634 58 20 upon
2287 1628 36 21 the
2339 1629 85 22 solemn
2441 1631 44 21 and

1900 1652 137 27 responsible
2047 1656 80 18 nature
2134 1654 25 21 of
2166 1654 37 21 the
2210 1654 71 22 duties
2288 1658 23 18 to
2320 1655 27 22 be
2356 1655 129 29 discharged

1900 1679 30 27 by
1940 1680 37 20 the
1991 1680 106 26 jurymen
2109 1680 25 21 of
2147 1680 43 22 this
2205 1681 74 22 Court.
2309 1681 57 22 lam
2377 1690 50 14 sure
2440 1684 46 21 that

1900 1713 57 19 your
1974 1713 50 14 own
2041 1706 124 23 reflections
2176 1708 42 21 will
2233 1708 64 27 bring
2297 1720 27 4 —
2325 1708 57 23 have
2396 1710 89 28 already

1900 1733 96 27 brought
1997 1745 26 3 —
2026 1733 48 22 that
2079 1736 80 20 matter
2168 1734 65 23 home
2243 1739 22 18 to
2274 1743 44 19 you
2328 1736 52 21 with
2391 1743 14 14 a
2413 1745 75 19 power
2528 1752 1 13 ,

1901 1760 72 21 which
1984 1768 42 14 can
2042 1768 69 15 never
2119 1761 83 27 belong
2212 1765 20 18 to
2248 1769 44 21 any
2301 1762 72 22 words
2384 1764 26 20 of
2422 1764 63 22 mine.

1902 1787 10 21 I
1924 1786 42 22 will
1978 1787 108 22 therefore
2097 1788 80 28 simply
2184 1792 89 18 content
2283 1789 83 27 myself
2372 1790 52 22 with
2435 1791 56 21 con-*
2491 1796 3 8 1

1900 1814 138 28 gratulating
2051 1822 45 20 you
2106 1822 29 15 on
2146 1815 37 22 the
2195 1816 107 28 complete
2318 1817 168 23 establishment

1901 1841 22 21 in
1936 1841 43 21 this
1989 1841 59 27 land,
2060 1845 23 18 at
2097 1849 24 14 so
2133 1842 60 27 early
2203 1849 13 15 a
2230 1843 78 27 period
2317 1844 22 21 in
2351 1843 38 22 the
2406 1844 80 28 history

1901 1868 25 21 of
1933 1868 28 21 its
1970 1868 155 27 colonization,
2136 1870 26 20 of
2165 1869 36 21 the
2211 1870 42 21 free
2262 1868 56 28 legal
2326 1870 133 23 institutions
2466 1873 23 21 of

1902 1895 83 21 Britain
1996 1904 5 18 ;
2019 1896 43 21 and
2075 1896 50 26 this,
2137 1896 133 27 gentlemen,
2284 1898 18 20 is
2319 1896 81 23 indeed
2417 1906 13 13 a
2441 1899 46 26 just

1900 1922 87 26 ground
1999 1922 26 22 of
2030 1923 106 27 rejoicing
2137 1934 27 4 —
2165 1927 39 17 not
2214 1924 82 26 merely
2302 1923 96 23 because
2408 1932 32 14 we
2452 1933 34 14 are
2495 1940 2 9 ,

1901 1948 105 28 adopting
2022 1949 37 22 the
2078 1957 66 19 usage
2160 1950 44 21 and
2220 1950 101 22 tradition
2339 1951 26 21 of
2377 1952 110 22 Britain—

1901 1976 95 21 because
2006 1984 33 14 we
2050 1984 36 14 are
2099 1978 87 26 coming
2196 1977 46 22 into
2252 1979 123 25 possession
2387 1979 25 20 of
2419 1986 13 14 a
2440 1985 47 25 part

1901 2002 25 21 of
1935 2010 40 14 our
1985 2004 82 21 British
2085 2004 99 27 heritage
2201 2004 94 26 (though
2308 2005 17 21 it
2336 2012 51 20 may
2399 2005 48 22 well
2462 2007 24 22 be

1902 2037 39 13 our
1951 2030 69 26 pride,
2030 2037 23 15 as
2064 2030 17 21 it
2090 2032 17 19 is
2118 2037 39 14 our
2166 2030 112 27 privilege,
2288 2034 21 18 to
2315 2031 51 22 look
2375 2037 21 15 to
2403 2032 82 23 Britain

1901 2056 34 20 for
1945 2063 28 13 an
1985 2056 101 27 example
2099 2057 44 20 and
2154 2065 12 12 a
2175 2057 75 26 guide)
2253 2068 27 4 —
2282 2065 39 14 nor
2328 2065 56 14 even
2394 2059 94 22 becauso

1902 2082 24 21 of
1935 2082 36 21 the
1982 2082 143 23 furtherance
2137 2084 43 21 and
2191 2084 36 21 aid
2236 2083 71 22 which
2318 2088 61 18 must
2384 2085 29 21 be
2422 2087 63 25 given

1902 2112 22 18 to
1943 2109 36 21 the
1998 2110 102 21 material
2115 2111 122 27 prosperity
2253 2111 27 21 of
2291 2112 44 20 this
2347 2116 101 24 country,
2459 2113 28 28 by

1903 2136 37 21 the
1955 2136 90 26 regular
2060 2137 44 21 and
2120 2138 79 21 settled
2215 2138 178 22 administration
2415 2140 25 21 of
2452 2141 34 21 the

1904 2164 52 21 Law
1972 2163 26 20 of
2007 2164 117 27 England.
2154 2164 41 22 We
2207 2164 78 23 should
2300 2167 126 20 remember
2436 2168 51 27 that,

1902 2190 89 27 beyond
2008 2191 29 21 all
2054 2191 49 27 this,
2116 2191 61 22 there
2194 2192 90 26 belongs
2295 2196 21 18 to
2327 2193 62 21 these
2405 2193 81 23 institu-

1902 2218 59 21 tions
1971 2224 13 14 a
1993 2217 56 27 high
2059 2218 45 21 and
2114 2218 137 22 inestimable
2260 2219 65 21 value
2336 2220 22 21 in
2369 2220 36 22 the
2421 2223 67 20 moral

1903 2244 65 22 effect
1987 2244 73 22 which
2080 2245 53 27 they
2151 2246 95 27 produce
2254 2254 5 19 ;
2280 2247 34 21 for
2328 2247 16 21 it
2361 2253 82 16 cannot
2461 2249 24 21 be
2523 2262 6 10 ,

1904 2271 97 22 doubted
2020 2272 55 26 that,
2095 2273 30 26 by
2145 2274 37 20 the
2199 2273 117 21 admission
2333 2273 26 22 of
2374 2274 38 22 the
2427 2280 60 21 great

1902 2298 61 28 body
1972 2299 26 20 of
2007 2299 93 21 citizens
2110 2303 22 17 to
2140 2308 12 12 a
2163 2299 63 23 share
2235 2301 23 21 in
2266 2301 45 21 and
2320 2308 13 14 a
2343 2301 85 22 control
2438 2310 52 14 over

1902 2326 37 20 the
1951 2326 177 22 administration
2140 2327 26 21 of
2173 2327 88 27 justice,
2274 2327 52 27 they
2335 2327 58 23 have
2405 2329 84 27 greatly

1903 2352 82 22 tended
1996 2357 21 17 to
2029 2356 72 18 create
2112 2353 44 22 and
2168 2353 56 28 keep
2234 2354 56 22 alive
2302 2354 47 22 that
2359 2354 128 24 wholesome

1903 2380 62 27 spirit
1975 2380 26 20 of
2006 2387 119 15 reverence
2131 2381 35 21 for
2176 2381 36 21 the
2222 2381 47 26 law,
2277 2381 44 22 and
2328 2382 25 21 of
2361 2383 127 21 confidence
2513 2388 3 9 '

1902 2407 24 21 in
1936 2407 29 21 its
1974 2407 106 27 practical
2091 2407 107 28 working,
2206 2409 27 26 by
2243 2407 73 23 which
2326 2416 41 15 our
2376 2416 51 15 race
2438 2411 17 21 is
2466 2418 22 14 so

1903 2433 90 28 happily
2013 2434 170 27 characterised,
2203 2435 42 22 and
2266 2435 55 22 have
2342 2436 85 27 mainly
2442 2445 45 14 sus-

1903 2461 77 21 tained
1996 2461 46 21 and
2059 2461 158 27 strengthened
2233 2466 102 24 amongst
2345 2470 25 14 us
2381 2463 38 21 the
2427 2468 61 23 great

1902 2487 108 28 principle
2020 2488 26 21 of
2052 2488 38 21 the
2096 2489 47 26 full,
2154 2489 81 27 public,
2248 2489 45 22 and
2299 2489 111 28 impartial
2417 2491 71 22 inves-

1904 2515 90 28 tigation
2006 2515 26 21 of
2044 2515 28 21 all
2085 2516 113 27 questions
2215 2516 70 22 which
2295 2524 52 21 may
2358 2517 65 22 affect
2433 2526 24 14 us
2466 2519 22 21 in

1902 2542 37 22 the
1957 2548 77 16 course
2051 2541 25 22 of
2092 2550 41 14 our
2149 2543 53 21 civil
2219 2542 45 23 life.
2299 2543 57 23 That
2375 2545 112 22 beneficial

1904 2569 65 21 effect
1979 2569 73 21 which
2069 2569 54 27 they
2133 2569 56 23 have
2206 2570 44 22 had
2259 2578 59 19 upon
2328 2571 37 21 the
2377 2571 113 23 character

1902 2597 26 20 of
1934 2596 37 22 the
1987 2596 78 27 people
2076 2600 106 24 amongst
2192 2597 71 22 whom
2274 2598 53 26 they
2337 2598 57 21 have
2406 2599 82 22 existed

1902 2630 24 14 so
1945 2623 61 26 long,
2027 2623 53 27 they
2104 2624 45 21 will
2168 2623 111 23 doubtless
2298 2625 56 21 have
2375 2632 58 21 upon
2453 2627 35 20 the

1902 2649 115 22 character
2034 2651 25 19 of
2072 2649 37 23 the
2124 2651 79 21 nation
2217 2651 72 21 which
2306 2651 56 23 shall
2379 2652 108 23 hereafter

1902 2676 66 22 dwell
2001 2676 76 22 within
2112 2677 43 22 this
2187 2677 65 23 noble
2284 2678 52 22 land
2374 2680 27 21 of
2432 2687 55 14 ours.
2512 2696 4 10 ,

1902 2703 75 26 What,
2009 2703 53 28 they
2090 2703 57 22 have
2185 2704 54 22 done
2266 2704 34 22 for
2333 2712 40 15 our
2406 2706 81 22 fathers

1902 2730 53 27 they
1979 2730 43 22 will
2047 2731 28 21 do
2099 2731 35 21 for
2157 2738 32 14 us.
2229 2731 20 22 It
2279 2733 98 21 remains
2400 2733 35 22 for
2457 2741 30 20 us,

1902 2757 139 27 gentlemen,
2062 2761 23 18 to
2104 2757 61 23 show
2184 2765 40 15 our
2240 2765 63 15 sense
2322 2759 26 21 of
2367 2767 42 15 our
2426 2761 63 27 privi-
2511 2763 3 6 '

1902 2785 61 26 leges
1974 2788 59 18 —to
2053 2785 67 27 bring
2144 2784 53 23 with
2215 2792 25 15 us
2257 2786 49 21 into
2325 2786 43 21 this
2393 2788 67 21 Court
2476 2795 12 14 a
2520 2789 2 5 '

1904 2811 74 28 fitting
1988 2811 64 28 spirit
2068 2811 34 21 for
2121 2811 36 23 the
2173 2812 60 22 work
2246 2820 33 14 we
2290 2813 57 21 have
2364 2816 22 19 to
2396 2814 38 27 do;
2447 2814 40 21 and

1902 2839 24 21 in
1938 2840 63 20 order
2013 2839 48 21 that
2069 2839 37 21 the
2117 2839 62 21 work
2195 2846 51 21 may
2255 2840 29 21 be
2293 2840 50 21 well
2354 2840 65 27 done,
2431 2845 22 18 to
2461 2841 26 22 be

1904 2866 120 27 especially
2033 2865 98 23 mindful
2146 2866 26 22 of
2183 2866 37 22 the
2236 2866 126 23 difficulties
2378 2868 71 21 which
2462 2868 26 21 lio
2514 2867 4 9 '

1903 2893 22 21 in
1938 2901 41 14 our
1989 2900 56 20 way.
2074 2893 43 27 My
2128 2893 62 22 chief
2196 2894 71 27 object
2278 2894 22 21 in
2311 2894 129 28 addressing
2448 2902 39 20 you

1903 2920 42 21 has
1962 2920 57 21 been
2036 2923 22 18 to
2074 2919 72 22 direct
2161 2927 57 20 your
2234 2922 108 21 attention
2359 2926 21 17 to
2398 2922 36 21 the
2450 2929 46 14 one/

1904 2947 60 22 main
1982 2947 115 26 difficulty,
2108 2947 74 22 which
2198 2947 66 22 arises
2278 2948 123 28 inevitably
2418 2953 37 18 out
2467 2949 24 21 of

1904 2973 38 22 the
1954 2975 171 20 circumstances
2133 2974 75 21 which
2223 2975 108 22 surround
2342 2983 33 15 us.
2404 2976 41 21 We
2455 2983 38 14 are.

1904 3001 71 27 living
1985 3001 21 21 in
2020 3001 37 21 the
2067 3001 70 22 midst
2146 3001 25 21 of
2178 3008 13 15 a
2201 3007 75 21 young
2283 3002 45 22 and
2335 3002 153 30 consequently

1904 3035 14 14 a
1928 3027 64 22 small
2004 3028 147 27 community.
2183 3028 135 28 VeryTOany
2329 3030 26 21 of
2366 3029 37 23 the
2419 3030 69 26 things

1905 3055 72 21 which
1994 3062 85 20 occupy
2098 3055 37 24 the
2151 3056 106 27 thoughts
2272 3056 45 22 and
2330 3057 73 22 words
2419 3056 24 22 of
2455 3056 33 21 the

1904 3082 112 21 members
2032 3083 27 26 of
2078 3082 62 22 older
2156 3083 107 29 societies,
2271 3091 38 14 are
2317 3103 3 11 t
2323 3084 97 27 wanting
2424 3083 64 22 -here.
2512 3079 11 29 ,'

1904 3108 82 22 Hence
1996 3109 19 21 it
2024 3105 76 26 conies'
2107 3105 26 26 io
2147 3116 52 21 pass
2212 3110 61 25 'that,
2277 3110 56 22 local
2351 3110 139 23 ofcc'urrences

1905 3136 79 28 supply
1994 3136 82 22 almost
2078 3133 84 26 '^ll-'the
2173 3136 70 28 topics
2248 3137 31 22 'of
2280 3135 161 28 .c&Lve'rsatioii,
2450 3136 43 23 and

1905 3162 49 22 that
1961 3170 104 15 rumours
2074 3163 26 22 of
2106 3164 59 21 local
2174 3164 77 27 doings'
2260 3161 140 25 a'r'e'listeded
2409 3167 21 16 to
2441 3163 51 21 with

1905 3197 14 14 a
1932 3190 69 27 ready
2010 3190 108 23 welcome
2133 3190 32 28 by
2177 3199 75 19 many,
2262 3190 49 23 and'
2321 3189 123 27 indolently
2460 3197 34 14 as-

1905 3216 79 22 sented
1995 3220 23 19 to
2034 3217 30 28 by
2074 3225 70 14 some.
2174 3218 54 22 And
2240 3226 22 14 so
2276 3218 18 21 it
2302 3217 26 25 is,
2340 3216 49 21 that
2398 3216 73 23 whilst
2476 3225 17 17 c

1902 3244 108 27 juryman
2025 3244 25 22 in
2067 3244 113 28 England-
2189 3242 64 25 takes'
2262 3244 33 21 his
2305 3246 52 24 seat,
2370 3242 45 23 and
2429 3244 63 26 then,

1905 3270 35 22 for
1950 3270 37 23 the
1998 3271 49 22 first
2055 3272 62 27 time,
2129 3272 65 21 hears
2210 3270 106 28 anything
2325 3270 26 21 of
2361 3269 42 22 the'
2410 3277 50 15 case
2470 3274 22 18 to
2526 3274 2 5 '

1906 3298 27 21 be
1944 3298 64 27 tried,
2020 3305 16 14 a-
2039 3299 107 26 juryman
2164 3299 53 21 here
2227 3304 39 15 can
2276 3295 79 29 hardly
2365 3303 79 21 escape
2455 3297 35 22 the

1904 3324 113 23 influence
2028 3326 26 21 of
2061 3326 38 21 the
2104 3332 101 15 rumours
2215 3323 69 23 which
2293 3322 54 23 float
2356 3323 74 23 round
2438 3324 53 22 him.

1905 3351 55 22 This
1969 3352 19 21 is
1998 3359 29 14 an
2039 3352 44 23 evil
2093 3352 73 22 which
2182 3358 31 14 we
2228 3350 28 21 all
2271 3357 47 20 see,,
2326 3350 48 22 and
2384 3352 26 21 of
2422 3351 70 22 which

1905 3378 19 22 it
1933 3378 103 23 becomes
2044 3386 37 21 my
2088 3378 55 27 duty
2149 3382 23 17 to
2181 3376 85 23 remind
2275 3383 52 21 you.
2356 3376 52 27 You,
2415 3376 77 24 should

1905 3405 30 22 be
1952 3402 118 31 earnestly'
2081 3405 44 22 and
2144 3403 127 28 practically
2282 3404 106 28 'mindful,
2397 3402 3 7 '
2408 3404 83 28 gentle-

1906 3439 58 20 men,
1976 3433 27 20 of
2013 3433 38 21 the
2062 3432 119 26 obligation
2196 3430 72 22 which
2283 3430 18 23 is
2311 3430 45 23 laid
2366 3439 60 21 upon
2440 3439 50 21 you,

1905 3462 23 19 to
1939 3462 46 19 cast
1993 3460 60 21 from
2062 3465 50 21 you,
2125 3460 22 19 at
2156 3457 38 22 the
2208 3461 99 19 moment
2317 3458 25 22 of
2354 3466 56 20 your
2419 3462 74 19 enter-

1905 3486 40 27 ing
1953 3486 49 21 into
2020 3486 43 21 this
2073 3486 75 25 Court,
2166 3491 67 21 every
2243 3485 162 27 prepossession
2422 3485 68 22 which

1906 3520 52 19 may
1967 3513 58 21 have
2035 3512 65 27 place
2155 3517 57 21 your
2226 3511 74 23 minds
2314 3513 127 27 respecting
2454 3512 36 21 the
2516 3532 2 10 (

1905 3539 108 22 biisiness-
2025 3543 23 17 to
2067 3539 27 21 be
2113 3538 58 21 done
2191 3537 59 24 here.
2255 3543 3 9 1
2274 3542 4 3 '
2288 3539 49 22 The
2357 3540 48 26 law,
2423 3539 68 22 whilst

1905 3566 78 27 giving
1992 3572 45 20 you
2047 3567 63 25 great
2126 3571 93 21 powers,
2230 3573 69 15 warns
2314 3574 46 21 you
2424 3570 20 17 to
2454 3573 36 14 use

1906 3593 60 21 them
1975 3592 89 27 lightly.
2071 3603 3 5 <
2093 3592 30 21 In
2139 3591 38 22 the
2192 3592 117 28 discharge
2323 3594 26 23 of
2361 3593 37 22 the
2408 3593 82 22 solemn,

1905 3622 56 19 trust
1970 3617 94 29 reposed
2074 3619 23 22 in
2107 3626 53 20 you,
2171 3626 47 20 you
2227 3627 51 21 may
2291 3622 40 21 not
2344 3620 73 28 listen,
2432 3627 23 14 or
2466 3620 24 21 be

1904 3646 127 22 influenced
2046 3646 31 27 by
2092 3648 39 20 the
2149 3646 73 23 words
2237 3648 24 21 of
2279 3655 46 21 any
2342 3645 58 29 nUni,
2419 3647 71 22 unless

1906 3673 56 31 they:
1968 3673 27 22 be
2005 3672 88 23 uttered
2103 3673 73 22 under
2186 3674 38 22 the
2228 3676 65 21 'most
2299 3674 85 24 solemn
2393 3674 95 22 sanction
2516 3693 4 7 ,

1904 3699 74 23 which
1987 3699 39 22 the
2034 3697 65 25 trimd
2104 3706 5 11 J
2111 3700 28 22 of
2143 3702 62 21 'mari'
2208 3703 7 12 %
2219 3702 41 22 eah
2261 3702 5 13 ;
2269 3698 108 32 ic6ticeiy'e
2379 3717 5 14 ?
2385 3712 28 4 —
2414 3700 46 22 that
2469 3698 25 23 of

1905 3733 33 16 an-
1942 3726 82 28 Appeal
2038 3729 24 20 to
2072 3726 43 23 the'
2122 3727 123 29 judgment
2258 3729 27 21 of
2287 3732 3 8 1
2295 3729 38 21 the
2349 3726 141 30 Almighty—

1905 3752 45 23 and
1959 3753 89 28 subject
2056 3757 23 20 to
2090 3754 39 22 the
2139 3758 59 19 most
2213 3755 100 23 effective
2323 3758 47 19 test'
2375 3754 71 23 which
2455 3754 33 21 the

1906 3780 37 22 wit
1952 3780 27 22 of
1990 3787 54 16 man
2061 3781 41 22 has
2117 3781 100 29 devised,
2228 3782 36 22 the
2279 3782 100 28 scrutiny
2387 3782 26 22 of
2424 3787 64 16 cross-

1905 3808 162 22 examination.

1909 3839 16 9 -'
1933 3834 143 29 Gentlemen}
2085 3836 3 12 !
2093 3843 47 21 you
2144 3835 9 12 s
2154 3843 38 15 are
2208 3836 49 22 well
2273 3843 71 16 aware
2360 3835 26 23 of
2395 3834 29 23 all
2441 3834 47 26 this,
2512 3847 3 7 .

1905 3861 46 22 and
1960 3862 39 22 the
2009 3862 56 28 duty
2071 3865 24 19 to
2104 3863 28 22 be
2136 3863 3 12 1
2142 3863 57 22 done
2209 3863 20 22 is
2238 3870 13 15 a
2259 3869 56 22 very,
2319 3863 61 28 plain
2390 3869 52 19 one;
2453 3862 60 21 but.,

1904 3888 19 22 it
1931 3888 20 22 is
1961 3889 93 22 needful
2069 3890 49 22 that
2134 3890 12 22 I
2163 3890 90 23 should,
2260 3895 62 17 warn
2334 3897 52 20 you,
2401 3888 49 22 that
2457 3887 32 22 for
2493 3884 32 28 /£*

1905 3916 38 22 the
1953 3923 80 15 reason
2051 3917 11 22 I
2076 3916 62 24 .have
2152 3917 135 27 mentioned,
2298 3917 18 22 it
2330 3917 26 24 is;
2365 3923 15 15 a
2387 3916 44 21 less
2440 3921 49 19 easy

1905 3942 55 28 duty
1968 3944 57 22 here
2036 3944 59 22 than'
2105 3944 129 23 elsewhere.
2260 3944 34 22 B>e
2304 3942 97 28 assured,
2409 3941 81 29 gentle-

1905 3977 59 21 men,
1981 3970 50 23 that
2047 3971 13 22 I
2076 3970 68 28 ipeak
2159 3971 25 22 in
2199 3977 30 17 no
2244 3970 62 28 spirit
2320 3970 26 22 of
2363 3968 89 27 distrust
2467 3973 24 16 or

566 40 99 47 Z\yt
689 41 112 42 Wfcto
827 41 211 41 iEcaianti
1065 42 192 47 <2&a?itt€
1281 44 91 39 autr
1397 43 304 47 WltUwzton
1727 42 253 49 Spectator.

665 127 112 25 hardware,
787 127 97 26 4'"casks?
891 128 37 23 ale,
943 128 42 20 and
999 128 124 27 a<~quantity
1136 128 25 21 of
1173 129 72 26 maize,

664 155 22 21 /.
696 155 28 20 A.
733 156 77 19 Brown.
866 150 28 29 ',"'-,
1008 154 23 28 '::■;•
1084 156 4 5 '
1102 161 3 4 '
1169 162 31 20 ,-tv

675 207 110 25 .-.Sydney
793 208 126 28 Shipping,
933 208 58 26 Sept.
1006 205 86 30 2^t.—
1091 208 89 22 Arrived
1193 208 54 21 from

667 234 49 21 Port
732 235 117 25 Nicholson,
867 236 115 25 yesterday,
999 236 78 25 having
1084 230 45 27 left
1142 236 37 20 the
1196 236 51 20 30th

665 262 92 25 ultimo.,
775 262 31 21 the
823 263 80 25 barque
917 263 97 24 Eleanor,
1030 264 40 19 150
1085 266 57 22 tons,
1158 263 90 27 Captain

665 290 104 23 Johnson,
786 290 19 19 In
820 290 85 21 ballast.
940 290 62 20 From
1021 290 51 20 Fort
1091 290 87 24 Nelson,
1197 290 51 21 New

665 317 99 24 Zealand,
780 317 35 20 last
831 318 70 24 night,
918 316 78 27 having
1008 317 40 20 left
1063 318 35 19 the
1110 319 33 19 Ist
1159 318 88 24 instant,

665 345 35 19 the
709 344 47 26 brig
773 344 81 26 Supply,
874 345 40 20 123
928 348 55 22 tons,
1003 344 92 27 Captain
1111 346 97 23 Browne,
1225 346 23 19 in

664 372 85 19 ballast.
785 380 5 6 '
885 366 5 4 *
960 375 4 16 :

691 406 93 21 Neison
789 406 125 23 .Shipping
928 405 81 22 News.
1010 417 28 4 —
1038 406 46 20 The
1102 409 69 18 cutter
1183 407 65 20 Pick-

663 434 60 23 wick,
735 434 52 20 from
797 433 51 21 Fort
862 433 124 27 Nicholson,
999 434 84 20 arrived
1096 440 28 14 on
1134 434 35 20 the
1181 434 51 20 18th
1241 441 5 17 ;

663 461 79 26 barque
758 462 65 24 Eagle,
836 461 55 20 from
913 461 89 26 Sydney,
1023 468 28 13 on
1070 461 36 20 the
1123 461 71 24 22nd;
1213 462 36 19 the

664 488 78 20 Nelson
750 488 80 25 Packet,
841 488 57 20 from
912 488 107 20 Massacre
1029 488 52 27 Bay,
1097 495 26 14 on
1134 489 36 20 the
1182 489 52 20 29th
1243 496 5 17 ;

663 513 42 22 and
714 515 36 20 the
761 518 61 17 cutter
836 515 70 26 Royal
917 516 98 24 William,
1033 515 55 20 from
1100 516 49 21 Port
1159 515 91 21 Nichol-

663 549 46 19 son,
719 543 43 20 and
774 543 97 20 schooner
884 544 82 24 Osprey,
982 543 57 19 from
1056 542 91 28 Sydney,
1164 549 30 14 on
1212 544 36 19 the

663 570 26 20 30
692 571 22 19 th
726 570 123 26 September.

688 605 46 20 The
749 605 95 20 schooner
863 605 84 24 Sisters,
966 605 66 19 sailed
1042 605 54 20 from
1110 605 89 24 Nelson,
1217 605 33 20 for

664 631 83 21 Hobart
760 632 65 23 Town,
842 638 29 14 on
886 627 36 25 £tie
938 632 54 23 21st,
1014 633 42 19 and
1077 633 36 19 the
1128 633 120 25 brigantine

665 659 97 24 Hannah,
780 659 28 21 for
817 659 37 19 the
869 659 102 20 Chatham
989 659 91 25 Islands,
1099 666 28 14 on
1141 660 36 20 the
1194 660 56 20 22nd

663 687 129 26 September.

755 740 117 20 AGENTS
886 741 57 19 FOR
959 741 73 20 THIS
1047 741 108 20 PAPER.

1894 142 69 20 mare,
1976 139 51 26 part
2038 135 25 24 of
2069 136 48 23 'the
2139 143 66 24 cargo
2226 136 26 24 of
2267 136 38 31 tfce
2328 135 83 32 Eagle,
2424 145 59 16 were

1895 167 57 28 sold,
1973 168 74 30 partly
2058 168 31 31 by
2101 169 97 29 auction,
2211 177 30 15 on
2259 168 115 25 Fifeshire
2394 170 87 30 Island;

1895 207 30 16 on
1937 200 102 31 Monday
2050 200 52 30 last,
2115 201 45 24 and
2179 201 73 32 partly
2265 210 28 16 on
2312 201 47 24 the'
2367 202 116 32 following
2499 199 4 7 '

1895 233 50 29 day,
1972 233 29 30 by
2030 234 87 30 private
2147 240 106 19 contract.
2307 235 51 24 The
2387 243 97 24 average

1896 266 60 31 price
1968 274 47 15 was
2033 267 55 23 £10
2107 267 82 24 ahead
2208 269 35 23 for
2262 267 38 25 the
2321 268 75 24 cattle.
2436 271 47 22 136

1897 299 69 31 sheep
1987 307 59 16 were
2067 299 49 24 also
2139 301 57 23 sold.
2237 301 51 24 The
2310 301 128 24 remainder
2460 303 28 23 of

1895 332 41 22 her
1959 340 67 23 cargo
2050 334 19 22 is
2090 333 35 23 for
2147 333 146 32 Wellington.
2338 334 51 24 The
2412 334 73 24 Guide

1897 365 88 24 arrived
1998 366 58 23 from
2076 365 94 32 Sydney
2188 374 27 15 on
2236 367 154 31 Wednesday,
2403 368 79 30 bring-

1895 398 41 30 ing
1949 400 48 21 160
2010 398 76 31 sheep,
2100 400 63 29 eight
2174 399 85 29 horses,
2272 401 44 23 and
2328 401 51 23 four
2390 400 95 25 heifers.

1897 431 50 23 The
1960 431 69 31 sheep
2119 432 50 23 sold
2187 433 152 31 immediately
2352 441 29 16 on
2393 433 90 30 arrival,

1897 468 22 19 at
1932 466 52 22 255.
2006 473 14 14 a
2038 464 66 25 head.
2140 465 63 24 Four
2222 466 78 23 horses
2319 467 45 23 had
2383 467 51 23 died
2455 476 28 15 on

1897 497 38 23 the
1952 505 105 23 passage,
2076 499 44 22 and
2139 499 43 22 five
2198 498 92 25 heifers.
2326 499 52 24 The
2395 500 87 23 horses,

1897 537 31 16 we
1952 530 148 30 understand,
2124 539 39 16 are
2185 532 102 23 valuable
2311 533 104 28 animals,
2440 534 43 23 and

1897 564 102 30 superior
2021 568 22 19 to
2056 572 45 23 any
2112 565 49 23 that
2179 565 55 23 have
2253 565 56 24 been
2323 565 99 24 hitherto
2440 567 43 22 im-

1896 596 81 32 ported
1995 597 47 23 into
2064 597 64 24 these
2146 598 93 24 islands.
2276 599 23 23 It
2357 600 86 30 worthy
2462 601 26 22 of

1897 629 98 29 remark,
2017 630 48 23 that
2085 630 38 23 the
2142 631 77 23 horses
2239 631 49 23 that
2307 632 53 23 died
2377 640 59 15 were
2454 634 30 23 all

1897 663 75 31 slung,
1987 663 44 23 and
2050 663 64 24 those
2134 663 72 24 which
2217 671 57 16 were
2293 666 120 29 preserved
2426 673 58 17 were

1898 696 69 24 taken
1980 701 39 19 out
2031 697 26 23 of
2066 696 38 24 the
2116 697 73 30 slings
2200 697 21 23 in
2235 705 156 24 consequence
2405 699 26 23 of
2445 699 38 24 the

1897 729 79 24 illness
1996 729 134 32 apparently
2149 730 113 32 produced
2279 731 30 31 bp
2322 730 70 25 them.
2429 732 24 24 It
2464 734 20 22 is

1897 770 14 15 a
1929 763 112 30 question,
2065 763 62 28 then,
2152 763 70 24 which
2247 763 44 23 this
2314 772 51 16 case
2389 769 95 27 appears

1898 795 82 24 almost
2000 801 24 18 to
2042 796 58 24 have
2120 796 100 28 decided,
2233 796 99 25 whether
2344 798 19 23 it
2373 799 20 22 is
2412 798 72 24 better

1898 832 40 20 not
1945 833 24 19 to
1982 829 60 31 sling
2052 830 80 23 horses
2145 831 35 22 for
2191 838 13 15 a
2214 838 93 23 voyage.

682 789 39 18 Mr.
733 789 120 18 BURCHAM
948 790 79 17 Petoni.

683 817 37 18 Mr.
733 817 21 18 C.
767 817 105 21 ELLIOTT,
884 818 104 17 Examiner
994 818 68 22 Office,
1070 819 74 18 Nelson
1152 819 78 18 Haven.

682 846 39 17 Mr.
733 847 17 16 J.
759 845 21 18 B.
789 846 87 18 BAINES
952 846 46 17 New
1006 847 113 21 Plymouth,
1126 847 104 18 Taranaki.

682 874 38 18 Mr.
733 875 25 18 H.
770 874 116 18 CHURTON
952 875 118 22 Wanganui.

683 902 37 19 Mr.
733 903 29 18 W.
775 902 92 19 WILSON
950 903 41 21 Bay
998 904 22 17 of
1030 904 86 17 Islands.

2028 892 78 24 LAW
2130 893 213 25 PROCEDURE

127 1007 293 23 METEOROLOGICAL
434 1007 117 23 TABLE.

53 1040 45 21 For
107 1040 36 19 the
152 1040 55 19 week
216 1040 75 25 ending
303 1040 117 24 Thursday,
432 1039 58 26 Sept.
503 1040 36 24 29,
552 1040 62 20 1842.

59 1124 48 16 1842.

146 1103 51 16 Time
205 1103 20 16 of

142 1124 87 16 Observa-

162 1145 45 16 tion.

260 1113 54 16 Baro-

254 1135 63 15 meter.

334 1109 90 21 Thermo-I

344 1137 66 14 meter.

450 1091 36 20 £?.3
496 1095 12 18 2

551 1124 31 16 Wii

39 1203 84 20 Friday...

36 1265 32 16 Sat

164 1203 9 15 8

163 1224 53 20 Ip.m.

163 1246 9 14 5

156 1267 17 14 .8

163 1287 46 20 Ip.m

162 1309 10 14 5

162 1330 11 15 8

162 1351 55 19 Ip.m.

163 1393 9 15 8

163 1413 53 20 Ip.m.

163 1434 9 15 5

163 1455 9 16 8

162 1476 54 20 Ip.m.

162 1518 10 15 8

163 1539 19 20 lp
191 1543 26 11 m.

162 1561 9 14 5

163 1581 9 15 8

163 1602 52 19 Ip.m.

162 1623 10 15 5

258 1204 58 17 30.030

257 1225 58 17 30.015

257 1247 59 17 29.090

257 1268 58 16 30.200

259 1290 57 15 30.182

258 1310 57 16 30.155

358 1204 28 15 55.

358 1225 29 15 61.

360 1246 36 15 56.5

359 1267 38 15 50.5

358 1288 26 15 03.
388 1288 9 14 5

358 1309 38 15 63.5

449 1228 57 16 None.

452 1291 58 16 None.

530 1206 50 17 N.W.

529 1228 51 16 N.W.

529 1249 45 16 N.E.

529 1270 40 16 S.E.

529 1291 40 16 S.E.

529 1312 46 16 S.W.

530 1333 51 16 N.W.

530 1354 51 16 N.W.

530 1375 51 16 N.W.

530 1396 51 15 N.W.

531 1417 50 15 N.W.

530 1438 51 15 N.W.

529 1458 52 16 South

530 1479 40 16 S.E.

530 1500 40 16 S.E.

530 1521 40 16 S.E.

530 1542 42 16 S.E.

530 1563 40 15 S.E.

531 1583 50 16 N.W.

531 1604 50 16 N.W.

531 1625 50 16 N.W.

36 1328 87 19 Sunday..

457 1354 38 16 0.03

38 1390 84 20 Monday.

38 1452 82 21 Tnasday

38 1514 43 17 Wed

258 1394 58 16 29.400

258 1416 20 15 29
286 1415 30 16 297

258 1436 58 17 29.230

258 1457 58 15 29.400

258 1477 58 16 29.470

257 1498 59 16 29.500

257 1518 59 17 29.730

257 1540 20 16 29
286 1540 30 16 800

258 1561 58 16 29.845

258 1582 58 16 30.143

258 1603 58 16 30.140

256 1624 59 15 30.132

359 1392 28 16 56.

358 1413 28 16 59.

359 1434 37 16 58.5

359 1455 27 16 49.

359 1476 27 15 50.

359 1497 37 15 51.5

359 1517 28 16 49.

360 1538 37 17 5J.5

360 1561 20 16 50
389 1561 9 14 5

360 1582 38 16 57.5

458 1417 38 16 0.70

458 1479 38 16 0.10

449 1542 58 16 None.

36 1577 61 17 Thurs
102 1590 18 5 ...

450 1604 58 16 None.

35 1672 86 21 'Fliday...

37 1736 32 15 Sat

36 1799 84 20 Sttnday..

36 1860 84 21 Monday.

163 1675 10 15 8

162 1696 54 20 Ip.m.

163 1718 9 14 5

163 1738 10 15 8

163 1759 54 20 Ip.m.

163 1780 9 14 5

162 1801 10 15 8

163 1822 54 19 Ip.m.

162 1843 9 15 5

162 1865 10 14 8

162 1885 55 20 Ip.m.

162 1907 10 14 5

162 1927 10 15 8

162 1949 56 19 Ip.m.

163 1970 9 15 5

162 1991 10 15 8

163 2012 54 19 Ip.m.

162 2033 10 15 5

163 2054 9 15 8

163 2074 56 20 Ip.m.

163 2096 9 14 5

240 1662 3 10 i
376 1657 127 15 REMARKS.

245 1676 93 17 Moderate
346 1677 63 17 breeze
417 1678 38 16 and
460 1681 42 17 very
510 1678 43 15 fine.

245 1697 64 20 Strong
317 1698 62 16 breeze
388 1698 35 16 and
432 1698 41 16 fine.

245 1718 92 16 Moderate
344 1719 149 21 breeze,'cloudy.

245 1738 53 21 Light
309 1740 62 16 breeze
380 1740 36 16 and
425 1744 44 17 veiy
476 1740 42 17 fino.

288 1759 32 18 Do.
362 1760 38 17 Do.
443 1761 35 17 Do.

288 1780 33 18 Do.
364 1782 35 16 Do.
444 1782 33 16 Do.

244 1802 64 20 Strong
316 1803 62 16 breeze
385 1803 37 16 and
429 1804 87 15 overcast.

287 1823 34 16 Do.
363 1824 35 16 Do.
442 1824 45 16 with
495 1824 80 16 showers

287 1844 33 16 Do.
363 1845 35 16 Do.
440 1845 46 16 with
493 1845 46 15 rain.

245 1865 55 16 Fresh
309 1865 61 16 breeze
379 1865 44 16 with
431 1865 46 16 rain.

245 1886 64 20 Strong
316 1886 62 16 breeze
386 1886 35 16 and
430 1888 89 15 overcast.

240 1903 2 29 j
288 1907 32 16 Do.
363 1907 34 16 Do.
442 1907 42 16 fine.

245 1928 65 19 Strong
318 1928 61 16 breeze
387 1928 37 16 and
433 1930 90 15 overcast.

289 1948 33 17 Do.
364 1949 34 16 Do.
442 1948 34 17 Do.

246 1969 91 17 Moderate
346 1970 62 16 breeze
415 1970 36 16 and
459 1970 41 16 fine.

288 1990 38 20 Do..
364 1991 36 16 Do.
444 1991 34 16 Do.

245 2012 65 19 Streng
353 2012 33 16 Do.
430 2012 34 16 Do.

288 2032 32 16 Do.
364 2033 37 17 Do.
445 2033 34 16 Do.

246 2053 91 16 Moderate
345 2053 62 16 breeze
416 2053 36 16 and
461 2057 42 16 very
511 2053 42 16 fine.

259 2087 5 6 ,
287 2073 33 17 Do.
363 2074 34 16 Do.
442 2074 33 16 Do.

288 2094 33 16 Do.
364 2095 34 15 Do.
443 2094 70 20 cloudy.

532 1681 21 12 IC.

36 1924 84 20 Tuesday

35 1986 45 17 W«d

36 2049 52 17 Thur
102 2060 18 6 ...

783 1351 93 22 Notice
894 1354 28 18 to
938 1353 187 21 Subscribers.

664 1387 79 24 Papers
759 1387 41 18 tuill
808 1388 36 19 not
858 1387 25 19 be
896 1388 46 19 sent
959 1388 21 18 to
992 1393 92 19 persons
1096 1389 66 26 living
1176 1390 37 19 out
1230 1389 27 25 of

689 1415 54 18 Port
754 1414 114 24 Nicholson,
886 1415 68 19 unless
968 1417 161 23 arrangements
1141 1423 36 13 are
1193 1418 60 19 made

685 1442 38 22 for
733 1442 35 19 the
775 1443 92 23 payment
877 1443 29 23 of
912 1443 34 18 the
954 1449 64 19 same,
1032 1444 94 24 through
1141 1450 27 14 an
1180 1445 72 25 Agent

689 1470 24 18 at
726 1469 127 23 Wellington.

96 135 7 11 .-
114 140 8 13 ,-.
161 128 120 21 Tenders
290 127 55 33 ,for^
350 128 54 21 Pro
406 128 116 21 visions.
562 141 4 9 ,

49 162 42 24 T>
97 160 146 24 SQUIRED
253 161 34 22 for
296 161 85 23 the!,use
392 161 27 21 of
425 160 38 22 the
470 160 58 23 New
536 160 101 22 Zealand

48 182 76 30 J?l&4
129 187 114 28 Company
253 191 22 18 at
283 186 143 28 Wellington,
435 185 68 30 Forty
515 187 90 23 Barrels
615 187 30 25 of-j

47 212 119 29 European
189 214 48 22 Salt
254 213 62 27 Beef,
336 213 51 23 And
413 213 69 28 Forty
489 214 103 22 '•Barrels
606 213 34 22 *of

46 240 121 27 European
187 240 47 22 Salt
346 240 37 21 No
401 240 80 22 tender
496 240 45 22 will
555 240 29 22 be
604 247 33 15 re-

47 267 78 21 ceived
141 267 34 21 for
184 267 43 21 less
235 266 54 22 than
301 268 27 20 20
336 266 85 22 barrels
431 267 25 21 of
466 267 60 21 Pork
537 274 25 14 or
577 267 26 21 15
616 267 24 21 of

47 293 63 27 Beef,
119 301 42 14 nor
170 294 56 21 after
234 293 36 21 the
277 293 51 21 11th
333 293 91 21 instant.
453 293 50 22 The
512 294 125 27 provisions

46 323 24 18 to
79 320 28 22 be
118 320 112 22 delivered
246 320 29 27 by
284 320 37 21 the
336 320 53 21 20th
405 320 93 26 instant,
511 320 46 22 and
571 323 23 18 to
609 320 27 22 be

45 347 125 21 warranted
186 346 71 22 sound
263 354 5 19 ;
284 346 44 22 and
344 353 44 14 one
398 346 53 22 cask
464 346 24 21 in
498 347 45 21 five
561 347 27 21 of
598 346 37 22 the

47 373 59 22 Beef
117 374 44 21 and
176 373 58 21 Pork
249 375 23 19 to
286 373 28 25 b.e
331 369 103 31 openedf
435 376 25 18 at
474 372 39 22 the
523 374 75 27 option
614 374 26 20 of

46 400 36 21 the
97 400 133 27 Company's
244 400 162 28 Store-keeper.

101 432 103 28 (Signed)
234 446 3 4 ■
261 432 32 22 H.
306 433 22 22 S.
343 432 125 27 Knowles,

331 459 277 28 Store-keeper-General.

72 492 140 26 Wellington,
225 491 95 22 October
330 491 18 27 7,
363 492 60 21 1842.

286 536 73 22 Police
371 536 77 27 Office,
458 537 148 26 Wellington,

343 563 99 22 October
451 565 20 25 6,
484 565 70 26 1842..

162 596 129 21 Erection
306 596 30 21 of
347 597 168 20 Post-office.

44 630 180 34 rpEjNDEßS'
235 630 42 22 will
297 631 28 21 be
341 630 105 22 received
463 633 23 19 at
495 629 45 22 this
555 630 79 24 Office,

50 651 30 27 JL
118 657 56 21 until
194 663 54 14 noon
263 658 26 25 of
306 658 100 25 Tuesday,
428 658 35 20 the
484 658 52 19 Wih
553 657 41 25 day
613 659 27 24 of

44 685 89 19 October
141 685 87 24 instant,
237 684 33 22 for
281 684 36 22 the
328 685 97 22 erection
439 685 25 20 of
471 685 160 21 a.Post-office.

53 711 5 4 '
71 711 21 21 A
102 711 151 28 specification
265 715 21 18 to
296 712 27 21 be
333 718 52 15 seen
395 715 24 17 at
430 711 43 21 this
486 711 78 21 Office.

234 744 110 23 Michael
361 743 114 26 Murphy,

306 771 65 22 Chief
381 770 74 22 Police
465 770 142 28 Magistrate.

44 815 90 49 FIOR
149 815 85 27 SALE,
250 823 13 13 a
274 815 132 21 substantial
419 814 58 22 built
493 814 75 28 house,
582 815 52 22 with

86 852 4 10 ;
103 842 56 27 shop
169 842 44 22 and
221 842 101 22 business
331 842 21 21 if
357 842 113 27 required,
481 849 30 14 on
522 842 111 22 Lambton

44 869 73 27 Quay.
148 871 42 19 For
209 869 135 27 particulars,
366 869 66 27 apply
450 871 24 19 to
495 869 36 21 the
551 869 83 21 under-

43 896 88 26 signed.

448 923 27 21 E.
491 923 113 21 Morgan.

27 969 3 3 .
70 949 98 21 October
177 949 19 27 7,
210 951 59 20 1842.
