3520 4610
147 193 402 34 CORRESPONDENCE.

88 248 64 20 While
161 251 42 16 owr
211 248 88 17 columns
311 249 37 14 are
360 248 52 20 open
425 248 21 15 to
455 248 38 20 all,
507 249 29 14 we
545 248 27 16 do
585 248 32 17 not

108 283 91 25 identify
217 280 100 21 ourselves
333 280 52 21 with
404 280 96 26 opinion*
514 282 103 25 expressed

110 319 87 20 therein.

133 357 34 24 To
178 356 37 25 the
233 355 88 25 Editor
332 356 32 31 of
373 355 38 25 the
423 355 144 26 Observer.*

236 409 94 25 VIEW
366 409 95 25 HILL.

115 477 86 25 Sib.—
204 476 73 30 Quite
310 484 16 16 a
359 477 74 24 boom
460 477 29 24 m
517 476 103 26 Busters

79 521 61 25 here
156 520 42 34 on[
208 519 132 33 Saturday,
369 527 75 25 every
472 527 63 25 copy
564 519 55 27 sold

79 565 45 25 out
151 563 93 25 almost
272 570 28 18 as
329 569 61 19 soon
413 570 29 18 as
470 562 61 33 they
555 571 65 18 were

79 607 102 32 opened.
223 606 15 25 I
265 605 52 26 had
346 613 69 19 some
443 606 123 33 difficulty
592 607 28 24 m

79 650 95 33 getting
185 658 49 17 one
250 651 27 24 at
289 650 35 25 all
335 650 101 31 myself,
470 649 91 26 indeed
576 651 44 24 the

79 693 60 32 only
167 700 115 18 recourse
309 693 46 25 left
384 694 26 23 to
437 700 42 18 me
507 700 52 18 was
592 695 27 23 to

79 738 96 24 borrow
192 745 46 16 one
267 744 28 17 as
323 736 61 32 they
413 743 62 19 weie
503 736 36 25 all
566 736 54 25 sold

79 783 27 23 at
122 788 63 24 your
212 779 65 27 local
305 787 94 25 agency
427 782 41 24 too
486 778 68 33 early
582 780 38 24 for

78 832 50 17 me.
172 823 125 33 Probably
325 831 60 25 your
413 823 153 25 humourous
589 822 29 26 il-

77 869 135 26 lustration
229 868 50 25 had
296 867 144 32 something
465 869 26 23 to
509 867 32 25 do
558 866 61 26 with

79 913 29 25 it.
155 912 39 31 By
223 912 40 25 the
296 912 47 31 bye
371 911 70 25 don't
469 919 50 24 you
547 909 72 26 think

79 965 62 24 your
159 957 79 25 Artist
263 957 73 24 made
353 964 14 16 a
389 955 107 25 mistake
506 956 12 23 ?
552 955 67 31 Why

80 1001 44 25 the
141 1001 75 31 thing
232 999 21 25 is
270 999 87 31 upside
386 998 73 25 down
470 999 6 23 !
510 1006 50 23 you
576 1005 42 17 are

80 1043 71 31 sadly
180 1043 27 24 m
225 1050 68 17 error
315 1049 28 17 or
370 1048 50 24 you
437 1041 82 24 would
547 1040 71 24 know

79 1087 57 25 that
169 1086 45 24 the
248 1084 117 26 National
401 1084 47 25 Ass
480 1083 23 25 is
536 1082 82 32 riding

78 1131 117 30 Tommy,
214 1130 46 24 not
271 1128 109 31 Tommy
396 1128 44 24 the
452 1127 48 25 Ass
512 1134 27 17 as
555 1134 63 24 your

78 1173 155 26 illustration
261 1172 147 31 represents.
455 1170 57 24 You
539 1169 78 32 really

79 1218 32 25 do
130 1218 55 30 stay
202 1217 41 24 too
261 1215 77 24 much
355 1214 27 24 m
400 1213 56 24 that
472 1216 85 28 musty
575 1211 41 25 old

78 1261 70 25 office
165 1260 41 24 Mr
234 1258 90 25 Editor
350 1258 50 24 and
422 1256 22 25 if
469 1263 50 24 you
547 1255 69 25 don't

79 1304 46 24 stir
143 1303 75 24 about
236 1310 15 16 a
267 1302 36 24 bit
319 1300 78 32 you'll
414 1301 42 30 get
472 1298 70 32 quite
558 1305 58 18 con-

79 1347 129 25 servative.
228 1345 15 25 I
255 1352 106 23 suppose
383 1343 114 25 however
517 1341 98 25 "Arle's

77 1390 57 25 well
151 1390 57 23 that
225 1388 61 25 ends

211 1432 14 24 I
260 1439 39 16 am
333 1430 40 28 &c,

478 1470 120 25 DEMOS

76 1601 22 24 A
115 1599 77 26 FEW
210 1596 107 27 LINES
343 1596 45 24 BY
411 1595 71 25 THE
502 1592 110 27 LOCAL

76 1643 90 26 POET
183 1642 45 25 ON
248 1641 70 24 THE
338 1637 184 28 OBSERVER
535 1637 77 25 CAR-

75 1686 93 24 TOON
185 1684 38 25 IN
241 1683 87 25 LAST
347 1681 132 27 WEEK'S
497 1680 114 25 ISSUE.

33 1781 10 10 v
74 1774 92 21 Thanks
180 1773 36 20 for
229 1778 58 21 your
307 1769 105 28 splendid
430 1768 128 27 engraving

97 1811 62 20 That
171 1816 30 14 no
214 1809 88 27 picture
321 1807 67 21 could
408 1813 53 14 ever
475 1811 91 20 surpass

73 1849 36 20 An
132 1854 64 19 army
219 1846 24 21 of
266 1846 101 26 troopers
389 1843 114 27 parading

96 1884 117 21 Would'nt
227 1882 67 28 equal
316 1882 41 21 the
380 1880 111 21 National
505 1879 50 21 Ass.

71 1939 57 21 How
150 1938 73 28 proud
242 1938 93 26 Tommy
369 1936 41 21 sits
429 1936 25 19 m
473 1934 40 21 the
532 1934 79 21 saddle

97 1978 31 21 As
153 1978 28 20 he
212 1981 113 21 scampers
359 1974 69 26 along
456 1973 25 20 m
502 1972 38 20 his
561 1972 50 27 glee

69 2016 56 22 Like
144 2023 15 14 a
177 2015 93 21 shearer
297 2013 71 20 about
385 2012 25 20 to
431 2010 124 22 skeddadle

97 2056 69 19 Prom
185 2054 41 20 the
236 2052 56 22 shed
309 2052 26 20 to
349 2058 15 14 a
372 2051 44 26 pub
427 2049 36 21 for
482 2054 14 14 a
513 2054 71 21 spree.

69 2109 52 20 And
131 2115 44 19 my,
189 2107 70 21 won't
268 2107 29 20 ho
307 2106 53 20 dine
370 2104 56 21 with
443 2103 41 21 the
498 2102 41 26 big
548 2102 61 25 bugs

97 2147 53 20 And
159 2146 54 20 take
222 2144 51 26 nips
283 2143 57 21 with
356 2143 40 19 the
414 2142 63 25 pests
487 2140 24 20 of
520 2143 91 24 society

69 2185 52 19 And
141 2183 57 26 perk
216 2181 67 21 while
306 2181 56 26 they
380 2180 70 21 tickle
478 2180 37 20 his
530 2180 52 27 lugs

97 2221 66 21 With
182 2220 88 27 praises
290 2219 23 20 of
332 2224 64 15 sense
421 2218 47 20 and
478 2217 105 27 sobriety.

71 2276 47 21 But
144 2275 54 21 wait
226 2274 39 21 till
292 2274 41 20 the
352 2272 97 22 election
467 2273 19 20 is
504 2278 54 15 over

97 2314 49 20 The
166 2313 48 20 Sec.
238 2312 47 20 will
303 2312 29 20 be
350 2310 44 21 left
411 2310 25 20 m
456 2317 15 13 a
489 2310 40 20 rut

71 2352 61 20 Isfexfc
149 2351 56 20 time
227 2350 28 19 he
280 2348 55 21 calls
357 2348 25 20 at
401 2354 14 14 a
440 2347 89 21 Station

169 2388 28 20 be
215 2386 51 22 told
283 2386 26 20 to
329 2392 28 20 go
376 2385 66 20 down
460 2385 25 20 to
502 2384 41 21 the
562 2384 49 21 hut.

69 2443 63 20 ■With
153 2442 94 26 damper
255 2440 47 21 and
320 2441 39 20 tea
368 2439 82 26 they'll
468 2439 77 26 regale
563 2439 48 20 him

96 2480 53 20 And
176 2478 89 21 tumble
304 2477 48 20 him
381 2477 50 19 into
460 2482 15 14 a
501 2475 46 21 bed

71 2517 68 21 With
157 2523 14 14 a
181 2515 85 28 ragged
276 2515 39 21 old
333 2514 107 22 woolbale
450 2515 25 20 to
484 2520 71 14 warm
563 2513 48 20 him

99 2554 125 26 Swarming
248 2553 58 20 with
324 2552 59 21 ticks
412 2552 59 20 from
489 2552 40 20 the
548 2551 63 21 shed.

72 2608 53 21 And
155 2614 24 14 so
209 2608 37 20 Sir
273 2606 39 21 I'll
339 2607 48 25 buy
415 2612 14 15 a
456 2606 55 21 neat
539 2605 73 21 frame

99 2646 68 20 With
196 2645 88 25 twenty
312 2644 52 21 four
392 2644 79 20 inches
499 2643 22 21 of
551 2642 61 27 glass

69 2683 52 21 And
150 2682 38 21 I'll
215 2682 67 21 make
321 2681 114 21 immortal
463 2681 40 21 the
531 2686 67 16 name

104 2722 29 20 Of
161 2722 41 20 the
232 2720 89 21 Oxford
348 2720 109 20 National
480 2720 49 20 Ass.

246 2784 190 25 POLITICAL.

100 2854 41 24 Mr
168 2852 124 26 Meredith
321 2852 130 24 addressed
485 2860 14 14 a
536 2850 71 25 well-

68 2897 118 25 attendeJ
204 2896 111 31 meeting
332 2897 27 23 of
375 2896 40 24 bis
441 2895 169 25 constituents

62 2944 26 21 at
107 2940 129 23 Kaikoura
262 2947 33 16 on
331 2939 133 30 Thursday
494 2938 109 30 evening

68 2984 43 23 the
129 2982 62 25 12th
208 2982 59 25 inst.
303 2982 39 24 Mr
360 2981 102 29 Collins,
482 2981 128 23 chairman

67 3026 27 25 of
109 3026 42 24 the
169 3025 99 30 County
286 3024 112 29 Council,
424 3023 122 32 presided.
586 3024 23 23 A

76 3071 56 22 vote
151 3069 26 23 of
201 3068 91 24 thanks
311 3068 49 24 and
395 3067 144 25 confidence
569 3075 39 16 wa

70 3112 103 27 carried.

179 3165 14 13 #
280 3164 14 13 *
379 3163 14 14 *
481 3163 15 14 #

100 3195 53 24 The
171 3195 58 24 Hon
248 3193 24 25 J.
301 3194 33 24 G.
354 3193 77 25 Ward
455 3193 21 24 is
496 3193 111 31 unlikely

69 3236 26 22 to
118 3233 63 24 have
204 3240 49 23 any
276 3231 142 31 opposition
442 3231 38 24 for
504 3228 106 27 Awai'ua

68 3273 61 23 next
142 3271 113 28 election,
291 3269 27 25 m
434 3276 56 18 case
514 3269 39 24 for
565 3269 44 24 the

67 3311 68 26 third
148 3311 59 24 time
220 3311 26 23 iv
259 3309 142 26 succession
424 3309 32 25 he
468 3309 52 25 will
543 3308 65 25 have

70 3359 15 15 a
108 3349 133 25 walk-over

179 3400 14 13 #
279 3399 14 13 #
381 3398 14 14 *
493 3398 15 13 #

24 3424 37 28 *•
101 3437 40 24 Mr
160 3436 38 25 W.
217 3436 66 30 Udy,
304 3435 27 25 of
349 3435 155 31 Greyniouth
516 3434 91 28 North,

67 3475 100 26 intends
180 3477 25 22 to
217 3475 98 24 contest
327 3474 42 24 the
393 3473 150 31 Wairarapa
555 3474 54 23 seat

68 3517 26 22 at
107 3514 43 25 the
162 3514 60 23 next
235 3512 101 32 general
348 3511 114 25 election.

187 3575 14 13 *
282 3574 13 14 #
382 3573 14 15 #
477 3574 15 13 #

101 3609 24 24 It
137 3608 21 23 is
171 3614 57 17 now
252 3606 82 25 stated
356 3606 57 25 that
424 3606 34 24 all
480 3605 70 26 three
562 3605 45 25 sit-

67 3651 56 27 ting
134 3646 124 23 members
269 3644 38 25 for
320 3644 153 31 Wellington
486 3643 56 32 City
555 3643 51 25 will

68 3688 57 25 seek
137 3684 153 29 re-election,
315 3685 50 23 and
386 3684 56 24 that
464 3684 65 25 their
542 3685 65 23 seats

68 3726 52 24 will
139 3724 29 24 be
193 3722 128 25 contested
343 3722 31 31 by
399 3722 93 24 Messrs
513 3722 96 31 George

68 3763 90 25 Fisher
182 3760 117 32 (Mayor),
335 3760 28 24 C.
398 3760 36 24 M.
458 3760 71 24 Luke
556 3760 51 31 (ex-

64 3800 107 33 Mayor),
197 3799 32 24 A.
256 3797 154 26 Warburton
433 3798 50 25 and
517 3798 25 25 J.
571 3798 35 24 H.

40 3849 4 3 •
69 3841 98 23 Fraser.

102 3896 41 24 Mr
167 3894 40 24 W.
233 3893 105 29 Barron,
357 3893 27 25 of
405 3894 127 29 Dunedin,
552 3894 57 24 who

68 3950 52 17 was
132 3939 116 30 formerly
261 3946 13 14 a
287 3938 109 24 member
412 3939 28 23 of
457 3939 44 24 the
513 3938 94 28 House,

66 3983 47 24 has
127 3977 134 27 intimated
279 3977 56 25 that
348 3978 31 24 he
392 3978 50 24 will
454 3981 98 22 contest
565 3978 44 25 the

69 4020 150 27 Caversbam
244 4019 51 23 seat
320 4017 97 32 against
436 4018 40 24 Mr
498 4018 109 24 A.Mor-

69 4062 76 26 rison,
159 4057 44 25 the
214 4057 101 30 present
327 4056 113 24 member.

102 4104 118 31 Yielding
231 4105 26 23 to
270 4104 85 31 strong
379 4112 120 23 pressure,
522 4105 41 23 Mr
576 4104 31 24 E.

67 4149 27 24 C.
108 4147 81 24 Bruce
202 4144 46 24 has
271 4144 134 23 consented
428 4147 25 22 to
465 4152 61 17 once
539 4153 68 16 more

66 4194 52 18 woo
132 4184 41 23 the
185 4181 144 32 Rnngitikei
351 4181 144 31 electorate;
514 4183 45 24 bat
573 4183 33 25 all

66 4224 158 35 persuasions
236 4225 50 22 and
299 4224 144 29 arguments
456 4223 66 25 have
530 4231 28 16 so
569 4223 39 24 far

67 4263 74 27 failed
154 4264 25 23 to
191 4260 89 25 induce
301 4259 40 25 Mr
363 4259 120 27 Freeman
496 4261 110 25 Jackson

68 4309 26 22 to
107 4304 28 23 be
148 4301 74 31 again
235 4308 15 16 a
261 4299 128 25 candidate
402 4299 35 25 for
456 4301 150 33 Wanganui.

182 4339 14 15 #
283 4338 15 14 *
383 4338 15 14 *
482 4339 14 15 *

92 4376 73 29 '"Miss
183 4374 38 28 De
353 4376 40 24 Mr
407 4376 33 25 So
463 4377 50 28 am}
537 4385 26 18 fio
586 4378 21 24 is

69 4414 61 28 such
144 4420 14 17 a
181 4410 65 33 good
270 4405 106 33 writer,'
381 4417 47 22 you
442 4409 90 26 should
567 4409 40 26 list

68 4457 41 18 see
122 4446 38 25 his
172 4443 162 27 love-letters.
358 4442 74 25 'Miss
457 4444 59 27 Pips
523 4452 5 16 :
529 4444 77 30 '"Yes,
613 4447 2 12 :

69 4484 14 24 I
95 4482 82 24 know,
195 4477 52 25 I've
259 4477 44 31 got
315 4483 15 17 a
351 4475 89 26 bushel
452 4478 27 26 of
496 4480 69 22 them
582 4478 24 24 m

69 4524 43 24 my
130 4513 70 25 chest
210 4511 5 24 !
434 4534 2 3 .

716 193 256 27 WAIMAKARIRI
984 195 150 26 ASHLEY

703 227 126 25 WATER
846 227 143 25 SUPPLY
1011 228 125 24 BOARD.

682 331 55 25 The
749 331 114 32 ordinary
880 332 112 30 meeting
1008 332 28 24 of
1050 332 44 25 the
1110 331 78 26 above

648 370 84 27 Board
756 378 51 19 was
829 371 60 26 held
911 379 33 18 on
961 371 131 32 Thursday
1117 371 70 26 19th.

649 414 44 27 alt.
740 415 103 26 Present
867 415 40 24 Mr
936 416 58 24 Jno.
1024 415 162 29 O'Halloran,

649 459 159 33 (Chairman)
837 460 51 24 and
923 460 93 24 Messrs
1050 458 137 26 Dickinson

648 501 101 26 Horrell
768 501 49 25 and
841 501 146 25 McDowell.

681 545 54 25 The
756 545 107 24 minutes
880 544 28 25 of
922 544 43 25 the
987 544 132 31 preceding
1135 552 51 17 me-

647 588 70 32 eting
735 595 63 18 were
815 587 58 26 read
896 587 51 24 and
981 587 142 29 confirmed,
1158 595 28 17 as

646 631 52 25 also
732 630 43 26 the
809 631 110 25 minutes
947 629 28 27 of
1005 630 43 25 the
1064 631 50 24 last
1131 639 53 22 spe-

665 675 34 23 isl
716 674 116 31 meeting.

680 717 223 31 Correspondence.
951 716 22 25 A
996 716 65 31 good
1080 715 57 25 deal
1159 717 28 24 of

648 759 213 33 Correspondence
878 766 52 18 was
947 759 66 25 dealt
1041 759 70 29 with,
1140 761 45 23 but

647 804 27 24 of
688 811 34 17 no
745 803 135 31 particular
905 803 84 31 public
1005 802 111 25 interest.

679 846 71 25 From
774 846 41 24 Mr
843 845 141 26 McDowell
1001 854 27 17 re
1053 846 130 31 Wright's,

646 889 151 33 complaints
816 889 77 26 about
911 890 43 24 the
971 890 112 33 crossing
1103 891 25 23 to
1141 889 44 26 the

646 935 67 29 gate-
749 931 123 33 Surveyor
888 932 125 25 informed
1036 932 43 25 the
1102 931 82 26 Board

646 975 55 24 that
713 975 43 26 the
767 976 90 24 matter
868 975 49 24 had
929 975 101 31 already
1043 976 60 24 been
1117 975 67 25 dealt

645 1018 71 25 with.

678 1062 76 24 From
778 1061 40 24 Mr
848 1061 83 24 Dixon
966 1061 172 32 complaining
1158 1061 26 24 of

645 1105 43 25 the
700 1107 62 24 state
773 1105 27 24 of
808 1105 43 25 the
874 1105 83 25 fences
971 1104 116 33 adjacent
1100 1106 26 24 to
1138 1104 45 26 the

645 1148 172 32 Worlingham
849 1148 101 25 Estate.
996 1149 76 24 Reed.

677 1192 77 24 From
773 1191 40 24 Mr
832 1191 94 25 Powell
950 1190 89 32 asking
1063 1191 57 25 that
1144 1191 40 24 Mr

645 1234 102 26 Storer's
758 1242 75 17 name
844 1234 31 24 be
893 1234 85 31 placed,
998 1242 32 16 on
1052 1234 45 26 the
1116 1234 65 25 8011.

644 1278 77 24 Reed.

677 1317 21 25 A
716 1317 105 32 petiiion
841 1324 50 18 was
910 1317 112 25 received
1043 1318 66 24 from
1127 1317 56 25 four

642 1360 126 32 occupiers
779 1368 33 17 on
832 1361 26 28 S,
884 1360 39 25 W.
943 1360 53 25 side
1015 1360 28 25 of
1064 1361 117 30 Cooper's

643 1403 78 25 Creek
738 1403 66 25 Race
815 1411 5 22 ;
843 1403 87 32 asking
960 1405 26 24 to
1012 1403 29 25 be
1069 1403 113 31 supplied

642 1447 61 25 with
721 1448 74 23 water
820 1446 48 25 and
889 1455 13 15 a
924 1446 51 25 like
995 1449 99 29 request
1114 1455 68 16 came

642 1491 60 24 from
722 1490 60 25 land
800 1498 95 17 owners
914 1493 26 21 at
968 1489 142 28 Woodside,
1132 1490 49 24 and

643 1533 43 25 the
708 1533 82 25 Board
811 1533 131 32 expressed
961 1532 68 25 their
1054 1532 81 25 desire
1155 1535 26 22 to

642 1578 64 24 meet
719 1576 66 26 their
804 1577 73 25 views
895 1584 28 17 as
936 1576 37 25 far
984 1584 27 17 as
1027 1576 118 32 possible.

675 1618 53 24 The
754 1617 125 31 following
913 1617 110 24 Tenders
1054 1624 63 17 were
1140 1624 39 17 ac-

641 1660 93 31 cepted.

674 1704 46 24 No.
739 1704 24 27 7,
780 1702 98 26 Tunnel
901 1702 114 26 Brown's
1033 1702 78 26 Rock.

874 1747 24 24 J.
919 1747 108 25 Thomas
1043 1748 68 25 £965
1129 1748 15 23 0
1164 1748 15 23 0

674 1791 47 25 No.
738 1792 24 27 3,
778 1792 25 28 4,
823 1793 23 27 5,
866 1792 21 28 6,
905 1791 173 24 Earthworks.

808 1835 41 23 Mr
865 1834 25 24 J.
910 1834 102 26 Scanlin
1030 1834 71 24 £648
1115 1836 32 22 10
1163 1836 16 23 0

674 1878 52 24 The
738 1877 82 24 Board
837 1885 62 17 were
916 1877 38 25 led
978 1878 26 24 to
1021 1878 87 31 expect
1123 1878 55 24 that

641 1918 43 25 the
698 1920 91 23 former
808 1918 139 31 employees
977 1917 27 25 of
1027 1918 43 24 the
1091 1918 85 24 tunnel

641 1962 81 25 would
738 1961 86 24 tender
838 1961 38 24 for
900 1961 44 24 the
962 1961 68 24 work
1050 1961 49 24 and
1117 1970 60 15 were

641 2005 172 33 disappointed
829 2006 26 24 at
870 2006 46 24 not
934 2004 124 32 receiving
1074 2013 31 16 an
1116 2005 50 24 offe

641 2058 25 16 as
678 2049 156 32 considering
850 2051 57 29 past
928 2050 91 28 .events
1036 2049 59 32 they
1114 2057 64 17 were

640 2093 105 25 anxious
763 2095 26 21 to
805 2093 32 24 do
855 2092 33 24 all
914 2093 59 29 they
1001 2093 71 23 could
1085 2092 38 24 for
1135 2093 42 23 the

640 2140 65 19 men,
724 2131 137 24 consistent
877 2132 58 23 with
951 2132 65 23 their
1030 2131 59 30 duty
1097 2132 26 22 to
1135 2130 43 24 the

641 2171 159 31 Ratepayers.

674 2209 51 24 The
747 2208 135 25 Chairman
914 2209 57 24 read
992 2208 42 24 lho
1054 2208 124 31 following

640 2253 80 30 letter,
740 2252 80 25 which
838 2252 43 26 the
900 2252 83 25 Board
995 2252 123 31 approved
1130 2252 48 24 and

641 2297 90 31 agreed
750 2296 56 25 that
824 2297 20 24 it
864 2296 90 25 should
976 2297 30 23 be
1040 2296 139 25 forwarded

641 2337 24 22 to
686 2335 40 24 Mr
746 2334 97 25 Buddo.

644 2374 285 32 Waimakariri-Ashley
965 2374 85 24 Water
1084 2374 94 32 Supply

641 2415 92 25 Board.

775 2454 101 29 Oxford,
896 2454 89 25 March
1009 2455 70 24 16th.
1104 2455 43 23 189
1147 2455 30 23 G.

641 2493 80 24 David
733 2492 97 28 Buddo,
843 2492 61 31 Esq.
917 2492 35 24 M.
966 2492 35 24 H.
1014 2492 30 25 R.

673 2532 67 24 Dear
756 2531 48 24 (Sir.
840 2530 51 24 The
903 2531 75 24 W-A.
996 2531 40 24 W.
1051 2531 26 25 S.

640 2573 112 29 requests
771 2570 56 24 that
846 2578 49 23 you
913 2570 52 25 will
985 2570 58 24 take
1064 2572 67 29 steps
1153 2573 25 22 to

640 2608 62 25 have
726 2607 52 26 The
803 2608 87 25 Water
914 2608 96 32 Supply
1032 2607 61 26 Acts
1117 2617 58 16 con-

641 2649 128 29 solidated,
787 2648 49 24 and
856 2648 124 25 amended
996 2648 32 31 by
1048 2648 43 25 the
1102 2648 76 25 intro-

640 2689 102 25 duction
763 2687 27 26 of
808 2688 43 25 tho
869 2688 125 32 following
1005 2695 5 17 :
1013 2703 33 4 —

676 2728 85 25 Water
781 2727 88 32 supply
888 2727 95 24 Boards
1005 2730 25 21 to
1051 2727 62 24 have
1133 2726 43 25 the

641 2769 92 24 benefit
745 2768 27 24 of
783 2768 42 24 the
854 2767 117 31 Lending
992 2768 60 23 Acts
1064 2768 26 23 of
1113 2767 64 24 Gov-

641 2809 123 22 ernment.
801 2806 36 25 To
849 2805 65 25 have
934 2806 41 24 the
996 2813 81 23 power
1089 2805 27 24 of
1126 2805 52 24 tak-

640 2848 44 30 ing
696 2846 73 25 Land
779 2847 30 30 by
818 2846 178 31 proclamation
1006 2845 26 24 of
1040 2845 137 28 Governor,

641 2895 26 16 as
685 2888 27 23 m
731 2887 30 24 P.
785 2886 91 25 Works
900 2886 55 24 Act.
992 2885 36 24 To
1051 2885 64 25 have
1137 2887 41 22 the

639 2935 82 23 power
733 2930 26 20 to
779 2926 104 30 compile
904 2926 34 23 its
961 2925 46 24 roll
1027 2925 62 24 from
1109 2925 69 24 Road

640 2966 69 23 Rolls
722 2964 51 25 and
792 2965 72 23 when
886 2963 88 31 signed
995 2963 29 30 by
1045 2963 41 24 the
1098 2963 79 23 chair-

640 3011 58 15 man
726 3001 49 25 and
795 3002 136 30 Secretary,
957 3003 26 22 to
996 3001 29 24 be
1057 3000 64 31 legal
1143 3001 36 23 for

639 3041 95 31 Rating
748 3040 49 23 and
818 3040 73 24 other
914 3047 129 23 purposes.

672 3081 36 24 To
721 3081 61 23 have
803 3080 34 24 all
854 3080 35 23 its
901 3081 65 23 rates
980 3078 144 25 collectable
1142 3086 33 16 on

639 3128 45 16 one
704 3119 93 29 notice,
824 3119 27 23 m
877 3127 47 15 one
946 3126 64 16 sum.
1029 3120 26 22 at
1073 3126 15 16 a
1105 3118 72 31 given

639 3161 65 28 time,
746 3160 92 31 yearly.

672 3201 36 25 To
726 3201 62 24 have
812 3208 46 16 one
879 3199 101 32 shilling
1002 3200 28 23 be
1050 3200 41 23 the
1114 3198 63 24 min-

639 3240 77 23 itiium
740 3242 63 20 rate.

672 3278 36 24 To
719 3277 64 24 have
802 3276 42 24 the
865 3275 125 32 privilege,
1016 3275 21 24 if
1046 3283 132 23 necessary

639 3316 26 24 of
676 3315 133 31 exceeding
827 3315 43 24 the
891 3318 105 21 amount
1008 3315 25 23 of
1053 3314 33 25 its
1107 3313 71 25 loans

639 3354 31 30 by
684 3356 40 21 15.
737 3361 24 22 p.
775 3361 21 15 c.

672 3396 106 32 Special.
823 3396 31 23 In
883 3395 183 24 consideration
1090 3395 25 23 of
1134 3395 42 24 tha

636 3435 139 26 difficulties
795 3437 52 22 met
870 3435 33 31 by
923 3435 43 24 the
990 3435 186 24 Waimakariri-

637 3481 93 32 A?hley
751 3478 86 26 Water
865 3479 93 31 Supply
984 3478 83 24 B^ard
1093 3480 27 23 m
1141 3483 35 19 at-

636 3520 126 31 tempting
773 3519 26 23 to
823 3517 67 25 work
911 3518 42 23 the
972 3517 127 32 Principal
1120 3518 54 30 Act,

636 3565 76 31 owing
725 3566 23 22 to
760 3563 31 22 its
808 3562 161 31 insufficiency
993 3563 64 29 after
1076 3563 100 30 passing

636 3609 37 22 the
691 3606 158 32 Legislature.
886 3605 54 24 The
966 3612 55 17 sum
1040 3605 25 24 of
1082 3605 94 28 £3,000

636 3645 30 25 be
686 3644 119 33 provided
828 3643 32 33 by
880 3643 157 25 Parliament
1052 3643 51 24 and
1118 3643 58 31 paid

636 3697 58 16 over
709 3691 25 22 to
747 3689 43 24 the
802 3688 92 25 Board.

666 3726 38 26 As
725 3726 42 25 the
791 3724 75 26 W--A
885 3725 30 25 W
934 3725 17 25 B
969 3724 82 25 Board
1066 3724 21 24 is
1104 3724 73 31 doing

636 3767 25 23 m
679 3766 34 24 its
725 3764 98 25 district
840 3764 43 24 the
892 3763 69 24 work
979 3762 26 24 of
1021 3762 111 24 counties
1148 3762 26 22 m

636 3806 68 24 other
720 3804 109 25 districts
849 3811 14 17 a
885 3803 47 23 fair
960 3805 58 28 part
1039 3802 27 24 of
1081 3802 94 29 county

636 3850 117 23 Revenue
769 3849 30 22 be
816 3847 73 31 given
920 3849 25 21 to
961 3845 28 29 it,
1026 3844 50 24 and
1094 3844 53 23 that
1162 3852 13 14 a

636 3892 101 31 subsidy
751 3898 28 17 or
797 3891 107 24 Reserve
929 3889 27 24 of
978 3887 88 25 Crown
1090 3887 85 24 Lands

636 3931 26 28 m
680 3936 43 24 the
741 3931 92 34 Ashley
851 3932 99 32 County
972 3931 30 24 be
1020 3931 73 31 given
1111 3932 26 22 to
1155 3930 21 23 it

636 3980 27 24 of
669 3988 15 16 a
702 3978 70 26 value
791 3976 73 32 equal
880 3983 26 17 to
920 3976 42 24 the
975 3983 105 22 average
1094 3973 83 29 value,,

636 4019 133 29 according
791 4019 26 22 to
846 4015 171 31 expenditure,
1052 4014 74 31 given
1143 4013 31 31 by

636 4056 186 24 Governments
837 4056 26 22 to
885 4054 71 23 other
974 4052 85 24 Water
1079 4051 95 31 Sup-ply

636 4099 84 25 bodies
730 4099 28 23 m
778 4098 61 24 New
849 4096 111 25 Zsaland
981 4095 111 25 -whether
1103 4094 73 24 made

635 4132 74 25 made
723 4132 30 30 by
765 4131 113 24 counties
897 4138 28 16 or
948 4129 170 24 Government
1132 4129 45 29 for

635 4166 66 24 stoch
713 4173 28 16 or
752 4165 89 32 mining
850 4170 124 24 purposes,
1011 4161 72 24 Some
1094 4160 27 25 of
1131 4160 43 24 the

637 4207 71 22 many
724 4197 91 25 defects
831 4196 26 24 of
871 4196 44 23 the
932 4194 127 31 Principal
1071 4194 68 25 Acts.

669 4231 54 24 The
750 4229 106 25 Board's
887 4228 123 31 Lawyer's
1044 4226 54 25 said

635 4273 80 16 seems
742 4271 30 16 an
793 4261 92 25 absurd
905 4261 80 24 defect
1012 4260 26 24 m
1068 4259 109 27 thVAct

635 4298 57 24 that
717 4296 71 24 there
807 4295 21 24 is
851 4301 32 17 no
904 4293 123 31 provision
1048 4292 129 28 niadeffcr

636 4330 161 32 preliminary
967 4327 11 31 '
1000 4326 71 31 They
1095 4321 80 32 tliiirfc,

636 4364 51 24 and
699 4371 49 24 you
760 4369 62 16 were
841 4360 107 28 advised,
970 4359 25 24 m
1014 4357 162 32 Wellington,

638 4397 59 24 that
715 4396 43 24 the
765 4393 84 25 Board
859 4392 71 24 could
948 4392 57 24 lake
1019 4392 8 24 1
1031 4391 48 25 and
1097 4390 80 24 under

638 4430 44 24 the
694 4428 92 26 Public-
796 4426 91 25 Works
897 4426 54 23 Act.
988 4425 87 24 Under
1093 4423 84 25 advice

636 4463 41 25 the
692 4461 84 27 Board
800 4459 118 32 prepared
934 4458 74 25 Land
1017 4478 4 9 :
1023 4456 154 32 PJ;a.ris.Jtod&

635 4505 27 17 so
686 4498 26 23 at
739 4501 33 18 an
794 4493 157 31 expenditure
969 4491 27 26 of
1027 4491 69 32 quite
1116 4486 60 34 Sod,

1216 202 51 25 and
1284 203 68 25 these
1364 211 62 17 were
1446 205 118 24 returned
1584 204 33 32 by
1636 205 73 25 order
1728 206 28 24 of

1217 240 43 25 the
1277 240 115 26 Minister
1413 242 39 24 for
1474 241 88 26 Public
1591 242 90 26 Works
1698 243 56 25 who

1217 286 50 17 was
1282 279 98 25 advised
1398 280 43 24 the
1472 280 85 25 Water
1580 280 84 25 Board
1681 282 73 24 could

1216 314 44 22 not
1269 312 57 25 take
1335 312 70 24 Land
1418 312 79 25 under
1512 312 43 25 the
1564 312 88 25 Public
1661 313 90 26 Works

1217 343 54 26 Act.
1306 345 53 24 The
1367 345 55 24 first
1431 345 81 24 Board
1529 353 63 17 were
1608 345 102 31 seeking
1716 354 33 16 an

1216 376 142 33 Amending
1374 378 51 24 Act
1443 379 26 23 at
1486 378 42 24 the
1551 378 51 24 first
1617 380 132 29 opportun-

1215 409 45 32 ity,
1281 411 48 24 and
1339 411 26 24 m
1374 420 14 14 a
1404 411 109 25 Petition
1528 412 26 23 to
1568 410 43 25 the
1630 411 86 25 House
1726 411 27 25 of

1215 442 215 33 Representatives
1445 451 61 24 gave
1521 451 101 17 reasons
1636 444 33 24 fot
1680 446 69 23 such.

1215 475 52 25 The
1284 478 100 29 present
1399 476 82 24 Board
1504 477 109 30 through
1636 484 50 24 you
1707 479 43 29 got

1215 515 68 17 some
1298 508 175 25 amendment!
1498 508 46 26 but
1577 510 47 23 the
1660 508 49 25 Act
1730 510 21 24 is

1215 541 40 24 too
1278 541 76 24 much
1378 541 140 32 dependent
1543 550 33 16 on
1596 543 71 23 other
1681 542 68 28 Acts,

1213 573 51 24 and
1279 574 33 24 its
1327 574 164 32 phraseology
1519 574 155 31 ambiguous,
1697 574 50 24 suf-

1213 605 108 32 ficiently
1339 615 28 15 so
1382 608 27 23 to
1422 607 70 31 place
1515 607 43 24 the
1575 606 103 25 Board's
1694 606 55 25 law-

1212 646 55 22 yers
1290 639 50 24 and
1360 639 43 24 the
1434 639 88 25 Crown
1556 641 62 23 Law
1652 640 95 24 officers

1213 671 84 31 acting
1342 679 34 16 on
1418 672 115 24 different
1549 672 201 31 interpretations

1213 703 81 24 which
1321 703 96 25 involve
1441 705 135 31 insecurity
1603 705 50 24 and
1679 706 72 30 great

1213 742 114 24 expense,
1362 736 14 24 I
1393 736 63 25 have
1478 737 43 24 the
1541 737 78 24 honor
1638 738 26 24 to
1688 738 28 23 be

1413 769 81 25 Yours
1527 769 133 32 faithfully,

1346 801 108 33 (signed)
1489 802 69 25 John
1598 802 153 25 O'Halloran

1322 834 60 26 Chr.
1418 834 66 26 W-A
1518 835 40 25 W.
1595 834 27 26 S.
1657 835 92 25 Board.

1246 876 53 25 The
1313 877 128 32 Engineer
1462 878 130 32 requested
1610 878 43 25 the
1667 879 82 24 Board
1757 902 2 6 ,

1214 910 25 23 to
1273 910 90 25 relieve
1396 911 52 24 him
1483 912 27 23 of
1541 912 43 24 the
1617 912 85 24 duties
1727 912 26 23 of

1212 941 64 25 Rate
1325 942 123 26 Collector
1481 944 49 24 and
1563 943 188 25 recommended

1212 974 55 25 that
1302 974 41 25 Mr
1367 975 164 25 McCormack
1556 976 30 25 be
1608 976 141 32 appointed.

1212 1006 53 24 The
1300 1008 83 24 Board
1417 1016 61 16 were
1512 1008 58 31 glad
1603 1009 26 24 to
1661 1008 92 25 acceed,

1212 1041 26 21 to
1274 1040 40 23 Mr
1349 1039 137 26 Webster's
1519 1042 99 30 request
1652 1049 27 16 as
1696 1041 55 24 that

1211 1071 82 25 would
1315 1072 53 31 give
1404 1074 52 24 him
1488 1081 33 17 an
1545 1074 159 31 opportunity
1725 1073 28 25 of

1211 1105 107 33 pushing
1351 1113 31 17 on
1418 1107 42 24 the
1504 1115 101 23 surveys
1652 1107 98 24 further

1211 1138 80 30 down,
1340 1139 50 24 and
1429 1140 70 24 there
1542 1147 50 18 was
1626 1147 15 17 a
1683 1140 65 31 good

1211 1170 56 24 deal
1301 1171 27 25 of
1359 1172 95 25 outside
1488 1172 68 25 work
1597 1173 82 24 which
1712 1180 33 17 re-

1210 1204 87 30 quired
1331 1204 38 24 his
1417 1206 131 28 attention,
1595 1206 50 23 and
1690 1205 60 32 they

1210 1244 36 16 we
1257 1244 26 17 re
1300 1237 110 25 satisfied
1424 1239 30 29 by
1471 1238 67 24 what
1579 1239 43 24 Mr
1639 1238 112 25 Webster

1211 1269 52 24 said
1297 1270 27 24 of
1356 1270 40 24 Mr
1430 1270 164 26 McCormack
1627 1272 57 24 that
1714 1271 32 24 he

1210 1302 74 24 could
1302 1302 29 24 be
1350 1303 75 30 safely
1461 1304 95 24 trusted
1590 1312 27 16 as
1629 1305 54 23 rate
1700 1304 50 24 col-

1210 1334 77 25 lector
1321 1336 50 23 and
1404 1335 44 26 the
1489 1338 175 30 appointment
1698 1344 51 17 was

1210 1368 90 30 agreed
1333 1370 26 22 to
1394 1370 164 30 accordingly.

1243 1400 40 23 Mr
1316 1400 92 25 Arthur
1443 1401 97 32 Wright
1575 1403 99 30 applied
1711 1404 38 24 for

1210 1440 31 17 an
1284 1434 129 24 extension
1457 1434 27 24 of
1524 1435 58 25 timt
1632 1444 31 15 on
1707 1436 40 26 his

1209 1467 119 27 contract,
1364 1466 50 24 and
1448 1467 42 24 the
1525 1467 83 25 Board
1639 1470 109 30 thought

1209 1498 56 25 that
1298 1499 60 31 they
1362 1522 4 8 v
1393 1499 50 24 had
1479 1500 61 24 been
1574 1502 43 23 too
1651 1502 96 25 lenient

1210 1531 59 25 with
1304 1534 157 27 contractors,
1496 1533 48 24 and
1579 1533 119 26 intended
1723 1537 24 22 to

1209 1564 74 32 adopt
1317 1573 65 16 more
1416 1566 124 31 stringent
1574 1575 126 17 measures
1722 1569 24 23 m

1209 1598 88 29 future,
1333 1598 70 26 After
1438 1607 68 17 some
1541 1600 98 25 routine
1683 1601 64 25 bus-

1208 1631 67 24 iness
1301 1631 43 24 the
1378 1632 110 31 meeting
1522 1634 158 28 terminated,

1209 1798 56 27 SIR
1287 1799 139 25 ROBERT
1451 1801 110 24 STOUT
1591 1801 43 24 AT
1667 1803 81 27 NEW

1418 1841 109 24 TOWN.

1391 1881 48 24 The
1473 1881 97 30 People.

1239 1918 72 25 After
1323 1927 14 17 a
1349 1919 47 25 few
1408 1921 111 24 remarks
1531 1930 33 16 on
1582 1921 43 26 the
1638 1922 108 32 changes

1204 1966 18 16 n
1239 1959 42 24 the
1302 1959 70 25 tariff
1390 1960 67 25 since
1477 1961 64 25 1885
1554 1961 51 25 and
1629 1962 117 32 showing

1207 1998 55 24 that
1274 2006 26 16 as
1312 1999 20 24 it
1345 2001 26 21 at
1382 2000 101 30 present
1508 2000 87 25 stands
1606 2001 21 25 it
1639 2001 22 25 is
1674 2001 27 24 of
1714 2009 32 16 no

1207 2036 90 25 benefit
1309 2038 26 24 to
1347 2036 43 26 the
1401 2037 88 32 people
1507 2046 28 16 as
1548 2039 84 32 things
1646 2048 41 16 are
1700 2041 46 23 not

1205 2081 50 24 any
1266 2075 109 30 cheaper,
1413 2075 40 25 Sir
1478 2076 92 25 Robert
1593 2077 75 25 Stout
1686 2085 56 24 pro-

1206 2114 87 25 ceeded
1313 2117 27 22 to
1352 2116 97 30 explain
1467 2116 42 24 the
1521 2117 118 32 meaning
1655 2118 26 24 of
1692 2119 54 23 true

1206 2154 156 30 Lioeralism,
1375 2155 83 25 which
1472 2163 26 17 as
1512 2156 32 24 he
1556 2157 54 24 said
1622 2158 22 23 is
1657 2165 15 17 a
1679 2158 67 24 word

1206 2191 65 25 often
1284 2192 209 26 misunderstood.
1528 2194 26 25 It
1574 2198 86 22 meant
1673 2196 73 24 social

1206 2231 90 24 reform
1308 2231 50 24 and
1371 2231 44 25 the
1427 2231 118 33 uplifting
1556 2232 27 26 of
1594 2233 49 27 the.
1650 2233 94 32 people.

1206 2270 24 24 It
1243 2272 83 23 meant
1338 2272 127 25 extension
1478 2272 26 24 of
1519 2274 127 25 franchise
1658 2274 87 28 ballot,

1206 2309 49 24 free
1281 2311 111 30 printing
1423 2319 77 22 press,
1537 2314 56 27 etc.,
1618 2313 50 24 and
1690 2312 56 25 that

1206 2347 122 32 although
1339 2347 26 25 m
1378 2348 119 32 England
1508 2350 77 25 social
1597 2350 92 25 reform
1697 2350 49 25 had

1206 2389 45 23 not
1263 2387 63 25 done
1338 2389 35 23 all
1385 2389 54 24 that
1456 2390 84 30 people
1554 2391 25 22 at
1603 2389 52 25 first
1667 2391 77 30 hoped

1206 2427 19 23 it
1237 2426 81 24 would
1331 2426 31 24 do
1373 2426 21 24 it
1413 2426 49 24 had
1485 2426 109 25 lessened
1608 2427 75 25 crime
1695 2427 50 24 and

1207 2467 103 27 poverty
1321 2464 56 30 fifty
1388 2472 43 22 per
1444 2466 65 22 cent.

1242 2502 40 24 Sir
1304 2502 92 24 Eoberfc
1418 2502 75 25 Stout
1516 2502 53 24 said
1589 2502 56 25 that
1667 2503 28 24 m
1706 2503 40 25 his

1206 2540 99 30 opinion
1318 2547 34 16 we
1364 2547 63 17 were
1439 2541 45 23 not
1497 2541 75 30 ready
1595 2542 41 29 yet
1648 2540 38 25 for
1700 2540 44 25 So-

1206 2578 102 28 cialism,
1329 2579 41 22 but
1382 2578 57 23 that
1451 2578 68 24 what
1542 2587 35 15 we
1589 2579 94 23 needed
1695 2587 51 16 was

1208 2618 82 24 Social
1303 2617 110 25 Reform.
1450 2618 66 24 That
1537 2618 24 24 m
1584 2618 43 24 the
1640 2618 56 25 first
1707 2619 39 24 in-

1206 2661 83 21 stance
1301 2665 37 17 we
1359 2658 93 23 needed
1466 2659 33 22 to-
1516 2658 61 31 keep
1589 2666 46 16 our
1647 2658 97 25 schools

1206 2702 96 25 secular
1314 2701 49 25 and
1386 2702 78 24 under
1488 2703 63 23 state
1568 2703 103 28 control,
1697 2703 50 25 and

1206 2740 56 25 that
1275 2740 136 31 secondary
1424 2740 97 24 schools
1533 2740 51 24 and
1602 2740 144 32 University

1206 2778 89 25 should
1307 2778 30 25 be
1356 2778 50 24 free
1425 2780 25 23 to
1464 2778 42 30 all,
1532 2778 111 25 whereas
1655 2782 26 22 at
1693 2787 53 24 pre-

1206 2821 58 22 sent
1277 2818 71 25 there
1362 2827 48 16 was
1422 2827 34 16 no
1479 2818 125 32 provision
1617 2820 72 24 made
1713 2819 35 25 for

1206 2859 89 31 higher
1318 2858 139 25 education.
1495 2859 81 25 Thrift
1600 2859 90 25 should
1718 2860 30 24 be

1206 2898 154 30 encouraged
1372 2897 26 24 m
1422 2898 44 23 the
1489 2905 53 23 way
1555 2898 26 24 of
1604 2898 42 24 life
1663 2898 83 25 insur-

1206 2945 67 21 ance,
1293 2937 47 24 aud
1350 2937 32 24 he
1406 2937 100 24 showed
1518 2937 57 24 how
1598 2937 32 30 by
1654 2945 55 17 cave
1722 2938 25 23 m

1206 2977 68 31 early
1286 2977 43 24 life
1341 2978 85 29 people
1447 2977 81 30 might
1541 2977 61 24 have
1626 2978 122 30 pensions

1206 3018 28 22 m
1263 3017 40 23 oid
1326 3023 45 23 age
1396 3016 103 24 without
1523 3017 99 30 coming
1645 3025 33 16 on
1700 3017 44 24 the

1207 3056 78 23 State.
1321 3055 66 22 That
1410 3053 85 31 people
1514 3054 90 24 should
1627 3062 31 23 go
1670 3055 27 23 m
1709 3054 39 24 for

1206 3093 75 26 social
1293 3093 91 24 reform
1396 3092 26 24 m
1443 3092 144 32 municipial
1600 3092 41 25 life
1665 3093 34 32 by
1711 3093 37 24 in-

1206 3132 90 31 sisting
1307 3138 67 25 upon
1384 3131 73 24 wider
1476 3133 96 28 streets,
1592 3131 81 25 better
1685 3131 62 33 pub-

1206 3171 32 24 lic
1267 3170 114 31 gardens,
1400 3169 81 28 baths,
1500 3170 96 29 picture
1619 3170 125 31 galleries,

1206 3210 50 24 and
1269 3210 34 24 all
1314 3210 57 24 that
1392 3209 74 31 helps
1490 3210 26 23 to
1534 3210 92 24 civilise
1638 3210 48 24 and
1699 3209 48 24 bri-

1205 3249 78 31 ghten
1314 3248 44 24 the
1379 3248 59 24 lives
1461 3247 27 24 of
1509 3250 6 21 J
1519 3248 33 24 he
1574 3249 94 30 people.
1710 3248 40 25 He

1205 3290 60 23 next
1278 3288 75 31 spoke
1366 3288 26 24 of
1403 3290 42 22 the
1459 3295 102 17 mauner
1570 3288 26 23 m
1609 3288 79 24 which
1702 3288 45 24 the

1205 3331 99 30 present,
1328 3328 169 25 Government
1519 3328 51 23 had
1595 3328 69 24 dealt
1687 3328 60 24 with

1207 3369 41 24 the
1267 3368 63 24 Bills
1354 3368 99 30 dealing
1477 3367 59 24 with
1558 3366 118 32 drinking
1699 3368 49 23 and

1205 3408 135 31 gambling,
1371 3406 43 25 the
1437 3406 76 24 latter
1537 3406 50 24 vice
1608 3406 32 24 he
1664 3407 82 24 main-

1205 3446 85 25 tained
1302 3453 49 16 was
1375 3445 129 29 becoming
1516 3444 43 24 the
1580 3451 71 18 curse
1669 3445 26 24 of
1705 3445 42 24 the

1205 3486 111 30 country,
1336 3483 49 24 and
1398 3484 40 30 yet
1459 3483 41 23 not
1524 3482 55 32 oulj
1605 3490 49 17 was
1675 3483 71 25 there

1205 3525 74 30 being
1290 3523 108 30 nothing
1410 3523 63 24 done
1486 3523 24 22 to
1532 3522 78 24 check
1623 3523 28 28 it,
1671 3522 46 25 but
1726 3523 20 24 it

1205 3572 50 17 was
1268 3563 106 31 actually
1387 3563 72 31 being
1472 3562 166 31 encouraged.

1223 3684 102 24 WHAT
1344 3683 55 24 WE
1419 3683 101 23 WANT
1547 3683 43 24 TO
1611 3683 106 24 KNOW.

1348 3733 75 24 From
1444 3733 48 24 The
1502 3733 88 30 People,

1238 3815 77 23 What
1335 3815 32 23 do
1387 3815 41 22 the
1451 3814 99 23 readers
1562 3813 26 24 of
1610 3813 132 31 Daybreak

1204 3853 80 26 think'
1301 3853 26 24 of
1347 3852 44 25 the
1416 3852 84 31 Single
1524 3852 51 24 Tax
1586 3852 11 23 ?
1617 3852 13 24 I
1654 3851 32 25 do
1698 3855 45 21 not

1204 3899 73 17 mean
1290 3900 13 14 a
1317 3895 40 19 tax
1368 3898 32 16 on
1414 3890 127 24 bachelors
1553 3890 67 28 and^,
1626 3890 65 26 their
1704 3898 37 16 so-

1204 3929 80 25 called
1308 3928 77 31 single
1409 3928 167 24 blessedness.
1611 3928 50 24 For
1680 3928 62 24 such

1204 3978 15 15 a
1231 3971 42 22 tax
1285 3969 32 30 by
1329 3969 42 23 the
1391 3968 70 25 State
1474 3968 76 24 much
1568 3968 81 31 might
1661 3968 28 24 m
1703 3976 42 23 eq-

1204 4007 54 30 uity
1270 4006 28 25 be
1311 4006 61 24 said.
1411 4006 47 23 But
1470 4006 13 23 I
1494 4006 61 24 refer
1568 4008 25 22 to
1606 4006 43 24 the
1659 4006 83 24 laand-

1204 4049 40 23 tax
1258 4045 116 32 proposed
1387 4045 31 31 by
1431 4046 92 23 Messrs
1536 4046 86 31 Henry
1637 4046 104 30 George,

1205 4086 119 31 O'Regan
1345 4085 106 24 M.H.R.
1465 4085 49 24 and
1527 4093 102 24 persons
1642 4079 103 35 holding

1204 4126 61 25 .such
1277 4126 73 25 views
1371 4133 28 16 as
1423 4125 59 31 they
1505 4125 31 25 do
1549 4133 27 17 as
1589 4133 41 16 arc
1645 4124 100 30 making

1205 4172 14 16 a
1231 4163 58 24 land
1302 4163 53 24 Tax
1367 4163 40 24 the
1430 4162 85 32 Single
1537 4163 61 24 Tax.
1607 4190 4 3 _
1636 4163 73 24 Borne
1721 4162 26 23 of

1205 4202 43 24 the
1260 4202 99 30 loading
1383 4208 97 17 women
1504 4201 27 24 of
1550 4201 114 24 America
1682 4201 63 23 have

1205 4239 108 31 recently
1327 4239 62 25 been
1401 4239 100 30 writing
1513 4246 32 16 on
1558 4239 49 23 ibis
1619 4239 125 30 question.

1206 4279 53 23 One
1271 4278 25 24 of
1306 4278 68 23 them
1388 4285 63 22 says,
1468 4276 56 24 that
1536 4277 44 23 the
1594 4278 85 29 Sirig'e
1692 4276 54 24 Tax

1205 4317 33 31 by
1250 4314 159 31 introducing
1431 4322 35 16 «m
1488 4322 43 16 era
1553 4314 27 24 of
1601 4322 67 16 nioro
1680 4313 66 26 work

1205 4356 63 25 than
1280 4363 67 19 men,
1357 4357 34 21 ..it
1415 4363 60 17 once
1502 4354 91 24 knocks
1614 4354 43 25 the
1677 4354 74 26 fonu-c

1205 4396 84 24 dation
1302 4395 63 24 from
1379 4402 16 16 u
1398 4403 12 9 ri
1414 4394 42 24 der
1468 4395 142 30 monopoly,
1630 4394 47 24 and
1690 4394 58 24 that

1205 4436 99 25 instead
1324 4435 26 25 of
1369 4434 127 25 labourers
1520 4435 143 31 competing
1675 4433 71 27 ..with

1206 4474 60 26 each
1279 4473 70 25 other
1360 4472 38 25 for
1411 4472 66 25 work
1491 4480 36 17 we
1540 4472 63 25 shall
1617 4472 63 25 have
1685 4469 66 34 ._■s)<?;

1205 4514 122 33 spectacle
1339 4514 25 24 of
1382 4512 142 33 capitalists
1536 4513 139 31 competing
1687 4511 59 25 with

1789 200 61 25 each
1862 200 72 25 other
1945 200 38 25 for
1994 201 135 25 labourers.
2163 201 23 30 I,
2201 201 122 29 however,

1786 232 62 25 hold
1860 232 43 26 the
1914 233 103 32 opinion
2039 234 57 24 that
2114 240 28 18 as
2153 234 20 26 it
2196 234 23 25 is
2229 242 58 23 easy
2298 236 25 24 to

1785 274 157 30 enormously
1970 272 109 25 increase
2116 272 44 26 the
2187 280 83 23 power
2297 274 26 24 of

1785 308 145 33 machinery
1942 316 37 18 we
1991 308 66 26 shall
2067 316 77 18 never
2155 317 40 18 see
2204 309 42 26 the
2264 310 59 25 time

1785 347 73 24 when
1870 347 138 31 capitalists
2020 347 50 24 will
2089 347 53 24 find
2153 347 21 25 it
2193 354 130 26 necessary

1785 387 27 24 to
1829 388 112 29 compete
1963 387 39 25 for
2023 387 135 25 labourers.

1901 506 126 19 HUMAN
2053 506 147 19 ORIGINS.

1943 549 74 21 From
2033 549 124 21 Forward.

1815 609 99 35 During
1932 610 43 25 the
1994 611 92 26 middle
2109 613 28 24 of
2157 613 42 24 the
2223 612 96 25 ninete-

1782 648 61 26 enth
1867 652 110 27 century,
1995 649 51 25 and
2069 651 26 23 to
2117 658 14 16 a
2152 649 167 26 considerable

1782 688 85 22 extent
1878 686 73 25 down
1972 687 27 23 to
2015 686 45 24 the
2081 689 100 28 present
2203 687 56 31 day,
2276 688 43 24 the

1782 723 104 25 Hebrew
1898 723 73 25 Bible
1982 732 51 17 was
2052 723 60 25 held
2122 725 27 23 to
2172 724 31 24 be
2215 724 42 24 the
2268 724 51 24 sole

1782 763 51 25 and
1855 764 124 25 sufficient
2008 763 129 32 authority
2165 771 29 17 as
2222 765 26 23 to
2276 763 43 26 the

1783 802 67 32 early
1862 802 96 31 history
1975 802 28 25 of
2023 802 42 25 the
2087 802 97 24 human
2196 808 63 18 race.
2294 801 25 25 It

1782 849 50 17 was
1855 839 108 26 believed
1984 841 62 24 with
2069 848 16 16 a
2118 839 122 33 certainty
2262 839 57 26 that

1782 879 73 25 made
1878 879 78 24 doubt
1977 878 116 32 impious,
2123 878 56 25 that
2202 877 41 26 the
2263 878 55 25 first

1782 924 69 21 man,
1869 917 90 29 Adam,
1979 924 51 17 was
2048 917 97 25 created
2166 917 27 25 m
2205 924 28 17 or
2243 917 76 25 about

1782 954 43 25 the
1853 962 59 23 year
1940 955 66 23 4004
2036 962 23 16 b.
2077 962 32 20 c,
2126 955 37 24 'or
2185 955 45 23 not
2252 955 67 31 quite

1782 993 77 27 6,000
1869 999 71 24 years
1952 999 47 24 ago
2010 999 5 21 ;
2034 991 49 25 and
2104 992 56 24 that
2172 991 33 25 all
2221 992 97 24 human

1782 1031 50 24 and
1852 1031 73 24 other
1946 1031 43 24 life
2009 1039 49 16 was
2091 1031 130 31 destroyed
2254 1033 33 29 by
2304 1038 15 17 a

1782 1069 125 25 universal
1935 1068 98 32 deluge,
2064 1070 63 25 1656
2154 1076 69 24 years
2245 1069 72 27 later,

1782 1107 61 26 with
1866 1107 44 26 the
1922 1107 128 32 exception
2062 1107 27 25 of
2109 1107 73 25 Noah
2205 1107 51 25 and
2278 1107 40 26 his

1783 1148 60 28 wife,
1862 1148 66 24 their
1940 1155 57 17 sons
2020 1147 49 24 and
2092 1147 64 24 their
2168 1147 82 29 wives,
2269 1147 50 25 and

1782 1189 67 30 pairs
1861 1187 27 25 of
1897 1187 35 25 all
1943 1187 79 31 living
2033 1189 132 26 creatures,
2184 1187 31 30 by
2235 1187 83 24 whom

1782 1229 42 24 the
1847 1227 71 25 earth
1939 1235 51 16 was
2012 1227 142 31 re-peopled
2187 1226 65 25 from
2276 1226 43 25 the

1782 1268 129 25 mountain
1933 1267 62 31 peak
2006 1267 28 25 of
2052 1267 90 24 Ararat
2160 1274 27 17 as
2199 1274 14 16 a
2226 1268 92 23 centre.

1815 1308 54 25 The
1889 1308 75 25 latest
1987 1308 157 25 conclusions
2167 1307 27 24 of
2214 1307 104 24 modern

1782 1348 94 25 science
1888 1347 68 24 show
1975 1347 56 23 that
2053 1345 192 28 uninterrupted
2266 1345 51 25 his-

1782 1386 87 24 torical
1888 1385 107 27 records,
2036 1383 135 25 confirmed
2206 1383 33 31 by
2262 1391 56 16 con-

1781 1429 140 27 temporary
1941 1424 168 27 monuments,
2135 1429 69 23 carry
2224 1421 95 33 history

1780 1466 63 26 back
1855 1467 26 23 at
1904 1464 64 25 least
1992 1464 65 24 1000
2079 1470 70 23 years
2171 1461 83 26 before
2277 1463 41 23 the

1780 1505 122 33 supposed
1925 1503 111 26 creation
2048 1503 26 24 cf
2094 1510 70 19 man,
2182 1501 50 25 and
2244 1502 74 29 2,500

1781 1554 72 25 years
1872 1545 84 25 before
1973 1543 42 25 the
2039 1543 57 24 date
2108 1542 27 25 of
2156 1542 43 25 the
2222 1541 96 33 deluge,

1780 1586 51 26 and
1843 1587 68 24 show
1934 1584 62 25 then
2018 1591 34 17 no
2078 1585 66 22 trace
2167 1581 27 26 of
2215 1589 15 17 a
2252 1589 65 18 com-

1782 1630 160 29 mencement,
1960 1627 47 26 but
2024 1627 121 33 populous
2166 1625 78 29 cities,
2258 1625 60 24 cele-

1780 1667 86 26 brated
1901 1666 113 31 temples,
2061 1666 70 30 great
2159 1663 160 32 engineering

1780 1705 87 31 works,
1887 1705 50 24 and
1959 1712 16 16 a
1997 1703 61 32 high
2079 1703 64 24 state
2154 1701 28 27 of
2202 1701 43 25 the
2257 1703 60 28 arts,

1780 1744 150 26 civilization
1951 1742 99 33 already
2073 1742 114 31 existing.
2222 1740 63 26 This
2295 1741 23 23 is

1780 1784 28 25 of
1817 1783 43 25 the
1872 1783 101 32 highest
1985 1783 113 34 interest,
2117 1782 62 25 both
2201 1789 28 17 as
2250 1781 67 25 bear-

1780 1822 44 32 ing
1836 1828 33 18 on
1891 1822 44 24 the
1959 1821 87 31 dogma
2059 1820 27 25 of
2106 1820 43 25 the
2172 1819 91 25 Divine
2279 1819 38 24 in-

1781 1860 120 31 spiration
1912 1859 27 25 of
1960 1860 42 24 the
2024 1858 127 26 historical
2173 1858 47 23 and
2239 1857 79 25 scien-

1781 1901 58 29 tific,
1858 1908 28 16 as
1899 1898 179 33 distinguished
2096 1898 65 24 from
2184 1897 43 25 the
2239 1896 79 26 moral

1780 1938 47 24 and
1851 1938 122 31 religious,
1995 1937 96 31 portion
2116 1936 28 25 of
2170 1936 42 24 the
2235 1935 81 30 Bible,

1779 1976 49 25 and
1840 1983 33 18 on
1884 1976 44 25 the
1940 1975 51 26 still
2008 1983 70 17 more
2089 1975 138 31 important
2247 1982 69 23 ques-

1779 2015 53 24 tion
1844 2014 27 25 of
1881 2015 43 24 the
1936 2016 55 23 true
2004 2014 85 30 theory
2107 2013 26 25 of
2144 2014 80 23 man's
2238 2013 79 31 origin

1779 2053 51 25 and
1852 2054 107 24 relation
1983 2055 26 22 to
2031 2053 43 24 the
2098 2052 119 24 universe.
2265 2051 52 25 The

1779 2091 117 25 so-called
1907 2091 101 25 conflict
2031 2091 107 23 between
2151 2089 103 31 religion
2267 2089 51 24 and

1779 2130 94 24 science
1890 2130 22 24 is
1933 2131 25 22 at
1970 2129 97 24 bottom
2079 2136 47 16 one
2149 2128 109 24 between
2271 2129 47 23 two

1778 2168 145 31 conflicting
1946 2167 107 25 theories
2071 2166 27 24 of
2117 2166 41 24 the
2170 2165 114 24 universe
2286 2179 32 4 —

1779 2209 43 23 the
1845 2208 63 28 first,
1928 2208 54 24 that
1994 2208 20 23 it
2031 2207 22 24 is
2074 2206 44 24 the
2138 2205 108 25 creation
2258 2205 27 24 of
2302 2212 15 17 a

1778 2248 115 32 personal
1914 2248 64 28 God,
2008 2247 54 25 who
2085 2246 143 31 constantly
2239 2246 76 24 inter-

1778 2288 63 24 feres
1862 2287 31 32 by
1916 2286 114 25 miracles
2055 2288 26 22 to
2104 2286 92 24 correct
2218 2284 40 25 his
2270 2284 46 25 ori-

1779 2328 66 31 ginal
1858 2327 65 24 work
1934 2335 5 21 ;
1970 2326 41 24 the
2024 2325 99 29 sceond,
2142 2325 56 24 that
2209 2325 109 24 whether

1780 2368 41 24 the
1834 2367 68 24 First
1914 2374 73 17 cause
2010 2366 30 24 be
2062 2373 14 17 a
2096 2366 114 30 personal
2224 2364 55 25 God
2292 2371 27 18 or

1780 2406 141 31 something
1943 2405 152 25 inscrutable
2117 2407 23 22 to
2163 2406 94 23 human
2269 2404 47 25 fac-

1779 2446 84 27 ulties,
1882 2444 43 25 the
1942 2444 68 24 work
2027 2452 51 16 was
2101 2451 27 16 so
2145 2443 94 31 perfect
2262 2443 56 24 that

1780 2486 42 24 the
1846 2484 80 25 whole
1950 2484 141 25 succession
2114 2484 25 24 of
2171 2484 147 30 subsequent

1780 2525 86 23 events
1895 2523 45 24 has
1969 2522 112 25 followed
2120 2522 32 31 by
2192 2521 125 24 evolution

1780 2561 84 31 acting
1877 2561 30 31 by
1919 2560 134 24 invariable
2065 2559 68 25 laws.
2161 2559 53 24 Tin
2225 2559 93 24 former

1778 2610 21 15 13
1822 2601 43 24 the
1888 2601 87 31 theory
2001 2600 24 25 of
2049 2599 120 26 orthodox
2191 2599 125 30 believers,

1780 2642 42 24 the
1834 2642 76 23 latter
1923 2641 55 24 that
1990 2640 27 25 of
2038 2648 59 17 men
2114 2648 14 17 o
2131 2640 8 18 f
2160 2639 95 26 science
2268 2639 50 25 and

1779 2681 86 26 liberal
1889 2680 162 32 theologians,
2071 2681 59 28 who,
2149 2680 50 24 like
2222 2679 95 32 Bishop

1780 2719 112 32 Temple,
1909 2719 54 25 find
1977 2719 56 25 that
2057 2719 41 23 the
2111 2719 85 31 theory
2210 2718 26 24 of-

1780 2759 68 32 ginal
2002 2759 22 23 is
2043 2765 68 17 more
2123 2758 27 24 m
2170 2758 148 24 accordance

1781 2799 60 25 with
1866 2799 41 25 the
1919 2799 56 24 idea
1987 2798 26 25 of
2034 2806 33 16 an
2091 2798 161 31 Omnipotent
2269 2796 49 26 and

1783 2838 155 24 Omniscieut
1976 2836 109 29 Creator,
2128 2838 26 22 to
2182 2836 81 24 whom
2288 2840 29 18 '-a

1780 2876 127 25 thousand
1926 2883 72 24 years
2018 2883 42 16 are
2080 2882 27 16 as
2130 2883 15 15 a
2256 2874 62 24 than

1780 2917 43 23 the
1848 2916 144 24 traditional
2015 2916 84 29 theory
2133 2914 27 24 of
2181 2923 15 15 a
2219 2914 100 24 Creator

1780 2954 143 31 constantly
1945 2952 146 32 interfering
2114 2954 25 23 to
2163 2951 155 32 supplement

1781 2994 50 24 and
1855 2994 90 23 amend
1968 2993 38 23 his
2030 2992 106 30 original
2158 2991 108 25 creation
2286 2991 32 31 by

1780 3031 172 32 supernatural
1967 3031 184 24 interferences.

1813 3072 25 24 It
1862 3071 21 24 is
1909 3070 127 32 evidently
2064 3070 135 30 important
2223 3069 38 25 for
2285 3069 33 24 all

1782 3113 57 24 who
1851 3112 80 25 desire
1954 3114 26 21 to
1993 3111 79 24 arrive
2090 3115 26 20 at
2137 3112 76 28 truth,
2233 3111 48 23 and
2294 3112 25 23 to

1782 3152 61 30 keep
1857 3151 97 24 abreast
1973 3149 27 24 of
2011 3150 42 23 the
2065 3149 94 24 culture
2171 3149 27 24 of
2208 3149 42 24 the
2263 3149 55 31 day,

1782 3193 25 24 to
1819 3191 64 24 have
1896 3198 68 17 some
1977 3190 64 24 clear
2053 3190 145 30 conception
2212 3189 26 23 of
2253 3189 67 24 what

1782 3229 127 25 historical
1921 3228 50 25 and
1984 3227 131 32 geological
2135 3227 97 25 records
2245 3227 76 32 really

1783 3267 81 28 teach,
1883 3267 48 24 and
1942 3266 68 24 what
2028 3267 51 23 soct
2091 3266 26 24 of
2138 3274 14 15 a
2165 3265 114 25 standard
2293 3273 28 17 or

1782 3306 142 31 measuring
1944 3305 45 24 rod
2024 3304 58 31 they
2119 3305 87 30 supply
2235 3304 25 23 m
2285 3306 35 22 at-

1782 3346 125 31 tempting
1919 3348 23 22 to
1955 3353 70 22 carry
2049 3344 62 24 back
2124 3352 46 16 our
2181 3344 141 24 researches

1782 3385 54 23 into
1849 3384 43 24 the
1916 3383 89 30 depths
2018 3382 26 24 of
2065 3382 146 31 prehistoric
2224 3382 49 23 and
2297 3382 27 23 of

1782 3423 137 31 geological
1942 3423 67 23 time.
2047 3441 5 5 .
2090 3439 48 9 ...
2176 3439 5 6 .
2218 3439 5 6 .
2259 3421 60 24 This

1785 3464 122 24 scientific
1931 3464 143 29 conception
2095 3462 112 31 grasped,
2226 3462 43 24 the
2281 3470 42 16 ex-

1782 3503 94 23 istence
1888 3502 26 24 of
1937 3509 70 20 man,
2025 3500 99 25 instead
2149 3501 25 24 of
2198 3500 74 32 being
2291 3509 32 16 an

1784 3542 117 30 anomaly
1921 3542 50 24 and
1994 3549 15 16 a
2032 3540 104 28 discord,
2155 3540 56 25 falls
2224 3541 26 24 m
2264 3541 59 24 with

1779 3591 3 14 :
1790 3581 41 24 the
1844 3580 104 25 sublime
1959 3580 124 30 harmony
2100 3579 27 24 of
2148 3579 41 24 the
2202 3579 121 29 universe,

1790 3622 27 23 of
1835 3620 81 24 which
1929 3620 20 24 it
1960 3620 22 23 is
1994 3620 44 23 the
2054 3619 132 24 dominant
2198 3621 104 22 note.—
2305 3620 17 25 S

1777 3660 99 39 {lining,
1895 3661 28 26 m
2079 3660 108 32 origins.'
2191 3662 5 9 1
2213 3676 64 14 ■;.-.
2293 3680 4 7 ;

1822 3737 64 31 Why
1914 3737 22 24 is
1972 3736 177 25 Conservative
2188 3736 136 29 literature,

1788 3775 59 25 with
1860 3775 34 25 till
1917 3775 33 25 its
1967 3774 100 32 literary
2091 3774 79 29 merit,
2189 3774 62 24 such
2274 3773 51 25 dull

1787 3814 101 31 reading
1897 3814 10 23 ?
1926 3814 105 24 because
2042 3814 21 22 it
2074 3812 70 24 lacks
2154 3813 54 23 that-

1787 3854 76 24 siasm
1876 3853 27 25 of
2089 3852 84 24 which
2196 3851 71 24 alone
2279 3859 46 17 can

1787 3899 66 23 sway
1865 3891 51 24 and
1938 3890 73 31 bring
2034 3891 44 23 out
2091 3889 42 25 the
2157 3890 53 24 best
2222 3888 103 32 feelings

1787 3931 26 23 m
1832 3929 129 24 mankind.
2057 3937 7 3 -
2087 3937 3 2 •
2105 3935 8 11 ■=.

1822 3989 127 26 Socialism
1961 3988 50 24 and
2032 3989 164 30 Temperance
2208 3995 42 16 are
2267 3989 56 23 nat-

1787 4030 78 31 uraliy
1889 4029 74 24 allied
1983 4029 163 26 movements,
2165 4027 50 24 and
2236 4026 89 25 should

1787 4079 32 23 go
1831 4069 67 24 hand
1912 4069 24 23 m
1957 4068 68 24 hand
2027 4082 31 3 —
2060 4067 42 24 the
2122 4066 91 24 former
2226 4066 100 31 peeking

1785 4113 25 21 to
1822 4116 96 18 remove
1943 4108 42 24 the
2008 4114 72 17 cause
2104 4106 26 24 of
2154 4108 108 29 poverty,
2282 4106 44 24 the

1784 4149 76 23 latter
1877 4147 97 29 aiming
1996 4148 26 21 to
2043 4144 95 25 abolish
2163 4151 48 18 one
2233 4143 27 24 of
2281 4144 42 23 the

1778 4187 68 25 chief
1858 4186 84 24 effects
1954 4184 27 26 of
1991 4185 109 30 poverty.
2140 4182 113 30 Leading
2264 4184 61 24 tem-

1781 4233 107 25 perance
1900 4223 108 25 workers
2022 4221 73 36 (such
2105 4221 102 27 as.Miss
2220 4221 105 25 Willard

1776 4265 49 26 .ami
1840 4262 71 30 Lady
1930 4262 86 30 Henry
2030 4261 139 30 Somerset)
2182 4259 52 31 are.
2247 4259 79 31 bring-
2234 4259 13 31 ;

1780 4302 44 31 ing
1846 4301 28 24 th
1883 4300 22 25 is
1917 4299 58 25 idea
1985 4295 54 28 into
2063 4306 8 22 j
2078 4300 93 22 ractice
2189 4304 69 18 more
2264 4307 4 8 •
2277 4297 50 25 and

1784 4348 74 18 more-
1952 4340 6 3 ~
2008 4343 12 6 ''
2214 4362 25 5 ...
2286 4346 2 2 '
2312 4356 6 4 -
2328 4369 2 1 .

1781 4472 5 39 I
1816 4479 20 24 T
1837 4493 7 16 :
1841 4481 34 22 he-
1968 4486 57 19 euro
2047 4478 39 24 for
2094 4476 40 33 \gr
2137 4478 34 24 fot
2188 4478 25 24 is
2220 4486 10 8 *
2236 4486 11 16 a
2251 4474 68 29 ciiori
2322 4495 4 6 ►

1781 4533 2 4 ■
1934 4527 80 17 ■•..,.■■-;:
2042 4522 12 22 '-'
2074 4521 69 23 *■■:-.*
2159 4520 49 24 >.rl.

2422 207 71 25 THE
2515 207 136 26 PLANET
2677 207 146 26 SATURN.

2387 272 33 25 Of
2441 272 35 24 all
2499 272 135 32 secondary
2656 274 106 31 systems
2786 273 59 25 that
2866 273 27 24 of

2353 310 94 26 Saturn
2458 311 67 32 gives
2546 311 44 26 the
2609 313 68 25 most
2697 312 121 25 beautiful
2840 312 50 24 and

2353 348 83 26 varied
2447 349 73 32 proof
2528 349 27 25 of
2564 357 49 25 any
2624 350 136 33 governing
2770 350 64 31 body
2845 352 45 22 not

2351 396 62 18 even
2432 390 131 31 excepting
2584 390 44 25 the
2640 397 48 18 sun
2704 390 111 36 himself,
2833 390 57 25 that

2352 429 109 26 rotation
2483 430 23 24 is
2525 429 43 26 the
2587 432 70 29 great
2678 430 103 32 moving
2807 438 83 23 power

2351 466 55 25 that
2450 467 121 31 produces
2615 468 42 24 the
2706 468 182 31 revolutionary

2350 506 111 25 motions
2473 506 27 25 of
2508 507 35 24 all
2554 507 137 31 secondary
2702 507 86 26 bodies
2800 507 32 32 by
2843 510 44 22 the

2349 544 102 30 general
2467 545 72 24 effect
2561 545 51 24 this
2632 545 101 31 turning
2754 545 98 26 motion
2863 545 27 25 of

2349 580 40 25 his
2419 581 66 32 body
2506 582 57 29 has,
2593 590 68 24 upon
2683 583 39 24 his
2744 583 77 31 rings,
2839 584 47 23 and

2348 620 128 26 satellites.
2510 621 68 26 First
2603 623 42 24 the
2674 622 68 32 rings
2765 630 41 17 aw
2828 631 57 17 con-

2348 658 94 24 centric
2453 660 27 23 to
2493 660 61 24 each
2567 660 80 29 other,
2666 660 50 24 and
2728 660 42 24 the
2782 663 105 28 equator

2348 696 27 24 of
2384 696 42 24 the
2438 698 85 30 planet
2546 698 142 24 concentric
2706 700 26 23 to
2744 698 43 25 the
2807 699 77 31 rings,

2348 741 74 18 cause
2448 735 48 24 and
2527 736 71 24 effect
2626 736 60 25 thus
2714 736 172 32 harmonising

2347 773 122 31 together,
2488 774 61 25 each
2561 782 48 17 one
2620 775 28 25 of
2666 774 43 25 the
2730 775 70 31 rings
2813 775 73 31 spin-

2346 813 64 32 ning
2419 814 83 24 round
2513 821 60 18 once
2584 815 28 24 m
2623 815 44 25 the
2678 816 71 24 exact
2769 815 60 24 time
2842 815 43 25 the

2347 851 84 31 planet
2443 855 73 22 turns
2540 860 31 17 on
2583 853 33 24 its
2631 853 66 24 axis.
2731 853 109 32 Finally,
2859 854 26 25 to

2346 890 123 32 complete
2486 891 44 25 the
2552 891 107 31 picture,
2676 891 28 24 m
2725 891 43 25 the
2789 896 96 26 greater

2347 929 111 25 distance
2479 930 71 25 there
2562 938 41 16 are
2626 938 73 17 seven
2720 931 69 24 other
2800 930 85 26 bodies

2346 967 128 32 revolving
2486 976 34 16 on
2537 967 77 26 orbits
2634 968 28 24 m
2673 967 66 25 their
2750 969 134 31 respective

2346 1006 122 29 positions
2480 1013 6 21 ;
2504 1005 28 25 of
2552 1013 87 17 course
2650 1006 96 24 carried
2767 1007 79 24 round
2857 1007 26 25 m

2347 1051 47 17 one
2405 1044 111 24 uniform
2540 1044 119 26 direction
2681 1046 32 29 by
2725 1045 43 25 the
2779 1047 106 24 rotation

2346 1082 27 25 of
2393 1082 44 25 the
2459 1083 95 31 planet,
2573 1082 65 26 their
2657 1083 78 26 orbits
2754 1086 131 24 concentre

2347 1122 26 23 to
2386 1121 60 24 each
2468 1121 81 29 other,
2567 1122 44 25 the
2622 1122 68 32 rings
2707 1123 27 24 m
2757 1125 60 23 turn
2827 1131 56 17 con-

2347 1160 84 23 centre
2443 1161 26 24 to
2486 1160 78 28 them,
2582 1160 51 25 and
2652 1161 43 24 the
2714 1162 101 30 equator
2826 1169 58 18 con-

2347 1201 96 22 centres
2466 1201 24 22 to
2503 1200 43 24 the
2564 1199 88 25 whole.

2513 1242 190 25 BREVITIES.

2380 1314 54 24 The
2455 1314 96 24 reward
2576 1314 27 25 of
2623 1322 48 18 one
2699 1314 61 33 duty
2789 1315 22 25 is
2841 1315 43 25 the

2345 1361 83 22 power
2440 1354 26 23 to
2486 1353 65 25 fulfil
2570 1355 115 24 another.

2380 1390 46 25 We
2438 1390 71 25 learn
2521 1391 103 24 wisdom
2636 1392 65 24 from
2710 1392 90 25 failure
2811 1393 74 24 much

2346 1437 70 16 more
2438 1428 64 25 than
2530 1429 66 24 from
2627 1437 107 16 success.

2379 1466 13 25 I
2405 1467 94 24 believe
2513 1467 56 24 that
2581 1475 36 16 we
2629 1468 94 25 cannot
2745 1468 50 25 live
2806 1468 80 26 better

2347 1505 61 24 than
2419 1505 27 23 m
2460 1505 100 30 seeking
2573 1507 26 23 to
2618 1507 100 24 become
2729 1505 90 27 better.

2380 1544 54 25 The
2446 1544 103 30 virtues,
2566 1545 49 24 like
2636 1545 43 25 the
2697 1545 73 32 body,
2789 1547 97 25 become

2348 1588 87 28 strong
2446 1592 70 17 more
2527 1585 33 32 by
2582 1585 89 25 labour
2693 1586 63 25 than
2769 1587 32 30 by
2812 1595 74 16 nour-

2515 1736 202 24 GLEANINGS.

2380 1801 75 25 India
2459 1816 29 4 —
2563 1802 83 32 happy
2669 1802 111 33 hunting
2792 1805 95 30 ground

2347 1841 25 24 of
2394 1849 46 17 our
2463 1841 73 26 black
2561 1842 76 31 sheep
2858 1853 27 16 as

2352 1881 71 24 John
2435 1881 91 31 Bright
2537 1882 79 24 called
2627 1882 28 30 it,
2674 1882 49 25 and
2808 1891 80 18 crown

2351 1920 28 25 of
2388 1921 140 31 England's
2660 1923 132 32 according
2810 1926 26 23 to
2848 1926 41 24 the

2350 1958 132 32 Jingoistic
2614 1975 32 3 —
2647 1968 60 23 pays
2728 1961 34 24 its
2782 1962 106 30 agricul-

2363 1997 55 25 ural
2429 1996 127 27 labourers
2578 1998 43 24 the
2644 1999 162 31 magnificent
2823 2008 67 25 wage

2352 2037 28 24 of
2399 2037 147 32 threepence
2568 2046 16 16 a
2606 2039 55 31 day,
2680 2039 50 24 and
2751 2039 54 25 find
2827 2049 63 23 your

2348 2082 57 17 own
2427 2076 61 24 rice.

2556 2116 125 15 *****

2384 2147 54 24 The
2450 2147 61 25 New
2524 2149 68 24 York
2604 2150 192 30 correspondent
2807 2151 27 24 of
2844 2152 43 24 the

2344 2186 77 30 Daily
2445 2186 123 24 Chronicle
2589 2189 95 29 reports
2696 2188 57 25 that
2765 2189 41 24 the
2824 2190 62 24 Can-

2345 2224 75 25 adian
2432 2225 87 25 Grand
2532 2227 85 24 Trunk
2629 2227 48 24 and
2697 2227 42 26 the
2752 2228 133 27 American

2345 2264 117 26 Railroad
2485 2266 155 32 Companies,
2668 2268 43 24 the
2734 2268 62 26 New
2818 2269 68 26 York

2347 2305 109 26 Central,
2475 2307 43 24 the
2530 2307 194 31 Pennsylvania,
2744 2309 138 25 Baltimore

2345 2343 50 24 and
2415 2343 71 29 Ohio,
2516 2344 44 25 the
2591 2345 100 32 Lehigh
2714 2347 96 31 Valley,
2842 2348 43 24 the

2346 2383 136 30 Delaware,
2501 2384 185 29 Lackawanna,
2705 2386 44 24 the
2765 2387 118 29 Wabash,

2346 2423 48 24 and
2408 2425 42 23 the
2473 2423 57 25 New
2554 2424 75 30 York,
2657 2425 69 25 Lake
2749 2426 67 30 Erie,
2836 2428 48 24 <md

2347 2463 122 29 Western,
2504 2464 63 25 have
2590 2465 73 25 made
2686 2473 34 17 an
2747 2466 138 31 important

2345 2509 56 16 new
2424 2504 148 28 agreement,
2619 2503 80 25 which
2721 2512 56 16 now
2797 2505 87 24 awaits

2346 2540 133 31 signature,
2498 2542 125 31 replacing
2635 2543 42 24 the
2689 2543 41 24 old
2742 2544 76 24 trunk
2831 2544 51 24 line

2345 2580 63 32 pool,
2425 2580 82 25 which
2526 2582 51 23 had
2599 2584 53 22 cost
2675 2582 43 24 the
2741 2585 142 29 companies

2345 2618 126 25 hundreds
2481 2619 28 24 of
2518 2619 107 25 millions
2635 2620 27 24 of
2671 2620 92 25 dollars
2774 2622 108 31 through

2346 2658 165 31 rate-cutting
2524 2667 5 15 :
2565 2659 49 24 and
2643 2660 70 24 these
2747 2661 136 31 capitalists

2347 2698 125 32 evidently
2494 2699 97 29 realise,
2621 2700 38 24 for
2681 2700 157 31 themselves,
2857 2704 26 22 at

2346 2738 110 30 anyrate,
2485 2737 55 26 how
2564 2737 77 26 much
2665 2746 65 17 more
2753 2739 130 31 profitable

2345 2777 23 24 is
2380 2777 171 25 collectiveism
2572 2777 63 25 than
2647 2779 168 31 competition.

2553 2816 69 15 ***
2636 2817 13 14 *
2663 2817 14 14 *

2380 2849 54 24 The
2447 2850 127 24 Twentieth
2588 2850 102 31 Century
2701 2850 27 24 of
2735 2850 59 25 New
2805 2850 77 29 York,

2347 2888 85 25 thinks
2445 2889 19 24 it
2475 2889 101 25 needful
2588 2891 24 23 to
2624 2891 97 23 remind
2732 2891 33 23 its
2777 2891 104 28 readers,

2347 2937 101 22 apropos
2460 2929 26 23 of
2492 2929 44 24 the
2546 2928 338 32 Marlborough-Vanderbilfc

2347 2968 121 31 wedding,
2499 2968 55 24 that
2578 2969 41 23 the
2631 2977 84 23 young
2737 2969 81 32 lady's
2844 2971 39 26 10,

2348 3009 109 28 000,000
2469 3008 61 24 dols.
2549 3008 98 24 fortune
2659 3016 83 16 comes
2751 3010 44 22 out
2807 3009 25 23 of
2842 3009 42 24 the

2347 3048 101 30 pockets
2460 3047 26 24 of
2497 3048 41 23 the
2551 3048 131 24 American
2694 3048 93 31 people.

2349 3094 87 23 money
2459 3085 79 33 might
2558 3085 54 32 just
2624 3095 26 16 as
2664 3086 53 25 well
2739 3086 63 26 have
2823 3086 61 25 been

2348 3127 79 25 levied
2448 3127 49 24 and
2520 3126 119 26 collected
2662 3135 28 17 as
2713 3135 15 17 a
2749 3129 50 23 tax.
2836 3128 49 24 The

2348 3167 107 25 railroad
2479 3167 63 24 from
2556 3167 78 25 which
2659 3168 20 24 it
2699 3168 21 24 is
2743 3168 100 24 derived
2864 3168 22 24 is

2349 3214 15 16 a
2375 3206 84 31 publ'C
2471 3205 125 25 franchise
2609 3206 129 31 employed
2749 3206 32 30 by
2793 3208 94 30 private

2349 3245 152 25 individuals
2514 3253 28 17 as
2566 3253 14 16 a
2603 3253 88 17 means
2716 3246 27 23 of
2763 3246 125 32 extorting

2350 3292 105 16 revenue
2478 3283 38 25 for
2540 3283 148 25 Vanderbilt
2712 3285 175 30 gratification.

2351 3325 68 24 Once
2431 3324 41 23 the
2484 3332 89 20 money
2594 3324 22 24 is
2628 3323 117 26 obtained
2768 3325 20 24 it
2799 3325 21 24 is
2833 3328 55 21 sent

2351 3363 91 25 abroad
2455 3365 26 22 to
2495 3364 75 30 repair
2583 3363 148 31 dilapidated
2742 3363 145 24 dukedoms.

2353 3404 67 25 Such
2432 3403 124 24 incidents
2569 3403 89 24 should
2672 3405 37 22 set
2721 3411 28 16 us
2763 3403 33 24 all
2805 3403 82 23 think-

2671 3448 8 14 •■
2750 3462 2 3 .

2557 3476 69 14 ***
2638 3476 14 14 *
2666 3476 13 14 *

2386 3511 52 23 The
2461 3510 111 31 wedding
2600 3511 127 23 trousseau
2751 3509 26 25 of
2805 3518 84 22 young

2353 3549 63 24 Miss
2428 3548 149 25 Vanderbilt
2596 3549 21 23 is
2630 3547 53 25 said
2707 3549 25 23 to
2756 3549 30 23 be
2810 3547 31 32 by
2853 3547 37 24 far

2354 3587 43 25 the
2408 3587 76 24 finest
2505 3587 49 24 and
2577 3588 65 23 most
2665 3586 79 31 costly
2767 3593 67 17 worn
2860 3587 30 30 by

2354 3633 37 17 an;
2412 3626 132 23 American
2664 3624 96 31 costing
2782 3624 54 24 into
2847 3624 43 24 the

2354 3665 125 25 hundreds
2492 3664 27 26 of
2529 3664 138 26 thousands
2679 3663 27 24 of
2716 3664 101 24 dollars.
2837 3664 53 24 The

2353 3703 141 25 almshonse
2507 3711 32 16 on
2563 3702 130 24 RankalTs
2715 3702 96 28 Island,
2830 3710 61 15 near

2354 3744 82 24 where
2459 3743 42 24 the
2518 3742 114 31 wedding
2652 3742 59 24 took
2736 3742 76 30 pluce,
2831 3742 22 23 is
2864 3759 3 6 .
2865 3750 8 10 c
2877 3749 13 16 o

2347 3784 53 24 •full
2424 3782 26 26 of
2470 3790 116 24 paupers,
2605 3782 55 24 that
2672 3789 58 18 over
2742 3789 15 16 a
2779 3781 111 24 hundred

2354 3823 27 25 of
2390 3823 69 24 them
2479 3831 42 16 are
2533 3815 135 37 compelled
2686 3822 27 24 to
2726 3821 65 31 sleep
2803 3828 32 17 on
2848 3820 43 25 the

2353 3863 71 24 floor.

2559 3894 125 15 *****
2801 3902 4 4 .
2813 3897 9 4 ~
2836 3904 2 2 .

2387 3925 34 27 As
2433 3935 36 16 we
2481 3935 31 23 go
2525 3928 24 23 to
2558 3934 68 24 press
2639 3927 42 24 the
2693 3926 70 25 cable
2786 3926 105 24 informs

2353 3974 29 15 us
2394 3966 56 23 that
2460 3965 41 24 the
2513 3964 93 25 Italian
2618 3965 87 30 people
2717 3972 105 23 appear,^
2829 3961 63 27 after

2353 4005 42 28 all,
2414 4006 43 22 not
2469 4007 25 21 to
2506 4005 57 23 take
2576 4012 27 16 so
2615 4003 85 31 kindly
2718 4005 26 23 to
2753 4003 43 25 the

2432 4042 27 24 m
2472 4041 141 32 Abyssinia,
2644 4041 109 30 Rioting,
2758 4040 45 24 has
2815 4040 75 24 taken

2352 4080 69 31 place
2439 4082 27 22 at
2488 4080 90 29 Milan,
2597 4080 50 23 and
2670 4080 26 23 at
2720 4078 76 35 Pavja
2808 4085 15 16 a
2834 4077 57 24 mob

2353 4119 129 31 destroyed
2494 4120 43 24 the
2549 4119 101 31 railway
2662 4118 71 31 plant
2753 4119 25 23 to
2790 4125 74 22 preve

2353 4159 45 26 tho
2425 4158 105 33 soldiery
2558 4158 70 26 from,
2652 4157 132 31 shipping..
2806 4155 54 33 ,Wi
2863 4151 9 22 fc
2873 4152 18 24 h

2346 4199 84 30 ,4,000
2442 4200 27 24 of
2490 4200 64 24 their
2565 4198 128 26 comrades
2704 4222 3 2 .
2714 4196 77 25 killed
2807 4196 26 23 m
2845 4203 47 16 one

2353 4238 66 32 jfight
2431 4238 27 25 of
2478 4247 14 15 a
2504 4238 93 24 useless
2609 4235 140 31 campaign,
2767 4235 20 24 it
2798 4234 23 25 is
2833 4234 59 31 only

2352 4269 102 34 'natural
2466 4278 59 24 that
2532 4278 43 24 the
2587 4275 155 31 slumbering,
2753 4275 100 24 volcano
2866 4275 27 24 of

2355 4319 140 25 discontent
2519 4316 88 26 should
2627 4314 76 27 break
2726 4316 44 24 out
2792 4315 27 25 m
2843 4314 52 26 this

2356 4365 62 24 way.
2460 4353 65 34 Italy
2547 4355 23 24 is
2593 4354 122 31 groaning
2743 4353 80 24 under
2851 4353 44 26 the

2345 4398 107 24 'burden
2479 4396 35 26 of.-,
2534 4395 211 31 misgovernment
2758 4393 71 28 ..and
2852 4394 44 25 the

2358 4436 241 32 effecf&'s£a#otten
2612 4435 74 24 social
2702 4434 120 32 'system.-.
2847 4434 50 27 Yet

2356 4469 34 33 nil
2403 4479 40 23 the
2456 4476 172 32 Go^rnment
2645 4482 47 17 can
2705 4474 32 25 do
2747 4475 23 24 is
2782 4476 26 25 to
2819 4475 79 33 hurry

2918 210 188 26 constitutional
3129 210 117 24 Socialist
3262 210 133 23 reformers
3406 210 52 22 and

2919 253 70 25 carry
3011 255 32 18 on
3062 256 33 17 an
3113 247 129 31 expensive
3265 246 140 32 campaign,
3429 245 28 26 m

2919 283 41 24 the
2982 285 58 24 vain
3051 285 66 31 hope
3128 284 28 24 of
3181 285 100 31 putting
3304 285 42 24 the
3368 283 87 33 people
3479 309 11 9 v

2917 320 38 24 off
2963 321 43 25 the
3017 323 78 24 scent.
3110 318 112 30 */Ajffairs
3232 329 41 17 are

2917 367 15 17 a
2943 360 70 26 crisis
3024 361 27 25 m
3074 360 73 33 Italy,
3166 356 160 41 aii^further
3337 361 115 32 develop-

2916 402 85 24 ments
3016 401 51 25 will
3086 401 31 25 be
3128 400 111 29 awaited,
3336 402 114 26 interest.

3117 440 18 16 .#
3149 440 14 15 #
3177 440 14 15 *
3204 441 14 14 #
3231 441 15 15 #

2949 477 56 27 The.
3024 478 102 30 Chicago
3152 478 122 26 Chronicle
3296 479 99 25 devotes
3407 478 43 26 the

2914 508 56 26 best
2994 510 28 25 of
3042 509 70 26 three
3135 518 75 24 pages
3232 511 51 25 and
3298 519 69 18 some
3389 512 59 25 five-

2915 546 101 25 column
3033 547 108 32 pictures
3154 549 25 23 to
3196 548 43 26 the
3250 551 106 23 account
3368 549 28 25 of
3405 549 43 26 the

2914 586 123 31 reception
3065 586 56 26 tbat
3149 588 102 24 awaited
3279 588 103 32 Eugene
3416 588 30 26 V.

2913 624 76 30 Debs,
3018 625 44 25 the
3084 626 130 26 American
3234 628 99 25 Labour
3355 628 91 29 leader,

2913 664 73 24 when
2997 665 32 25 he
3041 673 68 17 came
3121 669 42 22 out
3180 668 28 23 of
3227 668 66 30 gaol.
3329 668 117 24 Tremen-

2912 702 62 26 dous
3024 705 121 32 meetings
3179 706 102 24 ensued.
3333 707 37 24 At
3393 715 48 16 one

2912 743 28 23 of
2959 743 42 25 the
3023 744 119 32 meetings
3164 744 171 26 ex-Governor
3357 746 89 29 Waite,

2913 780 27 23 of
2960 781 128 29 Colorado,
3123 782 55 25 who
3201 783 125 31 evidently
3348 783 98 26 doesn't

2914 822 64 21 want
2993 819 27 25 td
3044 819 80 27 Waite
3144 828 50 24 any
3213 821 93 32 longer,
3324 822 124 25 remarked

2912 856 56 25 that
3070 857 43 26 the
3123 858 50 25 last
3194 861 94 31 twenty
3310 868 71 23 years
3401 861 44 24 the

2914 894 163 26 Government
3096 896 27 24 of
3140 897 44 24 tbe
3196 897 95 25 Uniied
3305 899 83 24 States
3399 898 49 25 has

2912 931 61 25 been
2996 932 136 26 conducted
3157 942 32 16 on
3212 936 43 24 the
3276 935 122 31 principle
3421 937 27 23 of

2992 970 87 30 people
3101 970 30 25 be
3330 973 50 23 and
3403 973 43 25 the

2911 1009 100 27 present
3021 1007 149 26 indications
3182 1016 40 17 are
3234 1010 56 24 that
3307 1010 43 24 the
3360 1012 88 30 people

2911 1043 64 25 have
2987 1044 62 25 been
3060 1047 81 29 pretty
3161 1045 59 26 well,
3231 1046 115 25 damned.

3111 1160 133 26 COMING

2962 1200 139 27 EVENTS
3120 1202 44 25 OF
3190 1203 70 26 THE
3282 1204 113 25 WEEK.

2913 1287 121 33 Tuesday,
3059 1288 104 33 Library
3186 1297 72 24 open,
3278 1291 63 25 from
3365 1295 23 23 6.
3409 1294 40 25 15.

2979 1335 25 24 p.
3021 1336 34 17 m.
3079 1330 25 24 to
3127 1331 24 23 8.
3170 1337 25 24 p.
3215 1339 35 16 m.

2913 1367 141 32 Thursday,
3103 1369 74 25 Bank
3224 1379 73 23 open.
3398 1372 53 25 Me-

2982 1408 68 30 eting
3062 1408 25 23 of
3099 1408 42 25 the
3258 1410 41 26 W.
3320 1410 26 26 S.
3360 1411 92 26 Board.

2917 1449 131 32 Saturday,
3066 1450 107 33 Library
3191 1461 64 24 open
3276 1453 65 26 from
3365 1456 23 24 6.
3410 1456 40 24 15.

2916 1501 24 22 p.
2958 1501 35 16 m.
3012 1495 26 23 to
3051 1495 15 23 8
3083 1502 25 23 p.
3121 1503 33 17 m.

3138 1629 78 24 FUN.

2949 1695 72 27 Child
3033 1695 36 35 (to
3087 1697 147 37 neighbour)
3248 1708 5 17 :
3273 1698 100 27 Mother
3400 1705 55 25 pre-

2916 1742 69 25 sents
2996 1742 47 25 her
3062 1744 114 31 complim
3182 1747 56 23 ents
3255 1744 49 26 and
3314 1743 82 26 would
3406 1742 50 25 like

2917 1793 24 24 tp
2953 1784 96 27 borrow
3077 1795 63 22 your
3166 1788 43 24 tub
3238 1790 25 23 to
3290 1788 75 25 make
3388 1793 68 19 some

2917 1830 154 25 sauerkraut.
3076 1845 32 3 —
3108 1830 53 26 Mrs
3184 1831 31 25 B.
3239 1839 6 17 :
3276 1832 68 25 Wait
3370 1840 16 16 a
3409 1831 47 25 few

2917 1872 109 25 minutes
3038 1873 68 26 until
3117 1873 14 25 I
3143 1874 64 25 have
3223 1875 107 25 finished
3342 1875 115 31 washing

2922 1915 64 33 baby
3005 1916 28 25 m
3055 1916 29 25 it.

2953 1969 185 26 Schoolmaster
3148 1979 5 17 :
3167 1970 102 34 Joseph,
3280 1971 21 24 if
3306 1980 62 22 your
3383 1971 70 25 fathe

2918 2002 50 25 had
2979 2003 56 25 four
3053 2003 65 26 sides
3130 2005 25 24 of
3174 2005 86 28 bacon,
3280 2005 50 24 and
3353 2005 32 25 he
3402 2013 43 16 sea

2916 2054 41 16 me
2968 2054 55 22 one,
3052 2047 54 25 how
3127 2056 77 24 many
3227 2047 83 26 would
3333 2049 32 24 he
3388 2049 64 24 have

2915 2089 46 24 left
2980 2090 45 23 ?—
3029 2089 104 26 Scholar
3155 2098 5 17 :
3204 2092 125 24 Three.—
3329 2092 95 25 Master
3444 2099 6 17 :

2916 2132 82 24 Bravo
3008 2134 5 22 !
3026 2133 62 25 Now
3099 2135 85 30 repeat
3196 2134 52 24 this
3259 2136 24 23 to
3292 2143 62 23 your
3365 2134 85 25 father

2914 2175 104 32 directly
3043 2184 48 23 you
3114 2178 41 30 get
3177 2177 81 29 home,
3288 2185 27 17 so
3335 2177 56 25 that
3414 2177 32 25 he

2914 2226 58 24 may
2982 2219 83 25 notice
3078 2219 42 24 the
3132 2228 115 24 progress
3265 2228 50 24 you
3325 2228 42 17 are
3379 2221 69 24 mak-

2914 2263 43 32 ing
2965 2263 26 25 m
3004 2263 151 26 arithmetic.

3053 2307 41 25 did
3116 2316 49 23 you
3193 2308 44 24 tak
3389 2308 61 26 Said

2913 2355 15 15 a
2945 2346 56 32 lady
3019 2354 26 18 to
3061 2348 46 24 her
3123 2348 202 31 newly-m*rried
3359 2349 91 25 friend.

2996 2385 63 25 Jock
3118 2386 43 24 she
3173 2387 100 30 replied,
3291 2387 31 25 he
3334 2386 114 26 followed

2913 2432 40 17 me
2963 2425 37 27 m.
3003 2425 43 25 the
3058 2425 100 31 garden,
3177 2426 48 24 and
3236 2426 33 24 he
3280 2426 113 25 followed
3405 2434 42 16 mo

2912 2470 23 17 ci
2942 2463 125 31 erywhere
3078 2464 5 23 1
3102 2464 51 23 and
3163 2463 14 24 I
3188 2463 50 25 had
3255 2468 25 21 to
3299 2464 43 25 tak
3353 2464 56 24 him
3421 2466 26 23 to

2911 2504 42 28 get
2965 2502 38 23 rid
3022 2501 28 25 of

2944 2544 26 25 It
2981 2545 52 24 will
3045 2545 28 24 be
3093 2545 98 24 noticed
3210 2545 55 24 that
3278 2545 42 24 the
3339 2546 72 24 effect
3422 2546 29 24 of

2912 2588 41 23 the
2976 2589 152 29 exemptions
3159 2587 28 25 m
3213 2588 43 24 the
3288 2587 160 26 Assessment

2911 2631 52 23 Bill
2974 2631 23 24 is
3010 2633 25 23 to
3056 2631 71 24 make
3139 2631 43 25 the
3194 2631 72 24 Land
3278 2631 49 24 and
3345 2631 102 25 Income

2911 2676 69 23 taxes
3001 2676 25 23 to
3039 2682 15 16 a
3076 2674 94 25 certain
3193 2675 85 24 extent
3301 2673 144 33 graduated,

2911 2718 44 25 the
2995 2718 153 32 exemptions
3193 2717 132 32 becoming
3378 2726 69 17 more

2911 2762 169 31 insignificant
3101 2769 26 16 as
3151 2769 15 16 a
3196 2762 81 24 man'?
3297 2761 88 24 wealth
3408 2762 39 24 in-

2911 2813 103 17 creases.
3050 2805 49 25 For
3110 2806 119 27 instance,
3248 2814 15 15 a
3274 2812 60 17 man
3346 2805 56 24 with
3414 2812 33 18 aa

2911 2845 98 24 income
3021 2844 24 25 of
3054 2844 71 24 £500
3137 2852 15 16 a
3162 2851 58 24 year
3232 2843 51 25 will
3294 2851 48 24 pay
3351 2844 36 24 £7
3401 2844 46 24 10s

2911 2889 73 24 while
2996 2896 15 16 a
3023 2896 58 16 man
3102 2888 59 24 with
3174 2887 87 24 double
3282 2887 50 24 this
3349 2887 109 25 income'

2911 2927 48 24 will
2971 2934 56 23 pay,
3046 2927 44 23 not
3102 2927 59 27 £15,
3179 2925 45 23 but
3236 2926 59 24 £20.

2946 2986 82 24 Tailor
3038 2993 5 16 :
3062 2986 14 23 I
3096 2986 62 24 have
3170 2985 78 24 called
3268 2985 63 26 after
3346 2992 43 22 my
3408 2992 40 17 ac-

2912 3026 84 26 count,
3015 3024 45 23 Dr.
3076 3023 61 24 A.—
3138 3023 95 24 Debtor
3243 3031 6 16 :
3282 3023 66 24 Here
3359 3023 20 23 is
3403 3023 45 24 the

2913 3072 98 22 money,
3030 3063 45 24 but
3092 3063 13 24 I
3116 3063 63 24 have
3203 3062 119 25 deducted
3345 3064 37 23 ss.
3408 3062 40 25 be-

2914 3112 73 17 cause
2998 3112 48 24 you
3066 3103 64 26 hava
3142 3112 68 17 come
3222 3103 27 24 m
3261 3111 41 22 my
3325 3101 124 26 consulta-

2914 3143 54 24 tion
2981 3143 71 24 hour.

1150 53 174 33 OXFORD
1368 56 232 32 OBSERVER
1643 58 237 42 SATURDAY,
1937 62 154 33 MARCH
2175 64 50 37 21,
2285 64 78 34 18Q0

2916 3284 54 24 The
2982 3282 178 26 Christcburch
3182 3281 103 25 election
3307 3288 51 17 was
3379 3288 15 17 a
3412 3288 40 16 re-

2916 3335 70 16 verse
3008 3329 26 22 to
3057 3326 43 24 the
3123 3325 101 25 Liberal
3243 3326 79 30 part)',
3339 3325 47 24 but
3408 3325 46 23 out

2918 3370 26 24 of
2960 3370 62 23 such
3050 3377 107 15 reverses
3180 3368 68 24 often
3277 3375 69 16 come
3373 3367 81 24 future

2918 3412 49 25 and
2993 3411 84 32 amply
3105 3410 186 31 compensating
3318 3409 137 32 triumpbs.

2918 3455 55 24 The
2984 3454 99 25 Liberal
3095 3455 55 23 vote
3162 3461 52 17 was
3235 3452 140 33 hopelessly
3387 3452 68 32 split,

2918 3499 49 24 find
2979 3499 36 24 for
3040 3497 50 25 this
3103 3498 41 23 Mr
3167 3497 29 23 T.
3210 3496 31 24 E.
3266 3496 88 31 Tay.lor
3366 3503 51 18 was
3429 3497 28 24 lo

2918 3542 85 24 blame.
3022 3542 22 23 A
3056 3540 100 25 Liberal
3168 3541 54 23 who
3231 3540 22 24 is
3266 3547 15 17 a
3288 3539 167 25 Prohibition-

2918 3587 40 28 ist,
2978 3586 49 24 and
3050 3584 56 24 who
3128 3583 117 32 foolishly
3267 3584 58 31 puts
3346 3583 40 25 his
3409 3590 48 18 one

2919 3632 41 29 pet
2979 3629 41 24 fad
3048 3627 84 25 before
3155 3627 43 24 the
3226 3626 132 31 immensly
3386 3633 71 18 more

2918 3674 136 30 important
3065 3671 99 31 general
3173 3670 148 24 democratic
3328 3669 126 31 platform,

2919 3716 20 24 is
2963 3723 56 23 very
3047 3713 97 29 foolish,
3174 3713 37 24 for
3239 3721 13 15 a
3275 3712 132 31 repetition
3431 3711 30 26 of

2919 3758 51 25 this
2980 3757 182 31 vote-splitting
3173 3756 81 31 might
3266 3763 57 23 very
3334 3749 119 37 probably

2918 3810 73 17 mean
3017 3801 43 25 the
3088 3799 118 25 downfall
3233 3799 26 23 of
3287 3798 43 24 the
3353 3798 102 24 Liberal

2920 3845 177 26 Government.
3099 3857 33 4 —
3135 3841 152 32 Wellington
3304 3842 71 24 Mail.

3038 3893 196 16 #**
3321 3892 14 15 *
3365 3892 3 2 •

2954 3930 99 24 'Where
3081 3929 22 24 is
3137 3928 42 24 the
3210 3927 143 25 tradesman
3382 3927 77 33 going

2920 3975 26 23 to
2968 3975 56 28 stop
3034 3972 18 24 ?'
3071 3971 56 25 asks
3151 3970 93 30 'Quix.'
3281 3970 63 25 'The
3365 3970 96 27 brewer

2920 4017 56 24 sells
3000 4017 40 23 tea
3053 4014 31 33 (if
3101 4014 33 25 he
3146 4014 68 33 can),
3233 4014 43 26 the
3300 4014 88 31 draper
3400 4014 60 25 sells

2919 4058 128 29 furniture,
3083 4058 49 23 and
3172 4057 45 24 the
3245 4057 155 25 bootmaker,
3411 4057 51 26 has

2920 4102 75 25 taken
3018 4104 27 23 to
3067 4100 112 33 vending
3211 4100 86 26 books.
3334 4100 45 26 We
3401 4108 61 25 may

2920 4142 95 31 shortly
3027 4143 85 29 cvpect
3123 4144 27 26 tp
3161 4140 53 25 find
3238 4148 69 18 some
3318 4142 73 30 pious
3401 4140 60 26 firm

2921 4186 27 24 of
2958 4187 40 23 t«a
3020 4186 98 24 dealers
3130 4185 151 31 advertising
3304 4193 15 16 a
3330 4193 55 17 new
3396 4184 66 30 beer,

2921 4237 16 16 a
2956 4229 198 25 cabinet-maker
3174 4227 105 33 offering
3299 4228 90 32 special
3400 4228 66 26 lines

2921 4272 28 25 of
2969 4273 79 24 ladies
3071 4271 71 28 hose,
3153 4297 2 3 .
3172 4271 50 24 and
3245 4271 45 26 the
3313 4271 153 26 booksellers

2923 4315 160 33 announcing
3095 4314 108 27 a.brand
3214 4314 28 27 of
3256 4314 73 27 boots
3341 4315 126 33 elegantly

2923 4360 85 25 bound
3020 4360 27 25 ia
3059 4359 56 25 calf,
3134 4358 49 25 and
3195 4359 47 32 gilt
3253 4360 84 31 edges.
3354 4376 4 8 ;
3372 4360 100 28 Unless,

2925 4403 137 32 everybody
3078 4403 22 25 is
3124 4403 76 31 going
3219 4404 26 25 to
3269 4403 39 26 be.
3313 4412 15 17 a
3340 4405 127 25 universal

2925 4447 113 33 provider
3059 4447 69 26 there
3148 4447 51 25 will
3219 4447 32 26 be
3271 4448 97 26 trouble
3386 4448 86 28 before

2925 4492 78 31 long.'
