3430 4345
427 414 2826 54 THE

427 468 1131 3 OXFORD
1746 468 1507 3 OBSERVER

427 471 353 3 AND
898 471 1177 3 CANTERBURY
2193 471 1060 3 DEMOCRAT.

1228 520 520 35 CIKOXJLATIISrGh
1827 519 518 34 THROUGHOUT

1674 694 228 31 Established
1948 696 90 29 1889.

28 839 137 29 Volumn
187 837 100 29 IX—
287 837 62 30 No.
392 837 103 29 NEW
513 835 155 32 SERIES.

1256 834 106 29 BAST
1385 834 186 35 OXFORD,
1595 834 242 39 SATURDAY,
1882 837 171 30 AUGUST
2098 840 56 33 28,
2183 839 89 29 1897.

2946 836 135 29 Price—
3083 836 85 29 ONE
3186 836 153 29 PENNY.

2904 1998 205 42 MASHIIE
3157 1996 201 43 IBE3US

2863 2062 123 49 fum.
3021 2060 71 56 1/-
3122 2072 75 48 |*r
3236 2060 156 49 itezm*

3123 2180 42 21 AT

2869 2327 187 34 EAST
3105 2328 294 33 OXFORD

3014 2948 251 47 NOTICE.
3304 2956 6 4 '

2867 3047 97 44 Job
2984 3046 233 57 Printing
3228 3050 11 42 !

3040 3116 100 44 Job
3162 3116 242 57 Printing

2909 3179 172 30 OXFOKD
3139 3179 224 31 OBSEEYEE

2853 3231 2 23 1
2949 3230 162 38 Machine
3140 3230 180 50 Printing-

2853 3278 1 42 !
3046 3287 167 39 WORKS

2853 3344 1 14 l
2909 3336 89 25 MAIN
3035 3337 143 28 STREET,
3214 3337 148 25 OXFORD.

2853 3367 2 24 I

2936 3414 128 30 lOINE
3118 3414 211 45 -pRINTING

2853 3486 4 24 *
2941 3488 35 30 In
2991 3489 73 39 Any
3077 3487 128 42 Variety
3220 3499 34 19 or
3272 3489 96 35 Style*

2871 3539 309 42 MGIOBIAL
3227 3539 182 43 CAESS

2899 3591 53 40 (m
2967 3602 69 17 new
3052 3592 61 27 and
3128 3591 105 28 chaste
3247 3592 137 38 designs)

3055 3635 44 40 5/-
3110 3647 57 28 per
3190 3637 65 29 doz.

2853 3681 6 11 r

2853 3710 6 19 l
2955 3699 175 30 Statement
3148 3699 114 37 Heads,

2956 3739 71 31 Ball
3040 3739 226 41 Programmes.

2853 3782 8 37 $
2958 3781 135 33 Posters,
3108 3782 178 38 Handbills,

2956 3821 169 38 Billheads,
3149 3824 139 40 Cheque.*

2961 3863 105 31 Letter
3081 3865 59 29 and
3150 3864 81 32 Note
3244 3866 107 31 Heads

2958 3904 169 38 Circulars,
3149 3905 120 36 Menus,

2958 3944 196 42 Catalogues,
3170 3948 54 30 &c.
3236 3948 76 39 ,&<?.,
3336 3949 56 32 &c,

2874 4004 91 40 Hew
2979 4004 123 44 Styles
3116 4005 39 40 m
3168 4005 165 53 Visiting
3345 4009 82 42 ap*,

2853 4086 11 36 L
2994 4063 168 45 Susiness
3178 4058 249 74 C^3s7^^|

2876 4124 40 34 B.
2939 4125 44 32 H.
3001 4125 125 38 Parish,
3184 4114 243 57 ProprietjHH

2959 4184 71 37 the
3048 4189 183 33 NEWFiST
3255 4160 172 84 ST^^H

2853 4256 15 23 a
2878 4236 35 35 m
2924 4238 137 35 TYPES
3076 4243 64 31 and
3151 4221 276 52 eHJNAHF.JB

2387 969 364 44 IMPORTANT

2309 1076 82 29 ALL
2421 1076 121 31 WOOL
2566 1077 169 30 EOSLYN
2757 1077 84 30 AND

2344 1151 296 32 WELLINGTON
2664 1152 150 32 TWEED

2351 1270 67 40 35/-
2437 1270 84 31 Suits
2537 1271 146 30 Reduced
2692 1274 33 26 to
2749 1270 66 40 25/-

2350 1331 69 40 --4-
2461 1356 20 14 „
2567 1356 19 12 „
2671 1356 18 12 „
2756 1331 67 40 35/-

2350 1380 149 30 Trousers
2514 1382 61 28 and
2591 1380 73 30 Vest
2730 1380 73 38 13/6

2544 1439 52 21 AT

2336 1492 196 31 PAEISH'S
2560 1493 88 30 East
2673 1493 143 29 Oxford.

2311 1652 55 43 G.
2398 1652 79 42 W.
2499 1650 40 43 J.
2573 1648 273 44 PARSONS

2373 1732 247 25 MONUMENTAL
2666 1731 127 25 MASON.

2361 1793 66 31 Beg
2433 1793 37 31 3to
2491 1800 129 17 announce
2638 1792 57 25 that
2707 1792 32 24 he
2751 1791 47 25 has

2313 1841 170 25 REMOVED
2509 1841 43 24 TO
2577 1843 31 24 56
2638 1840 49 25 and
2712 1841 31 23 58
2763 1839 85 25 MAN-

2424 1890 162 26 CHESTER
2605 1889 134 36 STREET

2414 1951 130 32 (Opposite
2572 1951 71 24 Scott
2666 1949 83 33 Bros,)

2314 2022 81 31 Every
2411 2021 152 31 description
2575 2021 26 24 of
2612 2020 175 25 Monumental
2801 2019 48 24 and

2329 2069 98 24 Marble
2446 2068 76 25 Work
2539 2067 130 26 Executed
2688 2069 26 23 at
2734 2067 100 25 Lowest
2864 2062 6 30 1

2538 2118 88 25 Rates.

2443 2163 139 31 Telephone
2599 2163 48 24 No.
2666 2163 57 24 682.

2438 2223 91 25 Oxford
2563 2224 90 30 Agent,

2533 2277 32 24 E.
2585 2277 34 23 H.
2639 2276 131 24 PARISH

2320 2441 45 42 J.
2388 2441 53 42 T.
2470 2441 201 51 Brown,
2693 2441 41 42 &
2756 2441 96 43 Sob

2372 2506 113 20 TIMBER
2494 2507 19 20 &
2523 2506 73 21 COAL
2610 2506 183 21 MERCHANTS.

2494 2544 166 22 IMPORTBJEtS

2320 2582 34 26 Of
2383 2582 142 26 TIdIBER
2554 2584 55 25 and
2639 2582 49 27 All
2718 2583 88 25 Kinds
2829 2582 29 26 of

2372 2628 188 27 BUILDING
2586 2628 222 27 MATERIALS.
2869 2645 2 16 ,

2509 2674 153 27 CORNER
2866 2662 4 54 j

2319 2716 165 25 COLOMBO
2525 2717 19 24 &
2573 2716 98 25 TUAM
2701 2716 154 25 STREETe

2478 2760 194 25 CETRtSTOHtJBOH

2319 2953 224 26 PREVENTION
2560 2954 33 24 IS
2609 2954 139 25 BETTER
2760 2953 92 26 THAN

2551 2994 104 24 CURE.

2319 3066 93 57 NOW
2432 3067 53 23 that
2497 3066 43 25 the
2551 3066 131 24 Influenza
2694 3066 128 31 Epidemic
2833 3066 21 24 is
2867 3075 3 16 <

2391 3099 76 24 about
2487 3099 41 24 the
2546 3099 182 31 neighbouring
2746 3099 109 24 districts

2319 3140 30 16 no
2362 3132 74 24 home
2448 3132 88 24 should
2548 3131 31 24 be
2589 3132 105 24 without
2706 3132 43 24 the
2769 3132 83 31 Platy-

2319 3173 45 23 pus
2368 3165 87 24 Brand
2467 3165 25 24 of
2504 3165 155 31 Eucalyptus
2669 3165 122 24 Globulus
2803 3165 49 23 Ex-

2319 3200 63 22 tract
2394 3200 26 22 to
2432 3198 30 24 be
2474 3198 76 24 taken
2562 3206 68 23 upon
2647 3205 80 24 mgar,
2749 3206 28 16 or
2793 3198 26 23 m
2840 3205 15 16 a

2319 3231 63 25 little
2394 3230 72 25 milk.
2501 3231 52 23 The
2565 3234 66 21 most
2645 3231 148 24 convenient
2805 3231 50 23 and

2320 3271 111 30 pleasant
2443 3278 53 24 way
2508 3274 26 20 to
2546 3270 57 24 take
2626 3269 156 32 Eucalyptus
2793 3269 22 24 is
2827 3269 27 24 m

2319 3304 31 24 be
2361 3303 120 31 Platypus
2493 3303 87 24 Brand
2600 3303 27 24 of
2644 3303 145 31 Euacyptus
2810 3302 44 24 Ju-

2316 3336 82 31 jubes,
2408 3336 59 30 they
2480 3344 41 16 are
2528 3336 27 23 m
2565 3336 62 23 such
2636 3343 16 16 a
2658 3335 125 31 palatable
2790 3335 64 24 form

2319 3369 112 31 pleasant
2473 3369 26 24 to
2532 3369 71 27 taste,
2645 3367 131 32 antiseptic
2806 3367 49 25 and

2319 3402 139 24 stimulant.
2504 3401 116 32 Sprinkle
2642 3409 63 23 your
2731 3401 124 25 handker-

2318 3435 68 24 chief
2394 3434 50 25 and
2462 3442 85 17 rooms
2558 3434 59 25 with
2637 3435 43 23 the
2698 3433 41 25 oil.

2319 3488 27 24 BE
2356 3487 59 25 SURE
2422 3487 43 24 YOU
2475 3486 119 25 PURCHASE
2602 3486 47 25 THE
2658 3486 116 25 PLATYPUS
2782 3486 75 25 BRAND

2397 3532 31 24 R.
2441 3531 92 24 Parish
2544 3531 83 31 Agent
2638 3530 39 25 for
2690 3530 101 25 Oxford.
2869 3540 2 8 •

2318 3576 76 24 Office
2403 3575 37 24 No
2451 3576 13 21 9
2478 3574 136 25 Cathedral
2630 3582 36 23 sq.
2679 3573 180 25 Christchurch
2869 3572 2 9 '

2316 3682 171 50 WATCH
2528 3660 160 110 g*|f
2714 3680 145 49 CLOCK

2440 3837 303 35 FITTED

2582 3895 30 18 At

2338 3922 183 46 Parish's
2551 3931 103 36 East
2678 3932 162 44 Oxford.

2372 4009 76 38 gk
2502 4009 319 49 simiitib:,

2323 4080 88 46 zinc,
2434 4082 70 39 tin,
2540 4083 66 38 and
2627 4084 112 37 sheet
2761 4085 103 37 steel

2327 4244 41 35 All
2379 4254 74 26 kinas
2464 4254 29 26 of
2507 4256 97 31 Pura^
2615 4256 79 26 Mxed
2705 4258 23 23 &
2744 4257 124 34 Rop&fretl

2381 4292 10 27 .-.;
2400 4307 8 8 ..
2440 4290 30 23 at
2481 4289 51 26 the-
2538 4283 112 39 shortest
2661 4288 93 29 notice.
2782 4312 4 2 .
2826 4305 10 6 -
2867 4303 3 13 ;

1754 968 80 51 H.
1861 969 63 52 J.
1942 970 351 53 LAMING

1849 1055 348 34 SADDLER

1990 1101 63 20 AND

1756 1137 290 39 HARNESS
2082 1138 211 38 MAKER

1902 1206 72 24 Nea?.
1993 1207 151 29 Saleyards,

1787 1269 129 39 ©■IP
1916 1270 6 11 1
2092 1272 43 24 13
2167 1265 49 31 *T%

1755 1338 92 24 Orders
1865 1338 49 24 and
1930 1339 94 30 repairs
2041 1339 127 32 promptly
2177 1339 116 26 executed

1906 1374 26 22 at
1952 1372 86 25 lowest
2066 1376 76 25 rates,

1860 1424 139 30 HORSE
2028 1426 162 30 COVERS

1778 1483 89 29 made
1883 1487 31 26 to
1931 1484 90 29 order
2041 1485 61 28 and
2124 1485 150 39 repaired,

1774 1544 22 23 A
1819 1544 70 25 stock
1901 1544 27 25 of
1937 1545 83 24 Horse
2037 1545 124 26 Medicine
2173 1555 31 16 on
2216 1546 77 31 hand,

1809 1598 190 27 SOLOMON'S
2017 1600 174 26 SOLUTION
2206 1602 40 24 &c.

1856 1769 351 42 W£TCttW*K£fc

1759 1837 147 22 WORKING
1928 1837 174 26 JEWELLER,
2112 1837 186 26 OPTICIAN,&c

1829 1890 79 38 MAIN
1940 1890 138 44 STREET,
2096 1890 128 38 OXFORD

1815 1962 73 47 W.
1905 1964 60 44 H.
1988 1962 251 45 ALFORD

1758 2046 258 26 JEWELLERY
2029 2047 32 23 of
2067 2052 94 25 every
2169 2047 129 30 descrip-

1759 2091 67 25 tion
1841 2090 90 25 made
1946 2092 33 23 to
1997 2090 99 31 order,
2120 2090 126 30 altered,
2265 2095 35 20 or

1939 2134 161 32 Repaired.

1796 2225 465 42 £t£CTItO-I>MT£

1972 2276 90 36 and

1764 2329 215 41 QUIIDINQ
2004 2329 134 40 WOW
2164 2328 138 41 BONE,

1778 2409 92 31 Pipes
1888 2408 147 27 Mounted
2061 2409 61 23 and
2138 2408 152 30 Repaired

1763 2449 68 22 OLD
1841 2449 92 21 GOLD
1954 2449 69 20 AND
2031 2448 121 20 SILVER
2164 2447 142 22 BOUGHT

1795 2483 172 32 Spectacles
1983 2485 33 23 to
2037 2483 60 24 suit
2110 2484 41 23 all
2168 2482 103 29 sights,

1826 2538 72 32 W.
1925 2538 52 38 H,
2011 2536 230 33 ALFORD

1923 2588 76 25 East
2018 2587 129 26 Oxford.

2003 3025 61 22 FOR

1766 3064 179 32 ASTHMA
1969 3067 26 30 &
2021 3067 281 45 -BRONCHITIS.

2002 3124 79 26 USB*.

1830 3169 165 39 PLATYPUS
2030 3172 212 39 EUCALYPTUS

1932 3223 38 23 la.
1988 3230 44 24 per
2049 3223 89 26 bottle.

1900 3401 268 45 NOTICE.

2011 3477 66 27 TO

1779 3520 365 41 WAIMAKARIRI-ASHLEY
2175 3522 114 39 WATER

1842 3583 126 37 SUPPLY
1990 3582 241 38 CONTRACTORS

1790 3649 56 22 Just
1853 3649 105 22 received
1967 3657 15 14 a
1988 3651 158 26 consignment
2155 3650 23 21 of
2195 3651 81 27 strong

1764 3719 259 42 MOLESKIN
2051 3719 251 43 TROUSERS

2001 3790 46 15 AND

1785 3824 242 41 COTTON
2057 3827 101 40 SHI
2166 3824 118 42 RTB

1766 3904 53 39 for
1835 3904 94 50 price
1945 3904 71 39 and
2030 3904 145 50 quality
2188 3904 65 39 not
2267 3904 37 39 to

1931 3965 43 46 lie
1995 3972 131 40 beaten

1817 4034 34 39 A
1879 4034 136 51 Special
2035 4034 115 51 Cheap
2173 4033 84 41 Line

1766 4102 59 32 fßff
1830 4102 35 32 WL
1872 4103 29 31 W-'
1914 4102 30 32 ft
1954 4112 36 22 ■#
2013 4102 66 32 Wl'
2100 4105 25 29 ft
2139 4104 122 30 Wlil
2274 4103 24 31 T

1850 4311 74 16 ""■'■■"
1968 4310 12 10 ■'
2011 4313 3 3 ■
2040 4309 41 12 '■■'"■
2085 4311 3 7 !
2112 4321 3 9 !
2133 4313 2 1 '
2142 4316 5 7 :
2147 4313 83 29 *ssm>.

1203 969 178 44 JOHN
1456 969 283 43 INGRAM

1232 1066 49 33 .A
1291 1065 424 34 XJGTIOISrEER

1205 1261 105 25 LICENCED
1330 1261 56 24 LAND
1398 1261 93 28 BROKER,
1506 1260 125 29 VALUATOR,
1647 1261 93 28 ESTATE,

1218 1303 132 28 INSURANCE,
1360 1302 16 24 &
1386 1302 100 25 GENERAL
1496 1303 139 24 COMMISSION
1647 1302 79 25 AGENT.

1204 1348 66 24 Agent
1275 1348 37 24 for
1322 1348 34 19 the
1366 1348 103 19 National
1478 1349 113 19 Insurance
1603 1348 104 26 Company
1722 1352 19 20 o]

1380 1390 50 19 Neio
1446 1390 102 19 Zealand.

1225 1453 172 31 OXFORD
1420 1454 29 28 &
1474 1453 253 31 SHEFFIELD.

1454 1505 33 17 4»

1204 1576 149 26 Fortnightly
1363 1576 98 21 Auction
1472 1576 64 21 Sales
1546 1574 55 22 held
1610 1574 25 21 m
1639 1574 41 22 the
1687 1574 57 21 Mar-

1204 1612 40 20 ket
1253 1611 75 21 Yards
1338 1611 129 24 OXFORD,
1477 1617 69 19 every
1555 1610 82 21 second
1655 1609 90 22 Thurs-,

1206 1644 50 26 day.
1271 1644 107 26 Monthly
1389 1644 63 20 Sales
1461 1644 56 20 held
1526 1644 26 19 at
1560 1644 91 19 Market
1660 1642 78 21 Yards

1206 1676 180 20 SHEFFIELD.
1449 1676 93 20 Private
1560 1675 101 21 Auction
1682 1674 62 20 Sales

1205 1708 143 20 undertaken
1357 1715 46 19 any
1412 1708 53 26 part
1475 1708 24 19 of
1508 1708 41 20 the
1560 1708 103 25 country.
1691 1706 52 20 Pro-

1205 1741 65 25 perty
1281 1740 100 26 Bought,
1391 1739 59 24 Sold,
1461 1746 25 14 or
1495 1740 48 20 Let.
1557 1739 47 20 and
1609 1739 135 20 Valuations

1206 1774 109 26 carefully
1325 1775 72 20 made.
1428 1774 66 21 Land
1503 1774 106 26 Brought
1617 1773 74 20 under
1703 1774 40 20 the

1206 1809 106 20 Transfer
1320 1809 51 24 Act,
1401 1808 126 25 Transfers,
1542 1808 89 25 Leases,
1645 1807 18 21 &
1668 1807 75 21 Deeds

1206 1842 22 19 of
1237 1842 134 25 Mortgages
1385 1841 78 20 dra^u
1471 1848 38 19 up.
1547 1840 83 26 Money
1639 1839 106 21 invested

1207 1874 46 20 and
1261 1874 108 20 obtained
1380 1874 33 20 for
1422 1873 86 21 Clients
1518 1879 29 15 on
1557 1873 129 25 Mortgage.
1705 1871 38 20 In-

1239 1912 95 14 surance
1353 1906 96 20 effected
1465 1912 29 13 on
1504 1905 124 26 Buildings
1638 1904 23 20 of
1670 1910 46 20 any

1282 1938 143 26 description,
1435 1938 47 21 and
1491 1937 62 21 their
1562 1937 111 20 contents.

1209 2096 58 21 HAS
1281 2095 58 21 FOR
1353 2094 72 22 SALE
1441 2093 38 21 BY
1495 2092 126 22 PiUVATE
1634 2091 111 22 TREATI

1352 2147 127 23 Leasehold
1491 2147 37 21 for
1543 2146 58 21 Sale.

1209 2194 40 20 105
1264 2194 70 20 Acres
1358 2192 123 26 Perpetual
1501 2190 126 22 Leasehold
1646 2189 55 21 land
1724 2190 25 20 at

1209 2227 64 19 View
1282 2225 57 24 Hill,
1354 2225 57 20 with
1421 2223 59 27 good
1498 2222 108 26 dwelling
1620 2221 46 21 and
1675 2221 74 21 stable

1209 2258 101 20 thereon.
1350 2258 26 18 50
1386 2261 63 15 acres
1458 2255 25 20 m
1493 2254 99 25 English
1611 2260 73 19 grass,
1698 2253 50 21 well

1209 2289 100 21 watered
1322 2289 46 20 and
1377 2288 59 21 close
1446 2288 24 20 to
1481 2293 14 14 a
1505 2286 82 21 school.

1305 2332 92 20 Annual
1416 2330 66 25 Rent,
1510 2331 34 19 £4-
1558 2328 44 22 17s.
1619 2329 35 20 Od.

1342 2371 45 19 For
1402 2370 50 20 Sale
1469 2375 57 20 very
1542 2368 77 26 cheap.
1660 2376 31 16 .•:•'

1239 2468 35 19 On
1288 2467 96 20 account
1397 2467 56 19 Rev.
1462 2467 22 19 J.
1494 2467 15 19 J
1523 2465 112 25 Pendray.
1653 2465 58 19 Half
1720 2471 30 13 an

1212 2507 51 14 acre
1277 2500 56 20 land
1350 2500 57 20 with
1424 2500 96 25 Cottage
1539 2498 96 21 thereon
1649 2497 101 22 situated

1212 2533 25 19 m
1247 2531 91 22 Church
1348 2531 82 25 Street,
1439 2530 58 22 East
1506 2530 92 22 Oxford.

1240 2604 36 21 On
1285 2604 96 20 account
1399 2603 24 20 of
1432 2603 38 20 Mr
1487 2603 31 20 H.
1535 2602 22 21 J.
1575 2602 104 21 Hawker.
1707 2601 44 21 His

1214 2637 149 28 delightfully
1374 2637 101 21 situated
1481 2636 116 27 properly,
1613 2635 139 27 comprising

1215 2674 25 19 10
1249 2679 63 14 acres
1321 2672 24 20 of
1353 2672 50 20 rich
1411 2672 55 19 land
1475 2672 57 19 with
1547 2672 26 19 10
1581 2670 92 21 roomed
1686 2670 66 19 dwel-

1214 2704 50 26 ling
1277 2704 77 24 house,
1369 2703 94 24 stables,
1478 2702 74 24 sheds,
1570 2702 46 20 and
1634 2708 118 20 necessary

1214 2736 157 26 oxitbuildings
1380 2736 101 23 thereon,
1496 2735 69 20 water
1582 2734 48 20 laid
1639 2740 36 17 on,
1694 2734 58 26 good

1214 2768 96 21 orchard
1319 2768 93 27 garden.
1421 2790 5 2 .
1441 2766 106 21 Situated
1556 2766 25 20 at
1600 2766 58 21 East
1667 2766 85 21 Oxford

1214 2801 159 26 commanding
1391 2808 15 14 a
1414 2800 58 20 view
1491 2799 23 21 of
1523 2799 80 26 nearly
1620 2799 41 21 the
1680 2799 72 21 whole

1214 2833 96 20 district.
1394 2836 19 15 -'-
1419 2833 2 3 '

1322 2886 33 21 To
1372 2886 29 21 be
1421 2885 49 21 sold
1492 2891 55 19 very
1566 2884 77 26 cheap.

1255 2994 36 20 On
1305 2999 102 15 account
1418 2999 27 15 op
1454 2994 41 19 Me
1504 2993 27 20 E.
1541 2992 26 21 B.
1578 2992 131 21 Youngman

1240 3033 28 18 20
1282 3038 62 14 acres
1358 3032 25 20 of
1400 3031 51 20 rich
1473 3030 65 20 Bush
1559 3029 62 24 land,
1646 3029 108 26 partially

1213 3063 95 25 cleared,
1333 3063 47 21 and
1401 3063 52 20 well
1475 3062 105 24 watered,
1613 3061 55 20 with
1690 3061 64 26 large

1214 3097 107 27 dwelling
1334 3098 71 20 house
1418 3097 102 20 thereon.
1555 3095 65 21 Good
1634 3095 92 26 garden.

1320 3138 65 21 Price
1398 3138 50 24 low,
1463 3143 14 14 a
1490 3136 49 21 real
1552 3136 102 27 bargain.

1312 3236 33 20 On
1356 3235 91 21 account
1458 3235 22 19 of
1490 3234 36 20 Mr
1541 3234 124 20 Allfkess.

1243 3279 41 19 His
1293 3284 52 21 very
1353 3278 51 20 nice
1414 3277 113 20 residence
1537 3276 99 26 opposite
1646 3276 38 19 the
1698 3275 56 20 Par-

1215 3317 81 20 sonage
1303 3311 58 20 Ea^t
1366 3309 85 22 Oxford
1457 3309 36 21 for
1499 3309 47 21 sale
1555 3314 56 20 very
1617 3308 78 25 cheap,
1704 3307 51 21 half

1215 3350 51 14 acre
1275 3343 24 20 of
1307 3343 63 23 land,
1380 3342 57 25 good
1447 3341 93 26 garden.

1311 3425 35 19 On
1355 3424 97 20 account
1461 3423 25 20 of
1494 3423 38 20 Mr
1541 3422 26 20 F.
1578 3422 78 21 Tbitt.

1242 3474 44 19 His
1299 3474 102 24 compact
1414 3472 62 20 little
1499 3471 108 26 property
1621 3470 131 27 containing

1216 3512 12 19 6
1230 3511 12 26 J
1265 3517 62 14 acres
1345 3511 24 20 of
1387 3516 56 19 very
1465 3509 50 21 rich
1538 3507 55 21 land
1615 3507 57 21 with
1694 3507 59 27 good

1214 3549 71 21 house
1299 3549 46 20 and
1359 3547 90 26 garden,
1474 3545 101 22 situated
1584 3546 102 20 between
1696 3545 57 21 East

1214 3587 47 20 and
1354 3584 92 22 Oxford.

1295 3687 36 20 On
1340 3686 97 21 account
1447 3685 24 21 of
1486 3686 49 21 Mrs
1549 3682 26 25 li.
1607 3686 64 27 King

1242 3722 78 20 House
1338 3721 46 20 aud
1398 3721 13 20 6
1425 3726 62 15 acres
1507 3721 24 20 of
1554 3721 60 21 land.
1643 3721 109 26 Opposite

1214 3754 37 19 Mr
1261 3753 86 25 Joseph
1357 3752 108 25 Powell's,
1494 3754 56 19 Eavt
1564 3753 91 21 Oxford.

1198 3837 3 24 I
1323 3845 36 20 On
1368 3850 86 16 accoun
1475 3845 25 20 of
1518 3845 38 20 Mr
1569 3845 76 20 Eisele

1242 3879 79 20 House
1340 3878 46 21 and
1404 3879 14 20 3
1435 3885 63 15 acres
1517 3879 24 21 of
1559 3879 62 25 land,
1649 3879 105 26 splendid

1216 3911 102 26 orchard,
1331 3918 79 15 corner
1420 3912 25 21 of
1464 3914 51 26 Bay
1532 3912 66 21 Koad
1607 3913 46 21 and
1662 3913 92 22 Church

1216 3944 83 21 Street.

1199 4115 2 10 1
1242 4114 45 23 For
1299 4114 138 26 particulars
1453 4111 71 30 apply
1536 4114 26 21 to

368 988 162 44 JOHN
562 987 44 44 S.
641 983 213 54 COOKE,

195 1165 105 32 I'FB
344 1162 229 34 Gaskel
618 1157 226 41 Street,
891 1155 128 35 ISO,

466 1224 125 32 (Opposite
631 1222 37 23 the
695 1220 61 31 AI,)

1204 1262 2 23 I

470 1290 278 29 CHRISTCHURCH.

38 1356 138 31 Allow
214 1359 67 24 me
317 1352 43 30 to
391 1347 160 33 submit
573 1347 45 30 to
646 1351 109 34 your
787 1338 311 35 consideration
1119 1336 73 33 the

38 1404 214 38 following
299 1399 272 41 Specialities,
618 1396 55 31 all
717 1394 43 31 of
790 1391 148 36 which,
971 1389 122 38 being
1119 1395 73 30 my

36 1460 98 24 own
151 1446 321 42 compounding,
497 1445 16 31 I
536 1451 78 25 can
638 1439 258 39 confidently
912 1434 279 35 recommend,

38 1503 159 38 having
226 1497 276 39 successfully
524 1494 104 33 used
651 1493 118 32 them
791 1491 63 32 for
877 1495 115 26 some
1014 1494 178 33 years:—

172 1569 12 21 I
202 1575 36 14 am
248 1564 147 30 exceedingly
408 1564 124 21 successful
541 1563 24 20 m
577 1569 35 20 my
621 1561 110 22 remedies
750 1560 36 20 for
795 1559 65 19 these
870 1557 145 26 complaints,
1035 1556 59 19 have
1105 1561 14 14 a
1128 1555 64 25 large

120 1623 31 4 ■—
202 1617 96 20 nmnber
322 1615 23 21 of
368 1613 158 22 testimonials.

40 1658 83 26 NEW
141 1653 151 28 REMEDY
310 1652 71 25 FOR
398 1650 104 26 LIVER
517 1646 238 28 COMPLAINTS
770 1644 74 26 AND
861 1641 265 29 INDSGESTION-

174 1692 55 20 This
248 1691 41 19 lias
303 1690 57 20 been
383 1688 52 20 well
453 1688 83 22 tested,
551 1686 46 20 and
605 1686 42 19 has
665 1684 87 26 proved
764 1683 83 26 highly
870 1681 155 25 satisfactory.

36 1729 151 30 GOLDEN
204 1726 123 27 CROSS
344 1723 206 28 NEURALGIA
567 1720 193 29 MIXTURE-

173 1766 36 26 By
222 1764 74 21 -which
310 1764 41 21 the
364 1762 54 27 pain
431 1762 21 23 is.
466 1761 76 24 cured,
572 1766 51 15 ease
633 1757 112 25 obtained,
758 1758 32 25 by
804 1763 14 14 a
832 1757 43 20 few
889 1756 71 21 doses.

38 1803 221 29 CHILDREN'S
275 1799 203 28 WHOOPING
494 1797 160 26 COUGH-

174 1841 45 19 For
227 1839 73 21 which
318 1838 13 20 I
341 1837 58 20 have
413 1836 41 21 the
467 1836 52 21 best
532 1835 99 20 mixture
644 1834 26 19 m
684 1831 168 25 Christchurch,
867 1832 63 26 gives
941 1830 84 27 speedy
1031 1833 4 11 :
1038 1829 67 21 relief
1106 1844 4 5 .

44 1877 198 30 DIARRHCEA
260 1876 74 26 AND
361 1872 226 28 DYSENTERY
642 1870 27 26 m
689 1869 115 26 Infants
821 1869 57 25 and
894 1867 136 27 Adults-

170 1911 13 19 T
197 1917 42 13 can
255 1909 51 19 o-ive
320 1915 14 13 a
349 1907 48 21 safe
411 1906 46 20 and
470 1905 84 26 speedy
569 1911 52 14 cure
635 1905 32 25 by
682 1910 14 13 a
710 1903 44 20 few
769 1902 70 20 doses.
1051 1905 17 7 "'
1185 1912 7 12 .;

40 1952 76 24 Sore
134 1948 101 26 Heads
251 1947 17 19 &
286 1947 107 30 Legs—
787 1940 64 36 'f,^
930 1951 33 16 ,-■*•

175 1984 74 20 Cured
262 1984 32 23 by
308 1989 29 12 an
351 1980 119 26 agreeable
484 1979 47 20 and
543 1978 105 26 pleasant
665 1977 146 24 application,
826 1977 48 18 also
890 1975 96 20 relieves
999 1980 61 19 pain.

35 2022 193 33 Suparlative
254 2019 130 26 Mixture
394 2016 48 25 for
458 2015 60 26 Bad
530 2013 154 33 Coughs-

170 2058 84 26 Brings
269 2062 63 19 away
353 2055 101 25 phlegm,
470 2054 72 25 allays
554 2052 137 23 irritations,
705 2051 46 20 and
768 2050 93 26 quickly
875 2056 73 14 cures.

39 2093 144 28 Eureka—

174 2130 21 20 A
209 2136 52 14 sure
271 2135 53 14 cure
337 2128 36 21 for
382 2127 32 21 all
423 2126 68 20 kinds
500 2124 23 22 of
537 2124 51 21 skin
601 2123 122 21 irritation.

40 2167 184 25 CHILDREN'S
238 2164 169 23 TASTELESS
422 2161 161 24 TEETHING
597 2159 175 23 POWDEES—

176 2204 48 21 The
243 2204 53 20 best
318 2203 26 20 m
367 2196 151 31 Cantfefkiry,
542 2206 14 14 a
579 2199 57 21 trial
649 2198 47 20 will
719 2203 71 21 prove
814 2196 26 21 it.
869 2196 82 26 highly
981 2195 172 22 recommended
1166 2195 31 26 by

43 2244 95 21 medical
165 2248 59 14 men.

44 2275 173 28 Bronchitis
233 2273 58 26 and
308 2272 158 26 Asthma—

174 2311 110 22 Believed
297 2311 46 20 and
356 2308 174 30 rapidly'cured
542 2308 32 27 by
587 2314 39 21 my
639 2307 86 21 Acacia
739 2311 111 15 mixture.

54 2352 170 25 nfluenza—

177 2387 76 21 Cured
266 2386 37 21 for
317 2387 31 19 2s.
364 2385 35 21 Gd.
428 2384 123 21 Hundreds
567 2390 42 15 can
623 2382 82 26 testify
719 2382 26 20 to
766 2381 41 21 the
825 2380 58 26 good
897 2379 89 26 quality
1000 2379 25 21 of
1037 2379 49 20 this
1100 2378 99 21 mixture

144 2436 614 40 COISrSTJT_,T^-TIOTSrS
797 2434 207 33 FRIDE-

137 2509 291 27 PRESCRIPTIONS
445 2508 120 31 carefully
583 2507 50 23 and
650 2504 112 29 correctly
780 2503 135 30 dispensed.

151 2747 39 19 BY
219 2745 127 21 SPECIAL
444 2730 299 47 'V^/#^^S>
902 2733 229 23 APPOINTMENT-

105 2841 396 39 PATRONISED
527 2840 77 38 BY
630 2834 161 42 LADY
832 2829 314 45 GLASGOW,

216 2916 56 13 ■■^>^
413 2913 36 12 ■»»
472 2913 43 10 *»^
538 2911 35 12 *»
600 2911 34 11 »»
663 2910 101 13 v^.-r-^
781 2913 42 7 —-'
847 2911 40 8 -r-'
907 2911 37 14 -~r
971 2906 35 10 vv

43 3013 154 32 Awarded
220 3012 102 31 Silver
344 3009 61 31 and
428 3010 122 30 Bronze
572 3005 118 32 medals
713 3004 62 30 and
797 3002 83 31 First
901 3001 87 31 Class
1015 2999 185 30 Exhibition

106 3093 183 30 certificates
311 3094 32 26 at
365 3088 127 36 Kelson,
524 3086 137 41 Sydney,
693 3083 184 31 Melbourne
901 3081 59 31 and
982 3081 155 30 Dunedin.

224 3170 454 91 PERTH
767 3165 280 89 DYE

366 3280 503 94 WOBKB

85 3545 75 52 A.
200 3536 519 60 ROBERTSON
747 3531 197 57 AND
967 3527 197 64 GO'S,

66 3640 433 51 GLOUCESTER
520 3639 89 46 ST.
639 3630 544 53 CHRISTCHURCH.

309 3709 217 43 [OPPOSITE
548 3709 81 32 GAS
652 3706 86 32 COS
765 3704 179 40 OFFICE-]

92 3788 57 29 We
169 3786 62 38 beg
252 3788 33 26 to
308 3791 160 22 announce
491 3782 31 30 to
544 3781 53 29 the
619 3780 199 29 Inhabitants
840 3777 33 31 of
894 3776 125 31 Oxford
1040 3776 63 29 and
1128 3785 74 20 sur-

51 3842 154 40 rounding
226 3838 139 32 districts
386 3837 70 31 that
477 3836 50 30 Mr
558 3837 30 31 J.
611 3836 31 32 J.
665 3835 128 31 Weeber
812 3833 58 31 has
905 3832 110 41 kindly
1037 3832 163 32 consented

51 3909 33 26 to
104 3903 125 29 become
250 3904 58 22 our
329 3890 97 33 Local
446 3893 113 39 Agent.
604 3893 160 38 Messages
778 3892 62 29 and
855 3889 42 32 all
919 3889 96 40 goods
1043 3890 60 31 left
1127 3892 75 30 with

52 3951 64 33 him
136 3950 62 33 will
212 3949 120 32 receive
352 3958 56 21 our
422 3950 124 38 prompt
568 3946 164 31 attention.

393 4036 35 31 A.
471 4033 249 34 ROBEB.TSON
747 4033 27 30 &
797 4030 62 33 CO.

54 4119 310 81 BRANCHES
391 4119 69 79 IN
478 4114 234 84 NELSON
724 4114 51 81 &
795 4114 404 79 WELLINGTON

247 4225 164 46 AGE&TJS
452 4237 84 31 AMi
567 4235 125 35 QTBB/
721 4231 293 37 TKEcCOIiOKY

27 63 34 28 xr!
80 59 26 34 £
122 70 3 3 •

26 98 26 28 O
86 95 22 33 5

26 132 27 28 q
87 132 20 13 «•
207 129 24 23 n

28 176 39 29 £>■
75 156 33 45 ■'%
143 173 24 26 z
187 174 4 4 '
207 177 24 32 p
265 165 4 7 '

22 222 46 31 .c
87 223 21 28 t
123 249 4 3 .
161 242 3 2 ■
207 221 26 38 s

92 381 25 18 Hi'
212 391 24 13 rr>

92 401 21 36 8
143 421 3 2 ■
165 411 4 3 ■
211 391 25 44 &

34 453 79 55 o.|
148 468 23 15 «
211 465 26 36 a

93 554 20 36 g
148 558 24 14 «
212 562 25 20 EH

36 619 25 16 M
80 627 35 14 .a,
