3446 4547
2854 1208 84 45 The
2966 1208 167 45 Oxford
3161 1208 252 45 Obserber.

2854 1253 296 108 PUBLISHED
3183 1253 230 108 WEEKLY.

2914 1363 163 21 SATURDAY
3104 1363 93 20 August
3217 1364 64 19 23th,
3311 1361 53 22 1897

2943 1496 95 25 ONLY
3056 1496 91 31 FISH,
3166 1496 68 25 NOT
3260 1496 86 24 MEN.

2910 1564 54 24 The
2976 1564 49 25 fish
3037 1572 63 17 were
3111 1564 96 31 getting
3223 1563 94 32 packed
3327 1562 84 30 closer,

2877 1602 50 23 and
2936 1602 43 24 the
2990 1602 110 31 struggle
3122 1603 27 23 to
3166 1602 85 24 obtain
3263 1609 14 16 a
3302 1602 57 23 bare
3372 1609 41 16 ex-

2877 1642 91 23 istence
2980 1649 52 16 was
3044 1641 66 31 daily
3122 1640 110 32 growing
3244 1640 96 24 harder.
3378 1640 36 24 To

2877 1689 31 16 an
2920 1680 119 25 onlooker
3050 1682 41 22 the
3102 1687 85 18 reason
3199 1688 51 17 was
3261 1679 77 32 plain.
3363 1679 52 24 Tho

2876 1718 49 25 fish
2948 1719 51 24 had
3025 1719 103 31 granted
3158 1719 42 24 the
3223 1718 56 25 best
3303 1718 27 25 of
3351 1718 66 24 their

2877 1760 88 23 waters
2995 1761 25 23 to
3046 1759 40 24 the
3109 1758 60 25 Pike
3192 1758 92 30 family,
3314 1758 100 31 leaving

2877 1799 147 25 themselves
3036 1799 45 24 but
3092 1799 183 31 impoverished
3297 1799 117 24 shallows

2876 1837 49 24 and
2936 1837 110 24 crowded
3056 1837 69 31 pools
3144 1837 27 23 m
3183 1837 81 24 which
3287 1840 26 21 to
3326 1836 87 24 search

2875 1877 37 24 for
2924 1877 43 24 the
2978 1877 67 31 daily
3056 1877 65 25 food.

2909 1916 21 24 A
2954 1916 110 30 meeting
3092 1924 50 16 was
3169 1915 79 25 called
3276 1919 24 21 to
3328 1915 84 25 devise

2876 1955 84 24 mean's
2971 1954 27 26 of
3018 1954 77 30 relief,
3114 1954 49 24 and
3181 1958 25 20 to
3225 1953 140 25 endeavour
3385 1956 26 22 to

2874 1995 68 25 solve
2954 1995 43 25 the
3016 1995 116 24 intricate
3143 1994 112 32 problem
3267 1994 25 24 of
3307 1994 57 24 how
3385 1997 26 22 to

2873 2035 100 32 provide
3002 2035 42 25 the
3073 2035 157 32 opportunity
3260 2034 38 25 for
3321 2034 35 26 all
3384 2037 26 22 to

2874 2075 82 24 obtain
2968 2083 13 15 a
2993 2073 80 25 better
3084 2074 49 24 and
3144 2074 79 24 easier
3234 2074 87 32 living.

2907 2113 55 25 The
2973 2112 56 26 first
3041 2112 100 32 speaker
3153 2112 81 26 stated
3256 2112 58 25 that
3333 2114 26 23 to
3371 2112 40 25 his

2874 2153 68 24 mind
2954 2153 43 25 the
3008 2160 74 17 cause
3094 2152 27 25 of
3129 2152 44 24 the
3185 2152 96 25 trouble
3293 2160 49 17 was
3354 2153 57 24 that

2873 2190 71 28 there
2967 2199 51 19 was
3042 2195 40 23 too
3106 2200 77 24 many
3205 2193 57 23 fish,
3292 2194 118 31 (cheers).

2874 2231 75 25 TJntil
2967 2230 44 26 the
3034 2230 155 33 superfluous
3211 2230 49 24 fish
3284 2238 63 18 were
3369 2233 42 30 got

2873 2272 39 22 rid
2924 2272 26 23 of
2960 2272 43 23 the
3015 2271 94 24 trouble
3132 2270 83 24 would
3237 2276 32 24 go
3292 2270 65 28 on,;..
3357 2277 52 24 aye,

2865 2323 4 11 ;
2874 2308 77 25 would
2980 2307 120 26 increase.
3143 2307 140 33 .(Renewed
3307 2308 104 31 cheers.)

2874 2348 92 25 Would
2976 2356 49 24 any
3037 2348 27 25 of
3081 2348 42 24 the
3135 2348 45 24 fish
3192 2348 56 24 who
3260 2348 102 24 cheered
3382 2356 29 17 so

2867 2388 177 35 uproariously
3056 2388 80 25 admit
3159 2387 56 26 that
3227 2388 59 32 they
3309 2395 104 25 person-,

2874 2428 50 32 ally
2936 2437 63 16 were
3011 2429 157 31 superfluous
3178 2430 12 23 ?
3207 2428 41 25 He
3269 2429 91 30 paused
3373 2428 38 24 for

2874 2477 15 16 a
2901 2470 77 30 reply.
3013 2468 25 25 It
3050 2476 51 17 was
3122 2469 53 31 just
3187 2477 26 16 as
3237 2468 33 24 he
3281 2468 128 31 expected.

2874 2508 61 25 Fish
2954 2516 64 17 were
3040 2508 95 31 willing
3156 2510 26 23 to
3206 2516 42 23 cry
3270 2510 45 23 out
3337 2507 75 26 about

2875 2548 220 31 over-population,
3141 2547 46 25 but
3215 2548 31 23 he
3269 2555 75 17 never
3371 2550 42 29 yet

2874 2587 71 26 knew
2957 2595 15 17 a
2983 2587 51 26 fish
3056 2587 77 25 admit
3144 2588 57 25 that
3220 2588 33 24 he
3275 2588 139 32 personally

2874 2634 51 17 was
2954 2626 163 31 superfluous.
3168 2626 36 24 As
3231 2626 39 23 for
3297 2626 114 29 himself,

2874 2664 120 32 speaking
3005 2664 214 32 conscientiously,
3237 2664 33 24 he
3282 2664 72 25 knew
3363 2665 50 24 and

2874 2704 44 25 felt
2929 2704 32 25 he
2973 2712 52 17 was
3044 2705 94 30 greatly
3149 2703 95 26 needed
3244 2719 32 3 —
3279 2704 101 33 (hisses)
3383 2719 32 5 —

2874 2742 45 26 but
2937 2742 71 25 there
3030 2750 64 18 were
3116 2742 50 25 fish
3187 2743 29 24 he
3240 2742 73 26 could
3338 2751 76 17 name
3424 2768 2 2 .

2873 2781 57 26 who
2940 2781 22 24 if
2971 2782 33 23 he
3015 2780 51 25 had
3077 2780 40 25 his
3129 2789 60 22 way.
3226 2781 79 31 (Cries
3317 2781 27 24 of

2874 2819 109 32 down,*')
3102 2826 41 16 are
3363 2819 50 23 and

2874 2857 108 33 uproar.)

2907 2895 57 24 The
2989 2896 61 23 next
3079 2894 103 31 speaker
3209 2894 51 24 had
3295 2894 118 25 travelled

2874 2933 76 24 about
2961 2940 15 17 a
2988 2934 70 30 great
3081 2932 61 25 deal
3147 2932 85 31 lately,
3258 2932 49 25 and
3318 2932 95 31 plainly

2874 2980 50 17 saw
2925 2976 4 14 :
2953 2973 56 24 that
3037 2972 61 32 they
3119 2980 63 17 were
3206 2972 120 32 suffering
3348 2971 64 26 from

2873 3013 155 31 production.
3082 3013 87 33 (Hear,
3199 3013 88 33 Hear.)
3331 3013 80 25 There

2873 3062 65 16 were
2949 3056 41 22 too
3011 3062 75 23 many
3110 3055 64 29 good
3185 3055 96 29 things,
3307 3055 49 22 and
3368 3055 45 23 the

2873 3093 73 25 Pikes
2957 3093 51 25 had
3025 3093 103 25 assured
3146 3095 51 22 him
3218 3094 59 30 they
3300 3094 49 23 had
3370 3093 42 25 ab-

2874 3131 106 32 solutely
3000 3140 69 16 more
3093 3133 57 23 than
3175 3132 58 31 they
3256 3132 74 24 could
3354 3140 57 16 con-

2874 3178 78 16 sume.
2972 3170 31 32 (&
3016 3171 67 23 voice
3095 3179 7 15 :
3190 3170 72 24 don't
3273 3172 42 29 get
3326 3172 86 31 any.'")

2874 3210 40 24 He
2938 3210 143 24 denounced
3103 3210 44 24 the
3164 3210 174 31 interruption,
3363 3211 50 23 and

2874 3248 113 31 despised
2999 3248 42 24 the
3053 3248 161 31 interruptee.
3250 3248 40 25 He
3303 3248 50 24 had
3368 3252 45 22 not

2874 3289 80 23 learnt
2967 3288 44 24 tho
3023 3288 56 24 first
3090 3287 83 25 lesson
3193 3288 27 24 of
3237 3288 40 24 his
3290 3290 73 26 class,
3385 3291 27 23 to

2874 3328 29 24 be
2916 3330 109 23 content.
3059 3328 37 24 To
3114 3327 112 31 proceed.
3263 3328 40 24 He
3327 3328 84 24 main-

2874 3366 83 24 tained
2969 3365 56 25 that
3037 3365 70 24 there
3125 3373 50 16 was
3196 3367 41 23 too
3255 3366 76 23 much
3354 3366 59 25 food

2874 3420 32 4 —
2907 3405 37 25 for
2955 3404 43 26 the
3009 3404 75 26 Pikes
3234 3405 87 34 Hear.)
3357 3406 26 24 If
3392 3407 21 24 it

2875 3454 60 17 were
2948 3447 42 23 not
3000 3445 38 25 for
3059 3445 44 25 the
3114 3444 74 26 Pikes
3199 3448 77 22 water
3288 3447 83 23 would
3380 3449 31 22 be

2875 3484 137 27 abundant,
3030 3483 49 22 and
3090 3483 57 23 that
3159 3483 77 23 would
3250 3484 29 23 be
3296 3484 115 25 disaster-

2875 3529 53 16 ous.
2964 3521 124 31 (Cheers.)
3122 3521 26 24 It
3160 3520 79 25 would
3251 3529 32 23 go
3295 3521 71 25 down
3386 3523 27 23 m

2875 3560 72 24 value
2956 3559 48 24 and
3016 3559 58 24 ruin
3084 3558 81 26 would
3173 3559 115 25 overtake
3291 3575 30 3 —
3324 3568 14 16 a
3345 3560 68 25 voice

3100 3598 50 24 and
3180 3598 145 32 sensation.)
3373 3599 40 25 He

2877 3638 78 25 called
2975 3645 33 17 on
3029 3638 43 24 the
3092 3635 133 27 constable'
3231 3640 25 22 to
3280 3640 56 22 turn
3357 3638 58 25 that

2877 3677 48 24 fish
2936 3678 52 22 out.
3025 3675 152 33 (Vociferous
3189 3677 102 31 cheers.)
3338 3677 34 23 As
3384 3678 31 23 he

2877 3723 51 17 was
2940 3714 95 32 saying,
3053 3714 59 31 they
3126 3714 81 24 would
3232 3720 40 19 not
3284 3715 74 25 value
3371 3716 43 24 the

2878 3757 74 22 water
2962 3762 28 16 so
3001 3754 87 31 highly
3098 3755 85 23 unless
3194 3754 65 24 their
3266 3756 88 29 supply
3364 3763 51 17 was

2877 3794 59 31 kept
2958 3794 104 24 limited.
3100 3793 158 32 (Applause.)
3293 3794 40 24 He
3357 3803 58 16 con-

2877 3833 139 34 gratulated
3027 3834 69 24 them
3107 3841 33 17 on
3151 3833 43 25 the
3206 3834 141 25 endurance
3356 3836 61 24 with

2878 3875 79 25 which
2968 3874 58 31 they
3037 3875 72 23 faced
3120 3874 66 24 their
3194 3874 118 26 troubles.
3343 3876 72 32 They

2879 3922 62 16 were
2952 3913 97 32 worthy
3061 3921 59 17 sons
3131 3912 28 26 of
3167 3914 72 24 noble
3253 3914 68 24 sires.
3370 3915 47 25 Let

2879 3954 71 23 them
2978 3953 30 23 be
3031 3953 74 24 brave
3127 3953 92 31 during
3241 3954 52 25 this
3317 3958 101 26 present

2880 3991 79 28 crisis,
2978 3990 49 25 and
3049 3998 76 17 avove
3136 3989 43 31 all,
3201 3989 31 26 be
3244 3994 110 25 content,
3380 3994 38 23 for

2881 4031 58 31 they
2962 4038 63 17 were
3037 4038 73 17 never
3130 4038 28 17 so
3170 4030 56 25 well
3246 4030 37 25 off
3302 4031 27 24 m
3354 4031 65 25 their

2881 4071 68 25 lives.
2985 4070 136 32 (Immense
3132 4070 134 34 cheering.)
3295 4091 3 2 .

2915 4108 54 26 The
2980 4109 68 25 third
3059 4108 103 33 speaker
3174 4108 53 26 said
3249 4109 33 25 he
3293 4118 52 17 was
3357 4111 64 26 tired

2882 4151 27 24 of
2917 4149 51 26 this
2980 4149 96 26 eternal
3084 4149 52 26 talk
3146 4150 75 24 about
3232 4152 85 23 water.
3345 4152 75 24 Some

2882 4191 28 23 of
2922 4189 42 25 the
2985 4189 51 25 fish
3048 4189 100 25 seemed
3170 4191 26 23 to
3215 4189 63 25 have
3289 4192 78 23 water
3389 4199 33 17 on

2884 4230 42 24 tho
2936 4229 79 25 brain.
3049 4229 70 32 They
3129 4229 75 25 could
3223 4232 46 23 not
3280 4231 36 24 all
3335 4230 50 26 live
3396 4232 27 25 m

2881 4270 47 24 'the
2938 4271 85 24 water.
3060 4267 158 37 (Latighsr.)
3253 4270 42 25 He
3306 4271 117 31 appealed

2886 4313 26 22 to
2923 4310 41 25 his
3082 4310 42 25 the
3145 4310 111 32 snritnp;'
3276 4311 97 33 ''(Rbars
3373 4314 1 22 i
3397 4314 28 25 of

2882 4348 141 33 tla'ughtert)
3054 4348 132 32 »Anyway,<
3210 4349 46 25 the
3267 4351 75 24 water
3353 4359 72 24 qnes-

2854 4405 11 13 r
2886 4389 54 31 tipn
2961 4396 53 18 was
3032 4388 27 26 of
3079 4389 84 26 minor
3183 4389 164 33 importance,
3376 4393 49 25 and

2853 4442 2 10 •
2888 4430 91 26 should
2990 4438 93 24 occupy
3105 4434 23 21 a^
3132 4430 162 27 subordinate
3316 4433 71 30 place
3398 4433 27 25 m

2879 4493 4 2 .
2891 4471 66 22 their
2968 4471 120 35 political;
3096 4471 134 35 >platfprm»
3255 4489 3 3 .
3265 4472 158 32 (Applause.}

1204 43 169 31 OXFORD
1411 43 229 32 OBSERVER
1684 43 240 36 SATURDAY,
1966 44 174 32 AUGUST
2185 46 39 29 28
2269 44 79 31 1897

3015 176 266 47 NOTICE.

2882 267 192 59 PERSONS
3086 268 78 26 found
3181 266 152 32 trespassing
3355 266 58 25 with

2956 301 48 31 dog
3015 308 28 18 or
3054 308 49 23 gun
3121 309 33 17 on
3171 302 42 24 the
3233 299 178 25 WORLING-

2875 334 78 25 HAM
2965 334 132 24 ESTATE
3107 335 101 24 without
3220 333 54 24 first
3283 332 128 31 obtaining
3422 346 19 7 -

2875 368 147 30 permission
3035 369 24 23 to
3072 367 31 25 do
3119 375 34 21 so,
3175 366 52 25 will
3248 365 29 25 be
3296 370 114 26 prosfccu-
3436 373 5 18 •;

2875 400 49 25 ted.
3250 419 3 2 .

3009 465 29 24 P.
3058 465 34 24 H.
3111 463 160 26 JOHNSON

3108 529 182 31 Worlingham.

3013 653 78 42 TO
3122 653 140 43 LET.

2879 753 30 75 2
2933 750 179 31 BOOMED
3127 749 146 31 HOUSE
3295 750 60 29 and
3368 750 43 38 A\

2933 801 84 20 acres
3046 792 33 29 of
3107 790 81 37 land,
3213 790 132 29 situated
3375 791 33 28 m

2878 832 83 39 High
2976 832 111 35 Street,
3103 830 75 30 East
3190 830 129 35 Oxford,
3335 840 75 19 near

2875 873 53 29 the
2950 872 118 30 School.
3089 891 31 7 .--.

3006 945 80 31 Apply
3094 947 36 30 ,|io
3147 969 14 4 ..
3175 969 3 3 .
3236 961 3 12 ;

3140 1009 32 23 D.
3190 1008 128 24 BURKE.

3095 1074 64 25 East
3176 1074 101 25 Oxford.

2284 194 36 14 ■'--
2451 183 259 47 NOTICE.
2773 193 63 4 ■•-

2515 304 20 24 is
2559 304 92 33 hereby
2687 304 80 30 given,
2789 304 55 23 that

2401 335 34 24 all
2447 335 60 31 dogs
2527 336 77 24 found
2624 344 32 16 on
2669 344 42 23 my
2731 338 112 31 property

2308 375 31 16 on
2352 368 49 23 and
2422 368 62 25 after
2496 368 50 26 this
2565 367 57 25 date
2635 369 49 24 will
2706 368 28 25 be
2747 368 57 25 shot
2816 376 28 17 or

2284 404 4 11 !
2307 401 125 30 poisoned.

2474 461 39 23 W.
2533 461 130 24 WILKIE
2682 461 59 24 Jun.

2570 521 64 24 East
2651 520 99 25 Oxford.

2308 571 96 32 August
2416 573 43 24 7th
2471 573 73 25 1897.

2441 691 259 46 NOTICE-

2309 800 86 57 ALL
2406 808 103 23 persons
2519 801 76 25 found
2608 801 58 25 with
2682 802 48 32 dog
2741 810 29 15 or
2792 810 55 22 gun.

2367 840 32 17 on
2411 832 123 26 LUE.RS'
2554 834 72 25 Bush
2636 834 60 25 land
2717 835 62 24 after
2790 834 53 25 this

2307 865 58 25 date
2376 865 52 24 will
2442 867 28 23 be
2478 867 153 30 prosecuted.

2341 898 38 24 No
2396 905 48 17 one
2467 899 101 24 allowed
2591 901 25 23 to
2638 899 58 26 take
2717 899 124 30 firewood,

2307 931 82 24 scakes
2407 932 41 23 &c.
2469 933 63 23 from
2553 933 53 23 said
2629 933 64 23 bush
2714 933 63 25 fron
2799 933 44 23 the

2308 963 45 25 7th
2365 964 25 23 of
2402 965 99 31 August
2513 966 63 23 until
2587 965 92 24 further
2686 965 89 24 notice.

2473 1029 114 25 LUERS
2605 1031 19 22 &
2643 1029 137 25 BROWN.

2336 1156 48 44 J.
2412 1156 47 44 J.
2498 1156 316 54 WEEBER,

2288 1286 1 6 ,
2309 1266 67 29 OIL,
2395 1265 119 29 COLOR,
2542 1265 118 30 GLASS,
2690 1265 154 25 VARNISH

2382 1319 72 23 AND
2472 1318 300 25 PAPERHANGINGS

2465 1373 230 27 WAREHOUSE.

2308 1438 84 58 JJ.
2420 1438 150 25 WEEBER
2598 1439 27 23 m
2653 1438 120 31 thanking
2802 1438 43 24 the

2340 1490 7 5 .
2366 1471 119 24 residents
2503 1471 28 24 of
2554 1470 139 25 OXFORD
2719 1470 52 25 and
2793 1478 51 16 sur-

2308 1511 124 31 rounding
2461 1510 107 25 districts
2593 1510 37 24 for
2660 1509 65 25 their
2746 1509 99 26 favours

2309 1552 90 32 during
2409 1552 43 25 the
2463 1553 58 29 past
2542 1552 31 23 18
2591 1558 78 24 years.
2706 1550 99 25 Wishes
2825 1551 21 24 it

2309 1597 24 20 to
2345 1593 31 24 be
2393 1592 56 25 well
2468 1592 89 25 known
2576 1591 56 25 that
2655 1591 32 24 he
2707 1591 46 24 has
2773 1591 70 31 given

2309 1641 33 23 up
2360 1633 32 24 all
2413 1632 96 25 outside
2528 1631 76 29 work,
2623 1631 49 23 and
2695 1630 101 25 intends
2819 1632 27 22 to

2307 1673 87 24 devote
2405 1671 40 25 his
2457 1672 61 23 time
2536 1674 26 21 to
2574 1670 43 25 the
2636 1669 139 25 Wholesale
2795 1669 50 25 and

2307 1712 71 25 retail
2390 1711 69 26 trade
2470 1713 26 23 at
2507 1711 83 29 home,
2608 1709 82 26 where
2707 1710 30 24 he
2749 1709 48 25 will
2817 1709 28 25 be

2307 1751 57 31 glad
2375 1752 25 23 to
2411 1758 39 17 see
2472 1749 34 25 all
2524 1749 42 25 his
2577 1748 42 25 old
2641 1749 136 24 customers
2795 1748 50 24 and

2307 1789 83 33 plenty
2402 1789 26 25 of
2437 1796 54 18 new
2509 1795 68 17 ones.
2626 1810 2 4 ,

2357 1855 99 24 Picture
2476 1854 91 24 frames
2585 1852 73 25 made
2676 1854 26 23 to
2713 1852 79 24 order.

2439 2019 270 47 NOTICE.

2305 2120 22 57 I
2345 2119 54 33 Beg
2416 2121 26 23 to
2463 2118 91 26 infoim
2576 2119 44 25 the
2646 2117 155 26 inhabitants
2818 2116 26 27 of

2341 2153 96 24 Oxford
2445 2153 50 23 and
2507 2152 42 24 the
2559 2151 84 31 public
2650 2151 125 31 generally
2786 2149 57 26 that

2305 2186 14 25 I
2330 2186 60 25 have
2403 2185 74 25 taken
2496 2193 59 17 over
2567 2184 43 25 the
2632 2184 118 25 Business
2766 2183 77 32 lately

2305 2219 94 25 carried
2418 2226 33 17 on
2474 2217 32 33 by
2531 2217 59 30 MR,
2611 2217 28 25 C.
2660 2217 30 25 A.
2716 2215 125 29 TYLER,

2306 2250 106 27 General
2434 2250 104 30 Carrier,
2557 2250 51 25 and
2629 2252 65 23 trust
2717 2250 39 30 by
2771 2249 71 25 strict

2305 2284 125 25 attention
2441 2285 27 23 to
2480 2283 115 25 business
2613 2284 25 22 to
2650 2282 73 24 merit
2742 2288 15 17 a
2768 2280 75 26 share

2305 2316 26 26 of
2340 2315 84 33 public
2434 2317 109 30 support.
2627 2338 4 4 .
2672 2328 27 13 ■-.;
2725 2327 19 14 i:.

2306 2381 109 26 Covered
2425 2381 69 26 Vans
2507 2380 49 26 will
2567 2388 48 17 run
2625 2379 66 26 from
2703 2378 139 26 OXFORD

2303 2449 3 13 i
2321 2452 3 2 •
2346 2445 2 2 •
2415 2441 25 22 to
2458 2438 273 26 CHRISTCHURCH

2305 2498 93 29 every
2427 2487 189 38 MONDAY,
2644 2485 198 31 WEDNES-

2366 2565 89 32 DAY
2479 2563 86 33 AND
2602 2563 175 32 FRIDAY.

2503 2618 141 32 Returning

2306 2663 210 36 TUESDAY,
2543 2661 235 32 THURSDAY
2815 2661 28 29 &

2455 2742 241 32 SATURDAY.

2305 2818 132 26 Furniture
2449 2817 51 24 and
2519 2816 77 32 goods
2608 2816 26 24 of
2652 2823 72 23 every
2737 2814 104 31 descrip-

2304 2851 53 24 tion
2368 2850 96 32 packed
2487 2851 49 23 and
2555 2848 117 25 removed
2688 2852 27 19 at
2735 2847 108 24 shortest

2308 2892 5 3 ■
2337 2898 1 1 ■
2390 2884 1 1 '
2528 2882 90 24 notice.

2310 2928 3 6 1
2403 2925 136 32 Receiving
2550 2925 77 25 Order
2635 2935 4 11 ;
2651 2924 54 24 Box
2716 2925 27 23 at

2305 2959 40 24 Mr
2360 2958 142 26 Earnshaw
2652 2957 70 27 West
2740 2955 100 25 Oxford.

2304 2992 25 26 J.
2342 2991 25 26 J.
2381 2992 102 26 Weeber
2657 2990 65 25 East
2739 2988 101 25 Oxford.

2304 3025 34 26 H.
2357 3025 129 26 Davidson
2569 3024 122 25 Bennetts
2697 3023 143 25 'Junction.

2305 3059 28 25 C.
2351 3059 31 25 A.
2401 3059 73 31 Tyler
2705 3055 135 32 Raugiora.

2305 3092 31 24 R.
2355 3092 34 24 H.
2407 3092 121 31 Hodgson
2702 3117 3 3 .
2771 3088 69 25 Cust.

2321 3146 54 25 The
2387 3147 76 24 above
2474 3153 101 24 waggon
2592 3152 48 17 run
2660 3145 26 24 m
2707 3143 118 31 conjunc-

2369 3179 54 25 tion
2435 3179 61 25 with
2514 3178 145 25 TYLER'S
2670 3185 105 24 waggon

2348 3212 84 25 which
2442 3212 83 25 leaves
2547 3210 180 25 RANGIORA
2746 3209 51 24 and

2305 3244 273 26 CHRISTCHURCH
2589 3251 72 23 every
2678 3242 55 31 day,
2758 3242 83 24 orders

2304 3278 46 25 left
2361 3280 26 23 at
2404 3277 46 27 the.
2458 3277 126 31 following
2594 3277 83 31 places
2696 3276 28 23 m
2745 3275 95 24 Chrisl-

2304 3311 95 25 church
2413 3311 52 25 will
2484 3310 96 35 rejeeive
2596 3313 100 28 prompt
2716 3308 127 25 attention

2304 3362 32 23 E.
2350 3361 79 24 Recce
2442 3362 18 23 &
2474 3360 61 26 Son.
2669 3358 121 25 Colombo
2803 3358 38 25 St.

2304 3393 155 25 Rotherfield
2476 3392 78 26 Hotel
2637 3392 91 24 Cashel
2749 3391 92 25 Street.

2305 3427 24 25 J.
2347 3426 31 25 B.
2397 3426 106 25 Watson
2589 3425 134 26 Cathedral
2736 3425 105 31 Square.

2306 3461 47 24 130
2372 3459 110 25 Kilmore
2501 3460 89 25 Street.
2620 3458 144 31 Telephone
2792 3458 47 25 727

2362 3528 47 43 J.
2442 3526 275 53 CARTER,

2517 3620 192 29 FERNHILL,

2514 3693 103 31 EAST
2641 3692 186 31 OXFORD.

2520 3826 27 29 (a
2564 3823 70 33 card)

2306 3884 167 33 MESSRS
2510 3884 232 32 JOHNSTON
2757 3884 88 31 AND

2509 3959 135 32 MILLS.

2472 4027 211 25 SOLICITORS.

2310 4091 283 30 CHRISTCHUROH,
2622 4091 179 26 RANGIORA
2830 4093 17 22 &

2505 4154 148 26 OXFORD.

2343 4220 42 24 Mr
2396 4219 127 25 Johnston
2543 4220 50 24 will
2611 4219 87 25 attend
2709 4218 95 25 Oxford
2815 4226 32 17 on

2312 4252 77 25 Court
2414 4251 61 33 days
2498 4252 51 25 and
2567 4253 58 25 Sale
2645 4252 60 32 dajs
2717 4251 50 31 an,d
2789 4259 58 23 may

2310 4285 32 25 be
2354 4285 129 25 consulted
2507 4288 26 21 at
2544 4286 41 24 Mr
2601 4286 60 24 Lee'
2665 4293 11 16 s
2693 4292 56 17 new
2753 4282 7 5 *
2767 4284 79 30 Store,

2312 4315 71 27 Main
2393 4317 83 26 Street
2489 4317 101 26 Oxford.

2283 4355 2 32 !
2335 4356 3 14 !
2348 4361 166 26 Ghristclmrch
2524 4362 108 31 Office—
2634 4361 120 32 Onposite
2766 4361 81 25 Union

2283 4406 2 8 '
2305 4394 89 29 'Bank,
2404 4394 129 29 Hereford;
2542 4394 93 29 Stre.et,
2656 4386 18 38 *.-
2688 4402 12 19 :-.
2734 4411 3 7 .
2769 4407 78 14 :..:.

2284 4455 2 9 r
2314 4441 4 8 :
2336 4440 136 29 ißangiora
2493 4439 107 32 Office—
2603 4439 64 25 Next
2686 4441 26 23 to
2725 4439 42 26 Mr
2789 4438 30 27 A.
2832 4439 15 24 P

2314 4472 118 24 Tutton's
2449 4472 108 23 Auction
2576 4472 90 23 Room.
2709 4488 3 3 .
2743 4484 62 12 ■.,■

1863 478 77 44 W.
1977 479 184 44 FREE

1742 557 65 30 Begs
1819 559 26 23 to
1856 559 92 25 inform
1955 560 44 25 the
2011 561 84 24 Public
2103 561 26 24 of
2139 562 138 25 OXFORD

1742 599 55 25 that
1816 601 30 24 he
1872 601 45 24 has
1938 603 94 24 started
2052 603 114 26 business
2184 605 28 24 m
2235 606 42 23 the

1742 642 69 25 Main
1831 643 90 29 Street,
1940 645 99 25 WEST
2058 646 146 31 OXFORD,
2223 655 28 17 as
2263 655 14 17 a

1741 685 157 31 Bootmaker,
1933 687 50 24 and
2009 688 77 30 hop*s
2109 688 32 31 by
2163 691 114 23 constant

1741 726 144 25 attendance
1897 730 27 22 to
1941 728 115 26 business
2075 731 27 23 m
2115 731 43 24 the
2176 731 101 25 interest

1741 769 27 25 of
1785 770 38 24 his
1841 773 136 23 customers
1997 774 27 23 to
2044 775 73 23 merit
2135 783 15 15 a
2169 774 73 25 share
2254 775 23 24 of

1741 812 66 25 their
1818 814 142 25 confidence
1972 815 50 24 and
2034 818 111 29 support.

1774 855 39 25 All
1827 855 74 26 kinds
1913 857 27 24 of
1958 857 75 25 Boots
2046 859 49 24 and
2121 859 73 26 shoes
2206 861 71 24 made

1741 897 32 25 to.
1785 895 76 26 order.

1774 939 103 31 Repairs
1903 942 83 29 neatly
2015 941 49 24 and
2088 944 123 31 promptly
2237 951 40 17 ex-

1741 982 95 24 ecuted.

1767 1080 256 22 EXTEA.OEDINAEY
2037 1083 213 23 OPPORTUNITY.

1739 1145 82 22 FEOM
1832 1146 61 20 THE
1902 1147 139 21 FAOTOEST
2050 1148 109 22 DIEECT
2169 1149 35 21 TO
2216 1150 61 20 THE

1929 1173 164 22 CUSIOMEE.

1740 1209 66 50 ODE
1827 1208 111 27 Company
1962 1210 20 20 is
1995 1211 78 26 selling
2095 1212 66 21 direct
2189 1214 22 20 to
2242 1214 35 20 the

1783 1237 113 23 customer,
1912 1237 51 20 thus
1976 1240 113 24 procuriug
2100 1241 35 18 for
2145 1240 37 20 the
2191 1241 65 20 latter
2267 1246 10 15 a

1740 1263 77 20 double
1837 1269 109 19 economy,
1966 1264 92 26 namely,
2079 1266 37 19 the
2131 1267 64 25 profit
2206 1268 23 18 of
2243 1268 34 20 the

1740 1289 113 20 wholesale
1863 1290 75 24 dealer,
1957 1291 44 19 and
2011 1291 37 20 the
2064 1298 58 14 more
2133 1293 144 21 considerable

1740 1322 39 15 one
1780 1327 8 19 t
1790 1316 22 19 of
1822 1316 36 19 the
1868 1316 62 19 retail
1941 1316 77 24 dealer,
2042 1319 128 24 amounting
2182 1320 22 19 to
2222 1320 55 19 from

1739 1343 30 20 ss.
1798 1348 13 14 o
1818 1343 47 20 ,£lO
1874 1347 57 20 upon
1941 1348 13 14 a
1964 1342 70 27 single
2041 1344 76 21 watch.
2131 1344 73 22 Eetail
2211 1346 66 21 watch

1739 1369 83 20 dea'ers
1832 1370 44 19 and
1894 1369 111 26 jewellers,
2017 1371 85 25 usually
2115 1372 79 27 selling
2214 1372 38 21 but
2267 1380 10 13 a

1738 1396 39 19 few
1790 1396 92 20 watches
1893 1396 64 26 daily,
1973 1403 36 14 are
2028 1397 71 20 forced
2117 1399 25 20 to
2164 1399 63 20 wake
2251 1406 26 14 an

1738 1422 165 26 extraordinary
1917 1423 65 24 profit
1992 1430 57 17 upon
2068 1425 53 18 each
2136 1431 40 12 one
2190 1426 48 19 sold
2256 1427 21 17 m

1738 1447 63 21 Order
1813 1450 22 18 to
1846 1448 75 28 defray
1930 1455 110 20 expenees.

1765 1474 43 21 We
1827 1477 158 20 manufacture
1993 1482 25 14 as
2028 1481 44 16 our
2086 1478 120 27 speciality
2225 1479 52 26 only

1739 1502 96 26 sterling
1849 1502 69 22 silver
1927 1509 25 14 or
1971 1502 54 27 gold
2032 1504 156 23 stemwinders
2218 1506 59 26 (key-

1742 1529 33 20 lss
1788 1530 100 20 watches.
2249 1542 2 9 :

1767 1555 47 21 The
1824 1556 84 28 keyless
1924 1558 137 21 mechanism
2070 1559 23 20 of
2107 1560 94 21 watches
2209 1561 19 20 is
2237 1567 40 15 one

1740 1584 21 20 of
1775 1582 38 23 the
1823 1591 56 15 most
1890 1586 121 26 importart
2021 1587 44 20 and
2075 1587 72 20 useful
2155 1588 122 20 inventions

1740 1612 21 19 of
1777 1612 91 21 modern
1888 1614 74 22 times,
1990 1613 87 20 instead
2091 1614 23 19 of
2128 1615 112 26 fumbling
2256 1615 21 19 m

1739 1640 61 19 one's
1809 1639 92 25 pockets
1917 1642 22 17 to
1948 1640 47 21 find
2010 1640 41 21 the
2067 1640 49 25 key,
2133 1642 69 19 which
2216 1642 61 20 when

1739 1666 69 19 found
1823 1666 18 19 is
1855 1668 59 18 most
1927 1666 83 27 always
2019 1667 62 20 filled
2090 1667 54 20 with
2154 1667 53 21 du-t
2213 1667 64 22 -this

1740 1694 21 19 of
1771 1700 78 14 course
1860 1694 66 26 being-
1941 1694 131 20 transfeired
2085 1695 25 19 to
2124 1695 40 20 the
2177 1695 73 20 -watch
2253 1706 24 3 —

1740 1725 41 16 one
1792 1721 40 20 has
1842 1720 42 21 J.ufc
1893 1721 24 20 to
1928 1721 54 20 turn
1992 1726 10 15 a
2015 1720 95 22 knurled
2121 1721 81 21 button
2211 1722 66 20 fitted

1738 1748 25 19 to
1772 1749 40 19 the
1826 1748 102 26 pendant
1945 1748 32 26 (or
1987 1748 66 27 ring),
2064 1748 53 20 thus
2127 1749 102 27 winding
2238 1749 39 21 the

1740 1775 71 21 watch
1830 1775 46 21 and
1905 1775 130 27 regulatiDg
2055 1775 38 21 the
2110 1776 72 20 hands
2195 1777 32 26 by
2237 1777 40 21 the

1739 1809 62 14 same
1810 1808 84 16 means.

1766 1831 48 19 Our
1823 1831 97 21 watches
1939 1838 38 14 are
1987 1832 142 25 everywhere
2146 1831 131 26 recognised

1738 1857 25 20 to
1772 1857 29 21 be
1820 1857 40 21 the
1873 1858 52 20 best
1941 1859 25 19 m
1984 1859 41 20 the
2035 1859 95 23 market,
2145 1859 132 26 surpassing

1738 1884 33 20 all
1781 1885 76 20 others
1867 1885 31 26 by
1917 1885 40 21 the
1967 1886 113 26 precision
2090 1885 24 21 of
2132 1885 62 21 their
2203 1892 74 15 move-

1738 1912 75 20 ments
1832 1918 25 14 as
1875 1912 53 21 well
1936 1920 26 14 as
1981 1913 30 26 by
2029 1913 62 22 their
2105 1919 109 20 accuracy
2232 1915 45 20 and

1738 1939 130 26 cheapness.

1766 1965 47 21 Our
1821 1966 94 27 factory,
1929 1967 61 21 since
1999 1968 31 20 its
2035 1967 137 21 foundation
2180 1968 26 20 m
2216 1968 61 25 1852,

1738 1994 42 20 has
1791 1994 95 26 aqtiired
1894 2000 14 14 a
1919 1995 141 20 world-wide
2070 1995 147 26 reputation,
2232 1996 45 19 and

1738 2021 108 21 obtained
1854 2021 41 21 the
1905 2022 93 26 highest
2008 2022 88 20 awards
2114 2022 59 20 from
2187 2022 32 21 all
2237 2022 40 21 the

1738 2048 127 26 important
1879 2048 151 22 Exhibitions.
2060 2050 35 19 No
2108 2050 74 19 watch
2201 2050 76 21 leaves

1739 2082 41 14 our
1792 2076 12 20 f
1804 2076 78 26 actoi'y
1894 2076 97 21 without
2006 2077 87 26 having
2101 2076 57 21 been
2168 2077 109 26 carefully

1739 2103 119 20 examined
1872 2104 45 19 and
1933 2104 100 25 verified,
2047 2104 55 21 thus
2121 2104 69 27 being
2208 2104 69 27 ready

1738 2130 37 21 for
1784 2130 131 22 immediate
1926 2137 44 14 use.
1999 2132 64 21 Each
2072 2137 42 15 one
2124 2132 20 19 is
2158 2132 44 26 put
2210 2138 32 20 up
2252 2132 25 21 m

1739 2165 29 13 an
1778 2159 92 25 elegant
1879 2159 121 20 silk-lined
2009 2165 57 19 case,
2083 2159 46 20 and
2143 2165 134 21 accompan-

1738 2185 39 20 ied
1785 2186 29 25 by
1826 2191 15 14 a
1848 2186 114 26 warranty
1971 2186 36 21 for
2015 2186 67 21 three
2091 2192 70 20 years.

1766 2212 48 21 The
1819 2213 73 26 buyer
1900 2219 52 20 may
1958 2214 77 20 return
2045 2220 45 19 any
2097 2214 22 19 of
2129 2221 41 13 our
2179 2214 98 20 watches

1738 2240 82 20 within
1828 2240 36 19 six
1882 2240 91 21 months
1987 2237 81 24 should
2086 2240 41 21 the
2145 2241 73 20 latter
2235 2242 42 20 not

1738 2266 73 22 afford
1820 2267 48 20 him
1876 2267 41 21 the
1926 2268 60 20 most
1995 2268 111 25 complete
2113 2266 151 23 satisfaction.'

1766 2294 38 19 All
1813 2294 93 19 articles
1916 2294 50 19 sold
1985 2299 38 16 are
2034 2294 111 21 delivered
2161 2294 50 25 post
2220 2293 55 25 free,

1738 2321 46 19 and
1794 2320 102 20 Customs
1910 2320 58 26 duty
1976 2320 56 27 paid
2046 2321 25 20 to
2081 2326 45 21 any
2140 2321 54 26 part
2203 2320 24 21 of
2236 2321 41 21 the

1738 2346 76 25 world,
1830 2346 54 21 thus
1894 2348 97 20 without
2010 2348 40 20 the
2060 2348 108 26 slightest
2186 2348 91 21 trouble

1739 2381 25 14 or
1773 2374 118 26 formality
1898 2374 24 21 to
1931 2375 42 20 the
1981 2376 106 19 receiver.

1765 2401 39 20 All
1817 2402 88 26 repairs
1924 2402 84 26 during
2025 2402 41 21 the
2085 2402 65 21 three
2169 2409 65 19 years
2253 2402 24 20 of

1739 2429 124 26 guarantee
1883 2435 38 14 are
1940 2429 111 21 executed
2065 2429 180 27 gratuitously,
2259 2429 18 20 if

1738 2457 41 19 the
1797 2456 75 20 watch
1893 2456 29 21 be
1938 2457 126 20 forwarded
2081 2457 25 20 to
2125 2463 41 13 our
2183 2456 94 21 London

1738 2483 68 20 office.
1868 2501 4 2 .
2265 2491 4 13 j

1738 2510 48 20 The
1809 2509 117 27 following
1944 2516 39 14 are
2006 2510 55 20 cash
2083 2510 74 26 prices
2176 2510 101 21 without

1738 2536 111 22 discount.

2209 2565 21 19 £
2257 2570 20 14 a..

1737 2597 3 3 •
1764 2590 28 20 A.
1803 2590 162 26 Stem-winder,
1973 2590 97 27 sterling
2073 2590 75 24 silver,
2156 2590 49 20 hall

1819 2617 100 25 marked,
1932 2617 103 27 jewelled
2044 2617 25 21 m
2078 2618 13 20 6
2101 2618 94 24 actions,

1820 2645 83 25 crystal
1910 2645 62 26 glass
1981 2652 15 14 a
2005 2645 80 26 strong
2091 2645 46 21 and
2141 2645 53 20 dur-

1818 2671 51 21 able
1882 2672 76 20 watch
2007 2687 23 5 ...
2044 2677 3 12 i
2249 2674 27 19 12

1738 2698 54 21 A.A.
1802 2698 48 21 The
1870 2705 61 15 same
1948 2700 58 20 with
2034 2699 82 21 double
2138 2699 70 21 silver

1821 2731 49 15 case
1884 2726 122 27 (Hunter),
2024 2726 116 27 elegantly
2156 2732 38 15 en-

1805 2753 93 27 graved.
1938 2769 23 6 ...
1992 2753 77 22 ...*...
2101 2769 23 6 ...
2155 2769 23 5 ...
2248 2756 28 20 18

1763 2784 3 4 ■
1776 2781 87 20 B.Gold
1873 2781 159 24 stem-winder,
2042 2781 49 21 hall
2105 2781 99 24 marked,

1741 2817 49 16 ;...■■.
1820 2808 80 26 strong
1908 2809 90 25 keyless
2005 2809 81 24 action,
2096 2807 103 28 jewelled

1818 2835 25 19 m
1848 2836 123 23 Inactions,
1980 2835 118 26 with.gold
2107 2835 88 21 or.steel

1740 2873 3 2 -
1802 2861 97 25 -hands,
1912 2862 66 20 small
1993 2863 82 20 second
2093 2862 53 23 dial,
2156 2867 38 15 en-

1794 2905 2 3 .
1820 2889 85 25 grayed
1918 2889 25 20 m
1961 2889 125 22 beautiful-
2095 2889 98 25 designs,

1769 2917 4 3 '
1806 2911 2 6 '
1818 2916 82 26 engine
1908 2917 84 20 turned
2001 2922 26 14 or
2034 2917 64 26 plain
2106 2915 90 27 polish-

1736 2946 14 14 ■■•'
1769 2950 23 10 --:■•
1797 2952 4 4 -
1818 2942 43 24 cd,'
1875 2943 58 20 with
1950 2950 138 19 monogram,
2110 2941 84 24 initial,

1818 2975 59 15 arms
1886 2970 30 20 &c
2120 2985 23 6 ...
2208 2969 12 19 2
2262 2970 13 19 0

1736 2995 55 21 8.8.
1811 2995 45 21 The
1874 3002 60 16 same
1962 3004 25 14 as
2003 2997 25 25 B,
2051 2997 52 21 with
2119 2998 75 24 strong

1818 3023 77 21 doable
1903 3024 50 25 gold
1968 3030 55 19 case,
2042 3031 29 14 an
2088 3024 104 21 excellent

1818 3051 43 20 and
1872 3057 49 20 very
1931 3052 83 25 elegant
2025 3052 133 26 timekeeper.
2171 3068 21 5 ...
2205 3053 13 19 3
2249 3052 27 20 10

1765 3077 23 20 0.
1799 3077 69 21 Eoxal
1874 3077 155 28 chronograph,
2044 3080 24 19 18
2079 3081 58 18 carat
2142 3080 51 25 gold

1819 3106 57 19 most
1901 3106 98 25 superior
2020 3106 80 25 keyless
2123 3112 69 14 move-

1820 3132 66 24 ment,
1911 3134 22 18 of
1956 3132 36 21 the
2016 3134 58 19 most
2093 3136 99 17 accurate

1818 3159 169 26 workmanship,
2006 3160 43 21 and
2068 3165 40 15 one
2118 3160 22 19 of
2158 3160 37 20 the

1820 3185 47 22 best
1878 3187 164 25 wear-resisting
2053 3187 91 20 watches
2155 3202 23 5 ...
2207 3188 15 18 4

1738 3211 49 21 CO.
1797 3211 45 21 The
1857 3220 60 13 same
1926 3214 69 20 watch
2006 3214 52 20 with
2067 3214 76 19 double
2150 3214 44 20 and

1821 3240 59 20 extra
1890 3241 76 24 strong
1975 3247 54 17 case,
2040 3241 96 20 18-carat
2143 3240 51 25 gold

1820 3266 130 26 artistically
1968 3268 109 24 engraved,
2102 3268 92 24 engine-

1820 3294 77 21 turned
1907 3300 24 14 or
1948 3294 60 26 plain
2022 3294 103 26 polished;
2141 3294 52 21 with

1820 3327 145 20 monograms,
1979 3321 88 24 initials,
2079 3321 36 20 &c.
2155 3337 22 4 ...
2208 3322 13 19 6
2249 3322 27 19 10

1766 3348 26 19 D.
1814 3347 103 27 Imperial
1926 3348 101 20 calendar
2037 3348 155 24 chronometer,

1821 3375 96 20 18-carat
1940 3374 55 25 gold,
2018 3374 120 25 indicating
2157 3375 37 19 the

1820 3401 48 25 day,
1878 3402 36 19 the
1923 3402 66 23 week,
1999 3400 38 21 the
2046 3401 83 25 month,
2147 3401 45 20 and

1819 3428 49 20 date
1886 3428 22 20 of
1917 3429 85 23 month,
2011 3428 98 26 jewelled
2123 3429 24 20 m
2157 3428 35 21 18-

1820 3455 91 25 --actions,
1930 3456 51 19 with
1991 3456 32 20 all
2032 3456 36 19 the
2077 3456 66 20 latest
2151 3455 42 21 im-

1820 3484 145 24 provements
1988 3483 47 20 and
2056 3483 136 22 inventions,

1820 3515 43 12 one
1872 3510 24 17 of
1905 3510 40 18 the
1954 3510 52 19 best
2015 3509 45 19 and
2065 3510 57 18 most
2131 3514 62 21 mag-

1820 3535 93 22 nificent
1916 3536 99 21 watches
2021 3536 173 20 manufactured

1820 3562 56 20 such
1886 3569 25 14 as
1926 3569 38 14 are
1974 3569 69 14 never
2053 3562 49 21 sold
2120 3562 30 26 by
2161 3569 33 14 re-

1820 3589 44 21 tail
1873 3589 86 22 dealers
1968 3590 36 21 for
2013 3590 45 21 less
2067 3590 57 20 than
2133 3590 47 21 i>2s
2209 3591 26 20 10
2263 3592 14 19 0

1766 3616 39 20 All
1814 3622 41 14 our
1863 3618 98 20 watches
1970 3623 39 15 are
2016 3618 172 20 manufactured
2197 3618 25 20 m
2231 3619 46 20 two

1739 3642 106 22 different
1853 3644 42 24 size
1895 3644 22 24 3,
1930 3644 64 27 large
2003 3644 46 21 and
2058 3644 68 20 small
2136 3644 46 26 (for
2190 3645 87 26 gentle-

1740 3677 52 13 men
1811 3670 46 21 and
1879 3672 90 26 ladies,)
1992 3672 97 20 without
2113 3672 121 21 difference
2254 3673 23 20 of

1739 3697 68 26 price.

1767 3724 45 21 Old
1820 3725 106 24 watches,
1940 3726 39 20 old
1988 3725 54 28 gold
2051 3725 46 21 and
2114 3725 70 21 silver
2193 3726 48 20 will
2249 3727 28 21 be

1740 3752 69 20 taken
1816 3752 26 20 m
1851 3753 108 25 payment
1969 3754 25 20 at
2002 3753 41 20 the
2052 3752 94 28 highest
2159 3753 75 21 value:
2258 3754 19 20 if

1740 3778 127 21 forwarded
1875 3779 32 26 by
1915 3780 77 25 parcel
2000 3780 53 26 post
2061 3780 25 20 to
2096 3786 42 14 our
2148 3780 101 21 address.

1767 3806 156 20 Eemittances
1942 3812 53 20 may
2017 3807 29 20 be
2068 3806 67 20 made
2154 3807 74 21 either
2247 3807 30 26 by

1741 3832 79 20 Postal
1829 3832 78 24 Order,
1918 3833 97 26 Cheque,
2025 3833 66 20 Bank
2100 3834 66 20 notes
2173 3833 104 28 (postage

1741 3859 86 26 stamps
1835 3859 37 20 for
1882 3860 67 20 small
1955 3860 121 27 amounts,)
2093 3861 24 20 of
2126 3867 45 20 any
2175 3863 102 25 country,

1740 3886 26 21 m
1773 3886 127 27 registered
1907 3886 69 22 letter.

1767 3913 23 20 It
1800 3920 20 14 is
1830 3920 40 14 our
1880 3914 46 20 aim
1934 3914 25 20 to
1970 3913 46 27 give
2025 3914 41 21 the
2082 3915 88 21 utmost
2178 3915 99 26 possible

1741 3941 141 20 satisfaction
1891 3941 24 20 to
1926 3947 40 14 our
1975 3941 85 25 clients,
2082 3942 106 27 knowing
2197 3942 49 22 this
2253 3944 24 20 to

1741 3968 28 20 be
1778 3968 41 19 the
1828 3968 52 19 best
1889 3968 170 20 advertisement
2067 3969 37 19 for
2117 3976 42 12 our
2167 3969 110 26 products,

1741 3994 46 20 and
1795 3994 33 20 all
1837 3994 49 20 who
1895 3994 59 20 have
1966 4000 55 14 once
2035 3995 96 21 entered
2148 3995 50 21 into
2213 3997 64 21 busi-

1741 4028 52 14 ness
1802 4021 110 21 relations
1921 4021 56 21 with
1997 4028 26 14 us
2039 4023 78 26 gladly
2135 4023 142 22 recommend

1742 4054 27 14 us
1778 4049 24 19 to
1813 4048 59 20 their
1881 4049 87 19 friends
1978 4049 46 19 and
2032 4049 181 26 acquaintances.

1797 4075 99 20 Address
1906 4075 36 20 for
1950 4075 82 21 letters
2039 4076 47 20 and
2095 4076 74 21 orders
2177 4093 5 4 .

1751 4128 98 22 MOESE
1860 4128 260 22 MINUFACTUKING
2130 4129 137 24 COMPANY

1906 4174 20 26 7,
1941 4173 49 23 Eed
2000 4174 56 21 Lion
2067 4173 76 26 Court,

1735 4235 2 10 ,
1989 4220 93 20 London
2091 4219 52 22 E.C.

1832 4339 104 25 Wanted,
1950 4340 26 20 at
1985 4345 63 18 once,
2061 4339 26 20 m
2098 4345 68 21 every
2185 4340 92 26 locality,

1745 4372 30 15 an
1785 4365 123 25 intelligent
1926 4371 78 22 person
2020 4368 23 19 to
2053 4368 36 19 act
2107 4372 26 15 as
2149 4373 41 14 our
2207 4368 70 23 Agent.

1744 4392 35 21 No
1789 4392 83 27 special
1881 4392 128 26 knowledge
2018 4394 113 26 requiie/V
2136 4394 46 21 and
2189 4393 88 22 without

1744 4420 136 26 interfering'
1893 4420 55 21 with
1970 4423 87 24 present
2077 4421 136 27 occupation.
2250 4422 27 19 An

1745 4448 110 20 excellent
1872 4448 135 27 occupation
2025 4448 36 21 for
2070 4455 15 14 a
2103 4448 95 27 capable
2208 4455 69 20 young

1746 4481 53 14 man
1808 4481 25 14 or
1841 4475 61 26 lady.

1829 4505 63 13 "•.••■•■■••'

1217 181 53 37 R.
1311 180 52 38 H.
1406 178 265 38 PARISH

1328 262 72 21 JUST
1415 262 38 20 TO
1467 260 87 21 HAND

1212 328 215 31 BARGAINS
1444 329 47 28 for
1508 328 62 29 this
1586 328 108 29 month

1178 404 162 39 Another
1356 403 113 51 Large
1484 402 177 40 Purchase
1682 401 37 40 of

1213 485 240 39 SANATORY
1475 484 209 39 FLAOTEL

1174 573 38 39 to
1284 573 73 39 sold
1498 571 127 40 landed
1639 572 74 38 cost

1175 655 17 30 I
1205 657 78 29 have
1298 657 68 29 sold
1390 655 145 40 upwards
1551 655 33 30 of
1598 665 18 18 a
1632 655 80 29 1000

1173 737 94 40 yards
1283 737 32 29 of
1330 736 61 30 this
1404 736 64 30 line
1481 738 32 28 to
1523 746 53 29 my
1590 734 122 31 Oxford

1400 818 118 30 clients.

1186 902 175 25 COLONIAL
1380 902 127 24 TWEED
1526 899 187 26 TROUSERS

1340 945 34 22 6s.
1398 944 70 23 ALL
1493 940 106 28 WOOL.

1312 1044 127 22 DOUBLE
1460 1043 111 21 WIDTH

1224 1119 433 43 CHEVIOT

1187 1190 196 44 DRESS
1439 1187 256 46 TWEEDS

1351 1260 79 39 (half
1446 1259 94 40 price)

1185 1309 120 29 Melton
1324 1308 111 31 Tweed
1452 1307 51 30 6d.
1520 1306 102 31 worth
1639 1306 59 40 10J

1172 1356 116 30 Melton
1306 1356 113 30 Tweed
1434 1356 44 30 Is.
1494 1354 103 32 worth
1611 1354 45 30 Is.
1670 1353 40 29 6d

1184 1408 102 30 better
1310 1407 91 31 velue
1426 1407 76 29 than
1527 1404 170 39 travelling

1247 1461 127 38 drapers
1388 1459 66 31 will
1469 1459 70 39 give
1553 1469 71 28 you.

1235 1544 40 38 R
1278 1570 12 12 H
1317 1544 58 36 H,
1409 1541 225 39 PARISH

1315 1597 85 29 East
1422 1597 142 29 Oxfoed.

1203 1672 32 23 M
1235 1671 69 24 ORE
1315 1669 183 25 BARGAINS
1510 1668 71 24 FOR
1593 1667 84 25 THIS

1371 1709 137 24 MONTH.

1170 1782 62 25 500
1254 1781 98 25 Yards
1376 1781 34 24 of
1430 1780 145 30 Winceys
1604 1777 103 26 reduced

1343 1814 64 24 from
1421 1813 32 24 9d
1465 1814 26 23 to
1504 1814 31 23 6d

1171 1847 111 26 Cotton
1299 1847 114 24 Tweed
1433 1845 106 24 reduced
1558 1845 64 24 from
1635 1845 28 23 Is
1684 1845 25 23 to

1421 1878 41 24 9d.

1172 1926 133 66 THIS
1319 1927 94 24 Season
1435 1925 110 31 Figured
1566 1925 69 24 dress
1646 1927 63 22 mat-

1261 1959 71 24 erials
1344 1959 105 24 reduced
1461 1959 63 23 from
1538 1960 36 22 3s.
1588 1958 41 24 6d.
1644 1962 24 19 to
1682 1958 28 23 2s

1171 1992 22 23 A
1214 1992 96 25 further
1341 1991 202 25 REDUCTION
1575 1998 32 17 on
1633 1990 77 25 Dress

1171 2025 108 30 Tweeds,
1299 2033 43 24 my
1355 2028 27 21 Is
1400 2025 33 23 4d
1446 2025 48 23 line
1516 2032 54 16 now
1582 2023 89 31 selling
1684 2025 26 22 at

1171 2060 35 23 Is.

1170 2092 56 24 Art
1244 2091 129 25 Muslins
1392 2090 40 25 3d.
1453 2098 43 24 per
1508 2089 68 32 yard.

1232 2157 132 26 riRAND
1378 2156 140 26 WINTER
1538 2156 109 25 SHOW.

1232 2189 38 28 ur

1171 2257 520 46 BLAIKETS!

1186 2359 522 47 BLANKETS!

1235 2454 249 27 EXCEPTIONAL

1159 2515 1 37 '.
1171 2530 75 25 WHI
1254 2530 47 25 TE:
1321 2529 175 26 COLONIAL
1506 2527 195 26 BLANKETS.

1547 2576 3 5 (
1574 2560 11 10 ••
1623 2564 26 6 -■■•
1706 2562 13 13 ■•,

1169 2600 100 32 Bought
1280 2600 38 25 for
1327 2599 65 27 Cash
1404 2601 27 23 at
1447 2599 98 25 Lowest
1557 2598 59 25 Mill-
1624 2598 83 32 prices.

1553 2642 82 31 Large
1647 2641 51 24 size

1162 2684 3 7 '
1170 2677 87 31 Single
1269 2677 62 24 Bed.
1354 2676 99 25 Double
1464 2676 55 25 bed.
1550 2674 89 25 double
1651 2673 56 26 bed.

1203 2711 52 23 15s.
1269 2709 41 26 6d.
1379 2711 45 23 18s
1444 2709 40 25 Gd.
1585 2708 46 24 25s
1643 2707 40 25 6d.

1294 2787 153 25 SPECIAL
1467 2788 118 24 VALUE

1354 2877 16 6 ..
1385 2857 54 25 also
1455 2858 27 23 m
1583 2878 3 6 ;
1598 2871 2 6 .
1625 2871 13 6 ■■
1693 2868 2 6 ■

1186 2931 119 24 WHITE
1319 2931 161 29 ENGLISH.
1496 2931 197 25 BLANKETS,

1536 3031 3 4 .
1550 3012 141 32 Large-size

1170 3044 84 33 Single
1266 3044 61 26 Bed.
1346 3044 98 27 Double
1456 3045 61 25 Bed.
1536 3045 98 25 Double
1646 3046 61 25 Bed.

1173 3085 3 37 :
1201 3077 86 59 7/6.
1378 3078 116 58 10/6.
1562 3078 117 58 12/6.

1187 3169 93 32 Special
1290 3169 72 26 Note.
1365 3184 32 4 —
1400 3169 64 26 Cash
1482 3169 124 25 Discount
1618 3171 28 24 Is
1658 3169 36 26 off

1379 3216 72 23 every
1469 3209 25 23 £.

1313 3273 32 24 E.
1363 3274 36 24 H.
1419 3273 143 25 PARISH.

1190 3402 28 30 A
1239 3402 172 33 EECENT
1436 3402 251 32 DISCOVERY.

1172 3487 40 77 A
1239 3489 81 26 most
1348 3486 180 36 efficacious,
1567 3486 142 38 pleasing

1233 3527 61 28 aud
1310 3526 157 39 palatable

1256 3580 139 43 GOU&H
1416 3581 209 44 MIXTURE

1210 3664 95 79 %■
1323 3666 349 80 dSCOTTE'

1288 3799 22 24 A
1331 3799 94 24 certain
1442 3799 99 31 remedy
1557 3798 39 24 for

1174 3859 107 32 SORE
1305 3858 203 37 THROATS,

1234 3920 238 32 WHOOPING
1493 3920 157 36 COUGH,

1442 3999 269 34 BRONCHITIS

1172 4079 74 29 And
1261 4079 42 29 all
1318 4078 161 30 affections
1493 4077 34 30 of
1538 4077 52 30 the
1604 4077 108 30 throat

1173 4120 64 30 and
1250 4119 103 39 lungs.

1298 4192 71 25 Price
1387 4194 36 22 Is.
1440 4200 45 23 per
1500 4192 87 25 bottle.

1340 4273 95 18 OXFORD
1452 4273 89 17 AGENT.

1175 4414 142 30 Wholesale
1335 4414 102 33 Agents.
1450 4414 176 32 McINT^EE
1638 4415 19 24 &
1669 4414 43 26 Co.

1303 4471 16 24 9
1338 4467 134 28 Cathedral
1484 4468 102 33 Square.

609 189 113 45 1897
755 187 254 46 WINTER
1035 186 114 47 1897

725 382 107 30 EA£T
870 382 175 30 OXFORD

726 456 135 21 INTENDS
875 457 38 21 TO
928 457 74 20 SELL

607 511 178 30 seasonable
795 511 96 39 goods
901 515 33 26 at
939 512 101 38 prices
1050 511 98 30 below

608 563 69 29 that
696 563 32 28 of
743 572 62 29 any
830 562 224 33 Christchurch
1078 562 67 29 firm

649 614 75 30 Just
759 613 139 30 received
927 614 104 29 :direct
1067 614 79 29 from

612 664 128 30 London
769 675 18 19 a
816 665 85 39 large
931 665 214 38 consignment

607 716 33 28 of
651 715 133 29 General
795 715 142 39 Drapery
938 732 40 3 —
979 725 40 19 no
1030 715 115 29 middle

608 767 93 29 men's
710 766 122 39 profits,
849 777 17 19 a
882 767 98 38 single
991 765 77 41 yard
1085 766 59 30 and

651 818 101 39 single
783 818 108 29 article
920 824 33 23 at
981 818 164 30 wholesale

608 869 144 39 prices—

696 930 111 23 Another
816 930 65 30 large
894 929 119 31 purchase
1021 929 26 24 of

689 1003 353 39 PLAUNELLTTES.

727 1094 47 24 AT
790 1093 97 24 HALF
902 1093 117 24 PRICE.

609 1202 104 49 QUA
729 1200 140 30 YAEX)S
886 1201 32 29 of
938 1200 207 30 Flannellette

609 1231 104 50 9UU
727 1242 131 30 reduced
872 1241 78 30 from
963 1242 41 29 8d
1025 1245 32 26 to
1068 1242 54 31 4d.

792 1418 170 51 fjlmkß,
1150 1433 2 45 j

681 1616 65 29 255.
762 1614 87 31 cloak
865 1615 49 29 for
931 1616 62 34 12s.
1014 1614 48 30 6d.

733 1827 3 1 .
755 1777 191 58 ..Saute,
1150 1814 1 2 ■

645 1860 122 39 greatly
788 1859 134 30 reduced
952 1860 33 29 m
1007 1859 93 39 price,

605 1938 71 51 be
712 1949 71 48 pv
802 1938 108 59 yard
947 1938 130 48 $$wa
1097 1943 54 42 W

729 2037 62 48 M
805 2048 72 48 pr
895 2036 120 60 yard.

605 2176 3 11 .
623 2148 149 51 UMn
772 2150 11 16 9
815 2148 166 60 Siyligi
1001 2149 120 48 Hao-

790 2247 165 45 intmM

641 2438 236 50 'SmhvMm
895 2443 43 43 at
946 2449 37 36 .a
1003 2448 105 48 ntj

698 2519 176 54 niuM
913 2521 128 61 pin.

644 2627 50 31 All
715 2627 87 31 these
824 2626 96 41 goods
943 2637 52 19 are
1010 2625 131 42 cheaper

601 2677 77 30 than
701 2686 58 21 can
780 2676 39 29 be
841 2675 174 39 purchased
1030 2679 33 25 at
1078 2684 62 30 any

603 2723 225 32 Christchurch
859 2722 118 40 Selling
1009 2722 44 30 off
1080 2722 58 30 Es-

602 2771 203 31 tablishment
826 2780 35 19 or
882 2769 80 31 from
990 2769 151 31 itinerant

603 2814 140 35 drapers.
859 2843 6 3 .

853 2898 33 18 ♦
889 2904 47 5 —
936 2906 14 3 ~
950 2906 35 3 —
985 2905 22 19 ~.
1039 2920 5 5 ,

618 2957 3 11 ,
705 2942 132 23 SPECIAL
858 2942 58 22 JOB
947 2942 74 22 LINE

603 3002 538 59 KAIAPOI|ROSLYN

629 3090 154 32 TWEED
801 3089 118 32 SUITS
935 3086 73 42 21/6
1032 3087 73 41 21/6

717 3153 80 26 worth
815 3154 53 24 30s.
887 3160 44 24 per
948 3152 60 24 suit.

604 3218 153 32 TWEED
774 3216 120 32 SUITS
910 3215 67 41 25/-
990 3215 101 31 worth
1101 3215 39 30 35

859 3280 33 18 «9>

649 3317 169 35 AI/JL,
858 3314 242 35 WOOL

604 3371 197 48 Colonial
841 3368 192 48 F!annsV
1066 3365 75 50 M.

605 3446 132 40 cheaper
750 3445 78 30 than
842 3454 57 20 can
920 3444 38 30 be
970 3443 172 41 purchased

605 3501 33 27 at
667 3497 125 31 auction
820 3507 36 19 or
873 3496 83 29 from
993 3495 150 29 itinerant

788 3543 137 39 drapers:

649 3639 83 31 1897
781 3638 181 30 WINTER
1006 3636 92 32 1897.

604 3705 245 47 EIIIPBI
891 3703 251 48 TVXSBS.

605 3785 84 21 SUITS
698 3785 87 20 MADE
795 3784 38 20 TO
843 3784 144 20 MEASURE
1001 3783 79 22 FEOM
1098 3784 45 20 50s.

606 3827 120 78 FULL
742 3826 143 30 RANGE
897 3827 35 29 of
938 3827 64 30 this
1015 3827 118 30 Season
1135 3825 7 12 1

684 3867 144 30 Patterns
848 3869 33 27 to
912 3867 92 30 hand.

860 3919 27 23 at

709 3963 37 32 B,
771 3961 42 30 .H
835 3961 197 31 PARISH'S

695 4079 135 44 FOR
875 4080 182 43 SALE.

608 4224 127 57 BACON
764 4224 50 24 and
847 4224 80 29 hams,
964 4224 50 24 this
1035 4225 115 26 season's;

668 4264 66 21 cure,
769 4256 61 29 lard,
853 4256 54 24 axle
926 4264 85 23 grease
1023 4264 15 17 a
1054 4256 89 31 special

608 4289 147 32 compound.

617 4366 20 21 ■■
668 4351 70 59 Jf
776 4361 330 47 PAREANE,
1120 4349 31 63 '■.;

609 4464 54 17 '■-'-
691 4469 15 23 ;■
791 4462 108 31 .East
920 4462 130 31 Oifcrd.

61 189 174 34 OXFORD
259 187 120 32 ROAD
400 186 155 32 BOARD.

38 263 173 27 rFENDERS
232 270 41 17 are
293 261 95 26 invited
408 261 37 24 for
468 260 43 25 the
532 260 44 25 fol-

43 290 22 33 A
88 298 92 30 lowing
197 295 79 26 works

73 330 126 31 Breaking
211 333 83 21 stones
315 336 33 17 on
361 327 117 25 Steffen's
496 326 80 25 Eoad.

73 364 117 30 Clearing
210 361 113 25 tussocks
343 368 33 18 on
397 360 111 25 Brown's
529 359 49 25 and

39 396 150 25 Woodstock
201 395 91 25 Roads.

73 429 119 30 Clearing
221 427 113 26 tussocks
364 426 47 25 anrl
442 426 80 31 ridges
546 434 30 15 on

37 462 120 31 Rainey's
174 461 79 24 Koad.

73 495 111 31 Fencing
197 494 53 25 side
261 494 27 24 of
298 492 93 26 Gravel
403 492 51 28 Pit,
476 491 102 25 Church

40 528 92 25 Street.

71 562 112 23 Tenders
203 563 26 21 to
249 560 31 24 be
291 560 56 23 sent
363 559 27 23 m
409 558 82 24 before
511 558 32 23 12
555 559 22 22 o'

36 593 71 25 clock
124 602 66 15 noon
209 600 32 17 on
261 592 154 30 Wednesday
441 590 69 31 Sept.
530 592 47 22 Ist.

73 626 54 24 The
139 626 86 25 lowest
237 633 27 17 or
277 633 48 24 any
338 624 87 26 tender
436 626 45 22 not
496 631 82 17 neces-

42 660 76 31 sarily
137 659 124 31 accepted.

139 725 117 24 JAMES
271 724 36 24 H.
327 723 144 25 SHABPE

244 785 73 25 Cleric
334 788 24 21 to
371 783 36 25 the
419 783 92 24 Board.

125 831 16 22 2

141 965 150 33 TOWIS
324 963 142 33 HALL,

61 1056 167 44 EAST
275 1054 282 45 OXFORD.

359 1163 111 32 SEPT.
506 1165 47 29 15.

151 1239 117 25 GRAND
285 1237 183 26 DRAMATIC

79 1306 457 37 PERFORMANCE

139 1390 25 23 m
177 1389 40 25 aid
235 1389 26 25 of
271 1397 33 16 an
316 1388 62 31 aged
389 1388 87 32 couple

167 1462 172 30 commencing
350 1461 60 23 with
423 1469 15 15 a

56 1522 33 31 3
111 1520 141 33 ACT
278 1518 275 33 DRAMA

154 1581 36 24 To
202 1580 31 25 be
248 1579 110 26 followed
374 1579 32 33 by
418 1580 41 25 the

127 1640 217 26 LAUGHABLE
362 1640 117 24 FARCE

41 1702 67 37 THE
126 1701 105 38 GOOSE
256 1700 85 39 WITH
365 1701 66 37 THE
445 1700 127 38 GOLDEN

198 1752 215 41 EOGS.

38 1826 84 32 Turby
191 1846 28 5 ...
292 1845 27 6 ...
367 1826 40 24 Mr
419 1826 34 25 H.
465 1826 110 32 Laming

37 1865 95 24 Flister
456 1865 40 23 Mr
508 1864 68 31 Haig

36 1903 96 25 Boncer
202 1923 27 5 ...
302 1922 27 5 ...
407 1903 40 24 Mr
459 1903 39 25 W.
511 1904 63 24 Free

37 1941 71 25 Clara
190 1960 15 6 ..
300 1959 27 6 ...
430 1940 62 26 Miss
503 1941 71 32 Ryde

38 1980 59 32 May
167 1999 27 5 ...
333 1998 27 6 ...
413 1980 63 24 Miss
488 1979 86 25 Bluett

171 2037 36 24 To
217 2036 117 25 conclude
346 2035 62 26 with
426 2043 14 17 a

86 2096 178 45 FREE
297 2096 231 47 DANCE

130 2179 37 25 To
179 2179 34 25 all
233 2179 54 25 who
299 2179 127 32 patronize
438 2179 41 25 the

203 2218 208 24 Entertainment.

38 2289 151 30 Admission,
209 2289 87 25 Chars
325 2291 18 23 &
355 2289 82 30 Front.
451 2289 72 26 Seats
535 2291 37 24 2s.

29 2374 23 5 ■-
204 2360 69 26 Back
286 2361 71 25 Seats
371 2363 35 23 1?.
581 2362 2 37 j

172 2420 120 24 Children
303 2414 55 30 half
366 2420 74 31 price.
581 2411 2 43 j

176 2550 261 46 NOTICE.

36 2647 86 59 ALL
146 2656 103 24 persons
271 2649 78 24 found
371 2650 152 31 trespassing
542 2658 32 16 on

95 2690 40 23 my
158 2682 125 24 leasehold
304 2684 116 30 property
442 2682 61 25 with
521 2690 53 24 gun

33 2723 28 16 or
73 2715 59 31 dogs
144 2715 65 24 fvom
221 2715 49 24 this
282 2715 57 24 dale
350 2715 49 24 will
419 2716 29 23 be
459 2723 114 23 prosecu-

35 2748 41 24 ted
88 2748 48 23 and
149 2747 34 24 all
195 2748 59 31 dogs
267 2748 78 24 found
360 2748 152 32 trespassing
524 2748 50 25 -will
581 2761 2 26 j

34 2781 30 25 be
76 2781 137 32 destroyed.

267 2847 93 25 ANNA
378 2847 117 25 BOOTH
569 2861 3 13 :

34 2915 102 29 August
148 2913 62 24 25th
224 2914 73 23 1897.

90 3053 108 47 MR
238 3051 276 57 MAYSON,
552 3038 4 4 *

217 3144 166 25 TEACHER

287 3219 30 17 OF

85 3277 105 25 PIANO
212 3277 70 25 AND
306 3277 145 26 SINGING
475 3278 47 24 etc.

280 3345 45 24 has

223 3411 161 29 vacancies

286 3484 39 24 for

129 3549 82 31 pupils
229 3549 27 24 m
273 3549 77 24 above
367 3548 115 32 subjects.

266 3614 88 25 Terms
366 3622 31 16 on
410 3613 164 32 Application.

61 3662 496 63 PIANO~TTWING

41 3768 91 26 Pianos
144 3769 76 25 tuned
237 3769 32 30 by
289 3768 43 25 the
351 3777 58 23 year
429 3769 37 25 for
486 3770 46 25 25s
552 3769 27 26 of

223 3802 70 23 three
317 3802 78 23 visits.

176 3924 259 46 NOTICE.

42 4042 130 56 Ihereby
185 4044 53 29 give
250 4043 128 23 NOTICE
391 4043 54 23 ihat
457 4043 43 24 the
511 4043 67 24 Race

82 4083 85 16 course
179 4076 56 29 gate
247 4075 50 24 will
309 4074 30 24 be
350 4075 86 24 looked
452 4075 65 25 from
528 4076 51 24 this

43 4107 64 29 date,
126 4108 90 31 during
235 4107 42 24 the
296 4107 60 25 time
373 4108 44 24 the
435 4115 57 23 crop
511 4108 23 24 is
551 4109 28 23 m

43 4140 40 23 the
94 4140 119 31 paddock,
232 4140 50 24 and
293 4140 22 24 if
332 4148 46 23 any
391 4147 48 18 one
449 4140 22 24 is
490 4141 89 31 caught

44 4174 151 31 trespassing
216 4182 28 16 or
254 4173 118 33 breaking
384 4181 48 24 any
455 4173 72 32 thing
538 4174 41 25 be-

28 4218 2 13 i
45 4206 101 32 longing
157 4210 26 22 to
195 4206 41 26 the
247 4207 148 30 LIASEE,
414 4206 58 32 they
484 4207 48 25 will
551 4208 28 24 be

29 4232 82 48 b^alt
124 4241 57 24 with
193 4240 133 31 according
338 4241 26 24 to
374 4239 87 26 LAW.

29 4281 261 69 |^Hb^AMES
310 4305 144 25 WRIGHT

311 4371 103 24 Farmer

29 4411 225 47 HHB^^__
313 4428 81 30 j^st
413 4428 99 27 Oxford.
