2559 4020
632 308 128 33 POUT
784 309 286 40 NICHOLSON,
1093 301 259 41 SATURDAY
1374 311 242 40 MORNING,
1637 315 108 31 MAY
1770 319 50 34 16,
1843 320 89 30 1840.

70 311 62 31 No.
155 310 43 39 6.]

1195 32 100 34 THE

71 89 449 129 NEW
642 86 846 137 ZEALAND
1620 94 866 142 GAZETTE.

2339 325 99 40 [Vol.
2461 327 18 31 I

60 405 81 22 NEW
158 403 169 21 ZEALAND
345 403 98 21 LAND
461 402 183 21 COMPANY.

61 457 90 28 Capital,
167 456 118 29 £100,000,
300 457 24 21 in
333 458 57 20 4000
399 456 80 22 Shares
489 456 25 22 of
526 455 45 22 £25
582 454 62 29 each,

282 483 31 23 all
321 483 53 28 paid
383 490 38 20 up.

141 537 129 23 Governor:
285 537 48 22 The
343 537 66 22 Earl
419 543 28 15 of
456 536 113 22 Durham.

105 571 89 27 Deputy
204 570 118 23 Governor
329 578 5 13 :
349 570 88 22 JosErn
452 570 81 27 Somes,
549 570 52 28 Esq.

290 603 115 23 Directors
413 611 5 13 :

113 630 61 23 Lord
183 630 74 27 Petre,

114 657 62 23 Hon.
186 657 93 23 Francis
287 657 91 27 Baring,
390 656 69 27 M.P.,

113 684 61 22 John
183 685 103 22 Ellorker
294 683 112 27 Boulcott,
421 683 61 28 Esq.,

113 712 61 22 John
183 711 101 23 William
294 711 92 26 Buckle,
397 711 61 27 Esq.,

113 739 88 22 Russell
209 738 78 27 Ellice,
299 738 60 28 Esq.,

113 766 76 22 James
198 765 82 22 Brodie
291 765 100 28 Gordon,
404 765 59 28 Esq.,

112 792 97 22 Thomas
219 792 67 22 Alers
295 791 106 28 Hankey,
412 793 60 28 Esq.,

113 819 98 22 William
221 819 61 22 Hutt
299 819 60 28 Esq.,
371 819 69 28 M.P.,

113 847 93 21 Stewart
216 845 162 28 Majoribanks,
391 846 60 28 Esq.,

114 874 34 21 Sir
157 873 99 22 William
266 873 152 28 Molesworth,
430 873 68 28 Bart.,
509 873 68 28 M.P.,

115 900 130 22 Alexander
254 899 79 27 Nairn,
344 900 62 27 Esq.,

114 927 60 21 John
185 927 66 26 Pirie,
261 927 60 27 Esq.,
334 927 130 26 Alderman,

114 953 34 21 Sir
159 953 88 26 George
257 953 100 26 Sinclair,
368 953 70 26 Bart,
450 953 70 26 M.P.,

113 979 61 22 John
184 979 60 21 Abel
254 978 78 27 Smith,
343 979 61 27 Esq.,
416 979 68 26 M.P.,

112 1005 59 22 Wm.
181 1005 136 27 Thompson,
329 1005 61 28 Esq.,
402 1005 131 28 Alderman,
545 1005 69 28 M.P.,

113 1033 35 21 Sir
157 1032 80 26 Henry
248 1031 77 28 Webb,
336 1032 70 27 Bart.,

113 1059 85 22 Arthur
208 1058 78 27 Willis,
299 1059 60 28 Esq.,

114 1087 86 26 George
211 1085 118 23 Frederick
340 1087 88 26 Young,
441 1085 52 28 Esq.

170 1120 117 26 Secretary
294 1127 5 14 :
315 1118 62 23 John
389 1120 82 27 Ward,
482 1120 53 28 Esq.

58 1180 90 50 THE
157 1180 61 22 main
228 1179 97 23 features
333 1180 26 22 of
364 1180 38 22 the
410 1184 83 24 system
502 1181 25 21 of
534 1181 110 22 coloniza-

131 1207 47 22 tion
189 1206 96 28 adopted
294 1207 31 28 by
334 1207 39 22 the
386 1208 122 28 Company,
525 1216 44 19 are,
571 1221 31 4 —
603 1210 39 26 Ist,

58 1236 38 20 the
106 1234 44 23 sale
159 1234 26 21 of
195 1233 72 28 lands,
282 1237 23 19 at
319 1241 29 15 an
361 1235 100 22 uniform
475 1235 46 22 and
534 1235 110 22 sufficient

57 1262 71 27 price;
146 1261 45 22 and
204 1260 76 27 2ndly,
298 1261 36 21 the
351 1261 153 28 employment
519 1262 26 21 of
557 1270 13 14 a
583 1262 61 27 large

57 1289 87 26 portion
155 1288 24 21 of
186 1287 39 23 the
232 1287 210 28 purchase-money,
454 1296 23 14 as
487 1296 30 14 an
527 1289 117 27 Immigra-

58 1317 45 20 tion
115 1315 70 21 Fund.
216 1315 28 21 In
254 1314 61 22 these
324 1318 105 24 respects,
446 1315 36 22 the
493 1315 119 28 principles
622 1318 25 21 of

58 1342 69 22 South
139 1341 114 22 Australia
268 1341 56 22 have
339 1342 58 21 been
412 1341 104 23 followed
529 1350 23 14 as
566 1344 78 28 nearly

57 1377 24 14 as
99 1369 171 21 circumstances
286 1368 78 27 would,
385 1368 24 22 in
425 1368 37 23 the
479 1373 91 24 present
586 1378 56 21 case,

58 1395 85 29 permit.

84 1429 45 22 The
144 1428 70 28 grand
230 1428 74 27 object
319 1428 26 23 of
359 1429 39 22 the
413 1437 56 20 new,
483 1438 25 14 or
520 1430 122 30 improved,

59 1459 79 25 system
150 1455 24 22 of
185 1455 38 22 the
233 1454 96 28 disposal
344 1456 27 21 of
388 1456 94 23 colonial
498 1458 70 27 lands,
586 1459 19 22 is
621 1463 22 19 to

58 1483 95 27 regulate
169 1482 37 21 the
221 1482 79 28 supply
316 1483 26 22 of
357 1491 51 14 new
423 1484 59 26 land,
500 1484 31 28 by
546 1485 37 22 the
597 1487 47 21 real

59 1513 67 19 wants
138 1508 25 23 of
176 1508 38 22 the
230 1508 116 29 Colonists,
363 1518 25 13 so
403 1510 49 22 that
466 1511 37 22 the
519 1512 54 22 land
588 1513 56 22 shall

59 1544 66 14 never
141 1536 28 22 be
187 1536 71 21 either
276 1536 190 29 superabundant,
487 1546 26 14 or
531 1538 110 30 deficient,

59 1563 68 22 either
143 1566 35 22 too
195 1562 75 28 cheap,
290 1571 24 14 or
333 1567 38 18 too
390 1564 59 22 dear.
487 1565 24 21 It
528 1565 39 23 has
586 1567 57 22 been

58 1591 74 21 shown
143 1590 47 21 that
200 1590 36 21 the
247 1590 43 21 due
301 1592 131 26 proportion
446 1592 102 22 between
563 1595 79 26 people

58 1617 45 22 and
110 1616 52 22 land
167 1623 52 21 may
225 1617 27 21 be
261 1618 127 27 constantly
394 1619 92 22 secured
493 1619 30 27 by
529 1620 115 23 abandon-

57 1644 39 26 ing
105 1644 36 21 the
151 1643 36 22 old
198 1647 83 23 system
292 1644 25 22 of
329 1653 96 19 grants,
437 1646 43 22 and
491 1647 115 28 requiring
615 1656 27 14 an

58 1671 94 21 uniform
162 1671 61 26 price
232 1679 40 19 per
281 1679 57 20 acre,
353 1672 37 22 for
398 1673 30 21 all
438 1680 49 14 new
496 1673 71 28 lands,
580 1675 63 22 with-

58 1700 38 19 out
106 1697 122 27 exception.
258 1698 26 21 If
294 1698 37 22 the
341 1699 61 27 price
413 1699 29 22 be
456 1704 40 18 not
510 1704 36 18 too
561 1701 50 27 low,
626 1703 18 21 it

56 1724 71 22 deters
138 1724 134 28 speculators
282 1725 57 22 from
355 1727 117 27 obtaining
485 1727 61 28 land,
562 1728 54 22 with
630 1737 14 14 a

56 1752 55 21 view
120 1753 23 19 to
152 1751 90 27 leaving
251 1751 58 22 their
317 1757 106 24 property
433 1754 21 22 in
466 1761 13 15 a
491 1753 74 23 desert
578 1759 64 24 state,

56 1778 44 21 and
115 1778 49 21 thus
178 1781 105 23 prevents
291 1779 111 26 injurious
413 1780 121 29 dispersion
541 1790 5 19 ;
562 1782 18 22 it
589 1783 52 28 also,

56 1805 29 27 by
96 1804 133 28 compelling
237 1812 66 20 every
310 1806 105 23 labourer
423 1810 22 19 to
453 1808 60 22 work
520 1809 35 21 for
563 1816 78 21 wages,

55 1832 57 21 xmtil
121 1832 28 21 he
159 1832 40 21 has
209 1832 68 21 saved
291 1833 37 21 the
339 1834 54 27 only
403 1842 77 15 means
492 1836 25 20 of
529 1836 115 27 obtaining

55 1858 60 27 land,
125 1858 87 22 insures
226 1866 14 14 a
254 1860 80 27 supply
349 1861 27 21 of
386 1861 79 23 labour
478 1863 36 20 for
527 1862 55 22 hire.
613 1863 27 28 If,

56 1893 29 13 on
96 1885 36 21 the
143 1885 63 21 other
216 1885 68 27 hand,
299 1886 38 22 the
346 1888 61 26 price
416 1889 29 21 be
454 1893 40 17 not
505 1892 36 19 too
550 1890 61 27 high,
626 1891 18 21 it

55 1912 87 21 neither
152 1912 98 22 confines
261 1912 37 22 the
309 1914 86 22 settlers
411 1915 76 23 within
502 1923 13 15 a
530 1924 64 19 space
609 1917 35 22 in-

56 1939 158 27 conveniently
230 1946 93 21 narrow,
339 1948 43 14 nor
397 1941 53 23 does
464 1943 18 21 it
497 1947 94 22 prevent
606 1944 36 22 the

56 1966 77 26 thrifty
146 1966 105 21 labourer
264 1966 58 22 from
336 1967 120 29 becoming
469 1976 14 15 a
494 1969 146 29 land-owner,

57 1992 57 21 after
122 1992 101 26 working
233 1999 60 15 some
304 1993 53 21 time
368 1995 35 20 for
413 2002 78 19 wages.

87 2018 19 20 A.
122 2018 117 26 sufficient,
258 2019 40 21 but
315 2024 41 16 not
374 2028 63 14 more
456 2021 54 22 than
531 2022 111 22 sufficient

55 2043 60 28 price
126 2044 34 21 for
173 2044 29 21 all
216 2051 49 14 new
280 2044 59 28 land,
357 2046 18 21 is
390 2047 39 21 the
444 2049 61 20 main
519 2049 86 21 feature
620 2049 26 22 of

59 2070 35 21 the
113 2077 48 14 new
176 2073 83 23 system
274 2072 26 21 of
316 2072 156 24 colonization.
507 2075 22 21 It
544 2075 99 22 obviates

57 2105 65 19 every
134 2097 84 27 species
234 2098 25 21 of
272 2098 102 28 bondage
381 2107 5 18 ;
406 2100 31 27 by
450 2101 118 27 providing
584 2109 59 15 com-

56 2124 87 22 binable
153 2124 85 26 labour,
249 2124 18 21 it
275 2126 92 22 renders
376 2126 103 29 industry
486 2135 53 20 very
549 2129 94 26 produc-

58 2151 50 25 tive,
119 2150 44 22 and
172 2151 121 22 maintains
303 2152 54 22 both
367 2153 54 27 high
437 2162 77 20 wages,
532 2155 44 21 and
590 2155 52 27 high

56 2178 87 26 profits;
165 2178 19 21 it
199 2178 78 21 makes
294 2178 39 22 the
351 2180 82 27 colony
448 2188 23 14 as
489 2182 115 22 attractive
620 2190 24 14 as

56 2204 101 27 possible,
173 2204 56 22 both
243 2208 23 19 to
282 2206 120 27 capitalists
418 2208 45 21 and
478 2211 23 19 to
515 2209 113 22 labourers
637 2218 5 19 ;

56 2230 45 23 and
111 2235 39 18 not
159 2232 85 26 merely
254 2235 22 18 to
286 2233 68 27 these,
368 2234 41 21 but
418 2234 52 27 also,
482 2235 30 27 by
522 2236 122 27 bestowing

54 2265 30 14 on
101 2258 35 21 the
148 2258 87 27 colony,
252 2258 37 22 the
301 2260 72 22 better
388 2261 117 23 attributes
520 2263 26 21 of
562 2270 30 14 an
607 2263 37 22 old

155 2288 23 18 to
187 2285 62 22 those
258 2286 48 21 who
314 2286 57 22 have
380 2295 13 13 a
400 2288 90 22 distaste
498 2289 35 22 for
539 2290 60 21 what
604 2290 40 22 has

54 2311 16 22 h
78 2312 100 21 Tcfofbre
188 2312 58 22 been
256 2312 36 22 the
308 2314 112 26 primitive
432 2316 113 22 condition
555 2317 27 21 of
593 2324 49 15 new

52 2338 104 23 colonies.
186 2357 4 4 .

80 2366 47 21 The
136 2369 63 23 great
209 2366 73 27 object
292 2367 25 21 of
329 2368 37 21 the
376 2369 61 27 price
446 2369 18 22 is
478 2373 22 19 to
515 2378 77 14 secure
606 2370 37 22 the

52 2395 59 19 most
120 2392 108 22 desirable
238 2395 141 26 proportions
388 2395 101 24 between
503 2397 80 28 people
597 2398 45 21 and

54 2418 63 28 land;
134 2420 39 21 but
183 2420 38 21 the
232 2420 50 28 plan
294 2421 40 21 has
343 2421 39 23 the
389 2423 87 23 further
482 2425 70 21 result
559 2425 26 21 of
592 2432 50 20 pro-

54 2446 81 27 ducing
146 2454 12 14 a
167 2453 106 21 revenue,
289 2447 73 23 which
378 2449 45 22 will
437 2454 42 18 not
494 2451 53 27 only
562 2451 79 28 supply

52 2473 37 22 the
102 2474 105 27 requisite
221 2474 66 27 profit
302 2478 22 18 to
339 2475 39 22 the
393 2477 154 23 shareholders
562 2478 26 22 of
604 2478 36 22 the

53 2501 121 30 Company,
199 2500 40 22 but
261 2501 113 23 furnishes
397 2503 37 23 the
457 2512 78 14 means
553 2505 35 22 for
611 2512 28 15 an

54 2526 153 28 Immigration
218 2528 71 27 Fund,
292 2541 31 4 —
324 2536 14 14 a
345 2529 56 23 fund
410 2532 126 27 constantly
543 2532 97 28 applica-

52 2553 36 22 ble
105 2557 22 18 to
143 2554 36 21 the
197 2561 94 21 purpose
308 2556 27 21 of
347 2556 106 29 bringing
466 2558 80 22 labour
562 2562 23 18 to
602 2559 37 21 the

53 2580 78 27 colony
132 2594 30 3 —
164 2582 49 20 that
226 2582 25 27 is,
269 2582 23 22 in
310 2584 93 26 causing
420 2585 37 21 the
473 2586 51 21 best
541 2594 56 14 sort
616 2586 26 22 of

51 2607 148 23 colonization
209 2611 23 18 to
242 2609 95 26 proceed
346 2613 25 19 at
381 2611 38 22 the
432 2615 97 24 greatest
542 2613 95 27 possible

51 2637 53 19 rate.
132 2635 55 21 And
195 2634 43 23 this
245 2636 19 21 is
272 2635 36 23 the
316 2637 84 23 second
409 2638 85 24 feature
505 2639 26 23 of
543 2639 37 23 the
590 2647 49 15 new

51 2664 88 24 system.

77 2688 46 21 The
133 2688 153 28 employment
296 2690 26 22 of
336 2690 38 23 the
388 2693 210 28 purchase-money,
614 2701 24 14 or

51 2716 37 19 the
98 2715 106 28 principal
215 2720 50 23 part
275 2717 25 21 of
310 2717 23 26 it,
345 2718 23 22 in
379 2721 126 26 conveying
515 2721 85 21 settlers
614 2724 23 18 to

51 2741 36 21 the
98 2742 86 27 colony,
195 2742 40 22 has
246 2743 36 21 the
292 2743 115 30 following
418 2747 82 22 effects.
530 2747 22 21 It
562 2747 76 22 makes

51 2768 36 21 the
101 2769 131 26 purchasers
247 2770 26 21 of
287 2771 56 22 land
357 2780 36 14 see
409 2773 92 28 plainly,
517 2774 49 21 that
580 2774 58 21 their

51 2801 81 21 money
141 2795 44 23 will
195 2796 29 21 be
232 2798 106 21 returned
348 2799 24 21 in
387 2799 37 22 the
437 2800 69 28 shape
520 2801 25 21 of
559 2801 79 22 labour

51 2821 44 21 and
103 2822 137 27 population.
270 2823 22 23 It
301 2825 72 28 tends,
388 2826 25 22 in
423 2827 51 28 fact,
491 2830 22 19 to
522 2827 68 22 lower
600 2827 37 22 the

49 2855 118 25 necessary
185 2849 107 23 standard
310 2852 26 20 of
352 2853 67 26 price,
435 2854 102 27 because,
556 2854 54 22 with
625 2862 13 14 a

50 2878 102 18 constant
160 2875 73 23 influx
244 2877 27 21 of
280 2877 79 28 people
371 2882 21 18 to
403 2879 36 22 the
450 2881 88 26 colony,
546 2881 39 22 the
595 2881 42 22 due

49 2902 127 27 proportion
181 2902 102 23 between
291 2904 79 27 people
378 2905 45 22 and
429 2907 53 21 land
490 2914 52 20 may
548 2908 28 20 be
584 2907 53 28 kept

51 2935 28 21 up
89 2926 29 29 By
128 2936 13 14 a
148 2928 71 22 lower
226 2929 68 28 price,
306 2931 56 21 than
371 2931 21 21 if
404 2932 61 22 there
475 2940 58 15 were
542 2941 30 14 no
582 2935 54 21 such

49 2955 151 27 immigration
205 2972 6 5 .
230 2957 23 21 It
263 2956 111 24 therefore
379 2958 131 24 diminishes
517 2960 37 22 the
560 2961 78 26 period

51 2982 79 27 during
139 2982 73 22 which
222 2983 37 22 the
269 2983 104 23 labourer
386 2989 60 19 must
457 2987 62 21 work
533 2986 36 22 for
582 2987 53 28 hire,

51 3008 43 22 nnd
102 3009 30 27 by
142 3009 37 21 the
194 3009 64 28 rapid
272 3018 102 26 progress
389 3012 72 23 which
475 3014 19 21 it
507 3014 93 27 imparts
614 3017 22 19 to

50 3035 37 22 the
95 3036 48 22 best
153 3039 47 19 sort
208 3037 25 21 of
245 3038 157 28 colonization,
418 3039 17 22 it
450 3040 102 28 explains
566 3043 24 19 to
599 3040 37 22 the

51 3061 113 28 labouring
174 3063 56 22 class
242 3064 26 21 of
272 3063 148 32 immigrants,
431 3067 49 22 that
490 3074 65 21 every
564 3074 41 15 one
613 3067 27 23 of

52 3088 58 22 them
122 3089 50 22 who
188 3090 19 22 is
222 3090 136 24 industrious
375 3093 45 21 and
437 3093 84 28 thrifty,
540 3101 52 20 may
607 3094 28 22 be

50 3121 48 15 sure
107 3118 23 17 to
139 3116 93 22 become
244 3121 40 18 not
298 3119 85 27 merely
399 3127 29 14 an
443 3127 76 15 owner
533 3121 26 21 of
574 3121 59 26 land,

52 3140 39 21 but
105 3140 45 23 also
166 3142 26 21 in
209 3142 35 22 his
264 3146 57 24 turn,
343 3152 29 15 an
393 3147 115 28 employer
526 3148 26 21 of
571 3148 64 22 hired

51 3168 118 26 labourers,
181 3175 14 14 a
202 3172 83 19 master
294 3171 26 21 of
330 3176 107 19 servants.

77 3193 66 22 From
153 3190 63 26 these
225 3196 181 30 considerations,
421 3200 38 22 the
470 3201 116 27 Company
594 3201 41 22 has

51 3221 95 27 adopted
164 3222 38 20 the
219 3229 60 15 same
296 3227 82 23 system
395 3226 26 21 of
437 3227 113 28 disposing
566 3228 25 21 of
606 3229 29 21 its

27 3250 89 25 /waste
127 3248 73 26 lands,
216 3255 24 14 as
255 3248 39 22 lias
310 3251 90 28 already
414 3254 83 25 proved
512 3254 78 28 highly
601 3255 34 22 fa-

51 3274 103 22 vourable
169 3277 24 18 to
206 3274 38 22 the
258 3276 181 26 productiveness
453 3280 26 22 of
494 3280 103 29 industry
609 3281 24 22 in

50 3300 70 23 South
129 3300 120 23 Australia.
279 3302 28 22 In
317 3310 14 14 a
341 3310 49 15 new
402 3305 87 28 colony,
504 3307 92 28 planted
609 3309 25 21 in

49 3334 14 14 a
71 3327 71 22 fertile
153 3327 46 22 and
214 3328 113 22 extensive
343 3331 108 28 territory,
468 3333 19 21 it
500 3334 19 21 is
534 3335 92 22 obvious

50 3354 47 21 that
115 3354 37 22 the
169 3354 170 23 establishment
353 3357 26 21 of
395 3358 53 22 such
464 3366 13 14 a
491 3363 83 24 system
589 3361 18 22 is
622 3369 13 15 a

51 3384 78 19 matter
145 3381 26 22 of
190 3381 36 22 the
244 3382 90 28 deepest
352 3387 100 19 moment
469 3389 22 18 to
509 3386 36 22 the
562 3387 73 23 future

51 3407 85 22 welfare
148 3408 26 22 of
188 3408 91 28 society.
330 3409 69 22 From
413 3411 18 21 it
444 3411 39 22 the
496 3412 50 23 best
561 3415 74 21 effects

51 3441 48 20 may
109 3434 52 22 with
172 3436 130 22 confidence
312 3436 28 22 be
350 3437 136 27 anticipated
492 3446 6 12 :
513 3446 14 14 a
533 3444 103 19 constant

50 3460 42 23 and
101 3462 89 26 regular
199 3462 80 28 supply
289 3462 26 22 of
326 3470 51 14 new
386 3463 55 22 land
449 3464 24 22 in
488 3464 43 23 due
544 3474 91 21 propor-

47 3488 44 21 tion
101 3491 23 19 to
133 3488 39 22 the
191 3492 71 19 wants
271 3489 26 23 of
307 3497 14 14 a
328 3490 132 28 population
472 3491 125 29 increasing
607 3493 31 28 by

46 3514 69 23 births
124 3516 46 21 and
183 3515 152 28 immigration
342 3524 4 19 ;
366 3516 31 23 all
412 3516 37 22 the
465 3517 134 29 advantages
613 3524 22 18 to

47 3541 69 23 which
126 3542 103 22 facilities
239 3543 26 21 of
275 3546 113 25 transport
395 3544 44 21 and
447 3545 187 23 communication

47 3575 36 14 are
92 3568 103 23 essential
204 3577 5 19 ;
226 3570 110 28 certainty
351 3570 26 22 of
386 3570 76 28 limits,
480 3571 44 21 and
539 3573 96 27 security

47 3594 25 22 of
83 3595 46 22 title
139 3598 23 19 to
171 3599 106 25 property
286 3597 24 21 in
323 3597 56 22 land
385 3605 5 19 ;
406 3597 37 22 the
454 3600 98 24 greatest
563 3598 70 23 facili-

45 3621 40 22 ties
94 3629 29 14 on
132 3623 118 27 acquiring
260 3623 36 22 the
308 3624 44 21 due
362 3624 103 27 quantity
472 3632 5 19 ;
493 3624 37 22 the
540 3628 96 23 greatest

45 3652 188 24 encouragement
246 3653 22 18 to
277 3650 152 28 immigration
440 3651 46 21 and
496 3651 138 28 settlement;

45 3674 43 22 and
101 3675 38 22 the
155 3679 58 19 most
226 3676 64 28 rapid
305 3684 104 21 progress
423 3678 24 22 of
465 3678 38 22 the
516 3678 79 27 people
609 3679 24 21 in

44 3702 99 21 material
153 3703 96 22 comfort
258 3704 44 22 and
312 3704 69 22 social
591 3704 9 8 *

69 3734 46 22 The
127 3735 64 21 Land
203 3735 69 23 Office
289 3737 35 21 for
341 3737 61 22 Sales
419 3737 44 22 and
480 3737 116 22 Transfers
614 3737 18 22 is

43 3767 49 15 now
103 3768 55 21 open
171 3765 22 19 at
207 3762 54 22 Port
268 3771 2 4 •
277 3763 132 28 Nicholson,
427 3764 46 22 and
490 3765 37 20 the
543 3764 55 21 land
613 3765 19 21 is

42 3787 47 22 sold
96 3787 23 21 in
127 3789 96 21 sections
230 3790 26 21 of
265 3792 41 20 100
314 3798 62 14 acres
385 3791 61 27 each,
456 3791 60 22 at£l
525 3798 41 20 per
573 3798 56 15 acre.

40 3813 47 23 The
102 3815 124 27 advantage
240 3816 26 22 of
280 3817 136 28 purchasing
432 3817 76 22 before
528 3818 38 21 the
583 3825 47 14 sur-

40 3848 54 19 veys
103 3848 37 14 are
149 3841 24 22 in
186 3849 14 15 a
212 3843 135 28 sufficiently
356 3844 96 22 forward
461 3847 57 19 state
531 3847 24 19 to
565 3844 64 22 allow

40 3867 26 22 of
79 3867 127 23 immediate
220 3869 114 26 selection,
350 3871 26 26 is,
393 3871 47 22 that
454 3871 38 21 the
502 3871 93 27 priority
605 3871 25 22 of

40 3894 73 22 choice
132 3895 19 21 is
170 3896 92 21 secured
275 3897 23 21 in
317 3897 38 22 the
375 3897 64 22 order
458 3897 24 22 in
497 3897 73 23 which
588 3898 37 23 the

40 3921 139 26 registration
188 3922 26 22 of
226 3922 36 22 the
273 3923 108 28 purchase
391 3924 18 21 is
419 3924 72 22 made.

66 3949 51 22 Port
127 3948 131 29 Nicholson,
270 3950 65 28 April
346 3951 33 26 14,
392 3952 60 21 1840.
639 3945 6 18 J

679 403 63 23 THE
766 404 90 24 FIRST
877 405 82 22 SHOP
983 405 124 23 OPENED
1133 406 36 22 IN
1189 405 74 24 PORT

878 432 190 23 NICHOLSON.

722 464 56 21 The
794 466 144 21 Britannia
952 466 83 21 Hotel
1052 467 55 21 and
1125 467 100 21 Stores.

678 498 36 48 J
749 498 112 23 PIERCE
875 499 56 28 begs
947 503 24 19 to
987 501 82 21 inform
1084 501 35 22 his
1128 500 85 23 friends
1223 499 40 23 and

718 536 10 10 •
747 525 37 21 the
794 526 81 28 public,
886 526 50 22 that
944 527 36 22 his
988 527 72 22 Stores
1068 534 37 15 are
1114 534 50 15 now
1173 527 90 28 opened,

677 551 45 22 and
732 551 49 23 that
790 555 30 24 by
830 554 110 22 attention
949 554 46 22 and
1009 554 109 27 diligence
1128 555 28 21 he
1166 555 69 27 hopes
1244 557 19 18 to

677 579 67 21 merit
753 579 58 22 their
820 583 128 24 patronage.

705 612 21 21 J.
737 612 87 23 Pierce
834 614 53 28 begs
897 617 24 19 to
931 614 83 23 submit
1026 614 37 23 the
1074 614 115 28 following
1198 615 38 21 list
1244 614 19 23 of

678 639 69 27 goods
755 647 5 14 :
762 652 32 4 —

705 674 119 22 Groceries
834 674 26 22 of
870 674 30 22 all
910 675 73 22 kinds.

705 701 78 26 Bread,
795 701 64 27 flour,
870 702 45 21 and
925 702 87 22 biscuit.

705 727 84 28 Spirits,
807 728 75 27 wines,
900 729 35 21 ale
953 728 46 22 and
1013 733 82 24 porter,
1112 730 24 22 in
1154 730 52 23 cask
1222 730 41 23 and

677 754 76 22 bottle.

704 781 62 22 York
772 782 46 21 and
824 781 138 28 Westphalia
968 781 70 28 hams,
1046 783 24 22 in
1078 784 60 26 good
1145 784 118 23 condition.

704 808 175 29 Haberdashery
889 809 26 21 of
926 809 28 21 all
964 809 72 22 kinds.

705 835 162 28 Ironmongery
877 836 47 21 and
933 836 91 32 cutlery.

703 862 65 22 Nails
777 863 72 21 direct
856 863 59 22 from
924 863 38 22 the
972 863 116 22 Britannia
1096 864 81 23 works.

704 896 22 22 J.
742 896 86 22 Pierce
842 896 69 28 hopes
921 896 48 22 that
979 897 37 21 the
1030 898 143 27 competitive
1183 901 80 24 system

677 922 26 21 of
713 922 93 27 puffing,
818 930 24 13 so
853 924 68 20 much
931 923 110 27 practised
1049 925 23 20 in
1084 924 38 22 the
1137 925 37 21 old
1189 925 74 26 world,

677 948 44 21 will
737 955 70 14 never
823 949 28 20 be
866 948 133 23 introduced
1014 950 24 21 in
1054 950 45 22 this
1116 951 99 28 Colony;
1236 951 27 21 he

676 974 111 21 therefore
795 974 94 22 refrains
899 975 58 22 from
969 976 143 28 introducing
1126 978 78 27 prices,
1222 977 41 23 and

677 1000 85 28 merely
770 1001 82 22 invites
862 1009 13 14 a
886 1002 55 22 trial.

704 1034 54 22 Port
767 1034 131 29 Nicholson,
910 1036 66 28 April
985 1038 31 26 13,
1029 1038 61 21 1840.

887 1091 165 26 WANTED,

678 1122 164 50 SEVERAL
865 1125 153 23 SAWYERS.
1057 1126 78 28 Apply
1150 1129 22 19 to
1188 1127 26 21 T.
1231 1126 32 22 M.

742 1150 134 23 Partridge
887 1152 45 22 and
942 1153 39 21 Co.

703 1184 65 28 April
779 1186 33 26 11,
823 1187 61 21 1840.

679 1242 28 23 a
713 1242 129 23 TORAGE
853 1247 21 19 to
884 1244 28 22 be
922 1244 52 24 had.
1003 1245 76 28 Apply
1087 1249 22 19 to
1117 1247 26 21 T.
1149 1245 33 24 M.
1192 1248 71 22 Part-

677 1268 33 23 ks
741 1277 70 15 ridge
823 1271 44 22 and
879 1271 39 22 Co.

830 1327 24 20 J.
870 1328 33 20 A.
919 1329 191 21 LANGFORD

675 1359 108 49 BEGS
793 1363 23 18 to
823 1360 82 23 inform
910 1362 35 22 his
951 1362 93 22 Friends
1050 1363 45 22 and
1101 1363 39 23 the
1147 1364 115 28 Colonists,

752 1386 48 23 that
809 1387 28 22 he
847 1387 40 23 has
898 1389 146 22 commenced
1051 1390 103 23 business
1164 1399 24 14 a3

675 1420 77 22 Chair
770 1421 94 28 Maker,
885 1422 94 29 Joiner,
1004 1423 44 22 and
1068 1424 73 23 Wood
1159 1425 103 23 Turner.

689 1454 83 23 Orders
782 1456 109 21 executed
900 1457 25 21 in
934 1457 38 22 the
981 1461 59 18 most
1048 1462 92 25 prompt
1148 1466 100 16 manner.

701 1489 108 28 Opposite
820 1491 36 22 the
866 1491 119 22 Britannia
997 1491 77 24 Hotel.
1245 1501 16 14 m

915 1545 104 20 LAND.

673 1576 186 48 WANTED,
877 1578 100 22 Sections
991 1579 53 23 with
1056 1580 70 23 Town
1137 1582 78 27 Acres,
1225 1583 38 22 be-

771 1607 71 19 tween
867 1605 55 22 Nos.
945 1607 42 21 200
1009 1607 46 22 and
1077 1610 49 20 300.
1164 1610 98 22 Address

675 1629 29 22 X.
715 1629 28 23 Y.
754 1630 34 28 Z.,
800 1635 23 17 at
833 1632 36 21 the
1037 1634 78 23 Office.

701 1665 66 26 April
776 1667 20 24 9,
809 1667 59 21 1840.

856 1722 108 21 TOWN
981 1723 97 22 LAND

858 1758 22 18 to
886 1756 115 27 purchase.
1030 1757 70 29 Early
1107 1759 76 22 choice
1188 1760 72 22 would

691 1786 10 16 T
713 1785 12 17 T
770 1781 28 22 be
808 1782 119 27 preferred.
957 1784 76 28 Apply
1042 1788 23 18 to

1026 1818 124 23 ROBERT
1164 1820 70 24 TOD.

701 1849 54 21 Port
765 1849 131 30 Nicholson,
908 1851 66 28 April
983 1853 32 27 23,
1028 1854 61 21 1840.

915 1907 104 21 LAND.

673 1938 176 48 WANTED
860 1943 22 18 to
892 1940 114 28 purchase,
1016 1942 143 24 SEVERAL
1169 1945 92 22 TOWN

769 1967 105 21 ACRES.
905 1967 68 28 Early
987 1969 87 22 choices
1089 1971 73 21 would
1174 1972 27 21 be
1213 1980 49 19 pre-

672 1992 80 21 ferred.
781 1993 75 26 Axsply
867 1997 22 16 to
896 1994 44 20 Mr.
951 1994 90 27 Dudley
1051 1997 101 21 Sinclair.
1162 2016 4 3 .
1198 2011 12 9 *
1247 2005 9 6 -

915 2049 104 20 LAND.

673 2079 97 48 ANY
790 2078 135 23 Gentleman
945 2081 94 28 wishing
1058 2085 23 20 to
1100 2082 87 29 dispose
1207 2086 25 21 of
1250 2093 13 15 a

752 2105 66 22 Land
828 2107 79 27 Order,
917 2115 52 19 may
980 2108 53 22 hear
1043 2110 27 21 of
1081 2117 13 14 a
1103 2111 120 26 purchaser
1234 2120 28 14 on

673 2132 149 28 appplication
834 2137 20 18 to

871 2160 128 23 SAMUEL
1013 2162 47 23 Me.
1075 2163 159 31 DONNELL,

811 2195 54 21 Last
877 2195 66 28 Tent,
959 2199 53 20 west
1027 2197 44 22 end
1086 2197 27 23 of
1128 2198 38 22 the
1180 2199 81 24 Beach.

700 2226 39 22 Sth
749 2227 72 28 April,
834 2230 60 21 1840.

817 2285 110 22 TENTS
942 2287 67 21 FOR
1025 2288 96 21 SALE.

675 2316 89 48 FOR
778 2317 84 28 SALE,
876 2322 43 18 two
929 2319 129 29 handsome,
1068 2325 84 24 strong,
1164 2322 45 22 and
1218 2330 45 15 ser-

734 2343 99 23 viceable
842 2345 110 23 ROUND
962 2347 103 27 TENTS,
1075 2349 46 22 and
1131 2357 12 13 a
1154 2349 108 27 damaged

675 2369 122 25 SQUARE
811 2372 101 28 DITTO,
929 2374 32 27 by
980 2374 135 28 Edgington.
1144 2376 77 28 Apply
1239 2380 23 18 at

673 2395 37 23 the
721 2397 66 22 Land
797 2398 77 23 Office.

700 2430 54 23 Port
763 2431 131 29 Nicholson,
905 2434 56 28 May
970 2436 20 25 2,
1002 2437 60 21 1840.

825 2488 108 22 BRICK
948 2490 156 22 MAKING-.

670 2521 184 49 WANTED,
863 2522 61 23 three
932 2524 77 28 steady
1015 2524 121 24 workmen.
1157 2526 75 26 Apply
1237 2530 22 18 to

990 2552 44 21 Mr.
1046 2552 22 22 J.
1078 2552 152 23 TELFORD.

882 2606 47 20 ON
945 2606 94 21 SALE.

670 2638 92 48 MR.
787 2638 21 22 J.
832 2638 143 24 TELFORD
999 2640 63 22 HAS
1086 2640 62 22 FOR
1171 2641 84 27 SALE,

851 2667 22 21 A
887 2666 81 22 BELL
981 2667 89 22 TENT.

836 2721 98 21 LAND
949 2722 145 21 ORDERS.

669 2753 92 48 MR.
778 2754 21 22 J.
814 2755 143 23 TELFORD
972 2755 41 22 has
1025 2762 29 15 on
1065 2755 57 28 Sale,
1133 2755 70 23 Town
1213 2755 44 23 and

743 2781 99 28 Country
852 2783 107 26 Sections,
971 2783 68 21 about
1048 2782 55 22 Nos.
1112 2783 143 22 Booandßo2.

669 2808 36 21 He
715 2808 19 21 is
745 2808 46 22 also
801 2809 123 23 instructed
940 2813 22 18 to
977 2809 109 28 purchase
1103 2810 37 22 the
1158 2810 98 27 Country

668 2834 65 22 Land
742 2835 22 21 in
777 2843 11 13 a
799 2836 85 21 section
894 2837 25 21 of
931 2836 38 22 the
981 2836 47 22 first
1043 2837 68 22 series
1126 2837 72 21 under
1211 2837 43 21 No.

667 2863 48 20 600.

694 2895 55 22 Port
757 2895 132 29 Nicholson,
899 2897 66 28 April
974 2899 33 26 10,
1018 2899 62 21 1840.

830 2951 98 21 LAND
947 2953 144 21 ORDERS.

671 2982 161 36 QEVERAL
839 2983 43 23 lots
891 2985 24 21 of
921 2985 69 22 Town
997 2986 46 21 and
1050 2986 100 27 Country
1156 2986 99 22 Sections

669 3008 34 23 k>
733 3010 35 21 for
777 3011 57 26 Sale,
847 3011 32 27 by
894 3011 88 23 Private
999 3013 112 22 Contract.
1140 3013 76 28 Apply
1232 3016 23 18 to

667 3036 27 22 R.
710 3036 28 22 R.
756 3037 99 28 Strang,
875 3038 61 28 Esq.,
954 3039 107 28 Solicitor,
1078 3039 44 23 No.
1136 3042 21 25 4,
1176 3040 78 27 Clyde-

667 3067 92 24 terrace,
771 3071 26 14 or
806 3067 21 19 to
837 3064 45 22 Mr.
894 3065 20 22 J.
926 3065 96 23 Telford.

694 3097 54 22 Port
757 3098 130 28 Nicholson,
899 3099 65 28 April
973 3101 32 26 24,
1018 3101 61 22 1840.

881 3155 48 20 ON
946 3154 95 21 SALE.

667 3187 92 48 MR.
774 3187 143 23 TELFORD
928 3187 40 23 has
978 3196 28 14 on
1016 3189 54 26 sale,
1089 3189 85 27 Starch,
1191 3187 61 24 Mar-

759 3214 93 28 malade,
864 3214 45 22 and
914 3215 97 28 Tickles,
1023 3215 45 22 and
1086 3223 54 20 very
1156 3216 97 28 superior

666 3240 99 27 Brandy.

693 3275 55 22 Port
756 3275 131 28 Nicholson,
898 3276 52 22 24th
961 3276 71 28 April,
1043 3277 60 26 1840,

798 3331 152 21 WEEKLY
964 3331 162 22 MARKET.

667 3372 92 48 MR.
774 3371 23 23 J.
811 3371 144 23 TELFORD
969 3372 40 22 has
1023 3373 111 27 arranged
1143 3377 22 18 to
1176 3373 56 21 have
1243 3379 12 15 a

757 3406 94 16 weekly
875 3407 94 14 market
995 3407 30 15 on
1048 3400 140 22 MONDAY
1211 3398 42 23 and

667 3425 168 23 SATURDAY
849 3426 167 28 EVENINGS,
1034 3430 22 18 at
1065 3427 35 21 his
1110 3427 141 25 Warehouse,

667 3451 58 22 from
734 3453 16 21 4
759 3456 22 18 to
792 3454 12 20 7
815 3453 91 27 o'clock,
919 3453 67 28 being
999 3454 111 22 intended
1125 3453 81 28 chiefly
1221 3453 32 22 for

667 3477 37 23 the
726 3480 192 22 accommodation
938 3480 27 22 of
981 3480 143 22 Workmen's
1143 3480 109 22 Families.

667 3504 47 22 The
732 3505 115 29 following
865 3507 89 23 articles
971 3507 45 22 will
1034 3507 28 22 be
1082 3508 48 22 sold
1148 3508 24 22 in
1192 3506 61 23 small

667 3532 126 27 quantities,
805 3537 22 17 at
835 3533 131 23 reasonable
975 3534 73 27 prices
1054 3542 5 14 :
1061 3546 31 5 —

693 3571 75 28 Flour,
789 3575 103 26 oatmeal,
912 3581 71 20 sugar,
1004 3577 44 25 tea,
1074 3575 76 27 coffee,
1173 3575 78 25 butter,

667 3598 85 28 cheese,
764 3601 96 27 candles,
872 3608 61 21 soap,
944 3603 39 21 &c.
995 3602 41 22 &c.

693 3632 54 23 Port
755 3634 130 28 Nicholson,
896 3635 66 27 April
971 3637 33 25 10,
1015 3637 62 20 1840.

881 3690 46 20 ON
943 3690 95 21 SALE.

666 3720 91 49 MR.
773 3721 21 22 J.
809 3722 143 23 TELFORD
968 3724 53 31 begs
1037 3726 23 19 to
1075 3723 110 26 intimate,
1204 3721 48 23 that

756 3747 29 23 he
795 3748 39 22 has
845 3756 30 15 on
885 3750 56 27 Sale,
954 3754 22 17 at
984 3750 36 21 his
1030 3751 86 26 House,
1125 3752 24 19 at
1157 3749 38 21 the
1205 3752 47 19 east

663 3773 45 22 end
727 3773 27 22 of
773 3774 36 22 the
827 3776 135 28 Company's
980 3776 155 27 Warehouses,
1161 3782 29 15 on
1215 3775 35 23 the

663 3799 83 28 Beach,
757 3808 29 15 an
796 3805 133 20 assortment
938 3803 27 22 of

689 3834 124 23 Hardware
822 3836 26 21 of
859 3835 37 23 the
907 3836 48 22 first
964 3836 93 27 quality,

688 3861 69 22 Flour
767 3862 44 21 and
821 3862 103 26 oatmeal,

688 3888 78 28 Sugar,
778 3892 41 24 tea,
831 3888 45 22 and
886 3888 76 27 coffee,
1238 3888 3 21 I

687 3914 91 28 Cheese,
790 3916 80 26 butter,
882 3912 44 25 and
936 3915 87 23 various
1034 3916 64 23 other
1108 3916 94 23 articles,
1236 3927 3 12 i

660 3948 53 22 Port
723 3949 130 27 Nicholson,
867 3949 63 28 April
941 3951 31 26 10,
984 3951 61 21 1840.
1259 3968 2 3 .

1269 405 2 9 1
1300 405 90 36 qiHE
1405 403 157 26 PICKWICK
1579 407 79 22 CLUB
1674 408 39 21 OF
1728 409 73 21 NEW
1814 409 70 22 ZEA-

1307 429 28 23 JL
1373 432 96 29 LAND,
1486 433 34 22 for
1535 435 112 21 members
1664 435 44 21 and
1723 435 85 22 friends
1825 436 58 30 only,

1297 457 44 22 will
1350 463 61 18 meet
1422 467 66 20 every
1506 460 105 28 Tuesday
1627 462 103 26 evening,
1748 465 24 18 at
1788 462 44 22 Mr.
1848 463 35 21 W.

1297 483 103 24 Elsdon's
1420 487 146 22 Commercial
1585 487 44 22 Inn
1646 487 45 22 and
1704 488 97 23 Tavern.
1836 489 47 22 The

1298 510 60 24 chair
1368 515 23 19 to
1400 513 29 21 be
1439 513 66 22 taken
1517 516 24 19 at
1550 513 14 23 7
1574 514 85 22 o'clock
1668 515 115 28 precisely.

1324 544 54 23 Port
1387 546 129 27 Nicholson,
1529 546 57 28 May
1595 549 20 25 8,
1626 549 60 21 1840.

1269 614 2 6 .
1326 599 238 22 COMMERCIAL
1580 602 67 20 INN
1661 602 20 21 &
1696 603 156 26 TAVERN,

1298 631 90 49 MR.
1399 632 36 22 W.
1446 633 122 23 ELSDON
1576 635 54 26 begs
1636 638 22 18 to
1665 635 82 22 inform
1755 635 34 22 his
1799 636 83 23 friends

1369 659 46 22 and
1421 659 37 22 the
1466 660 80 28 public,
1553 660 51 22 that
1609 661 37 22 the
1653 661 70 22 above
1730 662 69 22 house
1806 663 19 21 is
1832 670 49 15 now

1296 691 63 21 open,
1371 686 46 22 and
1422 687 81 26 parties
1507 687 104 27 favoring
1616 687 47 23 him
1669 688 53 22 with
1729 689 58 21 their
1792 692 89 25 patron-

1296 718 39 21 age
1352 712 45 22 will
1416 713 48 22 find
1482 720 67 21 every
1566 715 193 22 accommodation
1775 715 35 22 for
1824 716 57 22 their

1296 738 99 28 comfort,
1405 740 94 27 coupled
1509 740 53 22 with
1572 741 138 22 moderation
1719 742 24 21 in
1755 742 98 27 charges.

1321 771 85 28 Wines,
1417 773 79 27 spirits,
1508 774 45 21 and
1562 774 85 22 bottled
1661 774 34 23 ale
1710 775 47 22 and
1770 779 75 24 porter
1860 776 24 22 of

1297 798 111 23 excellent
1418 800 91 28 quality.

1291 849 3 5 ,
1321 832 57 22 Cold
1387 833 71 27 joints
1468 833 81 28 always
1563 835 81 27 ready;
1665 835 51 22 and'
1724 842 31 15 an
1770 835 110 28 Ordinary

1295 857 59 28 daily
1364 861 25 19 at
1397 859 51 26 five,
1458 867 53 20 p.m.

1321 890 125 23 Harmonic
1456 892 108 28 meetings
1580 901 67 20 every
1657 894 110 28 Saturday
1777 896 102 26 evening.

1294 944 91 21 PORT
1403 946 200 21 NICHOLSON
1622 947 156 27 TAVERN,
1798 950 83 19 EAT-

1324 971 66 22 ING
1404 972 121 26 HOUSE,
1540 974 21 20 &
1576 974 130 21 COFFEE
1722 976 125 21 ROOMS.

1295 1004 34 48 J
1357 1005 107 23 ALLEN
1481 1006 54 27 begs
1550 1009 23 19 to
1589 1007 81 22 inform
1687 1007 34 22 his
1736 1008 86 22 friends
1837 1009 45 22 and

1333 1042 11 10 •
1375 1032 38 21 the
1423 1032 80 28 public,
1521 1033 48 21 that
1577 1033 30 21 he
1616 1034 41 22 has
1667 1035 88 26 opened
1764 1035 38 22 the
1813 1035 69 22 above

1293 1056 76 28 house,
1382 1063 55 17 next
1446 1059 53 22 door
1509 1063 22 18 to
1541 1060 46 22 Mr.
1604 1061 21 21 J.
1641 1061 97 27 Telford,
1755 1061 45 22 and
1814 1062 68 27 hopes

1295 1084 28 28 by
1333 1085 62 22 strict
1404 1087 109 21 attention
1524 1089 21 19 to
1556 1091 60 17 meet
1629 1087 54 22 with
1692 1095 14 14 a
1715 1088 65 22 share
1791 1089 27 21 of
1827 1089 55 28 pub-

1293 1110 28 22 lic
1331 1115 129 24 patronage.

1321 1144 28 23 In
1360 1146 126 23 connexion
1496 1148 53 21 with
1559 1148 38 21 the
1607 1148 77 28 above,
1701 1148 22 23 J.
1735 1150 29 21 A.
1780 1150 41 21 has
1836 1150 45 22 also

1295 1172 85 28 opened
1389 1173 35 22 his
1434 1174 130 22 Butcher's
1578 1176 61 21 Shop
1653 1176 45 21 and
1712 1176 111 22 Grocery
1837 1177 46 21 and

1295 1198 122 23 Provision
1434 1200 155 28 Warehouse,
1605 1202 74 22 where
1695 1202 38 22 the
1749 1203 74 26 public
1839 1211 42 14 can

1293 1225 27 22 be
1336 1226 103 28 supplied
1453 1227 52 22 with
1521 1232 61 18 meat
1602 1228 44 23 and
1661 1229 30 22 all
1707 1228 67 23 kinds
1790 1230 26 21 of
1830 1237 52 21 pro-

1294 1252 89 23 visions.

1307 1307 228 23 DISSOLUTION
1550 1310 44 21 OF
1607 1310 258 22 PARTNERSHIP.

1293 1341 145 47 NOTICE
1453 1341 28 23 IS
1499 1343 129 22 HEREBY
1647 1344 107 27 GIVEN,
1775 1344 48 23 that
1842 1345 38 22 the

1374 1368 142 29 Partnership
1529 1371 101 21 between
1646 1370 37 22 the
1696 1371 152 27 undersigned
1861 1371 19 22 is

1293 1393 116 29 dissolved,
1422 1400 78 23 except
1509 1404 24 14 so
1549 1397 34 21 far
1599 1405 23 14 as
1637 1397 80 22 relates
1733 1401 23 18 to
1771 1398 108 27 Consign-

1293 1425 71 17 ments
1375 1421 45 23 and
1430 1423 109 26 Agencies
1549 1430 51 15 now
1609 1424 102 21 received
1723 1432 24 13 or
1763 1425 49 21 that
1826 1432 53 20 may

1293 1447 26 22 he
1329 1447 120 23 addressed
1458 1452 23 18 to
1491 1449 38 22 the
1537 1450 52 22 firm
1599 1451 59 27 prior
1670 1454 23 18 to
1708 1451 75 22 notice
1799 1452 26 21 of
1836 1451 43 22 this

1293 1473 138 24 dissolution.

1509 1503 26 22 E.
1550 1503 149 28 DANIELL,

1508 1530 124 22 DANIEL
1646 1531 184 22 RIDDIFORD.

1319 1555 54 21 Port
1382 1555 130 28 Nicholson,
1523 1557 57 27 May
1591 1559 32 25 12,
1635 1559 60 20 1840.

1501 1611 167 25 WANTED,

1293 1642 49 49 A
1352 1642 169 23 SITUATION
1535 1651 25 15 as
1573 1644 230 23 BOOK-KEEPER.
1831 1646 48 21 Un-

1371 1670 167 28 exceptionable
1556 1671 125 22 references
1696 1679 44 14 can
1755 1673 28 21 be
1803 1672 73 27 given.

1293 1695 85 23 Letters
1389 1696 119 23 addressed
1519 1698 30 21 D.
1561 1697 26 22 F.
1598 1698 32 27 P.,
1670 1699 93 22 Gazette
1801 1699 76 28 Ofiice,

1293 1723 42 22 will
1344 1727 62 18 meet
1411 1723 53 22 with
1473 1727 90 25 prompt
1571 1726 117 21 attention.

1319 1750 54 22 Port
1382 1750 129 28 Nicholson,
1524 1751 57 27 May
1591 1753 32 26 13,
1637 1753 59 21 1840.

1292 1804 171 48 HAND
1479 1805 26 21 T.
1523 1806 85 21 COOK
1623 1806 45 27 beg
1683 1809 23 19 to
1722 1814 117 14 announce
1856 1810 23 18 to

1354 1842 11 10 •
1397 1831 56 22 their
1460 1832 84 22 friends
1550 1832 45 21 and
1602 1833 37 21 the
1647 1833 105 22 colonists
1757 1833 127 29 generally^

1293 1857 47 22 that
1352 1858 54 27 they
1415 1858 56 22 have
1486 1860 88 26 opened
1584 1866 13 14 a
1607 1859 124 23 Wholesale
1747 1860 45 22 and
1806 1861 73 21 Retail

1293 1884 61 22 Store
1365 1888 23 18 at
1397 1884 112 29 Thordon,
1521 1893 54 14 near
1586 1886 43 22 Mr.
1641 1887 113 27 Barrett's,
1766 1887 45 21 and
1821 1887 58 27 hope

1292 1910 28 28 by
1330 1911 119 28 supplying
1458 1919 59 15 none
1529 1913 41 21 but
1579 1912 69 28 goods
1659 1913 25 22 of
1690 1913 38 22 the
1739 1913 48 22 best
1794 1914 85 27 quality

1291 1937 45 22 and
1345 1941 24 18 at
1381 1938 113 22 moderate
1509 1940 79 26 prices,
1604 1943 23 18 to
1637 1941 65 21 merit
1711 1940 38 21 the
1759 1940 120 22 continued

1291 1968 92 24 support
1390 1966 26 21 of
1421 1965 61 22 those
1489 1961 51 26 who
1549 1973 51 20 may
1608 1966 78 22 favour
1693 1967 63 22 them
1763 1967 52 22 with
1822 1967 57 23 their

1292 1991 83 21 orders.

1317 2022 49 22 The
1375 2023 113 28 following
1498 2031 37 15 are
1545 2032 14 14 a
1566 2025 43 21 few
1616 2025 26 22 of
1648 2026 36 21 the
1695 2026 88 22 articles
1793 2027 29 21 H.
1834 2027 45 21 and

1291 2048 24 22 T.
1328 2049 24 21 C.
1362 2049 59 23 have
1430 2053 23 19 at
1465 2054 91 23 present
1564 2052 35 20 for
1612 2052 53 27 sale,
1680 2053 46 20 and
1736 2053 53 26 they
1800 2056 79 24 expect

1291 2075 84 28 shortly
1385 2083 13 15 a
1407 2084 61 14 more
1482 2078 115 22 extensive
1611 2081 133 20 assortment
1754 2080 57 21 from
1822 2079 55 28 Syd-

1291 2108 42 21 ney
1343 2103 46 22 and
1398 2103 37 22 the
1445 2103 47 28 Bay
1503 2104 25 22 of
1535 2104 95 22 Islands.

1317 2136 74 28 Wine,
1402 2137 53 22 Port
1465 2138 44 21 and
1519 2138 89 28 Sherry,

1317 2163 98 28 Brandy,

1317 2190 119 28 Hollands,

1317 2216 67 28 Rum,

1317 2244 45 21 Ale
1371 2246 23 20 in
1405 2244 69 23 bottle
1484 2245 131 28 (Dunbar's)

1317 2270 80 23 Porter
1407 2272 61 26 ditto,

1317 2297 76 27 Flour,

1317 2324 92 28 Biscuit,

1317 2351 62 28 Rice,

1316 2378 48 22 Tea
1373 2378 76 28 coffee,
1465 2387 72 20 sugar,
1549 2380 20 22 &
1581 2380 62 22 other
1657 2381 117 27 groceries,
1785 2381 40 23 &c.
1836 2381 40 23 &c.

1289 2411 130 29 Thomdon,
1430 2413 55 28 May
1495 2414 20 27 7,
1527 2415 62 20 1840.

1289 2465 92 23 HHHE
1396 2466 226 24 UNDERSIGNED
1633 2468 55 22 offer
1693 2469 37 22 for
1736 2469 57 28 Sale,
1802 2476 28 15 on
1839 2470 38 21 the

1296 2489 30 24 JL
1364 2493 45 22 Lot
1418 2493 68 22 above
1498 2495 47 21 Col.
1556 2495 151 28 Wakefield's,

1313 2527 42 20 300
1366 2527 71 22 dozen
1444 2528 131 27 Hodgson's
1583 2529 49 27 pale
1643 2529 41 27 ale,

1314 2554 28 21 50
1352 2554 50 22 best
1412 2554 138 28 Westphalia
1558 2555 71 28 hams,

1312 2581 43 21 200
1364 2582 63 22 2-cut
1435 2582 80 27 yellow
1525 2582 69 27 deals,

1314 2607 101 28 Battens,

1312 2635 28 21 30
1351 2635 72 21 dozen
1432 2635 58 27 good
1500 2635 84 28 sherry,

1311 2662 15 20 4
1336 2661 65 22 hhds.
1411 2662 99 28 superior
1519 2663 99 28 Brandy,

1312 2688 28 22 30
1350 2688 65 23 casks
1424 2689 62 28 nails,
1499 2690 107 22 assorted.

1488 2724 26 21 T.
1530 2724 34 22 M.
1580 2724 183 23 PARTRIDGE
1774 2725 44 22 and
1826 2726 48 22 CO.

1476 2757 55 23 Bills
1542 2765 30 15 on
1582 2758 97 27 Sydney.

1312 2791 56 22 Port
1376 2792 131 26 Nicholson,
1517 2791 40 23 Sth
1568 2792 70 28 April,
1650 2794 60 21 1840.

1399 2845 83 29 SALE,
1508 2846 42 23 BY
1578 2846 63 23 THE
1663 2847 209 27 SUBSCRIBERS,

1312 2899 104 23 Hawes's
1434 2900 95 22 London
1549 2907 60 21 soap,
1632 2900 25 22 in
1674 2900 59 22 281b.
1754 2900 44 22 and
1816 2900 56 22 161b.

1284 2926 77 27 boxes,

1312 2953 65 22 Ditto
1388 2953 95 28 candles,
1495 2954 56 28 dips,
1562 2954 24 22 in
1596 2954 57 22 361b.
1663 2954 77 27 boxes,

1312 2980 125 28 Wrapping
1445 2988 76 20 paper,

1312 3007 139 28 Stationery;
1467 3008 45 22 and

1348 3048 115 15 EXPECTED
1478 3049 78 19 DAILY,
1573 3049 27 14 BY
1615 3049 45 14 THE

1312 3072 104 23 Window
1424 3074 65 27 glass,
1502 3074 94 22 suitable
1606 3074 62 26 sizes,

1312 3100 106 26 Superior
1427 3100 146 27 champagne,
1583 3100 24 21 in
1617 3100 95 27 bassets,

1311 3125 100 28 Brandy,
1422 3126 22 21 in
1453 3126 65 21 hhds.
1530 3128 45 20 and
1584 3130 89 24 quarter
1683 3126 71 28 casks,

1312 3152 82 27 Claret,
1405 3153 24 21 in
1439 3160 66 20 cases,

1310 3179 131 27 Burgundy,
1453 3180 23 21 in
1487 3180 64 26 ditto,

1310 3206 92 22 Bottled
1411 3206 84 28 sherry,

1310 3233 66 22 Ditto
1385 3236 57 24 port.

1485 3260 25 22 T.
1527 3260 34 23 M.
1577 3260 184 23 PARTRIDGE
1771 3261 44 22 and
1825 3261 45 22 CO.

1284 3314 124 23 MESSRS.
1423 3315 112 22 HENRY
1549 3315 109 23 MEECH
1669 3315 20 22 &
1701 3315 169 26 OXENHAM,

1340 3349 179 26 Shipwrights
1531 3350 56 20 and
1596 3350 70 20 Boat
1675 3349 135 24 Builders,

1283 3382 93 48 BEG
1384 3382 64 22 leave
1458 3385 23 19 to
1491 3389 119 16 announce
1620 3385 23 19 to
1651 3382 37 22 the
1695 3385 81 24 gentry
1783 3382 44 21 and
1834 3381 38 22 the

1359 3409 82 27 public,
1451 3409 49 22 that
1508 3409 86 32 haying
1601 3417 14 13 a
1622 3408 110 28 thorough
1740 3408 132 27 knowledge

1284 3436 26 21 of
1321 3435 55 29 Ship
1385 3436 45 21 and
1439 3436 58 21 Boat
1505 3436 113 27 Building,
1627 3436 54 27 they
1689 3442 41 15 can
1740 3434 54 23 with
1803 3436 69 21 confi-

1283 3462 71 22 dence
1372 3462 124 22 undertake
1512 3466 24 18 to
1555 3462 63 22 build
1636 3469 45 20 any
1698 3462 133 27 description
1849 3462 25 21 of

1283 3488 81 28 Yacht,
1374 3489 62 27 Boat,
1446 3497 24 14 or
1480 3490 81 26 Barge,
1568 3497 60 20 upon
1636 3488 55 23 such
1701 3492 67 18 terms
1779 3496 23 14 as
1811 3491 61 19 must

1282 3523 82 15 ensure
1375 3516 59 22 them
1445 3516 38 22 the
1491 3516 122 22 continued
1618 3519 123 25 patronage
1750 3514 25 22 of
1786 3514 29 23 all
1822 3514 50 23 who

1282 3542 59 22 have
1352 3550 56 15 once
1418 3543 118 28 employed
1546 3543 69 21 them.

1310 3577 92 21 Messrs.
1414 3576 30 22 H.
1456 3577 33 22 M.
1500 3577 47 21 and
1557 3577 27 21 O.
1596 3575 50 22 take
1653 3575 38 22 the
1700 3575 143 27 opportunity
1850 3575 26 22 of

1281 3603 120 27 returning
1417 3603 59 22 their
1495 3603 86 22 sincere
1604 3602 82 22 thanks
1705 3601 35 22 for
1763 3601 37 23 the
1818 3609 54 21 very

1281 3629 80 23 liberal
1371 3634 92 24 support
1472 3630 54 27 they
1536 3630 57 21 have
1603 3629 90 27 already
1703 3631 47 19 met
1759 3628 59 23 with.

1364 3664 40 22 All
1414 3664 74 22 orders
1497 3663 132 28 punctually
1640 3662 106 22 attended
1760 3665 30 19 to.

1309 3697 53 22 Left
1371 3697 45 22 side
1427 3698 26 21 of
1464 3698 38 21 the
1513 3698 69 21 River
1591 3697 65 27 Hutt,

1375 3731 66 28 April
1451 3733 32 26 14,
1495 3733 63 20 1840.
1752 3738 10 14 s

1337 3784 128 21 WHALE
1481 3784 69 24 OIL,
1561 3783 87 22 IRON
1662 3784 93 24 POTS,
1771 3784 43 21 &c.

1281 3817 95 49 JUST
1399 3815 137 28 LANDED,
1557 3818 24 19 at
1597 3816 49 22 Jas.
1671 3816 95 22 Taine's
1785 3816 82 25 Stores,

1345 3843 129 26 Thomdon,
1490 3843 43 21 550
1549 3842 85 27 gallons
1647 3843 51 21 best
1714 3842 66 23 black
1798 3842 71 21 whale

1281 3871 36 26 oil,
1329 3878 14 14 a
1350 3870 62 27 large
1422 3869 95 22 number
1523 3868 26 22 of
1556 3869 48 21 iron
1609 3871 49 25 pots
1666 3876 25 14 or
1756 3869 95 27 ashores,

1279 3896 130 29 negroliead
1438 3896 98 22 tobacco,
1562 3895 69 28 pipes,
1657 3895 86 27 knives,
1771 3895 95 26 scissors,

1279 3930 89 23 spoons,
1380 3922 94 23 worsted
1483 3930 60 20 caps,
1555 3922 134 26 comforters,
1706 3928 65 21 gown
1783 3921 83 28 pieces,

1279 3950 87 27 shawls,
1377 3949 45 24 and
1430 3958 14 14 a
1452 3949 92 28 general
1554 3951 132 21 assortment
1696 3949 26 22 of
1731 3948 74 29 goods'.

1971 412 99 22 BANK
2084 414 44 21 OP
2142 416 90 20 PORT
2246 417 205 23 NICHOLSON.

1918 444 134 24 CAPITAL
2191 448 35 21 IN
2243 450 64 21 2.500
2323 450 120 25 SHARES
2461 453 39 22 OF

2131 475 47 21 £20
2192 475 98 28 EACH;

1916 504 33 22 To
1958 504 29 23 be
1996 506 117 23 increased
2123 511 23 18 at
2155 508 37 22 the
2201 508 118 24 discretion
2335 509 26 23 of
2373 511 36 22 the
2425 512 77 23 Direc-

1944 534 52 25 tors,
2004 532 31 28 by
2044 532 37 23 the
2091 534 59 22 issue
2159 535 26 21 of
2194 536 84 22 £1.000
2286 536 120 24 additional
2413 538 87 27 Shares,

1943 561 24 19 to
1977 559 27 21 be
2014 559 48 22 sold
2070 560 36 22 for
2115 560 37 23 the
2162 561 83 23 benefit
2255 563 27 22 of
2291 563 37 23 the
2337 564 72 23 Bank.

1950 612 51 25 The
2012 614 137 33 advantages
2159 617 115 30 produced
2284 618 30 31 by
2324 626 14 15 a
2344 618 73 26 Local
2424 620 76 30 Bank,

1914 645 57 25 both
1992 654 25 16 as
2035 656 14 15 a
2069 649 118 30 profitable
2210 650 137 25 investment
2365 652 24 23 of
2410 654 90 31 capital,

1915 680 46 23 and
1978 688 25 15 as
2022 688 14 15 a
2052 688 79 17 means
2156 683 25 23 of
2201 684 192 24 accommodation
2417 690 22 20 to
2462 687 39 24 the

1914 714 132 30 commnity,
2058 722 39 15 are
2109 719 36 20 too
2156 715 52 24 well
2224 717 137 24 established
2378 722 23 19 to
2411 721 91 30 require

1914 753 45 24 any
1977 751 114 19 comment
2109 752 23 19 at
2154 754 99 25 present.
2290 750 74 24 There
2386 751 20 23 is
2429 757 41 19 not
2487 762 15 15 a

1902 779 85 31 ■jingle
1998 780 89 23 British
2100 781 87 32 Colony
2199 783 26 23 of
2233 791 45 23 any
2285 784 139 30 importance
2431 786 66 24 with-

1912 817 40 19 out
1964 817 23 19 at
1997 813 59 24 least
2067 821 42 16 one
2121 814 56 24 such
2188 815 77 30 Bank,
2285 817 43 23 and
2340 817 24 23 in
2383 824 68 25 every
2461 819 37 24 in-

1912 850 78 19 stance
2001 846 64 25 these
2076 847 141 24 institutions
2226 857 38 16 are
2271 857 30 16 no
2310 850 46 24 less
2368 859 13 15 a
2389 859 79 17 source
2476 852 26 24 of

1911 879 70 30 profit
1992 884 22 18 to
2027 880 38 23 the
2077 880 164 25 Shareholders
2259 883 54 24 than
2331 883 26 23 of
2373 884 85 24 benefit
2476 890 23 19 to

1912 911 38 23 the
1970 913 147 30 community.
2159 913 28 24 In
2206 915 54 28 fact,
2278 915 64 24 while
2360 917 39 24 the
2417 917 82 25 Banks

1912 944 75 25 which
2009 944 58 25 have
2093 945 58 24 been
2177 948 139 24 established
2340 950 32 31 by
2399 950 101 32 English

1912 978 84 31 capital
2006 978 24 24 in
2042 978 210 27 the&Australasian
2265 982 106 25 Colonies
2390 983 75 24 divide
2476 990 24 17 at

1912 1011 38 24 the
1963 1016 86 19 utmost
2053 1008 65 27 tfora
2131 1013 15 25 7
2157 1017 23 20 to
2194 1016 30 22 10
2236 1023 43 23 per
2290 1020 67 25 cent.,
2376 1016 39 24 the
2431 1018 69 30 profit

1912 1044 27 23 of
1953 1044 38 24 the
2003 1045 164 25 Local-Banks
2183 1055 96 24 average
2296 1049 59 23 from
2376 1051 29 22 1-5
2426 1054 22 19 to
2467 1052 33 23 20

1911 1085 43 23 per
1966 1082 58 20 cent.
2030 1083 13 16 \
2055 1078 64 24 -This
2132 1079 119 25 difference
2261 1082 21 22 is
2294 1082 71 31 easily
2375 1084 126 23 accounted

1912 1110 35 23 for
1957 1118 6 16 i
1989 1118 66 23 every
2062 1111 135 26 individual
2216 1115 24 21 in
2258 1122 14 16 a
2286 1115 87 31 Colony
2384 1117 116 31 naturally

1910 1143 88 31 prefers
2022 1153 13 15 a
2057 1144 69 24 Bank
2144 1146 53 23 with
2218 1147 76 24 whose
2311 1148 127 31 Managers
2455 1150 46 23 and

1913 1176 145 31 Proprietors
2069 1178 29 23 he
2117 1178 20 23 is
2155 1181 141 28 acquainted,
2315 1181 46 24 and
2378 1182 25 23 in
2425 1182 75 24 which

1911 1209 30 22 he
1952 1209 96 25 himself
2062 1219 53 23 may
2126 1211 56 24 have
2194 1220 14 15 a
2219 1212 71 25 direct
2304 1214 102 30 interest,
2419 1219 24 20 to
2455 1224 43 15 one

1912 1243 126 23 conducted
2049 1244 30 31 by
2097 1249 123 27 strangers.
2257 1246 29 24 In
2300 1247 65 24 order
2378 1252 24 19 to
2420 1256 79 16 secure

1911 1280 24 18 to
1941 1275 45 24 *6he
1997 1277 114 31 proposed
2123 1278 69 23 Bank
2210 1279 46 24 this
2275 1280 124 31 advantage
2418 1282 25 23 in
2460 1282 38 23 the

1910 1308 79 25 fullest
2001 1310 89 31 degree,
2109 1311 37 23 the
2158 1311 78 25 shares
2248 1313 56 23 have
2321 1313 59 25 baen
2398 1315 62 23 fixed
2476 1319 23 19 at

1911 1342 58 23 such
1981 1350 29 16 an
2021 1347 110 27 amount,'
2135 1352 27 15 as
2171 1349 23 19 to
2206 1345 67 24 allow
2283 1354 44 22 any
2340 1346 121 32 Capitalist
2474 1349 24 22 hi

1910 1375 40 24 the
1966 1375 87 32 Colony
2065 1381 23 19 to
2098 1378 93 23 become

1911 1416 51 21 one,
1975 1409 120 29 therefore,
2114 1411 45 22 will
2176 1411 59 24 have
2253 1420 28 15 an
2299 1413 95 24 interest
2416 1414 25 23 in
2451 1415 48 32 .J^e

1909 1443 129 30 prosperity
2048 1443 45 23 and
2104 1444 101 31 stability
2216 1445 26 23 of
2257 1445 38 24 the
2305 1445 77 30 Bank,
2396 1447 45 23 and
2451 1448 48 23 will

1910 1475 52 30 give
1974 1476 18 23 it
2003 1484 14 15 a
2027 1477 130 30 preference
2167 1478 57 23 both
2242 1479 25 23 in
2283 1479 96 32 making
2396 1480 103 32 deposits

1910 1508 46 24 and
1968 1510 134 31 circulating
2112 1511 30 23 its
2152 1515 75 19 notes.

1945 1541 51 24 The
2009 1543 90 31 Capital
2111 1544 26 23 of
2150 1543 37 24 the
2199 1544 70 24 Bank
2280 1545 41 24 has
2332 1545 59 24 been
2402 1546 62 24 fixed
2474 1552 24 19 at

1910 1575 124 30 £50.000,
2048 1584 13 15 a
2071 1585 52 15 sum
2134 1577 73 23 which
2218 1578 19 22 it
2248 1579 21 22 is
2279 1579 106 23 assumed
2403 1580 46 23 will
2466 1581 29 23 be

1910 1609 114 23 sufficient
2042 1609 35 24 for
2095 1610 38 23 the
2144 1615 93 26 present
2336 1612 27 23 of
2377 1612 38 24 the
2433 1621 63 16 com-

1910 1642 97 31 munity.
2045 1642 58 24 This
2116 1635 89 40 Capital
2217 1652 50 21 can,
2285 1645 111 30 however,
2415 1646 28 24 be
2459 1647 38 23 in-

1911 1675 92 24 creased
2017 1680 24 19 at
2051 1676 38 23 the
2101 1677 121 23 discretion
2234 1678 26 23 of
2274 1678 37 23 the
2324 1679 127 29 Directors,
2465 1680 33 30 by

1911 1708 38 23 the
1961 1709 61 23 issue
2039 1710 25 22 of
2081 1711 74 22 1.000
2173 1710 122 24 additional
2314 1712 93 29 Shares,
2427 1717 22 19 to
2467 1713 30 23 be

1910 1741 107 32 disposed
2039 1743 25 23 of
2090 1743 35 23 for
2147 1743 37 23 the
2206 1744 85 23 benefit
2309 1745 26 23 of
2354 1745 37 23 the
2410 1745 87 24 Share-

1909 1774 92 25 holders
2010 1785 6 19 ;
2036 1776 45 23 and
2091 1777 19 22 it
2123 1776 20 23 is
2159 1777 113 31 proposed
2286 1778 49 24 that
2345 1778 40 24 the
2396 1778 68 24 Deed
2474 1779 26 24 of
2521 1793 3 4 •

1910 1808 137 24 Settlement
2058 1809 59 23 shall
2129 1811 89 22 contain
2231 1818 13 15 a
2255 1812 122 29 provision,
2395 1813 104 22 authori--

1909 1842 54 30 sing
1974 1842 37 23 the
2022 1842 106 31 majority
2140 1842 24 24 of
2178 1843 39 23 the
2238 1844 161 24 Shareholders
2418 1849 23 19 to
2460 1846 36 22 in-

1909 1882 76 16 crease
2004 1875 39 23 the
2062 1875 90 31 Capital
2164 1880 24 20 to
2201 1877 57 23 such
2268 1877 88 24 further
2366 1883 95 19 amount
2472 1887 29 15 aa

1909 1915 54 23 may
1974 1909 23 22 in
2009 1908 59 24 their
2079 1910 92 30 opinion
2180 1910 31 23 be
2225 1910 103 31 justified
2345 1911 32 32 by
2388 1912 39 22 the
2438 1920 60 23 aug--

1909 1941 92 23 mented
2011 1942 110 24 demands
2133 1943 24 23 of
2171 1943 39 23 the
2222 1943 95 32 Colony.

1917 1999 4 3 .
1943 1974 51 24 The
2005 1975 107 24 business
2124 1976 25 23 of
2162 1976 39 23 the
2213 1976 70 24 Bank
2295 1977 47 23 will
2359 1978 30 23 be
2409 1978 88 31 strictly

1909 2006 51 24 that
1978 2008 24 22 of
2024 2016 13 14 a
2060 2009 70 21 Bank
2148 2009 23 21 of
2194 2009 113 23 Discount
2326 2011 45 22 and
2388 2011 143 30 Deposit..,^,

1909 2039 52 23 The
1973 2043 47 20 rate
2033 2040 25 23 of
2071 2039 104 24 discount
2186 2045 23 19 to
2220 2041 30 24 be
2264 2044 29 21 10
2302 2049 41 24 per
2356 2047 59 19 cent.
2425 2053 6 19 ;
2451 2043 45 24 and

1910 2074 14 21 5
1937 2080 41 23 per
1985 2076 60 20 cent,
2053 2072 47 24 will
2111 2073 28 23 be
2151 2073 94 25 allowed
2255 2082 62 24 upon
2328 2075 101 32 deposits
2439 2076 36 24 for
2484 2084 14 16 a

1909 2105 80 31 longer
1999 2105 80 31 period
2090 2106 55 23 than
2156 2114 13 16 a
2179 2107 88 30 month,
2269 2120 33 4 —
2302 2113 40 19 not
2354 2114 22 19 to
2389 2109 28 24 be
2428 2110 67 23 with-

1909 2138 76 24 drawn
1997 2138 72 24 under
2083 2141 31 22 10
2126 2140 62 31 days'
2199 2141 84 23 notice.
2441 2165 6 8 t
2498 2149 23 10 ■■'
2518 2142 13 12 v

2071 2199 260 27 REGULATIONS.

1945 2234 23 22 1.
1970 2244 33 4 —
2004 2232 50 24 The
2064 2232 88 33 Capital
2164 2234 26 23 of
2204 2235 39 23 the
2252 2234 118 33 Company
2376 2239 23 20 to
2411 2237 86 23 consist
2517 2242 14 18 '.

1909 2265 27 23 of
1949 2265 123 30 £50.000,
2084 2267 26 22 in
2121 2269 75 22 2.500
2210 2268 84 24 Shares
2307 2268 25 25 of
2346 2270 55 23 £20
2414 2269 64 24 each.

1943 2300 24 22 2.
1969 2311 34 4 —
2004 2299 51 24 One
2066 2300 79 30 pound
2154 2308 41 23 per
2206 2301 67 24 share
2284 2306 23 19 to
2324 2301 29 25 be
2370 2302 55 32 paid
2442 2310 54 24 pre-

1907 2332 66 23 vious
1984 2336 24 19 to
2020 2332 37 23 the
2070 2333 94 24 election
2176 2334 25 23 of
2215 2334 133 30 Directors,,
2354 2336 27 23 of
2394 2335 75 24 which
2483 2345 15 14 a

1907 2365 85 23 week's
2002 2366 77 31 public
2091 2368 74 22 notice
2181 2368 48 22 will
2246 2368 28 23 be
2291 2369 68 30 given
2368 2378 7 20 ;
2394 2369 46 23 and
2457 2370 37 24 £1

1909 2398 123 24 additional
2050 2404 24 19 at
2092 2399 38 24 the
2148 2401 128 31 expiration
2293 2402 26 23 of
2340 2402 57 24 each
2415 2402 81 25 month

1907 2432 61 23 from
1978 2432 50 24 that
2038 2432 85 31 period,
2142 2434 59 24 until
2217 2434 37 25 £5
2267 2434 42 24 has
2319 2435 59 24 been
2389 2436 56 31 paid
2454 2443 39 24 up.

1943 2467 23 22 3.
1969 2478 34 4 —
2003 2465 100 24 Further
2114 2466 54 24 calls
2180 2470 23 21 to
2217 2467 29 24 be
2263 2468 66 23 made
2347 2472 24 20 at
2389 2469 39 24 the
2447 2468 48 25 dis-

1908 2499 87 23 cretion
2009 2498 25 24 of
2047 2500 39 22 the
2104 2499 120 25 Directors
2232 2510 6 20 ;
2258 2501 45 23 and
2314 2501 63 24 three
2394 2503 101 23 months'

1906 2533 107 29 previous
2030 2533 75 23 notice
2124 2533 24 23 of
2163 2534 57 23 each
2238 2535 43 22 call
2298 2539 23 19 to
2339 2535 29 24 be
2387 2536 68 31 given
2471 2537 24 22 in

1907 2565 38 23 the
1987 2565 57 23 New
2057 2566 101 24 Zealand

1941 2600 24 22 4.
1967 2611 34 4 —
2001 2599 38 23 No
2049 2606 84 24 person
2144 2604 22 19 to
2178 2600 29 23 be
2224 2601 94 24 allowed
2334 2605 24 20 to
2377 2602 119 24 subscribe

1905 2631 37 24 for
1952 2639 63 16 more
2027 2632 55 23 than
2094 2635 32 21 50
2139 2633 93 24 Shares.

1941 2667 23 22 5.
1966 2677 34 4 —
2001 2665 50 24 The
2064 2665 97 25 Officers
2174 2667 25 23 of
2214 2667 39 24 the
2265 2667 119 32 Company
2398 2673 22 19 to
2441 2677 55 16 con-

1906 2698 43 23 sist
1966 2698 26 24 of
2012 2698 53 24 nine
2084 2699 118 25 Directors
2221 2700 44 23 and
2283 2709 14 15 a
2316 2701 103 30 Cashier,
2439 2702 55 24 with

1906 2731 57 23 sucli
1980 2731 125 24 assistance
2122 2741 24 15 as
2164 2733 40 24 the
2222 2733 119 25 Directors
2358 2743 53 23 may
2429 2735 67 26 deem

1907 2772 128 23 necessary.

1940 2799 24 23 6.
1966 2811 33 4 —
2000 2797 51 25 The
2070 2799 118 24 Directors
2206 2804 24 19 to
2248 2800 28 23 be
2294 2801 88 24 elected
2398 2801 36 24 for
2451 2809 42 18 one

1904 2838 62 24 year,
1978 2831 32 31 by
2020 2832 38 23 the
2071 2832 164 24 Shareholders
2244 2842 6 20 ;
2270 2837 23 20 at
2309 2834 38 23 the
2366 2836 129 31 expiration

1905 2864 26 24 of
1945 2865 49 23 that
2011 2866 87 29 period,
2118 2874 41 15 one
2178 2867 62 23 third
2258 2867 25 24 of
2297 2867 41 26 the
2352 2869 105 28 number,
2470 2873 23 19 to

1903 2898 30 23 be
1944 2897 141 25 determined
2094 2900 31 31 by
2138 2900 40 28 lot,
2199 2900 58 24 shall
2274 2902 77 29 retire,
2371 2901 45 25 and
2433 2902 59 23 their

1903 2931 64 31 place
1985 2931 29 24 be
2032 2931 63 26 filled
2112 2932 30 32 by
2158 2933 64 25 fresh
2236 2933 103 30 election,
2340 2947 35 4 —
2376 2935 38 23 the
2425 2936 67 23 retir-

1903 2965 42 31 ing
1956 2964 119 25 Directors
2086 2970 23 19 to
2120 2966 28 23 be
2160 2966 93 32 capable
2265 2967 25 23 of
2304 2968 143 24 re-election.

1940 2999 23 24 7.
1964 3010 35 4 —
2000 2998 51 24 The
2070 2999 96 24 Cashier
2184 3004 22 19 to
2220 3000 28 23 be
2267 3001 121 31 appointed
2405 3001 31 31 by
2454 3001 39 24 the

1903 3031 128 30 Directors,
2044 3033 46 23 and
2101 3033 128 23 removable
2242 3037 22 19 at
2274 3034 59 23 their
2344 3034 113 31 pleasure,

1940 3067 23 21 8.
1965 3077 34 4 —
2000 3065 161 25 Qualification
2182 3067 25 22 of
2227 3067 119 24 Directors
2365 3072 23 19 to
2408 3068 28 23 be
2462 3069 30 23 15

1905 3097 93 26 Shares.

1938 3132 24 22 9.
1963 3143 35 4 —
1999 3130 30 24 In
2040 3130 31 24 all
2082 3131 111 31 meetings
2205 3131 26 24 of
2246 3131 171 32 Shareholders,
2433 3134 59 24 Pro-

1903 3164 98 31 prietors
2018 3168 23 19 to
2058 3163 57 24 have
2127 3172 42 16 one
2182 3170 50 18 vote
2243 3165 34 24 for
2289 3173 69 24 every
2370 3169 14 21 5
2398 3167 92 24 Shares.

1940 3199 39 21 10.
1980 3210 35 4 —
2015 3197 38 24 No
2062 3197 47 25 Bill
2121 3202 22 19 to
2154 3198 29 24 be
2191 3198 133 25 discounted
2331 3204 82 27 except
2418 3201 73 24 under

1904 3229 39 24 the
1954 3230 103 24 sanction
2075 3232 26 23 of
2114 3231 64 24 three
2196 3232 27 23 of
2236 3232 38 24 the
2292 3232 119 25 Directors
2420 3243 6 20 ;
2449 3241 42 16 nor

1903 3263 21 23 if
1933 3263 103 32 objected
2047 3268 23 20 to
2081 3265 31 31 by
2123 3272 42 17 one
2178 3265 26 24 of
2211 3265 63 25 tliree
2286 3266 26 24 of
2320 3265 39 25 the
2371 3266 118 24 Directors

1903 3300 100 27 present.

1940 3331 40 23 11.
1980 3342 35 5 —
2015 3330 117 33 Meetings
2143 3335 24 20 to
2178 3331 30 24 be
2222 3331 53 25 held
2291 3331 147 33 half-yearly,
2451 3333 41 24 -for

1903 3362 39 24 the
1952 3370 99 25 purpose
2064 3364 26 23 of
2104 3364 116 32 declaring
2230 3364 135 30 Dividends,
2379 3366 42 23 &c.

1940 3397 38 23 12.
1980 3409 35 4 —
2015 3397 24 23 A
2062 3401 121 21 statement
2206 3398 25 24 of
2252 3398 37 24 the
2311 3397 76 25 affairs
2406 3398 25 25 of
2453 3399 39 23 the

1903 3429 70 24 Bank
1984 3432 23 21 to
2022 3430 30 23 be
2069 3430 47 25 laid
2132 3431 78 24 before
2228 3431 38 23 the
2285 3430 163 25 Shareholders
2468 3436 23 19 at

1903 3462 55 24 each
1982 3463 57 23 such
2063 3464 138 33 half-yearly
2222 3465 108 30 meeting,
2354 3464 54 25 and,
2421 3464 69 25 after-

1902 3495 74 24 wards
2003 3497 123 31 published
2152 3499 25 22 in
2204 3497 39 23 the
2303 3497 57 24 New
2389 3497 103 26 Zealand

1937 3589 24 24 A
1972 3589 67 24 Deed
2051 3590 25 23 of
2092 3590 142 28 Settlement,
2250 3593 22 20 to
2283 3589 29 23 be
2324 3589 81 31 signed
2415 3590 73 31 by^all

1903 3621 39 24 the
1962 3622 171 29 Shareholders,
2152 3623 137 30 embodying
2309 3622 65 24 these
2392 3623 45 23 and
2459 3623 72 28 alLi__

1903 3655 65 24 other
1985 3663 121 23 necessary
2116 3655 146 31 regulations,
2279 3655 46 23 will
2337 3655 31 23 be
2378 3656 111 31 prepared

1903 3696 25 15 as
1941 3688 100 31 speedily
2053 3697 24 15 as
2089 3688 107 31 possible.

1919 3747 256 24 PROPOSITIONS
2187 3754 34 16 at
2234 3754 49 17 the
2297 3746 171 27 MEETING.

1938 3782 11 21 1
1953 3796 8 7 .
1961 3792 35 4 —
1996 3780 62 24 That
2065 3780 37 23 the
2108 3780 138 31 Prospectus
2253 3787 51 18 now
2310 3780 56 25 read
2371 3780 115 33 beadbpt-
2511 3784 7 5 *

1902 3812 28 25 ed
1942 3812 44 23 and
1996 3813 98 30 printed.

1935 3847 22 21 2.
1960 3857 34 5 —
1995 3845 62 25 That
2080 3845 97 32 Captain
2201 3845 99 24 Edward
2326 3841 94 29 t>aniell
2441 3847 45 24 and
2498 3867 3 5 ,

1888 3889 2 15 i
1901 3878 97 24 Messrs.
2012 3878 128 31 Partridge,
2155 3878 73 29 Watt,
2240 3879 87 28 Millar,
2340 3879 45 23 and
2397 3879 88 28 Pierce,

1901 3911 28 23 do
1945 3911 59 24 ibrm
2022 3920 14 15 a
2053 3912 144 25 Provisional
2210 3911 134 26 Committee
2354 3916 25 20 to
2391 3920 64 24 carry
2466 3914 20 26 it
2495 3921 5 5 '

1900 3944 49 24 into
1961 3944 73 25 effect.
