2559 4020
2073 672 163 23 IMPORTED
2252 674 111 21 GOODS.

689 118 12 24 I
720 118 103 24 resolved
842 123 23 19 to
884 120 52 29 give
955 118 38 24 the
1010 118 59 31 boys
1081 126 14 15 a
1105 118 60 31 good
1182 121 48 20 rest
1247 118 30 32 by

688 161 108 32 stopping
807 161 54 23 here
874 161 109 31 to-night.
1019 161 45 24 We
1072 160 144 33 accordingly
1223 168 54 24 pro-

689 204 90 29 ceeded,
793 211 24 16 as
828 211 57 16 soon
896 211 25 16 as
933 203 37 24 the
983 203 47 23 tide'
1040 203 45 23 had
1097 203 101 29 receded,
1206 207 24 19 to
1240 203 37 23 the

688 246 53 32 pah,
755 247 82 22 situate
849 254 31 16 on
891 254 13 15 a
923 250 63 27 steep
1008 245 43 24 hill
1074 245 143 31 ovehanging
1239 245 38 23 the

689 290 59 23 river
760 290 70 23 about
849 289 51 24 half
910 297 13 16 a
941 288 54 24 mile
1013 296 31 24 up
1064 288 38 23 the
1122 288 68 23 south
1204 287 71 24 hank.

689 332 59 24 This
760 332 46 31 pah
821 333 21 22 is
856 332 73 24 called
950 332 90 28 Airiau,
1064 332 42 22 but
1128 331 39 23 the
1190 332 87 22 natives

689 375 49 24 told
751 383 37 17 me
807 375 50 24 that
875 374 48 24 Mr.
944 374 113 29 Hatfield,
1076 374 39 23 the
1132 374 144 30 missionary,

688 418 47 23 had
754 418 129 23 christened
900 419 18 22 it
1121 416 68 31 They
1207 417 71 23 added

689 461 50 24 that
750 461 29 24 he
791 461 45 24 had
846 461 89 31 bought
950 468 62 15 some
1031 459 53 24 land
1103 467 29 15 on
1144 467 14 15 a
1169 459 109 24 beautiful

689 504 41 23 flat
738 504 52 31 just
801 504 79 28 above,
888 503 37 24 for
936 510 42 16 one
990 502 102 24 blanket.
1129 502 14 23 I
1155 503 68 30 again
1240 506 38 27 got

689 554 63 16 some
765 546 169 24 water-melons
954 546 62 24 here.
1054 545 52 23 One
1117 545 26 23 of
1158 545 38 23 the
1207 544 70 24 chiefs

689 590 46 23 had
746 598 14 14 a
770 590 55 31 long
836 589 82 24 korero
930 589 54 23 with
991 596 38 16 me
1037 588 79 31 to-day
1123 597 6 20 ;
1144 589 45 23 and
1196 596 82 23 among

690 633 65 22 other
767 633 76 31 things
856 632 95 24 soldiers
962 632 45 23 and
1018 640 53 15 men
1084 631 25 24 of
1117 639 47 16 war
1175 640 58 15 were
1241 631 37 24 the

689 676 103 32 subjects
804 676 24 23 of
838 676 164 23 conversation.
1039 675 51 23 The
1109 674 130 32 expedition
1258 675 22 22 of

690 718 39 24 the
937 718 90 31 frigate,
1045 717 75 24 which
1137 717 84 24 landed
1238 717 40 24 her

689 763 101 23 marines
802 766 22 19 at
842 762 121 28 Waimate,
986 765 44 19 two
1050 760 61 31 days'
1136 760 59 24 walk
1219 761 59 23 from

689 805 62 29 here,
765 806 25 22 in
803 807 74 27 1834,
889 805 19 23 is
920 809 39 26 yet
970 804 63 24 fresh
1045 805 24 22 in
1086 803 38 25 the
1142 810 102 25 memory
1257 804 23 22 of

689 848 66 23 these
774 848 88 32 people.
909 848 25 24 A
954 848 51 32 ship
1024 855 46 16 was
1090 847 81 24 visible
1193 847 26 23 in
1242 847 36 24 the

690 892 72 30 offing
774 891 30 24 all
815 892 53 30 day,
880 892 77 31 trying
968 895 23 20 to
1007 892 54 23 beat
1079 891 90 31 against
1187 898 13 15 a
1217 890 62 23 fresh

690 934 73 22 N.W.
773 935 93 21 'breeze.

725 979 23 22 2.
750 990 35 3 —
786 977 57 23 This
856 977 112 30 morning,
982 984 25 15 as
1020 976 12 23 I
1044 984 46 16 was
1103 975 69 24 about
1184 979 22 19 to
1214 979 64 25 start,

690 1020 22 23 E
726 1021 64 23 Puki
802 1020 47 23 told
859 1028 37 15 me
914 1020 49 23 that
975 1028 14 15 a
998 1027 56 16 man
1071 1019 46 24 had
1135 1027 58 23 gone
1207 1019 34 23 off
1258 1023 20 19 to

690 1064 38 24 the
739 1064 61 24 bush
809 1064 56 24 with
876 1068 44 19 two
928 1064 24 23 of
960 1071 40 23 my
1010 1062 116 24 blankets.
1163 1062 58 24 This
1234 1070 44 16 was

689 1107 40 24 the
740 1107 47 24 fact
793 1116 6 20 ;
813 1107 45 24 and
869 1107 37 23 the
920 1106 61 24 chief
989 1108 25 22 in
1025 1106 76 24 whose
1107 1106 72 23 house
1191 1105 14 24 I
1221 1106 58 31 slept

690 1151 55 24 took
757 1151 38 24 the
807 1156 48 19 rest
867 1151 24 23 of
906 1158 39 23 my
963 1150 79 31 tilings
1061 1149 44 24 and
1115 1153 43 28 put
1176 1149 61 23 them
1256 1149 23 23 in

689 1194 37 24 his
738 1202 60 15 ware
809 1195 58 31 puni
878 1202 25 15 or
916 1193 40 24 hot
967 1193 79 28 house,
1066 1192 50 24 that
1133 1192 55 31 they
1205 1191 74 32 might

689 1238 29 23 be
732 1238 49 23 safe
795 1236 59 25 from
867 1236 88 24 further
969 1236 155 32 depredation.
1161 1235 71 31 Upon
1244 1236 34 22 in-

690 1282 93 29 quiring
805 1281 38 23 the
866 1287 82 17 reason
965 1279 26 24 of
1010 1279 47 23 this
1080 1282 101 27 outrage,
1202 1278 12 24 I
1234 1286 45 16 was

690 1323 47 25 told
750 1324 48 23 that
816 1331 44 16 one
871 1323 25 24 of
914 1332 39 22 my
974 1323 58 31 boys
1055 1329 46 17 was
1125 1322 121 31 suspected
1258 1322 23 24 of

689 1367 86 31 having
791 1367 45 23 had
849 1368 134 22 connection
994 1366 55 23 with
1061 1374 14 16 a
1084 1365 88 25 wahine
1185 1369 55 28 tapu
1255 1374 23 15 or

689 1410 100 24 married
799 1417 95 21 women,
908 1410 39 23 the
958 1409 66 31 night
1037 1409 86 29 before,
1143 1413 22 20 at
1177 1409 101 24 Wenua-

689 1454 73 29 kura;
776 1454 45 23 and
836 1453 50 24 that
899 1453 99 29 Witura,
1015 1460 62 17 some
1090 1452 97 24 relation
1199 1453 25 23 of
1243 1452 36 24 the

689 1504 89 17 women
789 1505 24 15 or
825 1496 25 24 of
859 1497 40 23 her
910 1496 113 29 husband,
1035 1495 45 24 had
1097 1495 75 24 seized
1190 1496 39 23 the
1241 1496 37 23 de-

688 1541 124 31 linquent's
822 1541 112 30 kawenga
943 1548 24 16 or
977 1539 60 30 load,
1050 1547 25 15 as
1086 1539 52 23 well
1150 1546 24 16 as
1181 1538 36 24 his
1224 1543 53 19 mat.

690 1585 13 23 I
727 1583 166 25 remonstrated
917 1584 89 30 against
1028 1583 47 22 this
1097 1582 120 32 injustice;
1237 1582 42 23 and

690 1628 128 31 everybody
830 1627 84 32 agreed
924 1626 55 24 with
991 1633 45 22 me,
1049 1626 41 23 but
1101 1625 115 31 regretted
1231 1625 48 24 that

689 1672 38 24 the
739 1680 55 16 man
804 1679 46 15 was
864 1678 66 24 gone.
967 1670 13 23 I
993 1670 55 23 then
1059 1669 49 23 said
1120 1669 50 23 that
1181 1668 13 24 I
1206 1668 73 24 would

689 1717 88 22 remain
788 1715 54 24 here
855 1723 13 15 a
880 1714 43 30 day
930 1723 6 19 ;
948 1713 46 24 and
1005 1713 56 28 that,
1081 1712 20 23 if
1117 1712 38 24 the
1173 1711 105 24 blankets

688 1767 59 16 were
760 1762 40 20 not
811 1758 55 23 then
875 1756 115 30 returned,
1005 1756 13 23 I
1035 1755 82 24 should
1134 1763 30 23 go
1183 1755 97 31 straight

689 1806 22 19 to
724 1802 59 24 Port
793 1800 135 29 Nicholson,
941 1800 59 23 from
1012 1800 91 23 whence
1115 1807 14 15 a
1139 1806 55 16 man
1202 1798 24 24 of
1234 1806 44 15 war

689 1845 44 24 and
746 1845 96 24 soldiers
853 1844 75 24 would
938 1847 61 21 most
1010 1843 71 30 likely
1094 1849 137 24 accompany
1243 1849 35 16 me

687 1889 69 23 back.
799 1889 35 22 At
853 1888 44 23 this
917 1891 108 24 moment,
1045 1891 45 24 too,
1110 1885 38 23 the
1172 1885 59 31 ship,
1255 1885 23 23 in

687 1931 94 31 beating
791 1935 22 20 to
824 1930 129 28 windward,
967 1929 89 28 tacked,
1077 1927 45 24 and
1136 1927 65 24 stood
1210 1929 23 22 in
1245 1932 33 19 to-

688 1974 74 24 wards
774 1974 38 23 the
824 1973 62 24 land.
924 1972 67 30 They
1011 1971 154 30 immediately
1177 1970 103 23 crowded

688 2016 74 22 round
774 2022 43 21 me,
831 2014 44 23 and
894 2013 72 24 asked
984 2020 37 15 me
1041 2012 59 23 what
1119 2012 51 30 ship
1188 2013 19 21 it
1228 2019 50 21 was,

688 2058 45 22 and
746 2057 100 23 whether
858 2058 17 21 it
886 2056 76 23 would
972 2054 55 24 land
1033 2055 80 31 people
1120 2062 30 16 on
1157 2054 38 23 the
1203 2054 74 23 shore.

689 2101 13 23 I
722 2099 116 25 answered
850 2099 49 24 that
910 2099 12 23 I
936 2098 38 24 did
986 2102 42 19 not
1045 2098 76 28 know,
1141 2097 42 23 but
1201 2097 49 23 that
1261 2097 19 23 it

688 2152 47 16 was
747 2152 54 22 very
813 2143 71 31 likely
904 2143 38 23 the
1093 2140 74 24 which
1188 2141 19 23 is
1229 2140 51 24 well

688 2187 93 29 known,
793 2195 58 16 even
861 2186 63 28 here,
937 2186 30 30 by
981 2185 137 31 reputation.
1155 2183 58 24 This
1232 2191 46 16 was

687 2239 39 22 my
734 2230 49 24 real
790 2231 92 31 opinion
889 2239 6 19 ;
904 2230 41 22 but
952 2228 100 24 whether
1061 2227 63 31 right
1131 2235 24 16 or
1163 2235 85 23 wrong,
1259 2228 21 21 it

688 2274 93 24 seemed
792 2277 23 21 to
827 2273 58 24 have
898 2280 28 16 an
941 2273 172 23 instantaneous
1126 2270 73 29 effect,
1211 2270 34 24 for
1264 2270 13 24 I

687 2317 72 24 heard
771 2317 62 24 them
848 2324 39 23 say
899 2320 23 19 to
935 2315 55 24 each
1005 2315 71 29 other,
1119 2315 46 23 this
1179 2315 21 22 is
1211 2313 67 24 Wide

688 2360 109 25 Awakes
808 2360 58 32 ship,
880 2367 63 16 come
955 2363 23 20 to
986 2359 75 23 watch
1071 2359 37 22 his
1118 2366 42 16 son
1169 2358 31 23 all
1206 2359 73 23 roiurd

687 2404 39 24 the
826 2416 33 4 —
861 2403 45 23 and
917 2403 24 23 in
952 2407 40 19 ten
1004 2403 99 23 minutes
1114 2410 39 22 my
1164 2402 113 29 blankets,

688 2447 44 24 and
745 2447 46 24 also
800 2447 38 23 the
850 2447 64 30 hoy's
922 2450 54 25 mat,
990 2454 57 15 were
1054 2445 117 24 returned.
1208 2445 13 24 I
1230 2453 48 16 now

687 2489 108 25 intended
807 2494 23 19 to
838 2497 63 16 cross
913 2489 37 23 the
962 2489 68 29 river,
1043 2489 44 23 and
1097 2488 98 31 proceed
1207 2493 23 19 to
1240 2488 38 23 the

687 2533 130 25 northward
824 2543 6 19 ;
843 2534 42 22 but
891 2540 39 22 my
939 2533 65 29 boys,
1017 2532 54 23 with
1085 2532 36 23 the
1130 2533 117 29 exception
1256 2532 25 23 of

687 2577 72 29 three,
771 2576 92 24 refused
875 2580 23 19 to
915 2583 28 23 go
960 2583 46 24 any
1024 2574 84 25 futher.
1146 2575 67 32 They
1231 2574 47 25 said

687 2620 50 23 that
761 2620 37 24 the
819 2618 108 25 husband
949 2618 26 24 of
1002 2618 38 23 the
1063 2626 88 15 women
1174 2618 60 23 lived
1256 2622 23 19 at

687 2663 122 29 Waimate,
830 2663 45 23 and
893 2661 75 25 would
987 2661 110 32 certainly
1115 2662 61 23 seize
1195 2661 31 24 all
1241 2669 38 22 my

688 2707 77 31 tilings
776 2706 43 24 and
830 2710 37 19 cut
878 2714 43 15 our
932 2705 87 24 throats
1031 2705 20 23 if
1066 2713 34 15 we
1111 2705 98 23 resisted
1216 2714 5 20 ;
1236 2705 43 23 and

687 2750 204 30 notwithstanding
903 2749 29 24 all
948 2757 40 23 my
1007 2752 108 28 attempts
1130 2753 22 18 to
1172 2749 106 23 convince

687 2793 63 24 them
762 2793 48 23 that
821 2800 30 16 no
868 2792 59 24 such
944 2792 67 31 thing
1030 2792 75 23 would
1124 2792 99 31 happen,
1239 2795 40 20 not

687 2844 43 16 one
748 2836 76 24 would
843 2835 86 32 change
945 2835 38 24 his
1002 2834 73 27 mind.
1111 2835 51 24 Nor
1179 2835 66 24 could
1266 2835 12 23 I

687 2880 78 23 obtain
776 2887 50 16 new
843 2879 58 30 boys
923 2883 23 19 at
968 2879 74 25 Patea
1048 2887 6 15 :
1079 2886 25 16 so
1124 2879 50 23 that
1197 2878 14 24 I
1233 2886 45 15 was

685 2919 79 24 forced
775 2924 22 19 to
809 2919 52 31 give
870 2927 31 24 up
913 2927 39 23 my
963 2919 108 24 intended
1084 2919 107 32 journey,
1212 2920 63 23 three

685 2967 42 20 not
743 2963 69 31 being
824 2963 91 31 enough
929 2968 25 18 to
972 2970 65 24 carry
1056 2970 38 24 my
1110 2962 105 32 baggage
1235 2962 44 24 and

685 3006 62 24 food.
783 3006 13 24 I
809 3006 109 24 returned
929 3011 22 19 to
962 3006 94 28 Tihohi,
1076 3006 45 23 and
1139 3006 59 31 slept
1216 3006 62 24 there

685 3050 111 31 to-night.
833 3049 77 25 There
922 3057 38 15 are
981 3049 70 23 about
1070 3051 48 21 200
1139 3049 139 24 inhabitants

685 3098 24 18 at
718 3093 90 29 Airiau,
822 3093 44 23 and
883 3093 38 23 the
940 3100 62 15 same
1021 3092 96 23 number
1136 3096 24 20 at
1177 3093 39 23 the
1234 3096 44 19 two

684 3136 59 30 pahs
755 3140 22 19 at
788 3136 40 23 the
840 3135 80 24 mouth
929 3135 25 24 of
963 3135 39 23 the
1019 3135 155 24 Wenuakura.

865 3182 43 26 [To
918 3182 28 22 be
957 3181 140 27 continued.]

741 3260 161 23 LETTERS
921 3259 45 24 TO
986 3259 73 24 THE
1077 3260 146 23 EDITOR.

1960 2665 52 23 The
2031 2666 65 23 New
2115 2666 128 24 Zealand
2263 2667 126 24 Gazette
2411 2667 54 29 will,
2484 2668 34 23 for

1926 2704 40 23 the
1976 2710 100 26 present,
2087 2707 29 22 be
2122 2706 123 32 published
2252 2707 97 31 weekly,
2359 2715 68 23 every
2437 2707 80 24 Satur-

1926 2745 45 31 day
1981 2747 114 31 morning.
2133 2748 31 23 So
2183 2756 57 16 soon
2260 2756 24 16 as
2303 2749 19 23 it
2340 2749 21 23 is
2380 2748 138 31 sufficiently

1926 2787 132 31 supported,
2081 2788 19 23 it
2120 2788 47 24 will
2191 2789 29 23 be
2245 2790 80 23 issued
2350 2788 167 32 semi-weekly.

1926 2827 129 33 Subjoined
2066 2837 37 16 are
2116 2828 37 25 the
2166 2834 71 19 terms
2246 2838 7 15 :
2254 2842 35 4 —

1960 2868 82 25 Price
2061 2877 30 16 of
2110 2877 51 16 the
2181 2870 99 24 Paper.
2282 2882 35 5 —
2318 2870 72 31 Forty
2414 2869 104 32 shillings

1924 2917 42 23 per
1979 2917 93 22 annum,
2089 2910 96 31 payable
2198 2911 23 23 in
2233 2910 101 24 advance
2343 2920 7 20 ;
2370 2919 25 15 or
2408 2917 43 16 one
2463 2910 55 23 shil-

1926 2950 50 31 ling
1986 2950 35 24 for
2034 2951 73 30 single
2119 2952 118 23 numbers.
2260 2968 7 5 -

1959 2990 248 25 Advertisements.
2209 3004 34 4 —
2244 2992 43 22 Six
2304 2991 60 23 lines
2382 2990 46 24 and
2439 2991 78 29 under,

1927 3032 37 23 3s.
1978 3031 38 24 6d.
2029 3032 36 22 for
2077 3032 37 22 the
2125 3032 51 22 first
2186 3031 117 29 insertion,
2314 3031 46 23 and
2371 3038 43 16 one
2427 3030 90 32 shilling

1924 3071 38 24 for
1980 3071 56 23 each
2054 3072 139 30 subsequent
2211 3071 111 24 insertion
2331 3080 7 20 ;
2362 3072 61 23 from
2441 3072 38 23 six
2496 3076 21 19 to

1925 3114 40 20 ten
1974 3110 68 29 lines,
2053 3111 44 22 five
2109 3110 106 32 shillings
2225 3111 37 24 for
2276 3112 39 23 the
2333 3112 60 29 first,
2413 3112 46 23 and
2477 3120 40 15 one

1925 3150 95 31 shilling
2042 3150 45 23 and
2109 3150 108 31 sixpence
2239 3151 36 24 for
2298 3152 58 23 each
2378 3151 139 32 subsequent

1923 3190 111 23 insertion
2044 3199 5 20 ;
2070 3190 69 24 above
2150 3195 41 20 ten
2207 3191 68 30 lines,
2294 3192 46 24 five
2359 3191 106 32 shillings
2483 3192 33 23 for

1923 3232 39 23 the
1974 3232 51 23 first
2037 3236 39 20 ten
2086 3232 67 30 lines,
2166 3233 47 23 and
2222 3233 125 32 fourpence
2360 3241 42 24 per
2418 3233 47 23 line
2483 3232 32 24 for

1923 3272 39 23 the
1974 3279 80 17 excess
2066 3272 26 24 of
2106 3272 49 24 that
2162 3274 98 22 number
2269 3282 6 20 ;
2294 3274 47 22 and
2353 3278 116 27 twopence
2475 3280 39 24 per

1922 3314 47 23 line
1981 3314 36 23 for
2029 3314 56 24 each
2096 3314 141 31 subsequent
2248 3315 119 23 insertion.

1957 3354 198 24 Advertisements
2166 3355 47 23 will
2223 3359 42 19 not
2275 3362 85 24 appear
2373 3355 26 23 in
2418 3354 39 24 the
2476 3362 37 15 en-

1922 3395 70 32 suing
2002 3395 104 30 number,
2119 3395 21 24 if
2153 3395 105 24 received
2269 3395 60 23 later
2348 3395 56 24 than
2422 3394 90 31 Friday,

1924 3437 31 22 10
1980 3435 95 30 o'clock,
2100 3444 54 16 a.m.
2195 3435 202 24 Advertisements
2420 3435 47 23 will
2488 3435 24 23 be

1923 3476 124 24 continued
2057 3476 45 24 and
2113 3475 98 32 charged
2223 3476 59 22 until
2297 3475 203 24 counter-ordered
2507 3482 5 21 ;

1923 3517 57 23 such
1992 3517 66 24 order
2069 3520 62 20 must
2140 3516 29 23 be
2189 3520 51 19 sent
2258 3520 22 19 to
2299 3516 40 23 the
2359 3516 75 24 Office
2453 3515 59 23 three

1923 3557 56 30 days
1985 3557 78 24 before
2070 3556 146 31 publication,
2226 3556 46 23 and
2278 3561 64 19 must
2348 3557 28 23 be
2384 3557 25 23 in
2415 3556 95 29 writing.

1956 3599 41 23 All
2009 3598 85 28 orders,
2109 3597 197 30 advertisements,
2326 3598 45 24 and
2388 3597 123 23 communi-

1923 3640 87 23 cations
2021 3643 23 19 to
2056 3637 38 24 the
2106 3637 90 30 Editor,
2213 3646 38 16 are
2265 3639 123 30 requested
2400 3642 23 19 to
2434 3637 28 23 be
2474 3636 37 23 ad-

1922 3679 94 23 dressed
2029 3683 22 19 to
2063 3678 47 24 this
2124 3678 82 24 Office.

1956 3719 67 24 Book
2035 3718 63 24 work
2110 3719 45 23 and
2169 3719 41 31 job
2221 3719 105 31 printing
2346 3719 24 23 of
2387 3725 67 24 every
2474 3716 35 23 de-

1922 3761 117 30 scription,
2052 3759 109 24 executed
2173 3759 54 24 with
2240 3759 114 31 dispatch,
2373 3759 47 24 and
2437 3758 23 23 in
2475 3756 34 24 the

1920 3801 53 24 best
1984 3801 69 29 style.

712 3338 48 27 Sir,
762 3350 31 4 —
795 3338 28 21 In
833 3344 56 21 your
898 3337 97 23 number
1004 3337 26 22 of
1040 3336 38 23 the
1087 3337 54 22 25th
1151 3338 48 27 ult.,
1216 3338 11 22 I
1238 3338 38 21 ob-

684 3378 64 16 serve
756 3378 13 15 a
777 3371 126 28 paragraph
910 3374 22 19 to
940 3371 37 21 the
990 3370 64 23 effect
1063 3371 49 22 that
1117 3371 18 22 it
1143 3371 19 22 is
1168 3371 108 22 intended

685 3408 21 18 to
716 3404 59 23 form
784 3412 30 15 an
824 3404 129 28 expedition
962 3404 35 22 for
1004 3404 38 22 the
1052 3411 95 21 purpose
1155 3405 27 22 of
1188 3404 88 29 explor-

683 3438 40 27 ing
733 3439 37 21 the
777 3438 69 22 River
856 3438 66 22 Hutt.
950 3437 55 23 This
1013 3438 79 27 object,
1103 3438 21 22 if
1133 3438 87 22 carried
1228 3439 48 21 into

685 3472 66 22 effect
755 3472 143 28 judiciously,
906 3472 45 21 and
957 3471 52 23 well
1016 3472 116 27 arranged,
1142 3472 45 21 will
1197 3472 79 22 doubt-

683 3505 44 23 less
736 3506 28 22 be
774 3506 26 22 of
810 3509 64 24 great
887 3506 83 22 service
981 3509 23 18 to
1014 3505 29 23 all
1057 3505 83 28 parties
1153 3505 123 23 interested

683 3539 23 22 in
719 3539 37 22 the
767 3539 125 28 prosperity
901 3539 26 22 of
939 3539 38 22 the
988 3539 91 27 Colony,
1096 3539 45 22 and
1151 3546 43 15 one
1204 3540 22 21 in
1236 3547 40 20 my

683 3572 92 25 humble
784 3573 91 28 opinion
883 3572 73 22 which
966 3572 71 27 ought
1045 3576 41 18 not
1096 3575 22 19 to
1127 3573 28 21 be
1164 3573 45 22 lost
1218 3572 58 28 sight

685 3606 28 27 of,
725 3606 70 21 asitis
802 3606 26 21 of
831 3605 52 22 vital
894 3606 247 27 importanceforallof
1147 3613 25 14 us
1179 3609 23 18 to
1209 3606 66 21 know

684 3639 127 27 something
831 3639 25 22 of
877 3639 38 22 the
937 3639 98 22 internal
1060 3646 115 15 resources
1194 3640 26 21 of
1233 3646 42 15 our

684 3672 95 27 adopted
792 3676 101 24 country,
908 3672 73 23 which
993 3676 24 18 at
1027 3676 91 24 present
1129 3680 36 15 are
1180 3673 41 22 but
1231 3674 44 20 im-

683 3705 108 27 perfectly
806 3705 90 23 known.
924 3705 73 23 There
1017 3714 44 19 are,
1082 3707 110 26 however,
1213 3714 61 20 upon

683 3738 122 28 reflection,
821 3746 61 16 some
893 3739 123 27 objections
1027 3739 120 27 regarding
1160 3740 38 22 the
1209 3740 64 22 mode

683 3772 25 21 of
721 3773 102 26 carrying
838 3773 37 21 the
887 3773 125 27 operations
1026 3773 47 22 into
1090 3774 72 21 effect.
1193 3774 28 22 In
1235 3774 38 21 the

683 3805 47 22 first
744 3806 70 28 place,
831 3806 10 21 I
852 3810 83 18 cannot
949 3806 35 21 for
993 3814 14 14 a
1021 3811 101 18 moment
1136 3807 138 22 understand

682 3839 51 28 why
752 3847 43 20 any
814 3843 65 24 party
901 3839 150 28 undertaking
1074 3840 37 22 the
1137 3840 134 28 expedition,

682 3873 80 22 should
775 3874 28 21 be
819 3874 108 27 expected
943 3877 22 18 to
981 3881 43 20 pay
1034 3874 37 22 the
1089 3881 97 21 expense
1198 3873 25 22 of
1234 3873 37 22 the

681 3914 68 19 same,
760 3907 34 21 for
805 3907 12 21 I
828 3907 128 27 apprehend
967 3907 37 22 the
1014 3907 110 28 privation
1134 3906 73 22 which
1216 3905 55 33 (they

682 3944 60 17 mu3t
751 3941 147 25 ncccessartJy
905 3942 99 26 undergo
1014 3941 69 27 ought
1093 3944 22 19 to
1125 3941 26 23 be
1160 3939 112 24 sufllviont

1923 3872 92 23 Printed
2033 3872 46 23 and
2096 3872 118 28 published
2237 3876 24 19 at
2280 3872 38 23 the
2338 3872 71 22 Office
2428 3869 27 21 of
2475 3867 33 22 the

2047 3906 100 23 Zealand
2310 3907 54 21 Port
2381 3902 127 25 Nicholson,

1948 3941 56 22 Now
2015 3940 106 23 Zealand.

73 126 7 22 t
90 125 54 29 eing
149 132 54 23 very
210 123 59 24 tired
276 123 45 24 and
330 121 86 33 sleepy.
441 121 25 24 It
474 128 46 16 was
529 118 131 26 afterwards

73 167 122 31 explained
205 170 23 20 to
240 173 38 16 me
286 165 49 24 that
343 165 29 24 he
382 165 48 26 had
437 163 71 25 called
517 170 38 16 me
563 169 51 17 over
622 161 38 24 the

61 209 76 24 'coals
146 209 36 24 for
198 208 87 31 having
301 208 59 23 been
371 206 124 25 connected
506 205 54 24 with
572 203 89 33 buying

74 260 25 16 so
109 251 70 24 much
187 250 54 24 land
249 250 26 24 of
283 250 39 23 the
333 250 96 28 natives,
442 248 44 24 and
496 248 92 30 leaving
598 246 62 24 them

73 302 68 16 none.
179 294 12 23 I
208 294 60 23 have
285 291 110 25 observed
412 292 45 23 this
472 296 22 20 to
512 292 28 22 be
560 290 37 24 the
609 297 51 16 case

73 336 142 31 everywhere
224 344 6 16 :
248 336 97 27 natives,
365 335 119 32 originally
496 334 66 24 made
579 332 80 28 slaves,

74 379 45 24 and
131 379 69 24 taken
210 386 32 24 up
255 383 23 18 to
286 378 38 23 the
336 377 50 32 Bay
395 377 25 24 of
429 377 90 24 Islands
527 376 44 24 and
582 374 77 24 Hoki-

73 429 68 23 anga,
160 422 92 23 become
273 424 101 20 servants
393 425 23 18 to
435 421 39 22 the
490 419 106 28 Mission,
617 417 44 24 and

73 469 80 19 return
164 469 22 19 to
198 464 59 23 their
275 464 76 23 native
367 462 65 33 place
443 463 55 24 witlx
509 462 39 25 the
562 465 99 28 greatest

73 508 101 31 possible
190 507 170 23 manifestation
374 506 26 23 of
415 506 84 31 enmity
516 510 23 19 to
558 504 102 31 anybody

73 550 125 24 connected
207 549 57 24 with
282 549 39 24 the
334 549 127 32 Company.
497 549 12 23 I
521 556 46 16 was
580 548 81 22 almost

74 593 72 31 coolly
157 593 104 25 received
271 593 62 28 here,
347 592 74 31 owing
432 596 23 19 to
463 591 44 24 this
517 590 73 25 man's
602 589 56 24 talk.

74 637 41 23 On
127 637 38 22 the
177 637 94 22 summit
281 636 25 23 of
323 635 44 24 this
376 635 50 29 hill,
444 635 14 23 I
473 633 109 24 observed
593 640 67 22 many

72 680 63 31 large
155 683 74 26 oyster
249 678 71 24 shells
331 678 120 24 imbedded
462 678 24 23 in
489 677 47 27 ..the
548 676 49 28 soil,
617 675 44 24 and

72 730 48 16 was
132 722 53 29 told,
204 730 29 16 on
247 722 121 31 enquiring
379 721 59 23 their
452 721 78 30 origin,
549 718 49 24 that
608 718 53 33 they

72 765 47 24 had
129 766 57 23 been
196 765 64 23 there
273 772 24 16 as
306 763 55 31 long
372 771 26 15 as
410 770 100 23 memory
520 770 25 16 or
555 761 106 24 tradition

73 808 68 23 could
149 815 29 23 go
189 807 70 24 back.

107 853 41 22 31.
150 863 33 4 —
185 850 93 23 Started
301 849 33 24 off
354 849 68 31 along
441 849 38 22 the
500 848 67 23 north
589 847 70 28 bank,

72 894 101 30 through
184 894 50 23 fern
247 892 45 24 and
304 892 90 24 shrubs.
431 892 51 23 The
498 891 76 24 banks
584 890 24 23 of
623 890 37 23 the

72 938 60 22 river
145 944 37 15 are
193 936 22 23 in
225 935 78 32 places
316 937 46 21 100
369 935 47 23 feet
428 935 23 22 in
462 934 87 30 height.
585 932 75 24 There

73 987 37 16 are
124 978 85 24 several
228 977 68 24 small
309 977 142 23 settlements
464 984 28 15 on
506 976 72 23 either
589 974 70 29 bank,

71 1022 76 23 which
165 1021 56 23 have
240 1020 61 23 been
321 1019 110 32 probably
450 1019 56 23 used
528 1019 30 31 by
577 1017 84 31 fishing

71 1066 94 31 parties,
182 1064 42 23 but
236 1071 39 16 are
287 1068 24 18 at
327 1067 94 27 present
436 1061 155 25 uninhabited.
627 1061 34 25 At

73 1116 43 16 one
126 1108 25 23 of
160 1108 71 28 these,
251 1107 69 23 about
331 1106 64 23 three
406 1106 65 23 miles
483 1105 71 24 below
565 1104 94 32 Epuku,

71 1159 34 15 we
114 1149 94 33 stopped
215 1155 23 18 to
247 1149 59 23 cook
315 1156 62 16 some
387 1153 110 27 potatoes.
528 1148 51 23 The
586 1147 74 23 banks

73 1202 36 15 are
123 1194 52 23 here
182 1193 80 31 nearly
273 1200 29 15 on
312 1200 13 15 a
335 1191 60 24 level
402 1191 53 23 with
463 1191 37 23 the
509 1191 67 28 river,
587 1189 73 24 which

72 1237 48 23 also
130 1243 103 16 assumes
246 1235 65 23 itself
320 1242 13 15 a
340 1234 105 23 different
454 1240 137 25 appearance
600 1242 6 19 ;
619 1233 40 23 be-

71 1280 92 30 ro.-ring
174 1287 54 22 very
240 1277 101 29 shallow,
353 1277 45 23 and
410 1276 94 32 stopped
516 1285 31 23 up
558 1275 54 24 with
623 1275 37 24 the

73 1323 82 23 trunks
168 1322 24 24 of
208 1326 74 19 totara
295 1325 66 24 trees,
381 1320 101 31 sticking
497 1328 29 23 up
538 1319 121 32 perpendi-

71 1366 88 29 cularly
170 1366 58 23 from
242 1365 38 23 the
290 1363 45 24 bed
347 1363 23 23 of
387 1363 37 23 the
436 1363 67 23 river.
542 1362 68 24 From
622 1362 38 24 the

72 1410 55 22 time
141 1409 12 22 I
166 1409 39 22 left
214 1407 141 31 Wanganui,
374 1408 18 22 it
403 1407 52 29 had,
476 1407 33 23 till
527 1414 57 21 now,
603 1406 57 23 been

71 1452 100 30 blowing
183 1459 12 15 a
209 1451 58 23 hard
285 1451 51 31 gale
348 1450 66 23 from
426 1450 59 24 S.E.
496 1459 6 20 ;
523 1450 40 23 but
580 1457 24 16 as
623 1449 36 23 the

71 1495 61 23 wind
144 1495 79 23 abated
241 1495 46 22 this
302 1494 114 31 morning,
435 1494 43 23 and
490 1493 90 24 shewed
596 1493 63 31 signs

71 1539 25 23 of
104 1546 56 16 soon
172 1538 122 30 changing,
308 1537 86 23 several
405 1538 86 22 natives
502 1537 51 23 who
565 1536 44 23 had
622 1544 37 15 ac-

71 1581 132 32 companied
212 1588 38 16 me
262 1581 46 23 this
315 1580 41 28 far,
365 1580 115 28 returned,
492 1581 24 22 in
529 1579 64 25 order
602 1584 22 18 to
631 1579 28 23 be

69 1626 25 22 in
104 1626 54 22 time
165 1624 34 23 for
212 1624 38 23 the
259 1624 52 22 fleet
319 1623 24 23 of
353 1630 82 16 canoes
443 1623 34 22 for
490 1622 88 32 Kapiti.
616 1622 43 30 My

69 1672 67 26 party
145 1675 44 16 was
196 1666 99 24 reduced
302 1666 58 24 from
370 1666 79 23 fifteen
457 1670 21 19 to
485 1673 78 17 seven.
589 1665 70 24 From

69 1711 47 23 this
134 1710 130 23 settlement
275 1717 33 15 we
321 1714 37 18 cut
375 1717 79 15 across
466 1708 36 24 the
515 1708 109 24 sandhills
636 1713 22 19 to

69 1754 40 23 the
123 1753 72 23 beach
215 1758 22 18 to
252 1752 36 24 the
301 1752 66 24 north
381 1752 25 23 of
422 1752 38 23 the
472 1752 79 23 river's
563 1751 79 23 mouth
650 1760 6 20 ;

70 1797 45 22 and
126 1796 57 23 after
192 1796 52 23 half
256 1805 13 14 a
280 1796 73 23 mile's
365 1795 59 24 walk
439 1795 66 31 along
515 1796 26 28 it,
551 1802 32 16 we
596 1802 61 16 came

69 1841 23 18 to
101 1837 38 23 the
148 1837 57 23 cliffs
215 1837 77 31 ag;iin.
328 1836 43 23 We
379 1836 45 23 had
434 1844 49 15 now
492 1841 22 18 to
525 1835 58 24 walk
591 1835 68 31 along

69 1878 39 23 the
118 1882 38 26 top
168 1877 25 23 of
203 1877 70 29 them,
294 1885 24 15 as
332 1877 37 23 the
379 1885 39 16 sea
431 1877 94 23 covered
542 1875 37 25 the
588 1876 69 23 beach

69 1922 24 22 in
106 1928 67 23 many
182 1920 85 31 places.
306 1920 12 23 I
330 1920 70 23 found
415 1920 44 23 this
472 1927 55 23 very
538 1919 119 31 fatiguing,

69 1972 25 14 as
109 1964 36 22 the
158 1964 53 31 path
224 1964 38 30 lay
271 1972 54 14 over
337 1964 137 22 hummocks
486 1964 25 22 of
520 1962 61 24 loose
594 1962 63 28 sand,

70 2006 25 23 of
106 2006 71 22 which
189 2013 13 14 a
214 2012 90 15 narrow
316 2006 47 21 belt
375 2006 86 21 divides
475 2006 37 21 the
525 2005 72 22 fertile
607 2005 52 22 land

68 2049 60 23 from
139 2047 38 24 the
189 2048 58 30 edge
258 2047 25 23 of
299 2047 36 23 the
346 2047 55 23 cliff.
438 2047 42 23 Six
498 2047 65 23 miles
574 2046 24 23 of
614 2046 44 24 this

69 2091 89 23 tedious
174 2091 128 29 travelling,
322 2091 77 22 varied
413 2090 53 30 only
476 2091 31 29 by
520 2097 42 16 one
577 2089 80 28 break,

68 2134 76 24 where
155 2134 35 23 the
201 2134 89 23 Kokau
297 2134 82 23 rivulet
388 2134 93 30 empties
492 2133 64 24 itself
566 2132 46 25 into
621 2133 37 24 the

69 2185 46 21 sea,
127 2178 43 22 and
177 2185 33 15 we
219 2178 68 29 again
295 2177 127 23 descended
430 2181 22 19 to
458 2176 37 23 the
503 2176 78 24 beach.
609 2176 49 24 The

67 2221 59 23 cliffs
135 2221 105 23 continue
247 2221 35 23 for
290 2220 62 24 three
364 2220 67 23 miles
443 2228 69 21 more,
526 2219 65 24 when
603 2219 54 32 they

68 2265 52 30 give
140 2265 62 29 place
214 2268 23 18 to
256 2264 43 22 low
312 2263 118 28 sandhills,
450 2263 86 23 similar
554 2266 22 20 to
595 2264 63 22 those

68 2306 100 32 skirting
184 2306 39 23 the
239 2310 62 21 coast
316 2306 24 23 of
356 2306 139 30 Wangaihu.
534 2306 40 24 Six
592 2305 66 24 miles

67 2350 45 23 and
129 2358 13 15 a
157 2350 51 23 half
224 2349 68 30 along
311 2349 64 24 these
395 2348 99 32 brought
510 2357 27 16 us
553 2348 47 23 into
620 2348 37 23 the

66 2393 66 31 bight
144 2393 25 23 of
180 2401 13 15 a
205 2392 67 24 small
284 2392 51 31 bay,
348 2392 76 24 where
438 2392 36 23 the
487 2392 90 24 Wenua
589 2391 70 24 Kura

66 2437 60 22 river
150 2436 39 23 has
215 2436 31 23 its
271 2435 159 24 embouchure.
471 2434 68 24 After
556 2435 102 30 crossing

66 2479 45 24 this
125 2484 83 18 stream
218 2479 32 29 by
261 2479 90 31 wading
364 2486 30 24 up
407 2482 22 19 to
443 2486 37 22 my
493 2478 78 28 knees,
586 2477 13 24 I
612 2483 46 18 met

68 2521 87 24 several
166 2522 81 31 people
259 2522 125 30 belonging
397 2526 21 19 to
431 2529 42 16 one
483 2521 25 23 of
520 2522 37 23 the
567 2520 56 32 pahs
635 2526 23 19 at

68 2565 38 23 the
125 2569 115 23 entrance,
259 2564 51 23 who
327 2564 94 31 pressed
438 2572 36 15 me
485 2569 23 18 to
527 2567 49 28 stop
593 2564 64 24 there

66 2609 37 22 for
115 2608 38 23 the
164 2607 74 31 night.
276 2607 35 23 As
324 2607 38 23 the
375 2607 58 31 boys
445 2615 57 16 were
515 2606 64 29 tired,
593 2607 13 23 I
620 2615 37 15 ac-

68 2651 71 23 ceded
151 2656 21 18 to
186 2651 38 23 the
237 2655 99 26 request.
373 2651 25 23 A
409 2655 63 27 steep
485 2650 172 32 perpendicular

68 2694 55 29 cliff,
135 2696 47 22 100
191 2694 46 23 feet
243 2694 64 31 high,
317 2694 70 23 forms
396 2694 37 23 the
519 2694 57 23 head
585 2693 25 24 of
619 2694 38 23 the

68 2738 60 23 river
137 2738 49 31 just
198 2738 73 23 inside
284 2738 24 23 of
318 2737 37 23 the
367 2738 80 28 beach,
460 2738 44 23 and
517 2745 29 17 on
556 2737 28 23 its
595 2745 61 15 sum-

66 2781 43 23 mit
123 2781 19 22 is
150 2780 58 24 built
216 2789 13 14 a
236 2781 46 31 pali
294 2780 71 24 culled
372 2781 94 23 Tiliohi.
491 2781 51 23 The
550 2780 107 24 southern

66 2824 60 23 licad
144 2825 18 22 is
174 2824 48 23 also
234 2823 70 32 cliffy,
320 2824 45 23 and
382 2825 48 23 also
447 2825 78 24 boasts
537 2823 25 24 of
577 2832 14 15 a
603 2825 53 31 pah,

68 2867 73 24 called
158 2868 33 23 Te
205 2868 33 23 O.
275 2867 35 24 To
328 2868 38 23 the
383 2868 67 24 latter
462 2868 13 24 I
487 2876 46 16 was
551 2867 105 29 ushered,

67 2912 128 29 recrossing
208 2911 39 23 the
256 2911 61 23 river
329 2919 29 15 on
371 2919 42 15 one
424 2911 25 24 of
460 2912 37 23 the
509 2911 147 25 inhabitants'

68 2954 125 24 shoulders.
231 2954 52 24 The
299 2955 88 26 natives
404 2955 102 24 crowded
523 2954 74 25 round
612 2962 43 21 me,

66 3006 69 22 many
146 2997 24 24 of
186 2997 63 23 them
268 2997 85 31 having
370 3005 69 16 never
456 3006 54 16 seen
528 3005 61 16 more
602 2997 55 24 than

68 3049 41 16 one
123 3049 25 15 or
165 3045 43 19 two
221 3041 69 23 white
301 3041 81 31 people
399 3041 84 24 before.
521 3041 65 31 They
598 3049 58 18 were

67 3089 61 18 most
139 3084 96 24 anxious
246 3089 22 18 to
280 3083 70 30 trade,
370 3084 44 24 and
426 3085 98 31 brought
541 3091 36 16 me
589 3091 67 24 every

67 3126 73 30 thing,
153 3126 58 23 from
224 3135 13 13 a
246 3126 95 24 kaitaka
351 3131 49 19 mat
411 3135 25 15 or
448 3135 13 15 a
473 3128 40 30 pig
524 3131 22 19 to
558 3135 14 14 a
582 3126 73 24 hand-

65 3169 34 23 ful
108 3168 25 24 of
142 3173 68 19 sweet
219 3173 103 26 potatoes
334 3178 26 14 or
372 3178 14 15 a
397 3169 63 24 dried
471 3169 80 25 shark.
589 3168 67 31 They

66 3211 79 32 placed
156 3210 78 24 before
246 3219 36 15 me
292 3212 52 23 food
357 3212 25 23 of
397 3211 30 24 all
438 3217 59 19 sorts
509 3222 5 19 ;
534 3211 39 24 the
585 3220 70 15 ovens

66 3255 85 29 having
162 3254 59 23 been
231 3253 61 24 filled
301 3254 152 32 immediately
463 3255 49 24 that
525 3254 12 25 I
546 3262 45 16 was
602 3263 53 23 per-

67 3297 78 24 ceived
157 3297 92 31 coming
260 3296 67 31 along
339 3297 38 23 the
389 3298 79 24 beach.

99 3341 84 23 Apeil
197 3342 24 24 1,
223 3352 34 3 —
259 3339 57 23 This
334 3342 106 29 morning
458 3349 32 15 we
508 3340 92 25 crossed
618 3340 37 24 the

66 3384 68 28 river,
146 3383 43 24 and
201 3382 86 32 passed
306 3382 97 31 through
422 3383 84 25 Tihohi
518 3383 44 33 pali
582 3392 29 15 on
631 3389 23 18 to

65 3427 39 23 the
116 3426 78 23 beach.
233 3425 24 23 A
269 3425 73 23 mile's
355 3425 60 23 walk
426 3427 72 22 round
515 3426 38 24 the
563 3427 55 23 base
632 3427 25 23 of

66 3477 14 14 a
90 3468 56 32 high
159 3468 63 30 cliffy
233 3467 66 29 bluff,
311 3467 101 31 brought
422 3476 28 15 us
462 3473 22 18 to
492 3469 38 23 the
541 3469 79 23 mouth
632 3470 25 23 of

64 3511 38 24 the
120 3511 71 24 Patea
203 3512 69 26 river,
285 3511 24 22 in
321 3511 38 22 the
370 3510 66 32 bight
449 3511 24 23 of
482 3511 93 24 another
588 3512 67 23 small

63 3555 53 30 bay.
154 3554 23 23 It
188 3561 48 16 was
247 3553 58 31 high
315 3557 70 19 water
396 3553 65 24 when
473 3561 33 16 we
522 3554 97 24 reached
627 3555 25 28 it,

64 3598 45 23 and
121 3605 28 15 an
161 3597 101 31 opening
268 3597 24 23 in
301 3596 37 24 the
344 3596 74 31 heavy
426 3597 49 23 surf
485 3596 87 24 outside
581 3604 73 16 seem-

64 3640 28 23 ed
104 3645 23 18 to
140 3640 98 23 indicate
250 3647 63 16 some
320 3639 70 31 depth
402 3640 26 23 of
435 3644 78 19 water.
549 3638 23 24 It
583 3641 20 21 is
614 3645 40 18 not

65 3683 69 24 above
155 3684 31 22 40
207 3682 68 31 yards
294 3682 71 24 broad
384 3687 22 18 at
425 3683 37 22 the
482 3686 50 28 spot
551 3682 73 23 where
636 3684 18 22 it

62 3733 80 23 passes
154 3725 37 23 the
203 3725 80 29 beach,
303 3725 41 24 but
363 3725 14 23 I
395 3733 46 16 v/as
461 3724 94 25 assured
574 3726 29 30 by
616 3725 37 24 the

62 3770 89 22 natives
163 3768 51 24 that
226 3768 53 31 they
292 3769 57 23 have
362 3769 83 31 always
457 3773 22 19 to
487 3769 62 23 swim
562 3769 26 28 it,
598 3776 55 16 even

62 3816 25 21 at
97 3813 44 22 low
151 3816 77 20 water.
266 3811 50 24 The
328 3812 98 24 channel
438 3820 73 16 seems
520 3815 22 19 to
555 3811 96 31 expand,

61 3855 57 23 both
134 3854 73 27 inside
224 3855 45 22 and
282 3855 87 24 outside
382 3855 45 23 this
443 3862 88 16 narrow
546 3862 104 24 passage.

62 3898 35 23 As
111 3898 62 23 there
184 3898 21 23 is
219 3905 29 16 no
261 3897 129 24 settlement
401 3898 89 30 beyond
499 3897 37 23 the
545 3904 41 15 one
598 3897 54 23 here

62 3941 34 26 for
109 3945 24 19 at
143 3941 59 27 lesast
214 3944 44 21 two
272 3940 61 30 days'
348 3940 59 23 walk
425 3944 21 19 to
458 3940 38 23 the
514 3939 136 28 northward,

1336 962 47 26 Sir,
1385 974 31 4 —
1418 961 10 21 I
1438 969 24 14 as
1473 969 13 13 a
1496 961 101 22 member
1607 960 25 22 of
1645 961 38 21 the
1701 961 94 22 medical
1812 961 86 28 profes-

1308 995 56 27 sion,
1376 995 68 22 about
1453 998 22 19 to
1484 995 73 22 reside
1568 995 23 21 in
1602 995 56 22 New
1669 995 106 27 Zealand,
1792 996 53 21 take
1860 995 37 22 the

1307 1028 81 27 liberty
1404 1028 105 27 (through
1519 1028 38 22 the
1568 1028 99 22 medium
1682 1029 26 21 of
1723 1036 56 20 your
1793 1029 103 21 valuable

1307 1062 77 28 paper)
1397 1062 26 22 of
1429 1062 110 27 dhecting
1548 1062 37 21 the
1592 1062 112 22 attention
1710 1062 26 21 of
1741 1062 38 22 the
1786 1062 111 22 Colonists

1308 1099 23 18 to
1341 1096 37 21 the
1388 1096 110 26 founding
1508 1096 27 21 of
1546 1103 29 14 an
1585 1096 112 27 Hospital.
1726 1097 56 21 lam
1790 1096 38 22 the
1836 1104 61 14 more

1308 1130 95 21 anxious
1413 1130 25 21 of
1450 1130 68 27 doing
1528 1137 32 19 so,
1570 1129 35 22 for
1615 1129 37 22 the
1665 1129 114 28 following
1793 1137 91 14 reasons
1891 1138 5 13 :

1308 1163 53 28 first,
1374 1170 29 15 on
1414 1167 95 18 account
1515 1163 26 21 of
1548 1163 37 21 the
1593 1165 79 20 extent
1679 1163 26 22 of
1712 1170 40 15 our
1758 1163 138 28 population,

1308 1196 72 23 which
1396 1197 19 22 is
1430 1198 45 21 fast
1488 1196 138 28 increasing;
1648 1197 113 28 secondly,
1779 1198 24 21 in
1821 1205 75 14 conse-

1309 1238 85 21 quence
1405 1232 25 22 of
1441 1232 57 22 their
1506 1232 70 27 being
1585 1239 29 15 no
1623 1231 66 29 place
1699 1231 33 23 for
1739 1231 37 23 the
1784 1233 114 26 reception

1309 1266 25 21 of
1344 1266 39 21 the
1393 1273 78 20 poorer
1481 1266 57 21 class
1548 1266 25 21 of
1584 1265 128 28 emigrants,
1723 1266 49 21 who
1779 1273 53 20 may
1839 1268 59 19 meet

1308 1299 52 22 with
1377 1299 119 28 accidents,
1515 1307 25 14 or
1555 1299 49 23 who
1621 1307 53 20 may
1689 1300 27 22 be
1732 1300 98 22 afflicted
1845 1301 53 22 with

1308 1335 92 21 disease.

1335 1369 38 22 Tis
1390 1372 48 19 true
1455 1369 37 22 the
1510 1369 57 22 New
1584 1369 101 22 Zealand
1702 1369 64 22 Land
1782 1370 116 28 Company

1308 1403 123 28 humanely
1440 1403 109 28 provided
1558 1411 14 14 a
1586 1407 127 24 temporary
1729 1403 121 28 Infirmary
1864 1405 34 21 for

1309 1437 37 22 the
1356 1438 113 27 reception
1480 1438 26 21 of
1516 1437 96 22 invalids
1621 1438 59 21 from
1698 1437 56 23 their
1771 1438 60 28 ships
1837 1447 5 18 ;
1858 1439 40 22 but

1308 1478 24 15 as
1342 1471 37 22 the
1390 1471 191 23 accommodation
1595 1471 19 22 is
1628 1471 92 27 limited,
1738 1473 18 20 it
1772 1476 84 18 cannot
1869 1473 29 21 be

1309 1505 110 28 supposed
1434 1505 19 22 it
1467 1505 46 22 will
1527 1505 29 22 be
1573 1506 25 21 of
1611 1505 55 27 long
1680 1505 110 23 duration.
1821 1506 77 22 Under

1309 1546 44 19 any
1369 1539 179 27 circumstances,
1565 1538 79 22 should
1659 1539 39 22 the
1712 1539 116 28 Company
1846 1548 52 14 con-

1308 1572 61 22 tinue
1374 1572 24 26 it,
1405 1572 17 22 it
1427 1572 45 22 will
1481 1572 28 22 be
1518 1572 36 22 for
1564 1572 56 22 their
1630 1579 50 15 own
1688 1576 106 24 servants,
1804 1574 45 21 and
1859 1577 39 19 not

1308 1606 35 22 for
1352 1606 37 22 the
1398 1606 84 22 benefit
1492 1606 26 22 of
1529 1614 14 14 a
1552 1606 60 27 large
1618 1607 146 27 community.
1793 1607 105 23 Another

1308 1647 54 20 very
1369 1640 106 28 powerful
1481 1647 88 19 reason,
1577 1640 45 22 and
1630 1647 42 16 one
1679 1640 72 22 which
1758 1641 11 21 I
1777 1641 44 22 feel
1829 1642 69 21 confi-

1309 1673 54 23 dent
1378 1674 45 22 will
1438 1673 58 23 have
1512 1673 67 23 much
1597 1673 88 28 weight,
1701 1674 25 27 is,
1744 1674 48 22 that
1803 1675 22 21 if
1836 1675 61 22 there

1308 1714 44 15 was
1371 1715 14 14 a
1399 1707 106 27 Hospital
1515 1707 140 27 established,
1668 1708 37 21 the
1714 1708 85 22 benefit
1806 1709 27 21 of
1844 1709 52 22 such

1308 1748 28 14 an
1347 1741 130 21 Institution
1487 1740 73 27 might
1569 1741 27 21 be
1605 1741 112 22 extended
1724 1744 22 19 to
1753 1741 37 23 the
1796 1741 100 29 Natives,

1309 1774 48 22 who
1376 1774 108 27 certainly
1501 1774 59 22 have
1579 1782 14 14 a
1607 1774 66 22 claim
1691 1782 28 15 on
1736 1775 38 22 the
1790 1781 66 17 cause
1875 1777 25 21 of

1308 1808 117 27 humanity
1432 1816 5 19 ;
1453 1808 34 22 for
1495 1808 19 27 I,
1522 1816 24 14 as
1557 1816 12 14 a
1578 1808 96 22 medical
1684 1816 59 20 man,
1752 1809 89 22 declare
1851 1810 47 21 that

1308 1843 17 21 it
1341 1842 19 23 is
1377 1842 60 27 truly
1452 1842 127 27 deplorable
1598 1845 21 18 to
1637 1842 88 23 witness
1743 1843 36 22 the
1796 1844 101 26 frightful

1308 1884 92 19 ravages
1419 1875 85 23 disease
1523 1875 41 23 has
1581 1875 65 23 made
1666 1880 103 24 amongst
1789 1885 69 20 many
1875 1878 25 21 of

1309 1910 67 21 them.

1336 1943 28 22 In
1374 1943 38 22 the
1425 1943 86 28 history
1528 1945 26 20 of
1570 1944 30 21 all
1614 1944 103 21 civilized
1733 1945 162 27 communities,

1309 1985 31 13 we
1350 1977 48 21 find
1407 1978 117 26 springing
1532 1985 30 19 up
1572 1978 77 21 coeval
1660 1978 52 21 with
1731 1979 57 21 fclieir
1803 1979 93 22 founda-

1309 2010 53 25 tion,
1372 2010 136 20 benevolent
1518 2011 144 24 institutions,
1674 2011 45 20 and
1727 2011 25 20 of
1764 2011 29 20 all
1802 2012 95 20 charita-

1308 2042 35 21 ble
1353 2042 186 26 establishments,
1554 2049 13 14 a
1584 2042 105 27 Hospital
1708 2042 117 28 decidedly
1835 2044 62 21 takes

1308 2075 37 23 the
1361 2075 145 28 precedence,
1524 2083 28 14 on
1576 2078 96 19 account
1689 2076 25 21 of
1731 2076 38 22 the
1785 2077 113 22 extended

1307 2110 95 22 benefits
1415 2110 18 21 it
1449 2109 89 22 confers
1557 2117 28 14 on
1604 2109 28 22 its
1651 2110 102 22 inmates.
1782 2110 60 22 Who
1858 2111 40 22 has

1308 2144 80 22 visited
1406 2151 61 14 some
1484 2144 27 21 of
1527 2143 38 22 the
1585 2150 120 15 numerous
1722 2143 116 29 Hospitals
1853 2145 45 21 and

1309 2178 137 21 Infirmaries
1456 2177 136 22 established
1600 2178 24 21 in
1638 2176 38 23 the
1692 2177 87 22 mother
1795 2182 101 24 country,

1308 2212 44 22 and
1359 2212 53 21 then
1418 2215 41 18 not
1464 2211 119 22 witnessed
1592 2211 36 22 the
1634 2211 88 22 infinite
1728 2211 67 22 relief
1799 2213 21 20 af
1821 2212 77 23 Forded

1308 2246 66 27 daily,
1386 2254 45 19 nay
1440 2246 88 27 hourly,
1541 2249 22 18 to
1569 2252 69 21 many
1646 2246 26 20 of
1684 2252 40 15 our
1729 2253 56 20 poor
1792 2246 107 28 suffering

1308 2280 73 22 fellow
1391 2281 122 22 creatures?
1542 2280 67 22 What
1616 2280 109 26 blessings
1733 2280 27 21 do
1769 2280 55 22 such
1832 2280 66 23 Insti-

1308 2314 83 22 tutions
1401 2317 40 19 not
1451 2313 80 28 spread
1540 2313 101 23 around?
1670 2314 79 27 Surely
1760 2314 35 22 'tis
1805 2322 13 14 a
1827 2314 71 28 pleas-

1307 2348 39 27 ing
1355 2348 115 22 reflection
1480 2348 36 21 for
1527 2348 36 21 the
1573 2347 84 27 visitor,
1665 2348 64 21 when
1739 2348 29 21 lie
1776 2352 74 18 enters
1861 2348 36 23 the

1308 2381 59 28 large
1379 2381 60 22 ward
1449 2381 24 22 of
1485 2389 14 15 a
1508 2381 111 28 Hospital,
1634 2381 46 22 and
1695 2381 53 22 then
1764 2389 48 15 sees
1821 2383 30 27 by
1861 2383 37 22 the

1308 2416 50 22 skill
1368 2416 45 22 and
1423 2416 146 27 unremitting
1582 2416 110 22 attention
1709 2416 25 22 of
1750 2416 38 23 the
1804 2417 94 23 medical

1308 2450 134 27 attendants,
1452 2450 79 22 health
1541 2450 99 22 restored
1651 2454 22 18 to
1684 2450 36 22 the
1736 2451 54 28 sick,
1807 2451 58 28 sight
1875 2456 23 17 to

1308 2484 36 21 the
1354 2484 69 27 blind,
1442 2484 45 22 and
1503 2484 25 21 in
1544 2491 68 20 many
1628 2484 112 22 instances
1758 2484 86 23 disease
1859 2486 39 22 de-

1308 2517 78 28 prived
1405 2518 25 21 of
1449 2517 28 22 its
1496 2517 77 23 victim
1594 2517 45 22 and
1659 2517 66 23 death
1743 2519 26 21 of
1788 2519 30 22 its
1835 2526 62 21 prey.

1308 2551 68 22 What
1391 2555 60 18 must
1465 2551 29 22 be
1510 2551 35 22 his
1561 2551 95 28 feelings
1673 2559 29 14 on
1719 2552 48 21 that
1786 2553 110 28 occasion,

1308 2585 64 22 when
1388 2585 28 22 he
1435 2585 114 22 considers
1567 2585 49 22 that
1635 2586 29 21 he
1685 2586 39 21 has
1743 2587 57 21 been
1816 2587 82 22 instru-

1309 2619 84 22 mental
1402 2620 23 21 in
1434 2620 126 27 bestowing
1569 2620 54 22 such
1632 2620 116 27 blessings,
1767 2620 45 22 and
1821 2621 23 21 in
1853 2621 46 22 for-

1308 2653 100 27 warding
1416 2653 36 22 the
1461 2660 78 15 means
1547 2653 25 22 of
1579 2654 124 26 exercising
1711 2661 28 14 an
1748 2657 34 18 art
1788 2655 111 27 practised

1308 2689 30 26 by
1347 2687 38 23 the
1396 2689 69 21 Great
1473 2688 91 22 Creator
1571 2688 25 22 of
1602 2688 110 22 mankind
1719 2689 9 21 ?
1755 2688 70 22 What
1831 2689 68 28 ought

1308 2726 40 18 not
1357 2723 27 21 be
1395 2723 57 21 done
1462 2722 34 21 for
1509 2722 38 22 the
1564 2722 146 28 establishing
1725 2722 25 22 of
1761 2729 29 16 an
1806 2723 92 22 Institu-

1309 2757 45 21 tion
1364 2764 25 14 so
1398 2755 104 23 laudable
1508 2756 24 22 in
1538 2756 27 22 its
1576 2764 102 20 purpose,
1687 2757 44 21 and
1738 2756 74 22 which
1818 2757 80 23 affords

1310 2794 21 18 to
1345 2790 39 21 the
1400 2797 55 21 poor
1471 2789 47 22 and
1534 2790 111 27 destitute,
1661 2790 115 28 remedies,
1793 2791 73 22 which
1881 2792 20 21 if

1305 2823 135 28 judiciously
1451 2823 125 28 employed,
1588 2830 36 14 are
1635 2823 124 23 calculated
1766 2827 22 19 to
1795 2831 103 20 preserve

1309 2857 81 27 health,
1406 2860 22 18 to
1446 2864 52 15 cure
1514 2856 91 28 disease,
1623 2860 24 18 to
1664 2856 94 28 prolong
1771 2857 47 29 life,
1837 2866 24 15 or
1875 2861 23 20 at

1308 2891 56 23 least
1374 2894 22 19 to
1405 2890 88 23 smooth
1503 2890 38 22 the
1558 2891 43 21 bed
1618 2891 26 21 of
1656 2891 73 23 death.
1758 2892 36 27 By
1808 2900 62 15 some
1886 2893 12 22 I

1308 2933 52 19 may
1369 2925 28 22 be
1409 2924 132 23 considered
1556 2928 127 24 premature
1697 2925 23 22 in
1735 2926 106 28 bringing
1855 2926 43 22 this

1308 2959 85 28 subject
1409 2959 71 22 under
1497 2959 74 22 notice
1579 2968 6 19 ;
1607 2959 31 28 by
1656 2959 81 28 others,
1754 2960 145 28 particularly

1308 2993 29 27 by
1347 3001 39 19 my
1395 2993 146 28 professional
1556 2992 113 28 brethren,
1687 2993 12 21 I
1715 3001 52 19 may
1782 2994 27 22 be
1827 2995 71 21 consi-

1309 3027 68 22 dered
1386 3034 23 15 as
1419 3027 79 27 taking
1508 3034 13 14 a
1531 3029 48 25 step
1589 3027 34 21 for
1640 3027 39 22 the
1693 3034 62 15 more
1771 3027 128 29 effectually

1308 3060 102 28 securing
1419 3068 39 20 my
1468 3068 50 14 own
1530 3061 95 21 election
1636 3068 25 14 as
1672 3068 41 14 one
1724 3061 26 21 of
1757 3061 37 21 the
1804 3061 94 23 medical

1308 3094 134 22 attendants.
1477 3094 33 21 To
1521 3094 37 21 the
1567 3095 84 20 former
1661 3094 13 22 I
1684 3102 52 20 may
1746 3101 92 20 answer,
1849 3095 49 22 that

1308 3135 27 14 an
1351 3127 131 21 Institution
1499 3126 27 22 of
1539 3127 53 21 such
1609 3130 134 24 paramount
1759 3128 137 26 importance

1308 3164 83 19 cannot
1398 3161 28 22 be
1435 3160 99 28 brought
1543 3163 36 20 too
1589 3168 56 15 soon
1658 3161 74 22 before
1743 3160 38 22 the
1792 3161 73 22 notice
1875 3161 25 22 of

1307 3195 37 22 the
1353 3195 74 28 public
1433 3204 5 19 ;
1455 3198 23 18 to
1488 3195 39 21 the
1540 3195 72 27 latter,
1632 3195 12 22 I
1659 3199 60 18 most
1730 3195 114 27 distinctly
1858 3195 38 22 de-

1306 3228 58 23 clare
1374 3228 49 23 that
1431 3236 29 15 no
1471 3228 56 23 such
1536 3229 83 22 motive
1630 3231 99 20 actuates
1738 3235 44 20 me,
1795 3228 44 22 and
1848 3228 48 22 that

1306 3263 17 21 it
1331 3263 19 21 is
1360 3263 78 28 totally
1447 3266 24 18 at
1480 3262 105 22 variance
1595 3262 54 22 with
1660 3262 36 22 the
1706 3262 72 27 grand
1787 3262 108 27 principle

1306 3304 29 14 on
1345 3296 73 23 which
1428 3296 12 23 I
1449 3296 59 28 hope
1523 3299 23 18 to
1560 3303 37 14 see
1612 3303 15 14 a
1641 3295 105 28 Hospital
1762 3295 134 22 established

1305 3331 24 21 in
1338 3330 44 22 this
1398 3330 93 27 Colony,
1508 3329 90 27 namely
1614 3336 14 14 a
1645 3329 62 21 strict
1721 3329 135 21 observance
1873 3329 25 22 of

1304 3363 144 28 impartiality
1458 3364 23 20 in
1492 3362 37 23 the
1540 3362 95 22 election
1652 3362 27 21 of
1688 3362 97 22 medical
1800 3362 93 27 officers,
1899 3373 2 4 •

1305 3398 67 22 merit
1380 3400 41 19 not
1428 3397 94 21 interest
1529 3395 103 28 securing
1638 3395 58 22 their
1703 3395 103 23 election.
1835 3395 59 23 Such

1305 3438 14 15 a
1327 3430 107 29 principle
1444 3430 45 22 will
1498 3433 41 18 not
1548 3429 54 27 only
1611 3429 73 22 afford
1691 3429 66 22 merit
1766 3429 29 22 its
1802 3430 91 27 reward,

1304 3465 40 21 but
1354 3463 45 23 will
1407 3464 28 22 be
1446 3471 13 14 a
1467 3466 122 23 guarantee
1599 3465 26 19 to
1642 3462 38 22 the
1694 3462 75 28 public
1777 3471 5 19 ;
1800 3463 31 28 by
1841 3471 53 15 con-

1304 3498 93 28 ducting
1405 3497 30 22 all
1445 3497 95 22 medical
1550 3496 167 28 appointments
1731 3504 29 15 on
1778 3496 40 23 the
1833 3505 61 15 same

1304 3532 115 28 principle,
1430 3531 38 22 the
1478 3530 110 22 Colonists
1598 3530 46 22 will
1659 3530 28 22 be
1702 3531 77 27 taking
1790 3531 37 22 the
1837 3536 59 18 most

1304 3565 102 23 effectual
1416 3571 78 15 means
1505 3564 26 21 of
1541 3564 120 26 attracting
1668 3567 21 19 to
1698 3564 43 22 this
1748 3564 86 29 Colony
1839 3570 55 19 lnen

1304 3600 26 22 of
1341 3599 71 22 talent
1421 3598 45 22 and
1476 3597 95 23 abilities
1581 3597 23 22 in
1622 3597 58 23 their
1694 3599 124 26 profession
1825 3607 5 13 :
1840 3604 3 5 '
1849 3600 45 22 and

1304 3633 74 27 surely
1387 3633 18 21 it
1413 3632 18 21 is
1442 3631 38 22 the
1489 3631 94 22 interest
1594 3630 27 22 of
1633 3631 37 22 the
1685 3632 75 27 public
1778 3636 23 18 to
1818 3640 76 15 secure

1304 3667 54 21 such
1368 3673 51 15 men
1429 3666 24 22 in
1463 3664 44 22 this
1516 3668 84 18 remote
1611 3665 73 23 dime.
1720 3665 35 28 By
1766 3665 106 29 adopting
1882 3674 13 15 a

1304 3700 102 22 different
1412 3698 116 28 principle,
1534 3698 72 22 where
1612 3698 20 22 is
1640 3698 37 23 the
1685 3706 53 15 man
1745 3699 57 27 who,
1811 3700 84 27 having

1303 3736 65 25 spent
1376 3740 69 20 many
1454 3739 65 20 years
1528 3732 23 21 in
1563 3731 37 23 the
1614 3732 88 27 pursuit
1717 3732 25 22 of
1753 3740 30 14 an
1799 3733 95 23 arduous

1303 3768 44 22 and
1364 3766 126 27 harrassing
1506 3766 130 27 profession,
1661 3765 44 22 and
1725 3766 86 28 having
1830 3771 65 23 spent

1303 3801 66 22 much
1379 3799 112 28 midnight
1508 3799 30 23 oil
1547 3799 23 22 in
1581 3799 37 22 the
1630 3800 131 27 acquisition
1772 3801 27 21 of
1810 3801 83 27 profes-

1302 3836 71 22 sional
1389 3835 138 27 knowledge,
1545 3834 74 23 would
1637 3842 51 15 ever
1710 3835 28 22 be
1754 3835 99 22 induced
1868 3839 23 18 to

1302 3870 62 22 leave
1375 3870 33 21 his
1419 3873 94 24 country
1522 3869 23 22 in
1557 3869 77 21 search
1652 3869 27 22 of
1696 3869 126 28 reputation
1839 3869 24 21 in
1880 3876 13 15 a

1301 3904 63 27 place
1374 3903 73 22 where
1462 3903 100 26 interest,
1579 3906 41 18 not
1636 3902 72 28 merit,
1725 3902 75 22 would
1817 3909 76 15 secure

1301 3937 34 22 his
1346 3943 97 19 success;
1460 3935 45 22 and
1515 3936 23 21 in
1548 3935 101 22 addition
1661 3940 20 17 to
1693 3935 78 27 which,
1784 3936 28 22 he
1822 3936 71 26 might

776 35 128 30 THE
948 34 139 31 NEW
1131 34 311 31 ZEALAND
1487 33 324 31 GAZETTE.

1921 118 60 18 meet
1993 114 54 23 with
2063 115 38 22 the
2117 115 67 28 slight
2200 117 46 22 and
2260 118 137 27 ingratitude
2414 121 27 21 of
2458 120 55 22 false

1921 149 92 28 friends,
2033 157 25 15 or
2073 150 28 22 be
2118 151 88 27 obliged
2222 154 23 19 to
2260 160 93 20 prepare
2369 154 94 23 himself
2477 155 35 22 in-

1922 183 111 27 cessantly
2049 187 23 18 to
2088 191 67 20 parry
2170 184 34 22 off
2220 184 38 23 the
2274 186 69 22 shafts
2363 188 27 21 of
2407 189 107 26 calumny

1923 215 74 22 aimed
2007 219 21 19 at
2037 215 35 23 his
2081 217 146 26 professional
2237 218 115 23 character
2360 220 31 28 by
2398 220 116 28 meddling

1923 248 173 28 acquaintances
2105 257 25 15 or
2145 251 88 27 jealous
2251 252 74 22 rivals.
2355 254 12 21 I
2388 254 67 27 speak
2474 258 41 19 not

1924 281 26 21 of
1966 281 114 30 visionary
2095 284 90 27 objects,
2209 292 42 15 nor
2268 285 25 22 in
2308 286 38 23 the
2362 287 112 28 language
2490 289 27 22 of

1924 315 76 22 fiction
2008 324 6 19 ;
2030 316 12 21 I
2053 318 66 26 speak
2130 318 26 21 of
2166 318 82 28 things.

1951 349 103 28 Quceque
2064 351 42 27 ipsi
2115 351 124 23 miserrima
2248 353 46 22 vidi
2311 358 22 18 ct
2348 363 96 19 quorum
2458 363 52 21 pars

1924 389 83 21 magna
2016 383 39 22 fui.

2229 420 12 21 I
2251 428 43 20 am,
2307 422 40 27 Sir,

2174 452 63 22 Your
2247 454 105 23 obedient
2361 459 97 24 servant,

2048 485 22 21 J.
2086 485 207 29 FITZGERALD,
2310 488 73 28 M.D.,
2399 490 115 24 M.R.C.S.

1952 516 55 22 Port
2016 517 131 24 Nicholson.

1926 593 219 26 WHOLESALE
2174 595 125 26 PRICES
2333 598 178 24 CURRENT.

1306 116 94 23 towards
1407 115 57 22 their
1470 114 158 23 contribution.
1653 114 29 22 In
1689 114 37 23 the
1732 114 84 23 second
1823 114 70 28 place,

1305 149 38 22 the
1355 149 96 22 number
1464 149 72 27 might
1551 147 107 28 certainly
1668 148 28 22 be
1711 147 97 22 reduced
1821 151 24 18 to
1856 154 38 21 say

1306 186 38 19 ten
1351 190 26 14 or
1384 189 56 16 even
1447 182 86 22 twelve.
1564 182 33 22 As
1603 181 37 22 the
1647 181 139 27 community
1792 180 103 28 general-

1305 216 25 28 ly
1339 216 51 27 will,
1403 216 25 22 of
1440 223 84 20 course,
1541 222 53 21 reap
1611 215 36 21 the
1661 215 85 23 benefit
1757 215 26 21 of
1795 215 56 21 such
1867 222 28 14 an

1307 250 134 27 expedition,
1456 250 19 21 it
1487 249 18 22 is
1515 248 54 28 only
1579 248 131 23 reasonable
1725 252 22 19 to
1758 252 81 24 expect
1848 248 48 22 that

1306 283 71 23 either
1391 283 60 28 they,
1468 291 26 14 or
1510 283 38 22 the
1567 282 65 24 Land
1647 283 122 27 Company,
1788 282 71 28 ought
1873 285 22 19 to

1306 317 86 29 defray.
1398 317 37 22 the
1451 324 97 20 expense
1564 317 26 22 of
1603 317 36 21 the
1656 324 75 19 same;
1750 316 44 21 and
1808 323 59 14 were
1884 323 13 14 a

1307 350 147 28 subscription
1473 351 94 26 opened,
1588 349 44 24 and
1649 348 134 24 announced
1798 349 35 21 for
1849 347 48 23 that

1306 391 102 20 purpose,
1424 383 61 23 there
1496 384 75 28 surely
1580 391 38 14 are
1632 386 41 19 not
1682 391 13 14 a
1703 383 43 22 few
1754 382 83 28 parties
1847 382 49 23 who

1306 417 75 22 would
1395 417 85 28 readily
1494 417 46 23 and
1554 421 24 18 at
1590 425 55 14 once
1661 424 63 14 come
1733 416 97 22 forward
1844 416 52 22 with

1308 451 57 22 their
1372 451 168 23 contributions.
1570 451 25 24 Jf
1601 451 55 22 such
1665 451 19 21 is
1694 453 40 25 put
1743 450 23 21 in
1772 450 69 27 force,
1852 457 46 20 you

1307 485 44 22 will
1366 484 48 22 find
1427 485 81 28 parties
1524 485 50 22 who
1590 492 30 15 no
1635 484 72 24 doubt
1720 483 45 25 will
1780 483 118 23 volunteer

1307 519 58 22 their
1374 519 95 22 services
1477 520 24 21 in
1516 519 39 22 the
1569 518 156 28 undertaking.
1757 518 21 22 It
1786 518 76 22 would
1875 520 23 19 at

1307 553 37 21 the
1355 560 60 15 same
1426 553 52 22 time
1488 553 27 22 be
1527 560 80 21 proper
1621 556 22 19 to
1653 553 93 28 appoint
1756 560 12 14 a
1777 552 25 22 fit
1816 559 80 20 person

1308 589 22 19 to
1340 593 94 21 manage
1444 586 54 22 such
1508 594 14 14 a
1531 589 88 24 matter,
1630 586 47 22 and
1686 589 23 18 to
1717 586 74 21 whose
1800 585 97 22 instruc-

1307 621 58 21 tions
1380 620 29 21 all
1424 620 62 22 those
1496 622 130 27 composing
1640 621 39 21 the
1694 619 127 28 expedition
1837 622 60 20 must

1307 654 60 27 yield
1380 655 94 27 implicit
1489 655 129 23 obedience.
1647 655 25 22 If
1685 654 49 22 well
1749 654 119 27 arranged,
1879 654 18 21 it

1307 692 83 18 cannot
1404 689 39 22 fail
1460 690 96 26 proving
1571 690 26 21 of
1610 692 64 24 great
1689 688 84 23 service
1790 691 23 18 to
1829 695 67 20 every

1306 729 82 21 person
1401 723 24 21 in
1435 722 36 22 the
1482 723 93 28 Colony.
1606 723 12 22 I
1626 723 37 22 for
1677 730 43 15 one
1730 722 46 23 will
1784 723 28 21 be
1828 722 69 27 ready

1307 760 24 19 to
1340 756 57 23 form
1407 764 42 15 one
1459 757 26 22 of
1491 758 38 21 the
1538 760 72 26 party,

1525 791 55 22 And
1589 798 43 19 am,
1644 791 40 28 Sir,

1585 825 61 22 Your
1656 825 105 23 obedient
1771 828 97 24 servant,

1828 858 22 22 J.
1866 858 30 21 H.

1336 892 53 21 Port
1398 891 130 25 Nicholson,
1541 892 56 24 May
1605 892 20 21 5.

1998 713 130 15 CORRECTED
2144 714 28 14 UP
2186 714 29 15 TO
2231 715 83 15 FKIDAY
2330 716 110 16 EVENING.

2265 742 18 18 £
2305 747 14 12 S.
2345 744 18 16 d.
2419 743 17 18 £
2458 747 15 13 S.
2499 744 17 20 (1,

1925 761 54 22 Rum
1987 768 5 14 :
2010 760 23 21 P.
2045 760 26 22 B.
2082 761 32 28 P.,
2130 761 56 28 duty
2199 762 54 29 free,

2032 795 41 19 per
2081 789 75 26 gallon
2268 792 14 20 0
2309 790 15 22 7
2351 793 83 20 0..0
2449 793 26 19 12
2502 794 14 20 0

1926 815 46 21 Gin
1980 823 5 13 :
2006 815 53 22 Pale
2267 820 14 19 0
2309 817 14 23 7
2351 820 83 21 0..0
2448 820 26 20 10
2503 822 14 19 0

2008 843 61 26 Case,
2084 844 15 20 4
2111 843 87 27 gallons
2207 845 45 21 4-5.
2269 846 10 20 1
2309 847 11 19 1
2351 847 13 20 0
2382 860 18 6 ..
2420 848 12 19 1
2460 847 13 20 5
2502 848 14 19 0

1925 868 96 22 Brandy
2029 876 5 13 :
2050 869 59 22 First
2116 871 90 27 quality,
2215 878 40 20 per

2075 896 75 25 gallon
2269 899 56 20 014
2351 901 15 19 0
2384 914 5 6 .
2396 914 5 6 .
2420 901 14 20 0
2449 900 27 21 16
2504 902 13 19 0

2048 921 88 22 Second
2144 923 94 28 quality.
2245 939 5 5 .
2269 926 54 19 013
2351 927 15 19 0
2384 940 17 6 ..
2420 928 15 19 0
2450 927 24 20 15
2503 929 15 18 0

2048 948 69 22 Third
2126 949 55 22 ditto
2205 965 45 5 ....
2269 953 55 19 012
2352 954 14 20 0
2385 967 4 5 .
2397 967 5 5 .
2421 954 54 21 013
2503 955 14 20 6

1926 975 92 24 Porteii
2025 984 6 14 :
2065 976 119 28 Barclay's,
2217 984 40 21 per

2092 1003 116 27 hogshead
2234 1020 17 5 ..
2271 1004 14 22 7
2299 1006 26 20 10
2353 1007 13 20 0
2385 1021 17 5 ..
2422 1008 13 21 8
2450 1007 26 21 10
2504 1009 14 20 0

2067 1030 101 28 Dunbar,
2175 1031 24 22 in
2207 1031 45 23 bot.

2091 1064 42 25 per
2142 1058 42 21 doz
2268 1061 15 19 0
2297 1060 26 20 18
2351 1061 49 20 0..
2421 1061 11 20 1
2461 1062 14 19 3
2503 1063 14 19 0

1926 1082 63 22 Ale:
2006 1083 27 21 In
2043 1083 76 28 bottle,
2133 1092 40 19 per
2183 1085 65 21 doz..
2267 1088 14 19 0
2297 1087 26 20 18
2351 1088 14 20 0
2384 1102 17 5 ..
2422 1088 10 21 1
2462 1090 14 19 0
2503 1090 14 19 0

1926 1109 81 22 Wine:
2023 1110 88 28 Sherry,
2123 1119 38 20 per
2170 1113 50 27 pipe
2232 1114 51 20 ..28
2309 1115 14 19 0
2351 1116 14 19 0
2384 1116 50 20 ..40
2462 1116 14 19 0
2503 1116 14 19 0

2035 1137 70 27 Ditto,
2120 1146 40 19 per
2173 1139 80 22 dozen.
2269 1141 12 20 1
2309 1141 12 20 5
2351 1142 14 19 0
2384 1156 4 5 .
2396 1156 5 5 .
2420 1142 56 21 210
2504 1144 14 19 0

1926 1163 87 22 Sugar:
2029 1163 119 24 Mauritius
2157 1172 39 20 per
2206 1170 48 18 cwt.
2269 1168 15 20 2
2311 1168 12 20 5
2353 1169 13 20 0
2385 1182 18 6 ..
2421 1169 14 20 2
2463 1170 13 19 8
2505 1171 14 20 0

2034 1191 82 21 Brown
2268 1196 15 19 0
2309 1196 14 20 0
2352 1196 13 20 0
2384 1209 17 6 ..
2421 1196 10 21 1
2449 1196 25 20 15
2503 1198 14 19 0

2036 1217 96 23 Refined
2147 1219 52 28 loaf,
2217 1228 39 19 per

2061 1245 22 21 lb
2269 1250 14 19 0
2311 1248 11 21 1
2354 1250 10 19 1
2384 1263 17 6 ..
2421 1250 15 19 0
2464 1250 10 20 1
2503 1251 15 20 3

1926 1270 62 24 Tea:
2006 1271 87 28 Hyson,
2104 1279 40 21 per
2154 1273 63 22 chest
2233 1276 50 20 ..10
2299 1276 25 19 10
2353 1277 13 19 0
2384 1276 51 21 ..12
2450 1276 26 21 12
2504 1279 14 19 0

1926 1297 87 23 Coffee
2021 1306 4 14 :
2038 1299 64 28 Java,
2112 1307 40 20 per
2161 1300 22 21 1b
2270 1304 13 19 0
2312 1303 10 19 1
2353 1303 13 20 3
2384 1317 5 5 .
2397 1317 5 5 .
2421 1304 13 19 0
2464 1304 10 20 1
2504 1306 14 21 (J

1926 1325 58 22 Rice
1991 1333 5 13 :
2008 1326 110 22 Common
2126 1334 40 21 per
2174 1327 51 28 bag.
2235 1344 5 5 .
2247 1343 5 6 .
2273 1330 10 20 1
2314 1330 10 19 1
2354 1330 37 20 0.
2398 1344 5 5 .
2424 1330 10 19 1
2464 1330 13 21 5
2506 1333 14 20 0

2008 1353 67 22 Good
2271 1357 10 20 1
2311 1357 12 20 8
2353 1357 48 20 0..
2422 1357 54 21 112
2504 1360 14 19 0

1925 1379 118 23 Tobacco:
2058 1380 141 28 Negrohead,
2217 1389 40 20 per

2083 1407 24 23 lb
2271 1412 14 20 0
2313 1411 10 20 1
2341 1411 26 21 10
2385 1425 4 5 .
2398 1424 5 7 .
2422 1412 14 19 0
2463 1412 14 19 2
2506 1414 14 19 9

1926 1435 86 22 Cigars
2020 1444 5 13 :
2036 1435 102 27 Manilla,
2146 1443 40 20 per
2193 1438 60 26 1000,

2062 1462 55 27 duty
2131 1463 53 27 free,
2201 1471 54 20 very

2062 1496 75 15 scarce
2267 1491 12 21 5
2308 1493 13 19 0
2350 1492 82 21 0..0
2460 1494 14 19 0
2504 1494 14 20 0

2035 1516 129 22 Havannah
2293 1525 60 14 none
2363 1518 24 21 in
2397 1517 95 23 market.

2036 1543 125 22 Chinsurah
2269 1546 15 20 4
2311 1547 13 19 0
2353 1547 13 19 0
2384 1560 5 5 .
2397 1560 4 5 .
2421 1546 13 19 5
2462 1548 14 19 0
2504 1549 13 19 0

1926 1570 59 22 Salt
1993 1578 5 13 :
2014 1570 125 27 Liverpool,
2150 1577 40 21 per
2201 1574 38 19 ton
2248 1574 34 19 .9
2309 1574 14 19 0
2351 1574 14 19 0
2384 1588 4 4 .
2396 1587 5 6 .
2408 1573 26 21 12
2462 1575 14 19 0
2504 1575 13 20 0

1926 1597 59 22 Soap
1995 1605 4 14 :
2027 1597 101 22 Ilawcs's
2152 1598 102 28 London,

2052 1632 40 18 per
2101 1628 39 19 ton
2257 1626 26 22 76
2311 1628 14 20 0
2353 1628 13 19 0
2384 1641 5 6 .
2397 1642 4 5 .
2408 1628 27 21 SO
2463 1629 14 20 0
2504 1630 14 19 0

1926 1651 106 23 Candles
2039 1659 6 14 :
2052 1652 93 27 English
2153 1659 56 21 wax,
2217 1660 40 20 per

2071 1679 22 21 lb
2270 1683 13 19 0
2311 1682 12 20 3
2352 1682 14 19 0
2384 1696 5 5 .
2397 1696 5 5 .
2422 1682 13 19 0
2462 1682 14 20 3
2505 1683 13 19 6

2057 1706 80 22 Mould
2269 1709 13 20 0
2311 1709 10 20 1
2351 1709 15 19 0
2384 1722 17 5 ..
2421 1709 14 19 0
2464 1709 9 20 1
2503 1710 14 20 3

1926 1731 65 22 Pork
1999 1740 4 13 :
2020 1732 64 28 Irish,
2095 1741 40 19 per
2146 1734 72 21 barrel
2231 1749 5 5 .
2244 1749 4 4 .
2268 1736 54 20 515
2352 1735 14 20 0
2384 1749 3 5 .
2396 1749 5 6 .
2421 1734 13 21 7
2462 1737 14 19 0
2504 1737 14 19 0

1926 1758 70 23 Hams
2003 1775 5 6 .
2024 1760 128 28 Yorkshire,
2167 1768 40 20 per
2217 1761 22 22 lb
2247 1777 6 5 .
2269 1763 13 20 0
2311 1763 10 20 1
2353 1762 11 19 1
2384 1776 4 5 .
2397 1776 5 5 .
2421 1763 13 19 0
2464 1763 10 20 1
2504 1764 14 19 6

1926 1786 94 22 Butter
2027 1794 5 13 :
2048 1787 64 27 Irish,
2123 1795 40 19 per
2172 1788 29 21 lb.
2234 1803 4 6 .
2246 1803 6 4 .
2271 1791 13 19 0
2313 1790 10 20 1
2353 1789 14 20 6
2385 1803 4 6 .
2398 1803 5 6 .
2422 1789 14 20 0
2465 1790 11 20 1
2505 1791 14 19 9

1926 1812 131 23 Potatoes:
2078 1814 55 21 New
2147 1814 108 28 Zealand,

2103 1849 40 19 per
2152 1844 37 19 ton
2270 1842 13 22 7
2310 1844 13 20 0
2352 1844 83 20 0..10
2462 1845 14 19 0
2504 1845 14 19 0

1926 1867 90 22 Cheese
2024 1875 5 13 :
2046 1867 104 23 Cheshire
2177 1873 73 16 ...:..
2270 1872 13 18 0
2311 1871 10 20 1
2352 1871 14 19 3
2384 1885 5 5 .
2397 1885 5 4 .
2422 1871 13 19 0
2464 1872 10 19 1
2492 1871 27 20 10

2045 1895 54 21 Pine
2110 1895 73 28 Apple
2271 1899 12 19 0
2313 1898 9 20 I
2352 1898 83 20 4..0
2462 1899 14 19 0
2504 1900 14 18 0

1926 1920 91 22 Starch
2025 1929 5 13 :
2046 1922 43 21 Per
2097 1922 23 21 lb
2271 1926 13 19 0
2313 1925 8 19 1
2353 1925 13 19 9
2384 1939 5 4 .
2397 1938 5 5 .
2422 1925 13 19 0
2462 1925 14 19 2
2504 1927 14 18 0

1926 1948 58 21 Oil:
2000 1948 102 28 Linseed,
2114 1956 39 20 per
2161 1950 76 26 gallon
2247 1966 6 5 .
2270 1953 13 19 0
2310 1953 13 19 9
2352 1952 14 20 0
2384 1965 17 5 ..
2421 1952 13 18 0
2450 1951 23 21 11
2503 1953 14 19 0

2000 1975 76 27 Black,
2088 1983 39 20 per
2137 1976 55 22 ditto
2271 1980 14 19 0
2311 1979 13 19 5
2353 1979 82 19 0..0
2462 1979 12 19 5
2504 1981 14 18 C

1926 2001 72 20 Pitch
2011 2009 6 12 :
2049 2002 137 26 Stockholm,
2217 2011 40 18 per

2074 2028 72 21 barrel
2272 2031 9 18 1
2311 2031 12 18 5
2353 2031 36 18 0.
2398 2043 5 5 .
2424 2030 9 19 1
2452 2031 26 18 10
2504 2033 14 16 O

1925 2051 50 23 Tar
1983 2060 4 13 :
2003 2052 55 22 Coal
2271 2056 52 20 115
2353 2056 83 20 0..2
2464 2057 13 19 0
2505 2058 13 18 0

1926 2078 115 23 Mustard
2049 2088 5 13 :
2071 2080 41 21 Per
2122 2080 71 22 dozen
2272 2083 53 21 11G
2353 2083 83 21 0..0
2464 2083 14 20 0
2505 2085 13 19 0

1926 2106 98 22 Pickles
2036 2114 5 13 :
2073 2106 115 29 Assorted,
2218 2115 40 20 per

2099 2134 57 27 doz.,
2181 2137 75 25 quarts
2272 2137 10 20 1
2311 2137 14 20 2
2354 2137 14 20 0
2386 2151 5 5 .
2399 2150 5 6 .
2424 2137 10 20 1
2452 2137 26 20 10
2506 2138 12 19 0

1926 2160 124 22 Muskets:
2066 2160 92 23 Walnut
2164 2161 93 22 stocked
2272 2165 11 19 1
2311 2164 14 20 8
2353 2164 15 20 0
2384 2177 19 6 ..
2423 2164 13 20 0
2464 2164 14 20 0
2505 2165 13 19 0

1926 2187 62 22 Beef
1996 2195 3 14 :
2016 2187 76 28 Fresh,
2113 2195 88 15 carcase
2217 2196 40 20 per

2045 2214 22 22 lb
2269 2219 14 19 0
2312 2219 9 19 1
2352 2219 14 19 0
2384 2231 18 6 ..
2422 2219 13 19 0
2463 2218 15 20 0
2504 2219 13 19 0

1926 2241 103 22 Mutton
2037 2249 4 14 :
2064 2242 91 22 Carcase
2165 2250 41 19 per
2215 2242 22 22 lb
2249 2259 4 5 .
2270 2246 14 20 0
2312 2245 11 21 1
2353 2245 14 20 0
2384 2259 5 5 .
2398 2259 5 5 .
2422 2245 13 20 0
2464 2245 13 21 0
2505 2247 13 19 0

1926 2268 76 22 Pork:
2019 2268 75 28 Fresh,
2113 2276 88 15 carcase
2218 2277 39 20 per

2045 2296 22 21 lb
2269 2299 14 20 0
2311 2300 14 20 0
2352 2299 14 19 5
2384 2312 19 6 ..
2422 2299 13 19 0
2463 2299 14 20 0
2505 2299 12 21 7

1926 2321 93 22 Flour:
2038 2322 41 22 Per
2088 2325 39 19 ton
2255 2325 29 21 40
2311 2327 14 19 0
2353 2327 13 19 0
2384 2326 52 20 ..60
2463 2326 14 20 0
2504 2327 13 19 0

1926 2348 80 23 Milk:
2022 2349 43 22 Per
2071 2350 49 27 pint
2269 2353 15 20 0
2311 2354 14 19 0
2352 2353 14 20 S
2384 2367 19 5 ..
2422 2353 14 19 0
2463 2353 14 20 0
2504 2353 13 20 1

1926 2376 80 22 Plank
2015 2384 5 13 :
2036 2376 42 22 Per
2088 2379 39 19 100
2137 2377 45 21 feet
2271 2379 55 21 018
2354 2381 14 20 0
2386 2394 4 5 .
2398 2393 5 5 .
2423 2379 10 20 1
2451 2379 27 21 10
2506 2381 12 19 0

1926 2403 143 22 Scantling:
2086 2404 42 22 Per
2135 2405 40 21 100
2185 2404 66 22 feet..
2271 2407 14 19 0
2299 2407 27 20 18
2354 2408 14 20 0
2385 2421 18 5 ..
2424 2407 10 19 1
2463 2407 13 19 5
2505 2409 13 18 0

1926 2430 129 22 Shingles:
2071 2431 43 21 Per
2121 2432 52 21 1000
2271 2434 11 19 1
2312 2435 14 20 0
2354 2435 14 20 0
2386 2447 17 6 ..
2424 2434 10 20 1
2452 2434 26 20 10
2506 2435 12 19 0

1926 2484 65 22 Boat
2001 2484 74 22 Hire:
2089 2485 44 21 Per
2138 2485 49 33 day,
2194 2485 64 22 with-

2119 2516 39 18 out
2167 2513 71 21 hands
2249 2515 35 20 .0
2299 2515 26 21 16
2354 2517 14 19 0
2385 2529 4 5 .
2398 2529 5 5 .
2424 2515 9 19 1
2464 2515 14 19 0
2506 2516 11 19 0

1926 2537 87 23 Wages
2020 2546 5 14 :
2055 2538 137 29 Mechanics,
2219 2547 40 20 per

2081 2567 61 21 week
2274 2569 54 20 116
2356 2569 82 20 0..2
2465 2569 30 22 2v
2507 2570 11 19 0

2064 2592 125 23 Labourers
2272 2596 11 19 1
2311 2595 14 21 5
2355 2597 50 19 0..
2425 2596 54 20 110
2507 2597 12 19 0
