2569 4020
197 97 9 4 ..
256 89 259 12 .._..-..._.,.
725 89 3 4 -
792 89 3 4 -
1250 69 99 32 THE
1390 85 12 14 ,
2357 77 113 17 -•'*•

77 116 462 147 NEW
557 116 5 38 :
567 119 28 121 ':
616 121 7 36 :
641 108 884 165 ZEALAND
1634 101 622 170 GAiZEf
2259 113 259 176 Tfc

1241 291 100 32 AND
1783 317 4 4 .
2077 282 2 5 '
2424 277 8 12 1
2439 286 51 41 A

2354 567 101 41 [Vol.
2477 570 26 31 I.

70 562 64 31 No.
157 562 67 39 37.]

562 558 131 31 PORT
716 558 288 37 NICHOLSON,
1027 557 263 33 SATURDAY
1307 557 246 40 MORNING,
1576 560 264 32 DECEMBER
1863 564 53 33 26,
1941 565 90 29 1840.

1978 655 238 23 WELLINGTON
2239 659 236 25 ACADEMICAL

2109 684 240 28 INSTITUTION,
2487 706 6 6 ,

1932 714 87 18 UNDER
2033 715 51 17 THE
2098 717 238 21 SUPERINTENDENCE
2351 721 31 17 OF
2395 721 45 18 MR.
2454 722 61 18 CHAS

2183 739 85 18 GRACE.

1932 762 101 38 rpHIS
2054 764 131 23 Institution
2206 774 45 14 was
2272 769 86 26 opened
2373 776 61 21 upon
2450 771 72 23 Tues-

1929 797 40 21 .-*-
1993 811 9 10 ,.
2007 797 45 15 DAY
2054 807 5 11 >
2075 792 34 20 Ist
2124 792 134 28 December,
2274 795 23 21 in
2315 795 38 23 the
2368 798 154 22 commodious

1931 822 107 20 premises
2053 818 118 28 adjoining
2187 819 38 22 the
2242 821 82 23 Native
2342 830 90 15 reserve
2451 825 73 23 called

1925 846 2 3 '
1934 842 78 23 Kumu
2021 844 63 21 Toto.
2449 854 4 4 -
2486 854 5 4 -

1960 869 76 22 Hours
2045 870 26 22 of
2075 872 143 22 .attendance
2232 873 34 23 for
2279 874 83 28 Young
2377 876 144 26 Gentlemen.

1931 897 14 20 9
1955 896 33 21 till
2000 898 23 19 11
2034 904 60 20 a.m.,
2105 899 47 21 and
2162 901 7 19 1
2183 899 34 22 till
2226 901 13 19 3
2249 908 52 19 p.m.
2413 903 12 16 -'

1960 922 76 23 Hours
2052 924 27 22 of
2093 926 133 22 attendance
2244 928 33 20 for
2291 928 83 27 Young
2390 929 89 26 Ladies,
2496 933 26 20 11

1931 948 33 22 till
1975 950 27 21 12
2011 957 60 21 a.m.,
2082 952 45 21 and
2133 953 15 21 3
2158 953 32 21 till
2199 955 15 20 4
2223 962 52 20 p.m.

1986 976 78 23 Terms
2072 985 40 19 per
2117 983 97 24 quarter,
2224 981 93 28 payable
2326 982 22 22 in
2360 983 109 24 advance.

1933 1002 93 27 English
2045 1004 110 28 Reading,
2174 1006 101 29 Writing,
2293 1008 45 22 and
2446 1008 12 14 v
2478 1010 8 18 $

1959 1033 191 20 c0unt5........
2408 1037 34 22 £2
2451 1039 33 20 2
2510 1040 15 20 0

1934 1059 46 18 Hie
1999 1059 69 20 above
2089 1059 116 27 branches,
2226 1061 102 26 together
2346 1063 54 22 with

1960 1082 119 24 Grammar
2089 1085 45 21 and
2142 1086 134 29 Geography
2427 1093 14 19 3
2468 1093 14 20 3
2510 1093 14 20 0

1936 1109 43 22 The
1988 1110 71 23 above
2067 1112 116 27 branches,
2192 1115 101 26 together
2301 1116 52 22 with
2362 1117 39 22 the

1960 1136 94 23 Classics
2064 1138 44 22 and
2119 1139 159 24 Mathematics
2428 1146 15 20 4
2469 1146 16 21 4
2510 1147 15 20 0

1962 1163 31 21 As
2006 1164 42 21 Mr.
2061 1164 79 23 Grace
2152 1166 78 22 wishes
2240 1171 21 19 to
2270 1169 52 27 give
2332 1178 68 20 every
2408 1171 118 28 faeility'to

1932 1194 91 22 parents
2032 1190 84 28 having
2125 1192 61 28 large
2196 1194 102 27 families,
2317 1200 22 17 to
2355 1197 95 23 educate
2467 1199 59 22 their

1933 1218 108 25 children,
2052 1218 28 21 he
2091 1218 53 27 begs
2155 1224 22 17 to
2186 1225 58 17 state
2255 1222 46 22 that
2312 1223 62 22 three
2384 1225 73 27 pupils
2466 1225 58 23 from

1933 1244 36 20 the
1981 1250 59 15 same
2051 1244 77 29 family
2138 1246 45 22 will
2197 1247 53 28 only
2266 1249 28 21 be
2311 1249 98 28 chargod
2425 1258 24 15 as
2466 1255 58 24 two;

1932 1272 46 19 and
1988 1272 72 21 where
2070 1272 64 22 there
2143 1273 19 21 is
2172 1280 13 15 a
2194 1280 88 21 greater
2287 1277 97 21 number
2389 1277 54 23 than
2454 1278 70 28 three,

1934 1298 26 19 he
1976 1298 45 21 will
2035 1298 64 22 make
2116 1307 13 13 a
2145 1301 83 26 special
2244 1308 158 23 arrangement
2417 1305 54 22 with
2487 1305 39 23 the

1932 1328 91 22 parents
2037 1332 25 14 or
2070 1326 127 26 guardians.

1982 1350 77 23 Terms
2069 1352 27 21 of
2106 1352 71 24 board
2186 1362 40 20 per
2235 1359 96 24 quarter,
2346 1357 96 28 payable
2452 1358 25 22 in

2174 1381 107 24 advance.

1932 1404 44 21 For
1986 1405 110 28 boarders,
2112 1407 72 23 under
2192 1411 14 19 9
2215 1416 64 20 years
2396 1411 20 23 £
2430 1413 13 21 8
2471 1414 15 21 0
2511 1415 16 20 0

1932 1430 52 26 Do.,
1997 1432 69 21 above
2076 1435 13 19 9
2099 1434 46 21 and
2155 1435 71 22 under
2239 1437 23 21 12
2430 1440 13 20 9
2471 1442 55 20 00

1935 1457 49 27 Do.,
1997 1458 69 22 above
2078 1461 25 20 12
2113 1461 46 21 and
2171 1462 72 22 under
2253 1465 23 19 15
2415 1467 27 20 10

1934 1484 50 25 Do.,
1997 1485 69 22 above
2076 1487 25 21 15
2416 1493 26 21 12
2470 1495 15 20 0
2511 1496 15 19 0

1960 1510 79 23 Terms
2052 1520 40 20 per
2106 1519 90 22 quarter
2210 1516 34 22 for
2258 1517 43 28 day
2318 1518 113 27 boarders,

2056 1540 53 27 only
2119 1541 53 22 dine
2181 1543 23 21 in
2214 1543 38 21 the
2263 1544 138 23 Institution.

1935 1566 43 20 For
1986 1566 112 28 boarders,
2110 1569 71 21 under
2190 1571 14 19 9
2213 1577 64 20 years
2409 1572 35 23 £4
2470 1575 15 20 0
2511 1575 15 21 0

1934 1592 51 26 Do.,
1997 1592 69 23 above
2076 1595 14 20 9
2099 1595 46 21 and
2154 1596 72 22 under
2240 1599 25 19 12
2429 1601 13 19 5
2471 1602 14 20 0
2511 1603 15 20 0

1933 1619 52 26 Do.,
1997 1620 70 21 above
2078 1622 25 20 12
2113 1621 46 22 and
2169 1623 71 22 under
2251 1626 23 20 15
2430 1628 13 20 6
2470 1629 14 20 0
2510 1630 16 20 0

1962 1653 114 28 Washing,
2094 1655 31 22 £1
2146 1658 42 21 10s.
2206 1665 41 20 per
2261 1664 126 22 quarter.—
2388 1660 87 24 Classes
2491 1661 35 23 for

1935 1683 13 18 t
1954 1682 69 20 rench
2032 1688 25 14 or
2068 1682 81 23 Italian
2160 1687 23 18 at
2192 1692 13 14 a
2215 1686 64 21 small
2289 1691 64 18 extra
2362 1688 90 27 charge.

2138 1738 69 20 FOR
2223 1738 96 26 SALE,

1934 1768 202 47 BLANKETS,
2147 1772 38 20 9-4
2194 1771 46 23 and
2250 1774 57 21 10-4.

2018 1795 80 23 Prints.

2017 1822 117 29 Crockery,
2152 1825 61 26 (blue
2224 1826 130 28 Stanhope,)
2371 1828 122 29 consisting
2503 1830 28 22 of

1934 1851 98 24 tureens,
2050 1856 55 21 soup
2120 1851 79 28 plates,
2217 1853 76 27 plates,
2315 1854 75 23 dishes
2414 1856 63 26 (with
2501 1864 26 15 or

1935 1876 93 21 without
2037 1879 94 24 covers,)
2149 1881 35 19 tea
2193 1886 54 21 cups
2257 1881 43 21 and
2311 1888 96 20 saucers,
2422 1886 38 19 tea
2468 1887 58 24 pots,

1934 1903 55 19 milk
2000 1906 56 23 pots,
2066 1910 67 21 sugar
2142 1905 76 28 bowls,
2230 1914 68 15 ewers
2308 1908 45 21 and
2362 1908 84 28 basins,
2458 1910 39 23 &c.

1961 1929 22 21 A
1993 1929 113 27 40-gallon
2117 1938 88 21 copper,
2217 1933 52 22 with
2280 1934 62 22 cock.

1960 1955 62 22 Tubs
2032 1957 26 20 of
2069 1957 88 23 various
2167 1959 62 27 sizes,
2242 1961 49 21 well
2298 1961 98 28 adapted
2403 1962 34 23 for
2444 1963 83 27 salting

1934 1983 56 26 pork
2001 1983 43 21 and
2054 1984 94 28 making
2158 1986 79 22 bacon.

1961 2008 141 29 Carpenters'
2112 2012 47 22 and
2166 2013 128 26 gardeners'
2305 2015 64 22 tools.

2119 2070 19 8 ~
2346 2048 23 21 J.
2385 2048 110 24 MINET.

1960 2067 146 29 Wellington,
2119 2070 50 23 Oct.
2180 2073 34 25 30,
2226 2074 60 22 1840.

2075 2125 166 22 GENERAL
2259 2129 120 21 STORE.

1933 2156 163 49 KNIGHT
2110 2159 46 21 and
2171 2159 82 23 HAIR
2264 2163 146 31 respectfully
2423 2164 103 25 intimate

2021 2187 21 17 to
2061 2185 58 21 their
2132 2186 85 22 friends
2232 2188 45 21 and
2294 2189 37 22 the
2346 2190 140 24 inhabitants
2503 2194 27 21 of

1934 2211 52 21 Port
1998 2211 129 27 Nicholson,
2144 2213 49 22 that
2202 2214 52 28 they
2264 2215 56 22 have
2332 2224 28 14 on
2371 2218 52 26 sale,
2435 2223 25 17 at
2469 2220 58 22 their

1933 2238 71 25 Store,
2025 2238 36 22 the
2079 2239 114 28 following
2211 2242 95 28 articles,
2324 2244 72 22 which
2413 2245 53 27 they
2484 2254 42 16 can

1932 2265 53 19 with
1997 2265 129 23 confidence
2137 2269 152 26 recommend,
2297 2270 43 21 viz.
2350 2279 4 12 :
2357 2283 31 5 —

1960 2291 77 27 Sugar,
2049 2296 54 23 teas,
2114 2293 65 28 flour,
2197 2295 79 27 butter,
2293 2297 87 28 cheese,
2397 2298 57 28 lard,
2472 2300 53 27 rice,

1932 2319 77 25 coffee,
2021 2319 98 28 tobacco,
2131 2320 109 29 almonds,
2258 2328 101 18 currants
2375 2326 46 21 and
2438 2327 87 27 raisin's,

1932 2345 103 26 together
2045 2346 51 21 with
2106 2354 13 14 a
2128 2349 92 25 general
2230 2354 134 19 assortment
2371 2352 28 21 of
2406 2354 119 25 groceries.

1933 2371 63 27 Also,
2013 2379 13 14 a
2035 2373 78 28 supply
2124 2375 27 21 of
2161 2375 120 28 hardware,
2293 2376 175 30 haberdashery,
2480 2381 46 23 and

1932 2398 96 27 drapery
2038 2399 25 21 of
2074 2407 68 20 every
2152 2401 142 28 description.
2503 2413 5 5 -

1960 2425 112 23 N.8.--A
2091 2427 81 28 supply
2190 2429 26 21 of
2232 2430 88 23 refined
2336 2439 75 21 sperm
2430 2434 31 22 oil
2476 2434 51 26 just

1932 2459 64 15 come
2007 2456 21 18 to
2039 2453 67 23 hand.

1960 2505 45 23 Mr.
2018 2506 28 22 K.
2057 2506 41 23 has
2109 2516 29 14 on
2155 2509 69 27 hand,
2242 2517 14 14 a
2270 2510 63 28 lirge
2350 2517 137 20 assortment
2502 2516 28 22 of

1934 2533 156 34 Agricultural^
2104 2535 46 22 and
2170 2536 89 23 Garden
2279 2538 69 23 Seeds
2371 2540 45 23 and
2442 2541 85 29 Imple-

1932 2563 81 23 ments,
2024 2560 28 22 all
2063 2561 27 21 of
2101 2562 72 22 which
2183 2563 27 22 he
2221 2571 40 14 can
2274 2565 54 22 with
2343 2568 132 22 confidence
2491 2577 35 15 re-

1932 2587 126 27 commend,
2077 2588 37 22 the
2130 2590 64 21 seeds
2213 2590 67 28 being
2294 2592 32 21 all
2343 2594 28 21 of
2390 2594 44 22 last
2452 2597 74 25 year's

1932 2614 101 26 harvest;
2050 2615 45 22 and
2105 2623 23 14 as
2138 2616 29 21 he
2177 2617 42 21 will
2228 2618 26 21 be
2262 2620 140 28 continually
2409 2622 23 21 in
2440 2623 86 27 receipt

1932 2641 27 19 of
1976 2641 60 21 fresh
2052 2642 99 28 supplies
2167 2643 58 22 from
2244 2644 33 22 his
2296 2646 101 28 relative,
2417 2648 39 22 the
2475 2650 51 22 well

1932 2667 83 22 known
2026 2668 99 29 Nursery
2135 2670 46 21 and
2196 2671 121 23 Seedsman
2333 2673 23 22 in
2375 2674 104 28 London,
2495 2676 31 23 he

1932 2698 70 22 hopes
2013 2698 20 18 to
2044 2695 27 21 be
2080 2695 94 23 favored
2189 2698 54 21 with
2258 2698 38 23 the
2310 2704 125 24 patronage
2449 2704 28 21 of
2487 2703 39 23 the

1932 2721 118 23 Colonists.

1960 2747 145 29 Wellington,
2116 2750 51 22 Oct.
2177 2752 32 26 16,
2221 2752 60 22 1840.

2153 2806 146 23 TIMBER.

1931 2836 184 49 SEASONED
2125 2838 88 29 boards,
2226 2842 10 20 1
2247 2841 39 28 in:,
2298 2843 11 25 }
2319 2843 40 27 in.,
2367 2843 46 23 and
2424 2846 11 25 i
2446 2844 38 23 in-
2505 2836 5 34 ]

2014 2865 104 22 Weather
2128 2866 89 23 boards.

2013 2891 116 28 Scantling
2139 2893 27 21 of
2176 2894 30 22 all
2216 2895 63 22 sizes.

2012 2918 98 29 Norway
2119 2919 70 24 deals.
2346 2943 3 2 .
2501 2941 9 4 ,

2012 2945 101 23 Battens.

2010 2973 28 20 50
2047 2973 59 26 pairs
2117 2973 87 23 French
2214 2975 113 29 windows,
2337 2980 45 19 two
2392 2978 66 23 sizes.

2012 2998 124 24 Pannelled
2146 3001 72 23 doors.

2106 3027 26 22 T.
2150 3027 32 23 M.
2198 3029 184 24 PARTRIDGE
2392 3032 46 23 and
2447 3033 47 23 CO.

1929 3052 195 28 Manners-street,
2136 3054 144 29 Wellington,
2342 3075 3 4 .
2507 3060 3 9 l

1979 3081 33 19 Ist
2023 3079 130 29 December,
2167 3083 59 21 1840.

2137 3137 69 21 FOR
2216 3138 97 26 SALE,

1928 3169 71 48 BY
2005 3169 65 22 THE
2079 3170 237 24 UNDERSIGNED,
2325 3180 13 14 a
2343 3174 67 22 small
2417 3175 106 28 quantity

2005 3197 27 21 of
2036 3196 53 22 seed
2098 3204 62 20 corn,
2176 3198 52 21 seed
2239 3206 59 20 peas,
2311 3200 77 25 (white
2395 3202 45 22 and
2449 3202 70 28 blue,)

1928 3222 92 23 kitchen
2030 3224 83 26 garden
2124 3224 72 26 seeds,
2217 3224 62 29 hops,
2296 3227 43 21 salt
2348 3227 24 22 in
2383 3227 136 30 hogsheads;

1927 3250 50 27 pale
1987 3250 36 22 ale
2033 3251 22 21 in
2066 3258 61 14 cases
2138 3251 45 21 and
2193 3252 70 27 casks,
2274 3253 60 26 good
2343 3255 109 27 muskets,
2463 3264 57 19 gun-

1927 3277 96 32 powder,
2035 3277 49 22 shot
2100 3278 71 26 (large
2181 3278 45 22 and
2240 3280 82 27 small,)
2337 3288 70 20 paper
2416 3282 37 22 for
2461 3284 59 21 roof-

1927 3311 45 20 nig,
1985 3304 59 28 lamp
2054 3307 75 19 cotton
2138 3312 6 20 ;
2160 3304 47 23 also
2217 3313 29 14 an
2263 3311 143 20 assortment,
2416 3309 28 22 of
2458 3309 62 23 iron-

1926 3338 117 20 mongery.

2079 3358 65 22 Luke
2154 3358 130 29 Nattrass,
2295 3361 112 23 Lambton
2417 3363 74 27 Quay.

2164 3414 116 23 SPARS.

1927 3446 90 47 FOR
2039 3446 85 28 SALE,
2145 3455 15 14 a
2178 3448 95 22 number
2291 3449 28 22 of
2334 3449 62 27 large
2413 3450 104 28 SPARS,

2000 3473 55 22 used
2063 3474 24 21 in
2096 3474 89 28 getting
2201 3475 36 22 off
2250 3475 37 22 the
2302 3476 111 22 schooner
2427 3476 90 24 Jewess

1927 3502 23 18 at
1962 3499 86 22 Petoni.

1953 3526 78 28 Apply
2041 3530 22 19 to
2071 3527 72 22 Willis
2151 3528 46 22 and
2204 3528 47 28 Co.,
2259 3535 26 16 or
2294 3531 24 20 to
2325 3528 25 23 T.
2357 3528 35 23 M.
2401 3529 117 29 Partridge

1925 3553 45 22 and
1981 3554 40 21 Co.

1953 3580 87 25 Petoni,
2051 3580 59 22 Nov.
2120 3581 21 26 7,
2154 3582 61 21 1840.
2508 3579 5 4 '

1930 3627 89 48 MR.
2040 3627 63 22 JAS.
2125 3627 162 23 WILLIAMS
2311 3629 53 27 begs
2386 3633 22 18 to
2428 3631 88 27 apprise

2019 3657 92 19 masters
2120 3655 28 21 of
2160 3655 90 26 vessels,
2261 3655 91 27 traders,
2364 3657 45 21 and
2419 3657 96 28 settlers>

1924 3680 49 22 that
1983 3680 52 27 they
2045 3688 43 14 can
2098 3682 28 21 be
2135 3681 102 28 supplied
2247 3685 23 18 at
2288 3682 34 22 his
2338 3683 76 22 Stores
2431 3684 54 22 with
2501 3692 15 14 a

1923 3707 93 26 general
2030 3711 136 19 assortment
2181 3708 26 21 of
2216 3708 70 27 goods
2302 3709 98 28 adapted
2416 3713 24 19 to
2458 3711 57 22 their

1924 3734 89 22 various
2023 3738 76 22 wants,
2111 3734 46 22 and
2167 3739 26 16 at
2199 3735 38 21 the
2246 3735 96 23 reduced
2353 3736 73 27 prices
2436 3737 78 23 oL,the

1922 3760 51 27 day.
2014 3760 105 27 Whaling
2133 3768 54 20 gear
2202 3761 23 21 in
2243 3761 28 22 all
2288 3762 29 21 its
2322 3762 122 23 'branches
2460 3763 54 28 kept

1922 3787 129 26 constantly
2074 3794 30 15 on
2127 3787 69 27 hand,
2217 3787 35 22 for
2270 3788 72 22 which
2465 3791 47 22 anH

1923 3813 95 28 Foreign
2028 3813 71 22 hshed
2110 3814 49 27 oils,
2169 3814 45 22 and
2221 3814 138 28 whalebone,
2368 3815 38 22 the
2412 3816 98 28 produce

1921 3841 27 21 of
1958 3840 39 22 the
2007 3840 83 22 British
2099 3840 88 28 fishei}',
2205 3841 44 22 will
2259 3841 27 22 be
2302 3841 69 23 taken
2386 3843 25 21 in
2428 3843 82 28 barter,

1920 3874 26 15 or
1955 3867 125 28 purchased
2093 3867 34 22 for
2145 3868 54 22 cash
2214 3872 25 18 at
2256 3868 37 22 the
2311 3868 91 28 highest
2420 3874 92 19 current

1919 3895 80 26 prices.

1960 3927 80 24 Kains'
2050 3928 55 28 Bay,
2115 3928 89 28 Cloudy
2212 3928 56 28 Bay,
2277 3928 57 24 New
2343 3928 111 30 Zealand,

2029 3955 126 23 December
2164 3956 19 25 7,
2194 3956 61 22 1840.
2283 3972 4 3 ■

1297 659 8 19 V
1352 651 3 11 ;
1509 652 70 21 FOR
1597 654 96 23 SALE,

1301 689 5 12 t
1321 678 18 23 A
1363 678 276 23 THOROUGH-BRED
1656 680 90 21 MARE
1756 680 45 21 and
1809 680 90 21 FOAL.

1299 703 57 23 tiZTL
1385 705 48 22 The
1450 713 61 14 mare
1529 709 40 23 got
1584 706 31 27 by
1628 706 49 21 that
1688 706 88 22 famous
1789 706 110 28 imported

1300 731 70 28 .horse
1558 736 44 22 out,
1607 732 27 22 of
1639 736 13 19 a'
1658 740 61 15 mare
1726 734 29 26 by

1297 757 55 22 >The
1362 758 45 22 foal
1418 759 30 26 by
1458 766 27 14 an
1496 755 113 31 imported
1617 760 61 21 Arab
1685 760 65 21 horse

1308 797 5 8 -.
1332 785 54 21 Two
1397 785 71 22 Milch
1479 786 71 26 Cows,
1562 793 42 14 one
1621 786 52 21 with
1691 794 13 14 a
1720 793 77 20 young
1812 786 49 22 calf
1877 790 24 17 at

1301 811 45 22 ,her
1355 812 55 27 foot,
1422 812 37 22 the
1470 811 71 23 other^
1544 813 96 22 forward
1649 813 23 22 in
1683 814 51 21 calf.
1743 825 8 3 -
1763 813 75 27 Apply
1845 816 27 21 .to

1304 844 3 21 |
1621 840 68 21 John'
1693 840 46 21 and
1749 840 58 21 Geo.
1818 840 81 21 Wade.

1306 892 72 48 ON
1395 892 85 27 SALE,
1492 900 28 15 ex

1386 920 24 21 15
1422 924 50 17 tons
1482 920 115 21 excellent
1606 920 101 21 Colonial
1722 919 64 28 flour,
1802 919 37 22 the
1849 920 50 21 best

1306 946 44 21 and
1360 946 106 27 cheapest
1476 946 22 21 in
1511 946 37 22 the
1558 946 98 28 Colony.-

1335 974 25 19 10
1370 976 51 18 tons
1435 973 123 22 American
1574 973 62 26 ditto,
1654 973 23 22 in
1695 972 112 23 excellent
1822 973 78 22 condi-

1307 998 53 26 tion,
1377 999 96 28 cheaper
1482 1000 55 21 than
1549 1007 53 15 ever
1612 1000 82 22 offered
1711 1000 75 22 before
1802 1000 24 21 in
1845 1000 54 21 New

1277 1046 2 7 ,
1307 1026 107 21 Zealand.

1306 1059 10 8 -
1327 1054 33 20 >50
1371 1053 63 21 casks
1445 1053 100 27 tobacco,
1557 1053 125 22 warranted
1692 1053 37 22 the
1737 1053 57 27 best,
1802 1054 22 21 in
1835 1053 65 22 small

1296 1084 3 2 '
1306 1079 77 27 handy
1395 1080 117 26 packages.

1334 1108 26 19 16
1372 1106 54 27 bags
1436 1106 53 22 rice.

1304 1138 4 8 1
1334 1133 146 27 Gunpowder
1488 1133 23 21 in
1523 1136 91 24 quarter
1623 1133 92 22 barrels.

1320 1171 3 3 -
1333 1159 93 27 Biscuit,
1440 1162 32 19 Ist
1481 1160 93 27 quality.
1644 1176 7 8 r

1318 1185 5 10 1
1334 1186 117 22 Molasses.

1277 1230 2 5 .
1300 1221 3 7 •
1332 1214 14 19 t3
1356 1213 63 22 bales
1429 1213 77 26 calico,
1518 1220 56 20 very
1583 1213 77 28 cheap.

1296 1244 11 15 r
1334 1239 115 28 Blankets,
1459 1240 57 21 from
1527 1242 38 19 9-4
1575 1244 22 17 to
1609 1242 56 20 12-4.

1277 1279 2 4 •
1333 1266 121 21 Excellent
1468 1267 96 27 Sydney-
1569 1267 57 22 beef,
1642 1267 23 22 in
1675 1267 88 22 tierces.

1334 1293 64 22 Ditto
1410 1294 129 26 American,
1551 1294 22 21 in
1586 1293 62 22 ditto.

1333 1320 91 27 Sherry,
1435 1320 57 21 from
1503 1322 45 19 245.
1560 1324 23 17 to
1592 1322 46 21 3os.
1648 1327 41 21 per
1698 1320 80 22 dozen.
1896 1340 7 7 „

1311 1353 12 15 t,
1334 1347 63 26 Port,
1407 1347 23 21 in
1440 1347 78 21 bottle.

1334 1373 85 27 Porter,
1430 1374 22 21 in
1464 1374 64 21 wood
1538 1374 46 21 and
1593 1374 78 22 bottle.

1300 1406 23 24 ■£.
1334 1400 51 27 Ale,
1397 1400 23 21 in
1432 1400 56 22 ditto
1498 1400 64 22 ditto.

1333 1427 100 27 Brandy,
1444 1434 57 19 rum,
1512 1428 47 26 gin,
1571 1428 40 21 &c.
1623 1428 39 21 &c.

1501 1454 75 28 Apply
1586 1458 23 17 to
1619 1454 63 21 John
1692 1454 45 21 and
1748 1454 57 22 Geo.
1818 1453 81 22 Wade.

1277 1520 2 2 -
1462 1508 128 21 FX.OUR!
1616 1508 126 21 FLOUR!

1306 1541 120 49 FIFTY
1444 1542 80 22 TONS
1545 1542 74 22 BEST
1637 1542 88 22 FIRST
1745 1542 110 26 FLOUR,
1873 1549 28 14 ex

1527 1572 23 19 at
1558 1569 49 22 £20
1618 1576 37 20 per
1664 1573 46 21 ton,
1720 1572 23 18 at
1750 1569 38 21 the
1797 1569 73 21 Stores
1878 1569 27 21 of

1594 1596 62 21 John
1668 1595 45 22 and
1722 1595 59 22 Geo.
1792 1595 80 22 Wade.

1308 1649 71 49 ON
1397 1650 85 26 SALE,
1499 1658 29 14 ex

1391 1678 28 20 40
1430 1676 54 28 bugs
1494 1677 49 21 best
1553 1677 99 21 colonial
1661 1676 65 27 flour,

1277 1717 2 4 •
1306 1723 3 5 ,
1390 1704 13 20 2
1419 1703 78 22 tierces
1508 1704 101 27 tobacco,

1277 1734 2 4 '
1392 1731 8 20 1
1413 1730 51 22 bale
1474 1731 41 21 sail
1525 1738 101 19 canvass,

1277 1770 2 4 ■
1389 1758 28 20 60
1431 1757 74 27 pieces
1520 1757 68 28 fancy
1598 1757 78 28 prints,

1277 1795 2 6 -
1388 1785 15 19 4
1418 1791 62 15 cases
1491 1784 66 27 slops.

1301 1831 5 10 t
1459 1811 54 21 And
1534 1811 29 26 by
1583 1810 45 22 late
1648 1810 100 27 arrivals,

1303 1842 3 8 1
1391 1839 26 19 10
1431 1836 73 23 chests
1521 1837 72 27 hyson
1612 1837 47 22 skin
1678 1842 43 23 tea,

1277 1883 2 6 ,
1303 1867 3 21 !
1390 1865 27 20 50
1432 1863 68 23 boxes
1520 1864 95 22 London
1631 1872 60 19 soap,

1304 1889 7 31 I
1390 1892 12 20 5
1419 1895 51 17 tons
1484 1891 120 27 Liverpool
1619 1891 48 27 salt,

1306 1919 5 22 f
1389 1919 13 20 3
1418 1917 55 22 ditto
1489 1918 76 21 brown
1581 1925 72 19 sugar,

1277 1959 2 3 -
1306 1946 2 25 |
1346 1945 4 4 '
1389 1946 13 20 6
1417 1944 54 27 kegs
1486 1945 101 26 superior
1596 1945 99 26 tobacco,

1277 1983 2 14 ;
1307 1973 2 5 '
1388 1973 14 19 6
1418 1975 47 19 cwt.
1482 1971 139 27 gunpowder
1634 1972 23 20 in
1673 1971 115 28 canisters,

1290 2000 4 23 I
1389 1999 28 20 20
1431 1997 54 28 kegs
1501 1997 100 23 assorted
1618 1998 65 27 nails;

1284 2028 26 12 ti'
1389 2025 28 19 50
1424 2023 247 27 AdgSffflittagipainta,--

1390 2050 13 20 2
1417 2048 65 22 hhds.
1497 2049 65 27 paint
1580 2049 37 26 oil,

1391 2076 40 20 100
1445 2075 49 22 doz.
1514 2076 115 22 Dunbar's
1646 2076 86 22 bottled
1748 2076 42 27 ale,

1390 2102 37 21 An
1437 2103 115 21 extensive
1558 2106 134 18 assortment
1699 2103 25 21 of
1732 2103 167 28 ironmongery,

1391 2128 66 22 Paint
1471 2129 100 27 brushes,
1583 2129 41 22 &c.
1640 2130 40 21 &c.
1696 2130 40 22 &c.

1611 2156 80 22 Waitt
1706 2157 45 21 and
1764 2157 108 22 Tinline.

1334 2182 56 21 Port
1400 2182 131 25 Nicholson,
1544 2183 56 21 Dec.
1612 2185 32 24 10,
1661 2185 60 20 1840.

1362 2236 52 20 EX
1463 2236 160 21 MARTHA

1277 2276 2 7 1
1307 2269 173 22 T>OTrLED
1491 2270 85 27 sherry,
1588 2270 23 21 in
1621 2272 13 20 3
1645 2270 71 22 dozen
1726 2270 72 23 casks.

1277 2311 2 11 ,
1306 2291 47 27 JLj
1391 2296 63 22 Ditto
1492 2300 57 24 port,
1607 2297 35 22 do.
1671 2297 37 22 do.

1277 2329 2 22 [
1393 2323 61 22 Ditto
1491 2328 82 23 porter,
1606 2324 36 21 do.
1671 2324 37 22 do.

1277 2364 2 13 ;
1391 2350 63 21 Ditto
1493 2350 49 26 pnle
1553 2351 41 25 ale,
1606 2351 36 21 do.
1671 2351 36 22 do.

1277 2391 2 7 ,
1362 2376 78 22 Paints
1451 2376 26 22 of
1488 2377 28 22 all
1528 2376 152 28 descriptions.

1362 2403 136 27 Negrohead
1510 2404 99 21 tobacco.

1364 2430 145 28 Gunpowder
1518 2431 23 21 in
1554 2430 41 22 lib.
1604 2431 114 22 canisters.

1363 2456 82 23 Pcitent
1455 2458 56 26 shot,
1524 2458 106 22 assorted.

1363 2486 52 19 11-4
1424 2484 109 23 blankets.

1277 2526 2 3 ■
1362 2510 99 28 Brandy.

1277 2536 2 30 [
1363 2538 120 27 Liverpool
1492 2538 51 22 salt.

1277 2580 2 7 ,
1363 2564 81 22 Brown
1454 2565 79 22 biscut.

1277 2589 2 31 [
1363 2591 65 22 Lime
1439 2592 70 27 juice.

1277 2634 2 14 ,
1531 2626 29 14 EX

1277 2660 2 14 ,
1363 2645 98 22 Manilla
1470 2646 78 26 cigars.

1362 2672 50 21 Ash
1423 2680 56 14 oars.

1508 2699 132 27 Ridgways,
1653 2699 105 27 Guyton,
1771 2700 45 22 and
1826 2700 72 23 Earp.

1334 2724 146 29 Wellington,
1492 2726 56 21 Dec.
1561 2728 32 24 11,
1605 2728 60 21 1840.

1306 2780 211 48 HROBSON
1532 2781 56 27 begs
1600 2785 23 17 to
1634 2789 117 14 announce
1762 2782 48 22 that
1819 2782 29 22 he
1859 2782 40 22 has

1370 2818 11 10 •
1414 2815 26 14 on
1454 2808 57 26 Sale,
1524 2811 23 18 at
1556 2808 34 21 his
1605 2808 66 27 Tent,
1689 2813 23 17 at
1727 2816 63 15 more
1807 2817 91 14 reason-

1304 2834 51 21 able
1364 2834 72 27 prices
1447 2835 54 21 than
1512 2835 98 22 hitherto
1626 2835 82 22 offered
1721 2835 24 22 in
1755 2836 38 21 the
1804 2836 92 28 Colony,

1304 2860 37 21 the
1352 2860 117 29 following
1478 2862 96 26 articles,
1586 2862 51 22 viz..

1331 2896 84 23 Ladies
1424 2898 46 22 and
1478 2898 150 27 gentlemen's
1644 2898 172 23 London-made
1831 2899 66 22 boots

1304 2923 45 22 and
1358 2924 74 22 shoes.

1330 2951 84 27 Strong
1424 2952 77 25 men's,
1513 2952 114 26 women's,
1638 2952 45 22 and
1698 2952 120 23 children's
1831 2952 65 23 ditto.

1331 2977 105 22 Summer
1446 2979 125 21 waistcoats
1581 2979 45 21 and
1637 2982 107 19 trowsers.

1330 3004 78 26 Black,
1421 3005 86 26 Genoa,
1518 3005 46 22 and
1575 3006 85 21 merino
1670 3013 95 15 scarves.

1330 3031 89 22 Fiench
1430 3032 38 21 kid
1478 3032 46 21 and
1534 3032 60 21 Lisle
1605 3032 79 22 thread
1692 3032 84 27 gloves.

1330 3058 71 22 Black
1407 3059 59 21 .satin
1475 3059 45 21 and
1527 3059 115 21 armozine
1649 3060 80 26 stocks,
1739 3060 71 22 men's
1818 3063 76 19 cotton

1303 3085 84 26 braces,
1413 3086 136 27 carpenter's
1567 3086 104 27 marking
1692 3086 92 27 pencils,
1809 3087 87 27 sealing

1302 3119 56 19 wax,
1378 3112 86 27 wafers,
1480 3112 47 22 and
1536 3112 39 22 ink
1586 3113 99 27 powders
1693 3121 5 17 ;
1715 3121 12 13 a
1736 3116 64 24 great
1809 3114 85 26 variety

1303 3138 26 21 of
1347 3139 56 21 bead
1419 3139 126 26 necklaces,
1564 3139 85 22 lunette
1668 3140 45 21 and
1729 3144 78 23 strong
1823 3142 71 21 watch

1301 3165 85 26 glasses
1395 3166 45 21 and
1450 3166 61 27 keys,
1523 3166 108 22 mounted
1642 3166 155 27 llockingham
1807 3167 54 27 jugs
1872 3168 22 21 in

1301 3197 51 21 sets,
1373 3192 46 22 and
1437 3200 14 14 a
1470 3193 86 27 variety
1576 3193 27 22 of
1620 3193 64 22 other
1701 3194 89 21 articles
1808 3194 86 28 worthy

1301 3218 62 31 early
1372 3219 134 28 inspection.

1330 3245 145 28 Wellington,
1487 3247 56 21 Dec.
1555 3248 33 24 10,
1601 3248 59 21 1840.

1397 3301 50 20 EX
1490 3301 191 21 SUSANNAH

1302 3334 72 49 ON
1391 3335 86 26 SALE,
1487 3339 24 17 at
1520 3335 38 21 the
1570 3335 74 21 Stores
1650 3335 27 21 of
1684 3335 36 22 the
1728 3335 164 29 Undersigned,

1381 3361 75 23 Men's
1465 3365 79 23 strong
1553 3361 76 22 nailed
1637 3362 71 27 boots,

1329 3388 115 22 Women's
1457 3388 46 22 and
1515 3388 122 22 children's
1650 3389 64 21 boots
1729 3389 47 23 and
1791 3389 66 23 shoes
1871 3391 27 21 of

1299 3415 30 21 all
1339 3415 65 27 sizes,

1327 3441 82 23 Ladies
1419 3442 54 27 jean
1484 3442 72 27 boots,

1327 3469 71 21 Small
1407 3468 71 22 scales
1488 3469 45 21 and
1543 3468 101 27 weights,

1327 3495 75 22 Horse
1412 3495 54 22 shoe
1476 3495 64 26 nails,

1326 3522 58 22 Boat
1394 3522 57 22 nails
1461 3522 45 22 and
1515 3528 87 16 reeves.

1327 3549 110 27 Muskets,

1326 3575 85 32 CigarSj
1465 3581 3 4 '

1327 3603 68 27 Hoop
1404 3610 58 20 iron,

1328 3629 49 27 Bar,
1389 3629 47 26 rod,
1449 3629 45 22 and
1503 3629 64 22 sheet
1576 3628 58 27 iion,

1326 3656 83 27 Spices,
1421 3657 85 26 ginger,
1518 3657 49 26 &c,
1577 3663 30 14 an
1617 3657 133 21 assortment
1758 3655 35 23 for
1799 3655 93 28 making

1297 3683 80 27 ginger
1386 3683 54 21 beer
1447 3690 5 19 ;

1325 3709 108 28 Allspice,
1443 3716 91 21 pepper,
1550 3709 40 22 &c.

1531 3742 36 23 W.
1583 3743 25 21 B.
1624 3743 126 22 RHODES
1760 3743 46 22 and
1815 3743 47 22 CO.

1502 3797 180 21 WATCHES.

1296 3826 95 48 JUST
1405 3824 160 23 RECEIVED
1584 3824 58 21 from
1662 3823 95 22 London
1776 3823 78 27 direct,
1874 3831 15 14 a

1346 3853 44 21 few
1400 3852 68 22 silver
1477 3850 97 27 hunting
1584 3850 104 28 watches,
1699 3850 45 23 and
1753 3850 52 22 four
1814 3853 73 19 crates

1296 3879 24 21 of
1338 3879 109 26 crockery
1466 3885 51 15 now
1534 3877 86 28 selling'
1626 3874 4 8 v
1629 3881 25 18 at
1670 3878 113 21 moderate
1800 3877 84 27 prices;

1294 3906 55 27 also,
1359 3906 60 22 from
1428 3905 141 28 Valpairaso,
1580 3912 62 14 some
1652 3904 64 23 dried
1731 3904 96 27 peaches
1842 3904 44 21 im-

1294 3932 79 28 ported
1397 3932 114 28 expressly
1529 3931 37 23 for
1584 3932 39 21 the
1633 3931 78 22 Xmas.
1728 3928 117 25 festivities
1863 3934 27 23 of

1294 3960 54 22 Port
1355 3960 133 27 Nicholson,
1496 3962 24 20 at
1528 3958 23 22 J.
1557 3958 96 23 Taine's
1661 3959 70 25 Store,
1738 3957 139 27 Wellington
1898 3973 1 11 ,

720 652 116 21 UNION
850 652 108 22 BANK.
967 653 46 20 OF.
1025 652 222 21 AUSTRALIA.

684 685 95 21 London
799 685 93 25 Office,
908 685 45 21 No.
967 687 36 23 33,
1022 686 51 21 Old
1090 685 186 22 Broad-street.

739 718 93 28 Capital,
843 718 124 27 £500,000;
988 718 52 28 paid
1049 726 38 20 up,
1102 718 119 27 £300,000.

922 757 119 12 directors:

791 779 68 20 George
866 779 39 17 Fife
913 780 66 20 Angas,
989 781 49 19 Esq.,

791 800 68 16 Robert
866 800 76 20 Brooks,
953 801 47 20 Esq.,

790 821 61 16 James
859 821 48 16 John
916 822 101 18 Cummins,
1025 821 48 21 Esq.,

790 842 68 16 Robert
865 842 97 19 Gardener,
975 843 48 20 Esq.,
1037 842 121 19 Manchester,

790 863 47 16 John
847 863 51 17 Gore,
909 863 49 21 Esq.,
983 879 5 3 .
997 879 4 3 .

791 884 46 15 John
847 884 78 16 William
934 884 75 17 Buckle,
1016 884 48 20 Esq.,

790 904 95 20 Benjamin
894 905 21 15 E.
923 905 64 18 Lindn,'
995 903 48 21 Esq.!

791 925 73 16 Charles
875 926 74 15 Edward
958 925 87 20 Mangles,
1051 925 59 20 •E=q:,-

790 945 116 21 Christopher
914 946 84 19 Rawson,
1007 946 49 20 Esq.,
1068 946 99 19 Halifax/.

791 966 78 16 Thomas
876 967 65 18 Sands,
949 967 49 19 Esq.,
1007 967 99 19 Liverpool,

789 986 62 17 James
860 987 55 20 Bogle
923 987 64 19 Smith,
994 984 49 23 Esq.i
1141 1001 5 4 .
1217 994 11 8 •

790 1007 61 16 James
860 1007 80 16 Ruddell
946 1008 56 18 TodU;
1012 1008 44 20 Esq;

684 1033 96 18 Trustees:
797 1035 81 16 George
890 1035 57 16 Carr
958 1035 62 18 Gityk,
1034 1035 47 20 Esq.,
1092 1035 52 16 John
1157 1035 60 19 Gore,
1228 1034 49 20 Esq.,

831 1056 37 16 and
875 1056 67 16 James
949 1056 18 16 J.
974 1056 101 18 Cummins,
1087 1056 42 20 Esq.

712 1082 91 17 Bankers:
816 1082 74 17 Messrs.
898 1083 62 19 Glyn,
973 1083 114 18 Hallifax,
1096 1083 70 19 Mills,
1174 1082 36 17 and
1219 1082 30 16 Co.

805 1111 101 20 Secretary.
919 1112 84 15 Samuel
1009 1111 95 18 Jackson,
1113 1111 42 20 Esq.

775 1138 80 17 Colonial
863 1139 94 20 Inspector
963 1144 4 11 :
979 1139 17 15 J.
1004 1139 19 16 C.
1032 1138 102 19 M'Laren,
1143 1138 43 20 Esq.

806 1186 69 20 New
894 1186 124 21 Zealand
1037 1186 116 21 Branch.

683 1218 54 17 Local
744 1219 91 16 Directors
842 1224 3 11 :
862 1220 46 15 Geo.
922 1220 17 16 S.
951 1220 73 19 Evans,
1039 1220 48 20 Esq.,
1099 1220 70 19 D.C.L.,
1182 1220 36 15 and
1230 1220 47 15 Geo.

906 1240 92 20 Hunter,
1011 1241 43 20 Esq.

684 1267 96 20 Manager:
792 1267 47 17 John
848 1268 72 19 Smith,
929 1268 48 21 Esq.,
987 1268 36 16 late
1032 1268 20 16 of
1061 1268 30 16 the
1099 1267 117 17 Commercial
1224 1267 53 16 Bank

852 1289 21 16 of
882 1289 89 21 England,
984 1289 122 16 Manchester.

795 1316 113 22 Branches
919 1320 25 18 at
958 1317 98 27 Sydney,

960 1344 7 20 1
975 1344 74 21 lobart
1057 1344 76 26 Town,

960 1371 9 21 J
980 1374 130 23 aunceston,
1122 1369 46 23 and

960 1397 8 22 1
978 1400 35 19 ort
1024 1397 80 27 Philip.

684 1431 53 21 Port
745 1431 131 27 Nicholson,
889 1431 80 22 March
979 1433 35 25 24,
1027 1433 62 20 IS4O.

683 1484 92 49 THE
793 1485 114 22 Directors
923 1484 28 22 of
966 1484 39 22 the
1023 1484 55 22 New
1096 1484 100 23 Zealand
1212 1484 65 22 Land

758 1512 116 27 Company
889 1512 80 28 hereb)
991 1512 51 27 give
1059 1512 82 25 no'ice,
1160 1512 48 21 that
1223 1512 53 26 they

682 1538 57 22 have
748 1546 112 15 effected
872 1546 28 15 an
912 1547 173 13 ARRANGEMENT
1094 1538 52 22 with
1155 1538 37 21 the
1201 1538 74 22 Union

681 1565 65 21 Bank
762 1566 26 21 of
805 1566 120 26 Australia,
944 1566 43 21 No.
1004 1567 35 25 38,
1054 1566 45 21 Old
1116 1565 159 25 Broad-street,

683 1592 102 28 London,
796 1592 34 22 for
840 1592 37 22 the
891 1592 170 22 establishment
1076 1592 26 22 of
1115 1600 13 13 a
1146 1592 129 21 BRANCH

683 1619 88 22 BANK
787 1620 34 21 IN
836 1619 72 22 NEW
923 1619 160 27 ZEALAND,
1097 1619 96 27 through
1205 1618 71 23 which

682 1646 38 21 the
729 1646 102 22 business
843 1646 29 21 of
883 1646 39 22 the
941 1646 56 22 New
1014 1646 101 21 Zealand
1129 1646 66 21 Land
1212 1646 66 21 Com-

682 1679 60 21 pany
752 1673 44 21 will
805 1674 27 20 be
843 1673 136 21 transacted.
1007 1673 49 21 The
1072 1673 116 21 Directors
1203 1672 74 22 there-

682 1698 47 23 fore
739 1700 145 22 recommend
894 1703 23 18 to
935 1700 111 22 Colonists
1063 1700 38 21 the
1119 1700 75 21 Union
1212 1700 65 21 Bank

682 1726 26 21 of
726 1726 115 22 Australia
859 1734 24 14 as
902 1734 28 14 an
958 1726 171 22 establishment
1151 1726 127 28 possessing

682 1753 66 22 their-
756 1754 70 21 entire
850 1754 139 26 confidence,
1010 1753 45 22 and
1075 1754 50 21 able
1144 1757 22 17 to
1186 1753 91 26 provide

682 1780 127 27 effectually
825 1781 34 21 for
875 1780 38 22 the
928 1780 107 22 financial
1050 1783 71 19 wants
1139 1780 25 21 of
1176 1783 37 18 the
1230 1780 48 21 first

682 1807 135 21 settlement.

852 1834 35 28 By
897 1834 66 22 order
973 1834 27 21 of
1010 1833 38 22 the
1058 1834 81 26 Board,

930 1868 86 22 JOHN
1032 1868 104 27 WARD,
1153 1868 124 27 Secretary.

682 1895 56 22 New
749 1895 100 22 Zealand
860 1896 64 21 Land
935 1896 136 26 Company's
1082 1895 78 27 Office,

710 1924 19 24 1,
741 1923 160 25 Adam-street,
914 1922 105 28 Adolphi,
1031 1922 53 22 27th
1094 1922 68 27 Aug.,
1174 1923 62 21 1839.

682 1976 94 48 JUST
791 1976 166 26 RECEIVED,
973 1976 46 21 and
1029 1983 29 14 on
1069 1976 46 22 sale
1126 1980 24 18 at
1158 1976 37 21 the
1203 1976 75 21 Stores

748 2004 26 21 of
782 2003 37 22 the
829 2003 159 27 Undersigned
998 2011 5 13 :

675 2045 16 4 _
703 2044 32 4 —
739 2038 9 15 l
752 2035 147 24 o-Regs~-Irisn
909 2035 84 25 Imtter,
1030 2040 19 2 —
1052 2040 5 2 -
1064 2032 47 12 —-i

737 2059 110 22 Chatham
859 2060 79 21 Island
947 2063 109 24 potatoes,
1075 2060 53 27 only
1143 2060 32 22 ss.
1186 2060 36 22 6d.
1238 2067 40 20 per

682 2089 49 19 cwt.

737 2114 13 21 2
766 2113 63 22 casks
840 2113 104 27 oatmeal,
955 2114 68 21 finest
1033 2113 93 27 quality.

737 2140 21 21 A
775 2140 61 26 large
852 2140 105 27 quantity
974 2140 26 21 of
1018 2140 80 22 biscuit
1205 2140 73 22 baked

682 2166 26 22 of
720 2166 37 22 the
769 2166 66 22 finest
843 2166 65 23 flour.

1095 2194 29 21 A.
1141 2194 134 21 Anderson.

708 2220 148 28 Wellington,
868 2220 55 22 Dec.
936 2222 33 25 10,
981 2222 61 20 1840.

681 2274 196 48 WORKING
917 2274 161 22 BULLOCKS
1114 2275 68 21 AND
1217 2276 60 20 FAT

779 2302 192 21 WETHERS.—
972 2302 48 21 The
1036 2302 157 26 Undersigned
1202 2302 43 27 beg
1256 2307 22 16 to

681 2329 74 27 notify
773 2328 49 22 that
840 2329 54 26 they
911 2328 57 22 have
986 2336 31 13 on
1036 2328 62 22 hand
1115 2333 43 17 two
1174 2329 104 27 splendid

682 2356 109 26 Working
810 2355 106 21 Bullocks
927 2363 5 17 ;
958 2355 54 26 also,
1033 2363 61 14 some
1116 2356 102 27 superior
1237 2356 41 22 Fat

681 2382 110 26 Wethers,
804 2383 48 27 just
862 2382 94 26 arrived,
972 2382 66 21 offers
1048 2382 35 21 for
1092 2382 74 22 which
1177 2382 52 28 they
1239 2390 39 15 are

680 2410 70 26 ready
761 2413 9 17 t
779 2420 4 5 •
793 2409 88 22 receive
892 2411 24 19 at
925 2409 59 21 their
994 2410 70 20 Store.

967 2436 128 22 KNIGHT
1104 2436 46 22 and
1160 2436 90 22 HAIR.

681 2491 92 34 rpHE
789 2491 230 21 UNDERSIGNED
1034 2491 63 21 takes
1115 2491 43 21 this
1173 2494 105 25 opportu-

688 2512 30 28 JL
742 2519 49 26 nity
802 2521 22 18 to
831 2522 78 17 return
918 2517 84 22 thanks
1009 2517 35 22 for
1052 2517 37 22 the
1096 2518 80 21 liberal
1186 2521 92 24 support

679 2545 28 21 he
716 2545 102 22 received
827 2545 66 21 while
901 2545 22 20 in
932 2545 104 21 business
1043 2552 60 19 upon
1113 2545 37 21 the
1159 2545 65 24 Hutt,
1233 2545 45 21 and

679 2573 55 26 begs
744 2576 23 18 to
777 2573 82 21 inform
869 2571 33 21 his
911 2571 85 22 friends
1003 2571 46 22 and
1057 2572 37 21 the
1101 2572 83 27 public,
1195 2571 49 22 that
1250 2572 27 22 he

680 2599 40 21 has
729 2606 52 14 now
792 2599 88 27 optMied
891 2598 34 22 His
937 2606 47 14 new
996 2602 60 18 store
1075 2606 61 19 upon
1154 2599 123 21 Thorndou

680 2626 57 27 Flat,
749 2626 74 22 where
833 2625 29 22 he
873 2625 41 22 has
923 2625 67 22 made
1001 2633 14 14 a
1023 2629 66 24 great
1097 2626 101 21 addition
1210 2630 21 16 to
1244 2625 34 23 his

679 2653 64 22 usual
753 2653 64 21 stock
826 2653 26 21 of
863 2652 92 22 various
964 2653 95 26 articles,
1072 2653 121 27 especially
1207 2653 71 21 ladies

679 2680 45 22 and
735 2679 122 23 children's
866 2679 101 28 wearing
976 2679 100 28 apparel.

807 2714 89 22 lames'
911 2721 108 14 wearing
1036 2721 111 15 apparel.

706 2747 77 22 White
799 2747 90 28 printed
910 2747 102 25 muslins,
1036 2755 13 14 a
1068 2747 62 26 large
1149 2747 44 22 and
1209 2747 68 22 select

679 2775 63 22 stock
753 2775 26 21 of
790 2774 89 28 printed
890 2774 88 27 calicos,
988 2774 57 22 ditto
1053 2775 67 21 white
1128 2774 35 22 for
1172 2774 102 27 shirting,

678 2805 61 23 stays
749 2801 26 22 of
786 2801 100 28 superior
895 2801 73 26 make,
984 2801 155 26 imdeiTinens,
1151 2801 59 27 slips,
1222 2801 39 22 &c.
1270 2809 5 18 ;

679 2828 49 26 silk,
737 2832 72 21 straw,
816 2828 45 21 and
867 2827 107 28 gingham
980 2828 109 26 bonnets;
1101 2828 76 26 scarfs,
1187 2827 86 26 shawls,

679 2855 45 21 and
734 2855 105 21 flowered
849 2855 73 21 fronts
930 2862 6 18 ;
955 2854 66 22 white
1038 2855 45 21 and
1099 2855 66 21 black
1181 2854 94 22 worsted

679 2881 46 22 and
743 2884 76 18 cotton
840 2881 115 26 stockings
963 2889 5 16 ;
994 2881 63 22 boots
1077 2881 46 22 and
1142 2881 72 27 shoes,
1233 2881 42 22 silk

679 2907 103 28 mantles,
793 2908 63 27 plain
866 2907 46 22 and
923 2907 53 22 with
986 2915 73 20 capes,
1068 2908 99 27 ribbons,
1180 2909 40 21 &c.

818 2942 69 21 men's
902 2949 108 14 wearino
1026 2949 112 14 apparel.

706 2975 130 27 Consisting
859 2975 27 21 of
906 2974 113 32 superfine
1043 2974 52 22 blue
1116 2975 90 26 jackets
1230 2974 45 23 and

679 3006 109 23 trowsers,
800 3001 112 28 superfine
923 3001 105 26 snooting
1038 3006 61 16 coats
1115 3001 26 21 of
1152 3001 60 22 cloth
1229 3002 45 21 and

679 3029 106 22 cassinett
793 3036 5 19 ;
818 3028 88 27 jackets
924 3028 27 22 of
966 3028 91 26 fustian,
1076 3028 105 27 corduroj
1181 3036 6 9 r
1188 3045 5 10 ,
1210 3029 63 26 jean,

679 3056 44 22 and
741 3056 59 22 duck
810 3064 5 18 ;
839 3059 103 17 trowsers
960 3055 25 21 of
1004 3055 135 27 everlasting
1156 3055 117 27 corduroy,

678 3083 91 26 fustian,
780 3082 119 27 moleskin,
909 3082 132 27 gainbroon,
1053 3081 45 22 and
1108 3081 73 28 duck;
1201 3083 74 21 waist-

679 3114 62 18 coats
755 3110 26 21 of
792 3109 88 28 printed
898 3109 82 26 velvet,
999 3107 105 28 v'alentia,
1122 3108 45 22 and
1185 3112 72 18 tartan
1267 3117 6 18 ;

678 3137 112 28 superfine
798 3136 51 22 blue
859 3135 59 22 cloth
927 3143 59 20 caps,
997 3135 81 22 Scotch
1086 3135 104 27 bonnets,
1198 3135 74 26 shirts,

679 3164 49 26 (red
739 3164 45 21 and
795 3163 68 26 blue,)
879 3162 68 22 white
957 3162 46 22 and
1012 3162 85 26 striped
1106 3162 114 27 stockings
1228 3163 45 21 and

678 3191 64 21 socks
753 3191 26 21 of
791 3189 110 27 varieties,
917 3189 64 22 boots
991 3189 46 21 and
1046 3192 66 18 shoes
1122 3189 27 21 of
1161 3190 110 25 varieties,

677 3217 149 27 gentlemen's
845 3216 103 27 dressing
965 3223 78 20 gowns
1061 3215 47 23 and
1126 3215 57 28 pilot
1202 3219 69 24 coats,

678 3245 85 26 braces,
775 3245 40 22 &c.

913 3277 121 15 SUNDRIES.

704 3305 116 27 Blankets,
844 3304 57 26 (red,
920 3304 60 26 blue,
998 3303 54 26 ,and
1071 3303 84 27 white.)
1179 3303 91 27 flannel,

678 3339 100 20 canvass,
807 3331 117 27 moleskin,
951 3330 98 27 threads,
1076 3333 68 25 tapes,
1171 3330 100 28 buttons,

676 3359 72 21 hooks
758 3358 45 23 and
813 3366 60 20 eyes,
883 3358 100 26 needles,
994 3358 57 26 pins,
1063 3358 41 21 &c.

876 3399 135 19 GROCERIES,
1028 3391 40 22 &C.

704 3426 71 22 Black
791 3427 44 21 and
850 3433 70 20 green
941 3429 42 23 tea,
1001 3432 84 20 sugars,
1106 3424 55 26 (raw
1178 3425 45 21 and
1237 3432 35 14 re-

676 3453 79 27 fined,)
772 3454 57 27 blue,
842 3453 62 26 soda,
913 3460 61 19 soap,
982 3452 98 26 candles,
1089 3452 80 26 starch,
1179 3452 91 26 pickles,

676 3480 106 27 mustard,
808 3481 82 25 butter,
913 3479 89 26 cheese,
1020 3479 100 25 tobacco,
1140 3478 67 22 black
1225 3478 46 22 and

676 3507 103 22 Jamaica
789 3514 89 21 pepper,
888 3511 112 22 nutmegs,
1009 3506 81 25 cloves,
1099 3513 86 19 ginger,
1193 3505 75 21 cinna-

676 3540 61 18 mon,
748 3540 73 21 curry,
833 3540 111 21 cayenne,
955 3534 52 25 rice,
1018 3532 65 27 flour,
1101 3535 109 23 currants,
1226 3532 45 21 and

676 3560 87 22 raisins.

887 3593 197 15 CONFECTIONARY.

704 3619 82 23 Scotch
796 3627 131 20 carraways,
944 3619 110 27 almonds,
1071 3619 47 26 red,
1136 3619 73 26 white,
1225 3618 45 22 and

676 3647 76 22 brown
764 3647 79 27 candy,
854 3646 88 22 refined
949 3646 116 28 liquorice,
1081 3646 63 27 pink,
1155 3645 59 28 pine,
1225 3645 46 22 and

675 3674 109 28 liquorice
795 3674 125 26 jub-jubes.

875 3714 139 19 HARDWARE,
1030 3707 41 21 &C.

702 3741 94 26 Knives,
814 3741 102 27 scizzors,
935 3747 83 20 razors,
1033 3739 70 28 locks,
1119 3739 87 28 hinges,
1223 3739 46 22 and

675 3768 132 22 fish-hooks.

784 3801 119 15 CROCKERY
919 3801 25 14 IN
961 3801 75 14 GREAT
1051 3800 107 15 VARIETY.

1016 3827 30 22 A.
1061 3826 202 23 HORNBROOK

700 3856 147 27 Wellington,
859 3855 60 21 Nov.
930 3857 20 24 6,
963 3855 62 21 1840.

672 3911 73 50 ON
760 3910 85 27 SALE,
861 3913 24 19 at
894 3909 44 23 this
948 3909 80 28 Office,
1039 3909 49 23 files
1097 3909 27 22 of
1134 3909 38 23 the
1209 3909 58 23 New

749 3937 101 23 Zealand

851 3964 79 27 Office,
941 3964 61 22 Nov.
1011 3965 35 27 28,
1057 3965 61 22 1840,

116 656 83 21 NSW
219 655 170 21 ZEALAND
409 652 185 22 COMPANY.

60 690 94 28 Capital,
170 690 120 25 £100,000,
305 689 22 20 in
338 689 55 20 4000
403 686 81 22 Shares
494 685 26 22 of
529 685 47 23 £25
588 685 63 27 each,

287 715 29 21 all
327 714 52 28 paid
389 720 37 19 up.

178 750 101 16 Governor:
295 749 39 16 Tlie
341 748 57 16 Earl
405 751 24 12 op
438 747 97 16 Durham.

156 777 183 21 Deputy-Governor:
351 776 75 15 Joseph
435 775 71 19 Somes,
514 774 42 21 Esq.

299 807 120 12 directors:
448 814 7 7 

146 831 88 16 Viscount
241 831 89 20 Ingestre,
339 830 52 20 M.1.,
578 833 4 4 '
599 833 5 4 '

147 852 46 16 Lord
202 852 58 18 Petre,

146 873 64 20 Henry
217 873 21 16 A.
247 872 94 20 Aglionliy,
351 872 49 20 Esq.,
408 872 53 19 M.P.,

147 893 48 17 Hon.
205 894 71 16 Francis
285 892 71 21 Baring,
367 893 52 18 M.P.,

145 915 47 16 John
201 914 84 16 Ellorker
293 914 87 18 Boulcott,
394 913 47 21 Esq.,
467 924 2 3 ■

146 936 48 16 John
203 935 79 16 William
290 934 74 19 Buckle,
371 934 48 20 Esq.,
454 931 14 14 **

147 956 72 16 Russell
229 955 62 18 Ellice,
301 955 47 20 Esq.,

146 977 61 16 James
215 976 68 16 Robert
290 976 73 19 Govreu,
371 976 49 19 Esq.,

145 997 48 16 John
202 997 54 17 Hine,
266 997 47 19 Esq.,

146 1018 79 15 William
233 1017 54 18 Hutt,
296 1017 48 19 Esq.,

146 1039 75 15 Stewart
229 1037 129 20 MajoribanHs,
370 1037 49 20 Esq.,
437 1046 4 3 -

143 1058 104 17 Alexander
255 1058 63 18 Nairn,
328 1058 47 19 Esq.,

144 1079 48 16 John
201 1078 53 19 Pirie,
264 1079 47 19 Esq.,
321 1079 103 17 Alderman,

146 1100 28 16 S.r
182 1100 67 19 George
257 1099 82 18 Sinclair,
348 1099 55 18 Bart.,
412 1099 53 18 M.P.,

144 1120 48 16 John
200 1120 44 17 Abel
253 1120 65 19 Smith,
327 1120 48 20 Esq.,
387 1120 53 18 M.P.,

147 1141 46 16 Win.
205 1141 110 20 Thompson.
331 1141 48 19 Esq.,
394 1141 105 16 Alderman,
514 1139 52 20 M.P.,

146 1162 48 16 Hon.
203 1162 94 16 Frederick
305 1162 38 16 Jas.
351 1162 120 18 Tolleinache,
482 1160 52 20 M.P.,

146 1183 75 16 Edward
230 1183 21 16 G.
261 1182 102 18 Wakefield,
370 1183 37 19 Esq
415 1193 4 7 ,

145 1204 29 16 Sir
181 1204 62 19 Henry
253 1203 61 18 Webb,
323 1204 56 19 Bart.,

146 1225 69 15 Arthur
222 1225 65 18 Willis,
296 1224 48 20 Es>q.,

147 1246 68 20 George
223 1245 95 16 Fiederick
328 1245 70 20 Young,
408 1245 42 20 Esq.

208 1273 91 20 Secretary
305 1277 4 11 :
321 1272 52 16 John
382 1272 70 17 Ward,
462 1271 43 20 Esq.

59 1301 92 21 nnHE
161 1301 60 21 main
233 1300 97 21 features
338 1300 26 20 of
370 1300 37 20 the
416 1304 83 22 system
508 1298 25 21 of
539 1298 113 21 coloniza-

66 1320 29 29 X
135 1328 47 20 tion
193 1326 97 28 adopted
299 1326 30 27 by
340 1326 37 21 the
391 1326 123 26 Company,
530 1332 44 18 are,
577 1336 31 5 —
611 1326 39 25 Ist,

57 1354 38 22 the
106 1354 47 22 sale
163 1354 26 21 of
200 1353 71 27 lands,
286 1357 22 17 at
322 1360 29 14 an
367 1352 98 22 uniform
481 1352 44 22 and
539 1351 113 22 sufficient

59 1381 71 27 price;
149 1381 45 21 and
208 1380 77 26 2ndly,
302 1380 37 21 the
355 1379 155 28 employment
523 1378 28 22 of
561 1385 14 14 a
589 1378 62 28 large

58 1408 88 26 portion
156 1407 26 21 of
189 1407 37 22 the
236 1406 211 28 purchase-money,
458 1413 24 14 as
493 1413 28 14 an
532 1406 119 26 Immigra-

57 1435 45 21 tion
116 1435 72 21 Fund.
220 1434 25 21 In
258 1434 61 21 these
329 1437 105 23 respects,
451 1433 37 21 the
498 1432 119 28 principles
628 1433 27 21 of

57 1461 71 22 South
142 1461 114 22 Australia
271 1460 57 21 have
344 1461 57 20 been
417 1460 104 20 followed
533 1467 25 13 as
572 1459 79 27 nearly

57 1495 22 15 as
99 1488 174 22 circumstances
290 1487 80 27 would,
391 1487 23 21 in
429 1487 38 21 the
486 1489 89 25 present
591 1493 59 21 case,
660 1490 2 10 {
660 1502 2 10 :

57 1515 90 27 permit.

82 1541 50 22 The
146 1541 73 28 grand
234 1541 75 27 object
323 1541 27 21 of
365 1540 38 22 the
419 1548 56 19 new,
490 1548 25 14 or
525 1540 124 27 improved,

55 1573 85 22 system
151 1569 27 21 of
189 1568 37 22 the
236 1568 98 27 disposal
349 1567 26 22 of
393 1567 96 22 colonial
504 1567 70 27 lands,
591 1567 19 21 is
628 1571 22 18 to

55 1595 101 27 reguhite
172 1595 38 21 the
224 1595 81 26 supply
321 1595 27 21 of
363 1602 51 14 new
429 1594 61 26 land,
507 1594 28 27 by
551 1594 38 22 the
603 1595 47 21 real

57 1626 71 18 wants
140 1622 27 20 of
180 1622 38 21 the
234 1622 118 26 Colonists,
368 1629 26 14 so
410 1621 47 21 that
473 1621 37 21 the
525 1621 53 21 land
593 1621 57 21 shall

55 1656 71 14 never
143 1649 28 21 be
190 1649 73 21 either
280 1648 192 27 superabundant,
494 1656 25 14 or
537 1648 112 27 deficient,

55 1675 73 22 either
144 1679 37 18 too
198 1675 77 26 cheap,
295 1682 24 14 or
339 1679 36 17 too
395 1675 60 21 dear.
495 1675 21 21 It
533 1675 41 21 has
592 1675 57 21 been

54 1701 78 23 shown
144 1703 49 21 that
202 1702 38 22 the
250 1702 44 22 due
307 1703 130 26 proportion
452 1702 102 22 between
570 1703 80 26 people

55 1729 45 21 and
109 1729 54 21 land
169 1737 53 19 may
229 1729 27 21 be
265 1729 127 26 constantly
398 1729 94 21 secured
500 1729 28 27 by
535 1729 116 21 abandon-

55 1757 40 26 ing
104 1757 38 21 the
153 1756 38 22 old
201 1760 84 23 system
297 1755 25 22 of
334 1764 97 18 giunts,
443 1756 44 22 and
497 1757 115 26 requiring
621 1764 29 14 an

56 1783 98 21 uniform
166 1783 60 27 price
236 1790 40 21 per
287 1790 57 19 acre,
360 1784 34 20 tor
404 1783 29 21 all
443 1790 50 14 new
502 1783 72 26 lands,
587 1783 64 21 with-

57 1815 39 17 out
105 1810 128 27 exception.
264 1809 25 22 If
299 1810 38 21 the
347 1810 61 27 price
419 1810 28 22 be
462 1814 40 18 not
516 1813 36 19 too
567 1810 50 26 low,
634 1810 18 22 it

55 1837 75 21 deters
140 1837 136 27 speculators
287 1836 57 22 from
360 1837 118 27 obtaining
492 1837 61 26 land,
570 1837 52 21 with
638 1845 14 14 a

57 1864 55 21 view
123 1868 23 17 to
156 1864 89 26 leaving
255 1863 59 21 their
322 1867 107 24 property
438 1864 23 21 in
473 1871 14 14 a
497 1863 75 22 desert
584 1867 66 24 state,

55 1891 45 21 and
116 1891 52 21 thus
182 1893 106 25 prevents
297 1891 110 26 injurious
417 1891 122 27 dispersion
548 1898 5 18 ;
568 1891 19 21 it
596 1891 53 26 also,

57 1918 28 26 by
96 1917 137 28 compelling
241 1924 67 20 every
316 1917 105 22 labourer
428 1921 22 18 to
459 1917 61 22 work
527 1918 35 20 for
570 1925 80 19 wages,

55 1944 57 22 until
123 1944 29 22 he
163 1944 40 22 has
212 1944 69 22 saved
296 1944 38 21 the
344 1945 54 26 only
408 1952 79 14 means
497 1945 26 21 of
534 1944 118 27 obtaining

55 1971 61 26 land,
128 1971 87 21 insures
229 1978 14 14 a
258 1971 81 27 supply
354 1971 26 21 of
391 1971 80 22 labour
485 1972 35 20 for
534 1971 55 21 hire.
620 1971 29 27 If,

55 2006 28 14 on
95 1998 38 22 the
144 1997 64 22 other
217 1997 70 26 hand,
303 1997 38 22 the
351 1998 61 27 price
421 1998 27 20 be
459 2002 42 18 not
511 2001 35 18 too
556 1997 61 28 high,
633 1998 19 21 it

56 2025 86 21 neither
151 2025 102 21 confines
264 2024 37 20 the
311 2025 91 19 settlor*
417 2032 16 10 w
436 2024 56 21 itl>ir»
508 2032 13 14 a
535 2032 73 18 space.,
617 2025 35 21 in-

56 2049 161 26 conveniently
232 2054 95 18 narrow,
344 2054 42 14 nor
401 2047 54 20 does
470 2047 18 20 it
504 2049 94 24 prevent
612 2049 39 19 the

55 2076 80 27 thrifty
150 2075 104 22 labourer
268 2074 58 21 from
341 2073 120 27 becoming
476 2081 14 14 a
501 2073 149 27 land-owner,

57 2103 57 22 after
126 2102 100 26 working
236 2108 62 15 some
308 2100 55 21 time
372 2100 36 21 for
419 2107 80 19 wages.

86 2131 19 21 A
123 2129 120 26 sufficient,
261 2128 40 19 tut
320 2130 40 17 not
379 2133 62 14 more
462 2127 53 21 than
536 2126 116 23 sufficient

57 2157 60 26 price
129 2157 35 21 for
176 2156 30 20 all
220 2160 48 16 new
285 2152 60 28 land,
361 2153 19 21 is
396 2153 37 22 the
450 2154 61 21 main
526 2154 86 21 feature
628 2154 27 21 of

57 2184 37 21 the
113 2190 50 14 new
179 2183 82 28 system
276 2180 27 21 of
319 2180 159 22 colonization.
513 2180 21 22 It
549 2180 102 22 obviates

56 2218 69 19 every
136 2214 83 20 species
235 2206 26 21 of
275 2206 102 27 bondage
385 2215 4 17 ;
410 2207 30 27 by
455 2208 120 26 providing
590 2215 62 14 com-

57 2237 87 22 biusible
154 2234 85 25 labour,
251 2233 18 22 it
278 2234 92 21 renders
379 2234 105 28 industry
492 2242 53 20 very
555 2234 95 27 produc-

57 2265 49 22 tive,
118 2261 45 21 and
173 2260 122 22 maintains
304 2260 54 22 both
369 2260 55 28 high
441 2269 79 19 wages,
536 2261 45 22 and
595 2261 54 27 high

54 2288 88 27 profits;
166 2288 18 21 it
200 2287 76 21 makes
297 2287 37 22 the
353 2288 81 26 colony
451 2295 24 14 as
493 2288 115 21 attractive
626 2296 24 14 as

55 2314 102 28 possible,
174 2314 53 21 both
245 2318 22 17 to
283 2314 123 27 capitalists
421 2314 46 22 and
483 2318 22 18 to
520 2315 115 21 labourers
643 2323 5 18 ;

53 2342 45 21 and
110 2347 40 16 not
160 2340 83 28 merely
255 2344 21 18 to
288 2341 69 26 these,
371 2342 41 21 but
422 2342 54 26 also,
487 2342 29 27 by
526 2342 125 27 bestowing
660 2338 2 36 j

53 2376 29 14 on
99 2368 37 22 the
148 2368 88 26 colony,
254 2368 38 21 the
303 2368 72 21 better
391 2369 119 21 attributes
525 2369 26 21 of
567 2376 28 14 an
612 2369 38 21 old

52 2396 93 27 society,
156 2399 23 17 to
189 2395 62 21 those
261 2395 48 21 who
317 2394 57 22 have
382 2403 14 13 a
403 2395 92 22 distaste
504 2396 33 20 for
545 2395 58 21 what
609 2396 41 22 has

53 2422 126 22 heretofore
189 2422 58 21 been
259 2421 37 22 the
310 2422 114 27 primitive
435 2422 114 22 condition
562 2423 27 21 of
598 2430 52 14 new

53 2450 108 21 colonies.

79 2476 49 22 The
138 2479 64 24 great
212 2475 75 27 object
295 2475 26 21 of
333 2475 37 22 the
379 2475 62 28 price
450 2476 19 22 is
482 2479 24 19 to
520 2484 77 14 secure
612 2476 38 22 the

53 2508 58 17 most
121 2502 110 22 desirable
241 2503 142 27 proportions
394 2503 100 21 between
509 2503 80 28 people
603 2503 46 21 and

53 2530 65 26 land;
135 2530 40 22 but
186 2529 36 22 the
233 2530 54 26 plan
297 2529 42 21 has
348 2530 38 20 the
393 2530 88 22 further
487 2530 71 22 result
565 2530 26 21 of
597 2538 53 20 pro-

53 2557 84 26 ducing
147 2565 14 13 a
169 2563 107 19 revenue,
294 2556 72 22 which
383 2556 45 21 will
443 2560 41 18 not
499 2557 54 27 only
567 2557 81 28 supply

52 2583 38 22 the
102 2583 108 28 requisite
224 2583 68 27 profit
306 2587 22 17 to
344 2583 38 21 the
398 2583 155 22 shareholders
568 2583 26 22 of
610 2584 38 22 the

53 2611 124 26 Company,
201 2610 42 21 but
266 2610 113 22 furnishes
403 2610 37 22 the
464 2618 77 14 means
560 2611 35 21 for
619 2618 28 14 an

53 2637 156 27 Immigration
221 2636 73 28 Fund,
295 2649 32 4 —
328 2644 13 14 a
349 2637 57 21 fund
414 2637 128 28 consttintly
549 2637 99 28 applica-

53 2664 35 22 ble
104 2668 24 18 to
144 2664 38 22 the
198 2671 97 20 purpose
311 2664 28 20 of
352 2664 107 27 bringing
474 2665 78 21 labour
569 2668 23 18 to
610 2665 38 21 the

52 2691 81 27 colony
134 2704 32 3 —
167 2691 50 21 that
230 2691 25 26 is,
273 2691 24 21 in
314 2691 95 26 causing
426 2691 38 22 the
481 2692 49 21 best
548 2699 57 14 sort
625 2692 27 21 of

51 2718 152 22 colonization
214 2721 22 17 to
245 2717 98 27 proceed
353 2721 22 18 at
387 2718 38 22 the
438 2722 99 23 greatest
549 2718 98 27 possible

51 2749 54 17 rate.
135 2745 55 21 And
197 2744 44 22 this
248 2745 20 21 is
275 2744 38 21 the
320 2745 86 21 second
414 2745 88 22 feature
513 2746 25 21 of
549 2745 39 22 the
597 2753 51 14 new

50 2777 93 22 system.

76 2806 51 21 The
136 2804 156 28 employment
301 2804 27 21 of
342 2803 39 22 the
396 2804 211 28 purchase-money,
623 2813 26 13 or

52 2832 36 21 the
99 2831 109 28 principal
220 2834 49 24 part
279 2831 26 20 of
316 2831 24 26 it,
351 2831 23 21 in
386 2832 127 26 conveying
523 2832 87 21 settlers
624 2835 23 18 to

52 2859 36 21 the
99 2858 90 27 colony,
200 2858 41 21 has
250 2857 39 22 the
299 2857 116 27 following
424 2858 85 22 effects.
538 2858 23 22 It
570 2858 78 22 makes

52 2885 36 22 the
104 2884 133 28 purchasers
252 2884 27 21 of
295 2884 53 21 land
363 2891 37 15 see
416 2884 93 28 plainly,
525 2885 49 22 that
589 2885 59 22 their

53 2919 82 20 money
147 2912 42 21 will
200 2911 27 21 be
237 2911 109 22 returned
354 2911 23 21 in
393 2911 38 22 the
445 2912 70 27 shape
527 2912 26 21 of
567 2912 82 21 labour

51 2939 45 21 and
106 2938 138 28 population.
275 2938 23 21 It
307 2938 72 26 tends,
396 2938 23 21 in
429 2938 53 27 fact,
499 2942 22 17 to
530 2938 68 22 lower
608 2938 39 22 the

52 2973 118 19 necessary
189 2964 108 23 standard
316 2964 26 21 of
358 2964 69 28 price,
443 2965 103 27 because,
565 2965 54 22 with
634 2973 14 14 a

50 2996 106 18 constant
165 2992 73 22 influx
248 2991 26 22 of
287 2991 78 26 people
375 2995 23 18 to
409 2991 38 22 the
457 2992 89 27 colony,
555 2991 38 22 the
603 2992 44 22 due

51 3024 129 23 proportion
188 3025 100 16 netween
296 3024 79 22 people
383 3018 45 22 and
437 3019 54 22 land
498 3026 51 20 may
556 3019 29 21 be
592 3019 55 27 kept

52 3054 28 20 up
90 3047 31 26 by
132 3054 13 13 a
154 3046 68 21 lower
231 3046 68 27 price,
312 3046 55 21 than
376 3046 22 21 if
410 3045 63 22 there
484 3053 56 15 were
551 3053 29 14 no
590 3046 56 22 such

52 3073 151 27 immigration
210 3088 5 5 .
236 3073 21 20 It
268 3072 111 22 therefore
386 3072 132 23 diminishes
525 3072 37 23 the
569 3073 79 27 period

53 3100 81 26 during
144 3099 72 22 which
227 3099 38 21 the
273 3099 106 22 labourer
392 3103 61 18 must
465 3100 60 21 work
541 3100 34 21 for
589 3100 57 27 hire,

53 3126 44 22 and
106 3127 31 27 by
148 3126 38 21 the
200 3126 63 26 rapid
278 3133 101 21 progress
396 3126 73 23 which
483 3128 19 21 it
515 3127 94 27 imparts
624 3130 23 19 to

52 3154 38 21 the
99 3154 50 21 best
159 3156 47 18 sort
214 3152 26 21 of
251 3152 159 28 colonization,
425 3154 18 21 it
457 3154 103 27 explains
575 3157 23 18 to
608 3154 39 21 the

52 3180 118 26 labouring
180 3179 57 22 class
247 3179 26 21 of
280 3179 148 27 immigrants,
440 3180 48 22 that
497 3187 68 21 every
573 3188 43 15 one
624 3181 27 21 of

52 3207 61 22 them
128 3206 50 23 who
194 3206 20 21 is
228 3205 139 22 industrious
383 3206 46 22 and
445 3206 86 28 thrifty,
548 3215 54 19 may
618 3208 29 21 be

50 3241 51 15 sure
111 3237 24 18 to
145 3234 93 21 become
250 3236 42 17 not
306 3232 86 28 merely
407 3240 28 14 an
452 3241 76 14 owner
542 3234 27 21 of
583 3234 63 27 land,

52 3261 40 22 but
107 3260 48 23 also
171 3260 25 21 in
215 3259 35 22 his
270 3262 60 23 turn,
351 3266 29 14 an
401 3260 117 27 employer
535 3261 28 21 of
581 3260 66 23 hired

50 3288 124 24 labourers,
186 3294 12 15 a
208 3289 84 19 master
301 3286 26 21 of
338 3290 109 17 servants.

79 3315 67 22 From
156 3314 63 21 these
229 3312 186 27 considerations,
429 3312 39 22 the
478 3314 117 27 Company
605 3314 42 22 has

51 3341 98 29 adopted
168 3340 39 23 the
222 3347 63 14 same
302 3343 84 24 system
403 3339 26 21 of
445 3339 116 28 disposing
575 3341 27 21 of
617 3342 30 21 its

52 3372 67 19 waste
131 3368 74 26 lands,
221 3375 23 14 as
260 3366 41 23 has
315 3366 93 28 already
422 3366 86 27 proved
521 3366 79 28 highly
612 3368 35 21 fa-

51 3395 107 22 vourable
172 3398 23 19 to
210 3394 37 22 the
262 3393 185 29 productiveness
462 3393 26 22 of
503 3394 104 27 industry
621 3395 23 22 in

50 3422 71 23 South
132 3421 123 23 Australia.
285 3420 27 22 In
323 3428 14 14 a
348 3427 49 15 new
408 3420 89 26 colony,
513 3420 94 27 planted
621 3422 24 21 in

50 3457 13 14 a
71 3449 75 22 fertile
156 3449 46 22 and
217 3448 117 22 extensive
348 3447 113 26 territory,
478 3448 18 20 it
510 3447 18 21 is
542 3447 102 28 obvious,

50 3476 48 22 that
118 3476 37 22 the
171 3474 173 24 establishment
358 3474 27 21 of
400 3474 56 21 such
471 3481 15 14 a
500 3477 82 24 system
598 3474 19 21 is
633 3482 14 14 a

50 3507 81 18 matter
148 3503 26 22 of
191 3502 38 22 the
245 3502 94 27 deepest
356 3504 103 18 moment
476 3504 23 18 to
516 3500 37 22 the
569 3500 76 23 future

50 3530 89 22 welfare
151 3530 26 21 of
189 3529 94 28 society.
336 3528 67 21 From
418 3527 18 22 it
450 3526 39 23 the
504 3527 50 22 best
568 3528 78 21 effects

49 3565 51 23 may
110 3556 54 22 with
174 3556 132 22 confidence
315 3555 29 22 be
354 3554 150 28 anticipated:
521 3561 13 14 a
540 3558 106 18 constant

50 3585 42 20 and
102 3583 91 27 regular
201 3583 82 27 supply
294 3582 26 22 of
330 3589 50 14 new
390 3581 55 22 land
454 3581 24 22 in
494 3580 43 23 due
551 3588 94 20 propor-

44 3612 47 21 tion
102 3614 25 18 to
136 3610 39 22 the
194 3613 72 18 wants
274 3610 27 21 of
311 3617 14 14 a
333 3608 132 29 population
478 3608 127 26 increasing
615 3608 32 28 by

45 3638 72 21 births
127 3637 45 22 and
187 3637 153 27 immigration
347 3645 5 17 ;
370 3635 32 22 all
417 3635 37 22 the
471 3634 136 28 advantages
622 3639 23 18 to

47 3664 72 22 which
130 3663 103 22 facilities
242 3664 27 21 of
279 3666 114 25 transport
400 3662 46 22 and
452 3662 192 21 communication

45 3699 38 14 are
94 3690 106 23 essential
208 3698 5 18 ;
229 3690 112 26 certainty
354 3690 27 21 of
391 3690 78 26 limits,
485 3688 46 22 and
545 3688 100 27 security

45 3718 27 21 of
83 3718 49 21 title
142 3721 23 18 to
175 3720 106 24 property
291 3716 22 22 in
328 3716 56 22 land
390 3725 5 17 ;
412 3716 38 22 the
459 3718 100 25 greatest
570 3715 74 22 facili-

44 3745 42 21 ties
96 3751 30 14 on
136 3744 118 27 acquiring
264 3743 37 22 the
313 3742 44 23 due
367 3743 116 28 quantity;
499 3742 37 22 the
546 3745 100 23 greatest

44 3774 193 24 encouragement
249 3773 23 18 to
283 3770 152 27 immigration
446 3770 47 22 and
502 3769 141 27 settlement;

45 3798 45 21 and
105 3797 39 22 the
159 3800 58 19 most
230 3796 65 28 rapid
310 3804 104 20 progress
429 3797 26 21 of
471 3796 38 22 the
523 3796 80 28 people
617 3796 25 23 in

44 3824 103 23 material
156 3824 97 21 comfort
262 3823 45 22 and
317 3824 70 21 social

154 3878 100 21 BILLS
268 3878 43 21 OF
327 3877 208 22 EXCHANGE.

47 3914 167 49 PRINTED
228 3913 106 22 FORMS
349 3913 61 22 FOR
425 3913 80 22 SALE
518 3913 43 23 AT
574 3913 66 22 THE

121 3940 111 23 OFFICE
246 3940 41 23 OF
300 3940 74 23 THIS
389 3940 110 23 PAPER.

73 3967 134 23 November
214 3968 20 27 4,
247 3968 40 25 184
287 3968 27 25 a.
648 3970 6 13 *
