2529 4050
1277 134 53 30 yaijd
1347 135 29 23 .in
1392 139 70 21 .some'
1479 136 172 31 unfrequented,
1671 142 39 25 ye,t
1729 139 135 22 convenient

1274 163 94 35 •part;'of
1383 168 39 23 the
1444 173 66 20 town.
1557 169 61 28 And,
1637 169 30 31 by
1686 169 109 33 adopting
1817 172 45 22 this

1279 200 110 31 principal
1401 201 25 23 of
1448 202 177 28 concentration,
1644 202 39 24 the
1841 204 24 23 of

1279 233 44 27 the.
1340 233 118 31 Inspector
1480 234 74 25 would
1575 234 37 24 be-
1625 235 89 31 greatly
1737 236 125 25 increased.

1277 265 44 24 •We
1331 267 70 23 certai
1419 266 23 31 ly
1454 267 84 23 incline
1558 273 22 18 to
1602 268 37 23 the
1658 268 125 32 advantage
1803 270 26 23 of
1851 278 14 15 a

1280 299 74 31 public
1366 300 117 30 slaughter
1495 301 79 28 house,
1583 302 21 21 in
1614 301 131 32 preference
1754 307 21 18 to
1786 302 77 23 allow-

1279 333 39 29 ing
1328 332 117 24 butchers'
1457 339 24 17 to
1500 333 43 24 kill
1562 335 74 22 where
1655 334 54 32 they
1729 335 76 30 please
1815 334 50 31 ;~'t>t

1279 365 38 23 the
1334 374 63 15 same
1415 367 63 27 time,
1493 374 26 15 as
1540 374 32 16 we
1593 367 55 23 have
1669 367 90 31 alrea'y
1782 369 81 28 stated,

1280 405 31 16 we
1329 398 69 24 think
1418 400 24 28 it,
1452 400 86 25 better,
1547 402 50 21 first
1604 405 31 19 .to
1654 405 35 27 try
1710 401 99 23 whether
1828 402 36 23 in-

1279 433 101 28 spection
1394 440 42 15 can
1452 433 27 23 be
1498 432 120 24 rendered'
1628 429 120 33 efficient,''
1754 435 52 23 with
1826 434 39 24 the

1281 465 134 29 permission
1436 471 21 18 to
1477 473 42 16 use
1538 466 87 31 private
1643 464 187 27 establishments
1843 468 29 23 of.

1282 497 38 24 the
1331 494 66 28 kind.

1314 548 50 24 The
1375 548 121 25 Susannah
1507 549 54 24 Ann
1572 550 88 24 arrived
1677 555 25 19 at
1712 551 73 23 Mana
1797 556 25 19 at
1830 554 35 23 ,10

1281 581 86 24 o'clock
1377 590 29 15 on
1420 582 93 32 Suuday
1526 582 52 28 last,
1592 583 84 32 having
1688 584 42 23 left
1745 584 85 24 Nelson
1843 590 23 18 at

1284 616 28 21 12
1324 615 88 23 o'clock
1430 616 39 23 the
1489 617 122 30 preceding
1630 616 51 31 day.
1729 618 23 23 A
1770 626 95 22 passen-

1271 655 50 23 ger
1332 648 49 23 who
1394 648 87 24 walked
1493 650 24 23 in
1529 650 57 23 from
1601 650 95 23 Porirua
1713 650 95 25 informs
1829 660 36 19 us,

1281 680 47 24 that
1339 681 37 23 the
1389 687 72 19 cutler
1474 682 125 29 Pickwick,
1611 683 58 23 from
1679 683 46 23 this
1744 690 59 24 port,
1823 684 44 24 had

1281 714 87 23 arrived
1381 720 23 17 at
1417 715 95 24 Nelson.
1552 712 68 35 Upon
1634 716 38 23 the
1684 722 85 26 receipt
1781 718 26 23 of
1829 718 37 23 the

1282 754 58 16 news
1362 748 28 29 by
1408 748 40 23 her
1468 748 25 23 of
1517 748 39 24 the
1575 749 125 23 disastrous
1716 749 41 24 fire
1774 758 23 16 in
1822 751 45 23 this

1282 780 68 31 place,
1364 788 13 15 a
1386 782 100 30 meeting
1496 789 46 16 was
1553 782 69 23 called
1638 782 43 23 and
1692 791 12 14 a
1714 783 152 31 subscription

1281 813 144 24 commenced
1437 814 120 24 owbehalf
1571 815 26 23 of
1611 815 37 23 the
1660 815 114 25 sufferers.

1302 847 110 31 .Captain
1436 847 140 24 Wakefield'
1588 849 42 22 and
1653 849 50 24 Mr.
1733 849 133 32 Thompson

1282 880 42 23 had
1345 880 124 31 proceeded
1493 886 22 18 to
1540 882 116 23 Massacre
1677 882 59 31 Bay,
1751 883 21 23 in
1785 892 80 16 conse-

1281 921 85 23 quence
1386 914 25 23 of
1427 914 37 23 the
1484 915 85 31 parties
1589 915 120 31 collecting
1727 916 47 23 coal
1799 918 68 31 being

1282 947 107 24 molested
1401 948 24 22 in
1439 948 63 26 theic
1509 948 90 31 pursuit
1610 948 27 33 by
1651 948 37 24 the
1702 949 102 25 natives.'

1315 1005 93 24 BiitTH.
1410 1018 33 4 —
1446 1005 37 24 On
1505 1005 109 32 Monday;
1635 1006 128 25 November
1785 1010 41 27 21,
1844 1014 23 19 at

1281 1036 78 25 Dixon
1381 1039 91 27 Streety
1484 1040 35 23 Te
1531 1040 57 28 Aro,
1610 1040 37 24 the
1667 1040 49 24 wife
1729 1041 25 23 of
1762 1036 14 30 '
1776 1036 42 30 Mr.
1838 1043 26 23 S.

1284 1068 224 38 Maxtoiyof'ason.

1338 1139 3 7 .
1362 1126 74 23 FIRE
1458 1127 113 23 RELIEF
1590 1129 193 23 COMMITTEE.

1308 1153 21 22 It
1338 1160 19 14 13
1372 1153 142 28 respectfully
1519 1161 44 21 'i-eq
1566 1155 80 26 nested,
1660 1156 47 21 that
1721 1157 52 21 such
1791 1157 26 22 of
1829 1159 36 20 the

1281 1179 141 27 agricultural
1432 1181 44 21 and
1488 1181 64 22 other
1559 1181 85 22 settlers
1650 1186 23 17 at
1681 1183 83 26 Petoni,
1773 1184 92 27 Aglioo-

1281 1207 34 26 by,
1328 1207 43 21 and
1383 1207 36 21 the
1430 1207 85 22 district
1526 1209 26 20 of
1559 1208 36 22 the
1606 1208 68 22 River
1679 1209 59 22 Hutt
1745 1211 120 27 generally,

1282 1233 47 22 who
1340 1233 56 23 have
1411 1240 40 16 not
1466 1239 38 28 yet
1521 1234 43 22 had
1580 1235 52 21 time
1648 1238 21 18 to
1685 1243 64 15 come
1764 1238 102 25 forward,

1281 1261 40 21 will
1333 1268 49 14 now
1392 1261 57 22 have
1461 1266 36 16 trie
1512 1261 110 26 goodness
1641 1266 21 17 to
1676 1270 43 20 pay
1729 1263 56 22 their
1796 1264 69 22 chari-

1280 1288 56 22 table
1348 1288 161 22 contributions
1519 1296 24 14 as
1554 1296 52 14 so'tn
1616 1296 24 13 as
1651 1290 103 27 possible,
1765 1290 21 21 in
1798 1292 38 20 aid
1844 1292 25 21 of

1281 1314 35 22 ihe
1329 1315 65 22 funds
1405 1315 34 22 for
1448 1315 110 27 relieving
1568 1315 37 22 the
1618 1316 103 22 sufferers
1737 1317 28 27 by
1776 1318 37 21 the
1823 1317 43 23 Lite

1280 1341 79 23 calatni
1362 1349 6 10 r
1369 1350 21 19 y.

1307 1369 50 22 And
1368 1374 15 16 it
1390 1369 159 28 isconfidently
1557 1370 103 33 expected
1669 1370 88 23 thdtthe
1764 1379 101 21 sawyers,

1280 1397 42 20 and
1333 1395 63 22 other
1409 1397 114 22 workmen
1539 1404 21 15 in
1578 1391 45 28 that
1638 1402 49 22 part
1701 1398 27 22 «<f
1739 1398 36 22 the
1791 1400 76 21 settle-

1281 1427 66 22 ment,
1364 1423 52 27 will,
1433 1431 25 14 as
1472 1425 35 20 far
1523 1431 24 14 as
1564 1424 54 22 their
1633 1431 78 16 means
1729 1433 50 20 may
1794 1426 71 26 allow,

1278 1449 59 22 show
1354 1457 13 14 a
1385 1450 123 32 feelingj^of
1529 1451 63 27 deep,
1608 1452 78 26 united,
1702 1453 46 22 and
1767 1453 99 22 effective

1279 1477 117 27 sympathy
1404 1477 53 22 with
1468 1477 68 27 those,
1549 1478 47 22 who
1608 1480 20 21 in
1641 1479 140 27 Wellington,
1790 1480 76 28 (many

1280 1503 25 22 of
1312 1504 70 27 them)
1395 1503 60 23 h.ive'
1463 1504 42 22 lost
1513 1504 58 23 their
1581 1504 55 23 all—
1639 1507 27 31 by
1676 1506 189 23 coutribmionsiii

1280 1531 79 21 limber
1375 1532 25 21 of
1421 1539 44 19 any
1482 1532 96 21 suitable
1596 1532 148 28 descriptions,
1763 1534 71 22 where
1850 1536 17 21 it

1281 1565 50 20 niay
1340 1562 38 17 not
1389 1558 26 22 be
1425 1565 24 15 so
1459 1559 133 21 convenient
1604 1564 19 18 to
1639 1567 62 21 spare
1713 1568 93 20 money;
1822 1568 44 21 any

1279 1584 36 23 aid
1326 1586 22 20 in
1366 1584 37 23 the
1419 1585 68 26 shape
1503 1586 25 21 of
1541 1586 100 28 building
1651 1588 112 21 materials
1778 1587 43 22 will
1840 1590 34 20 be'

1280 1612 87 27 equally
1379 1612 70 22 useful
1460 1612 44 21 and
1514 1614 134 27 acceptab'e.
1870 1612 6 10 ''

1305 1639 47 22 The
1364 1639 132 22 Committee
1507 1640 57 22 have
1573 1644 63 23 great
1645 1641 100 27 pleasure
1754 1642 21 21 in
1786 1642 81 26 statin?

1281 1666 46 21 that
1337 1666 36 21 the
1385 1666 127 23 mechanics
1528 1667 43 21 and
1589 1668 61 22 other
1662 1668 109 22 workmen
1783 1677 27 14 on
1825 1669 42 22 this

1279 1693 45 22 side
1336 1692 25 22 of
1373 1692 36 22 the
1426 1693 54 27 Bay,
1496 1701 39 14 are
1550 1694 76 26 taking
1640 1703 112 14 measures
1766 1701 21 16 to
1804 1696 62 27 place

1279 1720 121 27 gratuitous
1408 1720 77 21 labour
1492 1725 23 16 to
1526 1728 13 13 a
1545 1722 151 22 considerable
1704 1727 83 21 extent,
1800 1727 22 18 at
1830 1724 36 21 the

1280 1747 92 26 disposal
1384 1747 25 21 of
1422 1748 37 21 the
1470 1747 140 28 Committee,
1627 1754 22 15 to
1666 1750 63 21 assist
1744 1750 62 21 those
1819 1758 48 20 per-

1279 1781 51 14 sons
1341 1774 68 21 burnt
1418 1781 45 19 our,
1476 1774 48 21 who
1540 1774 57 23 have
1613 1776 86 27 applied
1710 1776 34 22 for
1759 1777 54 21 such
1823 1778 42 27 aid,

1280 1802 21 21 in
1314 1801 124 27 rebuilding
1451 1801 55 22 their
1516 1802 65 28 shops
1591 1805 42 19 and
1645 1802 85 23 houses.

1442 1828 34 27 By
1487 1828 65 22 order
1562 1829 24 21 of
1598 1829 35 22 the
1645 1830 139 27 Committee',

1284 1865 3 8 i
1505 1856 98 21 George
1615 1857 106 28 Hunter,
1738 1858 127 22 Chairman.

1307 1882 129 28 Exchange,
1448 1882 58 22 Nov.
1517 1884 34 24 21,
1564 1885 59 20 1342.

1282 1910 100 21 Amount
1391 1910 27 21 of
1427 1909 52 28 paid
1489 1917 30 19 up
1536 1910 158 28 subscriptions
1710 1912 117 27 published
1844 1913 23 22 in

1285 1950 3 5 •
1307 1937 135 27 yesterday's
1462 1936 89 22 Colonist
1723 1940 61 21 £312
1813 1941 12 20 9
1854 1943 12 18 8

1279 1963 44 22 Mr.
1340 1964 101 26 Stafford,
1455 1964 83 26 (tailor)
1773 1969 12 19 0
1801 1968 26 20 10
1855 1969 12 20 0

1280 1990 51 32 Mr.^
1337 1991 84 21 Robert
1430 1991 87 21 Branks
1602 1999 18 20 a>
1773 1995 54 20 0-6
1855 1997 12 19 0

1279 2017 27 22 In
1317 2016 44 23 lieu
1372 2019 26 20 of
1409 2025 13 14 a
1432 2025 64 20 gown
1507 2018 64 27 piece
1591 2021 3 11 '
1773 2021 14 21 0
1815 2022 12 20 7
1855 2023 12 19 0

1281 2070 25 22 In
1319 2071 36 21 the
1367 2071 65 22 Bank
1442 2076 23 17 at
1474 2073 13 21 3
1505 2072 85 21 o'clock
1606 2073 178 31 yesfetday.£3l3
1800 2075 26 21 12
1855 2077 12 19 8

1306 2098 164 27 Subscriptions
1485 2098 111 25 promised
1611 2096 22 23 irf
1648 2099 89 26 specific
1749 2106 68 19 sums,
1828 2107 39 15 ex-

1278 2124 79 28 pected
1369 2129 21 16 to
1402 2126 26 20 be
1439 2124 51 28 paid
1501 2124 68 28 eaily,
1578 2125 43 21 and
1630 2125 64 22 when
1705 2133 23 13 so
1740 2126 36 22 the
1785 2127 92 28 parties'

1280 2158 76 14 names
1362 2152 152 26 contiibuting
1523 2153 42 19 wili
1575 2152 26 20 be
1610 2152 122 27 published,
1740 2153 47 24 £43
1792 2155 31 20 35.
1830 2154 35 22 6d.

1305 2201 35 22 On
1347 2200 118 29 Thursday
1472 2202 97 26 evening
1580 2202 40 21 last
1626 2210 11 13 a
1648 2203 90 26 general
1746 2202 69 23 alarm
1824 2211 43 15 was

1277 2228 116 28 prevalent
1412 2229 23 21 in
1454 2235 151 21 consequence
1625 2230 25 21 of
1664 2237 14 14 a
1698 2230 39 22 iiie
1757 2230 47 22 ihat
1824 2238 43 15 was

1278 2256 78 26 raging
1372 2255 24 22 in
1412 2255 36 22 the
1466 2256 53 21 bush
1531 2261 23 16 at
1571 2256 37 21 the
1623 2256 56 22 back
1690 2257 26 20 of
1731 2257 134 28 Wellington

1278 2282 102 27 Terrace,
1398 2283 46 22 said
1457 2288 20 16 to
1496 2283 56 22 have
1571 2284 54 21 been
1637 2284 81 21 caused
1733 2285 30 27 by
1774 2285 35 21 the
1828 2293 38 13 na-

1277 2310 56 21 tives
1343 2309 64 22 while
1423 2309 86 28 cutting
1525 2310 102 22 firewood
1638 2310 34 21 for
1688 2310 37 23 the
1741 2319 37 14 use
1790 2312 26 21 of
1829 2312 36 22 the

1276 2336 144 23 inhabitants.
1449 2336 41 22 We
1503 2337 73 22 would
1582 2338 74 21 advise
1667 2338 36 21 the
1710 2338 128 22 authorities
1844 2343 21 17 to

1278 2364 88 21 caution
1377 2364 61 21 them
1449 2369 39 16 not
1503 2368 22 17 to
1536 2364 63 22 leave
1615 2364 35 22 the
1662 2366 37 20 fire
1716 2366 22 21 in
1749 2373 14 13 a
1773 2366 93 22 careless

1279 2398 52 20 way,
1349 2398 24 14 as
1384 2392 38 21 the
1437 2391 121 27 igniteable
1569 2395 56 18 state
1635 2392 25 21 of
1676 2393 36 21 the
1724 2392 55 22 bush
1789 2398 22 16 at
1823 2393 42 22 this

1278 2418 53 21 time
1343 2418 25 21 of
1375 2418 38 22 the
1423 2425 58 21 year,
1499 2419 45 21 and
1556 2419 38 21 the
1604 2418 51 28 high
1674 2420 67 21 winds
1757 2420 47 22 that
1814 2427 51 15 con-

1277 2444 92 27 tinually
1386 2445 62 25 blow,
1467 2452 50 21 may
1533 2453 66 14 cause
1615 2446 15 21 it
1645 2452 21 16 to
1681 2446 80 29 spread
1773 2447 34 21 far
1822 2447 43 22 and

1279 2471 61 23 wide.
1342 2483 26 4 —
1369 2473 53 20 J\ew
1431 2473 94 21 Zealand
1538 2473 96 22 Colonist!

1305 2498 40 22 We
1356 2507 41 14 can
1414 2500 96 22 likewise
1522 2507 97 15 mention
1631 2506 41 16 two
1683 2500 63 22 other
1756 2500 109 23 instances

1276 2525 26 22 of
1316 2526 69 22 alarm
1401 2527 47 21 that
1463 2527 107 22 occurred
1587 2527 40 22 last
1636 2528 61 21 week
1709 2529 34 21 viz
1750 2536 6 14 :
1757 2539 27 4 —
1785 2536 42 14 one
1843 2534 21 16 at

1277 2553 72 27 Major
1361 2553 101 26 Baker's,
1474 2554 43 22 and
1528 2554 38 22 the
1574 2554 61 22 other
1645 2560 20 16 at
1674 2555 44 21 Mr.
1730 2555 134 23 Macbeth's.

1270 2580 160 28 'Fortunately,
1444 2576 51 33 they
1505 2588 56 14 were
1571 2581 54 22 both
1634 2582 156 27 extinguished
1803 2582 62 22 with-

1276 2611 39 17 out
1324 2608 66 22 much
1402 2609 100 26 damage.
1505 2619 27 4 —
1532 2609 55 21 Ibid.

1304 2635 31 21 At
1345 2642 28 14 an
1383 2635 61 27 early
1456 2635 56 22 hour
1524 2635 117 28 yesterday
1652 2637 111 28 morning,
1825 2645 40 20 pa-

1265 2673 3 4 ■
1276 2661 56 27 lings
1343 2662 145 27 surrounding
1498 2670 14 14 a
1521 2662 77 25 house,
1609 2663 79 21 situate
1696 2670 54 15 near
1761 2664 36 22 the
1809 2664 55 22 bush

1275 2688 73 22 where
1359 2689 37 23 the
1406 2689 40 23 fire
1458 2696 43 15 was
1516 2691 80 26 raging
1606 2690 35 22 the
1651 2689 63 23 other
1727 2691 68 26 night,
1808 2698 56 14 were

1276 2717 130 21 discovered
1423 2721 20 17 to
1458 2717 27 21 be
1503 2724 30 15 on
1543 2713 47 28 fire,
1603 2717 69 22 which
1688 2717 19 21 i-?
1719 2718 108 27 supposed
1844 2722 21 18 to

1277 2743 54 22 have
1343 2743 70 23 arisen
1427 2745 54 21 from
1492 2751 62 15 some
1568 2745 83 21 embers
1662 2744 47 22 that
1722 2745 58 21 have
1792 2745 72 21 blown

1275 2770 56 22 from
1343 2770 37 22 the
1392 2771 62 22 bush.
1456 2782 27 5 —
1483 2772 55 20 Ibid.
1638 2780 8 10 *

1305 2797 35 22 On
1361 2798 81 28 Friday
1462 2799 102 26 mid-day
1583 2799 38 22 the
1637 2799 55 27 long
1710 2799 53 22 boat
1781 2801 25 20 of
1827 2799 38 22 the

1277 2826 84 25 Magnet
1373 2832 42 15 was
1433 2830 65 23 upset
1514 2833 54 15 soon
1583 2827 54 21 after
1647 2826 88 27 leaving
1745 2826 36 22 the
1790 2827 74 26 shore,

1277 2854 73 26 owing
1360 2858 21 16 to
1397 2853 37 21 the
1445 2853 102 27 quantity
1559 2853 25 22 of
1597 2860 86 20 canvas,
1701 2855 42 20 an.l
1760 2853 36 22 the
1808 2854 57 21 bois-

1278 2881 80 20 terious
1374 2884 56 17 state
1442 2881 25 20 of
1479 2880 37 21 the
1535 2880 58 21 wind
1610 2886 22 15 at
1646 2881 38 20 the
1792 2881 73 22 Three

1277 2907 76 21 sailors
1365 2914 57 14 were
1436 2907 121 22 immersed
1566 2908 23 21 in
1601 2907 35 22 the
1647 2913 73 20 water,
1738 2908 39 21 but
1787 2916 31 14 we
1829 2915 37 14 are

1276 2934 51 27 glad
1338 2938 22 17 to
1370 2934 50 25 add,
1434 2933 47 23 that
1499 2941 29 14 no
1540 2934 54 22 lives
1609 2941 54 15 were
1673 2934 50 23 lost,
1757 2935 41 22 ihe
1815 2936 52 21 boat

1279 2968 42 14 was
1331 2961 127 22 afterwards
1476 2961 71 22 raised
1557 2962 45 21 and
1619 2962 93 27 brought
1727 2969 28 15 on
1767 2962 70 22 shore.
1839 2974 28 4 —

1276 2989 54 21 Ibid.

1567 3017 18 13 ♦

1278 3044 105 22 HALF-
1387 3044 144 22 YEARLY
1556 3044 142 23 REPORT
1724 3044 44 23 OF
1792 3044 73 23 THE

1351 3081 229 24 MECHANICS'
1589 3081 199 24 INSTITUTE.

1481 3122 144 18 NOVEMBER
1638 3117 24 24 7.
1672 3132 2 5 ■

1304 3167 26 22 In
1341 3170 131 25 presenting
1488 3168 37 22 the
1541 3169 48 21 first
1603 3168 132 27 half-yearly
1747 3168 83 27 Report
1845 3169 25 21 of

1277 3194 36 22 the
1325 3195 53 21 Port
1388 3195 124 21 Nicholson
1524 3195 138 22 Mechanics'
1671 3195 109 21 insiiiute.
1789 3195 78 23 Public

1276 3222 85 25 School,
1375 3223 42 21 and
1429 3222 100 27 Library,
1542 3226 22 17 to
1575 3223 29 20 its
1614 3222 135 21 subscribers
1759 3223 45 21 and
1815 3229 52 21 Mip-

1274 3253 92 23 porters,
1383 3249 38 21 the
1438 3251 131 19 Committee
1589 3248 67 22 would
1673 3249 135 27 enter'lully
1818 3249 48 22 into

1275 3284 28 14 an
1315 3275 144 28 explanation
1471 3275 25 21 of
1503 3275 39 21 the
1557 3275 64 28 plans
1631 3275 50 27 they
1694 3275 57 22 have
1762 3275 111 29 adopted,'

1275 3303 46 21 and
1336 3302 25 23 of
1375 3300 71 24 those'
1455 3309 112 15 measures
1583 3302 51 28 they
1643 3305 38 24 yet
1691 3303 58 28 hope
1765 3307 22 18 to
1803 3311 62 20 carry

1275 3335 46 17 out.

1302 3357 52 23 The
1368 3357 133 22 Institute.
1503 3368 27 4 —
1531 3356 34 22 To
1570 3357 90 26 .render
1676 3357 43 21 this
1735 3361 49 24 part
1794 3357 25 22 of
1829 3357 37 23 the

1275 3384 68 27 aff.iir,
1356 3383 115 22 entrusted
1489 3387 21 18 to
1520 3390 58 21 your
1594 3384 136 27 Committee,
1749 3385 115 22 beneficial

1274 3411 53 27 they
1340 3410 118 29 presented
1477 3410 37 22 the
1532 3410 82 27 public,
1627 3415 20 18 at
1663 3411 37 21 the
1716 3415 78 24 outset,
1814 3413 50 21 with

1274 3439 50 21 four
1335 3438 95 22 lectures
1444 3437 28 21 o£
1486 3445 28 14 an
1531 3437 125 23 individual
1666 3438 46 22 and
1727 3441 138 26 appropriate

1275 3465 122 22 character.
1427 3464 45 22 Mr.
1488 3465 22 21 J.
1523 3465 139 26 Woodward,
1672 3465 24 22 in
1714 3465 37 22 the
1761 3465 56 28 first,'

1275 3500 26 14 co
1304 3493 35 26 ml,
1353 3489 43 25 mid
1408 3491 66 27 third,
1488 3493 93 21 entered
1596 3492 46 22 into
1660 3493 36 21 the
1712 3494 90 25 general
1813 3494 52 22 sub-

1271 3520 48 27 ject
1335 3519 25 22 of
1373 3518 126 27 education,
1517 3519 38 21 the
1572 3519 130 23 instruction
1719 3521 25 20 of
1757 3520 107 29 children,

1274 3545 123 23 illustrated
1416 3545 28 26 by
1455 3545 102 28 example
1573 3546 45 22 and
1634 3547 138 27 comparison
1789 3549 26 20 of
1828 3548 37 22 the

1275 3574 87 22 various
1373 3573 91 26 popular
1476 3572 113 28 methods;
1605 3573 43 21 and
1658 3574 65 22 adult
1737 3574 127 29 education,

1275 3608 25 14 or
1309 3608 13 14 a
1333 3600 112 27 summing
1455 3607 29 20 up
1500 3601 26 20 of
1538 3599 38 23 the
1589 3600 90 23 jTaiious
1694 3601 64 28 plans
1768 3601 34 22 for
1813 3602 51 22 self-

1274 3627 87 23 culture
1371 3627 80 22 whiclr
1458 3626 56 22 have
1531 3634 27 16 or,
1571 3634 39 14 are
1627 3627 111 28 receiving
1754 3633 111 18 attention

1269 3654 27 25 ,in
1318 3655 95 22 Euroje.
1442 3654 34 21 As
1495 3661 13 14 a
1522 3655 69 25 finale
1611 3658 22 18 to
1650 3655 62 21 these
1733 3657 132 27 interesting

1272 3681 103 27 lectures,
1392 3681 40 22 Dr.
1447 3680 104 22 Hansard
1566 3681 142 22 volunteered
1726 3689 42 14 one
1786 3690 27 15 on
1827 3683 37 22 the

1268 3709 140 28 -application
1435 3708 24 22 of
1481 3707 137 23 self-culture
1643 3714 21 15 to
1691 3708 36 22 the
1751 3710 66 27 study
1842 3711 26 21 of

1273 3737 105 21 sciences.
1409 3735 36 22 G..
1451 3735 78 26 White,
1538 3735 61 28 Esq.,
1611 3735 57 26 J.P.,
1680 3735 39 22 has
1728 3736 111 23 delivered
1851 3745 13 14 a

1274 3770 76 15 course
1360 3763 26 20 of
1392 3769 67 15 seven
1473 3768 93 15 .ectures
1577 3769 28 14 on
1622 3762 106 22 Political
1739 3764 123 27 Economy,

1273 3790 22 21 in
1314 3790 93 27 especial
1425 3789 114 22 reference
1559 3794 20 16 to
1596 3789 37 22 the
1650 3789 171 24 circumstances
1841 3792 26 20 of

1269 3816 60 23 'New
1348 3816 108 23 Zealand.
1494 3817 41 20 Dr.
1557 3816 39 23 Kn
1613 3823 28 19 x,-
1653 3820 43 19 two
1716 3825 28 14 on
1768 3818 96 28 Popular

1274 3843 142 28 Physiology.
1448 3843 35 21 W.
1495 3843 24 22 15.
1535 3843 31 22 D.
1583 3843 102 28 Mantell,
1704 3844 60 28 Esq.,
1778 3852 42 15 one
1835 3852 28 15 on

1274 3870 115 29 Geology;
1406 3870 43 23 and
1467 3872 33 20 W.
1513 3870 74 28 Lyon,
1606 3870 59 28 Esq.,
1677 3871 94 22 another
1782 3879 27 14 on
1825 3872 47 22 the<
1881 3875 2 13 '

1272 3905 63 15 same
1344 3898 97 22 science.
1469 3897 28 22 In
1514 3897 29 22 alt
1561 3897 38 22 the
1614 3897 100 27 lectures,
1726 3905 58 21 your
1797 3899 67 22 Com-

1271 3926 78 21 mittee
1363 3924 59 23 have
1439 3924 127 28 constantly
1581 3924 56 28 kept
1649 3924 23 22 in
1683 3924 56 23 view
1752 3925 39 22 the
1806 3925 58 23 class

1272 3952 27 21 of
1304 3958 93 20 persons
1408 3955 22 19 to
1444 3952 73 21 whom
1536 3952 53 28 they
1599 3958 56 16 were
1671 3955 23 18 to
1703 3951 30 23 be
1743 3952 121 23 addressed

1271 3977 67 24 —the
1356 3978 121 28 labouring
1493 3978 89 29 portion
1607 3978 27 22 of
1651 3978 42 23 the
1717 3979 144 28 community.

1890 135 89 29 Always
1989 137 93 28 seeking
2091 138 60 23 their
2160 139 117 28 elevation,
2284 149 56 20 your
2349 142 132 26 Com.nittee

1891 165 55 19 have
1957 165 155 22 endeavoured
2124 171 22 16 to
2157 166 59 23 instil
2227 167 67 28 right.
2298 169 126 28 principles,
2436 174 45 20 and

1891 193 21 17 to
1928 189 50 22 lead
1995 190 57 22 their
2067 191 110 25 mirids\tb
2192 194 139 22 observation
2346 195 45 23 and
2401 199 49 20 stud
2452 207 14 17 y
2474 207 5 6 •

1890 216 33 21 for
1938 216 24 22 in
1973 216 38 22 the
2022 217 130 24 cultivation
2164 221 22 20 of
2203 220 36 22 the
2250 220 109 30 intellect,
2372 230 37 15 ar-
2424 231 57 20 y,»ur

1891 243 134 22 Committee
2035 245 131 28 persuaded,
2178 250 48 27 true,
2234 252 115 23 greatness
2359 257 28 14 an
2398 250 5 22 1
2415 259 67 19 supe-

1881 272 87 32 riority
1983 270 48 22 lies.
2061 271 44 21 For
2120 280 65 20 many
2197 275 71 21 weeks
2283 280 50 22 past
2346 283 29 14 no
2387 277 94 24 lectures

1891 297 56 20 have
1964 297 56 21 been
2038 297 121 28 delivered,
2170 301 71 26 owing
2257 303 22 19 to
2297 301 38 22 the
2353 302 94 23 badness
2458 305 28 22 of

1882 328 2 11 <
1891 322 38 22 the
1944 323 104 26 weather,
2058 324 45 22 and
2120 325 38 21 the
2173 328 131 26 occupation
2314 329 26 21 of
2352 329 38 22 the
2408 331 73 27 public

1892 350 60 20 mind
1968 350 29 26 by
2011 350 37 22 the
2062 351 123 28 municipal
2200 353 93 23 election
2303 363 6 19 ;
2327 355 71 22 which
2414 358 67 26 being

1890 382 50 14 now
1956 383 59 18 over,
2035 376 37 22 the
2093 377 160 24 advancement
2272 382 26 21 of
2312 389 104 21 summer,
2437 384 44 23 will

1893 403 85 21 enable-
1986 410 67 19 yoiuv
2060 404 132 24 Committee
2206 408 23 20 to
2245 414 164 18 re-commence
2424 410 59 23 their

1892 428 89 22 labours
1991 429 52 22 with
2054 430 59 22 fresh
2124 438 87 23 eneigy.
2236 444 3 4 ■
2428 450 4 8 ,

1919 455 63 22 Your
1999 457 134 23 Committee
2151 458 55 23 have
2218 459 46 22 also
2274 462 129 23 sanctioned
2413 471 69 15 even-

1892 488 39 20 ing
1941 483 81 21 classes
2033 485 32 19 for
2077 483 36 22 the
2124 486 63 26 study
2198 487 26 21 of
2231 487 109 28 Geology,
2350 490 36 21 Tor
2396 492 86 21 mutual

1893 512 140 20 instruction,
2054 510 43 22 and
2116 511 35 23 for
2170 511 128 25 discussion.
2334 516 33 21 To
2387 524 13 14 a
2419 518 63 22 mind

1893 536 143 22 accustomed
2046 539 22 19 to
2079 537 147 30 observation,
2236 540 36 22 the
2281 541 62 22 fields
2354 542 34 22 for
2398 545 83 22 eximi-

1892 562 132 22 nation'and
2035 565 102 21 research
2148 565 70 23 which
2229 567 43 22 this
2282 572 91 23 country
2382 576 101 21 presents

1894 592 22 18 to
1930 589 38 21 the
1985 589 130 23 theoretical
2131 592 46 22 and
2192 594 103 26 practical
2305 595 122 29 Geologist,

1893 615 56 21 form
1961 622 14 15 a
1985 615 112 23 sufficient
2107 623 117 22 argument
2233 621 32 21 for
2276 621 36 22 the
2324 623 107 27 necessity
2439 625 44 22 and

1894 642 72 27 utility
1985 643 26 21 of
2031 643 54 22 such
2106 652 12 14 a
2137 645 63 23 class.
2240 647 86 22 Mutual
2348 649 133 25 instruction

1894 676 65 19 every
1975 676 42 15 one
2034 670 77 22 stands
2128 671 23 22 in
2169 672 55 22 need
2243 673 29 27 of,
2282 675 44 21 and
2342 683 57 19 your
2416 677 16 22 C
2442 687 41 13 >in-

1895 701 75 16 mmee
1988 700 67 18 trusts
2069 697 49 22 that
2137 697 43 23 this
2196 699 55 23 class
2269 701 47 21 will'
2331 702 150 28 immediately

1895 722 90 22 become
1994 724 142 27 numerously
2148 726 109 22 attended.
2286 728 49 21 The
2344 730 137 27 importance

1894 750 24 20 of
1937 750 36 20 the
1992 750 130 22 Discussion
2138 751 61 23 Class
2213 758 82 17 cannot
2314 755 27 22 be
2361 759 35 19 too
2415 759 66 22 much

1895 777 123 21 overrated.
2057 777 120 23 Wherever
2192 779 79 28 liberty
2279 782 36 22 \of
2328 782 93 28 thought
2434 786 47 21 and

1894 803 81 26 speech
1991 803 18 21 is
2025 803 93 28 desired,
2137 805 50 23 simi
2197 807 23 21 ;ir
2234 808 80 22 classes
2325 809 90 23 deserve
2429 812 52 21 uni-

1895 829 69 21 versal
1982 836 106 22 support;
2109 832 51 26 and,
2177 840 23 15 as
2215 833 54 23 here
2285 842 32 15 we
2335 838 145 28 occasionally

1894 857 46 20 find
1956 860 17 17 it
1984 864 114 20 necessary
2111 859 29 21 to'
2150 864 59 18 meet
2218 861 33 21 for
2267 861 36 22 the
2318 864 163 25 consideration

1895 882 24 21 of
1933 887 91 17 matters
2034 888 57 18 most
2107 887 122 27 materially
2239 889 106 27 touching
2362 897 40 15 our
2412 892 69 22 inter-

1895 915 48 17 ests,
1953 909 36 22 the
1999 910 137 27 importance
2144 913 27 21 of
2177 914 116 28 regularity
2304 916 22 21 hi
2337 916 87 28 debate,
2435 920 46 22 and

1894 943 12 13 a
1916 937 92 21 fearless
2019 939 125 26 expres-ion
2161 940 25 21 of
2201 941 95 28 opinion,
2315 943 19 21 is
2349 944 53 22 such
2417 953 24 14 as
2457 950 22 18 to

1894 963 80 22 render
1984 971 12 14 a
2007 965 62 26 class
2082 965 83 28 having
2177 967 31 21 for
2225 969 26 20 its
2262 968 75 28 object
2352 971 54 22 such
2416 978 63 21 gr.eat

1895 990 54 21 ends
1959 990 83 27 worthy
2055 992 26 21 of
2086 1000 57 18 your
2152 998 101 18 constant
2262 1000 98 23 support.

1922 1017 98 22 School.
2021 1029 28 4 —
2050 1017 101 29 Viewing
2167 1020 126 28 knowledge
2309 1030 24 14 as
2347 1031 74 20 power
2435 1027 46 22 and

1893 1044 101 22 essential
2011 1049 21 17 to
2043 1045 83 27 lasting
2137 1049 126 26 prosperity,
2282 1057 56 19 your
2347 1052 133 24 Committee

1894 1073 55 19 have
1967 1071 95 22 devoted
2073 1080 67 19 every
2151 1080 81 22 energy
2244 1080 20 16 to
2282 1076 37 22 the
2331 1077 116 24 educati-in
2458 1082 23 19 o*
2481 1082 5 7 1

1893 1097 35 22 the
1938 1098 68 27 youfh
2015 1098 26 22 of
2048 1099 43 22 this
2101 1100 132 23 settlement.
2262 1103 64 31 They
2333 1104 56 23 hive
2399 1107 82 22 offered
2483 1110 3 6 1

1893 1125 131 22 in-itruciion
2041 1127 24 20 of
2082 1126 37 22 the
2135 1131 57 19 most
2209 1129 72 22 useful
2300 1130 114 25 character
2429 1135 23 20 at
2468 1141 15 15 a

1892 1152 59 26 price
1962 1151 101 23 unheard
2073 1153 27 21 of
2110 1158 23 18 at
2144 1155 70 27 home,
2227 1162 64 15 niucii
2302 1165 62 15 more
2373 1159 23 22 in
2407 1167 13 14 a
2432 1168 49 14 new

1894 1178 91 27 Colony.
2015 1179 74 23 Youth
2100 1181 25 21 of
2140 1181 52 22 both
2206 1190 70 15 sexes-
2283 1191 37 16 are
2336 1185 108 24 admitted
2460 1193 22 16 to

1893 1205 85 22 receive
1991 1206 128 22 instruction
2135 1209 22 20 in
2168 1209 96 26 reading,
2282 1211 85 27 writing
2376 1213 105 23 arithme-

1894 1233 34 22 tic,
1940 1231 45 22 and
1995 1234 135 33 (geography,
2147 1235 33 21 for
2189 1235 103 28 sixpence
2300 1245 6 18 ;
2325 1239 45 21 and
2380 1240 25 21 iiv
2415 1241 64 22 Lttin

1894 1259 44 20 and
1949 1259 36 21 ihe
1997 1259 102 26 Physical
2119 1261 103 28 sciences,
2241 1263 122 23 additional
2375 1266 33 22 for
2418 1268 64 21 nine-

1893 1292 69 19 pence
1978 1293 39 19 per
2032 1286 69 22 week.
2112 1296 5 3 •
2131 1287 72 23 There
2217 1297 37 14 are
2269 1294 23 17 at
2300 1296 91 22 present
2405 1293 22 22 in
2443 1295 38 22 the

1894 1311 72 22 school
1978 1313 25 20 41
2022 1313 52 27 boys
2086 1313 43 22 and
2139 1326 11 13 V
2147 1315 26 21 l2
2182 1315 52 26 girls
2245 1321 20 16 at
2276 1318 42 26 6:1.,
2336 1318 43 22 and
2392 1322 25 20 10
2427 1321 54 25 boys

1895 1339 42 21 and
1947 1340 12 20 5
1976 1339 51 25 girls
2044 1343 21 17 at
2080 1340 36 22 9d.
2132 1348 40 20 pjr
2183 1343 65 21 week.
2278 1343 62 23 Your
2349 1346 132 24 Committee

1895 1372 35 14 are
1949 1366 44 27 hap
2002 1374 20 18 )y
2040 1370 22 17 to
2078 1372 64 21 state,
2164 1368 47 22 that
2228 1377 28 14 no
2275 1372 132 26 complaints
2423 1374 56 23 from

1895 1399 87 18 parents
1999 1393 119 28 regarding
2133 1395 37 21 the
2186 1404 100 20 progress
2302 1398 65 23 made
2385 1400 28 28 by
2424 1401 57 23 their

1895 1419 97 22 children
2010 1419 55 23 have
2081 1428 63 16 come
2161 1428 22 15 to
2198 1423 26 22 its
2239 1424 141 28 knowledge;
2398 1435 27 14 on
2443 1428 36 22 ihe

1894 1451 107 22 contrary,
2015 1454 66 21 every
2089 1456 42 14 one
2142 1456 69 15 seems
2222 1455 21 17 to
2251 1458 94 20 approve
2355 1454 44 21 and
2411 1456 68 26 speak

1895 1474 75 27 highly
1988 1475 22 20 of
2030 1474 37 22 the
2086 1477 162 26 acquirements
2268 1477 36 24 the
2325 1479 99 24 children
2441 1490 38 17 are

1895 1501 119 25 obtaining.

1919 1527 52 22 The
1985 1528 134 23 Library.—
2125 1530 62 22 Your
2202 1531 131 24 Committee
2348 1539 72 23 regret
2429 1536 49 22 t'lat

1893 1554 36 21 the
1946 1555 85 21 limited
2048 1557 68 20 funds
2133 1558 74 25 placed
2218 1563 22 16 at
2255 1558 56 23 their
2325 1560 93 29 disposal
2429 1570 50 20 pre-

1895 1585 51 17 vent
1957 1581 59 24 them
2024 1582 55 22 from
2091 1583 92 26 making
2192 1585 42 21 this
2245 1586 138 24 department
2391 1590 25 21 of
2423 1590 58 22 their

1894 1608 79 27 chtrge
1984 1616 22 12 so
2024 1611 114 21 extensive
2149 1611 42 22 ahrl
2204 1612 98 23 valuable
2314 1621 24 15 as
2350 1616 52 27 they
2413 1617 65 21 could

1897 1635 57 21 w-Mi.
1984 1635 47 22 The
2044 1636 113 27 following
2168 1643 83 18 extract
2261 1640 55 23 from
2328 1641 38 22 the
2375 1649 73 21 report
2458 1645 25 21 of

1895 1662 34 21 the
1945 1662 178 23 sub-committee
2137 1667 116 26 appointed
2264 1668 31 20 for
2311 1671 121 27 managing
2442 1671 37 21 the

1898 1689 97 26 Library,
2014 1691 72 21 shows
2100 1691 28 21 its
2145 1696 127 19 character:
2273 1705 27 4 —
2303 1695 69 23 '.'The
2389 1697 92 27 Liomry

1895 1716 114 27 presented
2025 1720 22 18 t->
2065 1718 36 21 the
2121 1719 134 23 Mechanic's
2276 1721 101 24 Institute
2397 1724 28 27 by
2443 1724 37 22 the

1897 1743 106 21 members
2021 1744 25 20 of
2060 1744 36 22 the
2113 1745 42 22 late
2175 1746 73 23 Public
2265 1748 99 29 Library,
2380 1752 101 21 contains

1895 1769 66 22 ab-'iit
1973 1771 38 20 KiO
2024 1771 50 21 \ok
2086 1779 28 14 on
2119 1772 11 28 '
2130 1772 95 28 History,
2238 1775 96 27 Science,
2347 1778 133 27 Biography,

1895 1797 42 21 and
1947 1798 88 24 general
2048 1798 131 25 Literature,
2191 1808 80 20 among
2278 1803 69 23 which
2358 1811 38 15 are
2406 1812 13 14 a
2428 1812 53 19 very

1897 1823 120 22 handsome
2027 1825 82 22 edition
2120 1826 25 21 of
2184 1827 140 24 Ch.endon's

1896 1851 4 9 '
1909 1851 54 33 _The
1979 1851 158 23 Transactions
2147 1854 26 21 of
2187 1854 35 22 the
2233 1856 86 28 Society
2331 1858 26 20 of
2457 1860 23 20 in

1895 1879 26 20 67
1932 1877 44 22 vols
1987 1885 10 18 .;
2017 1879 13 10 '•
2040 1878 48 23 The
2095 1877 12 31 '
2107 1877 162 31 Encyclopaedia
2280 1882 199 31 Me'tropolitann,"

1895 1905 66 20 about
1982 1906 25 21 70
2023 1905 60 27 vols.,
2102 1914 26 14 on
2147 1908 118 27 Medicine,
2284 1910 131 29 Chemistry,
2431 1913 48 26 &<\,

1896 1931 114 27 including
2020 1939 60 15 some
2090 1934 101 22 valuable
2202 1935 80 28 plates;
2293 1945 13 13 a
2312 1939 64 21 small
2389 1941 93 21 number

1928 1958 71 25 public
2015 1960 75 26 Ivoks-,
2110 1962 42 20 and
2164 1969 118 16 numerous
2299 1965 130 28 pamphlets,
2446 1974 33 14 re-

1887 1985 77 27 .lr.iiig
1981 1986 128 28 principally
2125 1993 21 16 to
2162 1988 36 22 the
2216 1990 114 27 Colonies;
2352 1993 42 21 and
2411 2002 11 13 a
2439 1995 40 20 few

1895 2018 62 21 maps
1975 2014 44 20 and
2040 2015 81 20 charts.
2150 2015 48 22 The
2217 2016 132 24 Committee
2366 2019 56 23 have
2441 2023 37 19 the
2490 2018 3 5 '

1893 2039 101 27 pleasure
2003 2042 23 19 to
2035 2047 116 16 announce
2160 2042 36 21 the
2203 2043 112 25 following
2321 2045 158 24 donations.—

1895 2079 4 5 .
1946 2066 74 21 Lowes
2220 2071 52 25 arid.
2283 2071 68 26 I/The
2368 2073 126 23 .Farmer's.

1895 2094 152 19 ftn«%©razier
2056 2101 10 14 s
2361 2101 118 25 presented

1895 2118 27 24 by
1940 2119 44 22 Mr.
2005 2119 107 27 Mayers.-
2135 2121 120 29 "Phillips'
2420 2134 59 15 com-

1894 2145 64 26 plete,
1974 2146 45 21 and
2030 2147 84 21 several
2126 2147 166 24 Mathematical
2304 2152 75 27 books,
2395 2153 30 27 by
2435 2148 44 28 Mr!

1898 2172 108 22 Brandon.
2037 2174 20 21 A
2074 2174 87 28 picket,
2179 2176 78 27 chiefly
2271 2178 74 22 school
2359 2180 73 22 books,
2451 2181 28 26 by

1895 2199 42 21 Mr.
1959 2200 23 21 E.
1999 2200 21 21 J.
2039 2200 131 23 Wakeiield.
2199 2203 46 22 The
2262 2206 70 20 works
2350 2209 21 19 ot
2391 2207 89 23 Harriet

1897 2226 106 22 Martinea
2013 2236 5 13 i
2032 2235 26 14 on
2077 2228 99 22 Political
2191 2230 115 28 Economy,
2324 2233 54 26 Nos,
2389 2236 13 19 G
2413 2239 21 15 to
2444 2237 25 19 25

1895 2253 42 21 and
1947 2254 84 21 several
2042 2255 26 21 of
2079 2256 39 21 her
2133 2256 64 22 other
2299 2259 30 23 by
2343 2260 41 22 Mr.
2401 2262 78 22 M-irti-

1896 2287 62 15 neau.
1996 2281 106 27 Upwards
2118 2283 25 20 of
2156 2284 27 20 2\
2200 2284 58 26 vols.,
2277 2286 46 22 and
2338 2288 87 22 various
2442 2297 37 18 pe-

1895 2307 88 22 riodical
2002 2308 75 26 works,
2101 2310 29 26 by
2149 2310 44 22 Mr.
2215 2312 68 27 Lyon.
2323 2314 20 21 A
2365 2316 71 25 parcel
2456 2317 28 21 of

1893 2334 123 28 pamphlets
2043 2336 68 21 from-
2128 2337 40 22 Dr.
2196 2338 113 27 Hodgkin,
2330 2341 26 21 of
2380 2342 97 23 Lon-lon.

1895 2364 5 7 '
1922 2362 41 21 Ihe
1980 2362 169 29 Encyclopaedia
2333 2368 28 27 by
2375 2369 103 23 Mr..Bu-

1895 2388 95 23 ch-uirin.

1946 2416 58 21 Rees
2213 2420 98 28 conplete
2332 2422 23 22 in
2378 2424 26 20 4o
2424 2424 52 22 vols.

1915 2443 79 21 Cook's
2011 2444 131 27 Voyage",,'
2157 2446 22 21 in
2194 2447 12 21 5
2222 2450 61 24 vols.,
2302 2449 42 21 and
2389 2451 90 21 Hawks-

1894 2496 26 9 w
1937 2496 3 9 .
1966 2479 14 26 2
2006 2481 9 24 \
2024 2479 41 19 o:>a
2066 2489 12 9 °
2081 2479 23 14 es
2149 2472 22 22 in
2189 2475 12 19 2
2218 2475 65 26 vols.,'
2294 2475 30 28 by
2335 2477 89 23 Colonel
2445 2478 31 22 Vf.

1894 2496 131 23 Wakefield.

1919 2524 47 22 The
1977 2524 133 23 Committee
2119 2526 58 22 have
2187 2527 45 22 also
2243 2532 22 18 to
2274 2529 157 30 acknowledge
2441 2531 35 22 the

1893 2551 83 26 receipt
1984 2552 24 21 of
2014 2553 28 20 35
2053 2560 13 13 v
2077 2553 100 27 ilumnes,
2188 2556 117 27 consigned
2318 2562 22 16 to
2351 2557 36 22 the
2398 2566 47 14 care
2457 2559 26 21 of

1896 2578 35 21 Dr.
1944 2578 81 27 Evans,
2044 2579 67 28 being
2124 2588 14 14 a
2153 2582 104 22 donation
2270 2583 54 23 fr.nn
2342 2585 136 27 Archbishop

1894 2604 102 28 Whately
2006 2607 25 21 of
2039 2606 93 27 Dublin,
2145 2608 34 22 for
2189 2609 35 21 the
2236 2609 43 23 first
2292 2611 76 22 Public
2380 2612 98 28 Library,

1893 2632 44 21 and
1949 2633 122 22 forwarded
2088 2635 30 26 by
2127 2635 46 22 him
2190 2640 21 17 to
2227 2636 42 22 this
2281 2637 131 28 institution,
2428 2635 51 26 coii-

1892 2659 84 26 taiiiin^
1987 2660 137 28 Whateley's
2132 2662 90 27 .Works,
2233 2664 39 22 &c.

1920 2686 78 27 Lately
2010 2687 90 22 Messrs.
2120 2689 74 25 Wade,
2211 2691 43 21 and
2272 2691 25 21 E.
2314 2691 22 23 J.
2358 2692 121 23 Wakefield

1887 2712 60 22 -have
1964 2714 140 22 contributed
2119 2716 85 22 several
2221 2717 105 27 volumes,
2345 2719 43 21 and
2408 2727 14 14 a
2438 2721 40 21 few

1893 2747 59 14 more
1963 2740 116 22 donations
2088 2741 66 22 have'
2159 2742 54 22 been
2226 2744 116 26 promised.

1920 2767 109 21 Museum.
2032 2778 28 4 —
2062 2768 35 21 No
2107 2769 112 22 additions
2234 2770 56 22 have
2307 2772 56 22 been
2380 2773 64 22 made
2455 2778 23 17 to

1893 2794 42 21 this
1945 2794 146 28 department,
2112 2795 39 23 but
2164 2797 65 21 much
2246 2797 73 28 injury
2333 2798 38 22 has
2385 2801 94 23 accrued

1894 2826 21 16 to
1931 2820 35 22 the
1985 2821 116 23 collection
2113 2823 57 21 from
2188 2824 36 21 the
2240 2828 59 18 want
2308 2825 25 22 of
2349 2834 78 19 proper
2444 2835 37 14 ac-

1895 2848 181 22 commodations.
2104 2849 62 23 Your
2177 2851 221 31 Commirte'e>deeply
2410 2858 72 23 regret

1894 2875 46 21 that
1956 2875 52 27 they
2019 2876 57 21 have
2091 2884 31 14 no
2135 2884 80 20 power,
2231 2879 55 21 from
2300 2884 59 17 want
2368 2881 26 21 of
2408 2882 71 26 funds,

1895 2906 21 17 to
1934 2903 91 26 remedy
2037 2903 126 28 effectually
2175 2904 42 22 this
2227 2905 40 22 evil
2305 2907 45 22 Mr.
2361 2903 120 27 'Swainson

1895 2929 88 23 intends
2003 2930 84 28 shortly
2099 2933 31 19 'to
2151 2938 87 15 remore
2258 2933 37 21 the
2314 2934 71 23 whole
2394 2933 38 24 *of
2448 2934 33 23 his

1896 2957 101 24 valuable
2008 2964 100 16 museum
2121 2958 54 22 frem
2194 2959 118 28 Hokianga
2323 2966 21 16 to
2356 2962 42 21 this
2413 2962 67 27 place,

1897 2983 68 22 which
1982 2984 42 22 will
2044 2985 26 21 be
2088 2985 124 27 deposited.
2217 2986 20 22 in
2255 2987 36 22 the
2307 2988 108 28 institute,
2432 2996 47 21 pro-

1896 3011 64 21 vided
1971 3018 13 15 a
1994 3011 24 21 fit
2027 3012 63 27 pare
2102 3012 17 21 is
2131 3013 103 27 prepared
2245 3014 33 21 for
2287 3015 27 21 its
2325 3016 120 28 reception.

1923 3038 40 23 Fin
1971 3045 61 15 \nce.
2034 3049 28 6 —
2064 3039 47 21 The
2121 3046 94 21 receipts
2223 3041 75 22 forthe
2304 3042 42 22 last
2352 3043 35 22 six
2394 3043 85 22 months

1894 3065 55 21 have
1960 3065 57 22 been
2027 3065 62 24 £124
2102 3067 42 21 12s.
2156 3068 44 21 and
2212 3067 267 28 ihedisbursments£lls

1893 3093 31 21 4s.
1944 3093 46 21 6<l.'
2015 3093 48 21 The
2083 3093 112 23 liabilities
2209 3095 25 21 of
2250 3095 37 22 the
2306 3097 123 22 institution
2445 3105 34 14 are

1895 3120 45 21 £53
1949 3119 31 23 7s.
1992 3121 39 26 95.,
2049 3121 43 21 and
2111 3121 38 21 the
2165 3126 69 17 assets
2243 3122 34 22 £9
2286 3124 30 21 7s.
2333 3124 44 27 6d.,
2394 3124 86 28 leaving

1895 3146 44 23 £4.3
1949 3148 31 21 Oa.
1991 3146 36 22 3d.
2044 3150 22 18 to
2077 3148 26 21 be
2118 3148 106 26 provided
2235 3149 34 22 for
2281 3150 90 27 beyond
2387 3152 37 22 the
2434 3159 46 14 cur-

1893 3178 49 17 rent
1952 3181 112 18 expences
2069 3176 26 20 of
2102 3175 38 21 the
2147 3176 132 23 institution.
2304 3178 33 22 Of
2344 3178 38 23 the
2391 3178 90 27 original

1895 3200 51 22 debt
1961 3202 26 20 of
2001 3201 63 26 j650.,
2083 3202 67 27 being
2165 3202 38 22 the
2217 3202 111 25 liabilities
2344 3206 26 21 of
2384 3206 36 22 the
2438 3205 42 22 late

1897 3227 101 22 Museum
2014 3229 44 21 and
2074 3229 130 27 Exchange,
2220 3229 48 24 £20'
2279 3231 58 22 have
2353 3233 55 22 been
2424 3233 56 27 paid,

1896 3254 86 27 leaving
1993 3262 12 14 a
2013 3255 94 23 balance
2118 3256 45 22 still
2173 3257 44 22 due
2227 3262 21 17 to
2255 3259 59 22 them
2325 3260 26 21 of
2356 3261 54 23 £.iO.
2435 3260 46 21 The

1895 3281 113 23 donations
2022 3288 96 17 amount
2131 3289 23 17 to
2287 3286 48 22 The
2352 3287 91 22 number
2453 3293 6 3 J
2458 3287 27 22 of

1894 3309 133 22 subscribers
2044 3310 58 22 who-
2110 3310 52 28 paid
2231 3317 102 18 entrance
2352 3314 32 21 fee
2399 3313 19 22 is
2434 3315 45 26 142,

1894 3340 37 17 out
1945 3336 110 23 ofVwhich
2070 3340 27 20 29
2112 3338 54 28 only
2180 3339 56 22 have
2251 3340 51 28 paid
2316 3340 38 21 the
2369 3341 112 27 quarterly

1894 3363 154 28 subscription.
2059 3391 5 5 _
2077 3366 28 21 .A
2124 3366 83 22 second
2227 3373 85 21 quarter
2331 3366 39 21 has
2391 3367 89 22 become

1895 3390 49 26 due,
1955 3390 44 21 and
2010 3399 12 12 a
2032 3391 58 22 third
2102 3394 150 21 commenced.
2282 3394 61 21 Your
2350 3394 129 22 Committee

1895 3416 54 23 have
1968 3419 119 27 appointed
2102 3426 14 14 a
2130 3420 110 26 collector,
2260 3420 42 21 and
2317 3425 56 17 trust
2390 3422 47 21 that
2453 3422 25 21 he

1894 3444 41 22 will
1947 3444 26 22 be
1985 3453 61 14 more
2055 3446 121 22 successful
2188 3447 50 21 than
2249 3447 34 20 the
2296 3448 100 24 previous
2406 3456 49 14 one.

1921 3471 60 22 Your
1991 3472 133 23 Committee
2139 3481 39 19 pre
2182 3474 63 21 oared
2262 3481 13 13 a
2285 3475 114 21 memorial
2413 3479 23 18 to
2447 3476 31 21 his

1897 3498 132 28 Excellency
2044 3502 39 20 t.'ie
2098 3500 121 23 Governor,
2237 3500 128 27 requesting
2378 3502 49 22 that
2442 3502 35 22 the

1893 3533 47 14 sum
1951 3526 26 21 of
1983 3526 63 27 £40.,
2057 3531 34 18 set
2100 3529 63 25 apart
2172 3526 33 23 for
2218 3526 115 23 education
2345 3529 23 21 in
2384 3529 43 22 this
2437 3535 41 16 set-

1894 3552 96 24 tlement,
2003 3554 70 23 might
2084 3554 26 21 be
2120 3554 65 25 given
2192 3574 3 6 (
2203 3557 21 18 to
2235 3553 43 22 this
2286 3554 132 29 institution,
2434 3556 42 22 and

1893 3580 44 21 also
1947 3587 14 14 a
1970 3580 94 24 suitable
2071 3580 40 23 site
2119 3580 32 21 for
2158 3587 12 14 a
2179 3580 104 28 building.
2304 3582 55 22 This
2366 3583 111 24 memorial

1893 3606 91 23 Colonel
1994 3606 97 23 William
2109 3606 123 24 Wakefield
2246 3607 39 22 has
2303 3610 136 22 undertaken
2454 3614 22 18 to

1891 3638 93 23 present,
1996 3634 41 21 and
2048 3640 57 20 your
2112 3634 133 22 Committee
2252 3637 111 21 entertain
2375 3638 37 21 the
2422 3642 54 18 mist

1893 3660 144 27 livelyjiopes
2046 3660 26 21 of
2084 3659 28 22 its
2128 3667 104 17 success.,
2251 3662 21 22 A
2283 3664 115 22 memorial
2410 3669 21 17 to
2440 3666 35 20 the

1893 3687 59 26 New,
1966 3686 100 23 Zealand
2086 3687 115 27 Company
2216 3691 126 26 requesting
2361 3691 57 21 their
2433 3691 41 26 aid,

1893 3715 40 22 will
1949 3714 45 21 also
2011 3714 25 21 he
2052 3714 108 27 prepared
2174 3716 43 21 and
2233 3716 121 23 forwarded
2370 3719 64 21 home
2448 3718 27 27 by

1891 3741 37 22 the
1940 3742 111 26 Clydeside.
2081 3740 28 25 Jn
2123 3742 137 28 conclusion,
2275 3751 56 19 y>ur
2346 3745 130 22 Committee

1891 3768 70 22 would
1972 3767 76 29 apueal
2060 3771 23 18 to
2091 3768 37 22 the
2142 3768 109 24 Members
2262 3770 43 22 and
2315 3772 37 21 the
2363 3772 72 27 public
2444 3771 31 23 for

1892 3803 57 14 more
1960 3794 84 23 cordial
2054 3796 161 28 co-operation,
2227 3794 36 25 Y«ir
2276 3797 115 24 increased

1890 3822 34 22 for
1934 3822 110 21 additions
2056 3827 21 16 to
2087 3822 27 22 its
2125 3823 89 27 library,
2225 3825 44 21 aud
2276 3825 34 21 for
2320 3832 60 16 more
2389 3832 87 16 munei-

1891 3856 38 14 OU3
1938 3848 146 22 attendances
2094 3853 23 17 at
2126 3850 36 22 its.
2165 3850 99 27 lectures,
2277 3851 70 23 which
2358 3853 51 28 they
2419 3853 55 26 hope

1884 3873 70 31 'agifm
1966 3879 21 18 to
1996 3882 130 16 commence
2136 3877 114 27 instantly.

1950 3909 4 17 j
2173 3905 18 14 ♦

1889 3923 32 20 tTo
1930 3922 36 20 tha
1973 3921 80 22 Editor
2061 3923 28 25 of
2101 3924 37 20 the
2174 3924 53 20 New
2236 3925 94 21 Zealand
2340 3926 86 21 Gaxettt
2434 3924 41 21 and

1920 3947 17 31 '\
2046 3950 127 27 Wellington
2365 3970 4 5 .

1914 3973 128 30 Sis,WThe
2052 3979 151 27 experiments
2212 3985 51 16 now
2277 3978 94 29 making
2383 3977 96 26 towards*

663 132 94 24 another
763 132 149 31 assumption,
919 132 108 28 which-iss
1034 133 46 23 that
1089 133 36 23 the
1132 137 41 19 two
1180 133 69 23 kinds

663 165 24 23 of
703 165 48 24 flax
763 165 71 22 would
852 165 39 23 be-
898 167 70 21 worth
987 165 43 24 the-
1038 173 67 24 same,
1112 170 92 19 amount
1215 161 34 28 for

663 198 54 23 each
726 196 98 26 'lOOlbs.
844 197 27 24 If
880 197 38 24 the
929 198 52 23 data
993 206 60 23 upon
1064 198 74 24 which
1148 207 32 15 we
1192 199 57 23 have

663 231 124 30 proceeded
800 231 20 23 is
832 238 45 23 any
888 231 70 30 thing.
964 238 54 16 near
1030 232 46 25 the.
1079 231 70 28 truth,
1163 231 37 24 the
1213 239 35 16 re-

741 264 25 23 of
781 264 68 28 these,
861 264 86 30 figures
964 264 84 28 shows,
1068 264 49 24 that
1136 272 31 16 we
1185 264 64 24 could

664 296 70 24 afford
745 302 22 18 to
778 304 43 23 pay
832 296 53 24 nine
893 295 66 25 times
964 296 38 24 the
1009 304 78 23 money
1092 297 67 31 price
1166 297 50 31 paid
1228 303 22 17 to

663 330 47 23 flax
722 330 102 24 dressers
837 330 22 23 in
873 328 101 33 Europe,
987 330 95 23 without
1094 330 66 31 being
1171 330 78 31 placed

664 367 23 19 at
709 371 15 15 aya
732 363 6 13 v
752 363 170 30 disadvantage.
970 363 170 31 Consequently
1162 364 20 22 if
1208 372 42 15 one

664 396 96 30 shilling
769 403 42 24 per
822 396 44 30 day
877 396 35 23 for
924 396 56 23 such
991 396 81 23 labour
1082 396 29 23 be
1123 396 59 31 paid,
1198 396 52 24 then

664 433 39 18 we;
708 436 43 16 can
772 436 44 23 pay
828 429 53 23 nine
899 428 114 31 shilling's
1024 436 15 16 a
1049 429 44 30 day
1106 429 34 23 for
1157 430 93 24 similiar

665 461 53 24 here
726 462 50 32 ;.jjf
778 486 10 9 a
786 462 48 23 'one
840 486 6 6 t
852 461 94 31 shilling
956 480 2 6 ,
963 462 44 23 and
1027 462 120 30 six-pence
1166 463 26 22 be
1215 462 36 24 the

665 493 130 32 European,
800 499 48 19 rate
860 494 54 24 then
926 495 97 24 thirteen
1035 495 105 31 shillings
1152 495 43 24 and
1202 503 47 16 sue-

665 528 28 22 wi
701 528 47 23 Ibe
761 535 40 16 our
813 527 135 31 equivalent.
1140 535 2 6 '
1173 550 5 3 .

667 566 5 9 '
697 560 58 29 We,
766 561 73 30 might
860 561 60 23 have
936 569 15 15 a
968 561 78 23 school
1065 561 25 23 of
1108 561 104 32 industry
1228 561 23 24 in

666 593 73 24 which
760 598 21 19 to
794 593 57 24 have
862 594 102 23 children
983 594 125 23 instructed
1127 595 23 22 in
1163 595 36 23 the
1218 600 33 18 art

666 627 25 23 of
700 627 105 31 dressing
811 627 54 28 flax,
877 628 43 23 but
929 635 33 15 we
969 626 68 24 think
1044 627 129 32 something
1180 628 71 23 better

666 660 53 23 than
729 661 49 23 -the
799 660 57 23 shell
876 660 72 31 might
966 660 28 23 be
1010 660 108 30 provided
1130 661 34 23 for
1182 661 68 28 them,

666 693 53 23 with
731 694 73 23 which
817 699 22 17 to
851 693 97 23 conduct
961 693 36 23 the
1009 701 100 22 process.
1143 698 35 24 *%

699 727 70 23 Were
791 727 38 22 the
848 726 64 23 habit
929 726 26 23 of
973 726 105 30 dressing
1098 734 41 15 our
1149 727 53 24 -flax
1221 728 29 29 by

666 758 59 24 hand
738 759 116 31 generally
867 760 129 29 cultivated,
1008 760 19 22 it
1039 759 64 23 could
1117 760 26 22 be
1155 760 94 31 pursued

665 792 122 32 profitably
792 793 42 22 -in'
850 793 145 31 conjunction
1013 793 54 23 with
1087 793 82 24 almost
1186 801 75 22 every

666 830 96 26 country
789 826 98 30 pursuit.
910 846 2 3 .
941 826 77 23 There
1046 833 37 16 are
1105 834 26 15 ye
1145 831 21 26 y~
1186 835 64 22 many

666 858 56 31 days
745 859 65 23 when
834 859 132 23 cultivators
990 865 84 17 cannot
1094 860 104 30 perform'
1215 865 37 18 out

666 892 54 23 door
731 892 88 28 labour,
888 892 63 24 when
966 892 52 30 they
1025 892 46 23 and
1082 893 59 23 their
1153 894 97 22 children

666 932 37 16 are
712 925 54 29 idle,
780 925 71 24 which
863 926 74 30 might
948 925 28 23 be
987 926 118 30 employed
1118 926 22 23 in
1150 926 101 31 dressing

665 958 54 24 flax.
757 958 58 24 This
832 959 45 24 will
895 959 146 31 particularly
1060 959 67 31 apply
1145 964 23 19 to
1188 959 63 24 small

667 991 130 25 cultivators
811 992 48 24 who
878 993 46 23 will
941 993 28 23 be
987 1000 52 16 sure
1058 998 22 18 to
1093 993 56 23 form
1168 1001 12 15 a
1190 993 61 31 large

667 1025 58 23 class
735 1026 24 22 in
773 1025 43 24 this
826 1031 105 25 country*-
965 1025 65 24 Even
1043 1026 38 23 the
1088 1026 83 23 whaler
1183 1028 66 29 might

666 1058 28 24 be
705 1066 26 15 so
750 1058 122 31 employed,
886 1059 83 30 during
986 1059 38 23 the
1043 1066 68 24 many
1124 1059 96 24 months'
1230 1060 24 22 of

666 1091 37 23 the
715 1099 55 23 year
781 1091 50 24 that
842 1092 28 23 he
883 1092 19 22 is
912 1092 94 23 without
1018 1092 90 31 pursuit
1120 1100 24 15 or
1157 1100 92 24 occupa-

666 1125 60 29 tion.,
769 1124 42 24 We
830 1125 57 30 hope
896 1146 4 7 ,
908 1132 15 16 a
968 1125 85 24 Friend
1072 1130 21 18 to
1117 1125 133 25 Flax-dre.-

666 1157 92 31 sing's"
776 1157 73 30 letter,
863 1157 44 24 will
927 1157 79 25 induce
1018 1166 64 16 some
1094 1159 25 23 of
1135 1159 37 24 the
1185 1167 65 23 many

665 1191 129 30 gentlemen
806 1199 48 15 now
867 1191 108 32 devoting
992 1192 111 23 attention
1117 1197 21 18 to
1152 1193 44 23 this
1209 1195 40 21 im-

665 1230 91 25 portant
768 1224 94 32 subject,
882 1230 23 18 to
917 1230 37 26 get
968 1225 36 23 the
1016 1226 98 23 services
1128 1225 24 24 of
1168 1226 81 24 several

666 1257 74 24 clever
752 1258 108 29 children,
874 1257 44 24 and
929 1259 51 31 give
992 1259 38 23 the
1043 1259 132 31 suggestion
1185 1268 13 15 a
1209 1261 41 22 fair

666 1291 58 24 trial.
756 1296 4 7 '
950 1311 2 6 ,

699 1339 22 25 A
729 1339 130 32 gentleman
868 1341 50 23 who
931 1341 40 24 has
982 1339 101 33 recently
1096 1341 89 24 arrived
1194 1343 55 24 from

667 1373 95 30 Nelson,
785 1374 96 24 informs
905 1383 28 15 us
956 1374 49 24 that
1034 1383 14 15 a
1071 1374 136 25 Scotchman
1232 1377 17 23 is

666 1407 106 31 dressing
790 1407 48 24 flax
856 1408 65 23 there
938 1413 60 19 most
1018 1409 158 31 successfully.
1213 1409 36 24 He

666 1442 84 29 merely
764 1445 75 28 steeps
857 1442 18 23 it
886 1441 36 24 for
939 1450 13 15 a
966 1442 92 24 certain,
1068 1442 54 23 time
1135 1443 21 22 in
1176 1449 72 22 water,

666 1474 42 23 and
727 1474 96 23 hackles
835 1475 18 22 it
861 1484 6 19 ;
895 1475 44 23 and
951 1475 29 30 by
994 1475 45 23 this
1058 1475 66 24 mode
1136 1475 29 24 he
1183 1482 67 18 states

666 1515 41 16 one
719 1516 54 16 man
786 1511 41 20 cab
834 1516 96 23 prepare
944 1508 92 24 lOOlbs.
1047 1517 14 15 a
1072 1508 50 32 day.
1159 1510 33 30 13)
1206 1511 43 23 this

665 1541 66 23 mode
749 1541 46 24 flax
813 1542 82 23 should
914 1543 26 22 be
955 1542 110 23 rendered
1084 1543 24 22 fit
1120 1543 35 23 for
1172 1550 79 24 export

665 1580 22 18 at
707 1575 70 23 about
794 1576 57 23 £8.-
860 1583 43 23 per
924 1580 47 20 ton.
1008 1576 97 31 Captain
1125 1576 124 24 Wakefield

666 1608 30 24 R.
711 1608 31 24 N.
757 1609 40 23 has
811 1608 42 24 had
874 1617 63 16 same
949 1609 26 22 of
990 1609 38 23 the
1046 1609 46 23 flax
1107 1611 81 27 tarred,
1208 1611 41 22 and

665 1642 20 22 is
708 1649 33 16 we
766 1650 37 15 are
823 1642 96 24 assured
937 1642 100 24 satisfied
1056 1643 54 23 with
1130 1643 38 23 the
1190 1652 59 23 rope,

665 1675 73 24 which
750 1675 46 24 flax
809 1675 93 24 dressed
915 1677 22 22 in
951 1676 46 23 this
1009 1684 96 15 manner
1119 1676 85 25 makes.

698 1725 43 24 We
753 1726 47 24 find
813 1727 105 23 recorded
930 1728 20 22 in
967 1727 38 23 the
1016 1728 149 31 proceedings
1178 1729 24 23 of
1213 1729 44 36 the^

667 1760 156 31 Corporation,
848 1760 48 24 that
919 1769 61 22 upon
1004 1761 38 24 the
1063 1762 58 23 24th
1143 1751 114 39 Octcberf

665 1793 123 24 Alderman
815 1794 169 24 Molesworth's
1006 1796 94 28 motion,
1122 1797 137 30 respecting^

666 1827 36 23 the
721 1828 160 31 appointment
901 1828 25 23 of
941 1836 28 15 an
992 1828 121 31 Inspector
1133 1830 24 22 of
1176 1829 73 23 Cattle

665 1861 43 23 and
729 1861 39 23 the
908 1861 26 24 of
948 1861 125 31 Slaughter
1093 1863 102 28 Houses,
1207 1863 42 23 had

664 1894 56 23 been
733 1894 73 24 under
819 1895 37 23 the
874 1895 165 23 consideration
1054 1896 25 22 of
1094 1896 37 23 the
1146 1896 102 24 Council.

665 1927 85 31 Nearly
764 1936 14 15 a
789 1928 78 24 month
880 1928 41 24 has
938 1928 91 31 elapsed
1048 1929 45 24 and
1112 1938 32 15 we
1157 1930 53 23 hear
1222 1939 27 14 no

665 1969 60 16 more
747 1969 60 24 upon
827 1962 38 23 the
884 1962 97 31 subject.
992 1977 7 3 -
1026 1962 83 31 Surely
1128 1963 63 24 there
1210 1964 39 23 has

664 1994 55 24 been
733 1996 114 23 sufficient
860 1997 54 22 time
927 2000 21 19 to
961 2000 88 19 mature
1068 2004 63 16 some
1142 1997 62 31 plan,

665 2028 85 31 though
772 2028 93 24 without
884 2029 133 30 experience
1037 2030 23 22 in
1082 2030 63 23 these
1164 2031 84 31 things,

665 2061 36 23 the
714 2061 128 31 legislation
863 2063 25 22 of
903 2061 59 24 Van'
977 2060 121 26 Diem'an's
1119 2063 136 27 Land*aml.

666 2094 53 23 New
734 2095 73 23 South
821 2094 77 24 Wales
908 2095 44 23 will
962 2096 117 29 assuredly
1089 2096 71 23 afford
1171 2096 31 24 all
1211 2098 40 22 line

665 2127 49 23 data
727 2135 61 24 upon
801 2128 71 23 which
889 2133 21 18 to
924 2128 70 23 frame
1007 2136 11 15 a
1030 2128 51 23 law.

696 2160 51 24 The
762 2161 119 31 Inspector
901 2162 25 22 of
942 2161 74 24 Cattle
1036 2162 71 30 ought
1119 2167 23 19 to
1160 2163 28 23 be
1201 2164 48 22 well

663 2195 133 31 acquainted
809 2195 52 23 with
881 2195 74 29 stock,
969 2195 44 23 and
1034 2195 80 24 should
1135 2196 27 23 be
1176 2197 73 23 bound

665 2235 20 16 to
699 2228 57 31 keep
770 2237 13 14 a
794 2228 59 24 book
867 2228 132 31 containing
1010 2237 12 14 a
1040 2237 55 23 very
1106 2231 89 30 precise
1211 2231 38 23 de-

663 2262 108 31 scription
784 2262 23 23 of
818 2262 30 24 all
860 2262 38 23 the
909 2262 82 23 brands
1002 2263 44 22 and
1056 2263 100 31 peculiar
1164 2264 85 23 defects

663 2295 24 23 of
698 2295 36 24 the
745 2295 76 24 beasts
831 2296 123 23 submitted
968 2301 21 17 to
1003 2296 34 23 his
1046 2296 133 31 inspection,
1190 2298 59 30 prior

663 2334 21 17 to
698 2329 69 31 being
787 2329 70 23 killed
875 2337 26 15 or
924 2329 95 31 shipped
1041 2335 39 18 out
1100 2331 25 22 of
1141 2331 37 23 the
1191 2338 57 24 port.

663 2362 50 23 -The
724 2370 75 23 power
812 2363 25 23 of
852 2362 46 24 this
910 2363 76 23 officer
1003 2363 72 23 would
1089 2364 27 23 be
1128 2364 86 24 limited
1229 2371 19 17 to

663 2395 37 24 the
713 2396 135 24 boundaries
862 2397 26 23 of
903 2396 38 24 the
960 2401 67 24 town,
1041 2397 45 23 and
1103 2399 19 22 it
1140 2399 45 22 will
1198 2398 27 23 be
1237 2406 12 15 a

663 2430 103 30 question
781 2430 32 23 for
834 2430 165 23 consideration
1021 2430 51 24 how
1091 2435 22 19 to
1135 2431 48 24 deal
1196 2432 52 23 with

662 2463 64 23 stock
739 2463 70 23 killed
823 2463 89 31 beyond
934 2464 37 23 the
989 2472 71 22 range
1079 2464 25 23 of
1121 2465 34 22 his
1167 2465 81 24 autho-

662 2496 52 31 rity.
751 2496 26 24 If
792 2497 46 23 this
851 2498 63 30 point
924 2498 21 22 is
956 2503 40 17 not
1009 2504 47 16 met
1068 2498 29 30 by
1110 2499 103 31 refusing
1227 2505 21 17 to

663 2529 63 24 allow
740 2536 59 17 meat
811 2531 79 35 filled
912 2531 94 24 without
1013 2531 50 23 ahe
1081 2532 71 23 limits
1171 2533 26 23 of
1211 2533 37 22 the

663 2563 158 32 Corporation^
826 2569 22 18 to
861 2562 27 26 be
907 2564 100 31 brought
1027 2570 22 17 to
1070 2570 61 18 town
1146 2566 35 23 for
1193 2567 55 28 sale,

661 2604 24 16 or
698 2597 27 31 by
738 2606 63 15 some
813 2599 64 22 other
891 2598 71 29 mode,
977 2599 17 22 it
1013 2599 45 22 will
1079 2599 27 23 be
1119 2599 95 24 difficult
1227 2606 21 17 to

661 2630 70 24 check
741 2631 39 23 the
788 2631 158 32 depredations
955 2632 79 29 which,
1046 2633 19 22 it
1073 2634 18 22 is
1100 2633 47 23 well
1159 2633 89 30 known,

661 2664 56 23 have
731 2665 58 22 been
801 2665 45 23 and
857 2673 39 15 are
908 2665 69 31 being
987 2667 132 22 committed
1131 2674 59 24 upon
1210 2668 38 23 the

660 2703 106 26 property
780 2698 24 24 of
819 2698 37 24 the
869 2698 171 25 stock-holders
1052 2700 25 23 of
1093 2700 38 24 the
1150 2701 96 31 Colony.

661 2731 45 24 But
719 2732 85 32 though
820 2734 17 23 it
849 2741 52 23 may
914 2733 27 25 be
953 2733 69 25 found
1035 2734 96 24 difficult
1145 2739 21 19 to
1178 2735 70 31 legis-

660 2766 44 23 late
716 2767 109 31 perfectly
839 2767 121 32 efficiently
973 2768 35 24 for
1027 2768 38 24 the
1084 2769 125 30 protection
1227 2769 24 23 of

661 2799 44 24 this
724 2806 117 26 property,
854 2809 13 15 a
885 2801 139 31 competent'
1034 2802 121 30 lnspector
1175 2802 74 23 would

660 2833 127 32 effectually
806 2834 72 24 check
900 2834 38 24 the
958 2835 160 32 slaughtering
1135 2835 26 23 of
1175 2836 73 24 stolen

660 2873 106 25 property
781 2868 76 23 within
871 2868 37 23 the
927 2868 109 32 borough,
1051 2868 66 24 while
1128 2869 39 24 the
1178 2870 71 23 infor-

661 2901 84 23 mation
769 2901 28 23 he
816 2901 73 24 would
907 2901 28 24 be
954 2910 52 16 sure
1026 2908 22 18 to
1071 2903 87 23 receive
1171 2903 24 23 of
1213 2903 37 23 the

660 2934 147 31 proceedings
820 2935 26 23 of
860 2936 86 30 parties
957 2936 94 23 without
1063 2936 39 24 the
1115 2936 134 25 boundaries

662 2967 24 23 of
702 2968 36 22 the.
753 2972 67 24 town,
833 2969 74 23 would
919 2969 80 23 enable
1012 2970 45 23 him
1072 2975 22 18 to
1105 2969 78 24 advise
1196 2978 40 23 pro

660 3001 97 30 prietors
769 2997 26 27 bf
810 3001 65 23 stock
889 3008 23 17 to
926 3002 69 23 watch
1011 3002 37 24 the
1060 3009 45 18 act-
1121 3004 26 23 of
1155 3011 94 24 persons

661 3034 28 22 be
701 3034 75 31 might
795 3040 91 27 suspect
895 3044 5 20 ;
921 3035 66 24 while
1006 3035 38 24 the
1063 3037 125 23 convictiou
1206 3037 43 24 and

661 3068 176 31 transportation
851 3068 24 23 of
891 3076 43 17 one
954 3077 24 16 or
994 3074 43 19 two
1051 3070 112 24 offenders
1176 3071 73 24 would

660 3107 71 17 arrest
745 3099 45 25 tills
804 3101 54 24 kind
871 3103 26 23 of
912 3103 104 31 robbery.
1025 3102 2 6 '

694 3134 24 23 It
727 3136 21 22 is
761 3143 14 15 a
787 3140 102 26 question
903 3136 125 24 whetherit
1041 3137 73 24 would
1125 3137 27 24 be
1163 3138 48 23 well
1227 3144 21 18 to

660 3174 60 17 erect
731 3169 76 31 public
827 3169 124 32 Slaughter
971 3170 102 25 Houses.
1110 3171 25 23 If
1151 3171 37 24 the
1208 3172 40 23 law

659 3209 56 24 gave
727 3202 40 23 the
787 3202 120 32 Inspector
925 3204 114 24 sufficient
1058 3212 77 23 power
1153 3210 22 18 to
1195 3206 54 23 visit

659 3235 85 31 private
756 3236 124 31 Slaughter
896 3237 100 28 Houses,
1009 3238 44 24 and
1075 3239 113 30 provision
1203 3247 45 16 was

660 3269 63 23 made
733 3269 36 24 for
783 3270 58 23 their
854 3270 67 31 being
933 3271 104 24 cleansed
1048 3279 25 16 so
1086 3272 127 31 frequently
1223 3281 25 15 as

660 3307 22 19 to
694 3309 96 24 prevent
801 3303 30 24 all
852 3312 130 23 annoyance
997 3310 28 18 .to
1035 3313 45 23 -pat
1087 3306 41 22 ties
1148 3305 101 33 residing

659 3336 22 23 in
694 3336 37 23 the
750 3337 101 31 locality,
869 3338 103 31 possibly
994 3339 114 23 sufficient
1127 3339 72 23 wouH
1220 3340 27 23 be

659 3370 176 31 accomplished.
886 3371 95 29 Should,
1005 3372 110 29 however,
1140 3372 38 24 the
1206 3371 45 26 law'

659 3402 83 32 having
750 3403 63 24 these
825 3405 130 31 provisions
962 3410 40 19 not
1012 3413 70 24 prove
1095 3406 151 31 satisfactory,

659 3436 53 23 then
725 3437 16 22 it
754 3437 74 23 would
846 3437 26 23 be
893 3446 82 24 proper
989 3444 21 18 to
1024 3439 56 24 have
1093 3447 42 15 one
1149 3447 25 15 or
1187 3448 60 15 more

659 3469 79 31 public'
746 3470 124 32 Slaughter
883 3470 103 30 Houses)
999 3472 40 23 but
1060 3472 58 24 until
1139 3472 44 24 this
1195 3474 52 23 trial

659 3503 43 23 had
714 3503 57 23 been
782 3504 72 29 made,
864 3505 18 23 it
894 3505 73 23 would
981 3510 40 18 not
1032 3505 27 24 be
1074 3507 52 22 wise
1139 3512 21 17 to
1173 3506 43 23 add
1225 3512 21 18 to

660 3536 36 23 the
718 3545 114 23 expences
852 3538 25 23 of
892 3537 39 24 the
952 3538 150 31 Corporation
1122 3547 25 15 or
1167 3544 22 19 to
1209 3540 37 24 the

660 3569 61 26 trade
733 3571 26 23 of
771 3571 143 32 butchering,
927 3571 28 32 by
968 3572 118 31 incurring
1099 3572 37 24 the
1140 3582 2 5 1
1148 3580 98 24 expense

659 3603 31 24 of'
701 3604 110 32 .erecting
834 3604 55 24 such
919 3605 77 31 public
1023 3605 124 32 buildings.
1195 3606 51 25 One

652 3636 81 34 (public
753 3636 124 33 Slaughter
896 3638 83 24 House
1000 3639 73 24 would
1093 3639 28 24 be
1134 3640 113 24 sufficient

652 3670 41 24 ;lbr
705 3678 62 16 some
781 3672 61 28 time,
856 3672 45 23 and
922 3672 38 24 the
972 3672 140 32 advantages
1124 3674 25 22 of
1165 3673 82 32 killing

659 3707 23 19 at
700 3703 55 24 such
778 3713 14 15 a
810 3705 105 32 building
934 3714 38 16 are
992 3706 155 31 undoubtedly
1166 3714 80 16 nume-

659 3743 59 17 rous.
727 3746 4 5 -
755 3737 25 24 It
790 3738 68 23 -could
878 3739 28 24 be
926 3739 57 24 done
1002 3740 96 31 cheaply
1110 3740 63 23 there
1175 3753 31 3 —
1209 3740 37 24 the

658 3769 75 30 public
747 3771 72 23 would
833 3780 64 16 cease
912 3778 21 18 to
947 3773 26 23 be
990 3773 103 31 annoyed
1114 3773 29 31 by
1162 3773 85 33 having

658 3801 49 24 half
731 3811 14 15 a
765 3804 72 24 dozen
844 3801 152 28 "'horseman-
1013 3807 130 31 frequently
1171 3807 93 32 riding,

652 3835 115 32 .violently
780 3837 97 32 through
889 3839 38 23 the
947 3844 81 20 streets
1049 3841 59 23 after
1121 3840 125 25 infuriated

660 3868 66 24 cattle
738 3874 23 17 to
774 3870 63 23 drive
848 3871 59 24 them
921 3872 47 24 into
981 3873 39 24 the
1033 3874 118 30 slaughter
1161 3874 85 24 houses

659 3909 29 15 on
711 3902 37 24 the
766 3902 81 26 beach.
969 3906 73 24 would
1063 3907 40 23 the
1121 3907 76 24 beasts
1218 3908 28 23 be

658 3935 128 31 harrassed,
800 3937 44 24 aud
855 3937 38 24 the
908 3943 62 19 meat
981 3939 95 32 thereby
1088 3940 157 31 deteriorated,

658 3969 21 23 if
687 3969 62 24 there
761 3977 47 17 was
819 3978 15 16 a
844 3971 59 30 good
915 3971 118 32 slaughter
1042 3973 73 24 house
1123 3974 46 25 and
1180 3973 66 25 stock

111 131 168 20 SHIPPING
300 131 299 20 INTELLIGENCE.

272 186 143 22 ARRIVED.
435 189 9 14 .'
495 179 35 26 ■>.'
540 197 2 4 ■
559 184 3 5 '

77 212 118 22 November
209 214 36 25 21,
262 214 104 20 schooner
379 213 55 26 Imp)
447 214 33 24 20,
501 213 54 20 from
571 212 64 21 Wari-

49 240 73 26 ganui.
336 246 17 9 '■>

79 267 117 21 November
216 267 35 25 22,
273 267 103 20 schooner
395 267 112 23 Sir,-John
524 267 110 25 Franklin,

49 293 28 22 52
87 300 56 20 tons,
155 294 51 26 Gill,
218 295 54 21 from
284 295 141 19 Launceston.

287 344 117 20 SAILED.

75 378 121 22 •November
216 380 34 21 19,
270 378 80 27 barque
374 379 80 26 Bright
476 370 83 33 Plahei,
588 380 47 23 187,

49 405 117 24 Morrison,
176 407 33 19 for
221 403 92 23 Akaroa.

77 434 60 20 Same
144 434 46 25 day,
203 434 79 26 barque
290 434 95 26 Magnet,
393 434 40 21 148
444 436 54 25 toes;
507 434 128 24 M'Farlane,

49 461 35 20 for
94 461 96 20 Manilla.
547 472 5 4 -
569 473 4 3 -

78 488 60 21 Same
148 488 47 26 day,
206 487 65 22 ketch
292 488 74 26 Clown,
388 488 40 21 104
446 491 56 22 tons,
520 489 116 24 Thomson,

47 516 36 20 for
92 515 111 20 Auckland

79 542 60 21 Same
148 542 47 26 day,
207 542 106 21 schooner
322 543 75 24 Mana,
406 544 29 20 27
445 546 55 21 tons,
510 542 82 28 Swany,
604 544 32 19 for

48 570 93 20 Akaroa.

77 596 119 21 November
202 597 36 24 20,
245 596 79 28 barque
331 598 85 24 Bolina,
425 598 41 21 245
475 601 54 21 tons,
538 597 98 27 Twohey,

47 623 37 22 for
94 624 119 21 Auckland.

253 687 3 3 .
275 669 33 21 IN
324 669 87 23 PORT.
500 683 13 9 ..
551 681 5 4 -

74 705 85 25 Barque
176 704 117 25 C'ydeside,
303 704 41 20 256
359 697 59 32 tons',
438 704 129 25 Mathieson,
580 705 53 20 refit-

45 732 56 26 ting.
131 730 66 21 Waitt
205 731 44 20 and
257 731 76 26 Tyser,
341 732 90 26 Agents.

75 760 83 25 Barque
166 758 129 26 Indemnity,
304 760 41 20 450
363 764 58 20 tons,
438 760 84 24 Adams,
535 760 101 25 refitting.

39 787 97 26 'Agents,
148 786 67 21 Waitt
225 786 43 21 and
278 787 74 26 Tyaer.

76 815 108 20 Schooner
208 815 58 25 Ann,
292 815 27 20 22
343 817 58 21 tons,
428 814 97 25 Brown,'.
534 814 44 21 laid
600 820 36 20 up.

47 842 78 26 Agent,
137 841 67 20 Waitt
214 842 40 19 and
266 842 74 26 Tyser.

77 869 51 26 Brig
139 869 115 23 Elisabeth,
271 870 40 20 230
323 872 55 24 tons,
395 868 123 28 GutUridge.
548 869 88 27 Agents,

49 897 112 26 Ridgways
171 897 41 19 and
223 896 40 20 Co.

78 925 108 19 Schooner
196 923 79 24 Maori,
289 924 24 20 15
325 927 57 17 tons.

74 951 107 21 Schooner
193 951 75 23 Gtnet,
280 952 28 19 40
319 955 56 21 tons,
389 951 137 27 Popplewell.
553 951 81 26 Agent,

47 979 136 20 Hornbrook.

76 1006 83 26 Barque
171 1007 78 23 Georye
256 1006 61 26 Fo/e,
327 1006 41 21 460
379 1009 58 22 tons,
451 1006 63 27 l'yke.
550 1006 86 26 Agents,

32 1054 4 7 v
47 1033 112 26 Ridgways
168 1034 41 20 and
220 1033 39 21 Co.

76 1061 107 21 Schooner
200 1061 77 24 Ocean,
287 1061 27 21 30
327 1063 60 25 .tons,
400 1061 113 26 Ferguson.
549 1061 87 26 Agents,

47 1089 94 21 Wallace
150 1089 42 22 and
202 1089 41 20 Co.

77 1116 106 20 Schooner
197 1116 110 25 Industry,
322 1116 26 21 24
360 1118 56 23 tons,
433 1116 96 27 Bradley.
558 1115 78 26 Agent,

49 1143 23 21 J.
86 1143 74 20 Wade.

77 1170 122 26 Brigantine
204 1171 69 25 Ariel,
284 1171 38 21 104
330 1174 58 21 tons,
396 1170 142 21 Cruikshank.
562 1170 74 25 Wade,

49 1198 77 26 Agent.

78 1226 107 20 Schooner
197 1226 106 20 Governor
319 1226 90 26 Hobson,
421 1226 28 21 40
460 1228 53 24 tons,
525 1227 111 21 Crumner.

48 1253 88 27 Agents,
149 1253 92 20 Wallace
251 1254 42 20 and
303 1254 38 20 Co.

80 1281 106 20 Schooner
195 1282 55 24 Imp,
261 1282 27 19 20
306 1285 55 16 tons.

79 1308 107 21 Sthooner
198 1309 38 20 Sir
244 1309 57 20 John
310 1310 109 22 Franklin,
428 1310 27 20 52
467 1312 52 22 tons,
531 1310 51 20 Gill.

79 1372 45 20 The
141 1372 47 26 brig
209 1372 70 20 Guide
294 1373 41 20 had
349 1373 84 20 arrived,
446 1376 23 17 at
487 1372 83 23 Akaroa
584 1374 52 21 from

47 1398 85 28 Sydney
139 1400 43 21 and
192 1400 92 21 Nelson.

77 1432 45 21 The
132 1433 121 26 brigantine
263 1433 85 24 Sisters,
359 1434 55 20 from
426 1434 82 22 Hobart
517 1435 73 24 Town,
598 1435 38 21 had

45 1460 82 20 arrived
141 1463 24 18 at
174 1461 89 24 Nelson,
279 1461 41 21 aud
331 1468 40 14 was
386 1466 67 16 aoout
464 1466 21 17 to
498 1469 59 15 come
569 1470 28 14 on
613 1466 23 18 to

47 1487 43 21 this
99 1491 57 23 port.

221 1545 124 22 CUSTOM
362 1546 114 21 HOUSE.

286 1607 114 16 EXPORTS.

77 1631 28 21 In
115 1638 47 15 the
350 1640 47 15 for
406 1635 123 21 Manilla.
531 1635 104 26 —Agent,

47 1660 124 22 Machatiie.
172 1662 62 23 —49,
239 1661 50 26 bags
299 1663 61 20 flour.

193 1722 141 19 outwards,
346 1724 145 15 coastwise.

76 1749 29 22 In
111 1755 51 14 the
197 1751 93 20 Bright
442 1758 45 14 for
496 1753 110 20 Akaroa.
609 1763 26 4 —

51 1777 22 20 C.
89 1777 31 20 M.
131 1778 76 25 Evans,
224 1779 134 25 Agent.—7o
374 1779 51 25 bags
440 1780 59 24 flour,
517 1781 24 19 10
558 1781 77 20 barrels

47 1804 44 23 do.,
103 1805 25 20 10
143 1808 47 18 cwt.
201 1812 71 19 sugar,
288 1807 13 19 3
317 1807 62 19 boxes
395 1811 43 20 tea,
449 1809 12 19 2
477 1808 47 25 bags
536 1808 71 26 coffee,
624 1809 11 19 3

47 1831 63 21 hhdg.
126 1837 78 21 porter.
238 1834 123 26 Passengers
363 1834 70 22 —Mr.
452 1835 74 25 Evans,
545 1836 91 20 M'Con-

47 1860 51 24 nell,
111 1861 55 23 wife,
177 1861 39 19 and
228 1861 67 21 child.

86 1976 68 23 AND
171 1976 216 24 WELLINGTON
407 1978 187 29 SPECTATOR.

122 2033 160 25 Wednesday,
299 2033 130 21 November
444 2033 35 26 23,
495 2035 59 20 1842.

82 2086 44 24 We
148 2088 72 23 insert
242 2088 24 24 in
290 2088 95 24 another
408 2094 50 26 part
483 2089 23 24 of
532 2091 103 30 to-day's

47 2127 78 25 paper,
139 2129 13 15 a
164 2122 189 22 communication
367 2122 82 30 signed
493 2122 22 24 A
527 2123 72 23 friend
614 2128 20 18 to

48 2153 39 24 the
98 2153 47 24 flax
256 2155 86 30 raising
355 2155 37 23 the
413 2157 101 29 question
536 2156 99 24 whether

49 2186 136 32 Europeans
199 2188 72 30 might
284 2193 38 18 not
334 2188 26 23 be
374 2189 81 30 taught
468 2194 22 18 to
501 2189 64 23 dress
580 2190 55 24 New

50 2219 102 25 Zealand
174 2221 44 23 flax
244 2223 59 21 after
326 2221 37 25 the
383 2222 84 24 Native
489 2224 71 28 mode,
581 2225 53 22 with

49 2254 125 32 advantage
183 2259 21 18 to
213 2254 137 25 themselves
358 2255 44 24 and
412 2261 21 18 to
443 2256 37 23 the
489 2259 144 29 community.

49 2287 52 24 The
112 2289 142 30 experiment
270 2288 42 24 has
323 2296 66 16 never
402 2289 56 23 been
472 2290 62 29 tried,
555 2290 40 23 but
615 2292 19 22 is

47 2321 52 24 well
120 2321 86 31 worthy
223 2322 26 23 of
271 2322 176 24 consideration.
493 2323 40 23 We
553 2324 56 24 have
621 2333 14 15 a

48 2359 79 26 strong
139 2356 115 30 suspicion
269 2355 49 24 that
329 2357 38 23 the
386 2356 72 24 result
477 2357 70 24 would
565 2366 69 23 prove

47 2387 79 33 highly
139 2390 152 31 satisfactory.

82 2429 55 24 Two
150 2430 76 31 things
239 2439 57 15 were
306 2431 64 23 made
380 2432 92 23 evident
479 2432 28 31 by
516 2440 27 16 an
555 2433 79 23 article

48 2470 33 16 we
94 2463 78 31 copied
184 2464 56 23 from
255 2464 38 23 the
304 2464 101 24 Colonist
417 2465 44 24 last
473 2466 68 28 week,
555 2474 28 15 on
597 2467 37 22 the

47 2496 89 32 subject
148 2497 24 23 of
187 2498 46 22 flax
246 2498 124 31 dressing..
409 2499 51 23 The
473 2507 47 21 one,
534 2500 50 23 that
596 2500 38 23 the

47 2529 122 31 Kuropean
193 2531 47 22 flax
260 2531 69 31 .plant
348 2532 72 30 yields
440 2538 40 18 not
500 2541 60 16 more
579 2534 54 23 than

49 2571 42 16 one
103 2564 75 23 fourth
191 2565 28 22 its
233 2565 84 30 weight
329 2565 24 23 of
368 2566 53 28 flax,
436 2566 65 24 while
520 2567 37 23 the
576 2567 57 23 New

48 2596 101 24 Zealand
162 2597 45 24 flax
226 2598 67 30 plan*
312 2599 71 30 yields
402 2600 70 23 about
488 2600 60 24 three
567 2601 66 23 times

48 2630 38 23 the
99 2631 79 27 result,
190 2632 44 22 and
247 2632 39 22 the
298 2632 64 23 other
382 2634 122 30 important
523 2635 62 30 point
604 2635 28 28 is,

47 2663 39 23 the
99 2663 113 24 laborious
225 2673 119 23 processes
356 2666 99 32 through
470 2667 70 24 which
554 2667 82 24 Euro-

47 2705 59 22 pean
126 2698 46 24 flax
177 2703 3 10 1
191 2698 41 24 has
256 2703 22 19 to
298 2707 52 23 pass
371 2708 55 16 even
446 2701 24 23 in
490 2700 60 25 these
567 2701 64 32 days.

48 2730 51 24 The
120 2731 123 24 Colonist's
263 2733 78 23 article
364 2733 37 24 did
425 2740 40 18 nut
487 2734 86 25 exhibit
595 2736 38 23 the

47 2764 72 24 whole
131 2771 92 18 amount
235 2766 27 23 of
276 2766 79 24 labour
368 2769 104 30 required
493 2774 19 18 to
534 2769 98 32 produce

47 2797 124 32 European
191 2799 55 24 flax.
296 2800 23 23 It
330 2800 40 25 has
383 2807 23 18 to
418 2810 29 23 go
461 2802 94 32 through
569 2803 63 24 three

47 2830 93 25 distinct
152 2840 117 23 processes
279 2834 57 23 after
349 2835 17 23 it
378 2835 42 23 has
433 2836 56 23 been
501 2842 44 23 cut,
566 2837 29 23 all
609 2837 25 24 of

49 2865 89 28 which,'
155 2874 54 15 even
235 2872 24 17 at
282 2874 98 24 present,
405 2877 38 16 are
462 2869 123 25 conducted
605 2872 27 29 by

49 2898 81 24 labour
152 2899 82 23 almost
253 2901 97 23 unaided
373 2902 27 30 by
421 2903 136 31 machinery.
600 2904 34 24 At

48 2931 39 24 the
100 2940 61 16 same
175 2934 61 27 time,
249 2941 44 16 one
305 2942 91 23 process
409 2935 29 31 by
460 2936 57 24 hand
531 2938 17 22 is
568 2936 64 25 suffi-

48 2966 61 23 cient
121 2971 22 19 to
156 2967 98 30 produce
266 2967 37 23 the
315 2969 68 23 finest
395 2969 58 23 New
465 2969 99 25 Zealand
575 2971 56 28 flax.

47 2999 25 24 A
89 2999 132 24 calculation
236 3001 26 22 in'
270 3001 92 31 figures,
375 3010 60 24 upon
449 3005 104 22 assumed
571 3004 61 29 data,

47 3040 52 23 may
112 3034 51 23 tend
174 3039 21 18 to
209 3034 89 24 exhibit
321 3035 36 23 the
374 3037 94 23 relative
484 3044 46 17 cost
541 3037 26 24 of
581 3046 51 22 pre-

47 3067 81 30 paring
152 3067 122 31 European
304 3068 44 23 and
373 3070 55 23 New
454 3070 98 25 Zealand
574 3072 56 23 flax.

47 3098 47 24 Let
106 3108 25 14 us
143 3108 98 23 suppose
252 3102 37 22 the
303 3104 102 30 quantity
425 3112 59 23 upon
505 3105 69 23 which
595 3106 37 23 the

47 3134 143 30 experiment
207 3135 19 22 is
249 3140 22 18 to
293 3136 29 23 be
340 3137 65 24 made
425 3138 21 23 is
467 3146 41 16 one
532 3138 99 25 hundred

47 3166 89 32 pounds
157 3167 26 23 of
196 3175 45 16 raw
263 3169 110 25 material.
422 3171 45 23 Let
487 3180 24 15 us
534 3180 97 24 suppose

49 3200 50 23 that
114 3201 18 22 it
152 3201 71 23 would
242 3203 89 30 require
351 3204 72 23 three-
433 3204 107 32 shillings
559 3212 28 17 to'
604 3207 27 23 be

49 3233 118 31 expended
178 3234 22 23 in
213 3234 94 31 Europe
320 3242 21 17 to
353 3242 89 19 extract
456 3238 37 24 the
506 3239 54 24 fibre
573 3239 57 24 from

47 3267 46 23 this
106 3267 103 31 quantity
221 3268 26 23 of
262 3268 121 32 European
397 3279 45 15 raw
456 3273 98 23 material
565 3282 6 19 ;
592 3274 38 24 but

47 3300 21 23 if
82 3300 40 23 the
134 3300 56 24 New
203 3300 101 24 Zealand
316 3302 45 24 flax
374 3312 57 16 were
444 3310 23 18 to
482 3306 26 23 be
527 3307 103 24 cleansed

47 3334 23 23 in
82 3333 94 32 Europe
189 3335 88 22 instead
289 3335 22 22 of
331 3336 54 23 New
402 3338 108 30 Zealand;
526 3340 31 23 'as
578 3341 51 31 only

47 3375 42 16 one
99 3375 93 24 process
204 3368 73 23 would
296 3368 57 24 have
374 3376 23 18 to
416 3371 28 24 be
466 3373 121 24 conducted
608 3380 22 18 to

47 3401 76 24 obtain
147 3401 39 23 the
202 3401 66 29 fibre,
290 3402 65 23 while
374 3404 63 24 three
458 3414 115 23 processes
592 3416 38 15 are

46 3435 106 31 required
171 3439 22 19 to
211 3435 76 23 obtain
310 3435 38 23 the
363 3436 57 24 fibre
438 3439 58 24 from
501 3440 129 32 ..European

45 3468 56 30 flax,
113 3469 118 31 assuming
251 3469 51 23 that
320 3469 54 23 each
392 3477 92 23 process
505 3474 17 22 is
541 3475 89 30 equally

47 3503 129 30 expensive,
190 3502 17 23 it
218 3503 21 23 is
251 3502 92 24 evident
352 3502 47 24 that
409 3512 41 16 one
457 3506 90 32 shilling
556 3509 74 22 would

45 3536 100 30 perform
158 3535 37 24 the
205 3535 52 24 task
271 3535 71 24 there.
387 3536 48 24 But
451 3539 54 30 only
521 3541 76 24 25lbs.
609 3542 25 23 of

45 3568 124 32 European
192 3569 46 24 flax
257 3569 74 24 would
350 3569 28 23 be
391 3570 38 23 the
444 3573 94 29 product
548 3575 23 22 in
593 3575 37 24 the

46 3610 43 15 one
101 3610 59 22 case,
172 3603 67 23 while
252 3603 80 26 75lbs.'
348 3603 73 24 would
434 3603 29 24 be
484 3605 34 24 the
536 3608 96 29 product

45 3635 25 24 of
96 3636 57 24 New
176 3636 102 24 Zealand
298 3637 47 23 flax
364 3637 26 23 in
413 3636 38 24 the
480 3638 62 24 other
571 3648 63 17 case.'

122 3669 73 24 result
211 3670 85 23 .would
317 3670 28 23 be
367 3670 61 29 thus,
455 3670 23 25 in
507 3676 125 30 extracting

45 3702 56 24 fibre
110 3702 58 24 from
183 3703 123 31 European
315 3703 54 30 flax,
383 3704 45 24 and
435 3704 61 24 from
508 3705 54 25 Ndw
573 3707 58 24 Zea-

45 3735 53 24 land
118 3737 51 24 flax'
181 3743 25 16 an
223 3735 97 32 Europe
325 3740 21 24 ;~
355 3736 48 25 tliiit
422 3739 32 24 25
475 3738 42 24 lbs.
532 3740 25 23 of
575 3740 60 24 fibre,

45 3769 73 23 would
136 3770 28 23 be
181 3770 105 24 obtained
304 3770 56 23 from
378 3770 125 33 Europoan
519 3772 45 24 flax
583 3778 24 19 at
619 3782 13 15 a

45 3807 48 19 cost
111 3803 25 24 of
151 3803 64 24 three
232 3801 125 33 shillings;
366 3803 55 24 -and
438 3805 77 26 75lbs.
534 3807 26 22 of
576 3807 56 23 fibre

45 3835 58 24 from
121 3836 57 23 New
202 3836 102 24 Zealand
326 3837 46 23 flax
395 3843 23 17 at
436 3847 15 15 a
459 3861 4 3 .
474 3844 46 18 cost
531 3840 38 24 •of
588 3842 43 22 oite

45 3868 93 34 shilling
146 3879 7 19 ;
173 3877 26 16 or
202 3871 46 22 -it~
456 3873 54 24 nine
526 3872 105 33 shillings

45 3906 21 19 to
79 3902 76 24 obtain
167 3902 39 25 the
218 3911 64 16 same
294 3903 70 24 result
373 3904 59 24 from
444 3904 122 33 European
576 3907 54 30 flax,

45 3942 23 17 as
80 3935 19 24 it
110 3935 73 25 would
200 3937 91 31 require
303 3945 43 16 one
358 3937 95 34 shilling
470 3944 24 19 to
507 3940 73 24 obtain
585 3960 5 8 N
593 3941 38 23 the

45 3976 61 16 same
113 3970 71 22 result
195 3970 56 24 from
265 3970 59 24 New
335 3970 101 25 Zealand
444 3971 56 26 flax,
534 3973 45 24 We
587 3974 45 23 add

552 40 97 48 &i)g
673 43 120 42 3ffrttt
823 43 208 41 igralaitft
1058 44 200 56 ißayttf
1274 47 90 40 ana
1390 46 305 55 apiHfoflton
1719 46 251 50 £ptctatot\
