2529 4050
661 144 36 21 for
706 143 33 23 the
748 147 89 25 present
847 149 59 18 must
913 145 68 22 desist
987 153 5 18 ;
1008 145 46 22 and
1064 153 29 14 on
1102 153 62 15 some
1170 146 72 22 future

662 171 105 26 occasion,
781 172 10 21 I
806 172 63 21 shall-
880 172 42 27 beg
931 172 62 21 leave
1003 175 32 18 to.
1042 172 89 22 trouble
1141 179 56 21 your
1206 181 37 13 co-

661 197 69 22 lumn's
739 198 66 26 again
817 205 30 14 on
857 197 44 23 this
911 199 91 27 subject.
1024 205 2 6 '
1037 200 4 4 '

738 230 11 24 I
762 230 55 22 have
828 230 36 22 the
875 231 69 22 honor
957 235 22 18 to
989 231 35 27 be,
1036 231 44 27 Sir,

792 262 64 21 Your
864 262 105 22 obedient
982 262 92 22 humble
1084 266 96 24 servant,
1203 269 4 2 '

652 295 2 6 '
673 306 3 3 -
690 299 4 3 '
805 294 2 5 '
817 311 8 7 ..
857 301 4 8 (
1040 296 23 23 J.
1078 297 138 23 M'Carthy.

689 321 126 23 November
824 323 35 25 21,
871 323 61 21 1842:

663 381 56 22 New
730 382 111 22 Zealand
857 389 23 15 in
897 384 65 24 1842;
981 389 30 15 or
1026 389 46 16 tub
1089 390 94 15 effects
1193 391 27 14 of
1231 393 13 14 a

680 409 55 25 .Bad
761 410 162 21 Government
947 416 29 15 on
1001 417 15 14 a
1040 409 66 22 Good
1127 411 116 22 Country.

664 441 3 2 '
691 435 27 21 In
730 443 13 14 a
759 435 103 26 Letter.
868 443 28 14 to
918 443 44 14 the
983 435 80 23 Right
1086 436 163 23 Honourable'

690 462 61 21 Loud
776 462 113 25 Stanley,
915 462 127 22 Principal
1064 463 136 22 Secretary
1219 471 26 14 op

690 488 70 22 State
782 495 42 14 for
835 495 55 15 -the
911 489 121 26 Colonies,
1057 496 29 14 by
1109 490 23 21 S.
1158 490 32 21 M.
1216 488 27 25 t).

690 515 105 27 Martin,
821 515 71 27 M.D.,
918 515 131 22 President
1074 523 27 14 of
1123 523 46 15 the
1190 517 54 22 New

666 550 3 8 *
689 541 108 22 Zevland
810 542 153 22 Aborigines'
977 542 145 22 Protection
1136 546 109 21 Associa-

689 575 58 20 tion,
759 575 46 15 and
826 575 89 15 LATELY
935 576 13 14 A
968 569 155 22 MAGISTRATE
1148 577 26 15 OF
1199 578 44 15 THE

692 595 98 22 Colony.
971 605 3 3 •
1123 593 4 5 '
1148 607 3 5 .
1162 606 2 4 •
1196 605 4 4 •

782 649 4 6 ,
795 629 126 26 {Continued
923 629 61 26 from
993 636 40 18 oyr
1043 630 59 27 last.]

691 662 62 27 Such,
775 670 37 20 my
832 663 67 27 Lord,
920 663 18 21 is
956 662 37 22 the
1013 663 105 28 unhappy
1138 664 58 26 logic
1214 664 30 28 by

664 696 70 15 means
746 689 27 21 of
786 690 70 21 wbich
871 689 37 23 the
925 690 115 26 European
1056 690 135 23 inhabitants
1201 688 44 25 anil

666 716 87 21 Natives
769 716 26 21 of
812 720 51 17 New
880 716 98 23 Zealand
995 716 55 22 have
1067 718 55 21 been
1141 718 103 26 deprived

665 742 25 21 of
703 742 31 22 the
744 742 70 28 rights
830 743 26 21 of
868 742 144 28 Englishmen
1028 744 45 21 and
1085 751 62 19 men;
1164 744 43 21 and
1217 744 27 28 by

666 776 70 15 means
747 771 22 19 of
781 770 78 26 which,
866 777 24 14 so
899 777 64 19 many
972 770 103 22 disasters
1082 770 57 22 have
1150 770 94 23 befallen

666 795 36 22 the
716 796 81 21 settlers
814 797 26 20 of
852 796 42 22 this
911 797 141 21 unfortunate
1068 801 102 23 country.
1183 814 3 7 ,
1198 797 47 22 The

666 822 122 22 Onli'iance
799 823 25 22 of
831 822 37 23 the
879 823 115 22 Governor
1001 823 43 21 and
1056 824 91 21 Council
1159 824 25 21 of
1191 824 54 21 New

666 849 64 22 South
747 849 81 26 Wales,
849 857 42 14 was
906 857 62 14 re-en
977 850 58 21 icted
1051 850 24 21 in
1093 850 42 25 this
1152 850 91 28 Colony,

666 876 144 28 immediately
817 877 56 21 after
880 876 28 22 its
916 877 123 27 separation
1050 876 54 21 from
1113 876 52 21 New
1177 877 68 22 South

666 903 76 21 Wales.
774 903 43 22 But
827 903 40 21 her
884 903 93 27 Majesty
988 903 88 26 having'
1087 903 55 20 been
1156 902 89 28 pleased

664 932 22 17 to
697 929 98 22 intimate
805 934 22 17 to
837 930 34 21 his
883 930 134 26 Excellency
1027 929 39 21 her
1076 929 138 27 disapproval
1224 932 25 20 of

666 956 34 21 Sir
709 956 85 27 George
811 956 77 27 Gipps'
899 957 50 24 Act,
960 955 96 22 another
1065 956 98 27 meeting
1173 957 25 20 of
1210 956 35 23 the

666 982 129 27 Legislative
805 983 93 20 Council
908 983 26 20 of
946 981 42 22 this
998 981 86 28 Golcmy
1096 989 42 14 was
1148 984 97 27 speedily

665 1009 74 21 called.
769 1009 21 21 A
800 1016 48 14 new
859 1009 43 21 Bill
919 1016 43 14 was
977 1008 120 22 submitted
1113 1010 29 25 by
1151 1009 34 21 his
1202 1010 41 22 Ex-

665 1035 103 26 cellency,
788 1035 101 26 differing
905 1035 22 21 in
942 1042 61 14 some
1021 1042 101 14 measure
1136 1035 57 22 from
1209 1038 36 21 the

664 1061 84 26 former,
760 1061 71 21 which
842 1061 120 33 pretended
978 1066 22 16 to
1019 1061 63 21 leave
1092 1068 14 14 a
1121 1063 86 25 portion
1223 1064 26 21 of

665 1087 56 21 their
729 1087 63 21 lands
802 1091 22 17 to
835 1087 36 23 the
882 1087 132 23 claimants.'
1034 1088 48 22 The
1094 1088 73 27 object
1176 1090 26 21 of
1209 1090 36 21 the

666 1114 54 21 New
727 1114 99 22 Zealand
837 1114 41 22 Bill
891 1122 43 14 was
944 1119 20 17 to
975 1115 86 26 compel
1080 1115 36 21 the
1127 1115 85 23 settlers
1223 1122 21 17 to

665 1141 112 21 surrender
786 1141 36 22 the
832 1141 71 22 whole
914 1141 26 21 of
946 1141 56 22 their
1009 1141 64 22 lands
1080 1144 23 18 to
1111 1143 38 20 tlie
1148 1165 5 5 v
1160 1143 84 27 Crown,

665 1167 43 21 and
720 1172 16 17 to
747 1168 51 22 take
810 1168 63 22 value
884 1169 34 23 for
929 1167 34 23 the
978 1173 91 17 amount
1080 1168 47 22 that
1136 1170 73 21 would
1220 1171 25 20 be

665 1194 98 22 awarded
774 1195 28 27 by
817 1195 36 21 Sir
869 1195 87 26 George
972 1195 78 27 Gipps'
1061 1195 50 23 Act,
1122 1195 24 22 in
1164 1198 81 21 certain

664 1221 122 22 allotments
796 1222 21 21 in
829 1222 38 21 the
871 1222 96 26 'vicinity
979 1222 26 21 of
1012 1221 127 28 Auckland,
1151 1223 41 22 and
1205 1228 40 17 two

665 1255 23 13 or
706 1247 56 23 three
779 1248 63 22 other
859 1247 125 29 townsliips.
1014 1249 48 21 The
1078 1248 76 27 design
1172 1250 26 21 of
1210 1250 35 22 the

666 1274 148 22 Government
824 1275 85 21 officers
920 1276 21 20 in
958 1275 61 21 thus.
1024 1275 92 25 seeking
1133 1282 20 15 to
1170 1277 77 22 collect

666 1301 37 21 the
712 1301 124 27 population
849 1302 25 20 of
885 1302 37 21 the
937 1301 84 28 Colony
1031 1302 84 22 around
1128 1303 117 22 Auckland

665 1335 44 14 was
718 1329 106 25 naturally
834 1329 109 26 supposed
956 1329 28 26 by
995 1330 38 20 the
1049 1329 118 22 claimants
1175 1335 39 17 not
1224 1336 21 15 to

666 1354 26 22 be
702 1362 22 14 so
732 1355 66 21 much
811 1355 33 21 for
854 1355 57 21 their
919 1355 89 27 benefit,
1018 1363 24 14 as
1049 1355 53 21 with
1111 1356 37 22 the
1160 1357 53 21 view
1224 1358 25 21 of

666 1381 122 27 enhancing
805 1381 37 22 the
863 1382 64 22 value
935 1381 33 22 'of
985 1389 62 15 some
1066 1386 59 18 town
1145 1388 100 24 property

664 1407 63 28 lately
737 1409 105 26 acquired
858 1409 27 26 by
899 1409 37 21 the
953 1409 153 21 Government
1121 1411 97 26 officers.;
1233 1418 14 14 a

665 1435 89 26 subji'ct,
756 1451 6 11 v
765 1438 23 18 t<>
798 1435 71 21 which
887 1435 10 21 I
916 1435 41 21 will
974 1435 53 22 take
1038 1432 129 32 the^liberty
1176 1438 26 20 of
1213 1445 20 14 ri
1231 1445 15 9 I-

664 1461 68 27 fermg;
743 1470 61 13 more
819 1462 138 27 particularly
967 1462 22 22 in
1004 1463 95 21 another
1109 1468 48 22 part
1167 1464 26 21 of
1204 1464 42 21 this

666 1487 64 23 letter.
763 1489 41 21 His
820 1489 134 26 Excellency
964 1496 44 14 was
1024 1489 22 21 in
1066 1490 36 21 the
1118 1491 49 24 end,
1179 1491 68 24 under

666 1516 36 20 the
719 1515 105 24 upcessity
840 1516 24 21 of
882 1516 142 27 abandoning
1040 1516 43 22 this
1100 1524 106 19 measure,
1218 1526 26 13 on

666 1546 90 18 account
770 1543 26 20 of
812 1542 37 22 the
864 1543 122 26 opposition
1002 1542 24 22 of
1046 1543 37 21 the
1101 1551 45 14 nun
1167 1544 78 22 official

666 1569 111 26 members,
789 1576 23 14 as
824 1569 46 21 well
882 1577 24 13 as
922 1577 27 13 on
965 1572 95 19 account
1076 1571 26 20 of
1114 1572 13 18 >i
1138 1570 48 22 firm
1193 1572 52 21 'and

666 1595 57 22 fixed
731 1595 171 22 determination
913 1603 28 15 on
957 1596 36 22 the
1003 1601 51 22 part
1069 1598 27 20 of
1106 1597 37 21 the
1160 1598 85 22 settlers

665 1627 39 16 not
715 1626 17 18 to
742 1622 83 22 submit
831 1621 26 23 'to
867 1623 23 21 it.

692 1649 97 21 Another
807 1650 42 20 Bill
867 1654 51 21 Was,
929 1649 108 28 however,
1050 1650 138 27 substituted,
1204 1652 41 21 and

666 1676 123 26 eventually
799 1676 84 27 passed.
914 1677 52 21 This
976 1677 40 21 Bill
1026 1677 77 27 washy
1115 1685 47 20 way
1174 1678 26 21 of
1204 1678 41 22 dis-

667 1703 87 21 tinction
766 1703 70 21 called
873 1703 47 22 The
932 1705 42 19 Bill
983 1704 27 25 of
1155 1705 90 22 because

668 1729 36 22 the
715 1730 217 27 Attorney-General
942 1731 43 21 and
1000 1731 38 21 the
1054 1731 99 22 Colonial
1170 1733 74 20 Secre-

667 1760 53 23 tary,
730 1757 35 21 the
777 1757 91 21 fiamers
881 1758 42 20 and
941 1758 117 27 projectors
1074 1758 25 21 of
1116 1758 53 21 buth
1185 1758 58 27 Bills,

666 1783 126 22 threatened
803 1783 37 22 the
852 1784 41 27 day
904 1784 37 21 the
951 1785 40 20 last
1003 1785 43 21 Bill
1056 1792 43 14 was
1106 1785 82 21 thrown
1201 1792 43 19 out,

668 1811 54 20 that-
729 1810 36 22 the
779 1809 97 23 'settlers'
885 1812 72 21 would
974 1812 55 21 have
1048 1819 65 14 cause
1134 1816 21 17 to
1174 1818 72 21 regret

669 1837 53 21 their
737 1837 130 28 opposition,
889 1845 23 14 as
931 1838 36 21 the
985 1842 55 17 next
1061 1838 41 21 Bill
1123 1838 73 22 would
1219 1840 26 21 be

667 1864 109 27 infinitely
786 1872 71 13 .worse
869 1865 33 20 for
918 1865 58 21 them
993 1866 53 21 than
1064 1865 37 22 the
1117 1865 55 21 first.
1204 1866 40 21 Mr.

670 1891 58 26 Earp,
741 1892 48 25 (the
798 1891 51 26 only
859 1891 151 27 independent
1017 1892 99 21 member
1123 1892 25 21 of
1156 1892 88 22 Council

667 1922 22 16 at
701 1917 30 21 the
743 1919 70 26 time,)
826 1919 138 27 strenuously
977 1919 46 21 and
1033 1919 101 27 honestly
1151 1920 96 26 opposed

668 1945 51 20 both
730 1952 119 19 measures,
866 1945 43 21 and
927 1952 82 15 enter.ce
1009 1946 5 11 1
1031 1953 14 14 a
1063 1950 81 22 protest
1162 1947 85 25 against

668 1971 36 21 the
716 1972 36 20 last
764 1972 48 24 Bill,
825 1979 28 14 on
864 1972 126 21 accoutttof
1002 1972 80 24 which,
1093 1973 43 21 and
1154 1974 92 21 because

667 1998 25 20 of
704 1997 31 22 the
755 1998 126 21 confidence
894 1999 78 27 placed
983 1999 23 21 in
1019 2000 44 20 him
1074 2000 28 26 by
1115 2000 36 21 the
1166 1999 78 27 public,

668 2025 36 21 •he
715 2025 105 21 members
835 2025 27 21 of
873 2026 91 21 Council
981 2025 123 27 persuaded
1119 2026 34 21 his
1170 2026 76 21 Excel-

667 2051 74 27 lencey
766 2056 23 16 to
812 2051 90 28 deprive
927 2052 50 21 him.
993 2052 26 21 of
1045 2052 33 21 his
1102 2058 47 16 seat
1167 2052 22 21 in
1211 2052 42 22 the'

670 2077 127 27 Legislative
808 2078 101 25 Council,
920 2078 73 22 which
1003 2086 44 13 was
1058 2079 56 21 done
1126 2079 130 26 forthwith;-'

670 2104 194 28 notwithstanding
889 2105 36 21 the
949 2105 178 28 disapprobation
1156 2106 26 21 of
1210 2108 35 19 tlie

667 2131 67 27 public
753 2132 26 20 of
796 2131 68 26 such,
866 2139 27 14 an
911 2133 166 26 extraordinary
1094 2133 43 21 and
1149 2133 97 21 unheard

668 2159 24 19 of
704 2164 36 20 act,
753 2159 44 20 and
813 2159 38 20 the
868 2159 48 21 well
933 2159 77 22 known
1026 2160 159 21 circumstance
1203 2160 46 21 that

668 2185 36 21 the
716 2186 58 20 other
784 2189 42 17 two
835 2185 135 22 uon-otiicial
983 2187 111 21 members
1110 2194 56 15 were
1183 2195 64 19 pecu-

668 2212 58 27 liarly
737 2213 74 20 bound
828 2216 29 22 to.,
873 2213 43 21 and
937 2213 102 21 attached
1054 2218 22 17 to
1093 2214 36 21 the
1146 2214 102 22 Govern-

668 2244 63 22 ment,
744 2239 42 22 and
798 2240 58 21 othei
862 2239 49 23 wise
930 2240 53 22 from
1001 2240 115 22 education
1136 2241 45 22 and
1197 2249 50 20 pur-

668 2266 52 21 suits
732 2266 21 21 in
772 2266 43 27 life,
838 2272 57 16 most
908 2267 97 27 unlikely
1021 2271 21 18 to
1059 2268 83 28 uphold
1158 2268 37 21 the
1215 2270 33 20 in-

668 2297 69 18 terests
748 2294 27 26 of,
786 2294 35 21 the
833 2294 110 27 colonists,
963 2302 25 14 or
1004 2299 21 17 to
1040 2295 126 27 appreciate
1175 2295 72 27 public

669 2327 113 19 measures,
795 2322 52 21 such
859 2329 23 14 as
892 2326 59 17 must
960 2329 49 14 now
1020 2320 149 23 enme'before
1186 2324 59 21 them

668 2348 22 21 in
702 2347 51 22 their
763 2355 48 14 new
822 2348 44 22 and
876 2349 138 29 unexpected
1024 2346 113 30 situation,
1145 2356 24 15 as
1176 2349 72 23 Mem-

670 2378 47 17 bers
725 2375 24 20 of
760 2382 14 14 a
786 2375 133 26 Legislative
931 2376 99 25 Council.

694 2402 61 21 After
765 2402 131 28 submitting
906 2407 21 18 to
944 2403 59 22 three
1015 2411 64 20 years
1090 2411 105 20 suspense
1205 2405 43 22 and

668 2429 84 27 anxiety
762 2428 24 22 in
803 2430 42 21 this
860 2430 79 21 fearful
956 2431 68 22 Court
1038 2432 26 21 of
1075 2431 125 27 Chancery,
1212 2433 36 20 the

669 2455 51 22 land
732 2456 115 25 claimants
864 2456 58 22 have
937 2457 41 22 still
995 2465 25 14 as
1035 2458 57 21 little
1108 2463 102 23 prospect
1225 2467 24 13 as

668 2490 55 20 ever,
733 2483 26 21 of
767 2483 115 27 obtaining
892 2491 43 20 any
944 2484 60 28 thing
1016 2485 43 21 like
1068 2493 14 13 a
1090 2485 127 22 favourable
1226 2494 24 13 or

668 2510 105 27 equitable
795 2511 127 22 settlement
946 2512 24 21 of
990 2512 43 21 this
1057 2513 110 26 question.
1205 2513 43 21 Mr.

668 2537 62 27 Spain
741 2536 37 24 the
791 2538 168 21 Commissioner
974 2538 120 28 appointed
1111 2540 28 26 by
1151 2539 39 21 her
1201 2540 49 21 Ma-

664 2564 58 27 jesty
729 2569 20 17 to
760 2564 129 27 investigate
902 2565 56 22 their
967 2566 77 21 claims
1056 2566 39 21 has
1105 2566 55 22 been
1172 2566 28 27 by
1209 2566 41 22 this

667 2596 34 16 act
711 2592 112 26 purposely
833 2592 141 27 superceded,
987 2589 92 25 aud'the
1090 2597 42 17 two
1144 2593 106 24 Commis-

667 2618 77 22 sioners
755 2618 26 22 of
793 2619 34 22 Sir
842 2619 88 27 George
946 2620 69 27 Gipps
1025 2620 65 27 again
1106 2623 50 18 sent
1170 2627 80 20 among

668 2645 36 21 the
715 2645 47 22 land
772 2646 117 21 claimants
899 2649 23 18 to
932 2651 63 17 exact
1002 2654 62 14 more
1075 2647 55 21 fines
1141 2647 45 21 and
1197 2648 52 26 fees,

666 2672 45 21 and
720 2672 102 27 although
833 2674 17 20 it
861 2680 43 14 was
913 2673 116 22 intimated
1045 2681 14 14 a
1075 2674 61 21 short
1146 2674 53 22 time
1209 2681 41 20 ago

667 2698 48 22 that
726 2700 50 26 they
795 2700 40 21 had
852 2700 165 22 condescended
1035 2708 28 14 on
1082 2701 90 27 making
1190 2708 60 15 some

667 2731 79 23 reports
762 2734 28 14 on
807 2727 83 21 certain
908 2728 27 20 of
946 2728 36 21 the
1000 2727 78 21 claims
1095 2728 118 22 submitted
1230 2733 20 17 to

667 2752 63 28 them,
741 2754 23 20 in
775 2754 136 22 accordance
923 2754 50 22 with
989 2754 37 22 the
1036 2754 42 22 last
1089 2755 38 21 bill
1139 2755 78 27 passed
1226 2755 23 21 in

667 2780 42 21 this
723 2779 124 28 Colony^it
863 2788 92 20 appears
969 2781 104 21 however
1089 2781 48 21 that
1151 2789 59 15 none
1230 2783 25 20 of

666 2806 59 22 these
733 2807 77 21 claims
821 2814 41 14 can
874 2808 27 21 be
906 2808 63 26 given
976 2812 40 18 out
1023 2808 57 22 until
1086 2809 41 21 her
1136 2809 116 27 Majesty's

666 2834 97 26 pleasure
774 2834 19 21 is
802 2835 65 26 again
883 2835 66 21 made
965 2835 83 21 known'
1064 2837 32 19 to'
1102 2835 41 22 her
1152 2840 101 18 servants

668 2861 20 20 in
701 2860 37 21 this
749 2860 93 26 Colony,
856 2863 23 19 d$
893 2861 19 21 it
922 2861 17 21 is
949 2863 102 25 reported
1066 2862 47 22 that
1127 2870 12 14 a
1150 2863 100 27 dispatch

668 2886 38 21 has
717 2886 49 22 been
779 2888 99 26 recently
886 2889 103 21 received
1007 2889 57 21 from
1080 2897 57 19 your
1155 2889 96 28 lordship

667 2914 121 26 conveying
798 2914 37 21 the
847 2915 141 26 intelligence
998 2916 23 20 bi
1035 2915 40 21 her
1087 2916 117 27 M.ijesty's
1213 2924 39 20 ap-

654 2941 81 25 proval
748 2941 27 20 of
782 2940 37 21 the
829 2940 82 22 former
922 2941 42 27 bill,
976 2939 99 24 founded
1083 2950 28 14 on
1121 2944 34 20 Sir
1165 2943 86 28 George

668 2966 72 27 Gipps*
751 2967 52 22 Act.
815 2968 47 21 .'So
871 2967 49 22 that
936 2968 16 21 it
967 2969 18 21 is
1000 2968 113 28 evidently
1125 2970 37 22 the
1175 2968 43 24 f'ato
1230 2972 24 20 of

667 2993 37 22 the
713 2994 50 21 land
774 2994 116 22 claimants
901 2999 22 16 to
934 2995 26 21 be
970 2995 54 27 kept
1032 2995 35 21 for
1075 3003 52 15 ever
1136 2997 69 28 going
1215 2998 36 22 the

667 3020 65 22 round
744 3021 26 21 of
781 3018 123 24 thisSnaze
918 3023 26 19 of
953 3022 166 22 inter-colonial
1136 3023 81 28 policy,
1228 3032 24 14 or

668 3051 20 17 to
702 3048 84 21 forsake
803 3047 58 23 their
878 3048 56 22 hard
950 3048 82 22 earned
1049 3051 127 26 properties,
1189 3051 62 22 leave

668 3074 36 22 the
721 3079 88 23 country
822 3075 23 21 in
864 3074 85 28 despair
963 3075 49 22 and'
1028 3076 92 27 disgust,
1138 3077 45 21 and
1200 3077 53 23 bear

667 3101 37 21 the
715 3101 95 28 disgrace
820 3102 27 20 of
858 3102 67 26 being
936 3102 78 22 looked
1029 3110 61 21 upon
1110 3104 22 21 in
1148 3104 37 22 the
1196 3105 57 26 light

667 3129 25 20 of
704 3129 117 26 swindlers,
838 3128 49 22 who
904 3129 54 21 have
976 3129 66 22 made
1057 3130 58 22 their
1133 3138 78 21 escape
1230 3136 21 17 to

667 3154 60 22 avoid
738 3155 58 22 their
805 3155 80 28 paying
892 3155 48 28 just
949 3156 44 22 and
1007 3157 74 21 lawful
1097 3157 71 27 debts,
1179 3158 71 22 which

668 3182 36 21 the
720 3182 91 22 crooked
829 3183 79 26 policy,
925 3183 36 21 the
981 3184 117 22 vexatious
1115 3184 76 28 delays
1209 3186 41 22 and

666 3208 38 22 the
715 3209 116 27 iniquitous
842 3216 110 15 measures
959 3211 25 20 of
990 3210 38 22 the
1033 3210 59 22 local
1099 3211 153 24 Government

667 3235 55 22 have
730 3236 120 27 prevented
861 3236 60 22 them
932 3237 56 21 from
1000 3237 102 28 honestly
1112 3239 100 28 settling.

694 3262 87 27 Having
791 3263 101 22 behaved
902 3270 25 14 so
937 3262 88 29 harshly
1036 3269 22 17 to
1066 3265 37 21 the
1110 3265 36 22 old
1152 3263 43 25 ssillers,t
1198 3269 49 24 lers,

666 3290 17 21 it
693 3290 69 27 might
775 3289 56 22 have
849 3290 56 21 been
922 3290 78 22 almost
1012 3292 113 27 naturally
1142 3294 108 27 expected

668 3316 90 22 that'the
772 3317 86 21 officers
868 3317 25 21 of
906 3316 36 22 the
953 3317 61 22 'New
1029 3318 112 23 Zealand'
1150 3320 102 22 Govern-

668 3345 58 20 ment
733 3343 72 22 would
817 3343 58 22 have
885 3344 66 21 made
960 3352 60 14 some
1031 3345 75 22 efforts
1119 3349 24 19 to
1160 3347 91 22 concil.-

667 3376 35 16 ate
717 3370 33 22 the
769 3370 100 27 recently
885 3371 87 21 arrived
988 3371 142 28 immigrants
1146 3373 50 23 who
1211 3375 40 21 fol-

666 3397 76 23 lowed,
751 3397 23 21 in
789 3397 58 23 their
852 3423 5 6 a
864 3404 49 15 own
932 3400 66 24 wake,
1017 3399 46 22 and
1080 3404 22 17 to
1114 3400 65 22 make
1191 3408 58 18 room

667 3424 33 22 for
708 3424 69 22 whom
794 3423 17 22 it
826 3423 73 28 might
915 3424 55 22 have
988 3425 55 23 been
1061 3427 123 27 pretended
1199 3429 51 26 they

668 3458 55 14 were
864 3455 21 17 to
910 3451 98 23 sacrifice
1033 3453 47 25 the,
1095 3453 37 23 old
1151 3455 98 24 settlers;

667 3477 108 28 prudence
786 3477 74 23 would
869 3477 58 23 have
942 3480 123 26 suggested,
1076 3480 55 22 such
1148 3489 13 13 a
1168 3494 2 6 .
1176 3489 74 14 course

709 3512 44 24 any
769 3505 65 21 other
852 3509 33 17 set
902 3505 26 22 of
944 3513 51 15 men
1014 3506 103 24 however
1128 3509 123 21 avaricious

655 3543 2 6 ■
666 3531 52 28 they
726 3531 70 28 might
805 3532 26 21 be
837 3540 6 19 ;
859 3531 40 23 but
908 3533 114 31 prudence
1037 3541 69 15 never
1121 3535 87 22 formed
1222 3543 27 14 an

667 3556 123 24 I'lemen'tin
800 3559 38 21 the
850 3560 141 22 constitution
1003 3560 26 22 of
1040 3561 38 22 the
1089 3561 57 22 New
1153 3562 98 22 Zealand

668 3586 154 22 Government.
866 3585 27 23 In
920 3586 41 22 this
981 3587 100 23 instance
1106 3589 38 22 the
1167 3589 84 22 officers

666 3612 129 23 manifested
814 3617 22 16 to
854 3620 14 14 a
882 3613 79 25 higher
976 3619 77 17 extent
1069 3615 53 22 than
1144 3618 63 25 ever;,
1215 3616 36 21 the

666 3639 60 23 usual
740 3639 133 23 indications
888 3640 26 22 of
932 3641 170 29 incompetency
1120 3642 49 22 and
1188 3643 66 21 reck-

666 3667 91 21 lessness
782 3666 101 27 together
908 3667 50 22 with
983 3676 13 13 a
1021 3676 62 15 more
1105 3669 145 31 undisguised

666 3694 73 27 design
759 3698 23 17 to
805 3693 65 23 make
890 3701 66 22 every
974 3694 64 29 thing
1058 3696 23 21 in
1103 3695 73 23 which
1200 3696 50 27 they

665 3720 98 28 engaged
788 3720 141 22 subservient
952 3727 22 16 to
996 3722 60 22 their
1080 3730 50 15 own
1153 3723 97 22 interest.

667 3747 67 23 While
747 3747 58 27 ,they
822 3747 115 23 harrassed
954 3748 44 22 and
1015 3750 104 27 annoyed
1131 3749 37 22 the
1178 3750 73 21 immi-

664 3778 79 24 grants,
755 3775 29 26 by
795 3773 104 28 loitering
908 3782 61 21 away
982 3775 58 22 their
1050 3777 54 21 time
1115 3781 24 17 at
1150 3776 37 22 the
1205 3777 46 32 Bay

665 3802 26 22 of
704 3801 83 23 Islands
805 3800 23 22 in
848 3801 37 21 the
903 3802 132 28 enjoyment
1051 3803 25 21 of
1099 3803 43 21 the-
1156 3803 94 22 childish

665 3828 135 29 occupation,
821 3832 23 17 to
864 3827 72 23 which
955 3829 12 22 I
987 3829 60 22 have
1063 3829 90 22 alluded
1172 3830 24 21 in
1214 3829 37 23 the

658 3853 55 25 'first
722 3858 45 25 part
775 3855 27 21 of
812 3853 45 24 this
868 3854 73 28 letter,
952 3856 51 27 they
1010 3862 72 16 never
1091 3856 36 22 for
1132 3864 14 13 a
1152 3860 101 19 moment

664 3883 53 22 took
732 3883 49 21 into
800 3881 169 28 consideration,
989 3883 38 22 the
1047 3883 57 22 cond
1110 3883 53 22 ition
1177 3884 27 21 of
1214 3883 38 22 the

664 3909 108 23 hundreds
782 3907 51 24 who
844 3916 56 15 were
910 3909 141 33 impatiently
1061 3910 45 21 and
1116 3909 136 23 uncomfort-

655 3937 63 29 ably
725 3936 96 27 waitings
825 3935 41 26 till:
868 3934 61 30 they
932 3936 43 22 had
987 3935 97 23 finished
1099 3937 58 22 their
1165 3938 88 22 arrfuse-

664 3967 69 20 meuts
734 3978 7 12 >
750 3964 26 22 in
791 3963 38 22 tlie
846 3962 58 28 hope
921 3962 48 22 that
986 3963 54 26 they
1054 3963 75 22 would
1144 3963 108 28 purchase

558 57 101 52 gEftfg
674 58 124 51 ..Wjrtp
824 57 211 43 geaianft
1060 60 191 46 i&attttt
1274 62 93 40 ana
1393 62 300 47 vmcMmton
1714 66 251 45 sptcmox.

52 151 38 21 the
113 146 146 30 preparation,
272 144 27 22 of
328 143 38 22 the
388 143 53 22 New
464 143 101 24 Zealand
582 144 53 23 'flax

52 178 36 20 for
104 179 76 23 export
196 174 62 24 have,
267 174 4 24 ;
280 177 24 14 as
318 177 45 20 you
431 177 14 15 a
448 178 63 20 ware,
536 173 96 20 arrested

51 203 37 21 the
99 200 106 23 attention
217 198 26 21 of
256 204 65 18 every
332 203 43 14 one
386 196 48 22 who
444 197 55 22 feels
512 197 122 23 interested

51 228 71 23 inthe
134 226 118 28 prosperity
263 222 25 22 of
299 224 36 20 the
346 223 86 28 colony,
440 224 45 21 and
492 224 139 27 expectation

48 256 21 21 is
85 258 76 20 strong
175 252 46 21 that
313 257 41 14 one
372 250 103 24 or.oiher
490 250 24 22 of
531 250 37 22 the
585 258 50 14 ma-

50 281 84 23 chines,
144 278 72 22 either
222 276 127 22 constucted
358 276 24 22 in
394 276 163 28 England'and,
566 277 69 27 being

50 311 50 19 sent
115 309 45 20 out,
172 311 24 14 or
208 304 25 21 in
244 309 100 21 progress
358 304 23 21 in
397 303 35 22 the
448 304 93 26 Colony,
553 304 43 21 will
606 304 28 21 be

52 331 125 25 successful.
268 351 5 9 t
301 337 4 3 '
342 337 3 4 '

80 359 50 22 Had
142 358 35 21 the
188 356 99 27 Natives,
303 356 86 22 instead
405 356 25 21 of
447 356 88 28 leaving
552 356 34 22 off
595 356 39 23 the

45 384 144 31 ■preparation
205 383 80 22 of'flax
295 384 34 20 for
344 382 52 32 sale,
414 389 23 15 as
452 382 52 27 they
522 382 63 28 have,
599 384 36 21 for

51 412 114 23 sometime
190 410 62 26 done,
278 409 120 22 continued
422 412 23 19 to
465 416 91 20 prepare
573 410 17 21 it
608 410 24 21 in

52 438 102 29 quantity
165 437 123 25 increasing
304 436 50 21 with
368 435 36 22 the
415 435 112 22 extended
537 436 96 22 demand

50 464 71 24 which
139 464 108 26 necessity
267 464 36 20 for
314 469 27 15 an
360 468 79 21 export
455 462 43 22 will
506 469 56 15 .now
572 470 61 15 more

46 493 59 22 •than
125 496 52 16 ever
196 490 109 26 occasion,
327 488 36 23 the
384 488 104 28 Colony's
506 488 128 30 flaxjtr.ade

52 518 71 23 would
135 518 56 21 have
201 517 55 21 been
268 523 28 14 on
307 523 13 14 a
335 515 86 26 looting
434 514 151 29 independent
600 516 35 22 for

48 552 69 21 years,
132 548 22 18 to
164 549 4 4 '
174 550 61 15 come
255 542 25 21 of
301 542 27 21 all
348 537 104 27 machine
476 544 157 26 preparations.
629 549 5 10 1

50 572 48 23 The
114 572 59 26 price
191 574 21 17 at
226 568 72 23 which
314 568 53 27 they
384 575 41 15 can
440 568 97 28 produce
547 570 18 20 it
574 570 24 26 is,
611 575 23 16 to

52 606 38 19 say
102 596 37 23 the
150 597 54 21 least
214 596 26 21 of
250 596 24 25 it,
287 602 27 15 no
325 596 85 21 barrier
421 600 21 17 to
453 596 27 21 its
497 600 90 23 export;
604 604 29 14 on

49 625 39 22 the
109 627 105 23 contrary,
236 622 66 21 taken
320 622 23 21 in
368 622 131 22 connection
523 622 51 22 with
596 623 38 22 the

51 651 84 28 quality
146 650 24 21 of
179 649 35 22 the
229 649 47 21 flax
293 649 119 26 produced,
429 649 11 22 I
459 649 83 22 believe
557 650 18 21 it
590 649 43 22 will

51 678 63 22 stand
131 685 12 13 a
158 676 128 21 favourable
302 676 136 27 comparison
459 676 49 21 with
528 676 108 28 anything

50 705 48 21 that
109 710 51 20 may
175 703 26 21 be
217 702 134 27 confidently
369 702 109 28 expected
495 702 25 21 of
532 704 103 21 machine

52 731 128 26 production
192 730 30 21 for
233 737 11 13 a
255 729 60 27 lapse
326 729 25 21 of
360 729 62 21 time.
447 729 27 22 In
485 729 38 22 the
534 730 99 27 absence,

49 756 148 26 however,,of
206 755 55 22 such
272 755 84 27 supply,
374 756 139 26 proceeding,
531 763 25 14 as
572 756 64 23 those

50 785 49 21 be<t
121 782 145 27 accquainted
287 782 52 21 with
363 781 37 22 the
425 783 141 26 occupations
589 784 47 21 and

49 811 95 22 feulings
154 810 25 21 of
192 809 35 22 the
238 809 92 21 Natives
341 809 48 21 well
401 809 72 26 know,
490 810 71 26 partly
578 810 57 23 from

50 837 105 26 devo'ing
165 843 61 14 more
238 836 23 21 of
276 835 57 22 their
349 836 53 21 time
422 836 52 21 than
492 837 103 27 formerly
614 842 22 17 to

48 868 90 24 potatoe
148 863 137 26 cultivation,
297 863 43 20 and
352 863 72 26 partly
436 863 54 21 from
502 871 13 13 a
525 863 70 22 desire
613 869 22 16 to

50 890 107 22 maintain
170 890 42 20 and
223 889 64 22 make
298 896 26 15 us
333 889 44 22 feel
392 896 39 14 our
447 889 142 28 dependence
606 899 29 13 on

50 913 61 26 tliem
123 916 35 21 for'
166 923 13 14 a
189 916 44 21 flax
243 917 91 26 supply,'
341 916 15 21 it
367 916 40 21 has
417 917 94 21 occured
519 920 22 17 to
548 925 34 14 me
591 918 42 21 and

52 951 14 14 a
74 943 42 22 few
127 943 81 27 others,
220 943 49 21 who
280 943 55 21 have
347 943 50 27 paid
409 950 61 14 some
486 944 108 21 attention
613 949 22 16 to

51 970 44 21 and
101 969 45 22 feel
152 970 118 21 interested
278 970 23 21 in
311 969 35 22 the
358 972 86 24 matter,
455 969 46 22 that
513 977 13 14 a
534 977 101 15 measure

52 997 61 21 there
123 997 24 26 is,
158 996 78 28 simple
254 996 45 21 and
315 1003 52 21 easy
377 998 33 19 'of
425 996 128 22 immediate
568 997 68 27 adop-

50 1023 56 26 tion,
124 1023 78 27 which,
221 1023 64 21 while
301 1024 23 20 if
333 1023 75 22 would
424 1023 56 21 have
492 1024 36 20 the
539 1023 64 22 effect
612 1024 27 21 of

50 1050 91 26 stirring
151 1057 29 19 up
192 1050 35 21 the
239 1049 122 22 Natives'to
372 1050 105 21 anactive
485 1050 158 26 competition,'

50 1084 68 20 opens
128 1084 30 20 up
168 1084 14 13 a
192 1076 51 22 field
255 1076 32 22 for
299 1076 35 21 the
346 1076 290 30 employment.ojf.starving

51 1103 81 22 British
157 1103 102 26 families,
269 1120 7 5 ,
285 1103 34 20 far
342 1103 112 20 extended
478 1109 24 14 as
513 1102 47 21 'the
589 1102 46 22 flax

50 1137 99 20 swamp?,
161 1129 49 22 hills
221 1129 45 21 and
275 1129 70 27 plains
359 1129 27 21 of
403 1129 60 21 these
480 1128 94 27 Islands,
592 1130 44 21 and

50 1160 71 19 create
132 1160 22 17 at
168 1163 56 14 once
241 1162 28 14 an
281 1160 78 23 export
374 1155 34 22 for
416 1155 38 21 the
465 1152 89 30 Colony'
561 1160 21 17 to
590 1163 53 20 any

41 1187 86 18 -extent
136 1183 49 21 that
193 1190 51 20 mny
255 1183 25 21 be
292 1182 94 21 desired.

75 1210 47 21 The
142 1217 101 14 measure
264 1209 10 22 I
294 1209 73 21 allude
388 1213 27 22 to,
436 1209 37 21 the
497 1209 94 28 training
612 1210 27 21 of

50 1237 99 22 children
161 1240 22 18 to
197 1237 37 20 the
245 1236 74 21 native
336 1243 87 20 process
432 1237 26 20 of
471 1237 101 26 scraping
584 1237 52 20 with

50 1264 37 21 the
97 1264 63 26 shell;
172 1263 45 22 and
224 1263 56 21 their
288 1267 103 17 constant
398 1264 134 26 subsequent
539 1264 97 26 employ-

49 1295 69 22 ment,
129 1297 92 21 appears
229 1295 21 16 to
261 1290 57 21 form
329 1297 27 14 an
368 1289 122 27 important
499 1290 44 21 and
551 1292 84 19 certain

50 1318 96 21 element
157 1317 26 21 of
195 1317 134 27 production,
346 1317 71 21 which
431 1317 69 26 ought
516 1320 21 17 to
554 1317 25 21 be
594 1317 42 22 iiii-

51 1344 115 27 mediatel}
182 1343 106 22 rendered
304 1344 108 21 available
448 1340 33 25 To
493 1343 104 22 overlook
612 1351 25 14 or

52 1371 63 26 delay
123 1372 27 19 its
156 1371 109 27 adoption,
273 1373 22 18 at
302 1377 52 14 once
361 1378 24 13 so
392 1370 79 27 simple
477 1370 43 21 and
528 1371 107 26 effective,

50 1405 25 14 so
86 1406 4 12 (
98 1397 69 22 ertain
179 1397 42 21 and
236 1404 25 13 so
271 1398 115 20 extensive
396 1397 21 20 in
430 1398 26 20 its
469 1397 84 26 results,
565 1397 71 22 would

52 1424 106 27 certainly
171 1424 25 21 be
213 1428 22 16 to
249 1423 88 26 negle.-t
351 1424 37 21 the
487 1424 22 21 in
525 1423 36 22 the
575 1424 61 21 hand

51 1453 33 20 for
95 1454 35 18 the
142 1451 108 26 supposed
261 1454 40 17 two
309 1451 21 20 in
340 1451 37 20 the
495 1451 65 21 From
567 1451 70 26 along

50 1478 42 21 and
105 1478 98 21 intimate
212 1477 136 22 intercourse
360 1477 52 21 with
424 1477 35 21 the
470 1478 86 21 natives
565 1478 21 20 in
600 1478 36 21 the

50 1504 124 22 flax-trade.
190 1504 7 21 I
209 1504 55 21 hitve
273 1511 27 13 an
309 1504 69 21 entire
387 1504 126 21 confidence
524 1504 48 21 that
582 1504 54 28 boys

50 1532 45 21 and
104 1532 52 26 girls
167 1531 55 21 from
235 1531 51 21 nine
301 1538 63 20 years
375 1531 25 21 of
412 1538 40 19 age
464 1531 104 27 upwards,
585 1539 51 19 may

52 1559 28 21 be
104 1558 68 26 easily
187 1557 86 22 trained
297 1559 21 20 in
344 1565 28 14 no
396 1558 53 26 lo.ig
477 1558 52 21 time
555 1562 20 17 to
585 1565 51 20 pre-

51 1592 55 21 pare
128 1586 18 20 it
165 1584 28 27 by
212 1584 37 22 the
275 1584 80 21 Native
379 1584 59 22 hand
457 1592 94 20 process.
588 1585 48 22 The

52 1612 75 21 native
148 1619 83 14 women
250 1619 90 19 prepare
354 1611 58 22 from
432 1619 67 14 seven
521 1616 21 17 to
559 1612 78 21 twelve

52 1638 87 28 pounds
154 1638 74 27 a-day,
245 1645 24 14 or
283 1643 23 16 at
316 1638 35 22 the
367 1642 57 17 moU
439 1638 114 22 moderate
569 1642 77 18 state-

53 1670 68 22 ment,
140 1665 196 22 half-a-hundered
351 1665 81 26 weight
447 1665 84 22 a-week
540 1673 5 18 ;
562 1666 44 21 and
621 1666 21 21 if

52 1700 32 14 we
95 1692 52 21 look
161 1693 34 21 for
204 1699 13 14 a
231 1697 130 16 moinenfat
379 1692 36 21 the
429 1692 113 22 hundreds
553 1693 26 20 of
591 1693 47 21 fac-

52 1724 49 22 tory
120 1726 83 14 women
224 1718 46 22 and
295 1718 98 22 children
409 1719 20 20 in
452 1720 69 21 Great
546 1720 90 25 Britain,

53 1746 72 21 whose
122 1770 6 6 #
135 1746 73 21 hearts
218 1745 72 22 would
302 1746 73 21 bunul
388 1745 50 22 with
453 1746 40 27 joy
502 1750 23 17 at
541 1746 36 21 the
588 1755 50 19 pro-

53 1776 61 22 spect
123 1772 122 27 of-nifiking
254 1773 40 20 but
304 1780 12 13 a
327 1772 67 27 living
405 1774 21 19 in
440 1774 41 19 this
493 1773 144 22 diitant'luud

53 1800 26 21 of
83 1799 56 22 their
145 1800 73 27 hopes,
229 1807 19 14 in
252 1800 5 13 ;
259 1799 40 27 ght
305 1805 37 16 not
349 1800 92 21 motives
450 1800 25 21 of
480 1800 156 25 benevolence,

53 1833 39 15 not.
102 1833 21 14 to
135 1827 97 21 mention
244 1827 39 25 the,
290 1826 88 28 placing
386 1827 26 20 of
419 1834 40 13 cur
469 1826 44 22 rl.ix
523 1835 115 14 resources

53 1861 28 14 on
114 1861 14 14 a
151 1853 82 22 certain
262 1854 43 21 and
328 1853 153 27 independent
510 1854 65 26 b-isis,
615 1859 24 16 at

53 1880 28 21 all
102 1884 77 18 event*
202 1880 62 21 these
283 1880 117 22 combined
421 1880 92 22 motives
532 1881 27 21 be
579 1881 60 21 suffi-

53 1908 61 20 cient
129 1911 22 18 to
165 1907 59 21 indu.
233 1914 11 14 c
260 1915 13 13 a
288 1907 74 22 Model
382 1907 176 22 Establishment
571 1908 68 26 being

51 1938 34 17 set
94 1941 13 14 a
121 1934 97 28 working
228 1941 27 14 on
267 1941 13 14 a
289 1934 58 21 scale
363 1938 23 17 to
396 1941 32 19 pr<
436 1934 56 21 duce
508 1934 21 21 in
542 1942 23 13 as
574 1939 65 22 great

41 1973 3 3 •
53 1960 121 28 quantities
184 1967 21 15 as
215 1960 101 28 possible,
328 1960 44 22 and
383 1961 83 21 exhibit
476 1965 22 16 to
509 1961 37 22 the
557 1961 81 23 British

55 1988 77 21 Public
144 1988 37 21 the
191 1988 128 21 realization
330 1988 24 21 of
368 1987 57 22 their
439 1987 117 22 cherished
571 1988 68 27 hopes

55 2015 26 20 of
88 2014 54 21 New
154 2014 106 27 Zealand,.

81 2041 47 21 The
143 2041 51 26 high
208 2042 138 26 importance
361 2041 27 20 of
399 2040 119 28 rendering
531 2041 43 21 this
589 2049 49 20 per-

52 2066 55 28 haps
116 2067 37 21 the
163 2072 58 16 most
236 2068 121 26 producing
368 2068 84 26 Colony
464 2068 47 21 that
527 2068 62 21 bears
601 2069 42 20 the-
646 2069 2 11 ;

53 2093 81 22 Butish
151 2101 70 18 nrime,
238 2094 43 21 and
298 2094 35 21 the
349 2094 103 21 manifest
466 2094 135 27 importance
617 2096 26 20 of

53 2120 29 21 its
95 2127 112 14 resources
224 2120 33 22 for
274 2120 115 27 achieving
408 2128 14 13 a
435 2122 93 26 position
544 2126 23 17 at
584 2122 55 21 least

54 2147 146 27 approaching
215 2150 23 18 to
255 2147 47 22 that
320 2148 51 25 high
389 2148 94 26 destiny,
501 2156 23 13 as
539 2150 50 24 they
602 2156 36 14 are

53 2174 56 21 facts
118 2174 94 22 familiar
227 2178 33 29 tiy
268 2174 44 22 and
323 2174 172 28 acknowledged
517 2175 29 27 by
563 2175 35 25 all,

53 2201 42 21 let*
102 2200 61 23 these
184 2202 24 21 be
227 2208 44 20 my-
285 2202 93 26 apology
398 2202 33 21 for
450 2202 113 27 troubling
581 2210 57 19 your

53 2228 87 21 readers
152 2228 49 21 with
340 2228 126 26 suggestion
471 2237 12 17 ••,
499 2229 106 22 intended
617 2233 22 18 t>

54 2254 49 22 lead
114 2258 21 17 to
151 2254 123 28 something
291 2263 59 14 more
367 2255 156 22 definite-than
536 2263 31 14 we
582 2256 56 22 have

51 2286 37 22 yet
99 2281 42 22 had
150 2286 20 17 to
182 2282 51 21 look
243 2286 28 22 to,
283 2282 44 21 and
337 2282 80 21 indied
428 2287 21 17 to
461 2290 12 13 a
483 2287 63 22 great
560 2289 87 19 extent,

52 2308 116 22 substitute
179 2308 114 28 certainity
304 2310 33 20 for
347 2309 64 28 hope.
441 2310 85 22 Should
541 2310 36 21 the
588 2319 51 19 sug-

52 2336 85 24 gestion
152 2342 81 20 appear
245 2336 67 21 worth
325 2336 69 26 while,
415 2336 11 22 I
441 2344 52 20 may
502 2337 43 21 add
563 2342 20 16 to
600 2338 17 21 it
626 2345 14 14 a

53 2362 42 21 few
108 2370 59 14 more
179 2363 127 32 particulars
320 2363 22 21 in
352 2364 95 21 another
457 2364 98 27 number,
568 2364 70 22 which

53 2395 51 20 may
115 2390 25 21 be
152 2390 69 21 useful
234 2395 21 16 to
271 2397 13 14 a
295 2397 78 21 proper
393 2390 154 28 development
565 2391 24 21 of
603 2392 37 21 the

54 2416 57 26 plan,
132 2416 44 21 and
186 2424 26 19 go
224 2421 21 16 to
255 2417 141 22 recommend
411 2418 17 21 it
438 2421 23 18 to
472 2418 36 22 the
518 2421 89 26 parents
617 2419 25 21 of

54 2442 100 28 families,
163 2451 24 14 as
198 2443 46 22 well
257 2449 22 15 at
290 2444 73 21 Home
374 2452 24 13 as
409 2446 20 20 in
443 2444 36 22 the
490 2446 92 26 Colony.

219 2471 22 20 A
253 2470 91 22 Friend
354 2479 29 14 to
393 2479 45 14 the
450 2472 63 21 Flax
523 2472 87 22 Trade.

107 2534 58 14 FROM
180 2533 45 14 THE
263 2534 109 14 COLONIST
410 2536 26 13 OF
452 2536 137 16 YESTERDAY.

70 2582 28 20 To
114 2582 35 20 the
165 2582 77 20 Editor
257 2582 27 25 of
296 2583 34 20 the
349 2584 54 19 New
419 2583 92 21 Zealand
527 2585 97 21 Colonist.

81 2616 47 25 Sir,
131 2627 27 4 —
160 2616 87 27 Seeing,
258 2616 27 21 ,in
305 2616 36 21 the
356 2616 101 25 columns
474 2618 25 21 of
515 2626 54 18 your
584 2627 55 13 con-

53 2645 126 25 temporary
188 2650 73 20 paper,
271 2643 37 22 the
314 2644 86 26 subject
408 2644 25 22 of
439 2652 13 14 a
458 2644 90 28 leading
553 2646 83 27 article,

53 2669 115 27 reflecting
184 2677 26 14 on
229 2669 37 22 the
276 2670 114 22 character
400 2672 44 21 and
461 2678 144 22 competency
616 2675 26 19 of

53 2696 37 21 the
99 2696 67 27 pilots
177 2698 24 19 of
207 2696 43 22 this
262 2697 58 25 Port,
331 2698 18 21 it
358 2705 50 19 may
417 2698 26 22 be
454 2699 55 27 well,
518 2700 60 21 since
584 2700 54 27 they

53 2729 36 15 are
100 2722 98 29 dragged
214 2724 73 21 before
303 2724 37 22 the
356 2725 82 26 public,
451 2731 21 16 to
483 2726 85 28 inquire
579 2734 24 14 as
615 2731 23 17 to

50 2749 36 22 the
102 2750 130 26 allegations
247 2752 120 21 contained
382 2752 25 21 in
421 2752 55 21 such
492 2754 83 27 article,
593 2754 45 22 and

51 2776 36 21 the
107 2778 169 21 circumstances
295 2778 70 21 under
385 2779 70 21 which
476 2780 18 20 it
509 2780 40 22 has
565 2781 73 21 called

51 2803 56 22 forth
118 2804 37 21 the
166 2804 103 25 remarks,
274 2805 117 21 contained
403 2805 92 27 therein,
507 2807 44 21 and
568 2808 70 21 which

51 2837 83 20 appear
153 2826 149 31 cerrainlyjfof
318 2838 28 14 an
354 2831 121 22 invidious
491 2833 146 27 complexion,

50 2856 72 22 levied
140 2855 29 23 at*
180 2856 61 22 those
260 2864 28 14 on
303 2857 74 23 .whom
394 2865 28 14 an
440 2865 95 16 onerous
552 2858 57 29 duty'
620 2861 18 21 is

48 2883 113 27 imposed;
188 2884 57 25 and,
252 2884 78 26 totally
349 2889 24 16 at
381 2899 5 11 i
398 2885 101 22 variance
525 2886 50 22 with
601 2887 37 21 the

48 2910 123 29 laudatory,
176 2910 99 22 remarks
292 2918 28 20 hi,
327 2910 36 23 the
374 2918 59 15 same
448 2912 98 27 journal,
560 2921 26 14 on
601 2914 37 21 the

49 2945 60 14 same
116 2938 92 26 subject,
217 2945 61 14 some
285 2938 35 21 six
328 2938 89 21 months
426 2945 49 20 ago,
499 2940 140 28 (Versatility

50 2964 323 28 mustbespeak^clevernessor
381 2965 110 23 clearness
497 2966 25 22 of
528 2968 109 27 intellect,

48 2992 76 21 unless
134 2990 110 23 shrouded
262 2991 28 27 by
306 2991 67 27 slight
389 2992 154 28 aberrations.)
575 2995 62 26 Now,

48 3018 45 21 Mr.
103 3018 82 27 Editor,
193 3025 24 14 as
224 3022 21 17 to
253 3018 66 22 facts:
330 3023 37 17 tlie
375 3019 51 27 pilot
436 3027 42 14 was
484 3025 39 17 not
534 3028 27 14 on
569 3022 69 21 board

48 3044 41 22 the
96 3046 114 21 Elizabeth,
217 3049 23 17 at
253 3044 36 22 the
300 3044 53 23 time
363 3046 23 21 of
402 3046 39 21 her
456 3047 86 28 getting
551 3048 85 27 ashore,

47 3071 46 22 and
106 3072 78 27 which,
195 3072 72 21 under
283 3072 179 28 circumstances,
479 3074 18 21 is
514 3081 13 14 a
544 3075 94 28 liability

48 3098 72 22 which
132 3107 51 19 may
194 3098 84 28 happen
290 3102 23 17 to
325 3099 35 22 the
379 3104 57 17 most
452 3100 75 22 skilfi.l
544 3102 45 21 and
600 3110 38 15 ex-r

48 3126 119 26 perienced
184 3125 59 30 pilot.
279 3125 62 22 With
357 3126 80 26 regard
457 3132 22 17 to
499 3128 37 22 the
555 3129 83 22 second

48 3152 96 26 a'legati.
153 3160 22 19 n,
196 3161 23 14 as
240 3156 29 20 to,
280 3152 38 22 the
336 3152 55 28 pilot
410 3158 39 17 not
470 3154 109 28 boarding
598 3156 37 22 the

52 3180 67 21 Clown
129 3180 74 22 before
214 3180 40 21 she
264 3187 62 14 came
335 3181 23 20 iv
365 3176 59 32 siglit
431 3182 26 20 of
465 3181 36 21 the
513 3185 56 19 town
579 3190 5 19 ;
600 3183 38 21 the

51 3206 44 22 fact
111 3214 50 20 was,
177 3207 44 23 the.
227 3206 62 28 pilot,
299 3213 43 15 was
351 3209 35 20 'on
401 3208 68 21 board
485 3209 85 22 outside
588 3210 51 22 Port

52 3232 120 24 Nicholson
183 3234 74 27 Head,
269 3234 44 21 and
326 3234 95 28 brought
428 3235 36 21 the
476 3236 69 22 vessel
556 3236 45 22 safe
607 3237 29 26 in,

51 3260 61 22 when
131 3261 48 25 the,
189 3261 91 28 Captain
301 3258 118 30 requested
438 3265 23 18 to
480 3262 37 25 be.
528 3263 40 21 left
583 3266 24 19 at
624 3272 14 14 a

51 3287 67 27 single
134 3283 93 32 anchor,,
240 3288 45 21 and
303 3288 72 22 would
395 3288 52 22 look
467 3289 61 22 after-
538 3290 36 22 the
589 3290 49 28 ship

51 3313 91 29 hirriself,
159 3316 42 21 and
219 3316 31 20 let
267 3314 36 25 the
320 3315 63 21 other
400 3316 85 21 anchor
499 3324 29 20 go
546 3317 62 23 when
620 3322 18 17 it

50 3340 90 24 became
151 3349 124 20 necessary.
306 3342 92 27 Having
408 3342 115 27 neglected
534 3347 21 19 to
566 3345 27 21 do
605 3352 31 19 so,

51 3369 93 27 possibly
160 3369 37 23 the
212 3368 70 23 vessel
301 3369 37 21 did
353 3369 83 27 touch,;
454 3371 44 21 and
513 3371 124 28 frequently

52 3393 36 23 has
99 3396 36 22 the
153 3404 38 21 cry
201 3397 56 21 been
275 3403 79 19 among
370 3396 38 21 the
421 3397 126 23 merchants
557 3398 25 21 of
593 3398 45 22 this

51 3421 66 28 place,
129 3423 156 28 complaining.
289 3423 26 21 of
328 3422 37 22 the
377 3430 47 19 way
433 3423 24 22 in
475 3424 71 22 which
558 3425 80 22 vessels

52 3455 54 15 were
116 3458 70 14 moon,
192 3451 20 27 d,
227 3452 23 20 in
266 3455 40 17 not
315 3449 69 28 being
399 3450 109 23 stationed
521 3458 79 16 nearer
615 3456 23 17 to

51 3475 35 21 the
96 3476 75 28 shore;
188 3478 44 21 and
243 3477 36 22 the
292 3477 55 27 pilot
355 3477 144 28 particularly
513 3479 54 21 feels
575 3478 19 22 it
603 3478 35 22 his

51 3502 92 25 duti,'in
156 3505 42 21 this
210 3505 111 26 Harboui,
334 3509 21 17 to
372 3504 50 28 give
433 3505 82 22 vessels
525 3513 24 14 as
560 3505 55 22 wide
625 3513 13 14 a

52 3528 59 24 berth
126 3538 24 14 as
164 3531 107 28 possible.
297 3531 115 30 Although
429 3531 45 28 the.
483 3532 92 28 Captain
594 3532 44 27 .de-

52 3557 92 26 murred,
155 3563 23 17 at
189 3559 51 26 first,
252 3563 22 17 to
283 3558 68 22 settle'
358 3557 54 23 with
423 3558 36 23 the
468 3559 75 28 pilots,
554 3559 82 24 he.was

51 3589 22 14 so
92 3585 31 21 far
139 3585 130 26 convinced,
289 3585 133 28 ultimately,
439 3586 48 22 that
506 3587 36 21 the
563 3586 75 22 blame

51 3611 68 21 rested
130 3612 51 22 with
187 3612 95 26 himself,
289 3611 29 23 he
327 3614 98 27 not.onfy
433 3613 49 28 paid
490 3613 146 28 thecharges,

52 3636 36 24 but
102 3646 54 19 gave
175 3647 14 14 a
203 3639 127 22 certificate.
409 3641 69 21 to^the
491 3640 146 23 whale-boats

50 3662 64 28 being
129 3666 123 22 inefficient
264 3667 32 20 for
306 3665 42 22 this
360 3666 110 27 Harbour,
484 3675 29 17 on
529 3676 61 14 some
600 3675 37 15 oc-

51 3697 11 13 c
70 3691 70 27 isiun*,
153 3693 59 22 there
223 3700 43 14 can
277 3693 27 21 be
316 3699 28 14 no
354 3692 83 29 doubt;
447 3695 52 22 .and
512 3695 9 22 I
537 3702 37 15 am
584 3702 52 15 sure

50 3717 35 21 the
103 3719 164 28 shippngand
285 3719 140 23 mercantile
434 3722 93 22 interest
546 3723 24 21 of
594 3722 43 22 this

52 3743 50 23 Pott
111 3747 70 21 would
192 3747 43 21 hail
247 3746 52 22 with
309 3746 101 27 pleasure
421 3748 36 22 the
468 3749 135 28 application
614 3749 27 22 of

51 3771 50 22 such
112 3780 11 14 a
135 3773 68 23 vessel
217 3780 25 15 as
252 3773 37 22 the
306 3774 102 20 Brothers
425 3778 22 18 to
458 3775 37 22 the
509 3783 40 15 use
560 3776 25 21 of
599 3776 37 22 the

53 3797 68 26 pilots.

79 3825 31 21 As
118 3829 24 19 to
156 3826 38 23 the
210 3834 11 14 c
224 3829 79 20 mount
313 3827 26 21 of
351 3826 63 26 trade
427 3827 67 28 being
508 3829 128 28 inndiquate

52 3849 31 31 fur
92 3852 36 23 the
138 3857 92 24 support
240 3853 27 23 of
278 3860 29 15 an
319 3853 105 28 enlarged
434 3855 174 28 establishment,
619 3857 19 22 it

52 3883 17 15 is
80 3878 31 22 for
119 3879 38 23 the
168 3880 110 22 Collector
293 3884 32 19 to,
331 3880 69 28 show,
414 3880 57 23 from
489 3882 38 23 the
542 3884 101 27 receipts,

52 3903 94 26 hitherto
154 3906 112 29 received,
274 3906 99 23 Whether
381 3907 30 23 he
420 3908 72 23 would
500 3909 28 22 be
536 3910 100 27 justified

50 3936 23 16 m
83 3933 52 22 such
146 3940 13 15 a
170 3940 108 16 measure.
307 3933 63 23 With
385 3935 81 27 regard
474 3938 28 19 -to
518 3936 38 23 the
573 3938 69 23 other-

48 3959 103 29 remarks,
163 3960 12 23 I
189 3960 73 29 might
267 3965 125 19 'comment
407 3961 88 24 further
511 3970 67 19 upon,
594 3964 44 25 hut

1882 157 36 15 are
1928 150 62 24 three
1999 151 23 23 in
2033 152 130 27 number,—
2164 160 12 14 a
2186 153 70 28 treaty,
2266 154 26 23 of
2303 154 77 28 amity,
2397 156 64 22 navi-

1882 178 81 25 gation*
1979 178 44 22 and
2042 186 135 20 commerce;
2191 186 15 15 a
2223 185 70 25 treaty
2312 182 149 28 undertaking

1882 203 118 23 mediation
2018 205 31 26 by
2071 205 69 23 Great
2153 205 83 23 Britain
2254 207 98 24 between
2367 207 38 23 the
2416 208 45 23 Re-

1882 229 71 28 public
1972 231 28 21 of
2018 231 94 22 Mexico
2188 231 74 24 Texas
2261 231 5 8 1
2269 241 6 20 ;
2291 235 43 22 and
2357 242 14 15 a
2373 231 4 11 :
2389 240 72 23 treaty

1882 262 103 22 granting
2008 257 121 27 reciprocal
2152 259 57 28 right
2228 259 27 22 of
2273 261 77 24 search
2369 262 35 21 for
2423 261 38 22 the

1882 284 136 26 suppression
2029 285 23 20 of
2066 283 135 24 the-African
2211 285 66 23 slave'
2281 287 69 22 trade.

1908 309 112 22 Accounts
2031 310 56 22 have
2157 311 99 23 received
2266 313 25 21 of
2295 314 166 23 assassinations

1882 335 42 21 and
1934 341 101 20 outrages
2045 335 72 23 which
2127 337 50 22 took
2186 338 61 27 place
2258 344 21 16 at
2286 338 89 23 Buenos
2383 342 77 26 Ayres,

1882 361 55 21 from
1947 361 38 23 the
1995 363 52 21 11th
2058 367 22 17 to
2091 363 36 22 the
2136 365 50 21 20th
2197 365 69 26 April,
2278 365 22 21 in
2312 371 150 22 consequence

1882 388 26 20 of
1912 388 102 27 political,
2019 389 117 28 animosity
2145 391 85 26 against
2238 391 37 22 the

1882 420 12 15 a
1910 420 62 21 party
1982 415 29 22 in.
2014 416 79 22 favour
2106 417 26 21 of
2143 424 12 14 a
2169 417 87 21 Central
2267 425 24 14 as
2299 419 96 26 opposed
2411 424 24 16 to
2448 428 14 15 a

1882 440 90 22 Federal
1979 441 160 23 Government.
2166 443 47 22 The
2219 448 47 18 ucts
2271 444 28 21 of
2300 445 163 23 violence>w.ere

1882 468 127 22 committed
2023 468 31 27 by
2070 468 36 22 the
2118 469 73 22 lowest
2199 471 80 21 classes
2290 471 26 21 of
2325 471 38 21 the
2375 472 86 27 people,

1882 494 49 21 who
1950 499 59 17 went
2031 495 69 22 about
2119 495 36 22 the
2172 501 77 17 street*
2268 498 115 27 attacking
2396 497 67 23 those

1882 518 71 23 whom
1964 520 51 28 they
2024 522 131 22 considered
2165 527 21 17 to
2197 523 26 22 be
2233 523 136 28 Unitarians,
2378 525 86 27 cutting

1882 546 36 22 the
1929 546 82 23 throats
2022 549 27 20 of
2059 556 68 19 some,
2138 549 43 21 and
2199 550 88 27 trailing
2304 549 46 23 the-
2356 551 77 22 bodies
2440 552 26 21 of

1882 572 74 23 others
1966 581 27 14 on
2005 573 37 23 the
2051 575 86 26 ground
2148 576 50 23 with
2206 576 36 22 the
2253 576 65 22 lasso.
2338 577 51 23 The.
2395 577 68 23 heads

1882 599 26 21 of
1915 605 42 16 two
1967 607 89 19 persons
2070 608 57 15 were
2129 609 3 6 1
2136 602 70 27 hung',
2210 610 30 19 up
2251 610 40 14 one
2307 603 69 22 whole
2386 604 44 27 day
2438 604 23 22 in

1882 625 38 22 the
1925 626 148 28 beefmarket,
2082 628 49 21 with
2139 628 49 22 blue
2195 629 87 22 ribands
2288 630 75 22 drawn
2367 631 96 27 through

1882 652 38 21 the
1931 653 93 22 nostrils.
2037 675 4 2 .
2054 654 65 21 Some
2130 655 25 20 of
2164 655 36 21 the
2209 656 101 22 murders
2319 664 56 14 weie
2385 664 79 21 perpe-

1882 678 71 23 trated
1962 678 23 22 in
1995 680 38 21 the
2046 687 57 20 open
2119 681 48 23 day.
2194 682 57 24 The,
2259 683 152 22 Government
2425 684 37 21 did

1882 709 39 18 not
1931 708 91 26 attempt
2032 710 21 18 to
2063 706 69 24 check
2141 706 34 23 the
2186 712 99 24 outrages
2291 710 31 21 till
2334 710 52 27 they
2395 710 68 22 found

1882 732 48 21 that
1945 732 74 23 others
2037 733 85 22 besides
2138 734 35 21 the
2189 736 124 26 unpopular
2325 741 65 23 patty
2406 744 57 15 were

1882 759 120 22 sacrificed.
2031 760 66 21 From
2107 763 43 19 two
2161 764 20 18 to
2192 761 61 22 three
2262 762 102 25 hundred
2374 770 90 21 persons

1882 791 56 16 were
1948 785 52 22 thus
2009 786 148 28 slaughtered.

1993 838 357 24 MISCELLANEOUS.

2070 892 79 19 FREE
2162 892 113 21 TRADE.

2051 922 28 17 By
2094 923 19 17 J;
2126 923 17 16 S.
2154 923 141 19 Buckingham.

1905 948 19 17 If
1935 948 52 17 God's
1994 949 37 17 free
2039 950 68 20 bounty
2113 951 40 16 bids
2161 951 34 17 this
2203 952 51 20 globe
2261 953 78 19 vroduee

1906 969 49 17 More
1963 970 44 16 than
2015 971 71 20 enough
2096 971 26 16 for
2129 971 24 16 all
2160 972 26 16 his
2195 972 94 18 creatures'
2301 978 37 15 use,
2456 977 9 9 ■>

1907 990 48 17 Shall
1963 995 42 12 man
2013 991 117 21 monopolize.
2132 992 30 16 the
2169 993 37 16 rich
2213 993 69 20 supply,
2448 993 3 7 '

1906 1011 32 16 See
1945 1011 62 17 brutes
2013 1012 34 16 full
2055 1012 51 17 fed—
2107 1012 51 16 while
2165 1013 56 17 fellow
2228 1014 73 17 mortals
2309 1014 39 17 die?

1907 1031 62 17 Forbid
1977 1032 19 18 it,
2005 1032 68 17 heaven
2080 1033 5 16 !
2096 1033 52 16 while
2155 1033 64 17 earth's
2227 1035 66 19 prolific
2303 1035 50 17 field*
2376 1040 5 5 '

1906 1052 33 16 For
1946 1056 41 13 man
1995 1054 36 16 and
2039 1054 50 16 beast
2098 1054 47 16 alike
2152 1054 102 17 abundance
2261 1054 62 21 yields',

1908 1073 40 16 Free
1957 1077 19 12 as
1985 1073 29 17 the
2023 1075 62 19 winds,
2093 1075 35 15 and
2136 1075 87 17 chainless
2230 1080 19 12 as
2258 1076 31 16 the
2295 1080 37 16 sea,

1884 1108 2 3 .
1907 1094 66 17 Should
1981 1094 110 17 intercourse
2098 1096 78 16 between
2184 1096 23 16 all
2216 1096 70 17 nations
2294 1097 26 20 be,
2340 1104 3 4 •

1906 1114 96 18 Wherever
2009 1115 42 17 land
2059 1116 16 16 is
2083 1117 60 18 found,
2150 1121 18 11 or
2174 1121 63 12 oceans
2245 1117 39 19 roll,
2305 1132 2 5 ,
2316 1126 20 15 lfF

1906 1136 25 15 Or
1937 1140 42 12 man
1987 1137 78 15 exists—
2066 1137 46 16 from
2119 1137 55 16 Indus
2182 1139 17 14 to
2206 1137 32 17 the
2245 1137 49 18 Pole.
2311 1151 4 2 .

1906 1157 49 15 Then
1965 1157 57 16 would
2026 1157 106 16 'unfettered
2141 1157 78 21 iniluitry
2228 1159 21 15 be
2257 1158 41 21 p.iid

1906 1176 21 17 In
1936 1177 29 16 the
1972 1177 40 16 rich
2019 1177 66 17 wealth
2093 1177 22 17 its
2123 1182 39 12 own
2168 1179 38 16 free
2212 1179 57 16 hands
2277 1179 33 17 has
2317 1179 58 18 made.

1907 1198 49 16 Then
1964 1197 58 17 would
2031 1198 88 17 mankind
2127 1198 42 18 fulfil
2179 1198 88 18 Heaven's
2275 1200 39 16 first
2320 1201 70 20 degree,

1908 1219 40 16 And
1955 1219 51 16 earth
2012 1219 44 16 with
2212 1220 113 20 replenished
2333 1221 27 16 be.

1907 1239 50 17 Then
1967 1239 58 17 would
2033 1239 55 17 War's
2096 1240 89 16 blood-red
2192 1241 67 16 banner
2266 1245 43 12 soon
2317 1242 21 15 be
2345 1242 64 19 furled,

1907 1260 40 16 And
1956 1260 55 17 Peace
2018 1261 113 19 triumphant
2138 1261 48 20 reign
2193 1261 111 21 throughout
2312 1262 30 16 the
2349 1263 64 19 world;

1908 1280 57 17 While
1974 1281 87 20 freighted
2070 1281 49 16 fleets
2127 1282 57 16 would
2192 1284 78 15 traverse
2277 1287 53 16 every
2338 1287 36 15 sea,

1907 1302 40 16 And
1956 1306 98 12 commerce
2062 1302 47 20 wing
2116 1303 32 15 her
2155 1306 37 17 way
2199 1303 104 17 unchecked
2311 1304 34 16 and
2356 1304 47 20 free;

1908 1322 61 19 Island
1976 1323 22 16 be
2006 1322 61 17 linked
2076 1324 17 15 to
2101 1323 58 16 island
2159 1331 21 4 —
2181 1323 46 16 main
2236 1325 18 15 to
2261 1325 71 15 main—

1884 1353 2 3 -
1908 1343 78 21 Binding
1993 1343 24 16 all
2025 1343 68 17 Nature
2100 1344 36 16 fast
2143 1344 18 16 in
2169 1344 60 16 Love's
2237 1344 115 20 harmonious
2360 1344 60 21 chain,

2087 1392 61 23 THE
2165 1393 101 22 BRIDE.

1948 1428 28 14 Oh
1983 1428 5 14 !
1997 1428 43 14 take
2047 1428 38 18 her,
2094 1428 32 15 but
2133 1428 21 15 be
2164 1428 70 16 faithful
2243 1428 44 19 still.

1970 1447 40 16 And
2019 1452 40 16 may
2066 1448 32 15 the
2106 1447 59 17 Bridal
2172 1452 42 14 vow,

1948 1467 26 17 Be
1982 1468 61 16 sacred
2052 1468 40 16 held
2101 1468 18 16 in
2127 1469 44 16 after
2180 1473 50 16 year*

1971 1489 40 15 And
2019 1489 73 20 warmly
2099 1489 84 16 breathed
2189 1494 19 11 as
2216 1493 45 13 now.

1949 1516 108 17 Remember
2064 1517 24 16 its
2096 1521 23 12 no
2127 1522 79 12 common
2214 1518 25 16 tie

1970 1538 46 16 That
2024 1538 53 16 binds
2085 1538 32 16 her
2124 1538 81 20 youthful
2212 1538 60 19 heart;

1949 1558 32 17 It's
1989 1559 39 15 that
2036 1559 58 16 which
2103 1559 40 20 only
2151 1559 55 16 Truth
2214 1559 64 16 should
2287 1563 65 15 weave,

1971 1579 40 16 And
2018 1579 42 21 only
2069 1579 58 17 Death
2134 1584 32 12 can
2174 1582 44 18 part.

1950 1610 38 16 The
1997 1611 40 19 joys
2045 1610 20 16 of
2076 1609 107 17 childhood's
2190 1610 59 21 happy
2256 1610 61 20 hours,

1971 1631 38 16 The
2016 1631 54 16 home
2078 1631 19 16 of
2106 1631 47 20 riper
2159 1635 48 16 years
2213 1636 4 14 ;
2239 1642 2 11 ,

1950 1652 38 16 The
1995 1652 93 16 treasured
2096 1656 52 12 scene
2157 1652 19 16 of
2185 1652 47 21 early
2241 1652 39 21 joys

1972 1672 26 17 Of
2007 1673 87 16 sunshine
2103 1673 35 18 apd
2145 1673 19 16 of
2172 1675 52 14 tears.

1950 1703 38 17 The
1996 1704 62 20 purest
2065 1703 47 21 hope
2118 1703 32 16 her
2157 1703 59 17 bosom
2223 1704 58 18 knew,
2405 1700 3 3 '
2422 1699 14 14 '-
2441 1709 6 2 -

1973 1724 55 16 When
2037 1724 32 16 her
2076 1729 60 17 young
2144 1724 49 17 heart
2201 1729 34 11 was
2243 1724 37 16 free
2286 1729 4 14 ;

1951 1744 29 17 All
1988 1745 42 18 this,
2040 1746 35 15 and
2082 1749 54 15 more,
2145 1745 31 16 she
2184 1749 37 12 now
2230 1745 75 20 resigns,

1972 1765 26 17 To
2007 1766 53 16 brave
2068 1765 30 17 the
2105 1765 54 17 world
2166 1765 41 17 with
2216 1767 48 16 thce.

1952 1796 38 16 Her
1997 1796 25 16 lot
2030 1796 19 16 in
2057 1795 30 17 life
2097 1796 19 16 is'
2120 1797 46 15 fixed
2174 1796 41 16 with
2223 1796 57 20 thine.

1973 1817 48 16 With
2030 1818 45 19 good
2083 1818 35 15 and
2125 1817 29 16 ills
2161 1819 17 14 to
2186 1818 59 18 share;

1952 1838 41 16 And
2002 1838 38 16 well
2049 1838 8 16 I
2065 1838 53 16 know
2126 1837 46 17 twill
2181 1838 20 16 be
2209 1838 31 16 her
2247 1838 51 20 pride

1974 1859 25 16 To
2007 1859 61 16 soothe
2077 1859 43 16 each
2128 1863 62 12 sorrow
2199 1859 55 16 there.

1952 1889 52 17 Then
2012 1889 42 16 take
2062 1889 37 19 her,
2108 1889 35 16 and
2150 1893 40 17 may
2197 1889 73 21 fleeting
2277 1889 49 20 tim»,

1975 1910 50 16 Mark
2034 1910 43 20 only
2085 1910 39 20 joys
2132 1910 77 16 increase
2214 1915 5 14 ;

1953 1930 42 18 And
2003 1934 41 17 may
2051 1935 44 16 your
2103 1932 41 19 days
2152 1931 45 20 glide
2206 1931 71 21 sweetly
2284 1935 24 13 on

1974 1952 21 17 In
2005 1952 94 20 happiness
2110 1952 35 16 and
2155 1956 57 16 peace.

2374 1971 5 10 '
2397 1973 21 17 F.
2430 1973 20 17 B;

2168 1995 23 14 .»

1919 2018 137 22 Seduction.
2057 2029 26 4 —
2086 2018 32 22 At
2132 2018 35 21 the
2183 2018 87 22 Assizes
2287 2021 22 18 at
2324 2018 148 26 Caernarvon,

1891 2052 27 14 on
1931 2045 36 21 the
1981 2046 45 21 ISth
2039 2045 86 25 March,
2140 2052 26 14 an
2179 2046 70 20 notion
2261 2052 43 13 was
2313 2045 96 26 brought
2423 2046 27 25 by
2460 2052 13 14 a

1892 2079 51 19 poor
1961 2072 76 21 widow
2055 2071 80 22 named
2155 2071 100 24 Thomas,
2275 2071 89 27 against
2380 2079 13 13 a
2411 2071 63 21 small

1892 2098 148 28 shop-keeper
2053 2098 81 22 named
2148 2098 112 26 Prichard,
2277 2102 21 16 to
2313 2105 90 14 recover
2413 2098 61 21 d.-un-

1891 2133 51 20 ages
1953 2126 33 21 for
1997 2126 36 20 the
2044 2125 113 22 seduction
2167 2125 25 21 of
2200 2124 103 28 plaintiffs
2313 2124 116 28 (laughter.
2453 2125 22 21 It

1892 2153 107 28 appeared
2016 2153 49 21 that
2079 2152 23 22 in
2115 2152 37 21 the
2167 2159 96 14 summer
2273 2152 27 21 of
2313 2153 53 20 183S
2384 2152 36 21 the
2437 2152 36 22 de-

1892 2180 91 21 fendant
1992 2180 92 21 become
2098 2178 131 28 acquainted
2240 2178 51 21 with
2308 2178 103 24 Thomns,
2429 2178 43 22 and

1891 2207 55 21 after
1957 2214 13 14 a
1979 2207 61 21 short
2049 2206 91 22 interval
2152 2213 41 14 was
2204 2204 106 22 admitted
2317 2209 21 17 to
2348 2205 52 21 such
2409 2209 66 17 terni3

1892 2234 25 21 of
1929 2233 128 28 familiarity
2067 2240 24 14 as
2105 2237 22 17 to
2143 2232 26 22 be
2185 2232 115 27 permitted
2316 2235 22 18 to
2372 2232 81 21 bundle

1892 2261 51 21 with
1960 2261 37 22 the
2012 2266 75 21 young
2102 2266 91 19 woman,
2212 2259 74 21 whose
2303 2258 113 22 seduction
2432 2266 43 15 was

1892 2288 36 21 the
1939 2295 64 14 cause
2012 2287 26 21 of
2051 2287 36 21 the
2102 2290 84 23 present
2202 2286 79 21 action.
2310 2286 54 21 This
2378 2287 97 26 practice

1892 2315 25 21 of
1945 2315 111 26 bundling
2085 2313 18 21 is
2113 2312 42 22 still
2162 2313 90 27 general
2261 2313 21 21 in
2293 2312 81 24 Wales
2386 2312 89 22 andtho

1892 2341 127 26 recognised
2032 2341 64 21 mode
2108 2340 24 21 of
2141 2339 115 27 courtship.
2281 2339 48 21 The
2339 2340 69 20 suitor
2414 2340 61 21 visits

1892 2369 37 23 the
1946 2369 68 24 house
2025 2369 26 20 of
2062 2367 35 22 his
2108 2367 119 23 inamprata
2244 2366 28 27 by
2281 2366 78 27 night,,
2369 2366 42 21 and
2430 2374 47 17 par-

1892 2396 61 22 takes
1967 2395 24 21 of
2006 2395 38 21 her
2058 2393 50 27 bed,
2127 2393 89 21 without
2225 2393 102 21 however
2339 2393 136 27 undressing,

1892 2423 104 24 and~,t|ius
2006 2429 74 24 parrys
2091 2428 28 14 on
2134 2428 12 14 a
2158 2420 108 26 courtship
2276 2419 70 22 which
2363 2420 113 27 generally

1893 2450 53 22 ends
1964 2449 22 21 in
1999 2456 113 19 niariirige.
2141 2447 26 21 It)
2180 2447 35 21 the
2231 2451 89 23 present
2329 2446 100 22 instance
2440 2447 36 21 the

1892 2476 126 25 defendant,
2032 2475 71 21 either
2113 2474 21 22 in
2146 2473 73 28 taking
2230 2480 28 14 an
2267 2472 126 27 advantage
2405 2473 70 22 of.the

1893 2503 157 29 opportunities
2061 2502 49 21 thus
2117 2501 94 21 afforded
2222 2500 53 26 him,
2288 2507 24 14 or
2321 2500 67 26 being
2395 2501 80 23 unable

1893 2537 21 16 to
1924 2531 62 21 resist
1992 2529 37 23 the
2037 2527 128 30 temptation
2178 2533 21 15 to
2207 2527 70 21 which
2284 2527 29 21 he
2320 2534 44 14 was
2371 2527 103 27 exposed,

1892 2557 94 23 seduced
2004 2557 36 21 the
2056 2555 103 28 planiiffs
2174 2554 113 27 daughter,
2304 2553 44 22 and
2363 2553 35 21 the
2410 2554 68 22 result

1893 2592 49 19 was,
1960 2585 48 21 that
2021 2583 40 22 she
2073 2590 42 14 was
2130 2581 109 22 delivered
2250 2581 25 21 of
2291 2590 12 12 a
2313 2580 81 22 female
2409 2581 66 27 child,

1894 2611 70 23 which
1974 2611 40 22 her
2023 2610 88 22 mother
2121 2608 43 22 had
2175 2609 53 21 been
2237 2607 87 27 obliged
2336 2612 22 16 to
2371 2607 105 23 maintain

1892 2646 29 20 up
1932 2644 21 16 to
1965 2639 37 21 the
2013 2637 53 22 time
2077 2637 24 21 of
2108 2635 154 27 commencing
2268 2635 37 21 the
2316 2634 73 22 action
2423 2634 55 22 Ver-

1893 2666 44 21 dict
1953 2666 34 20 for
2002 2663 43 23 the'
2056 2663 118 28 plaintiff—
2178 2662 103 26 damages
2291 2661 54 24 £12.
2346 2672 28 4 —
2377 2661 102 23 Another

1893 2700 48 14 case
1957 2691 91 23 similiar
2062 2694 23 18 to
2100 2691 36 21 the
2152 2689 117 28 preceding
2290 2695 44 15 was
2350 2686 129 29 afteiwar/ds

1892 2719 63 22 tried.
1989 2718 48 22 The
2056 2717 99 28 plaintiff
2169 2716 128 26 (Williams)
2319 2722 44 16 was
2383 2722 12 14 a
2414 2715 65 24 small

1892 2747 83 21 farmer
1988 2745 45 21 and
2055 2753 13 13 a
2085 2744 70 25 tailor,
2176 2743 42 25 and
2238 2750 13 14 a
2266 2741 58 28 rigid
2344 2741 135 23 Calvanisiic

1892 2773 131 26 nu'thodist;
2043 2771 45 23 and
2105 2771 36 22 the
2157 2769 120 23 defendant
2297 2769 89 26 (Owen)
2405 2776 44 14 was
2467 2776 13 15 a

1893 2806 132 22 qunrryman
2036 2799 46 21 and
2092 2798 35 22 the
2136 2804 72 16 owner
2216 2797 25 21 of
2247 2804 14 14 a
2270 2796 63 24 small
2343 2795 64 23 farm.
2432 2795 47 23 The

1892 2827 101 28 plaintiff'
2005 2834 9 14 s
2034 2825 109 27 daughter
2161 2831 43 15 was
2223 2823 36 22 the
2279 2823 71 21 eldest
2370 2823 25 21 of
2410 2830 66 14 seven

1895 2854 106 25 children,
2021 2853 45 22 and
2085 2853 56 21 after
2160 2851 60 22 three
2239 2850 72 29 years'
2331 2850 14 10 •'

1893 2888 55 19 gave
1964 2880 57 22 birth
2038 2884 23 17 to
2076 2887 13 14 a
2106 2878 57 22 male
2183 2877 65 22 child.
2278 2876 95 22 Verdict
2386 2876 36 21 for
2442 2876 37 22 the

1894 2908 118 27 plaintiff—
2014 2907 114 26 Damages
2137 2905 79 23 £15.—
2216 2905 83 20 Bristol
2307 2904 90 20 Mirror,

1922 2940 126 21 Hatching
2058 2945 34 15 .by
2108 2938 82 21 Steam.
2192 2948 27 4 —
2221 2937 21 20 A
2263 2942 77 19 person
2365 2935 114 28 employed
2492 2940 2 5 '

1894 2974 28 14 on
1932 2966 37 22 the
1979 2965 109 27 Torpoint
2098 2965 71 22 Steam
2181 2964 68 26 Ferry
2259 2962 88 26 Bridge,
2359 2962 29 27 by
2400 2969 56 19 way,
2456 2962 25 22 of

1894 2994 143 27 experiment,
2049 2990 111 29 deposited
2176 2990 93 22 thirteen
2286 2988 133 28 duck-eggs,
2435 2996 47 15 em-

1894 3020 88 22 bedded
2000 3020 23 21 in
2044 3018 102 26 sawdust,
2165 3018 59 26 upon
2244 3016 36 21 the
2301 3023 73 15 crown
2394 3016 26 21 of
2441 3016 38 22 the

1894 3048 74 24 boiler,
1978 3046 115 26 anxiously
2103 3044 108 26 watching
2221 3042 68 25 them,
2298 3042 45 22 and
2353 3042 126 28 sprinkling

1893 3074 59 21 them
1964 3074 59 26 daily
2035 3072 53 21 with
2099 3079 65 14 warm
2175 3075 72 17 water.
2277 3069 66 22 After
2353 3070 127 27 remaining

1893 3101 37 21 the
1946 3100 65 22 usual
2028 3100 56 21 time
2103 3098 25 22 of
2143 3097 137 23 incubation,
2298 3096 95 23 thirteen
2413 3097 67 27 lively

1893 3134 76 21 young
1983 3126 116 26 ducklings
2114 3126 60 21 burst
2188 3124 57 22 their
2261 3122 68 23 shells
2339 3124 45 21 and
2397 3123 82 23 started
2486 3121 4 5 '

1893 3155 45 21 into
1950 3154 117 22 existence,
2079 3153 45 21 and
2134 3159 34 15 are
2179 3159 48 14 now
2238 3152 22 20 in
2271 3150 38 22 the
2324 3150 159 27 possession^

1895 3182 43 21 Mr.
1943 3181 96 27 Cowley,
2043 3180 25 22 of
2071 3180 137 28 Torpoint.—
2208 3180 120 24 Devonport
2332 3178 146 26 Independent.

1891 3226 4 7 v
1920 3213 86 27 Warm,
2021 3213 117 24 Warmer,
2154 3211 125 25 Warmest.
2280 3222 29 4 —
2310 3211 21 23 A
2344 3210 69 26 hpu.se
2428 3209 52 23 with

1894 3248 13 14 a
1922 3240 49 22 wife
1987 3239 20 23 is
2020 3239 63 22 often
2098 3246 66 14 warm
2180 3239 87 26 enough
2277 3247 5 18 ;
2298 3246 14 14 a
2320 3238 70 26 house
2405 3236 52 25 with
2466 3244 14 14 a

1893 3267 50 22 wife
1953 3266 45 22 and
2007 3266 40 22 her
2058 3266 85 23 mother
2152 3266 18 21 is
2181 3265 75 23 rather
2266 3272 91 16 wanner
2374 3264 52 22 than
2437 3270 43 21 any

1894 3298 48 23 spot
1958 3302 28 14 on
2004 3293 37 22 the
2057 3292 81 22 known
2153 3292 63 27 globe
2228 3300 5 19 ;
2253 3300 13 14 a
2279 3292 71 23 house
2367 3290 53 22 with
2437 3294 42 17 two

1892 3320 187 23 mothers-in-law
2089 3320 18 21 is
2117 3326 23 15 so
2151 3319 133 27 excessively
2295 3319 46 26 hot,
2352 3317 48 22 that
2409 3317 18 22 it
2435 3323 42 15 can

1894 3349 27 21 be
1931 3348 60 21 liked
2002 3352 21 17 to
2034 3354 30 15 no
2074 3346 62 29 place
2147 3354 27 14 on
2184 3346 37 26 the
2231 3345 62 23 earth
2303 3349 23 19 at
2341 3342 43 29 all,'
2388 3344 39 22 but
2437 3350 42 15 one

1894 3378 58 25 musf
1960 3382 28 20 go
1996 3369 70 27 lower
2078 3376 32 20 for
2120 3381 14 15 a
2144 3373 77 23 simile.
2371 3389 3 6 ,
2385 3380 3 17 ;
2398 3375 4 10 '

1921 3408 124 21 Seventeen
2067 3405 85 27 blacks,
2176 3405 62 22 who.
2247 3411 58 16 were
2327 3402 105 23 detained
2456 3404 24 19 at

1894 3434 87 22 Nassau
2000 3441 28 14 on
2049 3440 14 15 a
2082 3432 80 29 charge
2180 3432 26 23 of
2221 3432 83 28 piracy-
2317 3429 45 22 and
2381 3429 99 27 murder,,

1894 3460 129 23 committed
2034 3460 24 21 in
2069 3459 37 23 the
2108 3460 5 6 J
2122 3463 88 24 capture
2221 3459 25 21 of
2258 3458 35 21 the
2307 3457 76 22 Creole,
2397 3455 32 28 by
2439 3456 38 21 the

1894 3488 71 22 slaves
1982 3494 27 15 on
2027 3487 78 26 board,
2124 3493 57 16 were
2199 3483 107 24 liberated
2325 3491 28 14 on
2371 3483 37 22 the
2423 3482 56 23 .15th

1894 3514 71 29 April,
1983 3514 29 28 by
2027 3514 161 27 proclamation
2202 3512 26 22 of
2237 3519 14 14 a
2264 3514 62 19 court
2336 3510 26 22 of
2373 3509 51 28 goal
2440 3509 38 23 de-

1894 3540 70 24 livery
1988 3540 108 29 specially
2120 3538 121 28 convened,
2257 3538 34 21 for
2315 3536 51 26 the.
2379 3543 98 21 purpose;

1894 3568 46 24 Trig
1946 3568 85 22 United
2039 3568 72 22 States
2117 3566 78 23 Consul
2202 3564 116 28 requested
2324 3563 86 24 further
2416 3568 60 22 time,

1888 3596 54 22 >fhat
1991 3595 70 27 might
2072 3601 91 23 procure
2179 3591 105 23 evidence
2295 3597 22 16 to
2325 3596 4 17 ;
2332 3590 152 25 substantiate;

1896 3622 36 23 the
1941 3622 81 28 charge
2028 3630 7 19 ;
2052 3622 39 22 but
2101 3622 37 21 the
2145 3620 66 23 Court
2219 3617 95 24 decided
2324 3617 76 27 thatjt
2406 3616 77 26 would,

1896 3650 25 22 be
1938 3653 57 19 most
2012 3649 79 27 unjust
2105 3647 82 23 further
2201 3648 23 19 to
2233 3644 77 27 detaip.
2326 3642 109 28 iKe-meu,
2446 3648 33 17 ,aa

1895 3677 62 21 there
1974 3683 42 15 was
2032 3679 41 19 not
2087 3681 15 16 a
2122 3670 119 32 possibility
2256 3672 25 23 of
2297 3672 120 26 procuring
2435 3677 51 20 any.

1894 3703 107 24 evidence
2010 3702 73 22 which
2094 3699 138 27 couldbring
2242 3698 37 23 the
2293 3697 146 24 crimehorae
2447 3717 6 6 v
2453 3702 24 18 to

1895 3730 96 24 them.—
1991 3730 91 26 EnglUh
2090 3729 76 27 Paper.
2241 3742 18 12 ,
2265 3746 14 10 _,
2368 3748 5 2 .
2392 3738 10 12 ...
2416 3747 5 3 .
2480 3736 5 20 :

2105 3785 164 25 FREIGHTS.

1268 145 66 23 lands
1344 146 56 22 from
1410 146 38 23 the
1458 148 94 28 natives,
1564 148 53 22 with
1626 149 40 22 the
1676 149 61 24 viewy
1745 150 27 22 of
1778 149 3 4 '
1788 149 66 23 resel-
1865 147 3 25 I

1270 172 46 26 ling
1325 176 21 18 to
1355 171 36 23 the
1398 174 148 29 immigrants.
1583 175 48 23 The
1638 183 49 15 case
1699 177 25 21 of
1736 175 36 23 the
1781 177 73 21 immi-
1865 170 3 29 i

1269 202 74 24 grants
1360 206 42 15 was
1417 201 123 28 peculiarly
1557 201 135 28 distressing.
1701 221 2 5 ,
1734 203 66 21 After
1814 210 40 15 ex-

1272 224 97 28 pending
1379 233 13 14 a
1401 232 62 20 great
1478 232 100 22 amount,
1585 229 27 20 of
1628 235 80 21 money
1723 229 22 21 in
1765 229 90 26 coming

1271 256 22 17 to
1313 251 56 22 New
1387 250 107 30 Zealand,
1520 254 53 27 they
1597 254 128 23 discovered
1747 262 29 14 on
1796 254 58 24 their

1271 277 83 22 arrival'
1361 278 47 22 that
1418 280 52 27 they
1482 287 57 15 were
1550 285 39 17 not
1598 281 53 27 only
1662 281 123 27 prohibited
1795 282 59 22 from

1271 304 86 27 buying
1365 304 50 23 land
1431 306 56 22 from
1505 306 38 22 the
1559 307 86 21 natives
1660 308 25 21 of
1703 307 36 22 the
1754 311 98 26 country',

1270 330 41 22 but
1330 335 46 17 also
1391 331 57 23 from
1472 334 116 26 European
1608 334 85 21 settlers
1707 334 72 22 whose
1794 334 67 24 titles,

1271 363 58 16 were
1337 362 25 17 at
1371 357 42 23 this
1424 359 53 22 time
1487 359 104 22 declared
1602 363 22 18 to
1633 360 27 21 be
1670 360 91 22 invalid.
1789 360 63 28 They

1273 390 56 14 wei-e
1341 391 115 16 moreover
1463 384 1 5 '
1471 386 92 22 unable*
1570 391 23 16 to
1609 394 92 20 procure
1717 386 62 22 lands
1793 387 59 22 from

1273 409 36 22 the
1325 410 136 23 Goverment
1477 412 115 22 inasmuch
1608 420 24 14 as
1648 413 37 22 the
1701 413 153 23 Government

1272 435 44 24 had
1327 443 58 15 none
1395 441 21 19 to
1427 438 48 26 sell,
1487 438 82 28 having
1577 443 41 17 not
1633 439 52 27 only
1699 440 114 26 neglected
1831 445 22 17 to

1272 462 64 22 make
1352 463 86 27 timely.
1442 464 120 28 purchases
1578 466 57 21 from
1651 465 37 22 the
1703 466 90 27 native?,
1814 467 40 21 but

1271 488 84 27 having
1364 488 45 25 also
1419 490 37 22 the
1468 492 217 26 Surveyur-General
1703 492 41 22 and
1760 492 34 23 his
1804 494 55 21 staff

1273 515 115 28 travelling
1401 524 52 15 over
1468 516 38 23 the
1521 517 77 27 length
1612 518 43 22 and
1670 518 92 23 brtadth
1777 520 25 21 of
1815 519 38 23 the

1273 546 97 23 country,
1381 543 92 27 seeking
1481 543 23 22 in
1517 551 66 20 every
1593 542 101 30 unlikely
1704 546 69 27 place,
1790 553 12 14 a
1812 546 41 22 site

1273 568 32 21 for
1316 567 37 22 the
1362 570 111 26 projected
1484 570 88 26 capital,
1583 577 25 16 as
1617 571 21 20 if
1648 571 43 22 this
1695 570 44 23 had
1749 572 55 21 been
1816 572 37 22 the

1274 598 56 18 most
1346 594 124 28 important
1488 596 73 28 object
1581 597 26 20 of
1625 597 56 22 their
1692 598 99 27 'mission,
1809 599 44 22 and

1273 622 33 20 for
1319 621 36 21 the
1365 622 197 28 accomplishment
1577 623 27 22 <>f
1622 623 70 22 which
1708 624 37 21 the
1761 624 105 23 comfort'

1272 648 25 21 of
1309 647 36 21 the
1361 655 52 21 poor
1429 650 126 30 immigrant
1572 657 45 14 was
1630 657 14 14 a
1658 650 64 27 thing
1741 651 26 21 of
1781 652 73 21 minor

1273 674 166 23 consideration.
1482 675 49 22 The
1543 694 3 4 ,
1554 676 138 27 immigrants
1708 677 42 22 had
1769 678 22 21 in
1810 678 44 22 this

1274 706 90 16 manner
1381 709 28 14 no
1429 702 133 23 alternative
1583 704 38 20 but
1635 703 70 22 either
1717 708 21 17 to
1750 704 103 23 abandon

1274 727 36 21 the
1335 727 90 28 Colony,
1450 736 26 14 or
1499 734 23 16 to
1543 734 92 17 content
1652 729 131 24 themselves
1802 732 52 21 with

1273 753 68 28 living
1360 755 23 22 in
1404 755 57 22 their
1480 758 71 23 tents,'
1562 756 56 21 until
1635 756 15 21 it
1665 757 77 23 should
1757 757 44 23 suit
1818 758 36 22 the

1273 781 150 22 convenience
1443 789 25 14 or
1484 783 87 27 caprice
1590 784 27 20 of
1636 783 56 22 their
1709 784 69 22 rulers
1795 784 59 27 (who

1273 811 64 23 spent
1344 807 57 22 their
1411 809 53 20 time
1474 809 147 28 comlbrt-tbly
1630 813 22 18 at
1662 810 96 28 Russell)
1772 815 21 17 to
1804 812 50 22 take

1419 842 59 20 upon
1489 835 69 28 them,
1569 836 28 27 by
1601 836 85 28 /selling
1696 841 21 17 to
1728 837 58 22 them
1800 838 55 23 such

1273 860 61 21 lands
1343 867 21 15 rs
1375 861 51 26 they
1438 861 72 28 might
1524 862 66 21 deem
1608 870 79 20 proper
1702 864 33 21 for
1750 864 37 21 the
1802 871 54 20 pur-

1275 894 49 19 pose
1335 887 25 20 of
1371 887 105 27 enabling
1491 888 60 21 them
1568 892 23 17 to
1607 892 59 19 erect
1679 889 80 22 houses
1774 894 22 17 to
1811 891 44 21 live

1274 915 27 19 in.
1330 913 65 22 After
1404 921 13 14 a
1427 914 66 27 delay
1504 915 26 21 of
1534 915 103 26 eighteen
1645 915 86 22 months
1741 923 28 14 an
1779 924 77 20 oppor-

1274 939 70 27 tunity
1357 947 41 14 was
1407 945 24 17 at
1439 941 43 21 last
1490 941 66 26 given
1567 946 23 16 to
1600 941 37 22 the
1646 949 53 20 poor
1717 943 139 26 immigrants

1275 967 25 20 •if
1325 967 108 26 spending
1456 967 58 22 their
1532 974 84 21 money
1635 976 28 14 on
1682 968 37 22 the
1739 970 117 21 Auckland

1273 993 66 21 Town
1361 995 143 25 Allotments,
1523 995 23 21 in
1566 995 37 22 the
1619 995 105 27 purchase
1741 997 26 20 of
1786 996 70 22 which

1274 1019 51 26 they
1332 1019 46 24 ,h<id
1388 1020 104 27 powerful
1505 1021 143 28 competitors
1665 1023 22 20 in
1705 1022 39 22 the.
1757 1023 98 22 Govern-

1276 1049 59 18 ment
1364 1043 85 25 officers
1478 1047 140 28 themselves,
1642 1048 71 22 whose
1737 1050 119 22 successful

1274 1072 145 27 speculations
1438 1073 25 21 in
1484 1073 52 22 laud
1555 1075 96 27 jobbing
1675 1076 54 21 have
1752 1076 55 22 been
1833 1084 23 15 so

1275 1100 122 26 frequently
1408 1100 44 22 and
1461 1108 24 14 so
1492 1101 80 27 justly,
1583 1102 64 21 made
1664 1107 79 17 matter
1760 1103 26 21 of
1796 1111 61 14 com-

1274 1125 66 28 plaint
1350 1129 27 18 to'
1384 1125 36 23 the
1431 1127 75 23 Home
1518 1127 159 28 Government,
1685 1129 42 22 and
1734 1129 122 28 ultimately

1274 1153 144 26 disapproved
1429 1155 27 20 of
1470 1155 27 25 by
1507 1161 57 19 your
1574 1155 109 28 Lordship
1694 1161 21 15 to
1726 1155 36 22 the
1772 1157 84 21 infinite

1271 1180 39 27 joy
1322 1179 42 21 and
1380 1179 135 23 satisfaction
1536 1181 26 21 of
1579 1181 30 21 all
1628 1181 37 22 the
1682 1183 87 20 settlers
1781 1183 21 21 in
1820 1183 37 22 the

1275 1205 88 28 Colony,
1376 1206 47 21 who
1435 1207 55 21 from
1503 1207 42 21 this
1555 1208 47 21 fact
1612 1216 35 14 are
1659 1209 35 21 led
1704 1213 22 17 to
1742 1209 55 29 hope
1809 1210 49 21 that

1275 1233 52 23 they
1336 1240 37 14 are
1384 1237 39 17 not
1431 1234 124 26 altogether
1565 1234 103 22 forsaken
1684 1243 25 14 or
1726 1236 131 22 abandoned

1275 1265 21 15 to
1306 1259 35 21 ihe
1357 1266 50 15 men
1423 1261 48 21 who
1485 1267 50 15 now
1551 1261 47 21 rule
1619 1269 51 14 over
1689 1262 67 26 them,
1774 1263 42 21 and
1837 1268 21 16 to

1274 1287 107 21 entertain
1395 1287 50 21 with
1458 1287 129 22 confidence
1598 1288 37 21 the
1649 1288 71 22 belief
1736 1288 47 22 that
1800 1289 58 22 their

1273 1313 129 27 grievances
1421 1314 53 27 only
1491 1315 88 26 require
1598 1320 21 16 to
1633 1315 26 21 be
1671 1315 63 22 made
1745 1315 79 24 known
1836 1321 23 17 at

1277 1341 77 24 Home,
1364 1340 22 21 in
1398 1340 66 22 order
1475 1346 21 16 to
1506 1341 28 21 be
1544 1341 63 22 redre
1610 1353 8 9 ?
1619 1341 45 22 sed.
1692 1342 56 22 That
1755 1350 44 19 you
1807 1351 51 20 may

1273 1371 37 17 not
1320 1367 26 21 be
1357 1367 95 21 induced
1470 1367 94 26 through
1582 1368 39 22 the
1638 1372 181 24 representations
1835 1371 26 20 of

1275 1394 35 21 the
1327 1393 153 22 Government
1495 1394 86 22 officers
1598 1399 23 17 to
1637 1396 103 21 continue
1759 1400 22 17 to
1797 1396 59 21 them

1276 1420 35 22 the
1329 1421 121 26 possession
1467 1421 25 21 of
1509 1421 70 26 lands,
1598 1421 70 22 which
1685 1421 52 29 they
1753 1422 56 22 have
1820 1424 39 21 ob-

1275 1448 72 20 tuined
1360 1452 20 16 at
1391 1447 53 22 such
1456 1455 13 13 a
1485 1448 99 22 sacrifice
1604 1449 25 21 of
1641 1448 35 22 the
1695 1450 46 21 best
1758 1450 100 21 interests

1275 1475 24 21 of
1311 1473 36 21 the
1363 1475 82 26 Colony
1457 1474 43 22 and
1506 1474 23 22 in
1541 1482 23 14 so
1576 1475 148 28 disreputable
1734 1484 12 14 a
1758 1484 98 19 manner,
1860 1477 3 5 1

1275 1501 10 22 I
1299 1501 40 21 will
1360 1501 125 21 endeavour
1505 1509 23 13 as
1550 1502 75 28 briefly
1642 1510 23 14 as
1682 1503 93 26 pc^slble
1790 1509 22 15 to
1822 1504 35 27 lay

1275 1527 73 23 before
1369 1536 55 19 your
1445 1527 110 28 Lordship
1575 1536 13 14 a
1603 1534 86 17 correct
1703 1534 116 17 statement
1838 1531 25 21 of

1275 1555 42 21 this
1328 1554 109 22 shameful
1445 1557 143 20 transaction.

1456 1588 41 24 (To
1513 1588 23 19 be
1551 1588 128 26 continued.)

1278 1641 177 24 EXTRACTS
1485 1641 99 24 FROM
1609 1642 70 24 THE
1705 1643 153 28 ENGLISH

1499 1675 143 23 PAPERS.

1306 1725 51 23 The
1386 1725 110 23 schooner
1525 1724 43 24 Sir
1596 1725 61 24 John
1682 1726 111 24 Franklin
1818 1727 42 25 left

1275 1758 142 24 Launceston
1431 1767 29 14 cm
1468 1764 3 5 '
1482 1758 38 23 the
1539 1759 42 26 7th
1602 1760 135 29 November,
1758 1761 44 23 and
1823 1769 36 15 ar-

1275 1792 61 22 rived
1348 1792 54 23 here
1413 1793 130 30 yesterday.
1579 1792 48 24 She
1640 1793 115 24 furnished
1769 1802 25 15 us
1807 1795 53 23 with

1274 1825 53 24 Van
1358 1825 127 24 DiemeuV
1506 1825 68 25 Land
1603 1834 81 23 papers
1713 1832 21 18 to
1758 1827 38 24 the
1819 1828 41 23 4th

1275 1858 137 24 November.

1310 1892 50 24 The
1372 1891 144 24 Launceston
1527 1891 137 24 Advertiser
1676 1893 25 23 of
1716 1893 56 26 27th
1794 1894 53 25 Oct.
1855 1912 5 12 ,

1275 1925 42 23 has
1340 1925 98 30 English
1462 1932 61 16 news
1542 1930 22 18 to
1586 1926 38 23 the
1646 1926 54 24 10th
1702 1925 3 7 1
1720 1927 61 30 July,
1802 1927 58 25 from

1275 1958 70 23 which
1357 1959 36 22 we'
1400 1958 68 23 make
1480 1959 38 22 the
1529 1958 115 32 following
1656 1965 97 18 extracts
1765 1969 5 14 :—:
1772 1973 33 4 —

1301 1996 48 22 The
1366 1997 82 26 barque
1464 1997 72 22 Mona,
1555 1997 37 21 the
1609 2002 102 23 property
1729 1999 26 20 of
1771 1999 89 24 Messrs.

1275 2023 132 27 Henty'and
1419 2025 46 24 Co.,
1477 2023 87 21 arrived
1576 2024 54 21 from
1642 2018 104 33 London,'
1754 2032 29 14 on
1792 2026 71 22 Tues-

1275 2050 54 25 day
1334 2050 81 25 having
1425 2049 165 28 accomplished
1600 2049 35 22 the
1647 2056 89 21 pas-sage
1745 2052 118 30 homeland

1275 2076 63 27 back,
1359 2076 35 21 for
1408 2076 42 21 .the
1470 2076 82 22 second
1574 2077 60 26 time,
1649 2078 22 20 in
1692 2077 40 22 le»s
1753 2077 51 22 ihan
1825 2083 36 18 ten

1275 2103 97 22 months;.
1402 2103 47 21 Our
1466 2110 138 20 newspapers
1616 2105 27 26 by
1654 2104 43 22 this
1709 2105 68 21 vessel
1787 2112 36 15 are
1842 2112 20 16 to

1275 2131 36 21 the
1323 2130 37 22 Bth
1372 2129 25 21 of
1405 2129 61 27 July,
1477 2130 116 22 inclusive.

1302 2157 47 22 The
1365 2156 58 22 sixth
1441 2157 80 21 annual
1532 2157 99 26 meeting
1641 2158 25 20 of
1678 2158 37 21 the
1726 2159 66 22 South
1804 2160 59 22 Aus-

1277 2184 77 22 tralian
1366 2183 114 30 Cumjiany
1499 2191 44 16 was
1555 2184 51 24 held
1617 2189 22 19 at
1654 2185 37 23 the
1706 2186 68 28 office,
1787 2194 28 15 on
1831 2189 32 21 Ist

1276 2212 60 35 July.
1358 2232 2 5 ,
1837 2216 12 16 t»

1303 2240 66 21 From
1381 2247 26 14 an
1414 2240 120 28 inventory
1545 2241 66 22 taken
1623 2242 88 26 abroad,
1719 2242 19 21 it
1743 2249 45 15 was
1794 2242 67 22 found

1277 2265 47 22 that
1336 2266 36 22 the
1383 2268 135 26 Company's
1529 2274 102 22 property
1642 2270 20 20 in
1674 2268 68 22 South
1750 2270 113 21 Australia

1275 2294 121 22 amounted
1412 2299 23 16 to
1450 2294 117 27 £333,680,
1579 2299 44 18 and
1641 2296 46 21 that
1698 2296 35 21 the
1743 2296 87 26 surplus
1840 2298 25 19 of

1277 2325 66 18 assets
1348 2321 89 27 beyond
1447 2322 111 21 liabilities
1566 2329 43 14 was
1616 2322 108 22 reckoned
1731 2326 20 17 at
1758 2323 103 25 j£57,000.

1276 2348 47 23 The
1334 2348 52 21 total
1398 2355 96 15 revenue
1503 2348 36 22 for
1548 2348 36 22 the
1595 2356 52 20 year
1659 2350 82 26 ending
1751 2351 51 20 1341
1817 2357 44 14 was

1277 2376 96 25 £17,239
1388 2376 42 21 10s.
1445 2375 44 27 3d.,
1508 2376 43 21 and
1566 2378 38 19 the
1618 2376 87 22 balance
1716 2378 24 20 of
1747 2380 38 19 the
1796 2378 64 26 profit

1277 2402 43 22 and
1331 2402 41 21 loss
1382 2408 95 15 account
1489 2409 43 14 was
1541 2402 74 23 £9121
1633 2404 41 21 15s.
1689 2403 35 22 4d.

1303 2430 20 21 A
1341 2430 101 25 meeting*,
1449 2429 26 21 of
1487 2429 106 27 pl.int-I's,
1611 2430 129 27 merchants,
1757 2430 103 27 bankers,

1277 2457 43 21 and
1332 2456 73 21 others
1416 2456 119 24 interested
1551 2456 23 22 in
1593 2456 106 28 Jamaica,
1717 2465 43 14 was
1771 2458 50 21 held
1832 2465 30 14 on

1278 2483 147 27 Wednesday,
1435 2487 23 17 at
1468 2484 37 20 the
1512 2483 116 22 Thatched
1638 2484 73 21 House
1719 2485 95 24 Tavern,
1820 2484 44 22 and

1278 2511 27 21 ad
1316 2510 89 22 address
1416 2510 81 28 agreed
1507 2517 58 20 tipon
1577 2515 22 17 to
1611 2512 33 21 Sir
1654 2511 89 22 Charles
1751 2512 112 28 Theoplii-

1277 2538 33 21 lus
1324 2536 110 28 Metcalfe,
1445 2544 28 14 on
1486 2537 33 21 his
1529 2543 75 16 return
1614 2537 55 22 from
1678 2538 108 22 Jamaica.
1802 2538 61 22 Lord

1278 2565 30 22 St.
1321 2564 97 22 Vincent
1428 2564 108 27 occupied
1549 2564 36 22 the
1596 2564 67 22 chair.

1304 2591 46 22 The
1367 2592 71 25 Derby
1449 2592 102 25 Reporter
1565 2599 130 14 announces
1708 2592 37 22 the
1761 2592 65 22 death
1842 2593 25 21 of

1279 2618 36 22 the
1327 2618 50 22 Earl
1388 2619 24 20 of
1428 2618 112 22 Leicester
1556 2623 25 17 at
1597 2618 112 27 Longford
1720 2619 61 26 Hall,
1792 2620 22 21 in
1826 2620 37 21 the

1278 2651 80 21 county
1368 2646 25 21 of
1400 2646 83 26 Derby,
1496 2653 29 14 on
1536 2645 36 22 the
1583 2646 52 21 28th
1647 2646 24 21 of
1678 2646 67 22 June.
1776 2646 36 21 He
1820 2654 43 14 was

1278 2672 21 22 in
1306 2672 33 22 his
1348 2672 136 28 ninety-first
1493 2679 61 20 year.
1585 2672 36 24 He
1633 2674 89 20 entered
1730 2674 135 21 Parliament

1278 2700 21 21 in
1320 2700 62 26 1774;
1404 2699 51 26 and,
1473 2707 23 13 as
1504 2698 71 23 -Coke
1595 2699 26 21 of
1637 2699 121 25 Holkham,
1777 2700 27 21 he
1821 2708 42 14 was

1280 2726 48 21 well
1337 2726 78 22 known
1430 2733 24 15 as
1465 2733 42 14 one
1518 2726 26 21 of
1558 2725 91 23 Charles
1660 2726 76 22 James
1746 2726 66 22 Fox's
1821 2726 44 22 last

1278 2754 112 26 surviving
1399 2753 90 27 friends,
1497 2752 46 22 and
1553 2760 23 14 as
1587 2752 37 22 the
1636 2753 138 27 enlightened
1785 2759 78 21 patron

1280 2781 24 21 of
1310 2780 172 28 improvements
1492 2780 23 21 in
1524 2780 142 27 agriculture.

1306 2808 33 20 Sir
1350 2807 83 27 Joseph
1445 2807 119 22 Littledule
1581 2806 52 22 died
1649 2814 28 14 on
1687 2806 37 22 the
1734 2808 49 21 26th
1795 2807 68 27 June,

1280 2839 21 16 at
1311 2834 33 21 his
1356 2834 66 22 house
1431 2835 22 20 in
1470 2833 98 23 Bedford
1584 2834 89 26 Square,
1704 2835 35 21 lie
1750 2842 43 14 was
1810 2835 53 21 born

1280 2861 21 21 in
1313 2861 62 27 1767;
1391 2861 70 21 called
1473 2867 21 15 to
1506 2860 37 22 the
1555 2860 39 21 bar
1609 2861 22 20 in
1645 2861 63 27 1787;
1725 2861 101 21 elevated
1843 2867 21 15 to

1278 2888 38 22 the
1327 2888 75 22 Bench
1412 2888 44 21 and
1469 2887 107 27 knighted
1586 2888 23 20 in
1626 2889 60 21 1824.
1717 2888 34 22 He
1763 2888 101 27 resigned

1279 2915 34 21 his
1329 2920 47 16 s^at
1390 2915 22 22 in
1431 2915 116 26 February
1564 2915 61 26 1841,
1643 2915 45 22 and
1703 2922 43 14 was
1761 2915 53 22 then
1827 2923 37 20 ap-

1278 2942 89 27 pointed
1379 2950 13 14 a
1400 2942 99 22 member
1510 2941 26 22 of
1544 2941 115 28 the-Ptivy
1670 2942 98 22 Council.

1308 2970 42 20 Mr.
1362 2969 95 30 diaries,
1465 2968 97 22 Dickens
1579 2968 45 22 and
1639 2969 33 21 his
1683 2969 48 21 wife
1741 2969 92 23 .arrived
1844 2973 22 17 at

1282 2996 113 27 Liverpool
1411 2997 21 20 in
1452 2995 70 27 June,
1543 2995 57 23 from
1621 2995 55 22 New
1696 2995 67 27 York,
1783 2996 22 21 in
1826 2996 39 22 the

1278 3023 138 28 packet-ship
1430 3024 80 25 George
1523 3024 140 25 Washington,
1675 3022 70 24 which
1755 3022 70 22 sailed
1835 3030 28 14 on

1281 3051 36 21 the
1328 3050 36 22 Bth
1376 3051 64 21 June.

1306 3077 45 21 The
1362 3077 103 22 accident
1480 3081 21 19 to
1511 3077 38 22 the
1565 3076 178 28 newly-married
1760 3076 102 34 Marquis

1280 3104 42 22 and
1333 3103 152 23 Marchioness
1494 3105 27 21 of
1536 3103 123 23 Waterford
1668 3110 50 15 >was
1732 3106 40 18 not
1781 3110 23 14 so
1820 3103 43 21 bad

1279 3138 24 14 as
1313 3131 35 21 the
1361 3131 46 21 first
1415 3138 86 21 reports
1511 3131 65 23 made
1584 3135 45 17 out.
1657 3130 209 27 The'Marquis'was

1280 3157 87 28 driving
1378 3157 32 23 his
1420 3158 62 22 bride
1492 3158 23 22 in
1526 3158 36 22 the
1572 3157 97 27 grounds
1678 3159 22 19 of
1711 3157 152 26 Curragmore,

1278 3185 64 22 when
1353 3192 42 14 one
1402 3185 25 21 of
1434 3185 38 22 the
1482 3185 76 22 horses
1569 3185 25 21 of
1602 3185 33 21 his
1645 3184 101 27 phaeton,
1759 3188 65 23 stung
1835 3184 28 27 by

1278 3219 13 14 a
1300 3212 88 25 hornet,
1404 3213 26 25 (it
1446 3213 19 21 is
1480 3211 126 28 supposed,)
1624 3218 39 14 ran
1678 3218 68 19 away,
1764 3211 52 21 with
1831 3210 34 22 his

1278 3238 57 27 yoke
1349 3239 81 27 fellow,
1447 3239 46 21 and
1509 3241 37 19 the
1562 3238 70 22 riders
1648 3244 55 16 were
1720 3237 83 22 thrown
1819 3241 44 18 out.

1278 3266 47 22 The
1337 3266 97 27 Marquis
1445 3273 44 14 was
1503 3265 93 27 unhurt;
1611 3265 46 21 but.
1660 3264 36 22 the
1709 3263 52 28 lady
1771 3264 94 22 suffered

1279 3300 13 14 a
1307 3291 67 28 slight
1389 3293 115 21 contusion
1523 3293 27 21 of
1565 3292 38 22 the
1618 3291 69 26 brain,
1703 3291 43 21 and
1761 3298 13 14 a
1789 3298 76 15 severe

1279 3319 115 22 contusion
1400 3326 28 15 on
1436 3319 40 22 her
1483 3319 39 22 left
1527 3319 54 22 side.
1601 3319 48 21 The
1654 3322 57 18 most
1718 3319 147 26 exaggerated

1278 3351 84 22 reports
1370 3346 96 22 reached
1477 3345 95 26 Dublin;
1584 3345 81 27 where,
1676 3353 24 14 as
1709 3345 46 21 well
1762 3352 24 14 as
1795 3345 23 22 in
1828 3345 37 23 the

1278 3373 128 22 immediate
1419 3372 193 27 neighbourhood,
1628 3373 36 21 the
1679 3376 57 18 most
1750 3371 66 28 lively
1830 3372 35 22 in-

1280 3404 66 18 terest
1360 3407 44 15 was
1417 3400 89 22 excited
1513 3408 5 18 ;
1535 3400 37 21 the
1588 3404 75 18 recent
1681 3398 95 29 nuptials
1790 3399 26 21 of
1828 3399 37 22 the

1278 3428 55 27 pair,
1349 3427 37 22 the
1404 3427 119 28 Marquis's
1539 3427 104 21 kindness
1643 3437 27 5 —
1670 3426 29 22 he
1711 3425 40 23 had
1766 3426 46 27 just
1823 3427 43 21 for-

1278 3455 66 26 given
1360 3454 32 22 his
1402 3458 87 18 tenants
1502 3461 13 15 a
1526 3453 70 23 whole
1612 3453 70 28 year's
1692 3458 76 17 rent—
1769 3453 44 21 and
1827 3453 38 22 the

1278 3480 112 29 engaging
1405 3482 122 21 demeanor
1536 3482 25 20 of
1575 3480 38 22 the
1625 3480 66 27 bride,
1708 3486 54 16 were
1772 3479 94 23 circum-

1278 3514 87 16 stances
1376 3508 70 22 which
1461 3514 57 21 gave
1529 3515 61 15 more
1601 3507 52 22 than
1665 3507 62 22 usual
1743 3507 91 21 interest
1845 3512 21 16 to

1278 3535 38 21 the
1327 3535 106 22 accident.
1464 3535 66 21 From
1601 3530 65 29 latest
1675 3538 103 17 accounts
1795 3535 19 19 it
1828 3541 38 20 ap-

1280 3569 62 20 pears
1354 3561 46 22 that
1406 3562 38 21 the
1451 3561 156 22 Marchioness
1613 3562 19 20 is
1639 3567 128 20 recovering
1778 3559 88 28 by'&luw

1280 3589 100 26 degrees.
1576 3604 3 3 .
1591 3594 31 19 ,\
1706 3604 3 8 ,
1720 3601 2 3 •
1746 3599 4 4 -
1754 3610 5 7 N

1307 3615 41 22 We
1360 3615 137 22 .mentioned
1515 3614 48 22 that
1579 3622 113 15 measures
1705 3621 57 15 were
1777 3613 22 23 in
1815 3621 51 20 pro-

1278 3649 62 20 gress
1348 3642 36 22 for
1400 3641 146 28 establishing
1560 3641 146 29 bishopricks'
1714 3646 34 17 at,
1752 3640 119 27 Gibraltar,

1279 3669 45 22 and
1333 3669 121 23 Tasmania
1468 3669 61 27 (Van
1540 3668 114 23 Diemen's
1664 3667 87 28 Laud;)
1770 3667 44 23 and
1833 3676 32 14 we

1279 3696 57 24 have
1346 3695 37 22 the
1392 3700 64 24 groat
1471 3695 137 23 satisfaction
1625 3695 26 22 of
1668 3695 80 26 stating
1762 3694 48 22 that
1825 3695 41 24 .the

1279 3723 57 24 Rev,
1348 3723 24 21 F.
1383 3723 27 23 R.
1421 3723 85 27 Nixon,
1517 3730 41 14 one
1574 3722 26 22 of
1610 3722 37 22 the
1663 3722 35 22 six
1712 3721 118 28 preachers
1844 3722 26 23 of

1279 3749 138 28 Canterbury
1433 3749 127 27 Cathedral,
1579 3749 40 22 has
1635 3749 56 21 been
1708 3747 120 30 appointed
1844 3753 23 18 to

1269 3782 5 5 '
1280 3776 37 22 the
1327 3784 37 15 see
1376 3777 24 22 of
1410 3777 129 22 Tasmania.
1577 3776 48 23 The
1635 3775 71 28 salary
1714 3776 20 21 is
1743 3775 76 24 £1000
1827 3784 41 20 per

1278 3810 93 15 annum.

1305 3830 50 22 The
1362 3830 147 23 ratifications
1518 3829 28 23 of
1556 3829 38 23 the
1603 3829 55 28 long
1670 3828 97 29 pending
1779 3830 89 28 treaties

1279 3857 101 22 between
1398 3857 70 22 Great
1486 3857 88 22 Britain
1593 3857 46 22 and
1656 3857 73 22 Texas
1739 3864 64 15 -were
1813 3874 9 7 ..
1828 3864 40 17 ex-

1280 3884 102 27 changed
1396 3891 28 16 on
1444 3884 38 22 the
1495 3883 59 23 .28th
1574 3883 70 26 June,
1663 3884 32 27 by
1713 3883 36 22 the
1765 3883 75 28 .Earl.'.
1846 3884 25 21 of

1280 3908 129 34 Aberdeen,
1419 3928 4 7 ,
1428 3910 192 31 Plenipotentiary
1638 3909 27 24 of
1685 3910 70 23 Great
1764 3911 103 27 -Britain,

1278 3937 47 23 and
1335 3938 39 22 the
1389 3933 128 27 Honorable
1532 3937 87 24 Ashbel
1635 3936 78 27 Smith,
1729 3937 140 28 Plenipoten-

1279 3964 57 28 tiary
1344 3964 28 23 of
1383 3964 36 23 (he
1430 3963 111 29 Republic
1550 3968 24 18 at
1583 3963 79 23 Texas.
1696 3963 73 23 These
1778 3964 91 24 treaties

1882 3844 2 18 I
1897 3835 97 23 London
2205 3853 2 5 ,
2294 3844 6 12 ?
2307 3838 60 15 ,..!..
2386 3830 14 23 6
2414 3832 5 4 '
2426 3830 15 21 0
2468 3835 1 13 i

1897 3867 57 23 Nbw
1968 3868 78 21 South
2060 3864 93 24 Wales,
2160 3870 46 16 and
2214 3862 70 27 V..D.
2295 3862 39 22 L..
2349 3862 58 22 ...3.
2427 3862 42 21 o>*

1897 3900 95 24 JletsoN
2146 3900 8 15 •'
2235 3902 3 3 '
2387 3895 14 21 3
2428 3894 14 22 0

1897 3931 122 23 Taeanaki
2029 3936 48 15 and
2084 3928 73 23 Coast
2388 3926 14 22 2
2428 3926 15 22 0

1897 3964 129 22 Auckland
2310 3973 5 8 •
2322 3973 6 11 '.
2337 3971 5 7 «
2351 3972 5 7 •
2365 3973 5 11 t
2382 3964 4 5 '
2415 3959 39 24 Hf't
