2529 4050
1886 133 223 25 WHOLESALE
2138 133 126 24 PRICES
2298 131 175 25 CURRENT.

1987 173 134 14 CORRECTED
2136 173 28 14 UP
2178 171 30 15 TO
2222 171 57 14 LAST
2295 170 80 15 NIGHT.

2228 198 17 17 JS
2267 202 15 13 I.
2307 197 19 17 d.
2380 196 16 17 £
2418 201 16 12 *.
2460 198 20 15 d.

1889 225 175 30 ALs:pefhhd
2229 227 23 22 7.
2270 228 14 20 0
2311 227 14 20 0
2342 239 17 7 ..
2379 225 13 22 7
2420 224 14 23 7
2463 228 13 19 0

2065 261 40 20 per
2110 254 98 21 barrel..
2227 254 14 20 5
2270 256 13 18 0
2312 254 13 20 0
2342 266 17 6 ..
2378 254 14 19 0
2422 253 14 20 0
2464 254 15 19 0

2064 280 89 27 perdoz
2229 282 14 19 0
2257 281 26 20 13
2312 280 14 20 0
2342 293 18 6 ..
2379 280 22 26 0.
2420 280 14 20 0
2458 280 20 21 .0

1888 307 100 22 Arrack
1996 315 7 13 :
2017 307 44 21 Per
2070 307 43 26 gal.
2124 307 23 21 in
2157 306 59 22 bond
2231 309 14 19 0
2272 308 12 20 1
2314 307 12 19 9
2344 319 17 7 ..
2380 307 14 20 0
2422 306 14 20 2
2463 310 16 19 O

1888 334 94 21 Bread:
1997 333 98 22 Per2lb.
2106 333 50 22 loaf
2232 335 15 20 0
2273 335 14 20 0
2314 333 14 20 6
2344 345 19 7 ..
2381 333 14 20 0
2423 333 14 19 0
2465 333 14 20 0

1888 361 74 21 Beef:
1978 360 78 27 Fresh,
2075 367 89 15 carcase
2178 366 40 21 per

2006 386 30 22 lb'.
2203 400 8 9 ,
2229 388 14 20 0
2270 387 12 19 0
2298 387 27 20 10
2341 399 18 7 ..
2378 387 15 20 0
2420 386 18 23 0.
2462 387 14 19 0

1971 425 4 5 •
1997 413 54 26 Salt,
2062 420 40 20 per
2114 414 66 21 tierce
2194 428 47 8 ..;.
2253 420 59 14 none
2342 413 93 21 ..00
2464 413 15 19 0

1984 441 3 5 '
1997 440 44 22 Do.
2051 447 42 19 per,
2105 440 72 22 barrel
2194 454 17 6 ..
2253 446 58 15 none
2342 439 28 20 ..'
2378 441 14 19 0
2420 439 14 20 0
2462 440 15 19 0

1889 467 107 25 Butter:
2013 467 66 26 Irish,
2091 467 76 27 perlb.
2191 468 54 20 ..0
2272 468 11 20 1
2312 467 14 19 9
2342 479 18 7 ..
2379 467 15 19 0
2420 465 14 21 2
2464 467 14 19 0

1883 496 3 5 •
1905 494 8 27 ',
1942 503 3 4 •
1984 496 8 20 '„
2012 493 201 22 Fre5h..........
2232 495 16 20 O
2273 495 15 20 2
2309 493 19 28 .6
2345 505 18 8 ..
2382 493 14 21 0
2424 493 14 19 0
2465 493 14 19 0

1890 526 81 17 orand
1977 528 11 14 if
1994 522 12 20 r'
2015 520 60 22 First
2081 521 94 26 quality,-
2180 526 39 21 per
2251 529 4 5 -

2020 562 4 3 -
2038 546 76 27 gallon
2124 547 23 21 in
2159 547 58 21 bond
2231 548 15 20 0
2273 548 15 20 6
2314 547 14 20 0
2345 559 18 7 ..
2382 547 14 19 0
2424 545 14 21 8
2465 547 14 18 0

1890 574 86 21 Brown
1996 573 75 22 Stout
2078 581 6 13 :
2101 580 46 21 ,per
2159 573 53 22 hhd.
2229 574 55 20 610
2311 574 14 20 0
2342 582 24 10 ..-
2381 572 13 22 7
2422 573 14 19 0
2464 574 14 18 0

1890 601 100 22 Cigars:
2003 599 149 28 Manilla,per
2158 601 59 25 1000,
2232 601 14 19 3
2273 601 14 19 0
2314 601 47 19 0..
2381 600 14 20 0
2423 599 14 19 0
2465 601 13 18 0

1999 627 98 21 Inferior
2234 627 11 20 1
2261 627 27 21 18
2315 627 13 19 0
2345 639 18 6 ..
2381 626 15 20 2
2424 626 14 19 0
2466 626 13 20 0

2000 653 137 27 Havannah,
2142 653 75 28 perlb.
2253 658 60 16 none
2343 653 135 20 ..000

1999 680 246 27 ChinsurahperlOOOl
2262 681 24 19 10
2314 680 13 20 0
2343 692 18 7 ..
2380 680 14 20 0
2422 679 14 19 0
2464 681 13 18 0

1998 707 213 22 Alexandrian....
2233 707 10 21 I
2260 707 26 21 10
2313 707 13 19 0
2343 719 18 7 ..
2380 703 14 23 0
2422 705 24 20 0~
2464 707 13 18 0

1890 735 101 21 Coffee:
2003 734 64 26 Java,
2078 741 40 20 per
2125 734 22 22 lb
2232 735 14 19 0
2273 735 15 19 0
2302 733 26 20 10
2345 746 18 6 ..
2381 733 14 20 0
2422 732 15 20 0
2465 733 13 19 0

1891 761 103 22 Cheese:
2010 760 106 22 Cheshire
2233 762 15 19 0
2275 761 10 19 1
2315 760 81 20 6..0
2424 760 14 18 0
2466 760 13 18 0

2010 787 55 22 Pine
2076 787 72 28 Apple
2170 801 44 7 ....
2234 789 14 19 0
2275 789 14 19 0
2316 787 13 19 0
2345 787 52 22 ...,0
2425 785 11 20 1
2465 785 14 20 2

2009 813 76 25 Dutch
2234 815 15 19 0
2275 815 13 19 0
2317 814 47 19 0..
2384 813 13 21 0
2425 812 11 20 1
2468 813 15 19 0

1891 842 106 21 Candles
2005 848 5 14 :
2018 840 94 27 English
2120 848 55 19 wax,
2182 847 39 20 per

2036 867 23 22 lb
2234 869 14 19 0
2275 868 14 20 3
2317 867 13 19 0
2347 879 18 7 ..
2384 867 14 19 0
2426 867 13 19 0
2468 867 11 19 0

2023 893 81 23 Mould
2233 895 15 19 0
2276 894 10 20 1
2316 893 48 21 3..
2384 894 14 19 0
2425 893 14 19 0
2467 893 13 19 0

2024 921 57 27 Dips
2232 922 15 20 0
2275 921 10 20 1
2315 921 13 19 0
2345 933 18 6 ..
2424 920 14 19 0
2466 921 13 18 0

1892 949 93 22 Flour:
1995 947 132 28 Istquality,
2138 955 39 20 per
2181 951 39 17 ton
2329 958 2 9 i

2017 975 25 21 of
2053 975 54 21 2000
2117 974 34 22 lbs
2219 974 27 21 15
2274 975 14 19 0
2316 975 12 19 0
2345 973 52 21 ..20
2424 973 14 19 0
2466 974 13 19 0

1970 1006 4 6 '
1992 1002 45 21 2nd
2048 1001 56 22 ditto
2234 1003 15 19 0
2275 1002 14 19 0
2316 1001 14 19 0
2346 1014 18 6 ..
2372 1001 26 19 12
2425 1000 14 19 0
2467 1001 13 19 0

1893 1030 61 21 Gin:
1974 1029 54 22 Pale
2044 1028 94 22 in;bond
2234 1029 14 20 0
2274 1029 14 19 3
2317 1028 13 20 0
2346 1041 18 5 ..
2383 1029 13 19 0
2424 1026 15 20 4
2465 1027 16 20 0

1944 1051 274 32 Case^4gal4-sinbond
2235 1056 11 20 1
2276 1056 13 20 8
2317 1055 13 19 0
2346 1067 18 7 ..
2385 1055 11 20 I
2413 1053 26 21 10
2467 1055 13 18 0

2135 1081 83 28 perlb.
2234 1083 15 19 0
2276 1083 14 19 0
2318 1082 13 19 0
2347 1095 18 5 ..
2385 1083 13 18 0
2427 1082 14 18 0
2469 1081 14 19 0

1893 1110 128 22 Mustard:
2037 1109 43 22 Per
2090 1109 69 22 dozen
2172 1110 78 20 ....0
2265 1109 25 21 18
2319 1109 80 19 0..0
2427 1107 14 19 0
2470 1108 12 19 0

1894 1137 115 22 Mutton:
2030 1137 93 20 Carcase
2134 1143 37 20 per
2181 1135 23 22 lb
2214 1151 6 6 .
2236 1137 14 20 0
2277 1137 14 19 0
2319 1133 48 22 9..
2386 1135 13 20 0
2429 1135 13 19 0
2458 1135 21 19 11

1894 1164 123 21 Muskets:
2033 1163 93 20 Walnut
2132 1162 92 21 stocked
2236 1164 15 19 0
2278 1163 13 20 0
2319 1163 13 19 0
2349 1175 17 7 ..
2386 1163 13 19 0
2417 1161 24 19 15
2472 1161 13 19 0

1894 1190 78 21 Milk.
1989 1190 42 21 Per
2038 1189 50 28 pint
2236 1190 15 20 0
2278 1190 13 19 0
2319 1189 12 19 3
2349 1202 18 6 ..
2386 1189 13 19 0
2428 1188 13 19 0
2469 1187 15 20 4

1894 1217 58 21 Oil:
1968 1215 104 25 Linseed,
2083 1222 38 20 per
2130 1215 75 27 gallon
2214 1230 6 6 .
2236 1217 14 19 0
2278 1217 12 18 0
2319 1215 13 19 0
2349 1228 18 6 ..
2400 1220 66 15 none.

1969 1241 284 28 Black,incask,pertonl7
2279 1243 15 19 0
2321 1242 13 20 0
2351 1255 18 6 ..
2388 1243 13 19 0
2430 1244 13 17 0
2471 1242 12 20 0

2005 1270 79 25 Sperm
2218 1270 30 19 60
2274 1269 12 19 0
2316 1268 12 19 0
2345 1269 51 19 ..65
2425 1268 13 18 0
2467 1269 12 17 0

1896 1297 76 22 Pork:
1987 1297 78 25 Fresh,
2083 1302 87 15 carcase
2185 1302 40 20 per

2012 1323 22 21 lb
2235 1323 15 21 0
2274 1324 16 19 0
2318 1321 12 21 5
2347 1335 19 6 ..
2385 1323 13 19 0
2427 1323 13 19 0
2468 1323 13 19 0

1895 1351 65 21 Pork
1967 1357 5 14 :
1989 1350 66 27 Irish,
2066 1357 40 19 per
2115 1349 72 22 barrel
2199 1363 18 7 ..
2236 1351 15 19 0
2278 1351 13 19 0
2320 1350 13 20 0
2349 1362 18 6 ..
2386 1348 13 20 5
2427 1348 14 20 5
2470 1349 15 20 0

1895 1378 131 21 Potatoes:
2048 1377 56 20 New
2118 1376 105 27 Zealand,

2072 1410 40 20 per
2121 1408 37 17 ton
2236 1404 13 20 5
2278 1405 12 19 0
2319 1404 12 20 0
2349 1416 17 6 ..
2386 1403 13 21 8
2427 1403 14 20 0
2469 1404 13 19 0

1896 1432 93 21 Porter
1997 1438 6 14 :
2033 1431 102 26 Dunbar,
2146 1431 24 20 in
2178 1431 43 20 bot.

2063 1464 40 20 per
2112 1457 41 21 doz
2236 1458 55 20 013
2318 1458 13 19 0
2348 1470 18 6 ..
2385 1458 14 19 0
2427 1457 14 19 0
2469 1458 13 18 0

2003 1484 88 28 Bryant
2101 1484 44 21 and
2154 1484 68 21 Davis
2237 1485 14 20 0
2265 1485 25 19 13
2319 1485 13 19 0
2349 1497 17 6 ..
2386 1484 14 20 0
2428 1484 13 20 0
2469 1484 13 19 0

1897 1512 114 21 Pickles:
2042 1512 68 21 Assoi
2116 1511 42 27 ved,
2186 1518 39 19 per

2069 1537 57 26 doz.,
2150 1541 74 23 quarts
2240 1538 51 21 11
2321 1538 12 20 0
2351 1551 18 6 ..
2389 1539 12 19 0
2430 1538 13 19 0
2472 1538 12 18 0

1897 1566 72 21 Pitch
1983 1573 5 13 :
2020 1564 137 27 Stockholm,
2186 1571 39 20 per

2046 1592 72 21 barrel
2239 1593 15 20 0
2281 1594 13 19 0
2322 1592 13 19 0
2351 1605 19 6 ..
2391 1592 10 19 1
2431 1591 12 20 5
2474 1593 12 18 0

1898 1620 93 21 Plank:
2020 1619 54 22 Port
2097 1618 128 27 Nicholson,

2026 1659 5 7 ,
2046 1653 40 20 per
2096 1647 39 20 100
2144 1646 45 21 feet
2201 1660 17 5 ..
2239 1647 14 20 0
2279 1647 14 19 0
2321 1646 12 19 0
2351 1658 17 7 ..
2390 1645 50 20 11
2471 1646 12 19 0

1897 1674 59 21 Rice
1962 1681 4 13 :
1980 1673 110 22 Common
2099 1679 39 21 per
2144 1676 47 17 cwt.
2203 1686 17 6 ..
2240 1674 14 19 0
2281 1675 13 18 0
2323 1674 12 19 0
2352 1685 18 7 ..
2389 1673 13 20 0
2430 1673 13 19 0
2472 1674 12 18 0

1979 1700 66 21 Good
2239 1700 55 26 1.4
2322 1700 12 19 0
2351 1712 17 7 ..
2387 1701 14 19 0
2429 1698 17 21 0'
2471 1700 12 19 0

1898 1728 54 21 Rum
1961 1735 4 13 :
1982 1727 24 22 P.
2018 1727 25 22 B.
2051 1726 39 26 *P.,
2105 1733 38 21 per
2151 1726 74 27 gallon

2019 1754 23 21 in
2058 1753 60 22 bond
2239 1755 14 19 0
2279 1754 15 21 4
2322 1753 11 19 0
2351 1766 17 7 ..
2389 1754 13 19 0
2429 1753 13 19 5
2472 1754 12 19 0

1898 1782 89 24 Sugar:
2003 1778 120 25 Mauritius
2133 1787 39 20 per
2178 1784 48 17 cwt.
2241 1782 15 19 0
2283 1782 14 20 0
2325 1782 12 19 0
2354 1794 18 6 ..
2405 1785 58 16 none

2006 1808 82 21 Brown
2103 1807 53 22 ditto
2238 1809 52 20 12
2319 1808 79 20 0..1
2429 1808 54 19 80

2006 1834 98 23 Refined
2119 1834 52 27 loaf,
2188 1841 39 20 per
2304 1852 10 8 N

2033 1862 23 21 lb
2240 1864 15 19 0
2281 1863 14 20 0
2323 1862 14 20 9
2352 1874 19 7 ..
2391 1862 12 19 0
2432 1862 13 19 0
2473 1862 13 19 0

2008 1888 97 22 Manilla
2123 1895 39 21 per
2175 1891 47 18 cwt.
2238 1890 15 19 0
2280 1890 13 19 0
2321 1890 49 19 0..
2389 1886 67 22 None

1898 1917 60 21 Salt
1966 1923 5 14 :
1987 1915 127 28 Liverpool,
2124 1922 39 20 per
2173 1919 51 18 ton.
2239 1917 15 20 3
2281 1917 14 20 0
2323 1916 12 19 0
2352 1928 18 7 ..
2389 1915 14 20 4
2431 1916 13 19 0
2472 1915 13 20 0

1898 1944 60 21 Soap
1966 1950 7 14 :
1999 1942 104 22 Hawes's
2125 1942 101 27 London,

2027 1977 38 20 per
2072 1973 39 18 ton
2225 1969 28 21 35
2271 1971 24 23 ,0
2323 1970 12 19 0
2352 1982 18 6 ..
2390 1968 13 19 0
2432 1969 13 19 0
2473 1970 13 18 0

2225 1998 29 19 26
2281 1998 14 19 0
2323 1997 80 20 0..0
2431 1995 12 18 0
2472 1996 13 19 0

1898 2024 91 21 Starch
1997 2031 5 13 :
2019 2024 42 21 Per
2070 2023 23 20 lb
2241 2024 14 19 0
2282 2025 13 18 0
2323 2024 48 19 9..
2391 2024 12 19 0
2432 2023 13 18 0
2474 2022 12 19 0

1898 2051 143 23 Scant.ling:
2058 2049 44 21 Per
2109 2050 39 20 100
2157 2049 65 22 feet..
2242 2050 54 21 018
2325 2050 12 19 0
2354 2062 18 5 ..
2393 2050 10 19 1
2433 2049 13 19 0
2474 2050 12 17 0

1899 2078 128 21 Shingles:
2043 2076 44 21 Per
2095 2078 59 24 1000,
2163 2076 28 21 JS.
2199 2076 26 21 Z.
2242 2077 52 20 11
2324 2076 13 20 0
2354 2088 18 7 ..
2393 2076 10 19 1
2432 2075 14 20 5
2473 2077 12 18 0

2031 2104 70 25 Ditto,
2123 2102 27 22 V.
2161 2103 31 21 D.-
2200 2103 26 21 L.
2241 2104 14 19 2
2283 2104 13 20 0
2325 2104 12 19 0
2354 2116 18 5 ..
2392 2104 13 19 0
2433 2104 13 18 0
2474 2105 11 17 0

1899 2132 63 21 Tar.
1978 2130 54 23 Coal
2243 2131 52 20 11
2325 2132 12 17 0
2354 2142 19 7 ..
2392 2131 14 19 0
2434 2130 13 19 0
2474 2130 12 19 0

1982 2157 129 22 Stockholm
2245 2158 60 22 11.
2325 2158 13 19 0
2355 2170 17 6 ..
2392 2158 13 19 0
2434 2153 23 29 0>
2474 2157 12 19 0

1899 2186 64 21 Tea:
1972 2186 80 26 Hyson
2058 2184 55 26 skin,
2120 2191 38 19 per
2168 2184 62 21 chest
2242 2186 16 19 4
2283 2186 15 19 0
2325 2184 12 20 0
2354 2196 19 7 ..
2392 2183 13 22 7
2434 2183 14 20 7
2474 2184 12 19 0

1975 2209 101 29 Congou'
2100 2221 37 10 ...-
2231 2212 27 20 10
2285 2213 13 19 0
2326 2212 13 19 0
2355 2224 18 6 ..
2392 2212 13 19 0
2434 2211 13 19 0
2474 2211 12 19 0

1900 2240 119 21 Tobacco:
2032 2238 143 26 Negrohead,
2191 2245 40 19 per

2060 2265 31 21 lb.
2104 2265 23 21 in
2143 2264 58 22 bond
2243 2267 14 19 0
2285 2266 9 20 1
2326 2266 47 19 0..
2392 2266 14 19 0
2434 2264 13 20 0
2475 2265 12 19 0

1900 2293 165 22 Turpentine:
2082 2292 41 21 Per
2128 2292 96 26 gallon..
2244 2293 14 20 0
2285 2295 13 18 «
2327 2293 13 19 0
2356 2305 19 6 ..
2394 2292 18 24 0.
2436 2292 12 19 0
2475 2292 12 19 0

1902 2321 162 21 Whalubone:
2081 2319 42 21 Per
2132 2325 38 15 ton
2231 2320 29 20 90
2286 2321 14 19 0
2326 2320 14 19 0
2357 2319 50 20 ..95
2436 2320 12 18 0
2475 2319 12 19 0

1902 2347 82 22 Wine:
1999 2347 90 26 Sherry,
2100 2353 38 20 per
2147 2346 49 27 pipe
2207 2349 51 18 ..2«
2285 2347 14 20 0
2327 2346 80 21 0..40
2435 2346 13 19 0
2475 2346 12 19 0

2010 2374 72 26 Ditto,
2095 2380 42 20 -per
2151 2373 77 21 dozen.
2245 2375 10 19 1
2284 2375 14 19 4
2326 2373 13 20 0
2356 2386 18 6 ..
2394 2373 12 20 2
2435 2373 13 19 0
2475 2373 12 19 0

2011 2401 61 26 Port,
2083 2407 38 20 per
2132 2400 48 27 pipe
2204 2413 18 7 ..
2229 2401 28 21 28
2284 2402 14 19 0
2325 2401 13 19 0
2355 2413 18 6 ..
2379 2400 27 20 (30
2434 2400 13 19 0
2473 2400 13 19 0

2074 2430 102 24 •perdoz.
2205 2429 51 19 ..1
2284 2429 13 19 S
2326 2428 12 20 0
2356 2440 17 6 ..
2392 2427 14 20 2
2433 2427 13 19 8
2473 2427 12 19 0

2012 2455 149 26 Champagne,
2176 2453 54 23 ditto
2245 2455 13 20 2
2285 2455 13 19 5
2327 2455 13 19 0
2357 2467 18 6 ..
2394 2454 12 20 3
2423 2453 25 20 10
2475 2453 12 20 0

1902 2483 122 21 Poultry:
2039 2483 81 25 Fowls,
2126 2488 40 20 per
2172 2482 60 27 pair.
2247 2484 14 19 0
2288 2484 14 18 8
2330 2483 12 18 0
2359 2494 18 6 ..
2396 2483 13 18 0
2477 2481 12 19 0

2038 2509 85 26 Ducks,
2135 2509 53 21 ditto
2209 2523 17 5 ..
2246 2511 14 19 0
2275 2509 26 21 16
2328 2509 13 19 0
2358 2506 50 22 ..'0
2436 2507 52 21 0.0

2040 2537 79 26 Geese,
2131 2536 54 21 each
2209 2550 17 6 ..
2246 2537 12 20 1
2286 2538 14 18 0
2328 2536 12 20 0
2358 2549 17 5 ..
2394 2535 14 20 0
2436 2535 12 19 0
2476 2535 12 19 0

2248 2564 11 20 1
2288 2565 14 19 0
2330 2564 12 19 0
2359 2575 18 6 ..
2396 2563 14 19 0
2438 2562 13 19 0
2477 2561 12 20 0

2039 2591 104 25 Pigeons,
2153 2590 78 26 (wild,)

2065 2624 41 19 per
2116 2617 47 26 pair
2182 2618 80 20 ....0
2288 2618 14 20 0
2330 2617 80 19 0..0
2437 2615 13 20 2
2478 2615 13 19 0

2038 2643 85 26 Ducks,
2131 2644 36 20 do.
2178 2643 50 21 do..
2247 2645 15 19 0
2288 2644 14 20 5
2330 2644 13 18 0
2359 2656 19 6 ..
2397 2644 13 19 0
2438 2643 14 19 0
2478 2642 13 20 0

1902 2673 73 21 Eggs:
1993 2671 43 21 Per
2046 2671 89 20 dozen;
2248 2672 14 18 0
2288 2671 15 20 2
2330 2671 13 19 0
2359 2683 19 7 ..
2397 2671 13 19 0
2439 2670 13 20 0
2479 2669 13 20 0

1903 2727 77 21 Cows:
1995 2724 73 22 Milch
2235 2723 27 21 15
2288 2725 14 19 0
2330 2720 15 23 tf
2359 2723 51 20 ..25

1903 2754 96 21 Mares:
2017 2751 75 22 Brood
2232 2752 29 19 50
2288 2752 14 19 0
2329 2751 13 19 0
2359 2751 51 20 ..8J
2439 2751 13 19 0
2479 2751 12 19 0

1907 2780 115 21 Working
2038 2779 120 21 Bullocks
2165 2786 5 12 :
2193 2777 42 21 Per

1931 2807 50 28 pair
2332 2804 14 20 0
2362 2805 52 19 ..60
2441 2804 14 20 0
2481 2803 11 20 0

1906 2834 64 21 Hike
1981 2840 26 14 of
2018 2839 69 15 ditto
2095 2839 5 14 :
2116 2832 42 22 Per
2165 2831 50 27 day,
2224 2838 14 14 a

1933 2864 61 18 team
2003 2859 46 22 and
2055 2859 111 22 driver..:
2251 2859 12 20 1
2292 2859 14 20 0
2333 2859 14 19 0
2363 2871 19 6 ..
2400 2858 13 20 2
2442 2858 13 19 0
2481 2857 11 20 0

1907 2888 88 22 Sheep:
2011 2885 63 23 Each
2159 2892 8 14 ;
2251 2887 12 19 1
2291 2886 14 20 0
2333 2887 13 19 0
2362 2897 20 7 ..
2401 2885 11 20 1
2441 2885 13 19 8
2480 2885 12 19 0

1907 2916 64 21 Boat
1981 2914 74 22 Hire:
2071 2913 43 22 Per
2119 2912 119 28 day;-with-

2099 2944 40 18 out
2148 2939 71 22 hands
2229 2955 5 6 .
2250 2941 15 20 0
2279 2941 31 24 10.
2325 2941 22 19 -0
2363 2952 19 6 ..
2401 2939 10 20 1
2443 2939 12 19 0
2481 2938 11 20 0

1909 2996 97 22 Wages:
2036 2993 139 28 Mechanics,
2200 3001 40 20 per
2335 3003 5 9 «

2063 3021 61 22 week
2253 3022 14 20 2
2295 3021 14 21 0
2336 3021 13 20 0
2365 3033 20 7 ..
2403 3021 13 20 3
2443 3020 14 20 0
2481 3019 10 19 0

2045 3048 126 23 Labourers
2189 3062 45 6 ....
2254 3049 11 20 1
2282 3048 27 21 10
2335 3049 50 19 0..
2405 3047 52 21 116
2481 3046 11 20 0

2146 3075 121 22 DUTIES.

1909 3106 99 21 British
2020 3104 92 21 Spirits
2326 3102 31 21 4s.
2366 3108 42 21 per
2415 3099 77 29 gallon.

1909 3132 104 22 Foreign
2027 3131 56 22 ditto
2326 3130 31 20 ss.
2367 3135 40 21 per
2414 3127 77 28 gallon.

1908 3160 105 21 Tobacco
2024 3157 176 27 manufactured,
2328 3157 29 20 Is.
2366 3163 40 20 per
2415 3161 31 15 id.

2026 3184 283 23 Unmanufactured......
2318 3182 43 22 '9d.
2372 3181 78 28 perlb.

1910 3214 75 21 Snuff
2141 3219 6 14 :
2328 3212 29 19 2s.
2366 3216 40 20 per
2413 3210 33 19 lb.

1910 3241 87 21 Cigahs
2129 3242 8 18 .'
2328 3238 30 20 2s.
2367 3236 80 26 perlb.

1912 3266 80 23 WiNEs
2104 3266 11 21 >
2320 3264 23 20 15
2356 3269 40 21 per
2405 3265 57 19 cent.

1909 3295 57 26 Tea,
1980 3295 87 25 Sugar,
2084 3294 87 26 Flour,
2189 3293 97 25 Wheat,
2300 3298 3 15 i

1929 3321 45 22 and
1984 3322 64 21 other
2059 3321 86 33 Grain,
2157 3323 13 20 5
2180 3327 38 21 per
2227 3325 58 16 cent.
2299 3316 4 24 I
2344 3331 14 22 d
2367 3331 105 22 valorem.

1910 3349 40 21 All
1960 3348 63 22 other
2032 3349 107 21 Foreign
2147 3350 139 26 prouuctions
2297 3348 7 35 j

1925 3375 45 23 and
1975 3376 167 22 manufactures
2152 3377 23 19 10
2182 3381 38 21 per
2227 3379 56 16 cent.
2290 3370 13 29 J

2046 3414 13 7 -
2107 3423 3 4 .
2116 3400 182 24 EXCHANGE.

1900 3438 31 17 'r>
1989 3440 39 15 i-ii
2057 3436 1 6 '
2090 3443 13 12 t
2146 3443 5 12 i
2215 3428 51 27 J3O
2281 3428 56 27 days
2351 3428 64 27 sight,
2433 3429 14 20 2
2460 3433 33 21 per

1912 3444 69 22 Bank
1989 3443 52 23 bills
2050 3450 30 16 on
2090 3443 93 23 London
2215 3440 17 40 |
2272 3447 185 36 cent..preVniuin.

1913 3485 134 27 OirSydney
2323 3482 82 22 'Ditto.

1912 3512 89 21 Private
2079 3524 32 7 ...
2118 3508 5 22 i
2309 3509 114 24 Nominal*

1883 3538 2 13 i
2107 3539 7 5 -
2148 3546 3 5 .
2183 3545 1 4 .

1883 3570 2 9 '
1933 3570 40 17 The
1977 3569 13 17 '
1990 3569 42 17 New
2043 3569 98 15 Zealand
2152 3567 93 17 Gazetijj
2250 3570 37 15 and
2300 3568 130 17 Wellington
2445 3568 49 15 Spec-

1884 3592 1 20 J
1912 3590 85 18 TATORis
2004 3589 98 21 published
2109 3593 53 16 every
2169 3589 112 21 Wednesday
2292 3590 38 16 and
2340 3590 91 19 Saturday.
2453 3588 41 15 Sub-

1884 3620 1 14 ;
1910 3612 100 21 joiuedare
2017 3611 30 15 the
2054 3613 65 13 terms:
2121 3617 22 5 —
2181 3609 4 7 '

1931 3633 65 16 Trice
2003 3635 25 12 op
2035 3635 41 12 tub
2083 3631 75 16 Papsiu
2158 3639 22 4 —
2180 3631 54 21 Forty
2239 3631 87 21 shillings
2331 3635 31 17 per
2372 3635 74 14 annum,
2457 3633 37 17 pay-

1912 3653 41 17 able
1959 3653 19 16 in
1985 3652 80 16 advance
2070 3656 4 14 ;
2086 3656 21 12 or
2113 3656 34 12 one
2154 3651 75 22 shilling
2234 3653 30 16 for
2269 3653 60 20 single
2336 3654 89 15 numbers..

1920 3677 9 6 '■
1933 3673 157 17 Advertisements
2097 3672 38 17 will
2141 3675 32 14 not
2178 3677 67 17 appear
2255 3674 19 16 in
2287 3675 31 15 the
2328 3678 64 11 ensum
2394 3681 9 12 b
2399 3677 6 7 '
2416 3671 78 19 numberi

1913 3695 16 16 if
1938 3694 81 17 received
2027 3694 46 17 later
2078 3694 46 16 than
2137 3695 19 16 10
2163 3694 73 20 o'clock,
2244 3699 48 15 a.m.,
2299 3699 24 12 on
2331 3697 29 14 the
2368 3697 69 13 <rwiinii
2438 3705 11 8 oo
2445 3697 5 7 r
2451 3700 7 8 =>
2467 3694 26 14 i>e-

1883 3727 2 5 .
1913 3717 37 15 fore
1964 3715 119 21 publication.
2105 3715 157 17 Advertisements
2276 3715 36 17 will
2325 3718 19 14 be
2355 3714 96 17 continued
2457 3711 33 17 and

1912 3736 77 21 charged
2001 3736 47 18 until
2058 3737 166 19 counter-ordered;
2236 3737 46 16 such
2288 3736 53 17 order
2348 3739 48 14 must
2403 3737 21 14 be
2431 3736 38 15 sent
2476 3736 16 12 to

1883 3755 2 18 i
1913 3758 31 16 the
1954 3757 54 16 Uth'ce
2020 3760 35 14 two
2075 3757 44 20 days
2138 3758 59 16 before
2208 3758 118 20 publication,
2338 3758 34 15 and
2384 3759 48 13 must
2444 3758 18 13 tie
2472 3757 18 12 in

1914 3780 77 18 writing.
2015 3778 156 17 Advertisements
2185 3780 82 15 received
2285 3778 52 22 after
2354 3779 20 16 10
2390 3777 65 16 o'clock
2469 3777 21 13 on

1913 3799 83 20 Tuesday
2008 3800 38 16 and
2056 3799 65 20 .Friday
2134 3804 91 16 mornings
2238 3800 38 16 will
2287 3801 28 15 bo.
2319 3799 76 20 chained
2406 3801 49 13 twice
2464 3797 28 13 tlie

1914 3821 52 16 usual
1973 3820 53 16 rates.
2074 3838 3 4 _
2203 3824 3 3 '
2215 3831 3 3 ■
2234 3833 4 5 ,
2379 3819 4 4 '

1934 3841 31 16 All
1971 3842 67 18 orders,
2049 3840 157 20 advertisements,
2218 3841 37 16 aud
2267 3840 160 17 communications
2439 3842 16 11 to
2466 3839 27 13 tue

1883 3861 2 14 5
1915 3863 67 17 Editor,
1989 3866 31 12 are
2028 3863 95 20 requested
2130 3866 18 12 to
2157 3867 20 11 ue
2185 3863 96 15 »ddre»seu
2289 3866 18 12 to
2315 3864 35 13 this
2357 3862 60 15 Otlice.

1884 3920 2 4 .
1915 3910 74 15 mined
2002 3903 37 22 aim
2054 3909 97 20 pubhsned
2168 3912 54 17 every
2238 3908 113 20 Wednesday
2366 3904 127 19 andS»turday

1884 3942 2 9 r
1936 3934 89 16 morning,
2041 3931 21 19 by
2083 3930 84 16 6amuhl
2181 3931 89 17 Kuvaks,
2287 3933 19 13 at
2321 3929 31 16 the
2366 3927 54 17 Office
2425 3929 28 15 ;ot
2465 3926 28 13 tnt

1883 3953 2 9 >
1936 3951 48 16 New
1999 3951 27 15 Zk
2029 3954 69 13 aland
2110 3951 90 16 Gazettb
2211 3954 42 13 aub
2268 3950 133 17 Weminsioh
2416 3948 78 16 Spbcta-

1935 3976 43 14 tojh,
1989 3971 158 21 Manner*-Wi«»t,
2157 3971 115 21 Wellington,
2284 3971 44 18 Port
2335 3969 101 23 .Ni«hol»»
2437 3978 6 10 f
2454 3967 39 16 «••

1936 3992 84 18 Zealand.

54 3476 61 17 merit
126 3479 11 14 o

505 64 35 42 ;
542 37 109 70 jfo»
674 36 292 69 ffieS^fe^^^
1704 32 255 62 ibpittatoi.

66 121 3 14 9

31 139 59 58 M'
108 146 101 25 ESSRS:
227 144 154 25 MACLEOD
404 152 45 15 and
469 144 45 22 CO.
540 143 44 27 beg
607 146 22 18 to

104 184 7 5 -
134 174 84 23 inform
239 174 36 21 the
450 171 25 22 of
491 170 139 26 Wellington

31 202 60 22 ..that
98 201 64 29 "'they
170 201 62 22 have
245 199 145 23 commenced
405 206 15 14 a
433 197 98 26 clearing
537 196 63 26 .salej
607 195 26 22 of

31 224 48 29 Vthe
99 227 70 23 whole
190 229 26 21 of
218 228 4 4 '
232 228 37 21 the
289 226 63 22 stock
369 225 85 27 'lately.
461 223 122 27 belonging
607 225 22 18 to

31 255 101 22 'Messrs.
141 255 117 22 Anderson
269 253 43 21 and
324 251 136 27 Rowand.in
470 250 159 28 Willis-street,

42 282 23 21 in
77 281 64 22 order
156 286 22 17 to
190 281 64 22 make
269 287 62 14 room
341 278 35 22 for
392 279 165 26 consignments
572 277 59 26 daily

43 308 107 28 expected
160 309 30 27 by
200 308 37 21 the
247 307 61 26 ships
317 307 79 24 George
404 305 47 27 fife
460 303 45 23 and
513 304 115 24 Blenheim,

42 336 56 21 from
110 335 119 27 England.,
251 333 68 22 Their
336 336 88 24 present
433 331 65 22 stock
505 331 93 21 consists
609 329 24 21 of

42 369 13 14 a
74 362 90 27 general
185 365 133 18 assortment
341 358 33 23 of.
386 358 116 27 groceries,
528 357 100 30 drapery,

42 388 165 27 liaberdashery
209 404 5 15 ?
226 387 45 21 and
287 386 113 27 crockery,
414 384 71 23 which
493 383 139 28 they-solicit

43 415 121 29 the-public
174 418 24 17 to
208 418 92 22 inspect,
310 412 45 22 and
364 413 77 25 which,
448 412 183 26 inconsequence

44 442 25 21 of
76 448 67 20 many
153 441 167 26 advantageous
331 441 167 24 arrangements
512 437 54 28 they
576 437 54 21 have

43 468 73 25 made,
129 467 52 28 they
193 475 36 14 are
240 467 79 21 enable
331 472 22 16 to
368 466 54 21 offer
436 465 60 22 them
508 465 39 21 for-
553 463 46 23 sale
609 466 23 18 at

44 503 13 14 a
66 495 140 31 lower-price
215 493 54 22 than
286 500 47 21 any.
341 492 63 22 other
412 492 68 27 goods
489 491 25 21 of
522 490 38 22 the
571 497 60 15 same

44 521 135 27 description
189 520 72 23 which
275 519 59 23 have
351 524 38 23 yet
399 519 61 22 been,
466 517 119 25 offered/to
595 516 36 22 the

42 548 82 28 public.
428 566 4 7 t
437 559 18 16 %
475 559 4 3 -

70 581 158 26 Willis-street,
241 580 32 22 Te
284 580 56 26 Aro,
352 580 49 21 Oct.
411 580 35 21 28.
458 580 59 20 1842.
528 592 1 7 ,

96 632 235 22 Port-Nicholson
347 632 54 20 and
413 630 165 27 Wanganui.
595 640 2 4 ■

44 666 167 51 SEVERAL
225 665 69 24 Town
311 665 45 23 and
373 665 99 26 Country
491 664 100 22 Sections
609 663 23 21 in

108 695 62 21 these
180 694 97 22 districts
286 698 23 17 to
320 693 28 21 be
358 693 49 21 sold
417 698 25 14 or
455 692 39 22 let.
523 691 46 22 For
581 697 50 21 par-

42 721 90 23 ticulars
142 722 47 21 and
199 726 74 22 terms,
284 721 66 27 apply
362 724 21 17 to

352 754 94 22 Robert
461 753 27 22 R.
505 752 100 24 Stjr.ang.

71 783 89 26 August
169 784 21 25 4,
203 784 60 32 1842^
496 792 7 22 ;■

45 827 87 21 Town
156 829 56 20 and
235 828 124 24 Country
475 827 29 19 to
526 826 51 21 Let
597 831 35 15 on

235 855 79 26 Long
334 855 108 20 Leases.
454 869 4 4 .

44 888 99 49 NOS.
160 888 28 21 of
204 888 36 21 the
261 891 58 18 town
339 895 62 14 acres
420 895 29 14 on
465 886 38 23 the
522 887 112 26 Surveyor

245 914 118 22 General's
373 914 64 28 Plan,

152 943 42 20 224
320 942 42 21 510
483 943 41 20 263

44 968 44 22 For
96 968 141 28 particulars,
249 968 67 28 apply
326 973 23 17 to

210 1002 124 27 Wallace,
346 1003 93 27 White,
450 1002 45 22 and
510 1002 123 21 Wallace.

73 1029 56 27 May
138 1030 34 26 31,
184 1031 61 22 1542.

46 1076 67 47 TO
132 1075 40 21 BE
192 1075 87 26 SOLD,
294 1075 24 22 in
334 1076 42 20 lols
391 1078 23 19 to
435 1076 42 21 suit
494 1074 138 28 purchasers,

112 1101 37 22 the
165 1102 70 22 whole
254 1102 25 21 of
290 1105 60 19 town
367 1110 49 14 acre
433 1103 43 21 No.
488 1104 46 24 134,
553 1109 27 14 on
597 1101 37 21 the

44 1128 51 27 plan
108 1128 25 21 of
136 1128 37 22 the
178 1130 68 21 Town
254 1129 24 21 of
282 1129 143 28 Wellington,
432 1130 83 26 having
520 1129 114 27 frontages

44 1159 21 18 to
76 1156 192 22 Tafanaki-street
279 1156 44 22 and
334 1157 195 27 Ingestrie-street.
559 1158 76 22 Terms

43 1182 85 22 liberal.
157 1183 76 28 Apply
245 1187 21 17 to

385 1211 35 23 W.
433 1212 27 21 V.
472 1211 108 28 Brewer,

442 1239 193 23 Manners-street.

73 1267 58 21 June
142 1266 33 23 17,
187 1267 61 21 1842.
477 1286 9 7 ,
508 1268 3 11 '

47 1311 116 52 LAND
179 1314 23 17 to
212 1311 27 22 be
251 1311 52 22 Sold
315 1319 25 14 or
350 1311 42 22 Let
407 1319 28 14 on
451 1312 102 27 building
566 1312 69 22 leases

122 1341 24 22 in
155 1337 31 26 all
197 1343 60 23 parts
266 1338 26 21 of
294 1337 43 24 'the
347 1340 76 22 Town.
453 1338 74 28 Apply
539 1345 21 16 to

134 1394 7 4 .
156 1375 91 22 Messrs.
264 1374 79 22 Evans
357 1373 43 21 and
416 1373 121 26 Chetham,

354 1400 119 27 Solicitors,

419 1427 189 28 Lambton-quay.

74 1457 56 26 May
139 1457 33 24 23,
185 1457 61 21 1842.
424 1464 5 24 ;
560 1453 2 4 '

48 1502 171 26 Wellington
242 1501 54 20 and
315 1500 183 26 Wanganui—
499 1500 93 19 Lands
607 1499 28 19 to

287 1528 34 20 be
338 1528 57 19 Let.

49 1561 121 33 rpOWN
195 1560 212 23 ALLOTMENTS
430 1561 24 21 in
478 1559 30 22 all
531 1563 60 24 parts
615 1559 23 21 of

56 1582 29 28 X
122 1588 138 27 Wellington
279 1588 43 21 and
334 1587 131 28 Wanganui,
477 1587 45 21 and
538 1588 99 25 Country

49 1615 97 22 Sections
160 1616 23 21 in
201 1615 54 22 both
271 1615 104 26 districts,
392 1618 22 18 to
430 1616 26 20 be
471 1614 30 22 let
512 1620 29 15 on
559 1614 77 22 leases.

49 1641 43 23 For
101 1643 63 27 plans
174 1643 46 21 and
230 1643 139 27 particulars,
381 1641 66 28 apply
457 1645 21 19 to

331 1678 10 8 *
381 1676 87 24 Henrx
486 1675 35 22 St.
538 1674 71 23 Hill.

76 1703 83 28 July.l,
171 1705 61 20 1842.

216 1749 89 21 Beach
324 1749 144 26 Frontage.

50 1784 65 47 TO
131 1784 38 21 BE
185 1783 75 26 LET,,
267 1782 71 22 beach
348 1782 101 26 frontage
463 1782 43 22 lots
517 1782 24 21 in
552 1785 85 18 section

120 1812 42 20 490
172 1818 30 14 on
219 1810 37 22 the
268 1810 54 21 Plan
334 1810 27 21 of
369 1809 37 22 the
415 1810 67 21 Town
497 1809 25 21 of
531 1808 106 26 Welling-

47 1841 46 23 ton,
105 1838 116 27 adjoining
232 1837 42 21 Mr.
283 1837 91 22 Taine's
380 1840 68 23 store;
464 1836 44 22 and
518 1836 24 21 in
553 1836 83 22 section

31 1883 1 3 .
48 1865 46 26 616,
105 1865 99 21 between
214 1864 74 27 Major
298 1864 90 27 Bakers
399 1864 43 21 and
451 1864 186 21 Mr.«Swainson's

48 1891 88 22 houses.

75 1919 55 21 Also
141 1918 37 22 the
186 1918 116 27 following
310 1918 98 22 sections
418 1925 29 15 on
457 1918 43 22 the
500 1918 59 22 Plan
568 1918 26 22 of
600 1918 37 21 the

48 1945 76 27 Town,
136 1945 45 22 viz:
184 1957 29 4 —

151 1974 27 19 55
316 1973 42 21 319
507 1973 41 21 922

138 2001 41 20 240
317 2000 41 21 718
487 2000 61 24 j!079
582 1994 3 7 '

73 2026 77 28 Apply
165 2031 23 17 to

226 2053 25 21 E.
268 2053 21 21 J.
305 2053 151 26 Wakefield,
473 2060 24 14 or

225 2085 28 20 W
277 2085 28 21 V.
322 2085 107 26 Brewer,
444 2086 193 21 Manners-slreet.

263 2137 38 21 To
317 2138 35 20 be
367 2138 58 23 Let,

50 2171 183 51 SUITABLE.,
239 2171 58 27 plots
315 2171 26 22 of
352 2170 86 27 ground
449 2171 33 21 for
493 2170 107 28 Building
611 2178 27 14 on

115 2199 136 27 Wellington
270 2198 103 26 Terrace,
393 2198 76 21 within
484 2199 153 22 one,miuutes

47 2226 57 21 walk
112 2226 26 20 of
145 2226 36 20 the
190 2226 82 21 Beach.
301 2226 56 21 Also
365 2225 76 27 agood
448 2233 190 13 wooden-house.

47 2253 44 21 For
101 2257 75 22 terms,
190 2252 65 29 apply
267 2256 20 18 to
305 2253 45 21 Mr.
361 2252 105 22 Brandon
478 2259 23 14 or
513 2252 45 22 Mr.
571 2252 66 22 Park.

75 2285 131 21 November
217 2286 105 25 1],..1842.

273 2337 53 21 For
342 2337 69 25 Sale,

51 2371 123 49 Agood
193 2371 134 22 substantial
339 2370 58 23 *well
419 2371 58 22 built
500 2371 79 22 house-
594 2370 45 23 and

128 2398 114 27 premises,
268 2398 54 21 with
346 2405 13 14 a
383 2398 127 22 Publican's
540 2398 99 22 General

49 2426 94 21 License
159 2425 111 27 attached,
291 2424 22 22 in
334 2433 14 14 a
369 2425 156 27 commanding
543 2426 45 21 and
605 2426 34 21 in-

50 2453 100 26 creasing
174 2452 186 27 neighbourhood
382 2452 24 21 in
432 2452 142 28 Wellington,
596 2452 44 22 and

49 2480 50 21 well
110 2479 85 27 worthy
211 2480 38 20 the
266 2480 109 20 attention
390 2479 27 21 of
432 2480 64 21 small
511 2480 128 27 capitalists.

49 2506 46 22 The
111 2509 69 19 terms
195 2506 122 27 moderate,
338 2506 45 22 and
403 2513 51 20 may
470 2507 26 21 be
512 2506 83 22 known
611 2507 29 27 by

49 2534 106 27 applying
165 2538 23 17 to
413 2535 1 5 '
432 2539 3 4 '

213 2560 22 22 J.
251 2560 131 27 Zillwood,
392 2560 221 22 Wiltshire-Tavern.

76 2591 225 28 Hawkstone-street,
313 2593 19 21 A
338 2596 66 23 ugust
413 2594 33 25 19,
458 2593 59 21 1842:

199 2643 40 21 To
254 2642 33 22 be
303 2643 66 21 Sold
389 2648 31 15 or
433 2643 56 21 Let.

49 2676 10 13 r
65 2675 76 22 rTWO
155 2674 103 22 Wooden
268 2674 98 28 Houses,
377 2673 263 30 o'ntheTinakore-road,

59 2697 24 26 J.
127 2702 37 21 the
185 2701 83 23 second
287 2709 51 16 acre
358 2704 57 21 from
437 2702 92 29 Captain
548 2702 94 23 Smith's

95 2729 131 27 containing
239 2729 51 22 four
298 2737 76 15 rooms
384 2730 44 22 and
444 2739 14 14 a
470 2737 100 21 passage,
587 2730 55 23 each

49 2756 54 22 ■with
121 2756 50 22 zinc
190 2756 68 25 roofs,
284 2758 45 21 and
352 2757 24 22 in
400 2765 67 21 every
484 2763 90 22 respect
592 2758 50 23 well

49 2782 103 23 finished.
180 2784 108 21 Terms—
289 2784 24 22 lf
320 2784 56 26 sold,
387 2784 60 23 £150
458 2786 33 21 for
498 2785 56 22 each
560 2785 69 23 house
635 2793 5 19 ;

50 2810 19 22 if
80 2810 39 28 let,
130 2810 32 23 £1
172 2817 43 21 per
224 2810 63 22 week
295 2811 36 22 for
341 2811 55 22 each
405 2812 78 23 house.
510 2812 77 28 Apply
598 2816 23 19 to

445 2847 74 22 James
534 2847 81 23 Watt.

63 2871 145 28 Wellington,
218 2872 58 22 Nov.
286 2873 34 26 27,
331 2874 60 21 1841.
611 2887 10 4 -

280 2919 54 20 For
349 2919 71 24 Sale,

52 2952 92 51 THE
159 2953 146 22 COTTAGE
321 2953 95 22 situated
427 2954 24 21 in
468 2954 100 23 Oriental
587 2956 53 27 Bay,

98 2995 3 3 •
126 2979 45 22 and
186 2979 70 28 lately
265 2981 108 27 occupied
388 2981 30 27 by
428 2981 37 22 the
483 2981 159 29 undersigned.

52 3008 21 21 A
87 3008 54 26 long
158 3007 61 22 lease
237 3007 26 21 of
279 3007 38 22 the
333 3007 84 22 section
432 3016 58 20 upon
509 3009 75 22 which
603 3010 37 22 the

52 3035 69 21 house
131 3034 76 21 stands
218 3034 43 21 will
272 3035 26 21 be
308 3035 104 26 granted.

78 3061 70 22 Town
157 3061 57 21 land
223 3061 43 22 will
275 3062 28 21 be
313 3062 68 21 taken
392 3062 23 22 in
425 3063 122 28 exchange.

79 3089 44 21 For
131 3088 87 22 further
225 3089 137 27 particulars,
374 3090 66 27 apply
451 3094 22 18 to
501 3092 4 5 v

377 3121 96 23 George
487 3122 90 29 Duppa,
594 3130 24 15 or

375 3148 35 22 W.
427 3149 28 21 V.
470 3149 103 23 Brewer

195 3212 5 7 
211 3207 7 2 -
243 3192 93 22 House
352 3194 30 20 to
393 3194 60 20 Let.

54 3225 162 51 AGOOD
234 3225 132 24 substantial
384 3226 76 28 house,
480 3228 53 22 with
553 3228 91 23 kitchen

132 3252 46 21 and
188 3252 136 28 out-houses,
337 3258 22 17 to
371 3254 29 21 let
409 3254 23 22 in
444 3255 202 23 Manners-street.

56 3280 44 22 For
108 3279 137 28 particulars,
258 3280 65 26 apply
335 3285 22 17 to
370 3281 43 21 Mr.
425 3282 120 22 Brewer's
566 3282 78 23 Office.

304 3329 89 22 Seeds.

54 3362 163 51 ALWAYS
237 3363 110 22 READY
362 3367 22 18 to
402 3366 107 26 purchase
530 3366 69 23 Seeds
623 3367 25 21 of

106 3402 3 3 •
124 3389 203 34 fall^lescriptions,
336 3397 77 20 grown
425 3393 22 21 in
458 3393 106 27 England
573 3398 24 18 oi:
607 3395 38 21 the

55 3415 113 30 ColonieV;
183 3417 43 23 bui
234 3424 13 14 a
257 3417 95 21 marked
358 3419 192 26 'preference'will
562 3421 84 28 always

54 3445 28 22 be
92 3445 67 27 given
169 3444 36 22 for
213 3445 41 21 lots
265 3444 26 21 of
297 3444 54 22 seed
365 3445 113 26 produced
482 3447 27 21 in
514 3447 43 23 'the
568 3448 76 22 settle-

54 3476 61 18 ment
126 3473 22 21 of
158 3471 57 23 New
225 3471 107 23 Zealand.
393 3485 7 4 -
522 3478 6 3 -
594 3473 3 9 '
606 3479 3 5 •
634 3473 2 4 '

108 3504 97 22 Gazette
239 3503 99 28 Office,;
338 3503 50 28 Nov.
399 3504 104 27 19,1842.

56 3550 92 33 /npHE
171 3551 81 19 Nelson
275 3551 118 19 Examiner
416 3551 47 19 and-
479 3552 52 20 New
539 3558 4 7 i
554 3554 93 20 Zealand

63 3570 29 30 JL
130 3577 112 21 Chronicle
258 3576 128 31 (published
395 3579 23 19 at
427 3577 107 28 Nelson,)'
544 3579 20 22 is
581 3587 66 21 regu-

52 3604 58 28 larly
130 3604 150 22 transmitted-
289 3607 23 19 to
328 3603 146 28 Wellington,
494 3605 44 22 and
553 3614 60 20 may.
619 3608 27 22 be

54 3631 44 22 had
108 3634 23 19 at
140 3631 38 22 the
190 3632 63 22 office
257 3631 33 21 -of
300 3631 45 22 this
354 3638 75 21 paper.
511 3642 36 7 --■

82 3659 139 23 The-Nelson
229 3659 117 21 Examiner
362 3657 45 23 will
416 3658 28 22 be
453 3657 70 23 found
533 3666 30 15 an
573 3661 74 22 excel-

54 3685 49 23 lent
111 3685 100 23 medium
221 3686 35 22 for
266 3685 141 23 advertisers.
536 3692 4 3 '
597 3690 3 4 '
621 3692 4 4 '

70 3713 91 22 -Terms
164 3718 3 11 :
170 3713 83 22 for-the
263 3720 75 20 paper,
345 3715 41 19 -ten
396 3711 101 28 shillings
510 3719 40 20 per
559 3717 89 24 quarter,

55 3740 95 28 payable
159 3740 24 22 in
193 3739 110 23 advance.
414 3745 3 5 '
459 3744 94 12 .■•---
576 3741 22 9 '■
630 3740 18 10 ->'

77 3766 107 23 -Orderar-
190 3767 49 22 for'-
244 3767 38 21 the
287 3771 11 8 *
305 3773 70 22 paper
397 3766 45 22 and
465 3765 183 24 advertisements

57 3794 103 22 received
169 3797 24 19 at
203 3794 39 22 the
253 3791 76 25 Office!
336 3793 82 31 of_this
427 3800 76 21 paper.

59 3847 66 47 TO
146 3846 40 22 BE
202 3845 88 28 SOLD,
312 3845 37 22 the
370 3845 101 23 valuable
592 3845 26 23 of
625 3840 7 4 ~
638 3850 10 18 &

104 3878 2 7 '
132 3873 66 21 Brick
210 3874 63 20 Store
280 3871 43 23 and
336 3872 114 27 Dwelling
460 3872 87 27 House;
552 3873 96 21 situated

58 3899 22 22 in
91 3899 77 25 Willis-
174 3903 77 23 street,
261 3899 52 25 ,well
332 3899 96 28 adapted
439 3900 34 21 for
487 3907 44 20 any
534 3899 114 23 -business.

59 3926 66 22 Tiiim
136 3928 26 20 14
176 3934 72 20 years,
260 3926 53 22 held
324 3930 23 18 at
357 3934 14 14 a
380 3926 86 27 ground
474 3931 51 17 rent
534 3926 27 22 of
568 3927 54 22 £14.

37 3957 22 8 ''
72 3950 3 5 '
84 3953 80 28 Apply,
167 3957 23 17 to
198 3953 37 22 W.
247 3953 93 28 Waring
349 3953 90 28 Taylor,
448 3960 29 16 on
487 3953 37 22 the
534 3954 114 29 premises.

59 3986 145 25 Wellington,
214 3986 61 23 Nov.
286 3988 33 23 10,
332 3986 60 23 1842.
404 3990 3 3 ■

674 138 5 5 '
686 155 11 12 v
726 129 26 32 ...'•
776 152 25 15 _,
867 130 21 29 V
896 140 40 21 To
949 133 61 30 i»et,
1028 163 4 4 _
1156 144 20 9 ••
1198 152 1 5 ,

660 177 87 52 FOR
763 176 57 22 such
828 182 14 15 a
853 180 53 17 term
917 176 26 21 of
948 180 65 24 years
1021 180 25 15 as
1063 179 52 20 may
1124 174 28 21 be
1166 173 81 28 agreed

719 211 48 19 -on,
780 205 104 21 six-acres
900 202 67 28 along
985 201 38 24 the
1034 200 43 23 Kai
1093 197 155 30 Warra-road,>

658 241 28 15 on
696 234 89 22 Section
795 232 44 24 No;
848 232 20 24 4,
884 230 23 22 in
924 239 52 16 one-
983 235 30 18 of'
1102 230 59 26 I'ots.j
1182 230 63 26 Also,

657 261 88 22 wanted
766 267 22 18 a,
799 261 129 20 contractor'
938 260 37 21 for
983 254 119 31 .building^
1114 265 13 14 a
1141 256 106 24 weather-

657 287 99 23 boarded
770 287 78 26 house,
866 283 53 25 with
929 285 71 23 'brick
1020 283 115 29 chimnies,
1150 292 29 15 on
1198 284 49 24 said

659 315 92 22 section.
782 314 77 27 Apply
867 317 22 18 to
911 324 4 3 •
936 314 2 4 '
1027 317 4 5 '

725 359 7 3 .
748 346 6 4 *
781 357 2 5 ,
849 341 50 21 Mr.'
912 341 156 24 Macdonald,
1079 338 46 24 Kai
1134 341 83 23 Warra.
1226 359 3 4 ,

685 367 142 27 KarWarra,
839 367 55 28 July
904 369 20 25 8,
936 368 63 21 1842:
1077 366 9 25 .'
1176 385 4 9 ,
1197 364 52 31 /'V

660 415 122 24 Country
796 413 125 21 Sections
940 413 44 21 for
1003 413 60 21 Sale
1085 418 36 15 on
1140 413 106 21 Liberal

903 440 105 20 Terms.

661 470 164 52 SEVERAL
853 471 109 26 .Sections
989 472 31 21 of
1047 472 101 26 Country
1174 470 71 28 Land,

724 498 93 28 already
827 497 81 24 chosen
910 496 5 15 ;
916 498 31 22 in-
952 498 38 21 the
1002 498 95 22 Porirua
1112 498 89 28 district,
1211 497 37 22 for

661 525 58 27 Sale,
729 532 76 15 terms
814 532 106 15 liberal.
950 524 77 28 Apply
1036 528 22 19 to

672 565 4 3 ■
699 562 2 6 '
724 562 4 3 '
755 559 25 21 F.
794 559 31 21 A.
840 559 171 25 Molesworthj
1028 557 182 28 Murphy-street,
1221 564 27 15 or

755 585 36 22 W.
807 585 28 22 V:
851 585 107 26 Brewer,
969 585 195 22 Manners-street.

784 632 45 21 To'
840 632 86 25 Coyer
940 630 55 21 this
1016 630 110 21 Season.

661 667 43 20 T>
714 664 116 22 IDDLES
833 664 115 22 WORTH
958 664 30 27 by
999 663 101 28 Emilius,
1115 667 39 19 out
1162 665 25 21 of
1192 664 58 25 Bee-,

661 686 53 29 XV
740 691 151 22 in-a-Bonnet
898 691 30 27 by
933 690 129 28 Blacklock,
1072 694 40 18 out
1118 691 25 22 of
1148 691 98 27 Maniac,

661 720 41 22 &c.
714 718 39 22 &c.

678 745 58 21 'Ten
746 745 95 26 guineas
851 752 14 14 a
872 752 69 19 mare,
953 744 44 22 five
1008 743 99 28 shillings
1117 743 38 24 the
1164 752 82 20 groom.

688 771 165 22 Riddlesworth
863 771 18 21 is
891 778 12 14 a
912 771 56 22 dark
977 771 84 28 brown,
1071 773 25 20 16
1105 771 71 23 hands
1185 771 61 27 hiffh,

661 798 53 23 with
723 802 64 22 great
795 805 74 20 power
879 797 45 22 and
933 796 82 29 beauty
1023 806 6 13 :
1046 798 108 22 was,bred
1164 799 28 26 by
1202 799 44 21 Mr.

661 824 151 24 ThornhilHn
824 823 60 24 1837.
1098 825 5 7 '
1226 822 23 18 **

687 851 97 23 Emilius
807 854 40 25 got
865 851 85 25 Priam,'
964 850 102 28 Plenipo,
1084 851 102 28 Oxygen,
1202 851 46 23 and

662 879 92 26 Mango.
786 878 43 22 His
844 885 51 15 sons
914 879 44 21 and
973 878 124 26 grandsons
1116 886 56 15 nave
1191 886 55 19 won,

662 906 83 26 during'
752 905 38 22 the
797 905 45 23 last
851 905 48 22 four
906 912 74 21 years,
990 905 104 26 £66,330.

688 932 166 22 Riddlesworth
861 933 18 21 is
886 939 48 15 now
940 938 29 16 on
974 931 35 22 his
1021 939 47 20 way
1075 931 57 23 from
1141 931 105 28 England,

661 960 68 26 being
738 959 98 27 brought
847 959 39 21 out'
893 959 30 27 by
933 959 45 21 Mr.
991 959 72 27 Petre,
1072 959 45 22 and
1126 959 45 22 will
1178 961 70 21 arrive

663 987 60 26 early
734 987 23 21 in
769 986 38 22 the
817 993 77 15 season
1009 985 3 4 '
1028 986 6 3 *
1080 1008 3 3 .
1131 999 9 2 -

688 1013 49 21 The
754 1014 54 19 New
828 1014 101 25 Sporting
948 1013 118 26 Magazine,
1088 1013 24 21 of
1128 1013 118 26 February,

663 1041 59 24 1842,
741 1037 52 24 will'
803 1039 105 23 convince
928 1047 45 20 any
988 1048 44 14 one
1049 1040 25 22 of
1089 1039 39 23 the
1143 1041 67 21 worth
1225 1040 26 22 of

663 1066 113 24 Emilius's
786 1067 70 22 stock.

719 1112 39 21 To
775 1112 83 21 stand
873 1114 28 18 to
917 1117 82 16 cover
1018 1112 55 21 this
1088 1117 107 21 season,
1209 1109 6 22 '<

814 1147 41 21 .At
865 1147 140 26 Berkampore
1016 1147 71 26 Fqtm,

665 1173 91 51 THE
785 1174 50 21 well
863 1173 78 23 known
971 1173 124 28 thorough,,
1103 1173 56 22 bred
1185 1174 63 22 horse

727 1200 100 27 Figaro,
839 1200 36 22 the
885 1204 105 25 property
1000 1201 26 21 of
1033 1200 77 22 James
1119 1201 67 27 Watt,
1195 1201 51 26 Esq.

690 1232 82 27 Figaro
781 1240 46 14 was
835 1232 74 22 foaled
918 1233 24 21 in
953 1232 132 26 December,
1101 1232 61 26 1837,
1173 1237 36 23 got
1218 1233 31 27 by

665 1261 116 26 Operator,
794 1260 52 21 dam
860 1259 106 22 Adelaide
976 1259 30 26 by
1016 1260 104 21 Teorum.
1138 1272 4 5 ■

691 1287 113 27 Operator
813 1294 44 15 was
868 1286 73 22 foaled
950 1287 25 21 in
989 1288 60 24 1832,
1059 1290 40 24 got
1108 1287 31 31 by
1149 1286 99 27 Emilius,

665 1314 50 22 dam
726 1312 124 23 Worthless
860 1314 30 27 by
900 1314 97 26 Walton,
1009 1316 40 19 out
1056 1314 25 21 of
1090 1313 119 23 Altisidora
1220 1314 30 26 by

665 1340 59 23 Dick
735 1340 118 23 Andrews.
1053 1343 7 8 '

692 1372 74 28 Every
774 1372 109 22 attention
892 1373 44 21 will
950 1373 30 22 be
994 1373 54 27 paid
1056 1375 23 19 to
1088 1379 73 15 mares
1171 1375 47 19 sent
1227 1375 22 19 to

663 1400 56 22 him.

693 1427 104 26 Charges,
824 1425 53 23 with
899 1429 129 25 guarantee,
1054 1433 67 15 seven
1145 1426 89 27 guineas
1242 1434 6 19 ;

665 1453 92 25 without
773 1457 128 23 guarantee,
919 1453 45 23 five
979 1454 100 27 guineas,
1090 1460 76 20 groom
1169 1461 38 20 age
1216 1453 31 23 in-

665 1481 88 24 cluded.

692 1516 145 28 Wellington,
851 1517 95 21 October
955 1517 33 26 25,
1001 1518 59 20 1832.
1075 1522 4 3 •
1203 1530 46 21 ;__

787 1562 172 27 Wellington
973 1562 162 20 Almanack.

665 1596 49 50 IT
722 1595 41 22 has
772 1596 57 21 been
841 1596 107 26 arranged
961 1598 21 18 to
991 1595 60 22 issue
1060 1603 14 13 a
1088 1594 87 22 Pocket
1187 1594 42 22 and
1238 1601 14 14 a

723 1622 68 22 Sheet
800 1622 127 22 Almanack
936 1622 34 22 for
980 1622 61 26 1843,
1051 1622 57 22 from
1119 1622 37 21 the
1169 1622 84 21 Gazette

667 1650 76 22 Office.
773 1650 94 21 Persons
882 1650 68 26 being
963 1649 23 21 in
995 1649 124 27 possession
1129 1650 26 21 of
1168 1657 41 19 any
1218 1649 35 21 in-

665 1676 120 23 formation
797 1676 71 22 which
879 1676 52 27 they
941 1676 65 22 think
1016 1676 69 27 likely
1096 1679 21 19 to
1128 1676 45 22 add
1183 1679 21 18 to
1215 1676 37 22 the

665 1704 118 22 attraction
792 1704 26 21 of
825 1704 38 21 the
873 1704 61 21 work
942 1704 26 21 in
981 1703 111 27 question,
1103 1711 37 14 are
1154 1703 99 22 solicited

666 1735 21 19 to
698 1730 86 22 furnish
795 1730 37 22 the
844 1738 60 14 same
914 1734 22 18 to
947 1730 38 22 the
995 1731 85 20 Gazette
1086 1730 77 26 Office,
1173 1730 33 22 for
1215 1730 38 22 the

665 1766 39 15 use
714 1758 26 20 of
747 1757 37 21 the
795 1758 77 22 Editor
882 1758 25 21 of
913 1765 15 14 a
937 1758 60 21 work
1007 1758 79 26 which,
1095 1757 21 21 if
1122 1758 49 22 well
1182 1757 71 21 stored

665 1785 52 23 with
727 1784 58 22 local
802 1787 86 24 matter,
900 1787 83 19 cannot
991 1784 41 22 fail
1046 1787 22 19 to
1086 1792 62 14 serve
1159 1784 36 22 the
1206 1784 48 22 best

666 1813 103 21 interests
780 1812 26 21 of
813 1812 38 21 the
861 1812 133 22 settlement.

853 1858 114 20 Gazette
982 1857 88 21 Office.

667 1892 201 24 STATIONERY
881 1890 197 24 WHOLESALE
1093 1892 21 20 &
1129 1892 124 22 RETAIL.

665 1926 88 51 WE
777 1926 44 28 beg
842 1929 24 19 to
889 1933 117 16 announce
1025 1926 36 21 the
1084 1925 87 27 arrival,
1196 1926 58 23 from

761 1953 113 27 England,
886 1954 24 21 of
917 1953 38 22 the
971 1952 107 28 first*p'art
1086 1952 25 22 of
1122 1960 40 15 our
1178 1957 77 18 exten-

666 1982 46 22 sive
722 1981 76 22 orders
806 1981 24 22 in
841 1980 45 23 this
895 1981 142 27 department
1047 1980 25 23 of
1079 1980 107 23 business.
1208 1980 47 22 Our

666 2008 63 23 stock
740 2008 90 27 already
841 2008 91 23 consists
947 2008 26 23 of
986 2005 152 29 everyart'icle
1154 2008 101 27 requi/ed

666 2037 34 21 foi*
715 2035 98 26 Schools,
831 2035 80 27 Banks,
929 2036 86 24 Courts,
1034 2034 53 21 Law
1103 2034 89 25 Offices,
1210 2035 45 21 and

667 2061 88 28 Artists,
767 2062 40 22 &c.
818 2070 5 18 ;
839 2062 73 21 whilst
920 2062 38 21 the
975 2060 137 22 ornamental
1125 2061 44 21 and
1185 2062 70 21 draw-

667 2092 37 24 ing
717 2096 62 15 room
796 2088 121 28 stationery
933 2089 41 22 has
988 2092 40 17 not
1041 2088 57 22 been
1115 2088 139 23 overlooked.

666 2119 48 22 The
725 2116 128 23 difficulties
863 2116 115 26 attending
987 2114 38 22 the
1035 2115 47 22 first
1089 2115 167 24 establishment

667 2145 81 26 having
757 2145 59 21 been
833 2151 121 19 overcome,
967 2142 45 22 and
1023 2149 66 21 every
1104 2143 80 22 arrival
1199 2144 54 21 from

667 2172 105 27 Epgland
792 2171 83 27 adding
891 2171 58 22 fresh
967 2169 110 22 additions
1091 2173 33 23 to.
1130 2177 40 16 our
1185 2170 68 27 stock,

667 2199 44 25 will
729 2199 79 21 enable
823 2206 26 14 us
858 2201 23 18 to
897 2198 81 22 reduce
997 2205 39 14 our
1052 2198 92 27 charges
1154 2205 29 15 on
1199 2201 57 19 most

667 2228 88 24 articles
764 2231 24 17 at
796 2226 58 22 least
863 2226 32 22 50'
898 2233 39 20 per
947 2226 59 21 c'enl.

694 2254 157 27 Storekeepers
870 2252 41 23 and
931 2252 118 22 wholesale
1068 2252 86 22 dealers
1173 2260 38 14 can
1226 2253 29 22 be

667 2281 101 30 supplied
785 2285 22 17 to
823 2288 44 19 any
877 2283 84 23 extent,
979 2280 44 21 and
1040 2287 27 14 on
1085 2284 67 18 terms
1169 2280 87 27 equally

668 2311 198 24 advantageous.to
876 2314 43 21 any
927 2307 107 22 obtained
1042 2307 131 28 inSydney,

694 2335 98 27 Writing
799 2342 75 20 papei,

695 2360 114 31 Imperial;

695 2389 81 30 Royal,
816 2396 19 14 •.'

694 2418 117 26 Foolscap,
818 2417 92 22 .various
919 2417 110 28 qualities,

695 2446 72 27 Large
776 2443 61 23 thick
847 2448 61 29 post,'
914 2452 62 14 wove
987 2444 46 22 and
1042 2444 53 27 laid,

694 2473 60 21 Thin
762 2474 65 25 porft,,
832 2471 63 27 ditto,

696 2500 57 21 Fine
762 2499 54 21 bath
826 2502 56 24 post,
894 2498 46 28 gilt.

679 2544 3 5 .
695 2525 90 24 Double
802 2526 110 28 elephant,
929 2526 149 28 antiquarian,
1094 2526 107 28 imperial,
1210 2526 47 22 and

668 2554 63 27 royal
742 2554 99 27 drawing
849 2560 73 26 paper,

698 2581 91 28 Oblong
799 2580 91 28 clasped
1077 2580 78 28 books,

696 2609 87 22 French
794 2608 85 27 tracing
888 2615 74 20 paper,

697 2636 90 23 Ladies'
797 2636 43 22 and
851 2634 148 28 gentlemen's
1009 2634 53 22 card
1071 2642 69 19 cases,

696 2664 65 21 Ditto
781 2681 26 9 -.
832 2663 35 22 do.
922 2662 73 22 tinted
1006 2661 45 22 and
1062 2662 118 22 embossed
1186 2662 69 28 cards,

697 2692 96 26 Sponge,
804 2689 78 23 wafers
893 2690 21 21 in
923 2691 14 20 2
947 2697 34 14 oz.
990 2689 77 25 boxes,
1169 2694 4 3 '
1211 2698 2 6 ■
1225 2708 6 12 ;

696 2718 70 22 Black
783 2718 56 27 edge
859 2716 44 23 and
912 2716 127 28 -bordered,
1059 2716 65 22 letter
1143 2716 45 22 and
1206 2719 52 20 note

670 2753 75 22 paper.
831 2761 3 7 ,

697 2769 92 26 Invoice
800 2772 75 26 books,
886 2770 52 23 with
948 2770 103 28 indexes,
1061 2770 89 23 various
1161 2771 60 27 sizes,

698 2800 59 22 Cash
762 2800 80 27 books,
853 2798 63 23 ruled
925 2798 91 27 double^
1026 2798 88 22 various
1124 2798 63 28 sizes,

698 2828 133 26 Envelopes,
1004 2846 2 4 .
1023 2841 4 6 .

698 2854 87 22 Pewter
790 2853 124 27 inkstands,
943 2879 5 5 #
1030 2850 10 12 v

698 2881 82 27 Ebony
787 2881 125 26 inkstands,
922 2878 54 24 with
986 2878 102 28 drawers,

698 2908 74 22 Broad
784 2908 44 21 and
838 2915 84 14 narrow
933 2913 68 21 green
1011 2906 43 22 silk
1064 2906 87 28 ribbon,

699 2935 65 22 Brief
771 2935 47 21 and
828 2934 58 22 deed

699 2962 74 22 Ruled
783 2968 69 21 paper
861 2961 35 21 for
905 2960 38 22 bill
953 2960 77 26 heads,

698 2989 74 27 Royal
788 2988 69 27 hand,
870 2988 80 21 double
969 2986 62 23 hand
1046 2988 83 26 brownj
1147 2988 45 22 and
1199 2988 62 27 royal

672 3019 75 21 brown
759 3016 115 28 wrapping
882 3021 74 22 paper,

699 3043 102 28 Ledgers
810 3043 45 22 and
865 3045 96 19 account
969 3041 79 27 books,
1058 3041 88 23 various
1157 3043 60 26 sizes,

699 3071 84 22 Pocket
792 3070 89 27 ledgers
891 3069 43 22 and
943 3068 172 23 memorandum
1125 3069 76 28 books,

692 3097 130 28 -Engraved
831 3104 57 20 copy
895 3097 52 27 slips
957 3094 132 28 and-books,

700 3126 54 22 Best
761 3125 81 21 Welch
853 3123 71 27 slates,
934 3123 63 26 large
1005 3122 45 22 and
1059 3122 72 28 small,

699 3152 75 22 Blank
784 3151 72 23 music
865 3150 76 27 books,
995 3154 5 6 '
1013 3161 2 5 ■
1030 3162 4 3 •

700 3180 105 26 Message
816 3178 82 27 cards,-

700 3206 112 23 Coloured

677 3251 3 4 .
700 3235 71 26 Sugar
774 3240 94 21 -papers,

686 3283 5 7 ,
701 3261 157 27 Note-papers,

673 3290 3 6 '
686 3283 5 7 *
700 3287 94 28 Playing
797 3293 4 12 i
804 3287 72 28 cards,
886 3286 106 23 coloured
1002 3286 44 22 and
1053 3286 52 29 gold
1114 3286 74 29 backs,

700 3316 62 27 Copy
772 3314 78 27 books,
868 3329 7 3 -
1024 3327 6 2 -
1128 3316 1 7 '
1152 3334 8 5 ,

700 3341 71 24 Black
781 3341 51 22 lead
841 3340 89 29 pencils,
952 3343 7 8 v
1001 3353 4 3 -
1011 3351 4 5 *

698 3370 69 22 India
775 3368 91 27 rubber;
879 3367 123 23 bottle'and
1015 3370 85 25 patent,
1128 3381 3 5 -

701 3397 68 27 Ivory
780 3395 83 22 folders
872 3394 45 24 and
926 3395 87 27 knives^

701 3424 48 22 Pen
761 3423 95 24 knives,-
890 3429 11 4 -
1105 3426 3 6 '

701 3450 88 25 Rulers,
792 3448 177 28 -pocket>books,
996 3454 3 7 '
1014 3457 23 9 •-'
1054 3471 2 5 ,

701 3478 74 22 Blank
785 3476 54 22 bills
848 3476 25 21 of
880 3476 131 27 exchange,-

695 3506 12 21 ■
707 3506 73 21 Letter
788 3503 47 22 and
844 3503 41 22 bill
896 3503 55 27 files,
964 3511 7 18 ,■
992 3506 63 12 ''"•-'

679 3545 7 3 -
698 3532 49 22 Ink
756 3531 45 23 and
805 3530 45 22 ink
858 3530 107 29 powders,

683 3570 12 16 .„■
701 3558 132 23 Biblesland
843 3560 136 24 testaments,
1051 3562 3 7 '
1173 3572 5 7 •

702 3586 101 27 Spelling
811 3584 77 28 books;
899 3585 93 28 various,

680 3626 6 3 -
699 3613 107 27 'Primers,
870 3618 2 5 '
884 3626 5 3 -
957 3618 3 5 '
1053 3619 3 7 '
1069 3623 3 3 ■
1098 3619 3 4 '

683 3657 6 6 ,
703 3639 127 23 Children's
839 3638 71 23 books
917 3639 99 28 in-great
1024 3638 94 28 variety,

699 3667 79 22 ■Blank
788 3666 172 23 Custom-house
974 3666 77 26 forms,
1068 3666 37 21 for
1120 3666 143 27 auctioneers,

677 3694 45 22 and
732 3694 30 21 all
770 3693 40 24 the
817 3692 74 23 -other
901 3692 171 23 Custom-house
1082 3692 70 22 forms
1161 3692 104 24 for-Mer-

678 3722 84 21 chants.
773 3731 8 6 -
806 3729 3 8 >
854 3732 13 5 *■
910 3729 4 7 •
936 3730 3 4 ■
971 3729 5 4 •
1021 3727 2 17 :
1045 3730 4 6 r
1084 3729 4 5 •

697 3746 315 24 -Seamen's.'advance'notes.

705 3774 116 21 Seamen's
831 3774 87 22 articles
927 3774 26 22 of
961 3777 137 24 agreement.

705 3800 141 27 Log-books.

682 3841 2 5 .
706 3827 75 22 Blank
790 3828 68 26 writs,
975 3839 5 3 -

706 3853 148 23 Parchments
863 3854 35 21 for
923 3854 76 23 deeds.

706 3880 81 24 Quills.
817 3894 5 4 *

706 3907 160 28 Ever-pointed
875 3907 73 29 pencil
957 3915 63 16 cases
1028 3909 25 22 in
1061 3909 98 28 superior
1169 3908 98 23 German

680 3934 79 24 Silver.

700 3961 97 22 /Lucifer
806 3961 77 22 boxes.
899 3970 2 4 •

706 3988 79 23 Wafer
793 3990 90 26 stamps.

1275 136 94 49 JUST
1382 134 160 24 RECEIVED
1552 136 24 20 at
1583 134 40 21 the
1630 134 70 22 Office
1705 133 25 22 of
1738 133 36 22 the

1338 162 96 23 Zealand
1576 167 14 15 a
1599 161 43 22 few
1656 161 74 27 copies
1739 161 25 20 of
1771 161 37 23 the
1818 161 43 22 fol-

1275 189 79 26 lowing
1368 192 78 24 works,
1458 188 26 25 of
1491 188 45 21 last
1544 187 74 28 year's
1627 187 140 28 publication,
1777 188 45 23 and
1836 190 23 21 in

1275 216 110 24 excellent
1395 216 111 25 condition
1514 222 34 15 :-r

1301 242 47 23 The
1362 244 100 23 Poetical
1477 242 80 22 Works
1574 240 33 32 of^
1613 242 89 24 Milton,
1713 240 54 23 with
1782 249 14 14 a
1813 250 50 15 me«,

1275 269 63 26 moir,
1357 272 45 22 and
1424 277 68 16 seven
1516 267 190 25 embellishments
1728 268 31 26 by
1778 269 80 28 Fuseli,

1276 296 97 30 Westal],
1397 299 45 22 and
1465 296 96 22 Martin.
1608 296 71 26 Also,-
1693 301 30 15 an
1750 296 111 22 excellent

1275 322 91 28 portrait
1385 326 26 21 of
1426 323 81 25 MiU6h
1509 338 7 15 ;
1526 348 5 6 _
1538 323 114 27 engraved
1665 322 34 28 by,
1709 321 22 22 J.
1751 322 106 28 Cochran,

1275 350 56 22 .from
1341 357 13 14 a
1364 352 125 24 miniature,
1501 348 117 30 originally
1628 350 23 21 in
1662 348 202 28 thepiossessibirof

1275 376 75 25 Oliver
1357 378 124 23 Cromwell.
1496 385 4 4 *
1510 376 13 21 I
1533 377 47 22 volt
1585 379 59 24 Bvo.,'
1649 376 110 23 bound'in
1765 376 67 22 cloth.

1279 404 3 21 I
1303 403 48 24 Life
1367 406 26 21 of
1409 406 37 21 the
1548 404 26 21 of
1587 403 145 29 Wellington;
1752 403 115 27 compiled-

1275 430 56 22 from
1354 432 36 22 his
1415 432 91 24 Grace's
1529 431 150 27 Despatches,-
1698 429 117 29 published
1837 430 23 21 in

1275 458 60 28 1840,
1347 459 30 27 by
1388 460 89 26 George
1486 460 79 25 Soane,
1576 458 59 21 A.B.
1646 481 4 6 r
1662 460 14 20 2
1685 457 53 22 vols.
1749 457 59 22 cloth
1816 457 44 21 and

1276 481 99 26 lettered.
1423 505 2 5 
1458 489 9 13 ?
1550 495 3 6 <
1566 491 3 5 •
1634 482 5 16 :
1646 481 4 6 '
1681 481 3 4 '
1716 495 3 6 •
1728 488 7 6 '
1808 491 23 11 --
1849 486 17 22 ■£

1303 512 46 22 The
1359 512 63 28 Holy
1430 512 73 28 Bible,
1513 511 130 27 containing
1651 511 37 22 the
1696 510 46 23 Old
1752 511 44 22 and
1806 510 55 23 New

1275 538 148 28 Testaments/
1432 552 3 5 .
1444 539 60 23 with-
1517 543 76 23 -notes,
1600 549 3 5 ■
1613 538 31 28 by
1653 551 7 4 -
1668 539 36 21 the
1724 538 55 21 Rev.
1800 537 60 22 John

1277 564 85 25 H-^bart
1378 568 105 24 Caunter,
1500 567 61 27 8.C.,
1576 566 79 23 author
1670 565 24 22 of
1702 564 36 22 the
1783 565 79 27 Poetry

1276 592 26 21 of
1312 592 37 23 the
1537 594 45 22 and
1592 591 145 25 embellished
1747 592 53 21 with
1811 590 51 23 four

1275 625 63 23 maps
1352 621 45 21 and
1411 622 41 20 144
1465 622 141 26 engravings,
1627 620 57 21 from
1702 618 112 28 paintings
1832 620 30 26 by

1277 645 146 25 WestalLand
1433 648 92 26 Martin,
1537 649 48 21 Bvo.
1597 646 67 23 cloth.

1303 673 47 22 The
1361 674 131 28 Beginner's
1502 674 87 23 French
1606 673 70 27 Book,
1688 673 43 22 and
1745 672 38 22 the
1794 672 68 23 Scho-

1275 698 51 24 lar's
1345 701 85 22 French
1448 701 70 28 Book,
1536 702 29 27 by
1576 702 63 21 Rene
1656 700 75 27 Aliva,
1742 699 79 23 author
1839 700 26 21 of

1276 726 38 23 the
1349 728 165 28 Anti-Spelling

1303 754 143 23 Montacute:
1462 762 26 14 or
1497 762 13 15 a
1520 756 56 21 New
1592 755 68 21 horne
1660 765 28 4 —
1689 752 74 23 who'll
1775 753 87 22 follow?

1276 781 34 27 By
1318 781 56 22 Mrs.
1387 782 64 26 Mary
1462 782 98 22 Clavers.
1587 783 16 20 2
1608 781 54 22 vols.
1674 783 48 20 Bvo.

1304 808 109 28 Scripture
1429 808 135 29 Biography,
1579 810 35 20 for
1626 808 36 22 the
1677 807 89 27 Young,
1778 807 84 22 embel-

1275 834 71 23 lished
1356 836 52 21 with
1418 836 79 27 plates.

1304 862 109 28 Voyages,
1426 862 149 26 Adventures,
1592 861 46 22 and
1652 862 96 25 Escapes
1763 861 25 21 of
1800 861 62 28 Capt.

1277 888 103 24 Richard-
1383 889 117 27 Falconer,
1510 889 87 22 written
1607 889 31 27 by
1648 888 95 26 himself,
1755 889 11 20 1
1778 888 43 22 vol.

1304 916 95 22 Fisher's
1409 917 105 21 Juvenile
1526 917 68 26 Scrap
1604 915 70 27 Book,
1685 914 35 22 for
1730 916 59 20 1842.

1305 942 47 23 Life
1373 943 45 21 and
1436 943 72 27 Reign
1529 943 26 22 of
1566 942 99 22 William
1679 941 37 22 the
1734 942 89 27 Fourth,
1834 942 30 27 by

1275 968 38 23 the
1323 971 55 21 Rev.
1390 971 30 23 G.
1430 970 30 22 N.
1471 970 97 28 Wright,
1581 970 71 26 M.A.,
1663 971 14 19 2
1687 968 60 22 vols..

1306 997 48 23 Life
1361 997 45 22 and
1417 998 135 27 Campaigns
1563 997 26 21 of
1601 997 36 21 the
1648 996 66 22 Duke
1724 996 25 21 of
1757 996 107 27 Welling-

1277 1027 42 24 ton,
1330 1024 29 28 by
1370 1023 38 23 the
1418 1032 60 14 same
1489 1025 96 23 Author.
1613 1025 15 21 4
1637 1023 54 22 vols.

1305 1051 54 22 Life'
1366 1052 45 21 and
1426 1051 95 23 services
1539 1051 26 21 of
1578 1050 94 22 Horatio
1686 1049 108 23 Viscount
1801 1050 63 21 -Nel-

1276 1085 46 20 son,
1343 1079 55 21 from
1413 1079 35 21 his
1467 1077 117 28 lordship's
1605 1076 152 27 manuscripts,
1778 1077 29 26 by
1826 1076 38 22 the

1277 1105 54 21 Rev.
1343 1105 21 22 J.
1376 1105 22 22 S.
1410 1104 88 27 Clarke,
1509 1104 89 26 F.R.S.,
1610 1104 45 21 and
1665 1103 60 22 John
1735 1103 127 27 M'Arthur,

1278 1132 58 27 Esq.,
1348 1132 87 22 L.L.D.
1464 1133 13 19 3
1489 1131 54 21 vols.

1304 1158 47 23 The
1368 1158 81 27 Rhine,
1462 1158 66 27 Italy,
1540 1156 45 23 and
1603 1157 85 22 Greece
1691 1156 139 25 -illustrated,
1841 1156 22 22 in

1277 1194 14 14 a
1300 1183 106 25 series'of.
1409 1185 112 27 drawings
1538 1185 56 26 frqm
1610 1189 86 21 nature,
1709 1183 52 21 with
1777 1183 88 21 histori-

1278 1213 34 22 cal
1321 1212 45 22 arid
1377 1206 123 33 legendary
1509 1207 153 30 descriptions.
1717 1213 3 5 '
1745 1232 12 5 „

1305 1239 156 28 Shakspeare's
1470 1238 116 22 Dramatic
1598 1237 86 27 Works,
1695 1236 54 22 with
1758 1236 80 28 plates.
1855 1238 9 20 1

1279 1267 42 22 vol.
1465 1261 31 25 -$■

1305 1293 143 23 Buchanan's
1457 1292 86 27 history
1554 1291 25 22 of
1586 1291 114 22 Scotland.
1730 1290 65 22 Ivol.

1275 1339 5 3 .
1306 1320 92 29 History
1409 1321 25 21 of
1445 1319 110 28 England,
1568 1322 21 17 to
1606 1318 37 22 the
1659 1316 66 24 death
1740 1317 26 22 of
1778 1317 87 26 George

1275 1347 41 23 the
1326 1348 95 27 Second,
1430 1348 31 26 by
1471 1347 78 21 Oliver
1560 1345 126 22 Goldsmith
1693 1352 5 19 ;
1715 1344 121 22 continued
1844 1349 22 16 to

1280 1375 36 22 the
1325 1375 128 22 coronation
1464 1374 25 21 of
1503 1374 79 23 Queen
1594 1372 106 26 Victoria,
1717 1372 29 29 by.
1757 1371 37 21 the
1809 1371 56 25 Rey.

1281 1402 28 22 G.
1321 1402 29 22 N.
1362 1399 98 30 Wright:;
1469 1401 66 22 M-A.

1306 1429 108 27 Wesley's
1438 1429 111 25 Sermons,
1568 1425 61 28 with,
1640 1433 14 14 a
1671 1425 99 26 memoir,
1794 1425 30 26 by
1844 1425 21 21 S.

1279 1455 73 28 Drew,
1367 1456 65 22 M.A.
1450 1470 3 5 .

1307 1483 99 22 Memoir,
1413 1483 25 21 of
1444 1482 58 22 Rev.
1512 1480 110 24 Rowland
1637 1479 54 26 Hill,
1702 1479 31 27 by
1742 1479 35 21 W.
1789 1479 76 25 Jones,

1281 1509 86 22 Author
1392 1509 26 22 of
1458 1509 175 25 -Testamentary
1644 1524 4 3 .
1658 1505 113 28 Counsels,
1822 1505 45 21 2nd

1281 1536 88 22 edition.
1399 1538 9 20 1
1423 1535 42 23 vol.

1308 1563 120 28 Magnall's
1437 1563 122 24 Questions
1566 1570 5 19 ;
1586 1561 102 28 pictorial
1698 1559 91 22 edition.

1308 1591 103 21 Barton's
1422 1589 83 28 Gospel
1512 1590 86 25 history
1608 1588 24 22 of
1639 1588 80 22 Christ.
1748 1588 12 20 1
1769 1586 44 22 vol.

1308 1617 46 22 The
1364 1618 78 21 Easter
1453 1617 57 24 Gift;
1521 1617 29 27 by
1560 1615 84 23 L.E.L.
1674 1616 10 20 1
1696 1613 42 22 vol.

1308 1644 157 23 ThevParents'
1477 1643 89 27 Friend,
1576 1643 28 26 by
1612 1642 61 22 John
1684 1640 106 26 Morison,
1799 1639 67 26 D.D.,

1282 1671 86 22 Author
1378 1672 24 21 of
1552 1674 23 17 to
1585 1677 14 14 a
1611 1667 177 28 newly-wedded

1309 1698 109 28 Scripture
1436 1698 93 26 History
1543 1697 35 21 for
1594 1695 85 23 Youth.
1706 1696 15 20 2
1737 1694 61 27 vols.,
1816 1693 53 22 with

1282 1733 61 20 maps
1354 1725 44 22 and
1409 1725 75 27 plates.
1619 1746 3 4 ,

1310 1752 47 22 The
1377 1752 94 21 Women
1491 1751 24 22 of
1533 1749 110 28 England,
1663 1748 57 23 their
1739 1748 73 22 Social
1826 1747 42 22 and

1284 1778 111 23 Domestic
1410 1779 88 27 Duties,
1514 1778 31 27 by
1555 1778 56 21 Mrs.
1629 1777 54 22 Ellis
1690 1784 5 19 ;
1712 1775 51 27 15jth
1778 1775 89 22 edition,

1283 1806 65 22 l'vol.

1310 1834 101 21 Summer
1425 1832 45 23 and
1478 1831 88 22 Winter
1581 1831 24 21 in
1668 1831 116 27 Pyrenees,
1795 1829 29 27 by
1832 1828 37 22 the

1282 1867 60 16 same
1352 1860 95 22 Author.
1477 1861 12 20 1
1733 1864 23 17 &»

1312 1887 135 22 Goldsmiths
1457 1886 83 26 history
1550 1885 26 22 of
1584 1885 36 21 the
1632 1884 68 21 earth.
1728 1885 14 19 4
1752 1883 54 21 vols.

1274 1933 2 4 .
1310 1914 105 22 Burder's
1424 1914 88 26 Village
1524 1914 111 21 Sermons.
1665 1911 11 22 I
1688 1910 43 22 vol.
1768 1917 3 6 '

1310 1940 88 23 Wood's
1408 1941 133 25 Dictionary
1551 1938 26 23 of
1582 1939 40 22 .the
1632 1938 70 22 Bible.
1731 1939 13 20 2
1754 1937 54 21 vols.
1876 1946 2 19 j

1311 1966 90 24 Smith's
1413 1967 110 26 Mecanic,
1534 1968 15 20 2
1557 1965 55 22 vols.

1310 1994 46 23 The
1366 1995 64 22 Book
1440 1994 27 23 of
1478 1994 109 21 Common
1598 1992 90 27 Prayer,
1697 1989 130 23 illustrated.

1311 2022 143 21 Fleetwood's
1465 2020 38 22 life
1513 2020 25 21 of
1546 2020 79 22 Christ.
1876 2023 2 15 :

1311 2048 65 22 Fox's
1387 2048 110 21 Christain
1509 2046 161 26 Martyrology.

1310 2074 47 23 The
1368 2074 70 22 whole
1448 2074 54 27 duty
1514 2073 24 21 of
1546 2072 64 27 Man,
1624 2072 30 27 by
1664 2071 37 21 the
1712 2071 56 21 Rev.
1779 2070 91 22 Charles

1284 2103 22 21 A
1318 2109 67 19 more,

1294 2142 4 4 -
1311 2129 128 22 Morrison'3
1449 2127 88 27 Family
1548 2127 102 26 Prayers.

1311 2156 115 27 Bunyan's
1443 2154 113 27 Pilgrim's
1573 2153 110 27 Progress,
1698 2151 133 27 beautifully
1844 2151 16 21 ll

1284 2183 112 22 lustrated.
1639 2193 3 7 »

1312 2210 110 22 Sermon's
1431 2209 30 27 by
1470 2208 61 21 Blair
1540 2206 45 23 and
1595 2205 137 22 Whitefield.

1312 2236 111 23 Buchan's
1434 2235 115 22 Domestic
1559 2233 123 22 Medicine.

1311 2264 110 22 Walker's
1432 2262 156 25 Pronouncing
1598 2261 137 25 Dictionary.

1311 2290 133 23 Jamiesori's
1451 2289 132 25 Dictionary
1590 2290 23 19 ot
1620 2286 141 23 Mechanical
1772 2286 98 26 Science,

1285 2320 58 24 Arts,
1357 2318 174 24 Manufactures,
1543 2316 40 21 &c.
1613 2316 14 20 2
1636 2314 62 26 vols.,
1708 2314 45 21 4to.

1312 2342 310 29 Encyclopaedia-Edinensis.
1651 2343 12 20 6
1674 2340 54 22 vols.

1312 2371 191 27 Drawing-Room
1513 2370 69 27 Scrap
1591 2368 64 23 Book
1663 2368 34 22 for
1708 2368 60 21 1842.

1315 2397 181 27 Mathew,J^ald.

1313 2426 81 22 Close's
1403 2424 88 23 Family
1502 2424 90 27 Prayer.

1314 2453 70 27 Guy's
1394 2452 94 28 spelling
1498 2452 64 24 book,
1575 2451 47 25 &c.,
1635 2450 39 21 &c.
1697 2450 40 21 &c.
1766 2465 2 4 ,

1321 2496 3 3 '
1345 2491 3 7 '
1387 2509 2 5 .
1474 2497 68 20 Bees
1557 2496 42 20 for
1614 2495 69 21 Sale.

1288 2524 195 23 THXPECTED
1497 2523 58 21 from
1569 2522 100 27 Sydney,
1681 2522 29 26 by
1720 2521 47 21 first
1782 2519 88 27 arrival,

1275 2544 56 38 iXh
1363 2560 12 14 a
1391 2552 43 21 few
1444 2551 70 21 'hives
1525 2550 25 21 of
1558 2550 63 26 bees;
1638 2548 75 22 orders
1726 2547 45 22 will
1785 2547 45 21 also
1847 2547 25 20 be

1286 2580 64 21 taken
1362 2579 35 21 for
1408 2579 36 21 the
1461 2577 144 27 importation
1616 2576 25 21 of
1654 2576 51 21 bees
1716 2579 22 16 to
1749 2574 37 21 the
1797 2577 77 17 extent

1286 2607 26 21 of
1319 2608 55 20 irom
1387 2608 82 23 twenty
1477 2608 23 17 to
1506 2604 69 27 thirty
1582 2602 69 22 hives.
1681 2601 42 22 For
1733 2601 66 27 price,
1807 2600 67 27 apply

1286 2639 23 16 at
1318 2633 37 22 the
1517 2631 79 21 Office.

1314 2667 173 28 September'2o,
1499 2666 61 21 1842.
1754 2657 13 12 *

1540 2710 91 20 Seeds.

1289 2748 70 50 ON
1370 2745 123 29 SALE/at
1501 2744 37 23 the
1549 2746 87 19 Gazette
1640 2743 70 22 Ofiic&
1712 2759 5 9 f
1718 2750 31 20 #n.
1755 2742 120 28 quantities

1326 2798 2 5 ,
1344 2773 3 4 '
1366 2778 22 18 to
1404 2775 45 21 suit
1468 2772 139 28 purchasers,
1626 2770 37 23 the
1682 2769 112 28 following
1811 2770 64 22 seeds

1287 2809 77 22 grown
1373 2801 25 22 in
1406 2801 38 21 the
1455 2799 87 27 Colony
1542 2810 29 4 —

1316 2830 97 22 Lettuce-
1420 2827 109 27 (cabbage
1540 2826 46 22 and
1596 2824 144 28 drumhead),

1277 2873 3 2 .
1315 2856 82 27 Turnip
1409 2854 76 27 (white
1496 2856 63 19 stone
1569 2853 46 22 and
1625 2851 91 28 swede),

1316 2885 80 21 Carrot
1406 2881 70 28 (early
1485 2880 58 22 horn
1554 2880 44 22 and
1608 2880 54 26 long
1672 2878 99 29 orange),

1316 2911 103 26 Cabbage
1431 2909 77 26 (sugar
1517 2908 64 27 loaf),

1316 2938 63 26 Peas,
1396 2935 112 28 (victoria,
1531 2941 68 21 green
1629 2940 100 20 marrow,
1758 2941 118 19 auvergne,

1289 2965 89 27 knights
1501 2962 109 28 imperial,
1622 2961 134 26 Mazarine),
1783 2982 4 7 (

1317 2993 74 21 Beans
1402 2990 92 27 (scarlet
1502 2990 103 25 runner),
1707 2993 10 17 ?

1317 3019 79 27 Beans)
1408 3018 84 27 kidney
1503 3015 117 30 (speckled
1633 3014 77 28 dwaif,
1721 3014 66 22 black
1802 3014 72 23 dwarf
1871 3031 6 12 t

1290 3047 62 22 dunn
1362 3045 88 26 dwarf);;

1318 3073 78 27 Celery
1406 3071 76 28 (white
1493 3070 76 28 solid),

1319 3100 74 22 Onion
1404 3098 90 29 (mixed'
1503 3098 72 27 seed),

1319 3127 67 26 Leek,

1318 3153 95 23 Lentille
1424 3151 99 28 (French
1531 3151 48 23 and
1589 3149 105 29 Spanish)

1319 3180 106 26 lladdish,
1455 3196 2 5 .

1319 3207 103 24 Mustard
1434 3205 45 23 and
1488 3213 67 20 cress,

1319 3234 96 28 o'pmach
1425 3233 101 27 (round),

1293 3264 50 21 And
1354 3256 165 27 various.kinds
1530 3259 26 22 of
1563 3257 116 27 vegetable
1690 3257 66 23 seeds
1771 3265 75 20 grown
1857 3257 20 22 in

1293 3287 116 29 England;
1425 3288 47 21 also
1482 3294 14 14 a
1514 3285 84 28 variety
1609 3287 26 20 of
1647 3285 76 22 flower
1739 3286 71 27 seeds,
1826 3285 51 22 both

1293 3316 101 23 Colonial
1405 3314 44 22 and
1459 3313 103 28 English.
1852 3330 8 11 +

1321 3343 130 27 September
1463 3343 33 25 16,
1507 3342 61 20 1842.

1293 3391 38 19 To
1349 3388 165 20 Gentlemen
1527 3385 149 29 intending
1690 3388 27 19 to
1733 3388 77 19 enter
1822 3386 55 21 into

1319 3416 45 20 the
1391 3414 146 27 profitable
1566 3415 110 24 pursuit
1705 3414 30 21 of
1761 3413 116 25 Grazing

1321 3442 54 22 and
1396 3441 137 26 Breeding
1553 3440 93 24 Stock,
1669 3441 41 21 for
1730 3442 89 20 which
1839 3441 38 20 the

1321 3468 88 23 fertile
1417 3468 123 21 'Islands
1563 3468 30 21 of
1611 3467 69 22 New
1698 3469 122 21 Zealand
1838 3473 39 16 are

1321 3503 29 15 so
1366 3495 152 27 peculiarly
1533 3496 128 25 adapted.
1685 3494 12 21 ,'

1295 3529 257 53 THEundersigned
1561 3530 48 26 beg,
1615 3533 22 18 to
1644 3530 84 23 inform
1736 3530 58 24 their
1800 3530 77 23 friends

1364 3556 47 23 and
1427 3556 37 22 the
1479 3556 77 28 public
1571 3556 123 28 generally,
1710 3557 49 22 that
1777 3558 52 28 they
1840 3558 37 22 will

1294 3588 100 20 contract
1417 3584 35 21 for
1472 3584 48 23 the,
1535 3583 102 28 delivery
1662 3585 26 20 of
1708 3581 38 25 the
1770 3585 107 27 following

1294 3611 135 28 description
1442 3610 27 23 of
1476 3609 74 28 Stock,
1557 3611 26 21 in
1590 3617 47 21 any
1646 3610 54 23 Port
1709 3611 26 22 of
1747 3611 38 22 the
1796 3612 81 23 Islands

1295 3640 26 22 of
1328 3639 55 22 New
1392 3637 103 23 Zealand
1502 3645 36 14 :—
1668 3654 2 3 .

1321 3665 95 23 Horned
1431 3664 69 23 cattle
1508 3662 137 30 '.(improved
1657 3664 90 28 breeds)
1763 3666 26 22 of
1801 3665 30 22 all
1846 3665 31 22 de-

1295 3693 124 27 scriptions,

1301 3726 6 3 -
1322 3720 91 27 Horses,
1434 3718 59 23 from
1515 3718 38 22 the
1576 3717 51 23 best
1646 3718 95 28 English
1761 3719 45 22 and
1822 3720 55 21 Aral

1295 3748 69 26 studs,
1381 3746 95 23 suitable
1492 3745 35 22 for
1546 3744 86 29 racing,
1648 3746 82 28 saddle,
1743 3755 25 14 or
1779 3747 91 22 harness
1876 3755 2 19 ;

1295 3775 43 22 and
1349 3774 106 26 breeding
1465 3780 82 19 mares,

1323 3802 56 22 Pure
1390 3802 75 21 Saxon
1476 3800 45 22 and
1530 3799 88 22 merino
1629 3807 64 21 ewes,
1711 3804 3 8 >

1323 3828 120 23 Half-bred
1458 3827 116 22 Leicester
1588 3826 46 22 and
1650 3827 86 22 merino
1755 3835 63 19 ewes,
1836 3834 41 20 par-

1296 3855 101 27 ticularly
1408 3854 96 29 adapted
1518 3854 35 21 for
1562 3853 44 22 this
1617 3859 106 23 country,,
1729 3861 23 15 as
1763 3855 52 27 they
1822 3854 55 22 unite

1296 3884 80 26 weight
1387 3882 26 22 of
1419 3889 88 15 carcass
1517 3881 53 22 with
1580 3880 97 23 fineness
1688 3882 26 21 of
1721 3882 63 22 wool.

1288 3922 3 3 ■
1322 3911 48 21 The
1394 3908 152 28 undersigned
1569 3915 43 16 can
1633 3908 174 23 -accommodate
1834 3915 43 21 pur-

1297 3937 88 23 chasers
1400 3937 26 21 of
1439 3937 58 21 their
1508 3935 68 22 Stock
1594 3934 54 23 with
1665 3936 114 22 extensive
1793 3936 84 27 grazing

1296 3971 61 19 runs,
1367 3963 78 23 within
1455 3964 41 21 100
1505 3962 66 22 miles
1582 3962 25 22 of
1614 3962 44 22 this
1669 3963 59 21 Port.

1559 3988 36 22 W.
1610 3988 27 22 B.
1652 3989 93 22 Rhodki
1759 3989 46 23 and
1818 3990 40 21 Co.
