4160 5990
98 4342 265 13 Lyell
416 4342 319 13 Times.

181 4564 208 30 SATURDAY,
422 4564 77 26 MAY
531 4566 25 29 8,
593 4566 75 25 1886.

136 4638 22 26 A
171 4636 103 36 largely
286 4637 129 27 attended
438 4638 119 32 meeting
580 4638 153 27 assembled

102 4676 29 28 in
150 4674 139 30 Fennell's
309 4674 75 33 Hall,
404 4674 52 28 last
474 4675 125 33 evening,
621 4674 42 29 for
686 4675 47 29 the

102 4724 117 28 purpose
239 4714 29 28 of
284 4714 113 34 hearing
409 4718 46 24 the
477 4716 209 39 representative
707 4715 30 29 of

103 4754 47 27 the
169 4753 113 31 district,
305 4752 43 28 Mr
369 4753 112 33 Eugene
501 4754 153 32 O'Conor's,
675 4763 42 27 pre-

104 4791 129 30 sessional
247 4791 118 28 address.
403 4791 44 28 Mr
459 4791 74 30 John
548 4791 113 30 Fennell
677 4802 56 19 was

106 4829 77 28 voted
198 4834 27 23 to
239 4829 46 28 the
297 4829 84 32 chair,
395 4829 54 28 and
462 4829 95 36 briefly
573 4830 160 28 introduced

104 4868 47 28 the
164 4868 120 36 speaker.
323 4868 43 29 Mr
387 4868 132 33 O'Conor,
533 4869 28 28 in
574 4879 16 18 a
602 4868 65 38 long
681 4868 53 30 and

104 4906 159 28 exhaustive
284 4906 111 28 address
416 4906 142 35 explained
580 4907 42 27 his
642 4907 91 27 action

105 4944 27 28 in
153 4943 46 29 the
221 4946 61 35 past
304 4944 100 28 session
427 4944 29 28 of
477 4944 176 34 Parliament,
680 4945 53 28 and

105 4982 43 27 his
173 4982 80 27 views
277 4982 54 28 and
356 4982 164 36 aspirations
550 4984 40 26 for
615 4984 46 26 the
687 4984 30 26 ad-

104 5024 163 24 vancement
297 5022 27 26 ot
350 5018 43 31 his
414 5021 188 36 constituency
627 5021 29 29 in
687 5021 47 29 the

105 5059 98 28 future.
257 5059 53 27 His
348 5060 87 34 plans,
474 5060 66 27 with
571 5064 106 31 respect
707 5064 28 24 to

105 5097 47 27 the
187 5095 120 37 opening
349 5096 30 27 of
416 5096 46 29 the
507 5101 126 33 country,
679 5101 57 25 met

105 5134 66 30 with
202 5144 64 26 very
296 5134 108 36 general
440 5135 140 37 approval,
615 5136 53 29 and
700 5136 34 29 he

106 5174 111 28 showed
242 5174 61 28 that
324 5183 35 27 up
381 5177 28 25 to
429 5174 46 28 the
496 5178 107 32 present
624 5175 33 29 he
680 5175 54 28 had

105 5211 68 31 Wen
199 5212 143 30 successful
371 5211 27 30 in
425 5213 124 34 carrying
580 5214 75 29 them
687 5219 48 24 out

105 5253 108 35 During
225 5252 42 28 his
281 5252 108 28 address
402 5252 34 29 he
449 5253 62 29 read
530 5254 46 27 the
597 5254 140 34 following

106 5290 141 33 telegram,
261 5290 120 27 received
404 5299 33 19 or.
460 5291 63 35 May
537 5291 57 33 sth,
608 5292 69 27 from
690 5292 45 27 the

107 5329 125 31 Minister
244 5329 30 31 of
284 5329 94 30 Public
392 5329 105 36 Works,
512 5330 64 30 with
590 5336 103 33 respect
710 5334 27 27 to

107 5370 47 26 the
167 5369 91 33 bridge
272 5378 63 18 over
348 5369 93 28 Buller
454 5379 65 17 near
540 5370 87 33 Lyell,
641 5372 27 25 in
690 5380 30 17 an-

105 5416 69 19 swer
188 5410 26 25 to
235 5405 124 38 repeated
381 5406 126 36 euquries
529 5407 70 28 from
622 5407 57 28 him
702 5417 34 18 on

105 5445 47 30 the
344 5445 271 35 Engineer-in-Chief
626 5445 112 28 informs

105 5494 45 19 me
171 5484 60 29 that
252 5484 45 27 the
317 5493 61 18 new
400 5492 96 28 survey
519 5484 29 27 of
568 5485 49 27 site
642 5494 96 26 proves

105 5523 60 28 that
178 5533 16 18 a
213 5523 40 28 far
275 5532 73 19 more
368 5522 138 28 extensive
528 5525 133 25 structure
684 5522 52 28 will

105 5562 70 29 have
200 5568 27 23 to
251 5561 32 30 be
308 5560 106 30 erected
435 5570 64 19 over
522 5560 46 28 the
591 5560 95 29 liuller
712 5567 25 23 at

105 5602 87 37 Lyell,
206 5602 53 28 and
273 5612 15 18 a
307 5600 99 38 special
428 5600 93 35 design
542 5599 53 28 will
620 5600 69 28 have
712 5604 26 24 to

104 5640 33 27 be
150 5645 46 27 pot
214 5645 47 22 out
282 5642 40 26 for
344 5640 29 31 it,
396 5639 88 27 which
507 5638 55 28 will
581 5638 62 28 take
663 5648 75 18 some

104 5678 89 30 weeks
214 5681 28 26 to
428 5677 35 29 At
485 5675 46 30 the
545 5676 153 28 conclusion
713 5675 29 29 of

105 5717 45 27 Mr
173 5718 144 27 O'Conor's
348 5716 111 28 address
489 5715 33 28 he
554 5715 121 28 received
703 5725 33 17 an

103 5756 165 27 unanimous
282 5759 61 24 vote
357 5756 25 25 of
395 5753 101 29 thanks
507 5753 51 28 and
570 5753 167 30 confidence,

105 5793 132 38 proposed
246 5793 35 37 by
289 5793 42 28 Mr
336 5793 96 28 James
442 5792 87 35 Edge,
540 5792 53 28 and
604 5791 133 28 seconded

104 5833 36 35 by
156 5834 42 26 Mr
210 5833 94 27 James
324 5833 94 33 Inglis.
463 5832 24 27 A
507 5838 61 21 vote
591 5830 30 29 of
638 5830 100 29 thanks

104 5877 28 26 to
146 5871 45 30 the
204 5871 75 30 chair
293 5871 162 30 teiuiiuated
468 5870 45 30 the
526 5870 183 38 proceedings.

798 209 57 28 The
877 209 100 28 United
999 210 96 36 Alpine
1117 210 127 29 directors
1266 216 57 24 met
1343 212 53 29 last

766 248 134 35 Saturday
914 248 52 28 nnd
982 248 121 28 declared
1118 250 45 27 the
1176 250 79 27 usual
1269 251 127 36 monthly

765 286 126 28 dividend
901 287 84 36 (23rd)
996 288 29 28 of
1028 296 51 19 one
1090 288 112 36 shilling
1213 298 46 27 per
1269 289 94 34 82,000
1363 289 32 34 th

764 325 87 31 share,
874 326 77 36 equal
977 331 27 23 to
1027 326 99 34 £I6OO,
1148 325 114 38 payable
1284 336 34 20 on
1342 328 53 28 and

764 365 68 28 after
854 366 102 36 to-day.
1002 366 58 28 The
1086 371 114 25 amount
1227 367 29 29 of
1277 368 119 28 retorted

764 404 61 33 gold
839 404 41 28 for
893 405 45 27 the
954 405 93 27 month
1063 415 54 18 was
1130 408 106 25 66f)0zs.
1252 407 67 27 from
1345 408 50 27 774

764 446 61 24 tons
839 443 28 28 of
878 448 76 24 stone
969 444 112 28 treated.
1130 445 35 27 A*;
1179 444 45 29 the
1239 444 70 28 mine
1324 444 41 28 No
1379 447 16 27 C

764 481 67 28 level
846 483 22 27 is
881 483 80 33 being
982 483 154 37 vigorously
1161 484 103 37 pushed
1280 494 44 23 on,
1349 484 46 29 the

763 521 57 26 face
832 521 22 27 is
872 532 60 17 now
954 522 71 27 close
1046 526 27 24 to
1094 523 46 27 the
1162 522 133 35 surveyed
1319 523 77 35 point

764 558 90 30 where
865 561 80 27 north
960 560 77 28 block
1051 561 22 26 is
1088 561 127 36 expected
1238 564 27 24 to
1287 559 32 28 be
1341 563 53 24 cut.

766 597 81 29 Stone
860 599 22 27 is
896 599 109 30 coming
1022 599 83 36 freely
1126 599 68 27 from
1216 599 35 28 all
1275 603 73 31 parts
1371 599 29 28 of

766 636 44 28 the
824 638 81 31 mine,
919 637 129 32 enabling
1060 638 47 27 the
1129 646 129 25 manager
1280 641 28 23 to
1329 637 67 36 keep

765 684 36 28 up
823 685 15 19 a
860 675 68 34 good
942 675 96 37 supply
1053 679 26 25 to
1091 675 46 29 the
1151 675 115 37 battery.

799 725 57 28 The
867 726 106 32 sittings
980 725 29 27 of
1018 725 45 28 the
1073 724 129 28 Resident
1215 725 181 31 Magistrate's

766 763 51 26 and
849 763 144 27 Warden's
1023 763 97 26 Courts
1142 762 144 36 appointed
1312 766 27 23 to
1367 765 29 24 be

765 800 98 31 holden
878 806 27 24 at
919 801 86 36 Lyell,
1020 811 33 18 on
1069 800 182 36 Wednesday,
1265 800 46 29 the
1333 800 62 30 12th

767 840 73 35 May,
853 841 69 26 have
940 841 66 26 been
1028 839 150 37 adjourned
1200 840 39 27 till
1263 841 133 34 Saturday

764 882 74 31 next,
851 878 47 30 the
912 878 63 30 15th
990 878 75 38 May.

800 936 43 27 Mr
856 935 131 29 Matthew
1002 936 116 27 Burnett
1131 935 96 27 visited
1251 935 77 34 Lyell
1341 944 42 26 yes-

764 974 104 36 terday,
882 975 53 27 and
949 973 99 33 during
1060 974 46 27 the
1126 982 116 24 evening
1263 973 133 28 delivered

764 1022 35 18 nn
829 1013 158 35 impressive
1018 1012 124 34 open-air
1178 1012 120 32 address,
1329 1012 67 26 after

764 1050 99 34 which,
876 1050 80 29 when
971 1050 44 29 Mr
1033 1050 147 29 O'Conor's
1201 1050 121 34 meeting
1343 1059 53 19 was

764 1090 156 31 concluded,
942 1089 148 35 adjourned
1113 1092 27 24 to
1161 1088 137 27 Fennell's
1322 1088 74 31 Hall,

764 1128 52 26 and
832 1127 75 27 there
929 1126 103 28 carried
1054 1135 35 18 on
1111 1126 46 27 the
1179 1125 102 36 subject
1300 1126 30 26 of
1354 1125 41 27 his

763 1165 332 36 mission—temperance.
1140 1164 115 35 Twenty
1274 1163 64 28 took
1352 1163 44 28 the

763 1202 104 39 pledge.

799 1251 48 28 We
866 1252 69 26 have
955 1259 65 26 very
1042 1250 70 28 little
1135 1250 105 27 further
1261 1252 28 24 to
1307 1255 90 30 report

763 1289 69 29 from
859 1288 46 30 the
931 1288 125 28 Larnach
1079 1288 55 28 this
1154 1287 85 32 week,
1262 1288 90 32 owing
1370 1291 27 24 to

764 1328 93 28 illness
870 1327 28 29 of
906 1326 64 29 both
985 1337 63 18 men
1063 1326 120 35 engaged
1204 1326 115 36 driving,
1342 1326 55 28 and

763 1366 194 38 consequently
971 1366 49 28 full
1032 1366 64 30 time
1118 1365 50 29 has
1189 1369 48 25 not
1258 1364 66 29 been
1349 1369 48 32 put

764 1406 37 28 in.
837 1405 58 29 The
908 1404 96 30 tunnel
1016 1405 23 28 is
1052 1414 61 19 now
1127 1404 93 29 driven
1242 1404 82 29 about
1345 1405 51 26 128

764 1445 52 26 feet
828 1444 70 27 from
912 1444 46 27 the
972 1443 97 35 Alpine
1084 1443 41 27 No
1134 1444 17 26 6
1160 1442 76 28 level.
1274 1442 57 27 The
1342 1442 52 27 last

764 1482 75 29 three
854 1481 53 29 feet
928 1490 55 19 was
1006 1481 67 28 slate
1098 1481 156 32 formation,
1276 1479 53 28 and
1350 1479 46 28 the

764 1525 77 25 stone
855 1525 56 25 met
923 1520 65 29 with
1002 1520 131 37 recently,
1146 1518 89 30 which
1257 1528 56 19 was
1335 1528 45 28 sup-

765 1561 81 32 posed
860 1565 27 24 to
900 1560 31 29 be
944 1560 64 32 reef,
1022 1569 55 18 was
1091 1560 64 35 only
1167 1568 51 20 one
1232 1559 30 27 of
1272 1568 14 18 a
1309 1558 40 29 lot
1371 1558 27 28 of

764 1598 104 28 leaders
881 1598 71 28 from
966 1598 12 26 1
994 1602 27 22 to
1035 1599 32 25 12
1086 1598 92 27 inches
1198 1596 84 31 thick,
1305 1596 89 27 which

764 1645 68 20 were
846 1636 28 29 in
888 1645 15 21 a
916 1645 79 28 space
1008 1635 30 29 of
1048 1635 46 29 the
1108 1635 51 29 last
1169 1635 32 29 10
1210 1634 62 29 feet.
1309 1634 87 29 There

763 1676 23 26 is
801 1685 81 26 every
903 1675 150 28 indication
1074 1675 29 27 of
1121 1674 119 34 meeting
1262 1674 66 28 with
1349 1673 46 29 the

764 1715 56 27 reef
831 1714 27 28 in
872 1713 46 29 the
931 1716 63 25 next
1008 1714 33 27 10
1053 1711 52 29 feet
1119 1712 30 28 of
1159 1711 115 35 driving.

799 1760 116 33 Sinking
927 1760 28 29 in
969 1760 46 29 the
1027 1759 102 30 United
1140 1759 72 37 Ttaly
1220 1760 22 27 is
1252 1758 55 29 still
1314 1758 82 37 going

763 1809 45 23 on,
821 1800 54 27 and
889 1799 45 27 the
948 1808 63 18 men
1025 1807 45 19 are
1081 1798 113 34 making
1202 1798 52 27 fair
1263 1807 132 26 progress.

763 1837 57 27 The
840 1841 117 31 country
976 1837 23 27 is
1021 1836 52 28 soft
1095 1836 52 28 and
1166 1835 85 36 likely
1275 1834 119 33 looking,

762 1875 54 29 and
830 1875 46 28 the
889 1874 74 30 shaft
976 1874 22 28 is
1011 1874 82 36 going
1105 1874 79 28 down
1198 1873 121 29 between
1342 1876 53 26 two

763 1914 181 29 well-defined
958 1913 77 29 walls
1048 1922 80 20 seven
1140 1913 52 28 feet
1204 1915 86 34 apart.

799 1962 43 28 Mr
867 1963 31 26 A.
924 1962 31 27 A.
981 1960 126 34 Corfield,
1133 1960 45 29 the
1204 1960 70 29 clerk
1298 1960 30 27 of
1349 1959 45 29 the

764 2000 131 28 Resident
933 2000 182 31 Magistrate's
1150 1998 54 28 and
1246 1998 144 28 Warden's

762 2039 107 31 Courts,
888 2038 56 28 will
966 2038 63 28 visit
1050 2039 47 27 the
1118 2037 157 27 Murchison
1301 2036 93 33 Office,

762 2087 35 19 on
811 2077 126 37 Tuesday
950 2076 47 30 the
1011 2076 63 30 18th
1089 2076 74 37 May,
1181 2076 42 28 for
1244 2075 46 29 the
1307 2078 73 26 trans-

762 2117 88 28 action
865 2117 30 28 of
904 2127 55 25 any
973 2116 122 29 business
1109 2116 27 28 in
1150 2116 160 28 connection
1328 2114 66 30 with

761 2154 47 27 the
821 2154 107 27 Courts.

796 2200 34 29 In
844 2200 117 29 another
974 2199 109 30 column
1106 2198 44 31 the
1171 2198 95 30 Buller
1285 2197 109 38 County

761 2238 114 29 Council
894 2239 84 27 invite
999 2238 110 28 tenders
1128 2238 41 27 for
1188 2237 46 29 the
1257 2238 118 26 maiuten-

762 2287 66 20 ance
858 2277 31 30 of
917 2275 105 31 district
1046 2276 76 30 main
1145 2275 89 36 roads,
1260 2275 55 30 and
1339 2280 53 24 two

761 2317 118 27 sections
901 2317 30 26 of
947 2317 46 26 the
1013 2315 163 34 Eight-niilo
1189 2315 75 27 road.
1301 2315 34 26 In
1349 2315 46 26 the

762 2353 74 37 early
849 2357 60 34 part
922 2353 30 30 of
962 2353 46 30 the
1021 2351 75 30 week
1115 2362 39 19 we
1168 2352 90 29 issued
1272 2360 35 20 an
1321 2356 74 25 extra

762 2393 169 34 throughout
955 2393 46 28 the
1026 2392 115 32 district,
1163 2391 160 35 containing
1347 2391 47 28 the

762 2431 236 27 advertisements.
1035 2429 122 28 Tenders
1168 2429 41 27 for
1221 2429 75 27 these
1306 2429 90 27 works

763 2469 71 30 close
848 2472 28 27 at
888 2467 139 39 Westport
1040 2477 35 20 on
1088 2466 127 38 Tuesday
1228 2471 73 25 next.

797 2517 24 27 A
834 2516 212 37 representative
1059 2515 29 27 of
1097 2515 46 27 the
1163 2514 128 28 National
1305 2514 88 31 Bank,

763 2554 71 31 from
856 2553 126 35 Heefton,
1001 2553 56 30 will
1078 2551 34 31 be
1131 2552 30 30 in
1183 2551 164 30 attendance
1367 2557 29 24 at

764 2594 87 36 Lyell,
882 2593 103 36 to-day,
1015 2593 42 28 for
1086 2591 47 29 the
1168 2592 170 28 transaction
1369 2592 27 27 of

762 2631 110 36 general
884 2630 122 36 banking
1018 2629 134 30 business.

797 2679 58 29 The
876 2677 91 31 leader
985 2677 29 29 in
1028 2677 52 29 No.
1100 2678 15 28 5
1134 2675 69 30 level
1223 2676 32 29 of
1271 2676 47 29 the
1340 2676 55 36 Tyr

762 2717 125 34 Connell,
901 2726 90 20 across
1004 2715 47 31 the
1065 2725 72 28 spur,
1150 2716 23 28 is
1195 2725 61 19 now
1270 2715 124 35 showing

762 2765 65 28 very
839 2756 57 29 rich
912 2759 85 25 stone.
1034 2755 88 28 There
1135 2764 46 18 are
1194 2757 53 25 two
1261 2764 64 18 men
1336 2764 37 17 em-

762 2795 99 37 ployed
886 2795 105 33 cutting
1015 2796 47 27 out
1087 2803 16 19 a
1132 2792 130 29 chamber
1285 2793 41 28 for
1349 2792 47 29 the

763 2842 116 29 purpose
904 2833 30 28 of
955 2832 108 36 sinking
1084 2841 37 18 on
1140 2832 56 28 this
1220 2831 99 32 leader,
1342 2832 54 27 and

764 2872 47 29 the
823 2871 110 35 sinking
944 2870 57 29 will
1013 2870 33 29 be
1065 2869 177 30 commenced
1255 2869 80 29 when
1349 2869 46 29 the

764 2910 77 27 main
853 2910 69 27 level
936 2909 23 27 is
971 2908 139 28 extended,
1119 2908 117 27 another
1253 2908 61 26 four
1331 2912 65 27 sets,

764 2957 31 19 or
819 2955 16 21 ft
861 2947 134 28 sufficient
1021 2945 124 29 distance
1175 2948 28 26 to
1229 2944 95 30 enable
1349 2944 47 29 the

765 2985 88 28 hands
867 2988 28 26 to
908 2983 61 29 sink
982 2992 35 19 on
1030 2984 46 28 the
1090 2992 73 27 spur.

798 3032 58 29 The
868 3032 110 36 sittings
997 3032 30 27 of
1045 3030 46 30 the
1113 3030 114 29 District
1245 3030 84 28 Court
1350 3038 30 28 ap-

764 3071 113 38 pointed
893 3074 28 27 to
938 3071 33 29 be
990 3070 64 30 held
1073 3073 29 26 at
1121 3070 148 36 Westport,
1291 3079 35 19 on
1350 3069 46 29 the

764 3111 47 29 6th
826 3110 75 36 May,
914 3110 50 28 has
976 3110 68 29 been
1056 3108 150 38 adjourned
1218 3109 70 29 until
1296 3109 83 28 Thurs-

764 3149 63 35 day,
840 3148 65 29 20th
917 3148 74 36 May,
1005 3152 29 25 at
1046 3149 33 27 10
1091 3146 113 30 o'clock.

799 3195 43 29 Mr
858 3195 68 29 Bird
945 3205 56 19 was
1021 3194 122 38 engaged
1162 3203 37 19 on
1220 3193 102 38 Friday
1342 3193 55 29 and

764 3235 136 37 Saturday
929 3234 52 29 last
1011 3233 67 30 with
1108 3233 86 29 Court
1219 3232 125 29 business
1368 3236 29 25 at

764 3274 123 29 Reefton.
924 3273 136 36 Amongst
1073 3272 46 29 the
1129 3282 75 19 cases
1213 3282 70 17 were
1293 3270 103 30 several

762 3312 186 38 prosecutions
960 3312 37 36 by
1015 3321 17 18 a
1051 3313 143 34 ratepayer
1217 3310 107 35 against
1343 3310 54 28 late

762 3351 138 30 members
914 3351 29 29 of
953 3350 47 30 the
1013 3350 163 36 Inangahua
1188 3348 110 38 County
1307 3348 70 30 Coun-

762 3390 36 31 cil
810 3391 42 29 for
863 3390 91 36 illegal
967 3390 185 38 expenditure.
1189 3388 57 30 The
1260 3388 59 30 first
1336 3397 61 21 case

762 3440 56 19 was
830 3429 157 34 nonsuited,
999 3429 55 29 and
1068 3428 46 30 the
1126 3428 92 30 others
1239 3437 71 21 were
1331 3428 67 29 then

762 3468 171 29 withdrawn.

799 3521 44 29 Mr
867 3521 121 28 Thomas
1009 3520 104 33 James,
1135 3519 117 34 saddler,
1273 3519 51 28 has
1341 3519 57 37 just

765 3559 153 38 completed
931 3569 16 19 a
960 3562 41 27 set
1014 3559 30 30 of
1053 3559 113 29 harness
1180 3562 27 26 to
1220 3557 47 30 the
1279 3557 79 31 order
1367 3558 32 30 of

766 3600 45 27 Mr
829 3599 74 29 John
926 3599 114 33 Gilmer,
1062 3598 55 28 and
1137 3598 72 27 from
1232 3597 163 36 inspection,

765 3637 116 30 without
893 3636 94 34 doubt,
999 3637 21 28 it
1032 3636 55 28 will
1111 3644 127 28 compare
1258 3635 141 37 favorably

765 3675 66 30 with
845 3675 46 29 the
905 3675 91 28 Home
1009 3674 80 29 made
1102 3673 102 29 article.
1241 3673 27 28 It
1279 3673 23 29 is
1312 3673 69 30 hand-

766 3725 73 20 sewn
853 3713 176 37 throughout,
1042 3712 55 30 and
1110 3712 47 31 the
1173 3712 160 37 mountings
1355 3722 45 21 are

765 3754 86 35 really
865 3754 148 27 first-class.
1050 3753 44 27 He
1108 3752 49 28 has
1170 3760 17 20 a
1199 3752 73 34 large
1286 3752 75 28 stock
1373 3752 30 29 of

765 3792 84 37 goods
861 3792 30 28 of
900 3791 69 36 good
981 3790 106 37 quality
1099 3794 28 24 to
1141 3790 82 28 select
1242 3789 81 34 from,
1345 3790 56 28 and

765 3831 48 29 the
827 3831 86 36 prices
925 3830 55 29 will
992 3830 33 28 be
1038 3828 85 30 found
1140 3838 29 20 as
1192 3828 157 30 reasonable
1371 3839 30 20 as

766 3869 46 27 the
835 3868 138 35 imported
994 3868 102 26 article.
1145 3867 42 27 He
1206 3867 50 27 has
1275 3867 89 27 added
1385 3877 16 18 a

766 3906 180 36 hair-teasing
959 3904 125 30 machine
1098 3907 28 27 to
1138 3903 43 30 his
1194 3904 85 38 plant,
1298 3913 29 21 so
1341 3904 61 30 that

766 3946 55 27 this
833 3945 76 28 work
921 3946 23 26 is
956 3954 62 19 now
1030 3944 70 28 done
1113 3953 36 20 on
1166 3943 47 29 the
1225 3945 176 35 premises.—

770 3983 136 37 Wcßtport
924 3982 99 29 Times.

802 4031 82 29 Some
892 4030 159 35 interesting
1060 4029 177 29 information
1245 4029 154 37 respecting

767 4070 47 28 the
828 4069 112 36 railway
954 4072 205 31 arrangements
1168 4068 50 28 has
1226 4068 67 29 been
1302 4068 97 38 kindly

767 4108 176 37 telegraphed
957 4111 27 25 to
997 4117 32 19 us
1041 4108 36 35 by
1089 4117 17 19 a
1120 4107 166 37 Wellington
1300 4116 86 20 corres-

767 4147 132 36 pondent.
943 4146 57 29 The
1014 4146 88 29 whole
1120 4149 109 30 matter,
1250 4147 21 27 it
1291 4146 55 29 will
1369 4145 33 30 be

768 4195 73 23 seen,
854 4185 23 28 is
891 4194 61 19 now
964 4184 129 35 regarded
1107 4194 30 19 as
1150 4184 128 36 virtually
1295 4183 106 35 settled,

769 4224 47 27 but
825 4233 15 18 a
850 4223 156 28 Validation
1014 4223 52 28 Act
1074 4223 55 28 will
1140 4223 69 28 have
1221 4226 28 25 to
1260 4223 31 27 be
1305 4223 97 35 passed

768 4262 28 27 in
811 4260 76 29 order
900 4266 27 23 to
947 4262 79 27 allow
1048 4270 74 19 some
1142 4260 84 36 slight
1247 4260 154 29 deviations

768 4305 29 24 to
821 4300 32 29 be
873 4300 79 29 made
973 4300 71 29 from
1065 4300 47 29 the
1138 4298 116 38 original
1279 4303 122 25 contract

768 4339 109 29 entered
890 4339 58 28 into
966 4339 36 36 by
1022 4340 46 28 the
1090 4339 145 36 Company
1258 4338 71 34 here,
1352 4338 50 28 but

768 4386 60 18 now
843 4376 161 30 transferred
1020 4380 27 24 to
1069 4376 47 29 the
1138 4376 156 36 Syndicate.
1340 4376 62 27 Full

768 4415 175 29 information
957 4415 143 36 regarding
1108 4414 45 30 the
1162 4415 90 36 points
1262 4424 35 19 on
1313 4413 88 29 which

768 4454 149 28 validation
947 4454 22 27 is
993 4454 124 35 required
1142 4453 55 28 will
1223 4453 32 28 be
1280 4453 123 28 received

769 4492 92 29 within
875 4502 16 19 a
904 4491 53 39 clay
976 4502 30 19 or
1027 4496 63 30 two,
1113 4491 47 30 the
1181 4491 221 37 Agent-General

768 4531 102 36 having
882 4531 66 30 been
962 4531 149 30 instructed
1124 4536 27 25 to
1164 4531 141 37 telegraph
1326 4530 76 31 them

767 4571 187 33 immediately
967 4580 28 17 in
1009 4571 78 26 order
1108 4571 59 26 that
1192 4571 45 26 the
1260 4570 55 26 Bill
1338 4578 64 25 may

767 4606 33 30 be
828 4606 139 39 prepired.
1022 4606 161 35 Meantime,
1219 4615 49 21 our
1303 4615 85 21 corres-

768 4647 120 34 pondent
901 4656 71 25 says,
1021 4646 161 35 everything
1199 4646 23 27 is
1244 4645 158 28 considered

768 4688 28 25 to
809 4684 31 29 be
862 4684 29 28 in
911 4684 46 29 the
979 4683 109 40 highest
1110 4684 96 35 degree
1228 4683 173 37 satisfactory

768 4724 54 28 and
1049 4724 75 28 Mail
1138 4724 47 28 3rd
1199 4723 113 29 instant.

856 4812 112 28 OWEN
989 4813 123 27 REEFS
1131 4812 184 28 DISTRICT.

830 4899 83 34 (from
932 4907 56 20 our
1006 4906 62 20 own
1086 4898 255 33 correspondent.)

1122 4974 95 33 Owen,
1232 4973 66 36 May
1311 4972 57 29 sth.

803 5021 58 29 The
887 5031 99 28 survey
1010 5020 72 34 staff,
1106 5020 87 29 under
1217 5019 45 28 Mr
1285 5019 118 34 Wright,

769 5061 69 28 have
852 5061 152 36 completed
1014 5060 71 28 their
1094 5069 99 26 survey
1204 5059 30 28 of
1241 5059 46 28 the
1297 5059 105 33 claims,

769 5099 54 27 ami
849 5108 38 18 wo
915 5107 61 18 now
1000 5099 83 26 await
1107 5098 71 27 their
1202 5099 99 33 report.
1345 5096 58 28 The

770 5138 96 28 claims
896 5136 139 38 inspected
1065 5143 62 22 are:
1129 5134 149 29 —Buhner
1308 5133 94 34 Creek,

771 5176 85 35 Lyell,
878 5175 128 33 Wakatu,
1028 5174 72 33 Uno,
1122 5173 155 32 Comstock,
1297 5172 105 29 Golden

771 5214 104 34 Fleece,
903 5214 127 37 Morning
1055 5214 70 33 Star,
1154 5212 140 34 Bonanza,
1319 5212 85 28 Owen

772 5254 91 34 River,
889 5253 155 34 Zealandia,
1070 5252 109 28 Broken
1204 5252 69 32 Hill,
1304 5252 82 27 Enter-

771 5292 79 37 prise,
865 5292 105 27 Golden
986 5292 89 31 Point,
1090 5290 55 27 and
1158 5290 106 27 Golden
1278 5289 107 27 Crown.

807 5331 73 30 Most
897 5331 30 29 of
944 5330 75 30 these
1032 5329 95 31 claims
1145 5327 70 31 have
1228 5327 110 39 already
1358 5330 47 34 got

772 5376 88 26 stone,
883 5371 54 26 and
959 5371 22 26 it
1002 5370 23 26 is
1038 5368 131 29 intended
1191 5373 28 22 to
1240 5369 62 26 take
1316 5378 16 17 a
1344 5378 44 25 pro-

772 5413 75 31 spect
861 5408 67 27 from
943 5406 64 28 each
1021 5406 42 27 for
1081 5406 46 27 the
1145 5413 116 28 purpose
1283 5406 25 26 of
1327 5405 57 27 mak-

773 5447 46 33 ing
841 5456 15 19 a
878 5445 72 31 trial,
971 5444 54 29 and
1044 5443 115 35 sending
1177 5444 28 28 in
1228 5453 16 18 a
1264 5447 93 33 report
1377 5446 28 25 to

774 5486 195 27 Government.
1005 5483 59 27 The
1086 5482 74 28 work
1172 5482 24 28 is
1216 5482 94 35 nearly
1332 5491 54 19 com-

774 5523 99 36 pleted,
896 5522 54 28 and
971 5529 39 19 we
1033 5529 50 19 can
1096 5519 62 29 look
1172 5519 115 29 forward
1308 5524 28 24 to
1358 5520 47 28 the

774 5564 89 34 report
875 5564 29 25 at
917 5569 35 19 an
967 5559 73 36 early
1054 5558 71 29 date.

808 5600 57 28 The
888 5599 58 29 reef
964 5598 51 28 has
1034 5597 68 29 been
1115 5597 90 29 traced
1218 5606 36 20 on
1275 5597 54 29 this
1350 5597 55 30 line

773 5639 42 27 for
827 5648 16 18 a
856 5637 95 35 length
965 5637 30 27 of
1005 5636 74 28 three
1102 5636 86 32 miles,
1208 5636 46 27 the
1274 5636 131 28 direction

774 5676 80 34 being
867 5675 162 28 north-west
1041 5673 35 38 by
1089 5673 160 29 south-east.

807 5715 57 28 The
895 5712 169 36 Enterprise,
1094 5717 29 23 at
1152 5722 52 18 one
1225 5712 58 28 -end
1313 5712 76 29 south-

773 5752 91 28 shows
877 5761 15 19 a
907 5760 66 27 very
986 5752 72 33 large
1072 5750 62 32 reef,
1154 5750 28 27 in
1202 5750 54 27 fact
1276 5759 16 19 a
1311 5759 93 19 moun.

773 5790 56 30 tain
843 5790 30 29 of
883 5793 87 30 stone,
983 5788 55 30 and
1055 5791 137 35 prospects
1211 5788 60 29 well
1285 5788 35 29 all
1334 5798 64 19 over

772 5829 91 29 While
893 5833 29 25 at
951 5828 45 30 the
1028 5828 79 28 other
1136 5828 62 32 end,
1231 5828 91 31 north,
1359 5828 45 28 the

772 5868 172 39 prospecting
976 5868 90 34 claim,
1097 5867 47 29 the
1174 5866 113 30 Bulmer
1317 5867 87 29 Creek

1431 213 153 33 Extended,
1610 213 55 28 also
1696 213 124 28 contains
1851 222 15 19 a
1897 222 64 26 very
1991 213 71 34 large

1430 251 72 37 body
1516 252 29 28 of
1555 256 86 28 stone,
1665 251 54 28 and
1740 256 138 32 prospects
1900 252 70 27 well.
2007 253 55 28 The

1430 291 74 27 work
1525 291 82 35 going
1620 300 35 18 on
1669 295 28 24 at
1716 296 108 30 present
1837 291 28 26 in
1886 290 45 27 the
1952 291 112 28 Buhner

1432 329 85 28 Creek
1538 330 23 26 is
1580 330 47 26 the
1652 328 188 28 continuation
1865 328 29 27 of
1912 328 46 28 the
1984 329 80 28 lower

1432 373 131 23 cross-cut
1576 371 28 25 to
1617 368 133 36 intercept
1763 368 45 28 the
1822 367 57 28 reef
1897 366 27 29 in
1939 377 15 18 a
1968 367 96 37 deeper

1432 406 76 28 level.
1545 406 58 30 The
1625 411 131 23 cross-cut
1775 406 23 27 is
1819 415 61 17 now
1893 404 28 29 in
1935 405 83 29 about
2031 408 33 26 80

1431 444 62 35 feet,
1506 441 55 31 and
1574 444 162 28 indications
1750 443 30 29 of
1789 453 15 19 a
1817 443 58 28 reef
1884 452 44 19 are
1939 443 123 37 showing

1432 483 164 29 favourable.
1633 483 57 29 The
1715 483 159 36 Enterprise
1900 483 124 27 contains
2049 493 15 19 a

1432 523 58 27 reef
1508 522 69 34 fully
1599 524 33 25 30
1645 521 53 28 feet
1710 522 78 31 wide,
1808 521 53 26 and
1883 525 77 23 stone
1984 521 78 28 taken

1432 560 68 27 from
1515 561 30 26 21
1562 559 123 28 different
1698 559 89 35 places
1801 568 35 18 on
1850 557 80 35 being
1951 559 113 28 crushed

1432 597 106 37 yielded
1570 596 224 36 extraordinarily
1824 596 58 28 rich
1917 601 146 31 prospects.

1433 637 86 27 There
1541 636 98 28 should
1660 636 31 27 be
1715 644 63 26 very
1791 634 70 28 little
1881 634 134 36 difficulty
2037 637 25 25 in

1434 674 107 37 placing
1560 674 161 35 machinery
1734 683 35 17 on
1789 672 54 29 this
1862 672 90 33 claim,
1975 674 89 34 owing

1433 719 27 24 to
1485 714 46 29 the
1556 712 109 30 natural
1688 712 123 29 facilities
1836 711 99 29 offered
1959 711 36 37 by
2020 712 44 30 the

1434 752 109 34 locality
1563 752 66 27 with
1650 756 106 30 respect
1775 755 26 23 to
1824 754 93 28 water,
1939 751 125 27 machine

1434 789 57 33 site,
1505 791 44 27 &c.

1468 829 57 28 The
1550 828 119 29 Wakatu
1692 827 102 28 United
1816 837 45 18 are
1886 826 55 29 still
1964 828 101 36 getting

1434 871 47 24 out
1502 870 85 30 stone,
1608 865 55 28 and
1686 865 182 37 contemplate
1887 864 95 35 taking
2003 865 28 28 in
2051 876 12 17 a

1434 906 82 28 lower
1528 905 69 29 level
1610 904 105 30 tunnel.
1751 904 67 28 This
1828 904 81 28 claim
1919 904 23 28 is
1951 904 113 29 situated

1434 944 82 28 about
1541 953 15 18 a
1580 949 111 31 quarter
1715 943 30 27 of
1766 952 16 18 a
1803 942 65 28 mile
1892 952 37 26 up
1954 943 112 28 Bulmer

1434 982 85 28 Creek
1532 982 70 28 from
1617 982 45 28 the
1676 982 84 27 Owen
1780 982 91 27 River.
1908 981 57 28 The
1988 985 76 24 stone

1434 1020 109 36 already
1565 1025 27 23 to
1618 1029 74 26 grass
1717 1019 22 28 is
1764 1019 145 28 estimated
1933 1024 28 22 at
1984 1019 78 29 about

1434 1060 50 28 200
1498 1063 70 28 tons,
1583 1058 53 28 and
1651 1058 21 28 is
1685 1057 30 29 of
1726 1067 64 27 very
1803 1057 69 36 good
1886 1057 114 38 quality.

1469 1097 132 35 Opinions
1615 1105 71 19 seem
1702 1100 26 23 to
1743 1097 31 27 be
1787 1096 108 28 divided
1919 1106 29 18 as
1970 1102 28 23 to
2020 1097 44 28 the

1434 1140 75 23 route
1530 1135 41 26 for
1591 1144 15 17 a
1627 1133 64 28 road
1705 1138 27 23 to
1745 1133 77 28 these
1834 1134 69 28 reefs
1924 1135 70 27 from
2018 1134 45 28 the

1435 1172 101 29 Nelson
1550 1172 76 28 main
1638 1171 75 32 road,
1728 1171 54 29 and
1794 1172 15 27 I
1832 1172 80 27 think
1936 1172 22 28 it
1977 1172 86 28 would

1436 1215 46 25 not
1506 1211 32 28 be
1564 1211 92 34 acting
1681 1210 92 38 wisely
1793 1210 28 28 in
1843 1210 47 29 the
1915 1214 100 26 matter
2038 1215 26 25 to

1434 1250 107 36 quarrel
1565 1259 65 18 over
1651 1251 30 30 it,
1696 1250 112 31 thereby
1831 1250 120 35 possibly
1970 1250 92 33 giving

1434 1289 46 27 the
1505 1288 161 28 authorities
1691 1297 35 18 an
1750 1297 95 18 excuse
1877 1292 27 23 to
1931 1288 92 28 shelve
2045 1288 17 27 ii

1434 1327 161 34 altogether,
1622 1335 29 19 or
1676 1326 28 28 in
1729 1336 55 27 any
1813 1330 80 24 event
1923 1326 80 37 delay
2032 1326 34 28 its

1434 1365 192 30 construction.

1632 1455 233 28 LATEST

1459 1509 172 43 CABLE
1690 1510 350 44 TELEGRAMS.

1604 1581 4 17 .
1738 1581 16 17 *

1711 1613 73 30 New
1804 1612 93 37 York,
1914 1613 70 41 May
1998 1615 27 30 4.

1472 1655 62 34 The
1549 1656 155 42 labouring
1719 1656 106 33 classes
1840 1656 30 33 in
1890 1656 53 35 the.
1956 1657 110 34 United

1434 1700 97 31 States
1554 1701 75 31 have
1653 1701 190 31 commenced
1864 1712 38 20 an
1924 1703 142 39 agitation

1432 1744 44 32 for
1500 1744 50 32 the
1574 1745 149 32 initiation
1744 1745 32 32 of
1797 1745 51 32 the
1872 1745 82 41 eight
1977 1745 89 33 hours

1431 1792 179 33 movement,
1639 1789 59 31 and
1725 1799 17 21 a
1773 1788 100 37 strike,
1908 1790 159 40 extending

1432 1842 68 20 over
1523 1842 17 21 a
1564 1832 179 40 widespread
1758 1842 77 26 area,
1860 1832 54 31 has
1938 1833 128 32 resulted

1431 1874 31 33 in
1486 1885 212 32 consequence.
1740 1875 38 32 At
1803 1875 129 43 Chicago
1956 1876 110 33 serious

1431 1919 71 33 riots
1517 1920 68 33 took
1599 1920 82 42 place
1695 1920 162 42 yesterday,
1877 1921 145 42 resulting
2035 1921 31 33 in

1431 1964 50 31 the
1509 1964 60 32 loss
1596 1964 32 33 of
1653 1964 111 32 several
1791 1964 82 38 lives,
1903 1966 58 31 and
1991 1966 24 32 it
2042 1966 25 32 is

1432 2008 113 40 alleged
1573 2009 65 31 that
1668 2009 51 31 the
1754 2008 142 32 outbreak
1929 2019 60 21 was
2022 2009 29 32 in-

1431 2051 126 42 stigated
1571 2051 39 42 by
1623 2062 18 21 a
1655 2051 113 41 foreign
1791 2051 137 33 Socialist
1949 2053 99 40 organi-

1431 2096 106 34 sation.
1580 2096 211 33 Disturbances
1822 2096 32 33 of
1878 2107 17 22 a
1923 2107 81 23 more
2034 2108 33 23 or

1431 2141 58 30 less
1513 2141 111 30 serious
1648 2144 105 27 nature
1769 2151 48 20 are
1841 2142 136 39 reported
1991 2142 76 31 from

1430 2182 113 34 several
1557 2182 157 33 industrial
1724 2185 125 30 centres.

1766 2227 131 37 London,
1914 2227 70 42 May
1998 2229 28 31 4.

1471 2270 163 34 Gladstone
1658 2269 145 34 informed
1830 2270 51 34 the
1909 2270 102 35 House
2038 2270 32 35 of

1432 2315 160 31 Commons
1619 2315 102 39 to-day
1747 2315 66 31 that
1841 2316 50 31 the
1919 2316 72 31 time
2025 2317 27 30 al-

1430 2357 93 35 lowed
1550 2358 39 43 by
1610 2357 50 33 the
1683 2358 117 33 Powers
1827 2357 45 34 for
1893 2368 39 23 an
1954 2369 113 23 answer

1430 2403 76 31 from
1529 2402 110 32 Greece
1663 2405 31 29 to
1714 2402 78 32 their
1816 2402 182 38 ultimatum,
2022 2415 29 21 re-

1430 2446 124 41 garding
1581 2445 54 32 her
1667 2445 223 37 disarmament,
1924 2446 61 31 had
2018 2456 32 22 ex-

1430 2490 92 40 pired,
1538 2490 58 31 and
1610 2501 40 21 no
1663 2489 120 32 definite
1804 2490 82 41 reply
1909 2490 60 32 had
1992 2489 75 34 been

1430 2533 141 32 received.
1625 2533 162 32 Gladstone
1810 2533 94 33 added
1926 2533 66 33 that
2016 2533 51 33 the

1430 2578 136 40 previous
1580 2577 82 43 reply
1675 2588 59 21 was
1749 2577 176 43 inadequate
1940 2578 59 32 and
2013 2589 35 21 un-

1431 2622 195 41 satisfactory.

1926 2665 99 33 Later.

1471 2717 64 33 The
1547 2717 107 33 Indian
1669 2717 58 33 and
1742 2717 135 33 Colonial
1891 2717 176 34 Exhibition

1432 2766 31 28 at
1498 2762 96 33 South
1628 2762 187 41 Kensington
1848 2773 60 21 was
1932 2763 137 41 formally

1432 2807 113 40 opened
1569 2806 59 33 this
1653 2808 138 39 morning
1815 2807 38 41 by
1876 2807 51 32 the
1956 2808 111 38 Queen.

1432 2850 63 33 The
1510 2850 146 32 members
1672 2850 31 33 of
1720 2850 50 33 the
1795 2850 162 33 Executive
1982 2850 63 33 Com-

1432 2895 123 30 mission
1569 2905 75 20 were
1658 2895 155 38 presented
1828 2898 30 28 to
1868 2893 63 32 Her
1942 2895 126 40 Majesty

1432 2947 39 23 on
1485 2937 54 31 her
1557 2938 140 31 entrance
1721 2939 32 30 to
1775 2937 50 32 the
1848 2937 143 41 building,
2017 2936 50 39 ths

1432 2980 143 32 vestibule
1590 2981 32 31 of
1633 2980 97 31 which
1742 2990 59 21 was
1815 2980 137 40 panelled
1973 2978 94 35 round!

1432 3023 71 32 with
1518 3023 88 32 views
1620 3024 32 31 of
1667 3024 171 31 Australian
1861 3034 130 31 scenery.
2043 3024 25 31 A

1432 3068 168 43 procession
1634 3079 59 21 was
1727 3067 73 33 then
1830 3067 114 35 formed
1971 3067 97 33 which

1432 3113 149 32 traversed
1599 3113 50 32 the
1672 3113 118 37 Indian',
1817 3113 170 32 Australian
2011 3113 59 31 and

1434 3156 153 31 Canadian
1598 3156 106 36 Cqjirts
1718 3159 31 29 to
1764 3157 103 31 Albert
1878 3156 82 37 Hall,
1972 3156 96 32 where

1434 3210 38 21 an
1483 3200 147 41 imposing
1641 3199 157 42 inaugural
1822 3210 156 32 ceremony
1999 3199 69 33 took

1433 3244 92 42 place.
1568 3244 63 33 The
1646 3244 105 33 Prince
1766 3244 31 33 of
1809 3244 100 33 Wales
1933 3244 82 38 then,
2037 3244 32 32 in

1434 3289 47 31 his
1499 3290 133 40 capacity
1653 3289 32 31 of
1703 3289 155 32 President
1882 3288 32 33 of
1935 3288 50 33 the
2010 3289 40 31 Ex-

1434 3333 113 32 ecutive
1562 3331 207 39 Commission,
1793 3331 70 34 read
1887 3342 39 23 an
1950 3332 118 33 address

1434 3380 31 31 to
1476 3377 63 34 Her
1550 3377 136 43 Majesty,
1699 3377 111 43 stating
1819 3377 66 33 that
1895 3377 51 34 the
1957 3377 114 44 display

1434 3424 86 31 made
1535 3422 38 42 by
1592 3422 51 33 the
1667 3422 113 33 British
1805 3422 137 33 Colonies
1966 3425 30 30 at
2020 3423 50 33 the

1435 3467 84 33 Paris
1534 3467 176 41 Exposition
1726 3466 31 34 of
1768 3468 86 37 1878,
1869 3466 61 33 had
1943 3467 48 33 led
2006 3466 64 34 him

1435 3514 31 28 to
1480 3521 118 30 express
1610 3521 17 20 a
1639 3511 77 41 hope
1740 3511 68 31 that
1831 3511 63 31 Her
1918 3511 152 41 Majesty's

1435 3554 129 44 subjects
1577 3554 33 33 in
1623 3554 141 43 England
1777 3554 97 42 might
1888 3554 36 33 be
1948 3554 124 34 enabled

1436 3602 29 30 to
1481 3600 118 31 witness
1613 3599 51 32 the
1678 3599 179 32 marvellous
1867 3599 205 41 development

1436 3643 97 32 which
1547 3643 59 32 had
1616 3643 90 32 taken
1716 3643 83 41 place
1810 3643 31 31 in
1850 3643 77 32 their
1938 3643 134 33 Colonial

1436 3686 167 39 bretheren,
1650 3687 56 32 His
1721 3686 94 44 Royal
1828 3686 152 42 Highness
1994 3686 79 34 dealt

1436 3732 71 33 with
1523 3732 148 42 emphasis
1686 3742 38 23 on
1735 3732 50 33 the
1806 3731 106 43 hearty
1934 3742 138 31 response

1437 3775 97 32 which
1547 3776 61 31 had
1627 3776 75 31 been
1726 3776 141 31 accorded
1891 3775 182 40 throughout

1437 3819 51 34 the
1503 3819 122 43 Empire
1649 3821 31 32 to
1703 3819 52 33 the
1778 3819 174 33 invitations
1975 3819 98 34 issued

1437 3867 31 28 to
1483 3865 67 30 take
1564 3867 66 37 part
1644 3864 32 31 in
1690 3864 50 31 the
1754 3864 124 40 display,
1891 3865 59 30 and
1961 3864 50 31 the
2023 3875 33 20 en-

1437 3906 156 34 thusiastic
1608 3906 59 34 and
1690 3906 159 34 successful
1870 3907 203 42 preparations

1438 3951 97 32 which
1563 3962 74 21 were
1665 3951 184 40 everywhere
1874 3954 44 28 set
1942 3962 38 21 on
2003 3951 69 31 foot.

1439 3994 47 33 He
1497 3994 140 42 specially
1647 3993 194 34 commended
1851 3996 31 31 to
1888 3994 51 33 the
1947 3994 127 40 Queen's

1438 4039 97 32 notice
1550 4038 51 33 the
1619 4038 105 42 hearty
1746 4038 201 42 co-operation
1971 4038 32 33 of
2024 4038 50 33 the

1438 4083 117 33 various
1570 4082 135 34 Colonial
1719 4082 218 34 Governments
1952 4082 58 33 and
2024 4083 50 33 the

1438 4128 73 40 deep
1526 4127 162 41 obligation
1708 4127 51 33 the
1783 4129 164 39 promoters
1971 4127 33 33 of
2024 4127 51 33 the

1439 4171 173 34 Eehibition
1626 4182 76 22 were
1716 4171 94 32 under
1823 4174 31 29 to
1869 4170 50 33 the
1942 4170 134 34 Colonial

1439 4215 214 32 Commissions
1669 4215 58 32 and
1746 4215 163 32 Executive
1932 4215 122 32 Commis-

1439 4259 122 32 sioners.
1623 4258 56 32 His
1707 4258 94 41 Royal
1829 4258 151 41 Highness
2008 4269 50 21 con-

1439 4302 104 34 cluded
1557 4302 73 33 with
1644 4313 18 21 a
1672 4302 76 42 hope
1759 4302 66 33 that
1840 4302 51 32 the
1903 4302 173 33 Exhioition

1439 4347 96 32 would
1549 4357 88 30 prove
1651 4347 51 32 the
1716 4356 103 23 means
1841 4347 32 31 of
1891 4347 185 40 stimulating

1439 4393 51 29 tne
1505 4389 188 33 commercial
1707 4389 137 33 interests
1855 4390 31 32 of
1895 4389 40 32 all
1945 4390 131 41 portions

1439 4435 33 31 of
1479 4434 51 32 the
1537 4434 113 32 British
1660 4434 177 32 dominions.
1881 4434 62 32 Her
1950 4434 126 41 Majesty

1439 4478 110 41 replied
1564 4478 59 30 and
1637 4478 64 31 said
1715 4477 66 32 that
1796 4477 52 32 she
1862 4487 60 21 was
1933 4477 143 41 sincerely

1439 4522 136 43 gratified
1586 4525 31 31 to
1626 4521 119 35 witness
1756 4521 50 35 the
1817 4521 158 35 successful
1984 4522 92 34 result

1439 4567 97 30 which
1550 4567 61 29 had
1636 4567 139 30 attended
1798 4567 51 30 the
1874 4567 147 31 exertions
2045 4568 31 30 of

1441 4608 50 33 the
1505 4608 106 33 Prince
1626 4608 32 33 of
1669 4608 100 33 Wales
1782 4619 7 29 ;
1811 4608 59 33 and
1893 4608 53 33 she
1971 4608 105 33 shared

1439 4654 47 30 his
1496 4654 200 39 expectations
1707 4664 31 19 as
1749 4656 29 29 to
1787 4654 50 30 the
1849 4654 125 31 benefits
1980 4653 96 32 which

1440 4697 96 33 would
1562 4708 103 22 accrue
1687 4696 76 34 from
1790 4695 51 35 the
1869 4695 206 44 undertaking,

1441 4742 59 31 and
1514 4742 96 40 hoped
1623 4742 24 30 it
1660 4742 98 31 would
1773 4742 61 32 also
1844 4742 75 31 have
1931 4742 50 32 the
1992 4742 84 32 effect

1441 4786 31 32 of
1484 4785 226 42 strengthening
1724 4785 51 33 the
1789 4785 51 32 the
1855 4785 78 33 bond
1945 4785 32 32 of
1984 4785 92 34 union

1440 4829 132 32 between
1587 4840 85 30 every
1686 4830 117 39 portion
1817 4829 33 32 of
1865 4829 55 32 her
1944 4829 131 40 Empire.

1442 4873 115 40 Special
1568 4873 102 32 stands
1679 4883 75 23 were
1765 4872 139 42 provided
1915 4873 44 33 for
1970 4872 88 34 Colon-

1440 4917 53 31 ists
1508 4916 88 41 along
1610 4917 50 31 the
1675 4919 83 29 route
1772 4916 90 32 taken
1876 4916 38 41 by
1937 4916 51 32 the
2011 4927 49 29 pro-

1440 4960 123 32 cession.
1606 4959 95 33 There
1715 4970 60 21 was
1789 4970 39 21 an
1842 4960 147 32 immense
2008 4970 51 23 aon-

1440 5014 102 21 course
1556 5003 33 32 of
1599 5004 103 39 people
1716 5004 59 30 and
1794 5003 50 31 the
1868 5006 127 38 pageant
2017 5014 59 21 was

1441 5047 32 33 of
1493 5057 16 21 a
1534 5049 78 31 most
1639 5046 133 34 brilliant
1799 5049 115 36 nature,
1943 5047 133 42 splendifl

1441 5090 129 32 weather
1584 5091 114 40 greatly
1706 5090 169 41 enhancing
1885 5092 38 30 its
1938 5101 124 22 success.

1563 5189 238 29 MATAKITAKI
1820 5190 131 29 NOTES.

1681 5280 182 33 Murchison,
1877 5280 64 28 29fch
1955 5281 84 36 April.

1475 5326 59 31 The
1553 5326 122 40 Country
1697 5326 53 31 still
1771 5327 120 31 remains
1912 5327 46 32 the
1980 5336 94 29 same;

1440 5377 37 18 no
1491 5377 50 18 one
1557 5368 73 31 dies,
1640 5377 75 18 some
1737 5377 46 18 are
1804 5367 77 34 born,
1902 5367 50 29 but
1972 5369 60 27 that
2052 5369 23 27 is

1442 5405 66 27 such
1522 5413 35 19 an
1571 5404 129 36 ordinary
1712 5409 81 23 event
1805 5404 62 28 that
1879 5414 36 19 no
1928 5414 51 19 one
1997 5406 77 27 takes

1442 5452 55 27 any
1517 5442 90 30 notice
1617 5442 147 30 whatever.
1812 5442 58 29 The
1883 5447 149 33 monotony
2047 5444 29 29 of

1442 5482 134 28 existence
1590 5481 89 29 would
1692 5481 112 29 become
1817 5481 102 29 almost
1938 5483 119 28 unendur-

1442 5519 69 34 able,
1524 5520 22 27 if
1557 5529 40 19 we
1611 5520 46 28 did
1669 5524 49 24 not
1730 5519 98 29 relieve
1839 5520 21 28 it
1870 5521 158 28 sometimes
2039 5520 35 37 by

1442 5558 122 36 libelling
1579 5567 49 20 our
1649 5557 183 38 neighbours;
1851 5559 30 28 of
1900 5567 92 21 course
2014 5559 61 29 that

1442 5597 23 29 is
1496 5597 46 30 the
1570 5598 53 28 last
1657 5597 79 36 thing
1774 5607 39 19 we
1845 5597 34 29 do
1918 5601 86 26 resort
2034 5602 38 31 to,

1442 5636 108 36 usually
1562 5646 40 17 we
1616 5637 64 35 only
1693 5636 68 36 keep
1773 5636 137 28 ourselves
1931 5636 94 37 posted
2046 5637 29 28 in

1442 5683 51 20 our
1521 5673 173 37 neighbours'
1724 5677 104 33 private
1856 5682 139 26 concerns,
2021 5675 54 28 and

1442 5716 110 32 present
1564 5713 58 27 him
1636 5712 66 28 with
1715 5722 16 18 a
1743 5712 70 28 little
1833 5712 30 28 of
1880 5712 47 28 the
1949 5722 108 19 accumu-

1442 5750 73 28 lated
1534 5750 115 28 wisdom
1671 5755 48 22 not
1738 5750 125 35 required
1884 5750 42 28 for
1944 5759 50 19 our
2014 5759 61 19 own

1443 5788 107 35 affairs;
1570 5788 48 28 but
1631 5791 147 30 somehow,
1792 5787 21 28 it
1826 5791 74 25 must
1910 5787 31 29 be
1950 5788 71 28 from
2030 5788 46 29 the

1442 5827 128 29 inherent
1579 5826 169 38 ingratitude
1760 5826 31 28 of
1800 5826 105 28 human
1922 5831 105 27 nature,
2042 5827 34 29 he

1442 5875 84 21 never
1538 5869 45 36 yet
1596 5866 50 30 has
1659 5865 120 31 thanked
1794 5874 31 21 us
1846 5875 30 20 as
1900 5875 36 21 we
1956 5865 119 37 imagine

2097 222 40 17 we
2154 211 116 28 deserve.
2309 210 61 28 Still
2384 219 40 18 we
2437 219 139 27 persevere
2591 209 54 29 and
2667 209 65 37 only

2098 250 70 37 hope
2193 250 60 27 that
2274 249 82 28 when
2378 258 39 18 we
2438 258 43 18 are
2506 257 69 26 gone
2596 253 28 24 to
2673 249 59 28 that

2099 289 102 28 bourne
2231 288 113 28 whence
2373 296 35 19 no
2439 287 127 29 traveller

2099 328 60 27 that
2173 328 33 27 he
2220 326 54 28 will
2288 331 71 23 erect
2372 336 16 17 a
2401 329 89 25 statue
2505 330 27 24 to
2545 335 49 18 our
2607 335 125 26 memory

2098 366 28 28 in
2135 375 16 19 a
2161 366 156 37 promiuent
2328 364 75 37 place
2414 373 48 28 say
2473 373 34 19 on
2518 363 45 29 the
2575 364 51 28 Old
2634 365 98 36 Stump

2098 405 28 27 in
2138 406 72 26 front
2218 405 27 27 of
2254 404 45 28 the
2309 403 182 28 Commercial
2500 403 93 28 Hotel.
2632 404 82 35 Speak-

2099 443 46 36 ing
2158 443 29 28 of
2198 443 45 27 the
2257 441 52 29 Old
2323 442 107 35 Stump,
2445 439 14 30 I
2472 450 115 28 suppose
2602 442 59 28 that
2671 444 61 25 how

2100 483 21 28 it
2134 483 54 27 will
2203 491 66 19 soon
2281 481 32 29 be
2326 480 138 33 removed,
2478 491 29 18 as
2523 490 49 20 our
2587 481 146 29 councillor

2100 521 49 26 has
2173 521 68 26 after
2269 519 82 28 much
2377 520 130 29 exertion,
2533 519 148 28 succeeded
2705 521 26 26 in

2100 558 104 36 getting
2217 567 15 18 a
2246 557 117 36 promise
2384 554 30 30 of
2433 566 15 18 a
2470 561 79 31 grant
2571 560 27 24 to
2622 563 111 22 convert

2100 597 46 27 the
2160 600 109 34 present
2281 595 70 37 pack
2365 594 76 30 track
2453 596 58 27 into
2525 605 15 19 a
2559 595 69 37 dray
2649 595 66 28 road
2727 605 6 24 ;

2100 635 65 27 then
2180 636 82 26 won't
2278 643 39 18 we
2327 644 33 23 go
2373 635 21 25 it
2405 643 34 18 on
2451 643 49 18 our
2511 634 109 32 sulkies,
2631 635 102 27 several

2101 672 44 28 old
2168 672 122 28 Dobbins
2312 681 45 19 are
2377 671 42 28 for
2439 672 55 27 sale
2518 672 120 34 already,
2664 672 69 28 their

2102 711 73 38 place
2190 716 27 25 to
2231 711 31 29 be
2276 710 73 30 filled
2364 710 35 38 by
2410 710 202 39 thoroughbred
2624 711 109 29 Yankee

2102 756 118 22 trotters.

2137 789 13 28 I
2164 796 115 29 suppose
2304 787 60 30 that
2388 796 40 20 we
2455 787 97 29 should
2577 796 33 27 go
2636 787 97 30 frantic

2102 827 139 37 lejoicing,
2255 836 61 19 now
2328 827 61 28 that
2402 827 45 28 the
2462 827 124 36 Railway
2605 827 130 29 Contract

2103 865 22 28 is
2144 875 35 18 an
2201 864 202 36 accomplished
2426 865 73 32 fact;
2518 865 54 28 like
2594 874 49 19 our
2664 865 69 35 good

2104 904 56 29 folk
2184 904 29 29 of
2222 904 124 33 Reefton,
2360 903 55 29 and
2428 903 65 30 then
2509 904 88 37 coolly
2619 904 48 29 ask
2689 904 45 29 the

2103 943 114 28 Council
2227 947 27 23 to
2265 952 53 26 pay
2331 942 46 28 the
2387 942 70 29 little
2467 952 75 19 score
2554 952 6 25 ;
2579 944 155 36 personally

2107 983 11 26 [
2132 992 44 18 am
2191 991 64 27 very
2268 980 115 29 dubious
2396 991 29 18 as
2439 985 27 24 to
2483 982 45 28 the
2552 982 54 28 line
2626 982 109 33 coming

2104 1020 78 29 down
2201 1020 47 28 the
2271 1019 94 28 Buller
2385 1029 30 18 or
2438 1020 172 35 Matakitaki,
2634 1021 49 27 but
2707 1025 28 24 to

2104 1069 47 28 say
2164 1059 68 29 that,
2247 1057 30 30 of
2286 1067 94 20 course
2392 1060 23 26 is
2427 1058 69 29 rank
2512 1059 103 38 heresy.
2653 1060 14 28 I
2681 1069 54 19 was

2104 1107 34 27 up
2152 1098 46 28 the
2212 1098 69 27 river
2293 1097 84 28 about
2389 1098 34 27 20
2434 1098 80 27 miles
2526 1098 47 27 the
2584 1098 78 28 other
2673 1098 61 36 day,

2103 1135 54 28 and
2182 1135 45 28 the
2249 1139 116 32 country
2385 1135 143 35 decidedly
2549 1136 83 29 needs
2657 1137 61 27 sand-

2102 1173 130 39 papering
2260 1182 32 19 or
2319 1172 157 36 something
2505 1174 81 36 doing
2616 1177 28 26 to
2666 1174 22 28 it
2708 1179 28 23 to

2103 1212 107 29 smooth
2222 1212 21 28 it
2252 1211 89 29 down.
2380 1211 137 37 Speaking
2526 1212 31 29 of
2565 1212 44 29 the
2615 1212 120 37 railway,

2102 1252 110 27 alluvial
2222 1250 54 28 and
2286 1251 79 27 other
2375 1250 101 28 miners
2487 1251 98 28 should
2596 1252 139 27 interview

2100 1289 71 29 their
2183 1288 147 36 respective
2342 1288 145 34 members,
2501 1289 55 27 and
2569 1298 53 23 see,
2636 1288 59 28 that
2717 1288 20 27 if

2100 1328 47 28 the
2159 1326 65 30 land
2237 1326 24 29 is
2274 1330 27 25 to
2313 1326 33 29 be
2358 1326 83 36 given
2453 1326 42 28 for
2507 1328 186 34 constructing
2706 1326 29 33 it,

2102 1366 59 30 that
2173 1366 47 29 the
2234 1365 73 37 right
2326 1372 28 22 to
2376 1365 46 36 dig
2442 1365 173 29 unmolested
2638 1365 98 29 should

2102 1406 30 28 he
2147 1404 111 29 secured
2281 1408 27 25 to
2332 1404 75 29 them
2428 1413 29 20 as
2476 1404 22 29 it
2516 1405 23 28 is
2560 1407 29 26 at
2610 1408 127 33 preseut;

2101 1453 29 18 as
2142 1445 21 26 it
2177 1443 90 28 would
2281 1443 31 28 be
2325 1451 16 19 a
2354 1442 122 28 national
2496 1443 131 35 calamity
2648 1441 24 28 if
2690 1442 47 29 the

2101 1490 136 28 company
2249 1480 117 36 charged
2378 1489 16 18 a
2405 1479 90 37 heavy
2505 1480 109 36 royalty
2625 1489 35 18 on
2670 1480 66 28 each

2101 1520 90 31 claim,
2217 1528 29 20 as
2270 1528 55 28 you
2351 1527 65 27 may
2439 1517 33 30 be
2499 1527 61 20 suie
2586 1518 61 29 that
2672 1518 65 38 they

2102 1560 89 27 would
2205 1559 33 28 do
2252 1558 80 28 when
2345 1558 46 28 the
2405 1557 64 29 land
2491 1567 56 19 was
2570 1558 80 29 made
2673 1568 64 19 over

2101 1602 27 22 to
2141 1601 37 29 it;
2197 1598 21 26 it
2231 1596 91 28 would
2335 1597 66 26 then
2414 1596 32 27 be
2459 1594 109 36 beyond
2581 1596 47 28 the
2645 1606 92 26 power

2100 1634 30 30 of
2151 1634 47 30 the
2223 1634 189 29 Government
2436 1638 28 24 to
2488 1633 137 33 interfere.
2678 1634 59 28 The

2102 1674 94 28 Grand
2210 1673 52 29 Old
2276 1673 89 28 Mau's
2378 1682 46 27 cry
2437 1672 61 29 that
2511 1682 40 19 we
2573 1683 45 19 are
2640 1673 97 33 selling

2101 1713 46 27 the
2160 1711 148 34 birthright
2320 1711 31 28 of
2360 1711 132 36 posterity
2511 1711 41 28 for
2573 1720 16 19 a
2610 1720 73 19 mess
2708 1711 29 29 of

2101 1754 118 34 pottage,
2233 1750 23 28 is
2269 1749 93 29 rather
2378 1749 128 37 amusing
2526 1749 80 29 when
2629 1759 108 28 anyone

2101 1798 90 19 comes
2199 1793 28 24 to
2236 1798 43 19 see
2287 1787 46 30 the
2340 1792 127 32 country,
2476 1797 30 18 as
2515 1791 74 25 most
2599 1788 138 36 impartial

2101 1827 140 30 travelers
2254 1826 90 28 would
2358 1835 48 25 say
2420 1826 60 28 that
2492 1826 47 28 the
2552 1834 73 20 mess
2644 1835 56 19 was
2723 1836 14 18 a

2101 1874 64 27 very
2178 1864 64 28 dear
2254 1864 72 37 price
2340 1866 28 25 to
2380 1873 65 26 pay.
2490 1862 35 29 In
2547 1862 86 35 short,
2655 1863 23 29 if
2693 1864 44 28 Mr

2102 1903 135 37 Posterity
2265 1904 90 28 wants
2385 1901 44 30 his
2452 1901 149 37 birthright
2624 1901 35 31 he
2683 1901 54 30 had

2100 1942 86 29 better
2201 1951 78 19 come
2301 1941 54 29 and
2379 1941 63 29 take
2466 1942 22 28 it
2511 1950 79 28 away
2615 1951 30 19 as
2669 1941 22 29 it
2714 1942 23 29 is

2100 1986 72 23 most
2185 1980 201 37 confoundedly
2398 1981 29 27 in
2441 1980 47 29 the
2506 1989 58 28 way
2578 1980 30 29 of
2619 1980 102 30 locomo-

2100 2021 66 26 tion.

2135 2056 59 30 The
2206 2056 168 39 approaches
2386 2060 29 26 to
2427 2056 47 30 the
2486 2056 80 30 horse
2579 2056 94 37 bridge
2692 2065 45 21 are

2100 2096 56 30 still
2178 2096 91 30 where
2281 2095 66 38 they
2368 2095 101 36 where,
2490 2095 60 30 that
2572 2095 23 30 is
2616 2105 57 20 non
2685 2098 48 28 est.

2100 2136 51 28 We
2163 2145 71 19 were
2247 2135 36 27 all
2293 2135 119 35 joyfully
2425 2135 143 36 expecting
2587 2135 62 28 that
2671 2135 66 36 they

2100 2182 70 18 were
2185 2176 26 23 to
2224 2172 33 27 be
2269 2172 103 27 started
2386 2172 74 32 right
2472 2171 46 33 off,
2537 2171 49 28 but
2607 2172 22 27 it
2650 2181 88 18 seems

2100 2210 62 29 that
2185 2209 47 30 the
2257 2210 188 29 Government
2469 2209 138 37 Engiueer
2632 2209 51 30 has
2707 2213 29 26 to

2100 2258 78 19 come
2203 2248 55 28 and
2291 2257 99 27 survey
2413 2248 56 27 and
2493 2251 92 33 report
2617 2256 36 20 on
2690 2248 48 29 the

2100 2286 136 38 necessity
2249 2286 30 30 of
2287 2288 48 29 the
2347 2285 84 37 work,
2446 2285 54 31 and
2521 2286 24 30 if
2563 2286 21 30 it
2606 2286 130 39 proceeds

2100 2327 68 27 with
2180 2326 63 27 that
2255 2326 155 35 lightening
2430 2326 113 35 celerity
2564 2326 62 28 that
2650 2328 69 25 main-

2100 2363 73 31 tains
2185 2363 30 30 in
2227 2362 37 31 all
2277 2362 90 39 public
2380 2362 98 35 works,
2495 2372 40 21 we
2558 2371 66 30 may
2644 2366 95 34 expect

2100 2406 29 26 to
2142 2413 43 19 see
2198 2404 22 27 it
2237 2402 193 32 arrive—well,
2452 2402 37 36 by
2511 2401 47 31 the
2579 2411 76 21 same
2677 2402 61 38 ship

2102 2441 60 28 that
2174 2441 93 35 brings
2281 2444 47 25 out
2340 2440 47 28 the
2400 2439 121 37 railway.

2516 2477 76 38 Quid
2610 2477 92 31 Nunc.

2190 2561 147 35 OPEN
2392 2561 256 35 COLUMN.

2222 2644 112 29 OWEN
2354 2644 124 30 REEFS
2498 2644 110 30 ROAD.

2120 2721 44 39 [to
2182 2730 57 21 the
2258 2730 103 21 editor
2380 2731 33 20 of
2432 2731 55 21 the
2507 2731 88 21 lyell
2613 2722 110 40 times].

2138 2770 57 31 Sir,
2199 2770 69 27 —In
2289 2778 70 28 your
2383 2771 71 28 issue
2479 2770 30 28 of
2529 2770 78 37 April
2631 2771 64 28 24th
2721 2771 15 28 I

2103 2808 110 29 observe
2236 2818 15 19 a
2274 2809 80 28 letter
2374 2818 30 18 re
2418 2808 77 29 Road
2508 2812 28 25 to
2555 2810 87 28 Owen
2656 2810 80 29 Reefs

2102 2846 95 35 signed
2245 2847 84 28 Owen
2521 2848 35 28 In
2580 2848 23 28 it
2627 2848 35 28 he
2688 2858 31 27 up-

2102 2884 79 29 holds
2205 2885 104 29 certain
2338 2885 85 29 views
2449 2886 143 35 expressed
2623 2895 34 20 on
2689 2887 46 29 the

2102 2923 105 34 subject
2232 2923 36 33 by
2293 2932 69 26 your
2386 2923 100 36 special
2514 2924 221 35 correspondent,

2101 2959 57 30 and
2178 2959 93 29 rather
2283 2959 133 30 redicules
2533 2961 144 37 expressed
2700 2962 35 36 by

2133 2998 59 28 Vox
2365 2998 45 29 He
2423 2999 101 28 admits
2536 2998 35 29 he
2590 2999 23 28 is
2632 3009 37 18 no
2688 3010 31 18 en-

2103 3035 100 38 gineer,
2216 3036 91 29 which
2321 3036 15 28 I
2348 3039 89 33 grant,
2450 3036 50 29 but
2516 3036 90 38 prides
2624 3037 115 30 himself

2103 3085 35 19 on
2160 3076 155 36 possessing
2337 3085 130 20 common
2491 3085 86 26 sense,
2602 3086 17 19 a
2639 3076 56 31 fact
2721 3077 14 29 I

2103 3114 84 29 doubt
2217 3124 65 27 very
2312 3114 94 33 much,
2442 3115 42 29 for
2519 3116 47 28 the
2596 3116 140 36 following

2102 3161 111 19 reasons
2225 3160 5 20 :
2251 3153 44 28 He
2309 3162 62 27 says
2383 3153 47 28 the
2444 3153 107 37 mining
2564 3156 171 35 community

2103 3190 141 37 generally
2265 3191 57 27 will
2334 3191 33 27 be
2380 3191 154 36 prejudiced
2547 3191 35 37 by
2603 3192 46 28 the
2668 3193 67 28 road

2103 3229 81 36 going
2204 3229 47 29 the
2272 3229 132 38 Maggie's
2428 3229 86 30 Creek
2538 3234 87 25 route.
2662 3231 74 29 Take

2104 3269 41 28 for
2165 3278 16 19 a
2200 3269 117 36 starting
2337 3268 77 37 point
2435 3268 47 29 the
2500 3269 127 36 junction
2649 3269 30 30 of
2689 3270 46 29 the

2104 3307 84 28 Owen
2202 3306 84 29 Iliver
2298 3306 65 29 with
2377 3306 46 29 the
2444 3307 102 28 Buller.
2583 3307 84 30 From
2681 3308 57 29 this

2104 3345 77 37 point
2202 3348 28 26 to
2253 3344 46 31 the
2319 3345 127 38 junction
2459 3345 30 30 of
2504 3345 133 38 Maggie's
2650 3346 87 31 Creek

2105 3384 66 30 with
2194 3384 46 30 the
2263 3385 85 30 Owen
2369 3386 23 28 is
2414 3386 40 28 six
2475 3386 79 29 miles
2575 3386 54 29 and
2651 3386 91 30 a-half

2104 3424 74 36 long,
2208 3424 24 29 if
2253 3424 46 29 the
2324 3428 57 25 east
2406 3425 73 28 bank
2502 3426 24 27 is
2550 3425 120 30 adhered
2699 3430 37 25 to.

2105 3463 84 29 From
2202 3462 46 31 the
2258 3463 126 37 junction
2397 3462 30 31 of
2436 3463 47 30 the
2505 3464 87 29 Owen
2610 3465 67 29 with
2691 3466 47 29 the

2105 3502 95 28 Buller
2220 3505 29 25 to
2270 3502 90 28 where
2373 3502 47 29 the
2432 3511 61 20 new
2506 3502 76 29 track
2600 3504 74 35 joins
2692 3504 46 29 the

2106 3540 83 28 coach
2209 3539 68 29 road
2295 3539 24 29 is
2331 3543 54 25 two
2398 3539 56 29 and
2470 3540 91 28 a-half
2574 3540 89 35 miles,
2684 3542 55 28 and

2105 3579 71 29 from
2197 3577 99 30 thence
2309 3581 27 26 to
2350 3578 47 30 the
2412 3579 126 36 junction
2556 3579 30 29 of
2606 3580 133 37 Maggie's

2107 3617 85 28 Creek
2223 3617 64 28 with
2319 3617 47 28 the
2396 3617 86 28 Owen
2508 3618 23 27 is
2561 3617 60 29 four
2651 3620 86 27 miles.

2107 3655 150 36 Obviously
2279 3655 47 28 the
2345 3659 54 25 two
2420 3655 81 29 roads
2520 3665 46 19 are
2592 3657 47 28 the
2663 3666 76 19 same

2106 3693 94 39 length
2214 3693 71 29 from
2298 3693 46 29 the
2357 3693 82 38 given
2457 3694 117 38 starting
2591 3695 86 36 point,
2691 3695 49 30 but

2107 3733 62 30 who
2181 3732 92 30 would
2285 3736 49 25 not
2346 3733 87 29 travel
2445 3733 41 29 for
2504 3742 76 20 more
2594 3734 68 29 than
2674 3744 48 19 one-

2107 3772 75 28 third
2206 3774 47 26 the
2279 3771 121 29 distance
2421 3780 37 20 on
2482 3780 16 19 a
2522 3772 70 28 hard
2609 3773 129 28 metalled

2107 3808 67 30 road
2211 3808 108 30 instead
2357 3808 31 30 of
2415 3818 17 20 a
2469 3817 60 21 new
2562 3808 70 31 bush
2662 3810 76 29 road.

2110 3848 143 37 Secondly,
2284 3848 34 28 he
2348 3848 100 29 admits
2480 3848 47 29 the
2557 3857 127 28 presence
2713 3850 30 28 of

2108 3887 102 27 certain
2240 3886 89 27 bluffs.
2367 3886 14 27 I
2411 3886 134 27 maintain
2571 3887 61 27 that
2662 3887 76 28 three

2108 3923 81 30 bluffs
2213 3923 90 31 would
2327 3923 70 30 have
2417 3928 28 25 to
2469 3923 33 30 be
2526 3924 214 35 circumvented,

2108 3972 49 19 a<.r
2164 3963 100 35 jgately
2294 3963 163 36 amounting
2488 3966 28 25 to
2545 3972 16 18 a
2590 3963 66 28 mile
2686 3964 54 27 and

2110 4001 89 28 a-half
2207 4001 30 28 in
2249 4000 105 37 length,
2374 4000 55 28 and
2447 4000 91 36 surely
2558 4003 30 26 to
2606 4000 134 36 goodness

2109 4048 41 20 we
2175 4039 55 29 had
2254 4040 157 36 experience
2435 4038 108 37 enough
2568 4038 53 30 laßt
2644 4040 98 28 winter

2111 4086 36 21 on
2172 4078 46 29 the
2242 4077 94 30 Buller
2359 4077 66 30 road
2449 4080 28 27 to
2499 4077 82 30 make
2604 4087 33 19 us
2660 4078 82 29 avoid

2110 4116 129 37 sidelings
2251 4126 30 19 as
2293 4116 83 30 much
2390 4126 30 20 as
2437 4116 125 37 possible.
2600 4117 140 37 Certainly

2110 4155 47 29 the
2187 4155 66 29 road
2277 4164 102 20 crosses
2403 4155 46 29 the
2476 4155 72 29 river
2576 4155 61 29 four
2661 4155 81 29 times

2111 4193 98 29 within
2234 4203 15 19 a
2272 4193 64 29 mile
2359 4193 29 29 of
2407 4194 46 28 the
2474 4193 77 35 reefs,
2571 4193 50 30 but
2639 4203 31 19 as
2695 4194 47 30 the

2111 4233 84 27 Owen
2209 4232 105 27 derives
2326 4235 71 24 most
2411 4233 29 27 of
2449 4232 35 27 its
2502 4235 97 24 waters
2611 4232 71 29 from
2695 4232 47 29 the

2112 4269 148 29 Left-hand
2284 4269 102 28 branch
2419 4269 56 29 and
2506 4269 117 37 Granity
2646 4269 94 35 Creek,

2113 4308 65 29 both
2198 4309 30 28 of
2246 4308 90 29 which
2358 4306 48 31 fall
2418 4308 59 29 into
2496 4307 47 30 the
2562 4308 84 29 Owen
2666 4308 76 29 three

2112 4348 78 27 miles
2203 4348 86 27 below
2302 4347 76 28 these
2392 4347 144 37 crossings,
2545 4356 35 19 no
2590 4357 51 18 one
2651 4348 91 27 would

2112 4385 33 27 be
2157 4385 149 36 prevented
2325 4385 70 27 from
2416 4386 121 34 crossing
2555 4384 30 28 in
2597 4395 16 17 a
2625 4385 73 28 fresh
2712 4394 30 20 so

2112 4422 67 38 high
2193 4432 35 29 up
2242 4422 46 30 the
2301 4424 79 28 river.
2416 4422 38 30 As
2466 4422 111 36 regards
2599 4422 46 30 the
2658 4423 84 37 grade

2112 4462 30 27 of
2164 4461 45 28 the
2234 4461 102 33 saddle,
2361 4470 35 19 on
2421 4461 47 29 the
2494 4461 131 36 Maggie's
2655 4462 86 28 Creek

2112 4504 86 29 route,
2213 4500 14 27 I
2240 4508 65 28 may
2317 4499 101 29 inform
2431 4499 47 30 the
2526 4499 84 29 Owen
2625 4499 89 30 Miner

2099 4538 1 48 (
2112 4540 61 29 that
2185 4540 14 29 I
2213 4539 46 30 did
2272 4543 49 26 not
2334 4538 93 31 obtain
2447 4548 49 28 my
2515 4539 178 30 information
2706 4549 36 20 on

2113 4579 59 26 that
2185 4587 74 17 score
2272 4577 36 35 by
2319 4577 104 35 merely
2435 4577 120 35 walking
2575 4587 64 18 over
2659 4579 32 31 it,
2712 4588 30 17 as

2112 4614 34 29 he
2159 4624 92 19 avows
2263 4613 34 30 he
2310 4613 128 30 obtained
2458 4614 42 28 his
2522 4623 30 19 as
2572 4614 111 36 regards
2695 4614 47 29 the

2112 4654 71 27 river
2206 4653 86 33 track,
2317 4653 49 28 but
2387 4652 14 28 I
2425 4657 45 32 got
2495 4653 47 27 the
2563 4653 179 28 information

2111 4690 72 30 from
2207 4690 46 30 the
2277 4690 158 38 gentleman
2461 4690 63 29 who
2549 4690 133 38 surveyed
2711 4691 31 36 it,

2112 4741 29 19 so
2164 4730 13 28 I
2199 4740 126 28 presume
2346 4731 22 29 it
2387 4731 22 28 is
2429 4734 110 26 correct.
2576 4731 38 27 As
2632 4730 111 37 regards

2112 4769 47 29 the
2171 4769 101 36 gravel,
2294 4769 66 33 also,
2381 4768 35 29 he
2430 4777 63 28 says
2505 4769 35 28 he
2561 4767 47 29 did
2628 4772 50 25 not
2698 4777 44 20 see

2112 4817 55 27 any
2187 4807 62 29 hole
2262 4807 71 29 sunk
2344 4807 43 28 for
2397 4808 31 33 it,
2442 4808 54 32 &c.,
2519 4807 15 28 I
2555 4807 97 35 gather
2672 4811 69 25 Irom

2112 4845 43 28 his
2178 4845 90 28 words
2288 4845 35 28 he
2345 4848 75 25 must
2441 4845 32 28 be
2491 4854 17 19 a
2526 4854 62 19 new
2607 4845 84 28 chum
2715 4849 28 24 at

2113 4883 46 30 the
2171 4883 134 34 business,
2318 4883 41 29 for
2371 4883 22 29 it
2404 4883 24 29 is
2446 4887 48 25 not
2512 4892 144 28 necessary
2668 4887 28 25 to
2709 4893 34 27 go

2112 4925 28 25 to
2153 4922 46 28 the
2211 4921 105 29 trouble
2334 4922 30 29 of
2379 4921 110 34 sinking
2501 4930 16 18 a
2529 4921 62 27 hole
2602 4929 7 25 ;
2628 4930 37 18 an
2682 4922 61 28 iron

2112 4960 48 28 bar
2172 4959 56 29 will
2236 4959 34 29 do
2281 4958 103 38 equall)
2399 4968 29 20 as
2436 4958 71 30 well.
2543 4958 34 28 In
2588 4958 155 30 conclusion

2113 4998 14 26 I
2141 5007 63 26 may
2216 4998 54 27 add
2282 4998 62 27 that
2355 5007 30 17 as
2397 4997 35 28 he
2440 4997 101 28 admits
2552 4997 103 36 having
2663 4998 80 27 made

2112 5035 49 30 but
2173 5035 69 30 little
2256 5043 65 21 over
2341 5034 103 34 tucker,
2463 5034 43 29 for
2525 5034 46 30 the
2592 5035 52 28 last
2665 5035 77 29 three

2112 5084 31 19 or
2166 5075 60 28 four
2248 5083 90 27 years,
2363 5078 29 24 at
2415 5074 47 28 the
2486 5073 112 28 alluvial
2629 5083 36 18 on
2695 5075 47 28 the

2112 5112 93 32 Owen,
2230 5111 61 29 that
2314 5111 55 28 fact
2389 5111 68 36 fully
2480 5115 129 24 accounts
2631 5111 42 28 for
2697 5111 44 28 his

2111 5150 127 37 inability
2261 5154 29 25 to
2315 5149 153 38 appreciate
2489 5149 77 29 facts.
2611 5149 15 28 I
2650 5149 92 30 would

2110 5189 93 28 advise
2217 5189 58 28 him
2289 5189 29 28 in
2331 5189 47 28 the
2397 5189 90 27 future
2507 5192 28 24 to
2554 5188 47 35 lay
2621 5188 48 28 the
2689 5198 54 27 pen

2112 5238 35 19 on
2168 5227 46 30 the
2237 5226 73 31 shelf
2329 5226 55 31 and
2405 5226 70 31 stick
2496 5230 28 27 to
2537 5225 46 31 the
2605 5226 63 39 pick
2689 5226 55 31 and

2112 5268 102 28 shovel.
2216 5268 50 27 —I
2279 5277 55 23 am,
2348 5268 55 31 &c.,

2514 5302 62 29 Vox
2595 5303 113 30 Populi,

2145 5343 85 31 Owen
2244 5343 92 36 River,
2350 5341 77 39 April
2439 5341 76 37 26th,
2529 5343 76 30 1886.

2214 5430 122 30 NOTES
2355 5429 106 29 FROM
2480 5428 160 30 NELSON.

2181 5518 83 36 (from
2277 5524 56 21 our
2345 5524 61 20 own
2420 5514 252 36 correspondent.)

2257 5601 156 22 insurance
2433 5600 163 21 companies.

2146 5634 29 28 If
2184 5633 47 29 the
2239 5633 117 28 number
2364 5632 29 28 of
2401 5632 149 28 Insurance
2559 5630 184 30 Associations

2110 5672 30 28 in
2152 5672 56 28 this
2232 5671 106 35 Colony
2350 5679 45 19 are
2420 5679 15 18 a
2448 5669 80 35 guide
2540 5676 6 25 ;
2566 5677 40 19 we
2630 5677 46 19 are
2698 5668 46 28 the

2111 5715 73 25 most
2212 5708 144 35 provident
2386 5707 96 37 people
2512 5716 36 19 on
2578 5705 56 30 this
2656 5706 87 28 earth.

2110 5750 73 31 Fire,
2197 5748 117 32 Marine,
2328 5746 68 32 Life,
2405 5745 131 28 Accident
2545 5745 71 26 have
2625 5745 36 26 all
2671 5744 73 27 their

2110 5785 226 39 representatives
2345 5786 29 26 to
2382 5782 111 39 provide
2502 5782 107 36 against
2616 5781 128 37 probable

2110 5826 63 33 loss,
2187 5824 63 34 and,
2261 5823 115 37 judging
2397 5821 36 37 by
2454 5821 48 29 the
2521 5820 113 39 palatial
2655 5820 89 29 offices

2111 5864 65 36 they
2202 5867 81 29 erect,
2308 5861 46 29 the
2378 5860 117 29 number
2519 5860 29 30 of
2569 5862 94 36 agents
2688 5859 55 30 and

2772 220 156 22 canvassers
2942 213 66 38 they
3022 215 109 37 employ
3142 216 52 28 and
3206 216 46 28 the
3262 215 142 29 dividends

2773 251 64 36 they
2848 261 54 28 pay
2915 252 66 37 they
2993 260 73 22 must
3076 255 36 27 all
3120 252 32 30 be
3162 254 83 35 doing
3256 265 15 17 a
3282 254 122 37 thriving

2769 289 132 30 business.
2924 291 165 30 Sometimes
3096 293 167 28 endeavours
3272 302 45 20 are
3324 293 80 28 made

2769 328 35 36 by
2818 329 71 28 their
2902 329 95 29 clients
3009 334 29 24 to
3050 336 45 28 get
3107 340 33 19 on
3155 332 47 27 the
3224 331 53 29 soft
3298 330 58 30 side
3378 333 29 27 of

2769 367 86 33 them,
2872 376 30 20 as
2924 369 109 28 witness
3060 369 44 30 Mr
3126 370 144 29 Howard's
3294 371 110 28 severed

2771 406 72 28 hand
2857 406 71 29 trick
2942 416 15 19 a
2976 407 50 28 few
3049 409 111 28 months
3180 418 59 26 ago.
3284 407 45 30 He
3350 419 56 18 was

2770 444 104 28 howled
2887 449 64 28 out;
2971 445 48 29 but
3032 449 66 34 Very
3118 447 75 28 ofteu
3216 456 16 19 a
3254 447 152 36 struggling

2769 482 113 30 colonist
2895 484 23 28 is
2930 484 114 32 enabled
3058 485 35 37 by
3106 486 45 29 the
3173 495 147 20 occurence
3341 486 31 29 of
3389 496 16 19 a

2770 521 47 27 tire
2832 526 27 23 at
2872 532 16 17 a
2896 526 162 25 convenient
3074 524 66 28 time
3153 529 27 23 to
3191 525 81 27 make
3283 534 15 18 a
3309 526 95 26 decent

2770 564 67 23 start
2849 560 28 27 in
2895 560 44 28 life
2957 566 47 22 out
3017 564 25 24 of
3058 561 147 28 Insurance
3220 562 89 28 funds.
3346 562 58 28 The

2770 597 118 37 iniquity
2901 599 28 27 iu
2943 598 75 29 these
3031 608 75 19 cases
3119 599 64 29 does
3197 608 50 20 not
3258 601 101 28 consist
3377 601 26 27 in

2771 635 137 35 initiating
2930 646 30 17 or
2983 637 129 35 assisting
3136 638 47 28 the
3208 639 196 35 conflagration

2771 674 46 27 but
2832 674 27 27 in
2871 676 104 34 getting
2984 675 83 28 found
3076 681 55 27 out,
3140 676 54 28 and
3201 677 46 28 the
3256 678 150 35 struggling

2771 713 113 29 colonist
2897 714 139 37 generally
3049 714 120 38 displays
3182 723 45 21 too
3241 716 81 29 much
3335 715 53 30 fore-

2771 752 118 29 thought
2919 757 27 23 to
2978 753 74 28 leave
3082 764 54 25 auy
3167 754 84 28 direct
3276 755 127 27 evidence

2771 788 99 30 behind
2884 789 58 29 him
2956 790 79 29 when
3050 790 33 29 he
3107 796 90 24 enters
3220 792 56 28 into
3299 791 67 29 such
3390 801 13 19 a

2771 828 175 37 speculation.
3001 830 57 27 The
3089 830 165 36 Companies
3279 830 28 29 in
3333 831 71 28 their

2771 867 110 36 anxiety
2903 872 26 23 to
2951 867 34 28 do
3008 867 123 28 business
3145 877 44 19 are
3211 873 48 23 not
3280 877 65 28 very
3366 870 26 26 in-

2771 905 125 37 quisitive
2905 915 30 20 as
2943 911 27 24 to
2980 905 46 31 the
3036 906 78 29 value
3122 906 30 29 of
3159 907 111 29 assured
3279 912 127 33 property

2772 944 121 28 whether
2907 946 70 31 Fire,
2994 945 57 27 Life
3064 954 31 19 or
3109 946 114 32 Marine,
3238 947 55 26 and
3305 947 22 27 it
3345 947 23 27 is
3389 956 15 17 a

2771 987 56 24 sort
2839 983 30 28 of
2876 984 57 35 just
2946 983 161 28 retribution
3118 983 90 28 which
3224 983 182 37 occasionally

2771 1021 141 28 overtakes
2924 1022 77 27 them
3022 1022 81 27 when
3125 1022 66 35 they
3211 1022 70 27 have
3302 1027 29 23 to
3353 1032 53 27 pay

2772 1064 47 24 out
2832 1069 49 27 say
2895 1060 74 28 £SOO
2980 1060 42 28 for
3034 1069 16 19 a
3062 1058 83 30 burnt
3157 1063 49 26 out
3227 1063 105 33 cottage
3354 1060 53 29 and

2771 1098 136 28 furniture
2920 1098 89 28 which
3022 1098 90 28 would
3125 1098 71 28 have
3209 1098 67 28 been
3298 1100 65 27 dear
3380 1105 27 22 at

2776 1136 80 26 £2OO.

2808 1174 55 27 But
2898 1172 68 29 with
3005 1172 48 28 the
3089 1173 133 28 Accident
3258 1173 150 29 Insurance

2773 1211 170 29 Association
2955 1211 22 28 it
2986 1209 23 30 is
3019 1209 133 31 different.
3189 1211 82 30 Their
3281 1211 125 30 business

2773 1249 126 36 partakes
2910 1259 77 18 more
2999 1249 30 28 of
3037 1260 17 17 a
3066 1250 141 35 gambling
3219 1255 97 24 nature
3342 1251 66 29 than

2773 1288 47 27 the
2834 1287 109 34 others;
2962 1287 91 28 which
3067 1296 45 20 are
3125 1288 81 28 based
3220 1297 73 27 upon
3304 1289 102 28 certain

2773 1325 151 29 calculated
2931 1325 196 38 probabilities.
3158 1327 67 28 This
3234 1327 171 29 Association

2773 1364 75 36 gives
2858 1364 66 37 long
2939 1364 68 28 odds
3030 1365 108 35 against
3161 1374 17 20 a
3201 1375 64 19 man
3290 1367 120 36 meeting

2774 1403 65 28 with
2853 1403 91 36 injury
2957 1412 31 19 or
3000 1403 82 29 death
3096 1404 36 37 by
3145 1404 132 30 accident.
3316 1406 54 28 For
3394 1415 14 19 a

2775 1445 131 32 payment
2918 1441 31 29 of
2959 1442 56 28 £l2
3027 1442 81 28 down
3121 1442 66 37 they
3202 1444 65 33 will,
3290 1444 24 28 if
3331 1444 34 28 he
3386 1445 23 27 is

2774 1479 196 33 incapacitated
2983 1480 70 27 from
3067 1479 83 34 work,
3163 1481 60 35 give
3236 1481 60 28 him
3312 1483 40 27 £3
3363 1491 47 26 per

2774 1517 74 30 week
2861 1527 31 20 or
2905 1518 73 29 £SOO
2990 1517 23 30 if
3022 1517 92 32 killed.
3150 1518 28 31 It
3190 1519 23 30 is
3225 1529 16 20 a
3253 1519 110 39 gamble
3374 1528 34 21 on

2773 1556 66 30 both
2853 1556 81 36 sides,
2946 1557 55 30 and
3020 1568 30 19 as
3072 1558 68 29 such
3160 1559 76 30 there
3258 1559 96 30 should
3377 1559 33 30 be

2773 1604 35 19 no
2821 1596 133 35 difficulty
2965 1597 30 26 in
3015 1597 112 35 settling
3145 1597 76 28 what
3241 1597 24 28 is
3286 1599 87 35 really
3394 1609 16 18 a

2773 1632 65 30 debt
2850 1632 30 30 of
2889 1633 115 29 honour.
3049 1634 37 29 At
3105 1634 47 30 the
3169 1634 56 30 late
3239 1635 124 29 Sessions
3383 1637 30 28 of

2775 1673 46 29 the
2848 1672 132 38 Supreme
3001 1673 85 30 Court
3109 1674 74 33 here,
3209 1674 47 30 the
3280 1675 131 29 Accident

2775 1710 148 30 Insurance
2952 1712 170 28 Association
3152 1712 131 30 defended
3308 1723 16 18 a
3349 1723 60 19 case

2774 1749 89 29 where
2877 1759 16 19 a
2910 1749 82 30 client
3013 1749 56 30 had
3088 1749 71 31 died.
3202 1750 78 38 They
3302 1752 106 29 refused

2774 1791 133 34 payment
2918 1797 36 20 on
2971 1787 47 31 the
3038 1789 121 36 grounds
3182 1789 60 29 that
3263 1790 42 29 his
3327 1791 81 29 death

2774 1835 56 19 was
2851 1826 47 28 the
2917 1827 85 27 result
3022 1827 31 27 of
3070 1827 110 28 natural
3201 1837 94 19 causes
3319 1829 92 28 rather

2775 1863 68 28 than
2862 1864 132 29 accident.
3029 1864 60 29 The
3109 1865 81 28 usual
3209 1865 201 37 contradictory

2775 1905 92 35 expert
2880 1902 128 30 evidence
3029 1911 58 20 was
3110 1902 44 30 led
3179 1912 36 21 on
3237 1904 68 29 both
3330 1904 80 34 sides,

2774 1940 49 30 but
2835 1941 47 30 the
2896 1940 104 32 verdict
3011 1951 57 20 was
3090 1942 41 29 for
3152 1942 48 29 the
3218 1942 122 38 plaintiff
3356 1944 55 29 and

2774 1980 47 28 the
2833 1980 170 30 Association
3020 1980 68 30 then
3109 1980 66 30 took
3194 1982 94 34 refuge
3307 1982 102 29 behind

2774 2018 47 28 the
2845 2018 62 37 plea
2927 2018 62 30 that
3008 2019 54 29 due
3083 2020 92 28 notice
3196 2020 55 28 had
3272 2024 50 24 not
3343 2020 68 28 been

2773 2057 99 36 given;
2891 2056 89 30 which
3008 2057 125 37 question
3156 2057 51 29 has
3234 2058 56 28 still
3320 2061 29 26 to
3378 2058 33 28 be

2773 2095 111 38 argued.
2922 2096 68 30 Now
3004 2096 14 29 I
3031 2096 69 30 wish
3114 2100 28 26 to
3154 2096 109 30 remark
3275 2097 61 30 that
3356 2097 55 31 this

2773 2144 23 19 is
2808 2145 17 18 a
2837 2135 52 28 bad
2901 2144 62 26 way
2975 2140 29 24 to
3023 2135 35 29 do
3070 2135 141 34 business;
3230 2136 22 28 it
3276 2137 80 28 tends
3381 2141 28 25 to

2773 2172 76 27 drive
2873 2172 76 28 trade
2974 2180 95 27 away;
3086 2173 23 27 it
3132 2173 112 27 renders
3267 2173 92 28 would
3379 2174 33 27 be

2773 2209 118 30 insurers
2915 2208 115 31 dubious
3053 2210 30 29 of
3103 2219 56 28 any
3182 2209 115 31 benefits
3321 2215 29 26 to
3376 2210 34 31 be

2776 2247 110 29 derived
2915 2248 72 28 from
3008 2248 48 28 the
3079 2248 146 37 Company
3247 2250 30 27 in
3300 2258 61 20 case
3384 2250 30 28 of

2773 2285 181 37 misfortune;
2972 2287 23 30 it
3006 2286 75 31 leads
3103 2286 78 31 them
3197 2292 29 26 to
3246 2296 83 29 argne
3350 2287 62 31 that

2773 2325 47 27 the
2832 2326 171 27 Association
3023 2326 25 27 is
3069 2329 50 25 not
3138 2335 31 18 so
3189 2327 85 27 much
3298 2328 42 26 for
3363 2328 47 27 the

2774 2361 102 31 benefit
2888 2363 30 29 of
2928 2362 47 30 the
2987 2363 111 29 assured
3111 2372 30 20 as
3157 2363 42 29 for
3218 2363 47 30 the
3285 2372 38 29 up
3342 2363 70 40 keep

2774 2402 30 29 of
2813 2402 48 29 the
2873 2402 63 30 host
2948 2402 30 29 of
2987 2406 95 31 agents
3095 2403 63 29 who
3176 2412 47 20 are
3243 2403 114 38 making
3375 2413 36 20 an

2773 2448 64 27 easy
2849 2440 86 34 living
2947 2444 48 25 out
3008 2441 31 26 of
3046 2441 48 27 the
3106 2441 153 35 premiums
3276 2441 74 35 paid.
3396 2441 14 28 I

2773 2476 77 31 don't
2862 2476 81 31 think
2955 2486 51 22 one
3019 2486 67 22 man
3099 2478 29 29 in
3140 2486 17 22 a
3169 2477 138 31 thousand
3319 2478 93 31 would

2773 2525 33 26 go
2820 2520 47 24 out
2880 2518 30 26 of
2920 2517 42 27 his
2975 2526 62 27 way
3049 2521 29 23 to
3090 2516 64 29 look
3165 2518 42 27 for
3219 2527 36 18 an
3276 2519 132 27 Accident

2773 2553 149 30 Insurance
2929 2554 105 37 Agent;
3053 2554 47 30 the
3107 2554 87 30 whole
3200 2554 30 30 of
3234 2554 45 30 the
3286 2555 125 31 business

2772 2594 27 28 of
2823 2593 47 29 the
2895 2593 162 29 Institution
3082 2594 25 28 is
3126 2594 137 37 privately
3282 2594 71 30 done
3375 2595 36 37 by

2772 2631 156 37 persuasive
2953 2639 176 27 canvassers;
3148 2632 135 28 therefore
3304 2633 68 28 with
3394 2642 17 20 a

2773 2670 68 28 view
2850 2670 30 27 of
2885 2669 112 37 making
3004 2670 75 28 these
3088 2672 167 27 canvassers'
3266 2671 62 28 task
3336 2681 74 27 easy,

2772 2708 46 29 the
2826 2708 169 29 Association
3004 2708 96 38 ought,
3108 2709 30 28 in
3145 2718 130 20 common
3283 2709 125 34 fairness,

2771 2750 28 25 to
2812 2746 70 29 shell
2895 2751 49 24 out
2955 2747 93 28 unless
3069 2747 77 29 there
3164 2748 25 28 is
3209 2757 18 19 a
3248 2758 66 27 very
3334 2748 60 30 bare-

2771 2785 78 29 faced
2874 2789 116 33 attempt
3014 2789 28 25 at
3066 2786 164 37 swindling;
3249 2787 55 28 and
3333 2796 31 19 as
3393 2796 17 20 a

2772 2824 58 28 rule
2843 2824 96 36 people
2951 2824 78 29 don't
3042 2834 34 25 go
3090 2834 30 19 so
3133 2824 42 29 far
3187 2834 30 19 as
3230 2830 28 23 to
3270 2826 47 27 fall
3329 2826 81 28 down

2771 2861 97 30 cellars
2889 2862 67 28 with
2980 2871 17 20 a
3021 2862 70 30 view
3112 2862 31 29 of
3164 2862 72 30 their
3258 2863 73 29 heirs
3354 2864 56 29 and

2771 2905 141 23 executors
2924 2901 106 35 getting
3041 2901 48 28 the
3101 2906 116 23 amount
3225 2901 31 29 of
3263 2902 46 28 the
3319 2902 91 36 policy

2771 2937 23 28 if
2802 2937 66 37 they
2881 2946 47 19 are
2939 2937 93 29 killed.
3077 2938 65 28 Men
3152 2938 78 29 don't
3241 2938 43 29 die
3303 2939 42 28 for
3356 2949 52 19 one

2770 2975 116 29 another
2907 2977 29 26 in
2960 2975 47 29 the
3032 2975 65 29 19th
3121 2979 125 33 century,
3268 2977 140 29 whatever

2770 3014 68 36 they
2865 3022 46 20 are
2934 3013 106 37 alleged
3064 3017 29 26 to
3116 3014 72 29 have
3213 3014 71 29 done
3307 3015 30 28 in
3361 3015 48 28 the

2770 3055 71 35 past.

2806 3101 69 29 Now
2888 3109 30 20 as
2931 3109 16 20 a
2960 3100 135 38 corollary
3112 3110 37 20 on
3169 3101 56 29 this
3246 3101 54 30 law
3318 3102 55 29 suit
3392 3112 18 19 a

2772 3148 66 27 very
2867 3138 170 29 remarkable
3061 3140 124 28 instance
3208 3140 31 28 of
3260 3140 46 28 the
3331 3141 75 36 risky

2772 3180 99 25 nature
2893 3177 31 28 of
2942 3177 48 28 the
3009 3177 125 28 business
3156 3177 31 29 of
3206 3178 47 29 the
3279 3179 131 28 Accident

2771 3215 171 29 Association
2966 3215 145 38 happened
3133 3215 66 30 here
3222 3216 55 30 last
3300 3217 108 33 month,

2772 3254 55 29 and
2848 3254 15 28 I
2886 3254 71 29 have
2979 3263 35 20 no
3035 3254 86 29 doubt
3139 3254 116 29 similiar
3273 3255 138 30 instances

2773 3294 129 28 occurred
2924 3294 30 27 in
2976 3293 78 28 other
3074 3297 77 32 parts
3175 3295 30 28 of
3225 3294 47 29 the
3297 3295 114 34 Colony.

2808 3339 58 30 Our
2878 3339 166 30 Volunteers
3061 3348 29 22 to
3110 3340 48 30 the
3177 3340 118 31 number
3313 3344 27 27 ot
3361 3342 52 29 250

2772 3383 74 26 went
2864 3383 28 26 to
2913 3379 48 30 the
2982 3383 198 35 encampment
3200 3385 29 26 at
3246 3380 166 39 Wanganui.

2773 3419 78 37 They
2864 3418 37 29 all
2912 3423 74 26 went
3010 3428 65 21 over
3095 3420 29 29 in
3143 3420 48 29 the
3209 3421 114 28 Anchor
3344 3421 69 29 Line

2773 3458 73 35 boat,
2860 3458 112 29 Charles
2984 3458 130 30 Edward.
3150 3459 72 29 That
3242 3459 170 38 Greyhound

2774 3498 31 28 of
2813 3498 48 27 the
2879 3497 101 28 Paciflo
3001 3498 92 29 Ocean
3114 3498 25 28 is
3160 3498 116 29 allowed
3297 3499 36 36 by
3353 3499 61 28 Her

2776 3535 142 37 Majesty's
2942 3536 129 28 Customs
3095 3536 155 28 Certificate
3275 3540 30 25 to
3335 3545 79 28 carry

2773 3572 86 32 about
2870 3583 53 21 one
2933 3573 92 31 fourth
3038 3574 31 30 of
3078 3574 61 30 that
3154 3574 119 31 number
3291 3574 30 31 of
3339 3584 59 29 pass-

2774 3621 96 28 engers
2882 3621 36 20 on
2940 3622 16 19 a
2977 3612 64 37 trip,
3062 3613 57 28 and
3137 3613 52 30 has
3208 3618 51 24 not
3271 3614 78 29 boats
3371 3614 41 29 for

2775 3659 75 20 more
2863 3650 28 29 in
2904 3659 61 20 case
2977 3651 31 28 of
3017 3651 132 29 accident.
3194 3651 57 31 But
3271 3652 91 37 owing
3384 3657 28 25 to

2775 3688 55 29 this
2851 3689 55 37 trip
2926 3688 82 38 being
3028 3698 37 20 on
3085 3689 125 38 military
3231 3691 113 34 service,
3365 3691 47 29 the

2775 3727 113 29 Charles
2900 3726 122 31 Edward
3036 3727 56 30 had
3104 3738 16 19 a
3133 3728 101 39 special
3254 3729 103 37 permit
3377 3739 37 21 on

2774 3766 56 28 this
2841 3767 126 28 occasion
2980 3770 30 25 to
3023 3767 63 28 take
3099 3776 31 19 as
3144 3776 85 28 many
3250 3768 164 29 Volunteers

2775 3813 31 19 as
2818 3804 81 28 could
2913 3804 33 28 be
2965 3804 141 29 mustered
3126 3805 55 28 and
3203 3806 102 28 stowed
3324 3815 88 28 away.

2775 3842 58 30 The
2846 3842 153 30 Canvasser
3010 3843 31 29 of
3050 3842 46 30 the
3108 3843 133 30 Accident
3260 3844 151 31 Insurance

2775 3880 143 35 Company
2929 3889 56 19 was
2998 3884 29 24 to
3039 3881 47 27 the
3099 3881 74 28 front
3186 3890 36 19 on
3236 3882 50 28 her
3304 3883 110 32 leaving

2775 3917 113 36 Kelson,
2901 3916 55 31 and
2969 3917 105 31 booked
3085 3927 36 20 no
3133 3918 54 30 less
3204 3919 69 29 than
3295 3920 119 34 £14,000

2775 3956 87 29 worth
2875 3955 32 30 of
2915 3957 70 28 risks
2996 3965 7 25 ;
3022 3957 47 28 the
3080 3958 153 35 premiums
3248 3959 165 34 amounting

2775 3997 30 26 to
2827 3994 57 29 £lO
2895 3994 41 29 os.
2980 3993 66 30 Had
3064 3994 137 38 anything
3220 3995 145 38 happened
3385 3999 29 25 to

2775 4032 49 29 the
2836 4035 127 31 steamer,
2975 4032 91 29 where
3076 4032 91 29 would
3177 4033 47 30 the
3240 4033 172 32 Association

2776 4070 72 30 have
2860 4070 77 30 been.

2949 4170 17 21 A
2984 4170 250 22 DISAPPOINTMENT.

2812 4209 89 30 There
2908 4219 62 21 was
2982 4220 16 18 a
3008 4210 108 36 general
3125 4210 154 37 expression
3289 4210 32 29 of
3325 4215 88 30 regret

2778 4250 29 26 in
2820 4247 106 29 Nelson
2936 4248 83 28 when
3031 4248 22 28 it
3065 4257 58 19 was
3135 4248 82 28 made
3238 4248 101 29 known
3351 4250 62 28 that

2778 4286 47 29 the
2847 4285 139 38 Westport
3005 4285 93 29 action
3110 4286 42 28 for
3169 4286 119 35 slander,
3311 4286 102 30 Munro

2777 4334 27 20 v.
2818 4324 135 35 O'Conor,
2967 4334 55 20 was
3032 4324 126 39 squared.
3194 4325 59 29 The
3263 4325 148 31 defendant

2779 4363 51 29 has
2853 4363 68 29 such
2943 4373 16 19 a
2984 4364 156 35 reputation
3164 4364 42 28 for
3225 4363 188 38 browbeating

2778 4401 45 29 his
2835 4401 131 29 audience
2978 4401 30 29 in
3020 4410 17 20 a
3050 4401 122 37 meeting
3184 4401 59 30 that
3260 4401 47 30 the
3320 4402 92 37 public

2778 4449 70 20 were
2869 4441 115 28 anxious
3007 4443 28 26 to
3048 4450 45 19 see
3111 4439 62 30 how
3193 4440 34 29 ho
3246 4440 91 29 would
3349 4441 63 29 take

2778 4487 16 20 a
2815 4478 149 36 scarifying
2989 4478 125 34 himself;
3136 4478 58 33 but,
3216 4479 58 28 alas
3297 4478 42 29 for
3359 4488 51 19 our

2778 4516 100 40 hopes!
2915 4516 59 31 The
2992 4516 95 31 Buller
3100 4517 70 29 Lion
3188 4516 104 40 quietly
3304 4519 50 37 put
3367 4517 44 30 his

2777 4558 49 27 tail
2849 4557 122 28 between
2992 4557 45 28 his
3048 4556 67 36 legs,
3130 4558 64 34 paid
3212 4558 43 28 his
3268 4559 67 32 £SO,
3356 4558 55 28 and

2778 4594 73 27 cried
2860 4594 109 35 pecavi.
3005 4594 59 27 The
3076 4596 118 35 apology
3210 4604 57 18 was
3279 4604 31 18 as
3321 4596 90 35 nicely

2778 4631 109 29 worded
2909 4641 15 19 a
2946 4631 148 30 document
3115 4641 29 19 as
3158 4632 13 29 I
3192 4641 63 21 ever
3274 4632 73 30 read.
3384 4632 27 30 It

2777 4678 57 20 was
2854 4678 30 19 as
2896 4669 50 28 full
2967 4669 55 29 and
3034 4670 135 37 complete
3182 4679 30 20 as
3234 4680 37 19 an
3292 4671 118 36 apology

2778 4706 99 32 should
2897 4707 49 36 be;
2965 4711 47 34 yet
3025 4707 77 32 there
3115 4716 56 23 was
3192 4708 116 39 nothing
3320 4708 90 39 abject

2778 4757 31 19 or
2827 4747 177 35 humiliating
3025 4747 83 29 about
3128 4748 31 27 it,
3184 4749 54 27 and
3263 4749 23 28 it
3307 4758 58 19 was
3381 4749 30 28 in

2778 4784 62 30 that
2859 4794 62 29 way
2942 4784 145 31 creditable
3107 4789 28 25 to
3160 4786 65 29 both
3248 4787 110 37 parties.
3394 4786 14 29 I

2778 4824 133 36 sincerely
2924 4824 70 36 hope
3007 4824 55 29 this
3074 4833 61 19 case
3149 4826 54 26 will
3226 4826 69 27 have
3312 4826 99 36 taught

2780 4862 44 29 Mr
2844 4861 124 31 O'Conor
2987 4870 16 20 a
3028 4862 122 37 salutary
3170 4866 47 35 yet
3236 4862 174 38 inexpensive

2778 4901 98 27 lesson.
2913 4901 36 27 In
2972 4901 90 27 future
3086 4901 38 28 let
3148 4910 32 20 us
3206 4902 70 36 hope
3297 4902 35 28 he
3355 4902 56 28 will

2778 4943 50 23 not
2840 4941 40 25 set
2891 4938 114 28 himself
3014 4946 37 28 up
3064 4946 36 19 on
3114 4947 16 18 a
3141 4939 127 36 pinnacle
3280 4948 31 20 as
3322 4940 89 28 virtue

2779 4976 173 37 personified,
2964 4975 112 37 looking
3088 4976 82 29 down
3181 4986 76 28 upon
3265 4977 54 29 less
3328 4977 84 38 gifted

2779 5013 97 38 people
2888 5022 30 19 as
2930 5014 87 27 either
3029 5022 98 27 rogues
3138 5023 32 19 or
3185 5015 78 28 fools.
3298 5016 67 28 Had
3377 5016 34 27 he

2779 5062 71 26 gone
2862 5060 36 21 on
2911 5052 66 29 with
2990 5051 43 30 his
3046 5052 111 30 defence
3177 5053 43 30 his
3232 5053 75 38 pleas
3320 5053 91 31 would

2780 5092 71 26 have
2874 5091 69 27 been
2964 5092 109 26 curious
3096 5090 49 28 but
3165 5096 51 23 not
3239 5092 172 36 «toavincing.

2780 5128 54 29 For
2846 5128 124 28 instance
2983 5126 35 30 he
3030 5126 46 30 did
3088 5130 49 26 not
3147 5128 124 30 consider
3282 5128 102 39 calling
3394 5138 18 19 a

2780 5173 67 23 man
2860 5177 16 19 a
3032 5175 57 23 was
3107 5171 30 24 to
3156 5167 33 29 be
3212 5167 158 31 considered
3382 5177 31 19 as

2781 5206 129 35 accusing
2934 5205 59 28 him
3017 5205 31 28 of
3069 5205 103 37 having
3195 5207 160 28 committed
3375 5216 37 18 an

2780 5243 147 31 indictable
2947 5243 112 31 offence.
3096 5243 45 31 He
3165 5245 57 30 also
3246 5255 58 21 was
3325 5247 30 29 of
3377 5255 35 20 an

2780 5285 111 34 opinion
2906 5283 62 28 that
2979 5292 36 19 an
3025 5285 154 26 auctioneer
3187 5285 30 26 in
3227 5285 47 27 the
3286 5294 109 27 prosecu-

2780 5321 58 30 tion
2862 5320 30 29 of
2912 5320 44 29 his
2977 5320 101 38 calling
3097 5328 57 22 was
3173 5324 49 26 not
3243 5321 115 31 entitled
3382 5325 29 26 to

2780 5361 63 29 take
2850 5361 153 36 advantage
3013 5360 30 29 of
3047 5360 126 38 printers'
3184 5361 141 31 discounts
3332 5362 62 29 with-

2781 5402 47 25 out
2848 5399 93 35 giving
2962 5399 43 27 his
3026 5403 151 24 customers
3198 5400 46 27 the
3266 5400 99 29 benefit
3385 5401 29 26 of

2781 5436 77 29 those
2883 5436 171 29 allowances.
3090 5436 59 29 The
3173 5438 91 35 gentle
3288 5438 123 37 Eugene,

2780 5475 103 38 having
2895 5474 84 39 posed
2991 5474 30 29 in
3034 5474 42 29 his
3088 5475 93 30 varied
3200 5485 92 20 career
3304 5487 30 19 as
3345 5476 66 30 both

2781 5513 158 29 auctioneer
2951 5513 55 28 and
3024 5514 114 36 printer,
3160 5519 75 24 must
3246 5515 71 29 have
3329 5516 55 28 had
3397 5525 16 18 a

2781 5552 84 29 softer
2876 5551 58 29 side
2947 5551 68 29 than
3028 5551 43 29 his
3083 5553 102 28 friends
3197 5562 63 20 ever
3272 5563 68 28 gave
3353 5554 59 28 him

2782 5591 84 28 credit
2879 5591 41 28 for
2932 5590 24 29 if
2966 5591 34 28 he
3013 5590 47 29 did
3072 5594 48 26 not
3138 5591 64 30 take
3220 5593 38 28 all
3280 5593 35 29 he
3333 5593 80 29 could

2781 5633 45 33 get
2837 5631 30 26 in
2881 5629 87 28 either
2986 5629 135 37 capacity.
3158 5631 87 30 Then,
3267 5641 35 19 as
3320 5637 28 23 to
3370 5632 43 28 his

2777 5667 182 36 justification
2982 5668 55 26 and
3058 5668 61 36 plea
3141 5668 42 28 for
3206 5670 155 35 mitigation
3387 5671 26 26 of

2782 5705 138 34 damages,
2935 5704 33 29 he
2980 5706 129 28 iutended
3119 5707 129 35 excusing
3258 5708 113 28 himself
3378 5717 35 19 on

2781 5743 48 28 the
2840 5742 106 37 ground
2958 5743 62 27 that
3031 5744 81 28 when
3122 5744 43 27 his
3177 5744 50 29 hot
3236 5746 85 28 Celtic
3333 5745 81 29 blood

2782 5784 46 33 got
2849 5781 46 28 the
2917 5779 89 29 better
3024 5782 30 26 of
3069 5781 44 28 his
3129 5782 149 37 judgment
3295 5783 62 29 that
3369 5782 44 30 his

2784 5826 100 29 tongue
2898 5827 56 20 was
2967 5823 47 33 apt
3028 5823 27 25 to
3077 5829 51 19 run
3142 5821 68 34 riot;
3230 5822 61 29 that
3309 5823 29 27 in
3361 5822 53 28 fact

2785 5868 35 19 an
2843 5858 148 29 Irishman.
3012 5857 88 30 hn:ler
3125 5862 102 25 certain
3250 5861 164 27 conditions,

3439 224 56 19 was
3509 217 48 26 not
3573 222 16 20 a
3608 211 167 39 responsible
3794 211 89 37 being.
3921 213 74 34 Also,
4015 214 57 29 that

3439 263 30 19 as
3484 253 139 36 Westport
3636 252 23 27 is
3672 260 30 19 as
3716 255 46 32 yet
3775 251 66 34 only
3853 252 140 35 emerging
4013 263 59 18 roia

3439 302 16 19 a
3468 295 70 25 state
3551 291 29 28 of
3596 290 150 28 barbarism
3766 286 118 33 towards
3900 291 161 29 civilisation

3439 332 61 27 that
3522 331 47 27 the
3589 331 55 26 fact
3656 327 30 29 of
3697 328 101 35 calling
3815 339 16 17 a
3844 328 89 28 fellow
3946 331 96 27 citizen
4057 340 15 17 a

3440 369 71 29 thief
3529 368 108 29 does'nt
3657 372 86 23 count
3763 366 41 28 for
3828 367 81 28 much
3935 368 137 37 anyhow;

3440 409 60 27 that
3519 409 22 27 it
3560 408 23 28 is
3605 408 27 26 in
3656 406 54 28 fact
3723 414 16 20 a
3751 410 143 24 courteous
3913 416 60 27 way
3987 408 29 26 of
4025 407 30 28 ad-

3430 446 133 36 dressing
3575 455 16 18 a
3604 445 88 28 friend
3704 445 29 26 in
3747 445 77 27 those
3838 449 81 31 parts.
3958 446 13 26 I
3986 454 68 19 some-

3441 486 62 28 how
3525 485 82 36 fancy
3628 484 59 29 that
3709 483 108 29 neither
3836 483 82 37 judge
3940 493 51 20 nor
4010 484 62 36 jury

3441 523 89 29 would
3544 524 69 27 have
3627 532 65 18 seen
3705 523 46 27 the
3765 523 74 34 hang
3852 523 29 27 of
3899 523 76 27 these
3994 532 61 26 argu-

3440 566 78 24 ment
3528 570 7 23 ;
3554 561 50 28 but
3616 560 60 28 all's
3689 560 61 27 well
3763 560 61 27 that
3836 560 68 28 ends
3917 561 69 27 well.

3545 646 56 19 THE
3620 645 193 20 RNUFFED-OUT
3832 645 129 19 COUNCIL.

3476 685 97 29 Before
3603 684 81 37 being
3721 683 96 37 finally
3846 683 89 37 wiped
3965 688 50 24 out
4045 694 29 19 as

3440 725 162 29 councillors
3614 731 51 22 our
3685 724 170 37 corporation
3872 723 95 29 intend
3980 723 80 29 finish-

3442 765 46 33 ing
3508 773 36 25 up
3566 763 73 28 their
3652 772 92 18 career
3765 763 29 26 of
3812 763 207 35 incompetency
4041 763 35 34 by

3443 801 167 37 performing
3634 809 30 20 aa
3686 809 85 27 many
3792 799 127 30 fantastic
3942 800 82 28 tricks
4046 810 30 19 as

3442 841 70 27 their
3537 841 146 33 ignorance
3708 839 31 28 of
3759 839 73 28 their
3856 839 139 28 functions
4026 850 48 17 can

3441 881 118 33 suggest.
3596 875 77 38 They
3694 877 69 28 have
3788 887 86 27 gangs
3894 877 31 27 of
3942 886 66 19 men
4029 887 30 18 en-

3441 916 86 37 gaged
3557 921 30 25 at
3615 921 110 32 present
3754 918 29 27 in
3819 916 109 37 picking
3961 926 37 27 up
4028 918 46 28 the

3443 956 129 35 principal
3596 959 106 29 streets,
3726 955 148 35 rendering
3895 956 77 27 thorn
3993 956 83 28 about

3442 1003 30 19 as
3494 994 123 36 pleasant
3640 997 27 25 to
3691 994 86 28 travel
3796 1003 36 19 on
3853 1003 30 18 as
3897 1003 16 18 a
3932 994 72 28 river
4026 994 50 28 bed

3442 1032 70 27 after
3542 1041 16 18 a
3593 1031 81 28 flood.
3729 1032 82 36 They
3846 1032 71 29 have
3956 1036 29 23 at
4024 1033 52 28 last

3443 1069 147 30 awakened
3621 1074 28 25 to
3679 1070 47 30 the
3756 1071 137 37 necessity
3926 1070 31 29 of
3984 1070 72 30 know-

3443 1109 47 33 ing
3510 1109 156 33 something
3686 1110 83 27 about
3787 1109 46 28 the
3855 1110 84 27 levels
3960 1110 31 27 of
4005 1110 71 27 their

3443 1155 106 24 sewers,
3571 1146 55 28 aud
3648 1147 43 27 Mr
3710 1147 98 28 Oliraie
3827 1147 54 28 and
3901 1156 17 19 a
3939 1148 96 36 couple
4048 1146 28 29 of

3444 1184 145 28 chainmen
3609 1193 44 19 are
3673 1184 106 35 finding
3801 1189 49 24 out
3871 1185 75 28 what
3969 1196 45 17 are
4028 1186 47 28 the

3444 1221 112 30 relative
3568 1223 132 36 positions
3712 1224 30 28 of
3752 1223 46 29 the
3815 1223 120 30 bottoms
3947 1224 30 28 of
3989 1224 86 34 them,

3444 1266 27 22 to
3494 1271 44 17 see
3560 1261 61 27 how
3634 1262 40 26 far
3692 1262 67 35 they
3780 1273 45 17 are
3848 1272 111 25 wrong;
3979 1264 54 26 and
4046 1273 30 19 as

3445 1299 46 28 the
3511 1302 101 25 matter
3631 1300 29 27 of
3678 1299 95 35 taking
3784 1300 76 28 these
3874 1301 84 27 levels
3979 1301 23 27 is
4025 1311 51 18 one

3445 1337 88 28 which
3555 1337 80 28 could
3657 1338 69 29 have
3745 1339 68 27 been
3832 1339 39 28 let
3893 1339 37 35 by
3943 1344 133 27 contract,

3444 1375 47 30 the
3504 1375 200 38 specifications
3721 1376 68 30 have
3810 1377 128 29 included
3951 1378 46 29 the
4016 1387 43 20 sur-

3447 1424 50 26 vey
3510 1415 53 28 and
3578 1414 119 37 plotting
3709 1415 30 29 of
3749 1426 16 18 a
3786 1425 66 27 map
3871 1418 30 27 of
3920 1417 46 28 the
3988 1417 88 29 whole

3446 1459 83 26 town,
3543 1453 13 27 I
3570 1454 73 28 can't
3656 1464 43 18 see
3713 1454 64 35 why
3789 1454 46 28 the
3853 1455 106 28 council
3978 1455 98 28 should

3445 1491 69 28 have
3533 1491 133 37 privately
3685 1492 122 35 engaged
3822 1492 44 27 Mr
3881 1492 99 29 Climio
3994 1499 27 22 to
4040 1494 34 27 do

3445 1540 16 19 a
3469 1530 66 37 'part
3547 1529 30 29 of
3587 1529 46 30 the
3646 1529 84 30 work.
3768 1530 101 38 Report
3888 1541 62 28 says
3963 1531 61 31 that
4041 1542 35 19 no

3446 1570 111 33 bargain
3579 1579 57 18 was
3657 1570 80 28 made
3751 1570 66 28 with
3836 1570 56 29 this
3910 1572 166 36 gentleman,

3445 1608 55 27 and
3512 1616 94 19 rumor
3620 1608 72 34 (who
3704 1609 24 26 is
3740 1618 16 17 a
3769 1609 76 34 lying
3853 1609 74 34 jade)
3947 1610 58 26 also
4015 1619 61 26 says

3445 1645 60 29 that
3523 1645 47 29 the
3588 1645 178 38 professional
3788 1647 182 37 gentleman's
3991 1647 41 29 fee
4054 1649 22 27 is

3446 1691 45 22 ten
3511 1685 112 35 guineas
3643 1695 48 27 per
3711 1685 63 36 day,
3798 1686 64 31 and,
3885 1687 191 31 furthermore,

3444 1723 62 27 that
3527 1723 36 27 he
3584 1723 172 28 condemned
3781 1723 46 29 the
3850 1724 124 29 Wiamea
3995 1729 81 24 street

3445 1770 85 20 sewer
3561 1761 101 35 (which
3693 1762 15 28 I
3738 1762 47 28 did
3808 1763 113 28 months
3945 1764 71 34 ago).
4062 1764 14 28 I

3445 1803 95 32 expect
3552 1800 47 27 the
3612 1809 60 19 new
3685 1801 114 32 council,
3808 1811 35 18 on
3855 1800 71 30 their
3935 1802 141 36 assuming

3444 1837 87 33 office,
3545 1836 55 29 will
3613 1837 58 29 find
3683 1847 16 19 a
3712 1842 91 31 protty
3815 1838 84 29 kettle
3912 1840 30 27 of
3951 1840 62 28 fish.

3601 1921 57 21 THE
3678 1922 142 21 CHAMPION
3838 1924 80 19 MINE.

3480 1961 59 29 The
3568 1961 133 30 directors
3731 1962 70 30 have
3828 1968 50 24 not
3902 1964 91 30 issued
4022 1973 56 29 any

3446 1999 129 29 bulletins
3594 2001 145 35 regarding
3760 2002 46 28 the
3830 2002 117 28 number
3970 2003 31 28 of
4017 2009 61 23 tons

3446 2041 30 25 of
3485 2047 100 28 copper
3597 2039 117 28 smelted
3727 2039 55 28 this
3801 2039 84 32 week,
3905 2041 54 27 and
3979 2051 29 17 as
4029 2042 48 28 the

3446 2079 122 26 customs
3592 2080 110 25 returns
3723 2077 35 28 do
3779 2081 48 26 not
3849 2082 90 33 report
3959 2088 55 27 any
4035 2089 29 19 ex-

3447 2115 104 30 tensive
3582 2119 96 35 export
3707 2117 30 28 of
3764 2117 94 34 metal,
3887 2117 55 30 and
3972 2128 30 19 as
4031 2119 47 29 the

3447 2155 146 27 American
3623 2164 131 23 manager
3784 2156 30 27 of
3840 2158 155 33 reputation
4025 2168 56 17 was

3447 2190 85 28 about
3553 2194 73 25 town
3647 2191 42 27 for
3707 2201 17 18 a
3742 2191 54 38 day
3815 2201 32 19 or
3865 2198 63 28 two,
3942 2194 29 26 in
3993 2202 15 19 a
4027 2195 54 27 suit

3448 2229 30 28 of
3521 2232 73 26 store
3614 2229 104 29 clothes
3740 2230 56 28 and
3813 2240 16 18 a
3841 2230 72 29 biled
4052 2242 29 19 as

3448 2267 43 28 his
3511 2270 113 33 country
3628 2276 66 20 men
3714 2277 109 28 express
3842 2270 31 32 it,
3894 2269 14 27 I
3921 2279 47 19 am
3988 2270 44 29 led
4053 2275 28 25 to

3447 2306 48 29 the
3518 2305 156 30 conclusion
3695 2307 62 29 that
3775 2308 47 28 the
3840 2313 48 32 pot
3900 2309 50 29 has
3971 2314 47 24 not
4039 2320 27 18 re-

3448 2343 98 28 sumed
3568 2344 77 28 work
3665 2345 74 28 since
3753 2354 48 26 my
3821 2346 52 27 last
3885 2352 99 31 report.
4021 2349 59 26 The

3448 2381 192 30 shareholders
3670 2382 79 34 have,
3786 2383 134 35 however,
3957 2385 122 30 received

3447 2421 162 28 invitations
3629 2427 50 22 not
3699 2423 97 35 asking
3814 2424 76 27 them
3908 2429 28 23 to
3956 2425 84 35 apply
4053 2430 28 23 at

3448 2457 47 29 the
3508 2458 78 28 office
3598 2458 42 30 for
3652 2459 46 29 the
3713 2460 58 28 first
3788 2460 144 35 dividend;
3951 2462 41 27 far
4009 2462 71 28 from

3449 2496 70 30 that.
3555 2497 78 37 They
3654 2508 46 19 are
3722 2500 142 36 requested
3884 2505 28 24 to
3930 2501 61 33 give
4010 2500 71 30 their

3449 2538 114 25 consent
3575 2539 28 24 to
3616 2536 48 28 the
3680 2537 129 27 directors
3826 2538 153 36 borrowing
3991 2548 16 18 a
4019 2549 61 17 sum

3450 2573 31 30 of
3500 2575 119 29 £15,000
3638 2578 28 26 to
3680 2575 57 37 pull
3756 2585 37 28 up
3811 2576 47 29 the
3871 2576 113 30 wooden
3997 2581 67 25 tram-

3445 2621 62 27 way
3521 2613 54 27 and
3587 2617 50 32 put
3648 2615 158 32 something
3823 2616 29 27 in
3872 2615 36 29 its
3921 2616 76 35 place
4015 2616 61 28 that

3447 2650 92 29 trucks
3561 2651 55 28 will
3638 2660 52 19 run
3702 2662 46 22 on,
3760 2653 55 28 and
3827 2653 42 28 for
3889 2654 80 28 other
3989 2654 89 28 works

3448 2697 145 29 necessary
3622 2689 43 29 for
3694 2689 116 39 keeping
3839 2691 94 33 things
3967 2701 36 19 on
4033 2693 47 28 the

3446 2737 89 19 move.
3584 2728 15 29 I
3624 2728 112 29 have'nt
3760 2729 46 29 the
3830 2730 71 29 least
3924 2730 85 29 doubt
4033 2731 48 28 the

3447 2766 209 37 long-suffering
3668 2768 189 29 shareholders
3870 2770 55 27 will
3937 2771 61 34 give
4009 2769 72 28 their

3446 2809 115 25 consent
3600 2810 28 24 to
3668 2805 47 29 the
3753 2806 134 38 directory
3927 2808 153 35 borrowing

3447 2843 118 33 £15,000
3586 2853 31 18 or
3629 2845 181 33 £15,000,000
3828 2846 41 28 for
3888 2846 60 28 that
3970 2852 108 22 matter.

3446 2881 58 29 The
3518 2881 85 30 doubt
3615 2882 14 28 I
3642 2882 71 29 have
3725 2883 24 28 is
3760 2884 92 28 where
3871 2884 64 36 they
3948 2884 55 29 will
4022 2885 58 27 find

3445 2920 151 34 capitalists
3608 2930 80 24 eager
3699 2924 29 25 to
3739 2925 61 32 part
3812 2923 66 26 with
3891 2923 69 27 their
3970 2924 110 34 surplus

3444 2956 153 29 thousands
3619 2966 36 21 on
3675 2957 46 30 the
3742 2959 119 37 security
3879 2960 66 34 they
3958 2960 70 28 have
4049 2963 30 25 to

3445 2994 76 29 offer.
3924 2997 118 28 Eobari.

3477 3082 85 34 THE
3584 3082 134 35 BRYCE
3740 3084 167 34 RUSDEN
3929 3085 114 34 CASE.

3721 3168 162 35 Adelaide,
3896 3169 83 39 April
3994 3171 46 30 17.

3484 3209 81 32 Files
3579 3209 32 32 of
3622 3209 125 33 London
3762 3221 105 30 papers
3881 3215 31 27 to
3927 3212 90 36 hand,
4030 3223 51 30 per

3446 3263 52 23 s.s.
3524 3253 206 38 Chimborazo,
3753 3255 65 41 give
3843 3255 55 32 full
3925 3256 105 32 details
4054 3257 30 32 of

3447 3298 52 31 the
3514 3298 93 40 Bryce
3622 3298 121 33 Rusden
3757 3299 70 32 libel
3838 3300 78 31 trial.

3487 3340 48 33 Mr
3558 3342 94 42 Bryce
3676 3352 61 23 was
3764 3343 156 33 examined
3945 3347 30 29 at
4000 3347 82 38 great

3446 3385 115 44 length,
3585 3387 59 33 and
3658 3387 51 33 the
3724 3399 125 23 manner
3870 3389 31 33 in
3925 3389 97 33 which
4046 3390 38 32 he

3447 3442 74 31 gave
3534 3431 48 32 his
3596 3432 137 33 evidence
3748 3434 147 41 produced
3907 3445 18 21 a
3935 3435 149 32 fovorable

3447 3476 177 41 impression
3652 3488 38 22 on
3717 3477 51 33 the
3802 3478 92 42 judge
3921 3479 59 33 and
4004 3479 79 42 jury.

3448 3520 195 32 Defendant's
3654 3522 131 36 counsel,
3796 3522 33 31 in
3839 3524 226 30 cross-examina-

3448 3563 74 39 tion,
3547 3564 121 34 evinced
3682 3575 17 22 a
3714 3565 94 34 desire
3822 3568 31 32 to
3877 3566 128 34 indicate
4019 3567 65 33 that

3448 3608 52 33 the
3515 3609 99 32 action
3630 3609 60 32 had
3703 3610 76 32 been
3789 3611 129 40 brought
3932 3612 111 41 merely
4054 3616 30 28 to

3448 3651 80 33 clear
3540 3652 52 32 the
3605 3654 169 41 reputation
3789 3655 32 32 of
3831 3655 52 32 the
3898 3655 72 32 Hall
3982 3655 85 32 Minis-

3448 3698 47 40 try
3519 3696 75 33 than
3618 3699 31 31 to
3673 3698 103 42 satisfy
3797 3698 52 33 the
3873 3699 95 32 honor
3992 3700 32 33 of
4036 3700 48 31 Mr

3448 3740 104 42 Bryce,
3568 3742 54 32 but
3636 3742 51 33 the
3702 3742 92 34 Court
3808 3744 116 32 refused
3945 3747 30 30 to
3995 3756 72 21 coun-

3448 3787 125 29 tenance
3600 3785 60 31 this
3688 3789 137 38 attempt,
3847 3789 59 30 and
3932 3789 152 31 reminded

3448 3826 51 34 the
3510 3827 70 43 jury
3594 3828 66 34 that
3674 3829 51 33 the
3740 3830 138 42 question
3892 3834 31 29 at
3936 3830 78 34 issue
4026 3843 58 21 was

3448 3872 92 40 solely
3551 3873 142 36 whether,
3700 3884 32 19 as
3746 3876 97 29 stated
3848 3876 39 39 by
3895 3876 49 30 Mr
3954 3877 130 35 Rusdan,

3448 3914 49 33 Mr
3519 3915 95 42 Bryce
3638 3916 136 33 attacked
3789 3928 115 22 women
3927 3919 60 31 and
4011 3919 58 32 chil-

3446 3958 84 37 dren,
3545 3960 116 39 cutting
3674 3961 84 31 them
3772 3961 86 31 down
3872 3963 140 40 gleefully
4026 3963 58 31 and

3446 4001 103 42 easily.
3600 4003 64 32 The
3692 4003 106 41 Judge,
3824 4004 100 33 Baron
3951 4005 114 32 Huddle-

3447 4047 94 35 stone,
3565 4045 144 38 declared,
3724 4048 32 31 in
3770 4049 153 40 summing
3942 4060 50 30 up,
4018 4049 66 32 that

3447 4088 51 33 the
3521 4090 120 33 defence
3666 4101 38 22 on
3719 4091 66 33 that
3808 4092 84 41 point
3914 4093 60 31 had
3996 4093 88 33 failed

3446 4133 185 41 completely.

1361 69 116 41 THE
1533 70 183 41 LYELL
1771 69 185 47 TIMES,
2013 69 305 48 SATURDAY,
2375 69 113 40 MAY
2543 72 33 42 8,
2637 72 101 37 1886.

3464 4213 221 33 (Continuation
3697 4214 35 36 of
3746 4215 90 31 News,
3850 4225 42 18 see
3905 4217 48 26 4th
3966 4217 98 35 Page.)

264 197 117 33 Public
405 198 149 32 Notices.

174 299 24 18 ~
245 281 336 33 NOTIFICATION.

98 498 411 55 HALLkNSTEIN
564 498 159 53 BROS.

117 568 95 28 Desire
226 574 27 23 to
266 569 99 28 inform
380 569 45 27 tlie
439 567 132 29 residents
585 567 29 28 of
632 567 78 36 Lyell

166 607 53 28 and
233 606 182 36 surrounding
428 606 117 28 districts
566 606 58 28 that
643 615 15 19 a
693 629 5 5 .

132 654 23 28 It
176 654 22 28 E
218 654 22 28 T
259 653 98 29 AIL
451 654 23 27 13
494 653 23 28 K
536 654 23 26 A
580 653 22 27 N
624 652 20 28 C
665 652 28 28 II

355 715 33 20 OF
407 715 54 21 THE

233 753 113 37 NEW
369 752 222 38 ZEALAND

96 814 307 78 Clothing
432 816 296 73 Factory

331 913 59 22 HAH
412 913 82 22 BEBN

94 955 141 52 Opened
253 954 36 41 in
317 955 89 39 New
433 954 190 50 Buildings
642 967 86 25 near

159 1009 147 54 Empire
333 1009 117 47 Hotel,
479 1009 180 52 Westport.

220 1103 44 28 All
289 1102 91 29 Goods
404 1106 28 24 at
456 1101 117 36 Factory
594 1101 97 28 Prices.

95 1178 45 30 All
153 1180 109 28 Oooods
275 1188 45 20 are
334 1178 112 29 Marked
465 1177 29 29 in
516 1178 79 28 Flaiu
615 1178 111 35 Figures

394 1217 41 29 for

95 1261 236 47 i®-NETT
373 1264 134 39 CASH
556 1263 170 37 ONLY!

96 1349 62 36 Any
171 1348 93 30 article
285 1347 162 40 purchased,
460 1347 54 29 and
528 1349 48 26 not
589 1346 137 38 approved

95 1388 36 31 of,
158 1387 54 29 will
236 1388 33 28 be
294 1386 157 37 exchanged
475 1387 67 28 with
574 1385 47 29 the
652 1395 75 19 same

93 1429 130 33 coartesy
237 1425 64 29 with
317 1426 88 28 which
418 1429 21 24 it
453 1434 55 19 was
526 1423 68 34 sold,
608 1434 30 18 or
650 1424 23 28 if
682 1424 30 29 de-

156 1464 69 27 sired
239 1463 46 29 the
299 1473 100 26 money
413 1463 54 28 will
481 1463 32 28 be
526 1462 137 28 returned.

94 1501 61 29 The
169 1511 107 21 success
289 1501 89 30 which
394 1501 50 30 has
457 1500 128 31 attended
599 1500 45 29 the
661 1500 66 29 New

131 1542 50 27 Zen
186 1541 90 34 land'
276 1541 130 34 Clothing
431 1540 140 37 Factory's
603 1540 90 30 Retail

164 1580 141 27 Branches
329 1581 28 25 in
390 1579 137 33 Dunedin,
555 1578 88 29 Christ-

199 1617 113 30 church,
338 1616 176 36 Wellington,
536 1615 69 29 Auck-

232 1656 75 30 land,
320 1656 54 28 and
394 1656 78 29 other
492 1660 97 29 towns,

261 1694 75 29 leads
343 1694 45 28 the
396 1694 163 36 proprietors

301 1738 28 24 to
343 1732 103 29 believe
459 1732 60 29 that

329 1771 76 29 there
412 1771 82 28 exists

92 1860 251 41 Praiseworthy
355 1860 110 32 desire
478 1868 46 24 on
533 1859 59 32 the
604 1863 78 35 part
694 1861 39 32 of

141 1898 59 32 the
212 1897 116 40 public
341 1899 36 30 to
390 1900 191 34 encourage
593 1900 87 33 New

222 1934 152 32 Zealand
397 1934 202 33 Industries.

93 1983 156 38 Especially
263 1984 90 29 where
367 1985 123 36 superior
502 1985 166 33 advantages
682 1995 44 18 are

127 2022 110 32 offered,
252 2022 54 29 and
324 2032 69 27 your
405 2028 114 38 support
532 2025 22 26 is
567 2023 125 30 solicited

197 2070 34 19 on
245 2060 54 29 this
318 2061 218 40 understanding
548 2061 74 35 only.

183 2101 37 32 T.
238 2100 438 40 BLENNERHASSETT,

291 2138 131 33 Mannger
435 2137 139 36 Westport
586 2138 120 26 Branch.

93 2212 155 29 Wholesale
263 2213 95 28 Storks
372 2218 27 23 to
413 2213 82 28 select
508 2214 69 27 Irom
590 2213 26 27 in
632 2212 36 29 all
677 2221 49 18 our

94 2251 149 30 Branches.
280 2251 85 28 NOW
385 2250 109 36 OPEN,
519 2251 53 29 and
593 2249 47 32 the
659 2250 67 38 only

238 2290 112 29 address
363 2291 27 28 in
404 2290 139 36 Westport
555 2291 23 28 is

92 2337 88 39 New
189 2337 178 49 Buildings
378 2347 84 29 near
472 2336 138 49 Empire
620 2336 106 40 Hotel

247 2425 325 35 APOLOGY.

97 2542 42 33 IN
169 2542 83 33 THE
287 2542 193 34 SUPREME
512 2542 134 34 COURT
677 2542 51 34 OF

176 2587 94 31 NEW
320 2587 200 38 ZEALAND,
566 2587 161 33 NELSON

175 2630 199 33 DISTRICT.

136 2745 139 33 Between
294 2745 77 33 John
395 2746 118 37 Mukro,
536 2746 153 39 Plaintiff;

385 2790 58 32 and

98 2834 125 33 Eugene
247 2834 111 32 Joseph
383 2834 144 38 O'Conor,
550 2835 177 33 Defendant.

137 2947 51 33 TO
222 2947 61 33 MR
316 2947 105 33 JOHN
460 2947 156 40 MUNRO,
651 2949 57 33 Mer-

215 2992 101 35 chant,
345 2992 190 39 Westport—

99 3046 101 40 QIR,
203 3046 69 34 —W
273 3046 7 8 T
281 3046 44 34 ith
335 3047 145 34 reference
491 3048 31 34 to
531 3048 93 34 words
633 3048 96 34 which

197 3107 15 31 I
227 3116 48 22 am
300 3106 112 41 alleged
435 3109 31 31 to
479 3107 74 33 have
577 3108 71 32 used
672 3108 58 32 last

98 3163 164 32 November
273 3163 151 41 reflecting
435 3174 38 22 on
484 3174 72 31 your
567 3164 160 38 character,

96 3220 59 32 and
179 3220 96 33 which
299 3231 66 22 now
379 3220 90 33 forms
489 3220 51 34 the
562 3221 114 43 subject
699 3213 44 51 of'

96 3288 73 31 your
196 3278 96 33 action
326 3278 116 41 against
475 3280 108 41 myself
612 3280 32 32 in
677 3276 66 45 the!

99 3335 142 43 Supreme
256 3336 100 39 Court,
372 3337 14 33 I
400 3336 75 34 have
489 3340 30 31 to
533 3340 75 31 state
622 3349 6 23 :

137 3395 78 32 That
237 3395 50 33 the
312 3397 93 32 words
428 3408 74 22 were
527 3398 71 32 used
621 3397 32 34 in
677 3398 51 34 the

215 3453 70 34 heat
298 3455 32 33 of
340 3457 123 41 temper,
478 3456 58 33 and
546 3457 93 33 under
650 3457 80 33 what
742 3452 1 46 !

216 3515 142 41 appeared
386 3518 31 29 to
443 3526 47 21 me
513 3518 30 30 to
565 3516 35 32 be
628 3518 102 38 strong

215 3573 197 41 provocation.
454 3573 84 32 lam
559 3585 82 30 sorry
665 3573 67 32 that

216 3630 14 32 I
253 3630 71 32 used
346 3630 72 32 such
433 3631 103 37 words,
559 3631 58 32 and
637 3631 94 33 desire

217 3690 30 31 to
275 3688 151 34 withdraw
454 3688 92 38 them,
572 3688 50 35 the
649 3700 82 23 more

216 3747 189 42 particularly
432 3759 32 21 as
492 3759 17 20 a
539 3747 140 42 meaning
706 3748 25 31 is

218 3803 135 34 attached
368 3806 31 31 to
412 3803 93 40 them,
527 3805 152 41 reflecting
693 3815 38 23 on

217 3872 72 30 your
303 3862 95 31 honor
412 3863 58 30 and
484 3863 135 41 honesty,
635 3864 96 30 which

218 3918 14 33 I
245 3918 60 33 had
319 3930 39 21 no
372 3919 147 33 intention
533 3922 31 30 to
575 3919 97 43 apply.

139 3975 14 31 I
169 3975 71 33 offer
254 3986 57 31 you
326 3977 62 31 £SO
400 3976 45 32 for
458 3986 73 32 your
545 3979 88 30 costs.

141 4033 95 33 Dated
261 4036 30 30 at
313 4033 120 38 Nelson,
459 4033 60 33 this
534 4034 72 33 80th
627 4034 57 43 day
705 4038 31 33 of

99 4087 92 42 April,
209 4090 51 30 188
260 4090 34 30 G.

267 4145 172 33 EUGENE
461 4146 29 33 J.
512 4146 182 33 O'CONOR.

140 4198 170 33 Witness—

310 4241 135 33 Charles
466 4243 35 31 Y.
524 4243 90 37 Fell,

410 4286 145 38 Solicitor,
572 4287 121 33 Nelson.

3616 4292 137 41 Mining
3770 4294 153 32 Notices.

3445 4372 74 28 TYR
3549 4372 178 28 CONNELL
3756 4374 148 34 QUARTZ
3936 4375 146 28 MINING

3569 4423 189 36 COMPANY,
3776 4424 177 30 LIMITED.

3461 4528 95 32 ATa
3570 4528 121 39 Meeting
3697 4529 31 31 of
3737 4529 138 31 Directors
3882 4530 62 31 held
3951 4530 54 32 this
4016 4531 64 39 day,

3539 4592 16 17 a
3567 4583 60 26 Call
3642 4583 56 33 (the
3713 4584 73 33 19th)
3802 4584 29 27 of
3847 4584 77 27 ONE
3948 4585 131 27 PENNY

3444 4642 48 28 per
3504 4632 80 29 share
3596 4642 56 20 was
3664 4633 102 34 struck,
3786 4633 56 30 and
3860 4634 81 30 made
3961 4635 117 37 payable

3449 4688 28 25 to
3490 4685 47 29 the
3549 4694 140 29 manager,
3701 4689 28 26 at
3750 4686 47 29 the
3817 4687 159 37 Registered
3998 4689 84 28 Office

3448 4739 30 28 of
3491 4739 48 29 the
3558 4739 153 37 Company,
3733 4740 65 29 Cliff
3817 4741 98 34 Street,
3934 4742 89 36 Lyell,
4045 4752 38 20 on

3444 4790 252 36 WEDNESDAY,
3711 4792 65 30 12th
3790 4793 76 37 May,
3880 4794 76 29 1886.

3730 4845 123 28 JAMES
3868 4846 142 33 INGLIS,

3906 4892 141 39 Manager.

3480 4943 88 36 Lyell,
3581 4943 48 28 3rd
3644 4944 76 36 May,
3734 4946 76 26 18S6.

3445 5023 79 28 THE
3550 5024 139 28 VICTOR
3715 5025 191 29 EMANUEL
3932 5027 150 34 QUARTZ

3489 5077 146 31 MINING
3651 5077 191 36 COMPANY,
3861 5079 176 30 LIMITED.

3480 5179 96 30 SALE
3595 5181 48 28 OF
3661 5181 218 30 FORFEITED
3898 5183 149 31 SHARES

3644 5233 230 32 POSTPONED.

3463 5338 24 30 A
3507 5337 48 31 LL
3574 5337 159 38 SHARES,
3746 5339 166 41 numbering
3932 5341 72 32 from
4028 5343 12 30 1
4055 5346 29 28 to

3541 5393 105 32 24,000,
3657 5393 218 28 FORFEITED
3884 5395 120 37 through
4015 5406 52 19 non-

3446 5447 131 34 payment
3597 5444 31 29 of
3645 5454 56 27 any
3724 5445 105 34 CALL,
3852 5447 57 28 will
3932 5447 33 29 be
3988 5448 96 29 SOLD

3447 5497 36 36 by
3497 5497 138 29 PUBLIC
3654 5498 177 33 AUCTION,
3845 5503 30 24 at
3894 5500 45 29 Mr
3960 5501 124 30 Patrick

3447 5548 162 29 Brennax's
3633 5549 120 29 Auction
3781 5550 83 32 Mart,
3890 5552 126 33 Reefton,
4048 5563 36 19 on

3447 5601 152 32 FRIDAY,
3612 5602 47 29 the
3673 5603 64 28 14th
3750 5602 55 38 day
3817 5604 28 29 of
3857 5604 90 36 MAY,
3966 5607 76 32 1880,
4056 5609 28 27 at

3447 5656 16 25 3
3492 5654 104 28 o'clock
3626 5664 77 26 p.m.,
3733 5656 93 28 uuless
3855 5660 157 34 previously
4041 5669 27 17 re-

3447 5704 122 30 deemed.

3732 5758 123 29 JAMES
3874 5760 142 33 INGLIS,

3911 5813 141 36 Mamger,

3483 5860 87 37 Lyell,
3583 5862 48 27 siih
3645 5861 75 36 May,
3736 5863 74 27 18S5.
