4160 5990
1372 74 116 40 THE
1542 71 186 42 LYELL
1777 69 188 45 TIMES,
2020 65 310 52 SATURDAY,
2386 67 114 45 MAY
2551 71 34 46 8,
2643 71 103 41 1886.

264 205 137 41 Mining
428 207 151 32 Notices.

106 282 148 29 UNITED
268 284 140 29 ALPINE
426 285 146 35 QUARTZ
593 284 144 29 MINING

227 332 188 34 COMPANY,
435 331 175 31 LIMITED.

123 433 25 28 A
167 432 22 29 T
203 442 16 19 a
243 433 122 36 Meeting
388 433 29 28 of
437 433 147 34 Directors,
598 433 65 28 held
683 433 56 28 this

106 461 61 30 JAm
202 483 64 39 day,
285 494 16 19 a
322 484 194 29 DIVIDEND
536 483 56 39 (tho
612 484 76 36 23rd)
710 484 30 28 of

103 536 77 29 ONE
201 538 185 28 SHILLING
408 547 48 27 per
482 539 78 28 share
584 537 105 37 (32,000
689 537 46 37 th)

103 598 56 19 was
190 590 80 28 made
301 590 115 37 payable
447 594 28 25 at
501 591 45 28 the
569 591 167 36 Company's

104 642 93 35 Office,
220 643 65 29 Cliff
303 644 96 33 Street,
417 644 86 36 Lyell,
529 653 36 19 on
590 643 54 29 and
670 643 69 29 after

105 694 208 35 SATURDAY,
344 695 48 30 Bth
411 696 114 33 instant,
548 698 44 27 188
592 698 30 27 G.

388 748 122 30 JAMES
529 748 140 35 INGLIS,

529 789 139 34 Manager.

140 825 88 36 Lyell,
242 826 42 29 Ist
297 826 75 36 May,
387 827 44 28 188
431 827 30 28 G.

106 908 145 30 UNITED
277 910 113 28 ITALY
418 910 147 35 QUARTZ
593 910 145 28 MINING

227 961 187 34 COMPANY,
433 962 176 29 LIMITED.

121 1066 25 28 A
165 1066 21 28 T
200 1075 16 20 a
224 1065 121 37 Meeting
353 1065 32 29 of
392 1066 138 29 Directors
536 1066 64 29 held
609 1066 56 29 this
675 1066 62 37 day,

199 1129 16 19 a
228 1119 58 29 Call
303 1119 55 35 (the
377 1119 75 35 28th)
476 1119 30 28 of
523 1117 75 31 ONE
622 1119 90 29 HALF-

104 1169 129 29 PENNY
245 1178 48 29 per
305 1169 78 28 share
397 1177 55 21 was
466 1169 102 34 struck,
581 1170 55 28 and
654 1170 80 29 made

104 1223 115 37 payable
232 1227 27 24 to
272 1223 46 28 the
331 1232 140 26 manager,
485 1227 29 24 at
524 1223 45 28 the
579 1223 157 34 Registered

106 1274 82 31 Office
201 1273 30 31 of
242 1273 45 30 the
301 1272 152 40 Company,
467 1273 65 31 Cliff
540 1274 97 35 Street,
648 1274 87 38 Lyell,

104 1334 37 20 on
154 1326 248 31 WEDNESDAY,
416 1326 64 26 12th
495 1326 89 31 MAY,
598 1327 76 25 1886.

387 1376 123 31 JAMES
527 1377 139 34 INGLIS,

559 1416 140 36 Manager.

140 1454 88 37 Lyell,
241 1453 49 31 3rd
303 1453 75 38 May,
393 1454 44 29 188
437 1454 30 29 G.

104 1534 77 30 TYR
207 1534 174 31 CONNELL
412 1533 148 36 QUARTZ
591 1533 145 30 MINING

232 1586 186 34 COMPANY,
431 1585 174 29 LIMITED.

122 1691 25 30 A
165 1691 47 30 LL
226 1691 157 35 SHARES,
395 1690 163 37 numbering
577 1689 72 31 from
671 1690 14 29 1
707 1693 28 27 to

200 1746 104 34 24,000,
315 1743 216 31 FORFEITED
541 1743 118 37 through
667 1752 51 21 non-

104 1799 131 33 payment
247 1796 30 27 of
285 1805 55 26 any
353 1795 104 33 CALL,
470 1795 55 28 will
538 1795 31 28 be
583 1795 94 28 SOLD
699 1795 36 35 by

104 1846 140 32 PUBLIC
271 1846 179 36 AUCTION,
475 1849 28 28 at
534 1846 49 31 Mr
613 1846 123 30 Patrick

104 1902 162 29 Brennan's
290 1903 117 27 Auction
435 1902 81 32 Mart,
548 1901 125 34 Reefton,
701 1911 35 19 on

104 1953 153 34 FRIDAY,
270 1953 45 29 the
329 1954 59 28 21st
400 1952 54 37 day
468 1953 29 29 of
508 1952 89 35 MAY,
611 1954 76 33 1886,
709 1955 28 26 at

103 2007 16 27 8
150 2004 102 30 o'clock
282 2014 76 28 p.m.,
389 2004 91 30 unless
510 2004 156 38 previously
696 2014 24 20 re-

103 2057 124 29 deemed.

389 2095 122 29 JAMES
528 2095 140 34 INGLIS,

561 2133 140 35 Manager.

139 2169 87 40 Lyell,
238 2170 49 31 Bth
302 2169 75 40 May,
393 2171 45 30 188
438 2171 30 30 G.

171 2260 249 30 APPLICATION
442 2260 73 30 FOR
537 2260 130 30 LEASE.

539 2348 93 28 Owen.

452 2387 61 30 21st
525 2386 86 39 April,
626 2387 75 30 1886.

137 2434 40 30 To
196 2444 56 19 TnE
271 2436 128 29 Warden
417 2444 34 19 at
470 2434 207 31 Murchison—

104 2481 36 61 I
160 2482 158 27 HEREBY
340 2482 83 35 apply
441 2483 41 26 for
506 2491 16 18 a
544 2481 193 36 Gold-Mining

177 2520 86 29 Lease
284 2519 27 30 of
331 2519 47 30 the
399 2519 79 30 lands
503 2519 164 30 hereinafter
691 2519 29 30 de-

103 2559 112 33 scribed,
241 2561 28 26 in
294 2557 164 31 accordance
489 2559 67 29 with
581 2559 46 29 the
653 2559 81 29 Gold-

104 2598 108 37 Mining
224 2598 100 29 Leases
337 2597 179 37 Regulations
537 2597 30 30 of
582 2598 67 29 New
670 2599 48 28 Zea-

103 2636 74 34 land,
191 2636 54 29 and
259 2637 14 28 I
286 2646 88 27 agree,
393 2645 73 28 upon
489 2636 47 29 the
557 2637 131 35 approval
710 2636 30 30 if

103 2674 55 29 this
179 2674 175 37 application,
367 2679 28 25 to
417 2679 111 25 execute
541 2683 16 21 a
570 2675 72 29 lease
662 2684 74 28 upon

103 2713 46 28 the
163 2712 72 29 basis
249 2713 104 29 theroin
367 2713 97 33 stated,
487 2712 25 29 if
531 2713 47 29 the
598 2714 139 29 Governor

103 2751 71 28 shall
187 2751 80 29 think
279 2751 32 29 fit
324 2756 27 25 to
364 2754 79 34 grant
456 2751 45 29 the
515 2760 84 20 same.

341 2789 169 32 MATHEW
528 2790 140 36 BYRNE,

546 2830 156 35 Applicant.

138 2903 88 31 Name
240 2905 54 29 and
306 2905 110 30 address
426 2908 28 26 in
468 2906 48 28 full
526 2905 31 30 of
564 2905 172 37 applicant—

173 2944 121 29 Muthew
307 2945 102 36 Byrne,
422 2945 42 28 Ow
473 2954 43 19 en.

138 2983 76 34 Style
236 2984 87 27 under
346 2984 90 27 which
462 2984 22 27 it
507 2983 24 28 is
555 2982 129 29 intended
708 2986 28 25 to

172 3020 115 29 conduct
317 3020 44 29 the
385 3020 123 29 busiuess
510 3020 141 29 —Golden
676 3020 60 28 Hill

172 3058 71 29 Gold
257 3059 107 34 Mining
377 3059 152 37 Company.

137 3098 103 28 Extent
252 3098 30 29 of
297 3098 106 34 ground
421 3097 110 38 applied
548 3097 187 29 for—Sixteen

172 3137 54 28 and
239 3137 90 28 a-half
339 3146 84 19 acres.

139 3174 148 29 Minimum
301 3175 116 28 number
431 3175 30 28 of
470 3184 64 19 men
557 3174 131 37 proposed
708 3178 28 24 to

173 3213 32 28 be
218 3213 144 37 employed
375 3213 36 37 by
429 3213 46 28 the
494 3212 174 30 lessee—For
690 3212 46 29 the

173 3251 58 29 first
251 3253 96 28 twelve
375 3252 122 32 months,
525 3254 16 25 2
565 3259 82 27 men;
676 3252 45 27 sub-

173 3290 152 36 sequently,
350 3290 81 28 when
460 3290 30 28 in
514 3290 50 27 full
594 3289 84 34 work,
705 3291 33 26 12

174 3337 73 20 men.

140 3367 124 28 Amount
284 3366 29 30 of
330 3367 101 36 capital
451 3366 133 37 proposed
597 3370 28 25 t«
644 3366 33 29 be
696 3367 27 28 in-

176 3405 125 29 vested—
305 3406 20 28 £
330 3406 100 33 12,000.

141 3443 137 38 Proposed
291 3445 79 28 mode
384 3445 30 28 of
431 3444 123 36 working
572 3444 46 29 the
637 3443 101 30 land-

175 3483 168 36 Tunnelling
356 3483 53 29 and
423 3483 109 36 sinking
544 3484 41 28 for
597 3486 104 33 quartz.

141 3522 106 28 Precise
268 3521 235 37 locality—North
522 3523 54 27 and
598 3521 140 37 adjoining

176 3560 47 29 the
237 3560 63 29 Uno
313 3560 167 37 Company's
492 3560 82 29 lease.

142 3598 82 29 Term
244 3598 41 29 for
297 3598 89 29 which
405 3598 72 29 lease
499 3598 23 29 is
543 3597 194 38 required—ls

176 3645 87 27 years.

142 3673 78 28 Time
239 3673 31 27 of
284 3673 191 43 commencing
492 3672 228 37 operations—lm-

176 3711 148 38 mediately
336 3721 34 21 on
384 3718 128 31 granting
525 3713 26 27 ot
563 3711 81 29 lease.

141 3788 59 29 Tho
223 3788 83 29 above
328 3789 165 37 application
506 3787 54 30 and
579 3797 54 26 any
651 3787 71 36 objec-

107 3827 57 29 tion
178 3826 104 30 thereto
294 3827 56 30 will
363 3827 32 29 be
409 3827 83 30 heard
501 3831 28 24 at
539 3827 46 29 the
594 3826 144 29 Warden's

106 3866 85 28 Office
204 3870 29 24 at
247 3866 167 34 Murchiion,
428 3876 36 19 on
485 3866 185 33 TUESDAY,
689 3866 47 28 6th

107 3902 105 35 JULY,
226 3904 76 28 1886.

141 3942 63 37 Any
224 3952 98 27 person
345 3942 118 37 desiring
484 3945 27 28 to
533 3942 86 37 object
642 3944 28 28 to
692 3941 46 29 the

107 3981 72 27 issue
191 3981 30 27 of
230 3990 14 18 a
257 3981 108 36 Mining
384 3981 84 28 Lease
490 3990 74 27 upon
586 3981 46 27 the
654 3980 84 28 above

108 4018 162 37 application
298 4023 84 31 must,
406 4019 98 29 within
525 4021 33 27 30
578 4019 71 28 clear
671 4017 67 37 days

107 4057 69 30 from
190 4057 46 30 the
256 4057 62 30 date
340 4059 30 28 of
388 4058 67 29 such
475 4057 174 38 application,
665 4062 75 23 enter

107 4095 43 30 his
171 4096 135 38 objection
325 4101 28 26 at
374 4097 47 30 the
442 4097 144 30 Warden's
605 4097 84 28 Office
711 4101 29 24 at

108 4134 88 38 Lyell.

209 4172 153 30 ALFRED
380 4174 33 28 A.
433 4172 202 35 CORFIELD,

510 4212 52 28 Pro
576 4211 129 29 Warden.

211 4248 144 33 Warden's
372 4248 93 37 Office,

144 4288 88 35 Lyell,
246 4289 48 28 7th
310 4290 75 33 May,
400 4291 75 25 1886.

283 4360 119 35 Public
420 4362 152 33 Notices.

108 4438 78 29 THE
218 4438 193 28 NATIONAL
441 4439 104 28 BANK
574 4440 48 28 OF
654 4440 87 29 NEW

230 4490 188 36 ZEALAND,
442 4491 178 32 LIMITED.

109 4586 121 56 rpHIS
244 4584 365 35 BANKwiIIbeOPENED
624 4592 27 29 to
662 4589 78 32 BUY

198 4640 101 28 GOLD
319 4640 55 29 and
392 4640 193 29 TRANSACT
605 4642 136 29 General

109 4693 175 29 BANKING
314 4692 187 30 BUSINESS
533 4697 28 26 at
595 4694 80 36 Lyell
706 4705 36 19 on

109 4746 208 35 SATURDAY,
341 4746 49 30 Bth
415 4746 53 39 day
492 4746 30 31 of
543 4745 88 37 MAY,
656 4748 87 30 under

110 4800 47 29 the
187 4800 100 36 charge
317 4798 32 30 of
376 4799 47 29 the
453 4799 118 31 Reefton
602 4801 141 38 Manager,

111 4852 24 28 I.
155 4852 98 29 Lewis.

405 4889 43 29 W.
468 4890 170 34 DYMOCK,

557 4939 151 37 Inspector.

241 5142 168 34 BULLER
430 5142 172 33 COUNTY.

111 5256 208 36 mENDERS
346 5268 50 23 are
426 5256 173 35 INVITED
623 5256 44 35 for
694 5256 50 35 the

116 5291 29 49 1
212 5315 298 33 MAINTENANCE
550 5315 32 33 of
614 5315 130 32 LOCAL

110 5374 142 38 ROADS,
288 5374 95 43 Lyell,
419 5384 32 22 as
485 5384 52 31 per
566 5372 86 42 plans
687 5373 57 32 and

110 5433 224 41 specifications,
364 5435 30 31 to
421 5432 35 33 be
484 5442 71 22 seen
581 5433 31 30 at
639 5430 48 32 Mr
715 5429 28 34 J.

111 5491 160 37 Fennell's,
296 5491 95 42 Lyell,
417 5491 59 32 and
503 5489 117 42 County
644 5488 100 37 Office,

113 5550 158 41 Westport.

151 5651 131 33 Tenders
305 5651 77 33 close
397 5653 31 31 at
442 5651 50 33 the
517 5651 117 42 County
655 5650 89 32 Office

112 5721 39 21 on
166 5710 199 36 TUESDAY,
381 5710 51 31 the
448 5710 72 31 11th
534 5710 57 40 day
604 5710 32 31 of
648 5709 96 37 MAY,

115 5767 85 37 1886,
217 5767 30 32 at
262 5767 17 31 2
294 5766 119 37 o'clock,
426 5777 71 31 p.m.

291 5825 172 31 EUGENE
486 5823 180 36 OCONOR,

402 5868 116 32 Countv
533 5868 171 32 Chairman.

938 206 119 32 Public
1075 207 152 32 Notices.

902 412 167 34 DULLER
1089 411 173 42 COUNTY,

766 526 207 35 mENDERS
995 529 60 32 will
1076 530 35 31 be
1136 530 213 33 RECEIVED
1371 534 31 29 at

772 576 27 33 J-
847 585 50 32 the
912 585 117 42 County
1050 587 100 37 Office,
1176 587 159 41 Westport,
1362 599 39 29 up

765 647 29 30 to
823 646 16 31 2
868 644 120 37 o'clock,
1017 656 83 30 p.m.,
1131 656 38 21 on
1197 646 203 38 TUESDAY,

764 702 50 32 the
831 702 70 32 11th
916 702 57 42 day
987 703 31 31 of
1031 703 95 37 MAY,
1144 705 86 35 1886,
1253 703 44 33 for
1313 703 65 33 SEC-

764 759 120 35 TIONS
894 761 17 31 4
922 760 58 33 and
990 762 16 31 5
1018 760 249 34 EIGHT-MILE
1279 761 120 39 ROAD,

764 819 95 42 LyelL

804 933 91 33 Plans
910 932 58 34 and
982 935 215 41 specifications
1206 945 70 32 may
1284 931 35 37 be
1331 943 70 25 seen

764 994 31 30 at
809 992 47 32 Mr
871 992 29 33 J.
917 992 160 38 Fennell's,
1093 992 94 42 Lyell,
1211 993 58 32 and
1284 994 117 41 County

765 1051 101 37 Office,
882 1049 160 43 Westport.

942 1108 173 34 EUGENE
1138 1108 182 39 O'CONOR,

1056 1166 117 42 County
1187 1166 172 31 Chairman.

907 1380 167 33 BULLER
1096 1380 162 33 COUNTY

789 1489 258 32 IENDERSwiII
1070 1489 36 31 be
1129 1489 213 31 RECEIVED
1368 1491 30 30 at

768 1533 29 36 J-
852 1545 50 32 the
926 1545 116 42 County
1067 1545 101 37 Office,
1184 1545 160 42 Westport,
1360 1554 38 25 on

764 1603 71 33 17th
850 1603 97 37 MAY,
964 1604 86 37 1886,
1065 1603 45 33 for

838 1660 72 34 Part
936 1660 119 34 Section
1079 1660 56 35 No.
1162 1663 16 31 5
1203 1660 108 44 Rough
1340 1661 59 34 and

919 1719 317 34 Tumble—Karamea
1249 1719 94 35 Road.

840 1778 134 33 Sections
1002 1780 17 29 4
1047 1778 60 32 and
1135 1780 27 34 5,
1191 1778 95 40 Eight
1313 1778 83 38 Mile,

919 1834 95 43 Lyell.

801 1945 91 32 Plans
910 1944 58 32 and
988 1945 214 41 specifications
1226 1946 45 32 for
1292 1945 108 42 Rough

763 2001 58 33 and
855 2002 126 33 Tumble
1011 2002 84 34 Road
1126 2005 30 31 at
1185 2002 48 33 Mr
1265 2002 133 40 Sweet's,

764 2059 176 37 Mokihinui,
969 2060 59 31 and
1053 2060 90 41 Fight
1166 2060 71 33 Mile
1262 2060 84 33 Road
1369 2063 31 30 at

763 2116 48 31 Mr
825 2112 29 36 J.
870 2116 160 37 Fennell's,
1046 2116 95 42 Lyell,
1157 2118 59 31 and
1230 2119 31 30 at
1282 2118 118 41 County

764 2170 116 35 Offices.

1001 2218 37 33 E.
1062 2219 180 39 O'CONOR,

1032 2272 118 45 County
1164 2272 174 40 Chairman,

1074 2328 59 31 For
1144 2328 138 32 Minister
1293 2329 106 32 Mines.

947 2542 272 34 NOTICE.

781 2651 138 34 LYELL
940 2652 223 34 LICENSING
1185 2653 201 35 DISTRICT.

764 2759 100 34 rrHE
888 2761 120 33 Annual
1028 2761 224 35 LICENSING
1270 2763 104 33 MEET-

770 2829 27 14 ■*•
842 2820 72 31 ING
930 2821 32 31 of
981 2820 51 32 the
1046 2822 161 38 Licensing
1222 2822 177 31 Committee

762 2875 44 35 for
821 2875 50 34 the
886 2875 124 34 District
1034 2876 32 35 of
1084 2876 86 43 Lyell
1194 2876 61 35 will
1278 2877 36 34 be
1330 2877 71 34 held

762 2936 31 31 at
807 2934 51 33 the
873 2934 92 33 Court
976 2934 112 38 House,
1095 2934 95 43 Lyell,
1199 2946 38 22 on
1249 2935 126 33 THURS-

762 2991 92 36 DAY,
870 2992 51 31 the
936 2992 53 31 3rd
1003 2993 57 40 day
1079 2993 32 31 of
1133 2993 117 36 JUNE,
1268 2994 86 35 1886,
1369 2996 32 28 at

762 3057 89 29 noon,
867 3048 45 33 for
931 3048 50 33 the
1005 3048 217 34 consideration
1246 3049 33 34 of
1300 3049 83 42 Appli-

762 3106 113 33 cations
900 3107 44 32 for
971 3106 184 34 Certificates
1178 3107 44 33 for
1249 3107 150 38 Licenses,

762 3163 165 37 Transfers,
943 3174 33 22 or
990 3163 157 33 Removals
1162 3165 32 32 of
1211 3164 149 33 Licenses.

802 3278 81 31 ALL
917 3278 294 33 APPLICATIONS
1248 3283 82 28 must
1363 3280 37 31 be

764 3334 169 34 LODGED
947 3334 32 33 in
993 3334 148 43 duplicate
1155 3335 72 34 with
1248 3336 51 34 the
1314 3335 88 35 Clerk

764 3392 32 32 of
807 3392 51 32 the
872 3392 101 38 Court,
995 3402 40 24 on
1059 3403 32 23 or
1115 3393 98 33 befere
1238 3394 162 38 FRIDAY,

764 3450 51 33 the
831 3450 72 33 14th
918 3451 57 42 day
989 3451 32 33 of
1032 3451 97 37 MAY,
1149 3454 83 35 1886,

803 3508 96 33 Dated
913 3508 60 32 this
987 3508 73 33 80th
1075 3508 93 42 April,
1185 3511 86 31 1886.

861 3565 166 32 ALFRED
1048 3565 36 33 A.
1107 3565 215 38 CORFIELD,

893 3621 87 33 Clerk
995 3622 31 33 of
1037 3622 160 42 Licensing
1211 3623 188 33 Committee.

942 3837 272 35 NOTICE.

765 3948 203 34 HAMPDEN
979 3948 224 35 LICENSING
1212 3949 190 34 DISTRICT

768 4064 99 33 mHE
891 4064 119 33 Annual
1027 4063 223 36 LICENSING
1272 4063 129 34 MEET-

773 4115 28 31 J-
848 4123 73 32 ING
936 4123 32 32 of
979 4123 51 32 the
1043 4123 161 41 Licensing
1225 4124 178 32 Committee

766 4181 44 31 for
824 4180 51 32 the
889 4181 124 31 District
1027 4181 32 32 of
1070 4181 200 33 HAMPDEN
1293 4182 60 31 will
1367 4182 37 32 be

766 4236 69 35 held
850 4239 30 32 at
904 4236 51 36 the
979 4236 92 35 Court
1085 4237 112 40 House,
1219 4237 182 40 Murchison,

768 4305 38 21 on
820 4296 202 35 TUESDAY,
1037 4296 51 31 the
1105 4297 46 30 Ist
1175 4296 117 36 JUNE,
1316 4298 86 35 1886,

768 4353 30 31 at
830 4362 90 28 noon,
955 4351 44 35 for
1033 4351 51 34 the
1124 4352 217 34 consideration
1375 4353 32 33 of

768 4410 202 42 Applications
1023 4411 45 33 for
1121 4410 184 34 Certificates
1355 4412 49 33 -for

768 4467 148 41 Licenses,
961 4468 164 40 Transfers,
1170 4468 165 40 Renewals,
1371 4479 32 25 or

768 4528 157 32 Removals
940 4528 31 32 of
982 4528 150 32 Licenses.

808 4645 79 32 ALL
922 4645 294 34 APPLICATIONS
1253 4649 82 30 must
1367 4646 36 33 be

768 4703 169 33 LODGED
952 4703 31 32 in
997 4703 147 42 duplicate
1158 4704 72 33 with
1251 4705 51 33 the
1317 4705 87 32 Clerk

769 4761 32 33 of
811 4760 50 35 the
877 4761 100 38 Court,
994 4771 38 25 on
1047 4772 32 23 or
1089 4761 99 34 before
1196 4762 205 39 TUESDAY,

769 4818 51 34 the
836 4819 71 33 11th
922 4819 56 44 day
992 4819 31 34 of
1035 4820 97 39 MAY,
1149 4821 86 33 1886.

808 4877 97 30 Dated
919 4877 59 30 this
994 4877 73 31 80th
1081 4877 56 40 day
1151 4877 32 31 of
1194 4878 93 39 April,
1305 4880 85 29 1886.

861 4932 165 35 ALFRED
1047 4934 35 34 A.
1109 4933 215 40 CORFIELD,

896 4991 87 35 Clerk
997 4993 31 33 to
1041 4992 160 41 Licensing
1215 4992 187 34 Committee.

966 5080 252 32 NOTICE.

822 5187 97 31 WILL
933 5188 74 30 NOT
1025 5187 33 31 be
1078 5186 262 32 RESPONSIBLE
1365 5186 42 30 for

804 5238 4 39 '
853 5249 54 28 any
919 5240 123 29 DEBTS
1054 5239 126 29 incurred
1191 5240 36 35 by
1238 5238 56 29 MY
1303 5238 102 29 WIFE

772 5293 105 27 MARY
907 5293 77 29 ANN
1013 5293 215 34 BEAMSLEY,
1252 5292 72 28 from
1348 5290 56 30 this

771 5345 71 29 date.

965 5396 175 30 WILLIAM
1153 5394 219 31 BEAMSLEY.

807 5449 168 34 Murchison,
990 5449 66 37 May
1069 5449 58 34 3rd,
1142 5450 76 28 1886.

978 5533 228 31 FOUND.

790 5639 24 27 A
844 5637 101 29 GOLD
968 5637 130 30 GUARD
1122 5637 54 30 and
1201 5637 153 30 BROOCH
1378 5637 30 29 in

867 5689 65 32 Cliff
943 5691 98 35 Street,
1055 5689 88 39 Lyell.

807 5795 58 30 The
879 5802 90 21 owner
982 5803 50 19 can
1046 5793 92 28 obtain
1152 5792 46 29 the
1212 5800 75 21 same
1306 5790 37 38 by
1363 5799 31 29 ap-

773 5834 94 36 plying
879 5835 27 26 to
920 5832 84 29 Office
1017 5832 30 28 of
1057 5831 53 28 this
1124 5839 91 29 paper,
1235 5830 54 28 and
1308 5829 102 38 paying

774 5881 138 28 expense?.

1601 206 118 32 Public
1743 205 152 32 Notices.

1432 285 163 40 FERN
1642 283 156 40 FL'AT
1844 278 218 47 HOTEL,

1590 348 125 30 UPPER
1746 346 163 31 BULLER.

1432 452 108 61 THE
1555 451 86 31 above
1654 451 175 30 well-known
1846 450 74 28 hotel
1940 449 22 28 is
1984 449 81 33 again

1521 491 87 29 under
1618 491 46 29 the
1674 491 194 35 management
1877 487 29 30 of
1916 487 45 30 Mr
1972 485 93 30 Alfred

1432 531 101 34 Smith,
1544 531 46 29 the
1603 532 100 28 former
1715 529 159 37 proprietor.

1465 635 92 37 Every
1571 633 236 30 accommodation
1816 631 54 30 and
1884 630 181 30 convenience

1430 673 41 29 for
1483 673 141 29 travellers
1637 673 118 28 between
1771 673 45 27 the
1830 672 76 27 West
1919 670 82 28 Coast
2011 668 55 28 and

1432 712 111 34 Nelson,
1564 712 151 36 Hampden
1738 709 172 33 Matakitaki,
1933 708 130 36 Glenroy,

1432 751 115 33 Maruia,
1561 750 53 29 and
1627 750 47 29 the
1688 751 83 28 Owen
1785 748 89 30 Reefs.

1431 863 161 30 Newman's
1605 863 89 37 Royal
1717 863 68 29 Mail
1806 862 69 29 Line
1895 861 31 30 of
1942 859 123 30 Coaches

1463 902 82 29 make
1570 903 55 29 this
1646 902 138 36 hostelery
1803 901 48 28 the
1872 901 59 27 first
1952 899 77 36 day's

1498 944 76 35 stage
1587 941 71 30 from
1668 941 77 28 West
1752 940 83 29 Coast
1844 942 28 26 to
1883 938 111 29 Nelson.

1463 1054 125 29 Tourists
1601 1063 50 19 can
1664 1054 34 28 be
1710 1053 132 38 provided
1855 1052 66 28 with
1933 1061 82 26 every
2023 1060 40 19 re*

1427 1093 156 37 quirement
1595 1094 42 28 for
1648 1093 112 34 visiting
1772 1092 47 29 the
1832 1091 76 29 lakes
1921 1090 55 29 and
1988 1099 57 28 mag-

1428 1132 113 28 nificent
1552 1131 184 36 surrounding
1747 1134 126 33 country.

1463 1169 104 28 Horses
1580 1169 54 28 and
1653 1169 146 35 equipages
1812 1177 16 18 a
1841 1167 152 37 speciality.

1518 1238 19 12 -
1566 1226 9 14 '
1610 1228 190 39 ALFRED
1822 1228 163 46 SMITH,

1862 1272 166 38 Proprietor.

1665 1355 174 44 ,wolf
1884 1355 37 43 &
1966 1354 97 52 CO.,

1745 1456 172 23 WHOLESALE
1947 1455 56 22 AND

1820 1493 101 22 RETAIL

1529 1643 115 30 Dealers
1656 1643 30 29 in
1699 1642 38 30 all
1750 1642 180 38 descriptions
1943 1641 32 30 of

1444 1691 106 31 FARM
1585 1691 80 30 AND
1701 1690 120 31 DAIRY
1856 1689 191 31 PRODUCE.

1427 1770 100 31 Hotels
1534 1769 56 30 and
1602 1769 133 30 Families
1741 1768 101 31 waited
1855 1778 36 20 on
1903 1768 43 29 for
1953 1767 110 30 Orders.

1460 1845 102 32 Orders
1580 1844 139 32 delivered
1738 1848 29 27 to
1788 1843 38 32 all
1846 1846 76 38 parts
1935 1852 16 22 o
1982 1842 47 31 the

1685 1885 126 31 District.

1599 1962 75 30 Note
1687 1961 49 31 the
1748 1961 126 29 Address

1446 2020 115 32 |2g*W
1578 2020 68 29 0L
1663 2018 24 30 F
1758 2018 115 30 AND
1954 2016 22 31 C
1994 2016 53 36 0.,

1479 2077 75 29 Next
1576 2076 49 31 the
1648 2075 193 30 Government
1857 2073 156 37 Buildiugs,

1574 2124 88 30 Cliff
1681 2123 120 33 Street,
1820 2122 106 28 Lyell.

1430 2218 208 40 BROWN'S
1658 2216 120 41 BOOT
1805 2214 261 41 EMPORIUM

1680 2276 134 31 LYELL.

1440 2399 32 14 -r
1509 2382 140 31 BROWN
1662 2383 31 29 in
1704 2380 138 38 thanking
1853 2380 45 30 his
1915 2388 151 22 numerous

1429 2420 32 33 W
1479 2435 8 11 •
1526 2427 150 28 customers
1706 2423 42 30 for
1776 2425 64 36 past
1868 2420 121 37 favours,
2010 2420 57 30 and

1429 2463 108 35 hoping
1560 2463 42 27 for
1623 2472 16 18 a
1661 2463 183 27 continuance
1864 2461 31 27 of
1911 2460 50 29 the
1978 2469 87 23 same,

1428 2500 101 29 wishes
1540 2503 47 25 too
1599 2500 52 28 call
1664 2499 73 28 their
1755 2498 137 28 attention
1905 2500 29 24 to
1947 2497 45 27 his
2004 2505 62 19 new

1429 2538 78 30 stock
1528 2537 32 30 of
1580 2537 110 30 Ladies'
1715 2536 99 30 Maids'
1836 2535 56 30 and
1910 2534 157 31 Children's

1429 2577 86 29 Boots
1536 2577 30 29 in
1587 2580 78 34 great
1685 2576 116 37 variety.
1837 2575 77 33 Also,
1927 2574 44 29 his
1988 2574 77 38 large

1430 2617 56 28 and
1498 2615 96 30 varied
1607 2615 79 30 stock
1697 2615 32 30 of

1429 2668 122 41 Men.s,
1562 2666 143 34 Youths'
1718 2666 28 32 &
1759 2665 99 40 Boys'
1875 2665 108 33 Boots
1995 2663 70 34 and

1688 2703 118 32 Shoes.

1430 2805 87 31 Fresh
1531 2804 93 32 Goods
1636 2805 121 38 arriving
1776 2804 138 37 monthly,
1926 2803 91 31 which
2030 2803 35 31 he

1463 2844 23 27 is
1500 2844 116 34 offering
1628 2848 30 23 at
1670 2845 88 35 prices
1770 2847 29 24 to
1809 2844 54 26 suit
1876 2843 48 27 the
1938 2843 92 28 times.

1429 2881 45 30 All
1498 2881 140 39 imported
1670 2881 87 38 goods
1785 2879 117 32 marked
1931 2880 30 31 in
1988 2879 77 39 plain

1689 2920 112 37 figures.

1464 2998 131 27 N.B.—A
1606 2996 101 37 supply
1719 2996 31 29 of
1769 2996 90 29 North
1872 2995 105 29 British
1990 2996 73 28 Gum

1428 3035 87 29 Boots
1540 3035 55 29 and
1620 3036 71 28 Own
1715 3034 84 30 Make
1818 3034 183 37 Watertights
2024 3034 26 29 al-

1428 3083 75 28 ways
1515 3081 40 22 on'
1564 3073 85 30 hand.

1462 3113 118 38 Repairs
1592 3112 142 39 promptly
1743 3112 132 30 executed
1887 3109 56 31 and
1955 3111 108 30 elastics

1428 3151 132 30 inserted.

1455 3227 71 32 Note
1539 3227 48 32 the
1597 3227 120 31 Address
1726 3227 142 31 :-JOHN
1889 3224 150 38 BROWN,

1428 3276 91 30 Boot
1541 3276 28 31 &
1595 3275 211 32 Shoemaker
1827 3275 28 32 &
1883 3276 181 38 Importer,

1493 3320 141 38 (Opposite
1648 3319 81 29 Bank
1741 3319 31 29 of
1781 3319 68 29 New
1862 3318 142 37 Zealand.)

1547 3401 188 38 JAMES
1775 3401 172 42 RYAN,

1496 3492 181 28 ENERAL

1787 3491 278 35 ITOREKEEPER,

1580 3568 86 30 Cliff
1689 3568 121 34 Street,
1828 3567 87 29 Lyel.

1431 3719 93 31 Goods
1536 3719 133 39 carefully
1682 3718 106 40 packed
1801 3721 28 28 to
1842 3718 37 30 all
1891 3721 77 36 parts
1980 3718 30 30 of
2020 3718 46 31 the

1688 3758 116 29 district.

1447 3930 105 30 BANK
1571 3929 113 31 PRICE
1703 3928 120 32 GIVEN
1844 3928 74 32 FOR
1936 3928 111 31 GOLD.

1449 4010 360 40 WELCOME
1879 4010 166 47 INN,

1691 4069 106 29 Lyell.

1541 4161 154 32 ELLEN
1724 4160 234 33 WILLIAMS

1432 4210 63 62 IN
1519 4211 144 34 returning
1681 4210 102 28 thanks
1800 4210 42 27 for
1863 4213 63 33 past
1946 4210 118 31 favours,

1505 4248 64 39 begs
1586 4251 28 29 to
1634 4248 102 30 inform
1752 4248 50 31 her
1819 4247 104 31 friends
1942 4247 55 31 and
2018 4247 47 31 the

1432 4288 90 36 public
1541 4289 62 28 that
1623 4288 50 28 she
1696 4288 51 28 has
1768 4288 58 35 just
1847 4288 155 35 completed
2021 4297 28 18 ex-

1432 4325 103 30 tensive
1553 4325 139 29 additions
1714 4325 56 29 and
1788 4325 160 29 alterations
1969 4328 29 25 to
2016 4324 50 28 her

1432 4363 141 39 premises,
1592 4363 56 30 and
1665 4363 47 30 the
1735 4363 208 30 accomodation
1961 4362 24 31 is
2002 4370 62 22 now

1649 4402 192 38 unsurpassed.

1431 4480 74 36 Ales,
1529 4480 105 36 Wines,
1654 4480 56 29 and
1733 4479 97 39 Spirits
1855 4478 31 31 of
1907 4477 158 32 First-class

1604 4520 111 36 Quality
1728 4520 66 35 only
1806 4520 75 36 kept.

1500 4596 80 33 Good
1596 4596 126 38 Stabling
1740 4595 255 32 Accommodation.

1604 4658 127 30 ELLEN
1755 4658 207 33 WILLIAMS,

1812 4697 218 29 Proprietress.

1492 4779 218 38 FORSYTH
1731 4780 28 37 &
1782 4777 231 46 MASTERS,

1492 4846 233 30 THOLESALE
1752 4847 21 27 &
1802 4844 140 31 RETAIL
1962 4844 83 31 IRON-

1492 4881 13 25 t
1654 4883 193 30 MONGERS,

1583 4937 169 34 Broadway,
1773 4933 142 39 Reefton,

1434 4990 80 29 Have
1527 4999 36 19 on
1576 4988 75 30 hand
1668 4989 137 37 imported
1826 4988 85 29 direct
1929 4989 68 27 from
2022 4988 45 29 the

1485 5030 92 28 Home
1591 5028 130 33 markets,
1735 5038 15 18 a
1763 5028 87 33 Large
1863 5028 55 28 and
1933 5028 65 29 Well-

1618 5066 122 27 assorted
1761 5066 83 27 Stock
1857 5067 29 25 of

1434 5129 167 37 Builders'
1616 5127 219 47 Furnishing,
1850 5126 137 48 Mining
2000 5127 68 38 and

1540 5189 147 40 General
1708 5189 257 48 Ironmongery,

1434 5264 100 32 Which
1557 5264 66 39 they
1642 5273 46 21 are
1708 5263 133 38 prepared
1864 5266 29 27 to
1914 5262 50 30 sell
1985 5266 29 26 to
2026 5273 26 20 re-

1447 5305 103 28 sidents
1562 5304 30 29 of
1602 5302 78 39 Lyell
1693 5309 29 23 at
1731 5303 151 36 extremely
1895 5303 52 28 low
1960 5304 96 35 prices.

1436 5407 153 31 Bickford's
1602 5407 82 35 Fuse,
1697 5408 92 27 Hall's
1806 5405 126 37 Blasting
1945 5405 124 36 Powder,

1437 5449 122 34 Octagon
1573 5447 81 33 Steel,
1667 5447 93 28 Ames'
1782 5445 125 34 Shovels,
1929 5445 66 28 Pick
2015 5445 54 28 and

1437 5487 137 29 Hammer
1586 5485 135 32 Handles,
1734 5485 55 32 &c,
1801 5488 95 32 agents
1908 5484 41 30 for
1959 5484 110 29 Nobel's

1672 5524 162 36 Dynamite.

1437 5588 158 31 Furniture,
1627 5585 134 33 Bedding.
1792 5585 114 33 Lamps,
1948 5584 121 35 Cutlery,

1438 5626 171 37 Carpenters'
1623 5623 91 31 Tools,
1733 5623 103 31 Paints,
1858 5622 67 33 Oils,
1948 5622 121 32 Colours,

1575 5663 94 36 Fancy
1681 5661 90 34 Ware,
1785 5662 62 33 &c.;
1867 5661 66 33 also,

1442 5717 21 26 A
1478 5717 87 34 Large
1577 5717 175 26 Assortment
1768 5714 31 28 of
1816 5714 166 28 Galvanised
1995 5714 74 32 Iron,

1541 5754 145 27 Bessemer
1698 5752 54 27 and
1771 5751 104 37 Plough
1895 5751 74 28 Steel

1628 5809 103 28 WIRE
1752 5808 129 28 ROPES.

1543 5861 59 27 SSS
1633 5859 175 29 OCTAGON
1837 5859 129 29 SrEEL.

2181 5054 187 37 GEORGE
2400 5054 41 35 E.
2466 5052 193 44 LEVIEN,

2105 5116 124 31 Member
2238 5118 29 27 of
2274 5116 45 29 the
2328 5113 235 32 Pharmaceutical
2570 5113 107 37 Society
2683 5111 56 32 and

2191 5153 237 31 Pharmaceutical
2446 5154 166 27 Conference
2625 5153 30 28 of

2311 5193 84 30 Great
2413 5192 117 34 Britain,

2156 5249 156 30 URGEON
2349 5248 176 32 DENTIST,
2555 5246 181 35 CHEMIST,

2146 5283 6 24 ►
2266 5288 79 30 AND
2365 5285 205 36 DRUGGIST,

2319 5334 205 35 (REGISTERED.)

2105 5423 55 28 For
2172 5423 34 28 20
2218 5430 78 28 years
2314 5421 149 37 practising
2485 5421 29 26 in
2533 5418 206 36 Marlborough,

2105 5460 56 29 and
2173 5460 54 29 late
2241 5459 31 30 of
2291 5459 103 29 Nelson
2413 5459 129 32 districts,
2555 5458 23 28 is
2598 5466 62 20 now
2679 5466 44 28 pre-

2203 5499 83 37 pared
2299 5502 29 26 to
2341 5498 95 29 attend
2448 5498 129 36 patients,
2591 5496 54 29 and

2141 5555 72 31 CAN
2244 5556 51 29 BE
2326 5553 225 32 CONSULTED
2587 5552 117 30 DAILY

2406 5619 35 21 AT

2108 5672 98 29 Rooms
2230 5679 30 20 in
2284 5669 185 30 Commercial
2499 5667 112 34 Hotel,
2634 5666 104 29 Lyell.

2142 5765 99 30 Advice
2263 5765 92 28 Gratis
2373 5763 72 29 from
2464 5764 16 27 9
2498 5765 28 26 to
2547 5763 30 27 11
2596 5771 76 24 a.m.,
2686 5762 53 28 and

2107 5806 70 28 from
2238 5816 6 19 :
2260 5806 15 26 5
2293 5813 67 27 p.m.

2322 5855 31 29 G.
2373 5855 34 28 E.
2427 5853 155 33 LEVIEN,
2603 5852 103 31 M.P.S.

2600 202 119 31 Public
2748 202 151 31 Notices,

3287 405 40 38 r

2119 446 93 97 vg
2238 455 334 62 'B6-AUTUMN
2610 456 30 59 &
2674 455 174 60 WINTER
2890 450 369 62 DRAPERY-'B6.
3285 443 111 108 grV

2366 601 246 63 JOHN
2673 597 452 64 FENNELL

2100 706 61 30 Has
2173 708 85 29 much
2279 706 124 40 pleasure
2422 708 30 28 in
2473 707 175 34 announcing
2667 709 28 25 to
2716 706 46 27 the
2784 703 171 30 inhabitants
2977 703 30 29 of
3028 703 80 37 Lyell
3133 703 55 29 and
3212 703 184 36 surrounding

2474 746 120 28 districts
2617 746 47 28 the
2687 743 101 29 arrival
2813 743 30 29 of
2859 753 15 17 a
2894 742 125 28 LARGE

2612 1007 273 31 COMPRISING—

2136 1081 95 44 The
2254 1084 158 41 Latest
2434 1083 227 42 Novelties
2680 1082 85 41 and
2789 1079 214 42 Fashions
3023 1077 40 41 in
3087 1077 165 41 Ladies'
3273 1078 85 39 and

2443 1139 153 40 Gents'
2625 1138 208 47 Wearing
2851 1134 201 51 Apparel,

2101 1227 67 32 And
2193 1228 106 33 invites
2322 1239 38 20 an
2384 1227 165 41 inspection
2574 1226 31 32 of
2626 1226 50 32 the
2700 1237 91 25 same,
2817 1225 108 40 feeling
2949 1235 67 21 sure
3041 1224 66 32 that
3132 1225 43 31 for
3203 1224 190 37 VARIETY,

2249 1271 190 42 QUALITY,
2456 1270 58 33 and
2528 1270 139 34 VALUE
2683 1270 71 43 they
2769 1269 160 32 CANNOT
2944 1268 36 33 be
2996 1268 248 33 SURPASSED.

2102 1453 139 41 Ladies'
2278 1452 73 42 and
2386 1454 198 41 Children's
2633 1451 216 42 WINTER
2892 1449 145 40 HATS
3075 1448 38 39 in
3154 1448 51 39 all
3247 1448 145 52 Shapes.

2136 1647 109 30 Ladies'
2260 1647 157 30 WINTER
2429 1646 165 30 JACKETS
2607 1645 55 29 and
2674 1644 117 29 CAPES
2803 1644 30 29 in
2845 1644 38 29 all
2895 1644 47 29 the
2953 1644 109 29 Newest
3076 1645 105 37 Shapes
3194 1645 55 29 and
3262 1646 98 36 Styles.

2246 1723 88 39 New
2354 1722 192 40 Feathers!
2586 1721 88 39 New
2694 1720 152 40 Flowers
2861 1722 8 37 !
2911 1721 86 40 New
3019 1722 206 49 Trimmings
3241 1724 8 37 !

2100 1806 76 40 giT
2198 1805 48 30 All
2274 1804 51 32 the
2353 1804 95 31 NEW
2476 1804 59 30 and
2563 1802 289 32 FASHIONABLE
2881 1802 166 32 WINTER
3075 1802 132 33 DRESS
3230 1803 163 34 STUFFS,

2403 1877 68 35 And
2492 1873 235 40 TBIMMINGS
2749 1877 32 35 of
2798 1887 87 35 every
2905 1876 188 44 description.

2102 2060 139 75 MEN'S,
2278 2060 117 62 BOYS'
2432 2061 71 61 and
2536 2059 179 65 YOUTHS'
2753 2059 214 63 CLOTHING
3000 2060 39 61 in
3068 2060 146 62 Endless
3238 2059 153 77 Variety.

2746 2271 236 62 o^Ri

2510 2364 121 34 CLIFF
2652 2366 170 40 STREET,
2843 2368 148 34 LYELL.

2104 2509 141 64 The
2281 2510 365 76 Hampden
2690 2509 467 76 Co-operative
3202 2511 191 60 Store

2399 2606 361 76 Company,
2798 2605 313 64 Limited.

2103 2799 109 61 THE
2226 2799 85 32 above
2321 2800 145 39 Company
2475 2799 23 31 is
2511 2808 62 22 now
2583 2797 149 40 supplying
2745 2797 47 32 the
2805 2797 141 40 following
2962 2797 85 39 goods
3057 2801 28 28 at
3097 2808 16 21 a
3126 2798 84 39 slight
3222 2798 124 31 advance
3359 2806 36 23 on

2573 2839 148 27 NELSON
2737 2839 186 26 PRICES:—

2303 3077 37 30 Of
2351 3076 60 30 first
2424 3076 69 30 class
2506 3076 115 38 quality.
2657 3075 25 30 A
2694 3074 90 38 Large
2797 3075 55 29 and
2865 3075 102 30 Varied
2979 3076 176 30 Assortment
3167 3077 31 29 of

2100 3132 204 55 Crockery,
2339 3134 172 41 Earthen
2540 3134 76 40 and
2649 3133 229 47 Glassware,
2915 3134 281 53 Ironmongery,
3226 3136 80 47 &c,
3329 3136 65 39 &c

2102 3283 125 40 Men's
2262 3283 75 39 and
2373 3283 115 50 Boys'
2527 3281 273 52 Kaipoi-made
2850 3282 205 51 Clothing;
3103 3283 113 46 Hats,
3255 3283 138 48 Shirts,

2201 3336 358 49 Under-Flannels;
2614 3335 175 41 Drawers
2824 3335 73 41 and
2933 3335 145 49 Moles;
3120 3335 176 50 Tweeds,

2299 3391 177 53 Hosiery,
2499 3390 209 48 Blankets;
2738 3390 164 46 Calicos,
2925 3390 139 48 Prints,
3087 3392 91 38 Flan-

2511 3444 94 50 nels,
2625 3445 81 49 &c,
2727 3445 66 40 &c.
2846 3445 143 39 Also—

2264 3524 157 49 Wheat,
2467 3524 110 47 Oats,
2624 3523 116 47 Bran,
2774 3522 118 41 Chaff
2913 3523 75 40 and
3021 3523 194 40 Potatoes.

2137 3673 99 28 Orders
2248 3671 197 36 accompanied
2462 3671 38 34 by
2513 3670 65 27 cash
2591 3669 175 29 remittances
2784 3670 162 35 punctually
2965 3670 130 28 attended
3109 3675 38 29 to,
3160 3672 55 26 and
3235 3672 85 35 goods
3339 3672 43 27 des-

2102 3710 118 39 patched
2233 3712 29 28 at
2274 3719 16 19 a
2302 3712 141 26 moments
2455 3708 99 29 notice.

2136 3749 85 30 Local
2238 3748 129 38 produce,
2386 3746 142 37 including
2546 3745 106 35 Hides,
2671 3745 95 35 Skins,
2791 3744 96 36 Wool,
2906 3745 127 35 Butter,
3047 3747 56 34 &c,
3116 3748 56 34 &c,
3191 3748 154 37 purchased
3357 3748 42 30 for

2102 3787 83 30 Cash.

2982 3822 35 30 R.
3036 3823 132 35 M'NEE,
3188 3824 106 30 Lessee.

2137 3864 172 34 Murchison,
2322 3862 65 30 15th
2400 3861 86 35 June,
2500 3862 77 29 1885.

2681 4071 129 44 TRY

2103 4210 37 83 3
2180 4217 1133 71 KIHKFATHIOK'S

2103 4377 37 61 k
2321 4384 298 56 Ne-w
2666 4383 504 58 Seasons

2560 4533 50 72 i
2653 4533 85 72 a
2784 4532 91 73 m

2371 4821 75 39 IT
2521 4820 73 40 IS
2671 4819 152 41 THE
2898 4820 231 40 BEST,

2771 5057 318 39 BELFAST
3140 5057 258 46 HOTEL,

2960 5125 113 29 GIBBS
3092 5125 121 30 TOWN.

2940 5177 186 29 Eight-Mile
3145 5178 89 29 Road.

2772 5253 109 28 FTIHE
2888 5254 185 37 undersigned
3082 5256 104 36 having
3194 5256 130 28 removed
3331 5256 68 28 from

2861 5306 66 28 Zala
2940 5307 85 28 Town
3039 5308 56 28 and
3107 5308 108 28 erected
3233 5318 61 18 new
3312 5318 70 26 prem-

2771 5353 53 28 ises
2844 5362 30 19 as
2893 5353 96 35 above,
3007 5354 25 29 is
3055 5364 63 20 now
3136 5356 134 36 prepared
3290 5360 28 24 to
3338 5356 59 28 offei

2771 5400 134 30 excellent
2947 5403 239 28 accommodation
3216 5407 29 26 to
3284 5405 115 28 visitors,

2771 5448 138 35 boarders,
2923 5449 55 29 and
2991 5449 47 29 the
3050 5450 92 37 public
3154 5451 152 38 generally.

2771 5544 77 30 Ales
2867 5544 102 31 Wines
2986 5554 56 20 and
3062 5546 112 30 Spiriis
3198 5555 34 20 of
3257 5556 56 20 the
3335 5556 63 20 besi

2922 5595 154 34 Qualities
3089 5604 70 19 only
3174 5605 81 19 kept.

2896 5689 155 55 Charges
3078 5691 191 42 Moderate.

2947 5812 125 31 PETER
3091 5812 244 32 ARMSTRONG,

3205 5859 161 33 Proprietor.

3605 193 117 30 Public
3747 194 151 31 Notices.

3631 275 140 28 NOTI
3791 276 19 26 C
3832 276 22 26 E

3435 350 38 31 To
3488 351 45 29 the
3547 350 171 32 inhabitants
3727 355 26 27 oi
3767 352 78 38 Lyell
3856 352 54 29 and
3922 353 129 30 surround-

3664 392 46 35 ing
3723 391 113 28 district.

3572 466 170 37 HENRY
3773 468 164 36 YOUNG

3498 524 70 29 EGS
3583 529 27 24 to
3624 526 125 28 intimate
3768 526 59 29 that
3848 526 33 29 he
3906 524 108 31 intends
4040 529 28 26 to

3532 568 67 24 start
3613 564 115 35 Baking,
3742 566 54 26 and
3810 566 35 34 by
3868 566 102 34 paying
3991 566 78 26 strict

3435 602 134 27 attention
3584 609 26 20 to
3624 602 43 28 his
3688 602 121 28 business
3831 607 28 23 to
3881 603 79 27 merit
3982 612 16 18 a
4018 602 51 28 fair

3436 639 78 29 share
3530 641 29 27 of
3569 645 121 32 support.
3728 641 57 29 The
3798 642 72 37 price
3883 640 54 30 will
3951 641 31 28 bo

3533 698 75 50 4lb.
3633 698 144 40 LOAF
3839 723 12 6 -
3907 700 61 48 gel.

3469 791 38 29 11.
3528 791 129 30 YOUNG
3672 791 110 30 intends
3795 798 28 23 to
3836 793 99 37 supply
3948 792 46 28 the
4002 801 67 28 very

3434 830 59 28 best
3506 831 105 36 quality
3622 832 29 26 of
3662 831 91 28 bread.
3789 833 23 25 A
3821 832 73 34 large
3904 835 165 24 assortment

3434 869 31 28 of
3486 869 80 29 small
3591 870 85 35 goods
3704 869 82 29 made
3815 878 82 29 every
3921 868 146 37 Saturday.

3436 908 123 35 Nothing
3579 908 50 28 but
3650 908 46 28 the
3721 908 58 28 best
3803 908 167 35 ingredients
3992 908 76 30 used,

3434 945 55 29 and
3502 946 162 37 everything
3678 946 58 29 sold
3750 950 28 24 at
3790 945 140 39 Westport
3942 946 96 37 prices.

3434 1028 198 30 CHRISTENING,
3663 1030 143 27 WEDDING,
3836 1032 55 19 AND
3927 1029 142 21 BIRTHDAY

3518 1070 88 20 CAKES
3624 1071 76 20 MADE
3719 1072 35 19 ON
3773 1071 55 19 THE
3847 1070 139 20 SHORTEST

3623 1110 130 19 POSSIBLE
3773 1110 110 19 NOTICE.

3467 1178 72 26 Note
3553 1178 46 27 the
3612 1178 155 26 Address—

3433 1228 112 53 ALL
3566 1228 241 54 NATIONS
3836 1226 232 56 BAKERY

3504 1298 138 37 (Opposite
3655 1296 26 30 .T.
3698 1296 88 39 Ryan,
3801 1297 195 38 Storekeeper.)

3542 1376 177 43 JAMES
3767 1377 188 50 INGLIS,

3485 1496 262 29 HAREBROKER
3779 1497 19 29 &
3829 1498 237 28 COMMISSION

3648 1629 205 34 AGENT,

3509 1763 115 29 Cliff
3660 1763 159 34 Street,
3856 1764 141 28 Lyell.

3451 1851 128 38 POST
3622 1851 193 39 OFFICE
3858 1851 189 44 HOTEL,

3638 1912 221 28 LYELL.

3481 2006 225 40 PETER
3735 2006 281 41 MANGOS

3432 2070 142 69 BEGS
3594 2075 28 23 to
3636 2071 102 27 inform
3758 2070 44 28 his
3820 2069 103 29 friends
3944 2070 56 27 and
4021 2070 47 28 tho

3535 2109 92 36 public
3648 2109 64 29 that
3735 2109 44 28 his
3799 2117 60 20 new
3880 2108 187 29 commodious

3602 2147 86 28 Hotel
3701 2147 23 27 is
3737 2156 63 18 now
3813 2156 81 26 open.

3430 2183 152 30 Travellers
3601 2184 56 28 and
3675 2184 109 28 visitors
3803 2188 28 24 to
3851 2184 55 28 tins
3925 2184 131 29 establish

3464 2228 78 26 nient
3554 2223 56 32 will
3622 2222 59 31 find
3693 2223 72 31 their
3774 2223 118 30 comfort
3900 2223 56 30 and
3968 2234 48 20 con-

3499 2264 130 28 venience
3640 2264 168 36 thoroughly
3817 2263 130 29 attended
3961 2268 37 23 to.

3431 2303 57 30 The
3501 2302 147 31 bedrooms
3670 2313 46 20 are
3727 2303 78 38 lofty,
3819 2302 55 30 and
3887 2302 62 31 well
3963 2302 105 39 lighted

3633 2344 55 27 and
3708 2344 159 27 ventilated.

3465 2421 206 30 Comfortable
3701 2420 128 30 Parlors
3855 2428 56 22 and
3931 2420 86 30 First-

3648 2469 82 19 class
3748 2461 104 28 Table.

3448 2498 59 28 One
3530 2498 30 27 of
3580 2498 128 27 Alcock's
3721 2498 79 27 Prize
3813 2498 116 27 Billiard
3942 2498 108 27 Tables.

3431 2575 58 29 The
3502 2575 57 28 Bar
3570 2576 24 27 is
3607 2575 114 29 stocked
3730 2574 68 29 with
3812 2575 74 33 Ales,
3896 2573 105 36 Wines,
4015 2575 54 28 and

3483 2614 99 38 Spirits
3594 2615 30 27 of
3640 2613 168 37 guaranteed
3826 2613 103 29 brands
3941 2614 75 37 only.

3464 2653 24 28 A
3507 2653 143 28 first-class
3672 2652 183 30 sixteen-stall
3868 2653 88 28 stable
3968 2653 75 28 iscon-

3431 2691 99 30 nected
3542 2692 69 28 with
3624 2691 57 30 thi*
3695 2690 86 29 hotel.

3683 2730 127 28 PETER
3834 2729 167 31 MANGOS,

3869 2768 155 34 Proprieor.

3561 2867 121 32 JOHN
3717 2867 227 39 FENNELL,

3507 2930 194 29 ENERAL
3758 2931 314 28 OTOREKEErER.

3523 3017 83 29 Wine
3626 3026 55 19 and
3701 3017 96 28 Spirit
3820 3017 170 28 Merchant.

3462 3130 112 37 'Money
3593 3129 104 37 always
3718 3130 29 28 in
3769 3128 76 30 hand
3864 3129 43 29 for
3924 3128 114 37 cashing

3690 3168 129 37 cheques.

3469 3281 110 30 Liberal
3593 3280 136 29 advances
3741 3281 82 28 made
3839 3290 35 19 on
3888 3280 107 38 parcels
4008 3281 31 28 of

3650 3319 119 28 retorted
3782 3319 73 30 gold.

3577 3412 82 40 Cliff
3675 3414 123 46 Street,
3824 3414 108 48 Lyell.

3809 3648 150 32 LYELL.

3531 3785 205 42 JAMES
3787 3784 184 45 EDGE,

3531 3871 238 31 HOLESALE
3807 3870 79 29 AND
3932 3870 141 29 RETAIL

3584 3946 338 36 BUTCHER.

3435 4061 99 30 Hotels
3547 4059 55 30 and
3615 4058 132 31 Families
3766 4057 100 29 waited
3888 4066 37 20 on
3939 4057 82 37 Daily
4033 4057 41 30 for

3700 4096 110 31 Orders.

3487 4214 76 28 Meat
3576 4210 147 30 Delivered
3741 4214 27 23 to
3782 4210 37 28 all
3839 4214 74 31 parts
3927 4210 26 28 of
3975 4210 46 27 tho

3693 4248 126 30 District.

3438 4356 118 35 NEW
3601 4354 154 34 CHUM
3795 4351 279 39 BUTCHERY,

3505 4412 129 36 Opposite
3643 4408 153 30 Alhambra
3806 4407 94 31 Hotel,
3914 4406 88 37 Lyell.

3439 4513 291 64 JPOUNDED
3782 4511 72 44 ON
3913 4511 157 42 FACT!

3472 4661 43 25 Ist
3534 4657 84 35 lady:
3655 4655 101 28 Where
3780 4653 35 28 do
3844 4661 55 27 you
3928 4656 46 31 got
4003 4660 69 27 your

3439 4697 115 36 draperv
3572 4704 71 23 now,

3473 4734 57 29 2nd
3554 4733 86 38 lady:
3678 4731 83 36 Why,
3791 4733 29 25 at
3849 4729 47 28 the
3927 4729 81 28 Hall
4039 4736 33 19 of

3439 4774 166 33 Commerce,
3619 4771 109 29 Nelson.

3473 4814 43 27 Ist
3529 4812 66 36 lady
3606 4821 9 17 :
3652 4811 72 27 How
3744 4807 160 35 beautifully
3923 4807 61 27 that
3997 4805 76 29 dress

3440 4851 45 30 fits
3497 4851 72 36 you!
3607 4848 99 30 Where
3718 4856 55 20 was
3787 4845 60 30 that
3866 4845 78 30 made
3955 4846 12 27 ?

3473 4890 57 26 2nd
3543 4889 66 33 lady
3620 4897 8 17 :
3666 4887 36 26 At
3714 4887 33 25 E.
3761 4885 27 27 J.
3802 4885 127 29 Varner
3947 4886 20 24 &
3989 4884 83 30 Co.'s,

3440 4926 46 30 the
3500 4926 82 29 Hall
3594 4932 33 22 of
3640 4924 163 29 Commerce.

3474 4969 43 26 Ist
3530 4965 66 36 lady
3610 4974 9 19 :
3657 4964 73 28 How
3742 4971 63 20 ever
3817 4960 46 30 did
3876 4960 66 36 they
3955 4969 117 26 manage

3441 5009 28 25 to
3482 5004 31 29 fit
3520 5012 56 30 you
3584 5012 29 20 so
3623 5002 89 36 nicely
3725 5002 13 28 ?
3775 5000 80 28 Were
3864 5007 56 30 you
3930 5000 143 27 measured

3442 5045 40 28 for
3493 5045 23 27 it
3526 5045 13 26 ?

3474 5080 57 28 2nd
3544 5080 66 35 lady
3621 5089 8 17 :
3667 5078 42 28 No
3721 5078 7 27 !
3765 5077 15 27 I
3794 5076 100 36 simply
3914 5079 60 24 sent
3996 5076 77 27 them

3442 5130 34 20 an
3490 5118 45 31 old
3549 5118 72 37 body
3634 5117 61 29 that
3716 5115 77 30 fitted
3806 5124 53 25 me,
3873 5113 41 32 for
3926 5124 15 19 a
3954 5120 118 32 pattern,

3443 5159 65 27 with
3523 5158 47 27 the
3583 5157 95 35 length
3693 5156 29 27 of
3731 5155 46 28 the
3791 5154 75 27 skirt.

3474 5198 44 28 Ist
3530 5195 85 38 lady:
3654 5193 53 31 Did
3726 5202 55 30 you
3793 5197 43 33 get
3849 5191 60 30 that
3921 5194 91 36 pretty
4024 5190 50 30 hat

3442 5237 74 27 there
3529 5236 57 27 also
3596 5237 13 24 ?

3474 5273 58 28 2nd
3544 5272 85 37 lady:
3666 5270 64 35 Yes,
3743 5268 55 30 and
3814 5276 132 29 everyone
3968 5277 62 28 says
4051 5268 23 28 it

3446 5315 62 26 suits
3521 5322 44 17 me
3579 5321 29 17 so
3620 5310 79 28 well!

3475 5352 43 26 Ist
3544 5349 85 36 lady:
3678 5347 73 28 How
3775 5346 35 28 do
3833 5353 55 28 yon
3914 5345 67 27 send
4005 5353 69 28 your

3443 5388 90 31 orders
3547 5393 27 23 to
3587 5388 75 28 them
3673 5387 13 27 ?
3723 5386 44 27 Do
3779 5385 66 35 they
3854 5383 64 28 send
3928 5388 121 33 patterns
4060 5385 11 26 ?

3476 5428 57 26 2nd
3546 5426 66 35 lady
3624 5435 8 18 :
3671 5425 53 27 Yes
3737 5425 7 27 !
3780 5424 15 27 I
3809 5422 62 37 pick
3884 5428 47 22 ont
3943 5423 46 26 the
4001 5423 73 28 color

3446 5466 11 28 I
3471 5465 115 38 require,
3600 5463 53 29 and
3667 5463 64 35 they
3744 5461 81 28 make
3834 5461 20 28 it
3862 5461 29 26 in
3904 5470 16 17 a
3933 5460 49 28 few
3996 5461 77 35 days.

3476 5506 43 27 Ist
3533 5503 85 36 lady:
3655 5503 52 28 Are
3719 5501 65 36 they
3794 5498 157 30 reasonable
3961 5499 28 28 in
4003 5498 71 30 their

3445 5543 112 33 charges
3568 5543 12 27 ?

3476 5581 57 28 2nd
3558 5580 85 36 lady:
3680 5578 63 33 Yes,
3767 5586 74 25 very.
3878 5575 14 29 I
3917 5575 58 29 find
3996 5576 77 28 them

3448 5617 183 36 considerably
3652 5616 115 35 cheaper
3788 5614 67 28 than
3876 5623 54 26 any
3953 5614 84 28 house
4059 5615 15 27 I

3447 5660 67 26 liave
3527 5666 63 19 ever
3604 5655 72 28 dealt
3689 5653 74 27 with.

3478 5698 42 28 Ist
3545 5694 84 38 lady:
3674 5693 72 28 How
3770 5691 74 29 nice!
3882 5689 85 30 lam
3991 5691 83 30 much

3445 5736 106 31 obliged
3564 5741 27 20 to
3605 5741 69 27 yon;
3694 5731 64 30 and,
3771 5741 30 16 as
3817 5731 12 26 I
3849 5732 105 34 require
3977 5741 16 18 a
4015 5733 59 26 nice

3445 5780 119 20 costume
3586 5770 54 29 and
3663 5769 48 28 hat
3732 5769 40 26 for
3794 5768 45 27 the
3860 5770 106 29 winter,
3982 5769 12 26 I
4020 5769 54 27 will

3445 5810 130 35 certainly
3600 5807 66 29 send
3686 5807 77 28 them
3786 5806 47 29 the
3853 5806 79 29 erdffr
3953 5807 35 35 by
4011 5816 63 19 iv\t

3445 5848 90 28 coach.
3574 5846 76 29 Good
3664 5846 59 30 bye,
3740 5844 88 32 Marv,
3843 5845 66 31 good
3925 5846 59 28 bve.
