4160 5990
145 198 46 33 Mr
214 198 92 43 Bryce
322 212 58 19 was
401 200 246 33 cross-examined
670 212 65 25 very

103 242 108 42 closely
226 255 32 19 as
273 248 30 26 to
315 243 49 32 the
374 245 103 30 details
489 244 32 32 of
529 244 49 32 the
590 245 145 31 Parihaka

104 286 140 40 incident,
268 288 118 32 counsel
412 289 43 32 for
471 288 48 32 the
545 288 117 33 defence
687 300 32 21 en-

101 331 161 42 deavoring
277 337 29 27 to
321 333 80 31 show
418 333 63 31 that
496 333 36 31 ho
555 333 60 35 (Mr
630 333 104 42 Bryce)

104 374 56 32 had
174 375 111 33 treated
298 376 40 32 Tc
352 376 90 32 Whiti
456 377 69 30 with
541 387 194 32 unnecessary

103 419 170 39 harshness,
296 421 57 32 and
369 421 49 32 the
433 420 94 42 policy
543 421 30 32 of
593 421 49 32 the
665 422 68 31 Hall

104 464 201 33 Government
321 466 69 29 with
402 465 102 41 regard
518 469 28 26 to
557 466 58 30 this
627 469 108 29 matter

103 520 59 19 was
189 509 169 36 canvassed,
389 509 51 31 hut
470 509 48 31 the
547 511 90 30 Court
666 511 68 31 held

103 551 64 31 that
183 553 134 39 personal
332 552 159 32 harshness
506 563 38 21 on
561 553 48 31 the
625 557 66 37 part
706 556 29 30 of

104 596 46 31 Mr
165 597 91 40 Bryce
272 600 79 29 must
366 597 34 32 he
414 597 85 32 cited.

141 641 62 31 The
215 641 79 30 chief
303 641 120 31 interest
435 642 31 30 of
475 642 49 30 the
536 641 67 32 trial
616 644 118 30 centred

101 683 30 33 in
157 683 49 34 the
231 684 127 38 defence,
382 683 96 35 which
504 696 58 22 was
585 687 149 42 generally

101 729 139 39 regarded
275 741 32 19 as
341 730 169 40 essentially
543 732 90 29 weak.
687 732 46 30 Mr

101 772 130 38 Rusden,
259 772 31 33 in
318 772 46 33 his
398 774 211 38 examination,
639 775 94 33 stated

101 817 66 30 that
180 817 37 32 he
231 817 59 31 had
305 817 179 33 endeavored
500 821 29 29 to
545 819 80 31 write
638 831 17 19 a
670 824 63 28 true

99 861 113 41 history
226 861 32 32 of
271 861 70 32 New
357 861 139 39 Zealand,
507 873 78 31 upon
598 863 135 33 material

100 904 131 42 supplied
267 908 29 30 to
323 904 63 34 him
414 906 37 42 by
482 906 49 33 the
560 907 112 42 Bishop
705 908 31 32 of

102 949 180 40 Wellington
318 949 54 44 (Dr
407 951 150 40 Hadfield)
593 953 58 31 and
686 953 47 32 Sir

102 993 111 31 Arthur
247 993 131 39 Gordon,
413 994 71 32 then
520 995 152 33 Governor
705 996 31 32 of

101 1038 70 31 New
187 1038 130 33 Zealand
331 1050 6 26 ;
359 1038 102 42 taking
475 1039 46 32 his
542 1040 191 33 information

101 1081 61 31 also
190 1082 75 31 from
293 1083 50 31 the
370 1083 74 31 Blue
472 1083 97 32 Books
597 1084 58 31 and
683 1084 50 32 the

102 1125 70 30 New
198 1125 130 32 Zealand
352 1126 96 37 Press,
464 1137 32 21 as
510 1127 66 31 well
600 1138 32 20 as
657 1128 75 31 from

101 1168 136 41 personal
277 1170 219 32 conversations
532 1170 71 33 with
638 1171 95 32 Maori

101 1213 130 32 Natives.
274 1214 46 32 He
347 1214 170 33 disclaimed
545 1215 40 32 all
612 1215 65 32 idea
704 1216 32 33 of

101 1255 87 42 being
202 1258 136 31 actuated
352 1257 37 42 by
404 1257 154 42 ill-feeling
582 1269 32 22 or
628 1259 104 32 malice

99 1300 126 33 towards
260 1301 47 33 Mr
340 1301 92 43 Bryce
466 1302 176 43 personally,
680 1303 53 32 but

101 1344 181 33 maintained
313 1346 66 33 that
406 1347 50 32 the
487 1348 188 41 proceedings
703 1351 30 30 at

100 1389 147 33 Parihaka
262 1401 74 23 were
351 1392 31 32 of
393 1391 50 33 the
466 1393 136 32 cruellest
617 1395 114 31 nature.

99 1433 37 30 In
150 1435 304 35 cross-examination,
471 1436 47 30 Mr
538 1436 120 30 Rusden
684 1436 32 30 ad-

99 1475 105 34 mitted
232 1476 66 34 that
325 1477 86 34 when
437 1477 38 35 he
509 1478 144 44 compiled
682 1479 51 34 the

99 1521 112 42 history
225 1522 30 30 in
271 1523 134 40 question
420 1523 37 32 he
468 1523 58 32 had
541 1525 91 30 heard
646 1525 68 31 noth-

99 1565 51 42 ing
174 1577 31 21 as
231 1570 29 30 to
285 1567 50 33 the
350 1567 151 43 slaughter
516 1569 31 34 of
566 1569 87 33 wives
673 1569 58 34 and

98 1610 132 31 children
254 1612 31 29 of
307 1612 50 30 the
381 1612 130 37 Natives,
536 1613 52 31 but
612 1614 36 30 he
673 1624 59 20 was

99 1652 209 44 subsequently
333 1654 144 34 informed
492 1657 32 32 of
542 1657 47 32 Mr
614 1657 118 42 Bryce's

99 1698 97 31 action
230 1699 30 30 in
296 1699 49 31 the
379 1703 108 29 matter
521 1701 128 40 through
686 1703 47 30 Sir

99 1740 112 34 Arthur
226 1742 119 33 Gordon
361 1744 57 31 and
440 1744 111 40 Bishop
573 1745 138 32 Hadfield
724 1757 6 26 ;

98 1783 92 33 hence
205 1784 37 32 he
256 1796 82 21 came
355 1790 29 28 to
399 1788 81 30 write
501 1787 50 31 the
566 1789 165 40 paragraph

98 1828 95 31 which
205 1828 112 32 formed
327 1830 51 31 the
389 1830 114 41 subject
512 1831 31 32 of
552 1832 50 31 the
613 1836 118 37 present

98 1872 107 32 action.
256 1873 47 33 He
330 1873 102 42 placed
459 1875 127 33 reliance
614 1887 38 21 on
681 1876 50 33 the

98 1919 174 30 statements
299 1918 86 32 made
412 1922 30 29 to
466 1919 62 32 him
554 1920 38 41 by
618 1920 113 42 Bishop

98 1960 147 37 Hadfield,
280 1962 59 31 and
379 1962 51 31 the
464 1964 266 33 communications

96 2004 95 33 which
207 2005 37 32 he
259 2004 58 33 had
329 2007 130 31 received
471 2007 74 32 from
559 2007 48 33 Sir
618 2007 113 34 Arthur

97 2049 129 33 Gordon.
279 2051 97 33 When
411 2051 38 33 he
482 2052 166 33 discovered
680 2053 50 32 the

98 2094 125 32 mistake
237 2094 37 32 he
288 2094 58 32 had
361 2096 85 31 made
460 2096 31 32 in
505 2097 149 41 declaring
665 2097 66 32 that

98 2147 114 22 women
227 2148 74 21 were
315 2142 117 37 present
445 2139 32 32 in
491 2139 50 33 the
560 2139 169 39 W'oolshed,

98 2181 38 33 he
163 2183 140 40 prepared
328 2193 17 22 a
368 2183 50 33 list
442 2184 31 32 of
492 2187 96 30 errata
612 2184 44 34 for
680 2184 50 34 the

92 2224 86 39 book,
204 2226 53 34 but
280 2238 72 31 gave
367 2238 38 23 no
420 2228 99 34 orders
544 2231 30 32 to
589 2229 100 34 attach
705 2230 24 33 it

99 2273 30 29 to
143 2271 50 32 the
208 2271 96 41 copies
318 2273 126 40 printed.

591 2317 100 34 Later.

138 2358 47 32 Mr
207 2358 120 34 Rusden
352 2360 62 33 also
438 2362 142 32 admitted
605 2362 65 32 that
694 2362 37 33 he

98 2402 59 31 had
179 2405 52 30 not
256 2403 132 42 supplied
404 2405 95 41 copies
514 2405 31 33 of
564 2405 49 33 the
635 2409 97 30 errata

100 2449 30 29 to
152 2447 50 32 the
226 2447 72 33 New
319 2448 130 34 Zealand
473 2450 96 32 Press.
611 2451 47 32 He
683 2451 32 31 ad-

98 2490 104 30 mitted
230 2491 66 30 that
319 2492 38 30 he
381 2492 59 30 had
464 2493 75 31 done
564 2504 100 28 wrong
687 2505 29 20 re-

98 2532 124 42 garding
237 2532 46 32 Mr
298 2532 93 44 Bryce
402 2534 59 32 and
475 2534 51 33 the
537 2546 124 28 women,
673 2536 59 31 and

99 2577 94 32 stated
209 2577 65 33 that
287 2577 38 34 he
339 2590 89 21 never
451 2580 132 41 imputed
604 2580 66 33 that
685 2581 47 32 Mr

99 2620 93 41 Bryce
235 2621 59 31 had
334 2623 167 42 personally
545 2624 187 41 slaughtered

98 2663 143 38 children,
258 2665 53 32 but
321 2676 58 22 was
391 2666 69 43 only
472 2667 50 33 the
534 2668 197 33 Commander

99 2707 32 32 of
142 2719 16 20 a
173 2712 85 39 party
272 2709 31 34 of
315 2709 125 44 Cavalry
454 2712 66 33 who
534 2722 75 23 were
618 2712 113 42 alleged

100 2755 30 31 to
157 2753 74 33 have
258 2755 172 33 committed
458 2756 50 33 the
536 2757 136 33 cruelties
699 2757 32 33 in

99 2797 145 39 question.
285 2798 48 31 He
359 2799 60 31 had
446 2799 74 33 been
547 2801 46 31 led
624 2801 64 31 into
715 2811 17 21 a

98 2849 81 30 gross
193 2850 90 29 error,
298 2840 55 34 but
364 2840 193 42 maintained,
578 2843 135 34 neverthe-

99 2884 67 37 less,
191 2884 66 33 that
281 2889 31 30 at
332 2886 52 34 the
409 2887 71 33 time
501 2888 31 33 of
553 2887 117 43 writing
693 2888 38 34 he

99 2928 129 32 believed
256 2929 46 33 his
329 2934 140 30 accounts
493 2934 31 31 to
548 2933 35 32 be
609 2936 67 30 true
700 2934 31 31 in

99 2971 166 33 substance.

138 3015 62 34 The
234 3016 106 44 Judge,
369 3018 30 33 in
426 3020 151 43 summing
603 3031 50 32 up,
686 3031 30 23 re-

98 3061 121 32 marked
233 3065 31 30 to
278 3063 50 32 the
339 3063 68 43 jury
422 3065 66 32 that
508 3065 70 43 they
601 3066 59 32 had
675 3068 57 31 two

99 3105 150 40 questions
272 3109 30 29 to
325 3108 154 37 consider;
500 3110 74 35 first,
600 3110 131 31 whether

98 3147 60 32 this
172 3158 60 22 was
246 3159 17 21 a
277 3149 55 33 fair
345 3154 150 30 comment
515 3162 38 22 on
574 3153 51 32 the
646 3154 83 31 facts.

99 3191 47 32 Mr
161 3192 119 34 Rusden
294 3193 59 33 had
374 3195 143 33 admitted
531 3197 50 33 the
602 3197 112 42 publica-

97 3237 63 30 tion
183 3237 31 31 of
235 3240 123 30 matters
372 3240 96 32 which
492 3251 76 23 were
591 3253 67 21 now
682 3242 32 32 ad-

96 3280 104 31 mitted
215 3282 31 30 to
259 3281 36 32 be
310 3284 118 36 untrue,
444 3284 144 33 therefore
603 3286 51 32 the
665 3286 67 40 plea

96 3334 60 21 was
183 3326 31 31 at
238 3335 39 23 an
304 3326 57 33 end
388 3326 66 35 that
481 3327 24 34 it
526 3340 59 22 was
609 3332 65 30 true
698 3329 31 33 in

98 3367 166 35 substance.
306 3370 63 33 The
390 3372 61 32 real
466 3374 145 41 question,
634 3374 80 33 there-

97 3413 70 38 fore,
191 3423 60 25 was
275 3414 132 36 whether
433 3416 51 35 the
510 3418 71 35 libel
608 3420 122 41 partook

97 3458 31 32 of
140 3458 50 32 the
205 3461 104 31 nature
324 3460 31 33 of
366 3461 77 32 bona
457 3463 57 32 fide
528 3467 150 30 comment
692 3475 38 22 on

96 3505 123 31 matters
247 3503 31 34 of
302 3504 99 43 public
425 3506 132 35 interest.
608 3508 121 44 Liberty

96 3549 81 28 must
183 3550 52 28 not
241 3548 124 32 descend
372 3550 63 31 into
441 3551 118 32 license.
602 3553 126 41 Though

96 3590 50 33 the
161 3590 158 36 defendant
342 3592 59 35 had
416 3605 17 22 a
447 3595 110 42 perfect
579 3595 107 45 liberty
700 3600 30 32 to

97 3637 111 30 discuss
223 3637 50 31 the
287 3638 98 39 public
399 3641 188 41 proceedings
597 3642 31 31 of
635 3642 78 40 plain-

96 3679 48 31 tiff
165 3679 85 45 fairly
274 3681 58 33 and
357 3684 200 42 temperately,
578 3684 50 34 the
651 3697 58 22 com-

96 3727 97 30 ments
218 3728 79 30 must
312 3726 34 33 be
361 3728 104 33 within
489 3731 111 31 certain
625 3731 102 33 limits.

94 3768 99 33 When
218 3769 69 43 they
310 3771 80 33 dealt
410 3773 71 32 with
503 3773 50 34 the
576 3774 152 35 character

96 3813 31 30 of
138 3813 112 40 private
274 3815 186 38 individuals,
485 3817 160 33 historians
669 3820 59 31 had

95 3867 39 21 no
161 3856 107 42 special
295 3858 139 42 privilege
461 3862 31 31 to
517 3861 89 33 abuse
630 3862 97 43 public

94 3910 80 23 men.
223 3901 48 32 Mr
298 3902 119 33 Rusden
445 3914 89 24 never
557 3907 85 32 made
670 3917 58 32 any

94 3946 136 38 pretence
254 3945 32 32 of
306 3946 202 44 impartiality,
531 3950 57 31 and
603 3950 59 32 had
677 3952 32 31 ad-

95 3988 104 32 mitted
233 3987 46 34 his
310 3991 182 43 inaccuracy.
544 3994 120 33 Instead
698 3996 32 32 of

95 4032 182 42 apologising
291 4034 31 33 in
337 4045 17 22 a
368 4046 142 31 generous
525 4038 84 41 spirit
618 4039 43 32 for
676 4039 50 33 the

96 4076 134 38 mistake,
258 4079 38 32 he
322 4091 82 21 came
433 4080 81 34 there
545 4082 63 33 into
636 4084 91 33 Court

92 4120 156 43 justifying
264 4123 49 33 the
322 4123 79 39 libel,
414 4124 129 44 alleging
553 4128 174 43 everything

96 4165 37 32 he
157 4166 58 31 had
230 4169 95 31 stated
346 4180 58 21 was
425 4173 65 30 true
514 4171 31 32 in
570 4173 156 32 substance

95 4208 58 31 and
169 4209 30 32 in
214 4210 68 33 fact.

135 4253 62 33 The
205 4255 68 41 jury
282 4257 138 32 returned
430 4269 17 21 a
455 4258 111 33 verdict
576 4259 44 32 for
632 4261 77 41 plain-

96 4297 80 33 tiff
181 4299 335 44 sooo.Canterbury
529 4303 97 34 Press.

142 4394 25 32 A
189 4394 256 36 GOVERNOR'S
466 4397 211 34 REVENGE.

136 4504 63 34 The
226 4505 86 35 fuller
339 4506 190 37 information
557 4510 97 33 which
682 4522 43 22 we

94 4550 80 38 print
198 4550 30 30 in
244 4551 59 30 this
317 4552 163 40 morning's
505 4554 77 31 issue
607 4555 99 39 regard-

94 4591 51 42 ing
169 4591 51 35 the
244 4593 92 51 Bryce
351 4594 120 34 Eusden
496 4596 67 34 trial
586 4597 139 34 confirms

94 4637 51 31 the
159 4637 174 41 impression
347 4650 43 20 we
404 4640 59 31 had
483 4641 113 32 formed
620 4644 31 29 at
675 4643 49 31 the

94 4680 72 33 time
190 4680 50 33 the
263 4681 67 33 trial
355 4682 68 33 took
451 4683 92 42 place.
585 4684 54 34 We
662 4686 62 32 said

92 4724 67 33 that
174 4725 23 32 it
211 4736 58 21 was
280 4725 124 34 difficult
418 4730 31 30 to
463 4728 181 33 understand
658 4729 66 33 how

94 4779 17 20 a
125 4779 70 22 man
210 4769 30 33 in
255 4769 48 33 Mr
324 4770 146 34 Rusden's
490 4772 137 42 position,
653 4774 71 32 with

93 4823 39 21 no
159 4814 136 39 personal
321 4814 170 43 knowledge
519 4816 33 33 of
575 4817 51 33 the
649 4818 60 32 indi-

94 4856 113 32 viduals
221 4856 32 33 of
264 4857 97 33 whom
375 4858 38 33 he
428 4870 59 21 was
498 4860 127 41 writing,
637 4861 87 33 could

94 4899 86 40 bring
193 4899 122 33 himself
326 4903 30 30 to
371 4912 115 31 asperse
496 4903 50 33 the
555 4904 167 33 characters

94 4942 31 32 of
146 4953 17 22 a
186 4943 127 34 number
326 4944 32 34 of
376 4945 118 43 leading
517 4958 70 22 men
611 4948 32 33 of
663 4948 61 33 this

93 4987 103 40 colony
220 4988 31 31 in
265 4999 17 20 a
296 4988 76 32 book
395 4990 96 32 which
514 4993 158 39 purported
693 4995 30 30 to

93 5028 35 33 be
143 5040 17 21 a
173 5030 113 43 history
300 5031 32 32 of
343 5032 71 33 New
429 5033 140 33 Zealand.
612 5035 36 32 In
670 5035 51 33 the

93 5085 65 21 case
183 5075 31 32 of
235 5075 47 33 Mr
296 5076 103 42 Bryce,
415 5088 43 22 we
480 5078 103 39 added,
607 5079 47 33 his
677 5092 30 21 re-

93 5118 99 32 marks
206 5119 148 43 displayed
369 5132 17 21 a
400 5122 156 44 malignity
577 5124 58 33 and
659 5125 47 32 vul-

91 5163 95 42 garity
206 5164 95 32 which
317 5166 118 39 pointed
456 5170 31 29 to
501 5168 51 32 the
573 5169 147 33 existence

91 5205 33 30 of
355 5209 181 32 animosities
563 5211 38 31 he
632 5212 87 32 could

233 5249 74 34 have
341 5250 73 35 been
454 5253 153 44 reflecting
646 5256 75 33 from

294 5296 30 31 If
334 5296 24 33 it
372 5297 105 32 should
500 5301 69 30 turn
594 5302 60 34 out,
679 5312 42 21 we

92 5337 170 39 concluded,
290 5339 67 32 that
378 5350 68 22 men
474 5341 31 33 in
529 5341 71 42 high
625 5344 97 41 places

91 5380 59 32 had
165 5381 85 32 made
264 5393 51 21 use
330 5383 32 31 of
373 5383 47 32 Mr
434 5384 120 33 Rusden
577 5388 30 30 to
627 5388 77 31 venti-

91 5423 60 33 late
184 5425 88 32 views
306 5426 58 32 and
397 5427 108 43 gratify
540 5430 181 33 animosities

92 5469 96 32 which
211 5469 70 43 they
305 5470 175 35 themselves
504 5472 59 33 had
591 5476 53 31 not
671 5475 50 33 the

89 5523 127 30 courage
243 5516 31 29 to
301 5515 155 31 enunciate
489 5517 115 41 openly,

123 5557 123 40 popular
256 5557 108 42 feeling
377 5558 60 33 will
452 5558 35 33 be
501 5559 112 42 largely
623 5572 55 21 one
692 5563 32 30 of

326 5602 116 43 against
456 5602 84 35 those
561 5603 66 34 who
647 5605 74 34 have

122 5646 73 31 been
222 5647 119 39 meanly
367 5647 133 40 working
526 5647 109 33 behind
670 5650 49 32 the

295 5689 62 33 The
382 5691 86 40 fairly
491 5691 54 31 full
569 5701 152 33 summary

89 5732 31 33 of
151 5733 50 34 the
228 5745 66 23 case
321 5734 189 45 telegraphed
538 5735 38 44 by
611 5736 109 35 Reuter

88 5778 74 33 from
179 5779 138 35 Adelaide
331 5781 120 34 enables
465 5792 35 22 us
521 5784 31 31 to
573 5783 94 33 arrive
689 5787 29 28 at

87 5833 16 20 a
118 5823 143 42 tolerably
274 5825 78 32 clear
366 5827 63 30 idea
444 5827 32 31 of
488 5827 49 32 the
559 5832 104 27 nature
689 5828 32 32 of

86 5866 50 34 the
160 5866 118 35 defence
303 5874 44 28 set
371 5880 38 31 up
434 5880 38 23 on
494 5870 100 33 behalf
616 5872 31 32 of
668 5871 57 33 Mr/

766 200 128 34 Rusden.
938 203 62 32 The
1015 205 158 32 defendant
1198 206 154 41 explained
1367 211 30 29 to

764 245 50 31 the
830 246 90 32 Court
935 247 50 31 the
999 248 136 32 methods
1156 250 37 31 he
1214 252 127 38 pursued
1365 252 32 31 in

764 291 155 41 preparing
934 292 46 31 his
1000 292 122 43 history,
1166 294 46 32 He
1234 295 162 33 undertook

764 335 49 31 the
843 337 73 35 task,
946 337 165 42 depending
1139 349 78 30 upon
1245 341 150 31 materials

764 379 132 40 supplied
925 386 29 27 to
982 380 62 33 him
1074 382 36 41 by
1141 383 50 31 the
1220 384 111 41 Bishop
1367 386 30 30 of

763 422 182 44 Wellington
971 426 57 31 and
1055 427 47 32 Sir
1126 427 112 33 Arthur
1264 429 129 38 Gordon,

764 468 101 41 taking
879 470 46 30 his
940 471 190 32 information
1153 473 61 30 also
1230 473 73 31 from
1319 474 75 31 Blue

762 511 96 33 Books
874 514 57 30 and
946 515 50 31 the
1013 515 70 31 New
1099 516 129 31 Zealand
1251 518 95 36 Press,
1362 529 32 20 as

763 556 64 31 well
853 567 31 20 as
909 557 74 31 from
1011 560 136 38 personal
1175 561 219 32 conversations

746 600 2 38 1
762 600 71 32 with
868 601 95 33 Maori
998 603 129 33 Natives.
1190 605 47 31 Mr
1272 606 120 32 Rusden

761 645 96 30 stated
886 646 64 30 that
978 647 85 30 when
1096 647 38 31 he
1169 650 144 38 compiled
1347 650 45 30 his

760 687 113 43 history
887 688 37 33 he
940 688 57 33 had
1012 689 91 34 heard
1118 692 126 42 nothing
1260 704 30 21 as
1303 695 29 32 to
1343 694 49 32 the

761 733 151 48 slaughter
941 735 30 30 of
997 735 86 30 wives
1115 737 58 30 and
1204 738 133 30 children
1365 739 30 31 of

761 776 130 32 Natives.
944 777 36 32 In
1007 789 211 32 consequence,
1247 781 143 38 however,

760 821 32 31 of
813 821 189 32 information
1028 823 138 32 obtained
1191 825 128 41 through
1345 827 47 30 Sir

761 864 111 31 Arthur
887 865 120 32 Gordon
1028 867 58 30 and
1108 868 112 41 Bishop
1242 869 147 37 Hadheld,

760 908 37 32 he
813 911 87 30 wrote
916 909 50 32 the
981 911 164 42 paragraph
1167 912 96 32 which
1279 913 112 32 formed

760 953 51 31 the
839 953 113 41 subject
979 955 32 31 of
1035 955 50 31 the
1114 956 106 32 action.
1264 958 46 31 He
1341 958 32 31 ad-

760 997 105 32 mitted
889 997 65 32 that
979 998 35 31 he
1040 998 58 31 had
1121 999 72 32 been
1218 1000 47 31 led
1289 1001 63 32 into
1374 1012 16 20 a

1027 1043 70 31 with
1122 1044 146 32 reference
1291 1048 29 30 to
1343 1045 47 33 Mr

745 1085 2 43 :
760 1085 118 40 Bryce's
907 1085 106 37 action,
1040 1087 58 30 and
1122 1087 58 31 had
1205 1090 141 38 prepared
1374 1100 14 20 a

760 1128 49 32 list
824 1128 31 32 of
866 1132 106 33 errata,
988 1128 52 33 but
1055 1130 59 31 had
1128 1131 86 39 given
1238 1142 39 22 no
1292 1132 98 33 orders

760 1174 30 30 to
805 1172 99 32 attach
919 1173 22 31 it
957 1175 30 30 to
1002 1173 49 32 the
1067 1173 85 33 book.

799 1230 54 32 We
880 1241 49 21 are
957 1232 130 32 satisfied
1120 1233 66 31 that
1220 1233 86 32 when
1340 1234 50 32 the

759 1273 99 42 public
873 1275 31 31 of
915 1275 72 32 New
1009 1276 130 32 Zealand
1153 1276 103 32 realise
1272 1278 49 31 the
1337 1278 53 31 full

745 1319 2 41 1
760 1319 140 41 meaning
924 1320 31 32 of
976 1320 48 31 Mr
1044 1320 121 33 Rusden
1178 1332 12 21 s
1215 1322 175 33 admissions

760 1363 49 32 the
835 1363 107 43 feeling
966 1364 59 32 will
1040 1365 35 32 be
1091 1376 54 22 one
1170 1366 31 32 of
1223 1369 101 39 strong
1347 1367 41 33 in-

745 1409 2 40 I
760 1409 151 38 dignation
941 1409 115 40 against
1090 1410 50 32 the
1174 1411 61 31 real
1269 1412 121 31 authors

745 1450 47 36 ,of
822 1450 51 32 the
907 1451 80 31 libel.
1037 1452 62 31 The
1127 1453 108 41 feeling
1262 1454 59 31 will
1355 1454 35 31 be

745 1495 2 41 1
760 1495 210 41 strengthened
995 1497 85 32 when
1095 1497 22 33 it
1142 1498 24 32 is
1190 1498 200 34 remembered

745 1530 3 46 '
760 1539 79 33 what
863 1540 50 32 the
936 1540 139 34 relations
1097 1551 74 24 were
1196 1542 132 34 between
1344 1543 46 33 Sir

745 1584 2 41 j
760 1584 112 33 Arthur
895 1585 120 33 Gordon
1031 1586 58 32 and
1114 1587 50 32 the
1189 1588 202 33 Government

744 1628 2 52 I
759 1628 32 32 of
811 1628 96 31 which
933 1630 46 31 Mr
1002 1630 93 42 Bryce
1116 1641 59 21 was
1190 1641 17 22 a
1221 1633 169 40 prominent

744 1662 156 42 (member.
943 1674 63 32 The
1029 1675 75 31 Blue
1125 1675 97 33 Books
1245 1677 43 31 for
1315 1678 75 31 18H2

744 1716 2 49 i
759 1716 119 32 contain
903 1726 17 24 a
944 1716 70 43 long
1035 1718 89 32 series
1145 1718 32 33 of
1197 1720 191 32 memoranda

743 1759 54 45 lon
826 1761 49 31 the
903 1762 113 39 subject
1044 1762 32 31 of
1095 1763 105 32 Native
1228 1764 108 36 affairs,
1360 1765 30 30 in

743 1797 3 52 j
758 1802 96 33 which
889 1803 50 33 the
974 1804 152 34 Governor
1166 1806 68 32 took
1272 1817 17 21 a
1322 1817 69 32 very

743 1847 2 50 j
757 1847 120 31 decided
901 1848 72 31 view
988 1859 39 21 on
1041 1859 55 22 one
1117 1850 71 37 side,
1204 1850 59 32 and
1288 1850 101 32 Minis-

743 1890 2 54 I
758 1892 58 31 ters
831 1902 39 22 on
884 1890 50 34 the
950 1892 94 33 other.
1087 1892 45 33 On
1150 1904 81 23 more
1246 1894 74 33 than
1334 1906 56 21 one

743 1936 2 44 ;
758 1936 134 31 occasion
908 1936 47 31 Sir
970 1937 81 31 John
1066 1937 72 32 Hall
1152 1949 59 20 was
1228 1939 162 41 compelled

743 1982 44 33 Ito
821 1983 195 28 remonstrate
1051 1981 31 31 in
1109 1981 129 38 decided,
1274 1983 114 40 though

757 2024 155 32 courteous
952 2026 90 30 terms
1070 2024 31 33 of
1126 2024 50 33 the
1207 2037 125 22 manner
1359 2026 31 33 in

757 2066 96 33 which
877 2068 49 33 Sir
950 2068 113 33 Arthur
1088 2069 121 34 Gordon
1232 2071 122 33 deemed
1368 2072 22 32 it

757 2111 46 31 his
818 2112 71 40 duty
904 2116 30 28 to
949 2116 56 28 act.
1048 2114 48 30 Mr
1117 2115 103 40 Bryce,
1243 2115 71 36 also,
1331 2127 59 20 was

757 2155 162 41 compelled
947 2157 29 31 to
1004 2159 150 30 comment
1188 2168 79 32 upon
1301 2160 73 31 treat-

757 2203 83 28 ment
868 2200 72 31 such
969 2211 31 21 as
1025 2201 37 32 he
1085 2201 110 42 begged
1221 2205 30 30 to
1279 2203 111 32 submit

789 2244 37 32 he
842 2244 92 42 ought
947 2248 53 30 not
1014 2247 30 31 to
1059 2245 74 34 have
1148 2246 74 33 been
1237 2247 152 43 snbjected

758 2291 30 29 to
813 2288 37 41 by
877 2289 47 31 his
1204 2291 83 31 After
1311 2302 58 22 com-

757 2331 134 43 plaining
915 2332 65 33 that
997 2333 47 33 Sir
1068 2333 113 33 Arthur
1196 2334 121 33 Gordon
1331 2336 59 32 had

757 2376 137 32 included
908 2377 32 31 in
954 2377 172 41 despatches
1140 2381 31 29 to
1186 2379 49 32 the
1252 2379 138 42 Secetary

758 2420 32 32 of
797 2421 83 33 State
891 2432 170 31 newspaper
1075 2425 127 30 extracts
1214 2423 176 43 attributing

759 2465 111 31 certain
897 2466 175 32 sentiments
1100 2469 29 29 to
1157 2467 48 31 Mr
1235 2468 94 40 Bryce
1357 2479 32 21 as

758 2508 119 38 regards
903 2508 51 31 the
981 2508 150 31 condition
1159 2510 58 29 and
1250 2520 119 30 manage-

759 2553 82 30 ment
875 2550 32 34 of
936 2550 106 35 Native
1076 2551 99 34 affairs
1209 2552 58 33 and
1306 2553 84 34 other

759 2598 132 34 matters,
917 2596 37 32 he
979 2599 78 29 went
1071 2607 38 21 on
1131 2600 31 29 to
1187 2608 51 30 say
1262 2599 66 31 that
1352 2600 37 31 he

759 2648 59 22 was
848 2639 133 41 justified
1014 2639 32 32 in
1076 2640 165 42 protesting
1274 2642 116 40 against

760 2684 160 31 treatment
952 2683 97 32 which
1279 2686 94 32 unfair-

789 2737 68 23 ness
884 2727 45 33 far
943 2727 171 44 'exceeding
1140 2728 67 33 that
1240 2729 97 34 which
1364 2731 25 32 is

947 2772 38 41 by
1011 2773 51 32 the
1092 2774 89 40 ready
1215 2778 174 37 acceptance

759 2819 18 14 41
790 2815 59 31 and
882 2814 207 32 endorsement
1130 2816 32 31 of
1193 2818 72 30 such
1300 2820 73 29 state-

759 2863 18 14 -11
941 2858 58 33 and
1013 2861 78 31 went
1115 2870 40 23 on
1175 2861 31 32 to
1229 2860 84 43 point
1337 2864 51 31 out

757 2903 66 33 that
845 2903 31 33 in
900 2903 50 33 the
965 2906 128 31 extracts
1117 2905 162 33 forwarded
1293 2907 95 33 words

757 2957 75 22 were
885 2947 122 33 omitted
1058 2948 96 32 which
1169 2959 74 21 were
1289 2960 80 22 essen-

790 2990 53 31 tial
870 2992 30 31 to
927 2990 51 33 the
1006 2993 65 30 true
1101 2992 141 41 meaning
1276 2993 31 31 of
1338 2993 50 33 the

924 3035 29 33 It
967 3034 60 34 will
1042 3035 70 33 thus
1126 3035 35 33 be
1176 3046 70 23 seen
1260 3037 66 33 that
1336 3037 51 34 the

757 3079 140 33 relations
911 3080 131 32 between
1058 3080 49 33 Sir
1130 3080 112 33 Arthur
1267 3082 121 33 Gordon

757 3123 59 31 and
839 3123 47 32 Mr
910 3124 93 40 Bryce
1027 3134 59 21 was
1110 3126 53 29 not
1184 3124 32 31 of
1236 3124 51 32 the
1310 3129 79 29 most

757 3166 125 43 friendly
896 3166 161 33 character.
1101 3166 47 34 Sir
1171 3167 113 32 Arthur
1298 3168 90 33 found

757 3210 66 33 that
849 3211 38 33 he
914 3211 59 32 had
1001 3221 17 22 a
1046 3214 102 39 strong
1175 3212 59 32 and
1260 3213 128 34 resolute

756 3265 71 22 man
842 3257 30 30 to
893 3255 66 31 deal
973 3255 81 36 with,
1070 3256 58 30 and
1152 3254 51 33 the
1218 3267 125 22 manner
1356 3258 32 31 in

756 3296 97 33 which
867 3297 38 33 he
919 3298 85 32 acted
1018 3298 183 41 throughout
1222 3299 51 32 the
1294 3300 94 33 whole

757 3342 134 33 business
918 3354 60 20 was
1006 3345 52 30 not
1088 3343 158 33 creditable
1274 3347 31 31 to
1333 3357 55 21 one

756 3387 67 33 who
836 3387 140 42 occupied
990 3387 50 33 the
1055 3387 140 42 dignified
1216 3389 127 41 position
1359 3391 31 32 of

757 3432 50 33 the
823 3432 151 33 Governor
988 3433 33 32 of
1037 3432 51 33 the
1114 3432 113 43 colony.
1270 3434 61 33 But
1345 3447 42 21 we

756 3476 129 44 scarcely
919 3477 139 42 expected
1092 3477 66 32 that
1193 3478 48 32 Sir
1275 3479 113 33 Arthur

757 3522 120 32 Gordon
891 3522 97 32 would
1002 3522 35 32 be
1059 3522 94 41 guilty
1167 3523 32 31 of
1211 3525 177 41 attempting

755 3566 31 30 to
801 3565 65 31 stab
880 3564 47 33 his
942 3568 148 39 opponent
1114 3566 32 30 in
1169 3566 49 32 the
1234 3567 116 32 fashion
1364 3568 23 33 it

755 3611 85 31 turns
868 3613 51 29 out
945 3610 38 33 he
1005 3609 55 33 has
1087 3610 85 34 done.
1214 3611 28 33 It
1265 3623 122 31 appears

755 3653 66 32 that
846 3655 49 31 the
920 3665 122 30 passage
1056 3655 143 41 charging
1221 3656 48 31 Mr
1293 3657 94 41 Bryce

755 3697 70 33 with
836 3698 50 33 the
895 3699 119 32 murder
1023 3699 31 33 of
1060 3709 115 23 women
1185 3700 58 33 and
1254 3700 133 35 children

755 3742 111 33 formed
880 3754 40 22 no
934 3746 66 39 part
1014 3744 32 32 of
1058 3744 47 31 Mr
1116 3744 147 33 Rusden's
1274 3745 113 43 history

755 3799 31 20 as
801 3787 155 42 originally
967 3789 127 32 written.
1136 3789 37 32 In
1184 3800 59 21 was
1258 3790 128 33 inserted

754 3832 169 30 afterwards
938 3832 30 31 in
983 3842 200 30 consequence
1199 3834 31 30 of
1246 3834 122 31 informa-

754 3874 62 32 tion
841 3875 133 41 supplied
998 3875 38 41 by
1059 3875 47 32 Sir
1128 3876 113 33 Arthur
1265 3877 120 33 Gordon

754 3918 58 32 and
826 3919 112 42 Bishop
953 3919 148 33 Hadfield.
1144 3920 63 32 The
1227 3923 160 31 statement

753 3963 85 32 made
866 3974 38 22 on
933 3964 50 32 the
1014 3964 91 32 above
1140 3964 160 43 authority,
1335 3966 50 32 the

753 4006 107 34 author
885 4008 32 32 of
940 4008 51 32 the
1025 4008 76 33 book
1135 4008 117 38 admits,
1282 4018 59 23 was
1369 4020 17 23 a

1035 4052 59 32 and
1128 4051 93 42 ought
1249 4055 31 30 to
1310 4053 75 33 have

753 4095 74 32 been
842 4096 107 32 known
964 4100 30 28 to
1016 4096 36 32 be
1077 4107 17 20 a
1117 4107 81 30 gross
1223 4107 79 22 error
1326 4098 59 31 had

752 4139 51 33 the
826 4140 136 41 slightest
984 4150 65 23 care
1074 4139 74 34 been
1173 4140 88 33 taken
1286 4143 31 32 to
1341 4142 29 33 in-

752 4184 81 39 quire
861 4185 63 31 into
947 4185 50 31 the
1020 4185 83 30 truth
1127 4185 32 31 of
1181 4185 32 31 it.
1256 4186 47 30 An
1328 4187 36 29 im-

752 4227 106 42 partial
889 4227 69 43 jury
1002 4227 32 34 of
1074 4227 198 43 Englishmen
1310 4228 74 35 have

752 4272 134 31 declared
912 4273 51 31 the
991 4284 121 29 passage
1137 4276 30 28 to
1195 4273 35 31 be
1258 4284 17 20 a
1303 4285 81 29 gross

752 4315 80 38 libel,
856 4316 57 31 and
928 4316 74 33 have
1024 4317 154 40 expressed
1199 4317 77 32 their
1300 4328 83 22 sense

752 4359 32 32 of
795 4359 50 32 the
860 4359 99 42 injury
973 4361 163 40 attempted
1150 4363 30 29 to
1203 4361 35 31 be
1253 4361 131 33 inflicted

752 4414 79 31 upon
854 4404 48 33 Mr
926 4404 94 42 Bryce
1047 4404 38 42 by
1112 4404 149 42 awarding
1284 4407 100 32 SOOO

752 4448 149 40 damages.
945 4449 62 31 The
1029 4449 111 31 verdict
1163 4450 25 30 is
1212 4450 92 40 really
1329 4461 54 21 one

752 4491 116 42 against
893 4491 47 33 Sir
963 4491 112 33 Arthur
1098 4491 121 34 Gordon
1247 4493 58 32 and
1333 4493 50 34 the

752 4536 111 40 Bishop
879 4537 31 30 of
921 4537 193 39 Wellington.
1157 4538 82 39 They
1260 4549 48 20 are
1333 4540 50 30 the

752 4588 120 31 persons
887 4579 65 32 who
967 4579 181 33 endeavored
1173 4582 30 30 to
1225 4580 96 42 injure
1336 4581 47 32 Mr

751 4623 93 41 Bryce
866 4624 32 31 in
920 4624 51 31 the
993 4624 180 36 estimation,
1188 4628 54 28 not
1263 4626 70 39 only
1355 4627 31 31 of

750 4666 47 32 his
812 4667 96 33 fellow
922 4667 149 37 colonists,
1087 4667 54 32 but
1155 4668 31 31 in
1208 4668 66 32 that
1289 4669 32 32 of
1333 4669 49 33 the

751 4712 101 40 people
875 4712 33 32 of
929 4711 50 33 the
1007 4711 113 33 British
1143 4712 132 40 Empire.
1319 4713 62 33 The

751 4765 141 31 exposure
913 4756 32 33 of
964 4756 77 31 their
1061 4756 175 41 disgraceful
1257 4758 126 32 conduct

750 4798 54 33 has
819 4799 74 33 been
908 4799 155 42 complete.

789 4851 55 32 We
858 4862 97 26 never,
971 4863 43 20 we
1030 4862 48 21 are
1093 4862 81 31 sorry
1188 4854 30 30 to
1238 4863 60 32 say,
1314 4853 69 33 held

750 4904 17 21 a
793 4905 70 31 very
889 4895 73 40 high
990 4896 120 40 opinion
1138 4896 31 31 of
1196 4897 46 31 Sir
1270 4897 113 31 Arthur

750 4937 120 33 Gordon
905 4948 32 22 as
971 4948 17 22 a
1020 4938 161 34 Governor.
1234 4939 56 33 His
1324 4940 42 33 dis-

750 4982 216 40 qualifications
993 4983 44 32 for
1067 4983 51 32 the
1145 4984 129 40 position
1307 4995 74 22 were

748 5025 152 34 notorious
915 5029 29 28 at
969 5026 50 31 the
1042 5027 71 31 time
1133 5027 38 31 he
1194 5037 59 21 was
1277 5027 31 32 in
1331 5028 50 31 the

749 5069 113 43 colony,
891 5070 59 32 and
978 5071 59 32 this
1068 5070 88 34 latest
1184 5082 141 30 exposure
1354 5072 31 32 of

748 5114 46 31 his
809 5114 136 33 methods
959 5114 31 33 of
1008 5115 118 41 dealing
1146 5115 72 32 with
1239 5116 83 32 those
1343 5116 38 33 he

748 5158 123 34 disliked
896 5159 106 33 should
1015 5159 86 33 make
1116 5160 23 32 it
1154 5159 169 42 impossible
1338 5161 44 33 for

748 5202 63 30 him
826 5205 30 29 to
875 5203 70 31 hold
960 5203 82 31 office
1057 5203 87 40 again
1159 5204 31 29 in
1206 5213 57 31 any
1278 5205 88 40 freely-

747 5246 146 40 governed
921 5246 194 43 community.
1157 5246 54 33 We
1239 5247 76 33 have
1341 5258 40 22 no

748 5290 157 42 sympathy
929 5291 71 32 with
1025 5292 85 32 those
1133 5291 66 33 who
1220 5292 70 33 hold
1315 5292 66 33 that

748 5334 50 32 the
823 5335 128 33 colonies
979 5335 106 33 should
1113 5336 74 32 elect
1215 5337 78 31 their
1315 5347 65 23 own

748 5377 177 34 Governors.
967 5379 61 33 But
1049 5379 26 32 if
1092 5380 51 32 the
1167 5380 141 41 Imperial
1329 5391 34 21 au-

748 5420 134 33 thorities
917 5423 133 32 consider
1090 5423 104 42 family
1234 5424 147 33 influence

747 5464 100 34 rather
860 5466 74 33 than
948 5466 136 43 personal
1108 5467 103 33 fitness
1236 5468 44 33 for
1294 5468 82 34 office

748 5509 85 31 when
847 5511 122 40 making
983 5512 229 40 appointments,
1225 5513 70 40 they
1306 5514 74 30 need

748 5553 128 41 scarcely
901 5553 36 33 be
964 5554 147 40 surprised
1133 5555 25 32 if
1176 5556 51 32 the
1254 5556 126 33 number

748 5594 31 33 of
803 5595 84 33 those
914 5596 66 33 who
1007 5598 67 33 look
1100 5609 80 31 upon
1207 5600 173 33 nominated

748 5640 166 33 Governors
942 5652 32 21 as
1002 5643 80 40 quite
1113 5655 197 31 unnecessary
1342 5645 37 33 be

747 5683 112 40 largely
891 5685 160 31 increased.
1093 5687 25 30 A
1150 5688 165 31 succession
1350 5690 32 30 of

746 5725 167 36 Governors
938 5728 31 33 of
987 5728 50 33 the
1053 5728 48 34 Sir
1122 5730 113 33 Arthur
1258 5730 120 36 Gordon

746 5774 67 40 type
840 5773 96 33 would
971 5774 142 42 seriously
1147 5775 145 34 influence
1328 5779 49 32 the

745 5817 175 33 sentiments
943 5818 31 32 of
993 5830 72 20 even
1080 5821 50 31 the
1156 5827 76 25 most
1247 5822 75 39 loyal
1348 5824 30 31 of
1390 5808 3 53 I

743 5861 376 34 colonists.Canterbury
1134 5864 95 31 Press.

1374 69 115 40 THE
1545 72 183 42 LYELL
1782 74 182 48 TIMES,
2020 51 336 68 SATURDAY*
2385 79 113 42 MAY
2551 85 20 38 8
2645 86 101 38 1886.

3408 5757 112 31 Printed
3535 5758 53 29 and
3604 5759 145 38 published
3768 5761 36 37 by
3820 5762 48 29 the
3882 5762 160 39 proprietor,

3442 5799 105 28 Walter
3560 5799 95 33 Atkin,
3669 5805 27 24 at
3711 5801 46 28 the
3775 5801 159 36 Registered
3958 5804 84 30 Office

3441 5843 26 23 ol
3474 5837 46 30 the
3560 5839 78 35 Lyell
3646 5840 28 26 Ti
3775 5840 66 29 Cliff
3848 5842 97 32 Street,
3954 5843 88 36 Lyell,

3441 5876 111 36 County
3565 5877 30 28 of
3604 5877 105 33 Buller,
3719 5878 107 35 Colony
3840 5881 31 27 of
3880 5881 67 28 N.Z.

1499 203 174 40 Westport
1690 206 303 33 Advertisements.

1426 280 333 60 GILMER'S
1813 284 237 67 HOTEL,

1665 387 154 27 WESTPORT,

1449 457 144 38 Corner
1621 458 41 38 of
1691 458 237 39 Palmerston
1954 461 74 37 and

1540 512 211 40 Wakefield
1778 514 158 46 Streets,

1425 603 276 51 pONVENIENT
1724 609 26 26 to
1771 605 46 29 the
1831 605 153 39 Telegraph
1998 607 51 30 and

1513 644 63 26 Post
1591 645 107 30 Offices,
1712 645 54 26 and
1779 645 94 32 nearly
1888 646 121 34 opposite
2024 651 26 23 to

1421 680 33 29 he
1469 680 76 30 K.M.
1559 682 86 29 Court
1660 682 55 29 and
1735 682 81 29 H.M.
1831 684 137 28 Customs.

1422 790 178 40 Gilmer's
1622 790 175 42 Masonic
1822 792 128 48 Hotel,

1421 884 178 39 Gilmer's
1626 885 129 46 Hotel,

1936 856 112 21 NELSON.

1870 948 177 21 GREYMOUTH.

1421 977 177 38 Gilmer's
1619 978 120 52 Royal
1760 978 85 40 Oak
1866 979 128 47 Hotel,

1858 1041 189 22 WELLINGTON.

1453 1145 77 28 Good
1552 1146 237 28 accommodation
1808 1147 41 27 for
1870 1147 177 30 Commercial

1419 1183 159 32 Travellers,
1592 1184 66 29 with
1672 1185 104 36 sample
1790 1195 91 19 rooms
1894 1187 138 36 provided.

1452 1222 25 27 A
1501 1223 87 36 Night
1612 1224 96 28 Porter
1732 1223 102 38 always
1859 1235 35 18 on
1919 1225 47 29 the
1990 1236 43 27 pre-

1419 1261 90 26 mises.

1453 1298 126 35 Booking
1599 1300 84 29 Office
1702 1300 41 29 for
1756 1300 45 29 the
1815 1301 168 35 Charleston,
1997 1302 34 30 Ad-

1419 1338 112 33 dison's,
1546 1338 113 29 Keefton
1673 1340 54 27 and
1747 1340 79 31 Lyell
1839 1341 130 28 Coaches.

1454 1377 76 29 Good
1545 1378 126 35 stabling,
1687 1378 66 30 with
1767 1378 76 38 eight
1863 1379 78 30 horse
1964 1380 85 36 stalls,

1419 1416 127 28 attached
1560 1421 27 24 to
1601 1418 46 28 the
1661 1419 139 34 premises.

1625 1472 120 34 JOHN
1766 1473 189 43 GILMER,

1852 1521 164 34 Proprietor.

1419 1608 102 54 yS/.
1608 1604 241 61 SUT
1656 1604 96 61 TR
1867 1606 88 39 HE
1973 1607 33 39 R
2024 1608 24 40 S

1562 1700 88 30 HAS
1666 1700 65 31 ON
1752 1702 150 29 SALE--

1457 2475 319 37 PALMERSTON
1821 2478 192 47 STREET,

1630 2535 215 29 WESTPORT.

1454 2618 289 60 Thomas
1771 2620 245 73 James,

1548 2731 265 50 SADDLER,
1843 2731 66 43 &c.
1915 2764 8 19 }

1418 2817 219 28 TMPORTER
1656 2826 55 19 and
1737 2818 312 30 MANUFACTURER

1717 2878 33 21 OF

1418 2927 59 37 All
1510 2927 254 51 descriptions
1782 2927 42 39 of
1851 2928 196 51 Saddlery,

1468 2989 183 49 Harness,
1672 2990 110 52 Long
1793 2991 75 39 and
1888 2991 115 40 Short

1517 3053 202 53 Leggings,
1792 3054 158 53 Plough,

1564 3119 32 36 &
1615 3118 108 38 Back
1749 3115 153 51 Chains,

1612 3178 158 51 Traces,
1788 3182 65 39 &e.

1417 3306 114 39 Repairs
1543 3307 102 39 Neatly
1658 3308 55 30 and
1733 3309 145 39 Promptly
1900 3310 148 30 Executed.

1416 3422 175 40 Up-country
1605 3423 92 31 orders
1715 3424 141 39 promptly
1869 3425 130 31 attended
2013 3428 35 28 to.

1415 3538 49 28 ON
1486 3539 205 28 SALESteel
1722 3540 137 33 Polished,
1890 3541 54 28 and
1976 3542 73 27 Solid

1485 3576 88 28 Silver
1601 3577 70 34 Bits,
1704 3577 132 37 Stirrups,
1867 3578 56 28 and
1954 3579 95 37 Spurs,

1483 3615 104 38 Riding
1609 3617 124 34 Saddles,
1755 3618 74 28 Pack
1851 3618 124 34 Saddles,
1996 3619 53 29 and

1484 3655 98 36 Whips
1595 3656 30 26 of
1639 3656 37 27 all
1689 3656 188 35 descriptions.

2164 211 145 30 Reefton
2337 212 294 33 Advertisements

2201 293 54 38 W.
2297 294 304 49 HINDMARSH,

2088 415 319 36 QHAREBfIOKER,
2434 416 179 37 MINING,
2638 418 77 29 AND

2172 494 166 40 General
2364 494 261 42 Commission

2331 587 136 53 Agent,

2113 719 288 48 BROADWAY,
2431 720 245 51 REEFTON,

2201 829 139 36 (Opposite
2360 828 137 30 So.jthem
2511 831 81 30 Cross

2342 886 104 36 Hotel.)

2079 972 339 60 Dawson's
2484 973 223 74 Hotel,

2174 1075 223 35 BROADWAY,
2425 1077 186 30 REEFTON.

2079 1188 88 60 The
2187 1188 237 29 accommodation
2448 1191 124 36 supplied
2594 1190 37 38 by
2656 1192 55 28 this

2168 1228 84 28 house
2267 1234 101 23 cannot
2381 1228 32 29 be
2427 1229 145 35 surpassed
2594 1230 28 28 in
2644 1230 67 28 New

2077 1265 129 29 Zealand.

2080 1370 173 53 Booking
2288 1372 121 41 Office
2445 1373 57 40 for
2537 1373 174 41 Mitchell

2126 1426 76 38 and
2248 1428 233 49 Campbell's
2538 1430 122 49 Royal

2177 1477 95 45 Mail
2303 1481 96 41 Line
2422 1481 42 41 of
2490 1481 97 55 Grey-

2229 1538 133 40 mouth
2379 1538 187 40 Coaches.

2112 1671 67 29 This
2192 1670 85 30 Hotel
2290 1670 107 33 isfwell
2419 1670 102 30 known
2542 1670 170 37 throughout

2079 1711 67 27 New
2161 1710 119 28 Zealand
2292 1710 43 28 for
2353 1710 36 26 its
2408 1710 235 28 accommodation
2657 1711 55 27 and

2079 1750 180 28 convenience
2271 1748 43 30 for
2331 1749 112 29 tourists
2462 1748 55 30 and
2537 1748 175 31 commercial

2079 1787 148 29 travellers.

2276 1832 123 39 JOHN
2421 1832 213 48 DAWSON,

2512 1888 164 38 Proprietor.

2239 1972 310 32 STEVENSON'S

2083 2034 365 63 M'Gaffin's
2484 2035 226 76 Hotel,

2182 2140 224 33 BROADWAY,
2426 2140 186 28 REEFTON.

2136 2274 66 28 HIS
2216 2273 180 36 Magnificent
2408 2273 86 30 Hotel
2506 2273 56 30 will
2583 2274 34 29 be
2629 2274 84 29 found

2168 2312 103 37 replete
2283 2312 69 28 with

2174 2385 92 21 EVERY
2284 2385 127 21 COMFORT
2428 2386 56 20 AND
2503 2386 117 21 MODERN

2293 2424 206 22 CONVENIENCE.

2113 2530 131 33 Tourists,
2270 2529 176 28 commercial
2476 2530 152 32 travellers,
2659 2530 54 27 and

2079 2568 92 30 others
2180 2568 56 29 will
2250 2568 63 29 here
2326 2568 58 29 find
2398 2577 83 28 every
2493 2567 138 32 attention
2640 2577 54 21 com-

2078 2608 82 28 bined
2173 2608 66 28 with
2255 2608 82 28 home
2350 2608 138 29 comforts.

2079 2719 157 40 Booking
2254 2719 106 33 Office
2371 2719 54 32 for
2436 2720 171 32 Newman
2618 2720 95 31 Bros'

2105 2765 108 40 Royal
2227 2766 87 32 Mail
2326 2765 85 33 Line
2425 2764 39 33 of
2472 2764 132 34 Nelson
2617 2765 71 33 and

2220 2811 175 38 Westport
2408 2810 163 31 Coaches.

2138 2900 162 42 JAMES
2344 2900 306 51 STEVENSON,

2303 2964 181 21 PROPRIETOR.

2079 3037 252 66 City
2354 3036 358 57 Hotel

2109 3119 290 47 BKOADWAY,
2429 3121 249 40 REEFTON.

2166 3289 56 27 and
2242 3288 47 28 the
2309 3288 92 37 public
2418 3288 143 37 generally
2580 3288 57 28 will
2657 3288 55 28 find

2077 3325 55 30 this
2145 3325 176 31 well-known
2339 3326 86 30 Hotel
2443 3326 78 30 fitted
2540 3326 70 30 with
2629 3336 83 30 eyery

2077 3366 113 29 modern
2204 3367 183 29 convenience
2397 3366 56 30 and
2465 3365 195 40 requirement.

2126 3482 85 40 The
2245 3483 257 54 Proprietress
2532 3483 32 40 is
2588 3483 103 41 deter-

2078 3538 127 37 mined
2232 3545 40 31 to
2291 3552 110 35 spare
2421 3551 49 25 no
2489 3552 166 37 expense
2673 3540 38 39 in

2077 3591 155 54 making
2250 3590 76 41 this
2347 3590 117 42 Hotel
2485 3591 227 57 thoroughly

2077 3648 112 50 equal
2207 3654 40 31 to
2265 3647 49 38 all
2333 3647 289 50 requirements.

2077 3777 91 35 Local,
2188 3777 124 30 Colonial
2337 3778 55 29 and
2655 3779 56 29 and

2196 3817 163 35 periodicals
2371 3817 138 36 regularly
2521 3817 74 29 filed.

2243 3871 152 42 ALICE
2420 3871 238 51 NEVILLE,

2516 3936 193 35 Proprietress.

1447 3883 91 54 J.
1603 3885 414 66 CORR,

1627 3993 209 38 IMPOETER,

1756 4089 129 40 AVINE,
1912 4089 129 33 SPIRII

1512 4249 197 41 Provision
1730 4251 217 41 Merchant.

1451 4453 319 37 PALMERSTON
1813 4454 194 47 STREET,

1622 4551 216 25 WESTPORT.

1529 4791 156 39 PETER
1714 4793 212 46 MULVAY,

1455 4878 202 35 ILUMBER,
1688 4879 238 36 TINSMITH,
1955 4881 87 29 AND

1583 4917 221 35 GASFITTEIt,
1818 4918 56 28 and

1489 4999 474 49 COPPERWORKER,

1442 5115 215 38 Palmerston
1683 5114 122 49 Street,
1824 5116 186 48 Westport,

1526 5219 141 38 (Opposite
1681 5220 127 30 Gilmer's
1820 5221 106 37 Hotel.)

1411 5374 93 30 Everv
1521 5372 180 34 description
1718 5373 31 30 of
1774 5373 177 34 Hollovvarej
1967 5374 48 32 Tin-

1448 5416 116 31 smiths'
1581 5415 113 38 Goods,
1709 5417 57 30 and
1787 5416 214 42 Ironmongery

1606 5459 72 41 kept
1700 5460 29 32 in
1751 5459 95 34 stock.

1537 5595 24 30 A
1575 5597 87 35 Large
1676 5595 200 37 Consignment
1888 5597 30 28 of

1450 5663 187 40 STOVES
1664 5663 102 38 AND
1800 5663 199 40 EANGES

1615 5752 61 22 NOW
1695 5752 32 20 TO
1747 5752 86 21 HAND.

1591 5878 44 29 All
1655 5877 82 30 Work
1753 5877 180 30 Guaranteed

2916 220 118 33 Public
3053 223 151 32 Notices.

2879 300 129 41 JOHN
3052 301 188 51 MUNKO,

2801 430 177 32 EXERAL
3010 434 246 31 MERCHANT
3286 436 89 30 AND

2956 511 207 37 IMPORTER,

2841 626 241 42 Palmerston
3135 630 139 47 Street,

2951 751 216 26 WESTPORT.

2786 848 245 39 JOHNSTON
3059 850 28 32 &
3112 851 214 32 WATKINS

2956 924 106 29 CIVIL
3081 926 79 28 AND

2826 1001 144 28 INING

3113 1004 261 33 NGINEERS,

2927 1087 180 20 AUTHORISKD
3130 1089 55 19 AND

2744 1128 278 41 LICENSED
3048 1131 328 40 SURVEYORS

2742 1221 130 35 Working
2897 1222 83 28 Plans
3003 1223 54 28 and
3083 1223 107 29 Details
3215 1224 30 29 of
3269 1225 109 37 Miinng

2774 1260 163 36 Machinery
2951 1262 132 35 prepared
3093 1263 55 27 and
3157 1263 46 28 the
3213 1264 130 28 Erection

2827 1299 108 38 Mining
2949 1300 160 39 Machinery
3123 1302 167 37 supervised.

2740 1377 119 37 Surveys
2871 1377 43 29 for
2924 1378 110 37 Mining
3043 1380 166 37 Companies
3219 1382 158 29 contracted

2739 1417 39 29 for
2792 1415 35 38 by
2840 1418 46 28 the
2899 1428 74 26 year.
3011 1420 120 35 Surveys
3142 1421 80 29 made
3232 1422 88 28 under
3330 1422 47 28 the

2911 1457 81 27 Lund
3004 1458 129 27 Transfer
3142 1460 61 25 Act.

2987 1536 138 29 Address:

2740 1571 169 39 Broadway,
2928 1573 151 38 Reefton;
3107 1585 56 21 axd
3189 1576 188 31 Commercial

2942 1615 111 34 Hotel,
3072 1617 93 27 Lyeli

2773 1690 292 31 N.R.lnstructions
3078 1694 48 29 left
3139 1698 29 25 at
3180 1695 91 28 Times
3283 1695 92 34 Office,

2738 1734 16 23 I
2762 1728 65 36 yell,
2840 1729 55 29 will
2909 1731 104 30 receive
3022 1732 160 30 immediate
3194 1733 146 29 attention.

2869 1812 381 63 Newman's

2813 1928 133 30 OYAL

3079 1931 86 28 AIL
3210 1933 40 31 T
3284 1933 89 28 INE

2940 2021 49 29 OF
3007 2021 178 31 COACHES

2773 2118 254 29 Thrice-Weekly
3051 2119 124 29 Service
3197 2121 143 28 Between

2827 2164 106 34 Lyell,
2947 2165 133 28 Reefton
3093 2173 56 21 and
3163 2166 127 30 Nelson.

2740 2260 92 30 Leave
2853 2259 83 39 Lyell
2953 2260 43 30 for
3013 2261 105 31 Nelson
3135 2272 83 28 every
3239 2263 137 38 Tuesday,

2740 2307 148 37 Thursday
2895 2308 56 29 and
2962 2309 149 37 Saturday,
3120 2314 30 25 at
3160 2312 63 28 2.80
3232 2320 78 27 p.m.,
3321 2312 55 28 and

2741 2354 81 38 Lyell
2834 2355 41 29 for
2889 2356 138 36 Westport
3039 2358 56 28 and
3109 2358 127 34 Reetton,
3255 2369 37 18 on
3305 2359 52 28 Sun-

2740 2402 65 38 day,
2818 2403 175 38 Wednesday
3007 2403 55 30 and
3077 2405 111 38 Friday,
3197 2411 29 23 at
3237 2407 63 28 9.80
3310 2415 65 20 a.m.

2742 2490 165 34 Passengers
2931 2490 104 28 booked
3067 2492 42 27 for
3138 2492 152 36 Hampden
3321 2495 54 26 and

2861 2535 81 28 other
2953 2536 194 29 intermediate
3159 2537 102 36 places.

2912 2614 133 28 Booking
3065 2615 121 28 Offices
3197 2623 6 20 :

2742 2668 139 39 Westport
3144 2671 134 29 Gilmer's
3290 2671 86 30 Hotel

2742 2718 117 29 Reefton
3102 2718 177 29 Stevenson's
3292 2720 86 29 Hotol

2742 2766 104 30 Nelson
3154 2767 125 31 Masonic
3293 2768 84 30 Hotel

2775 2859 46 30 All
2832 2859 108 39 parcels
2952 2864 77 26 must
3040 2860 33 30 be
3088 2860 124 38 prepaid,
3231 2861 146 31 otherwise

2874 2909 68 37 they
2954 2909 57 30 will
3023 2908 34 31 be
3068 2909 50 29 left
3130 2909 114 30 behind.

3065 2965 38 29 H.
3123 2965 185 35 NEWMAN,

3173 3004 160 35 Proprietor

2804 3095 150 29 LADIES'
2972 3095 50 29 OR
3041 3095 275 30 GENTLEMEN'S

2744 3146 299 62 gADDLE
3111 3147 262 59 HACKS,

2875 3238 93 36 (Quiet
2980 3238 56 30 and
3049 3238 199 30 Well-broken)

2740 3299 75 28 FOR
2827 3292 101 35 Hltf
2938 3299 51 28 BY
3001 3299 80 28 THE
3096 3299 281 29 UNDERSIGNED

2860 3351 43 30 At
2921 3351 169 30 Inangahua
3107 3351 153 31 Junction.

2774 3455 116 30 Horse's
2901 3459 62 26 sent
2974 3459 37 33 Jto
3025 3455 79 37 Lyell
3117 3459 30 26 at
3165 3465 17 20 a
3194 3458 151 27 moment's

3006 3494 103 29 notice.

2738 3580 200 51 Courtney's
2946 3581 304 40 Accommodation
3258 3582 120 39 House

2738 3640 115 36 Having
2876 3640 87 36 lately
2982 3641 71 28 been
3074 3642 193 36 considerably
3288 3642 90 29 added

2738 3680 29 26 to
2786 3678 57 28 and
2860 3677 156 38 improved,
3029 3679 24 29 is
3071 3688 64 20 now
3147 3688 52 20 one
3212 3680 31 28 of
3258 3680 47 29 the
3318 3680 60 29 best

2738 3716 149 39 appointed
2898 3717 56 29 and
2965 3721 75 26 most
3052 3717 179 31 comfortable
3250 3718 127 31 roadside

2848 3756 111 30 house's
2971 3766 37 20 on
3020 3756 49 30 the
3081 3757 79 31 West
3172 3758 93 29 Coast.

2752 3868 243 36 F.RIAINOIS
3045 3870 314 43 COURTNEY,

2963 3938 192 29 Proprietor.

2409 4057 119 55 THE
2617 4056 184 56 LYELL

2074 4194 327 39 PRINTING
2450 4193 128 40 AND
2627 4193 425 41 PUBLISHING
3104 4194 267 47 OFFICE,

2489 4313 147 31 CLIFF
2671 4314 72 34 ST.,
2779 4314 179 30 LYELL.

2139 4647 37 39 Is
2195 4661 72 25 one
2286 4647 42 38 of
2342 4648 64 37 the
2425 4647 85 39 best
2529 4648 97 39 local
2645 4649 191 40 mediums
2853 4650 57 40 for
2928 4652 247 56 distributing
3193 4669 118 36 news,

2316 4739 341 49 Advertisements,
2678 4741 77 40 and
2773 4741 171 53 subjects
2962 4742 43 40 of
3018 4744 98 42 local

2511 4828 171 48 interest,
2704 4828 234 54 throughout

2302 4917 64 38 the
2404 4918 130 38 Buller
2568 4919 77 39 and
2682 4920 225 52 Inangahua
2941 4923 199 40 Counties.

2119 5133 170 53 Charges
2307 5132 57 40 for
2382 5133 180 55 standing
2578 5134 332 52 advertisements,
2930 5151 91 40 very
3035 5140 238 42 reasonable.

2121 5224 80 48 Job,
2249 5223 121 48 Plain,
2409 5224 75 40 and
2528 5225 49 39 all
2612 5225 112 41 kinds
2763 5226 41 40 of
2834 5227 180 54 printing,
3052 5229 186 39 executed
3281 5229 90 39 with

2069 5293 186 53 despatch
2274 5299 40 33 at
2333 5294 65 38 the
2417 5294 132 40 lowest
2567 5295 138 52 prices.

2118 5382 333 41 Communication
2471 5383 50 51 by
2540 5390 87 45 post
2641 5397 42 26 or
2700 5384 87 41 wire
2807 5386 194 52 promptly
3018 5387 185 40 attended
3223 5394 51 33 to.

2589 5623 254 43 ADDRESS:

2604 5847 223 38 LYELL.

3583 225 119 31 Public
3721 226 152 31 Notices.

3488 305 210 33 POSTAG
3720 305 21 33 E
3783 307 189 32 KATES.

3595 451 90 23 TOWN
3712 452 136 23 LKTTETIS

3445 496 108 31 Pasted
3583 501 30 26 at
3637 496 35 33 an
3690 496 17 33 7
3725 496 70 33 Post
3823 496 94 31 Office
3948 496 102 33 within

3405 541 49 28 thp
3470 541 103 39 colony
3593 545 42 25 lor
3652 542 130 39 delivery
3797 547 31 24 at
3844 553 32 17 or
3888 543 74 28 from
3976 543 73 30 such

3408 583 203 33 PostUffiee:

3408 656 54 30 N>t
3478 656 162 38 exceeding
3657 657 58 30 half
3733 668 35 19 an
3786 668 96 20 ounce
3937 684 29 5 ...
4016 658 33 30 Id

3408 701 164 40 Kxeeedmg
3590 701 57 32 half
3664 712 36 21 an
3717 712 105 28 ounce,
3849 705 52 29 but
3918 707 53 26 not

3442 747 161 34 exceeding
3619 759 57 18 one
3692 759 98 19 ounce
3936 774 29 4 ...
4012 750 6 27 !

3407 788 54 33 Per
3475 800 90 32 every
3584 792 61 29 halt
3658 802 95 21 ounce
3769 802 69 21 over
3854 802 57 21 one
3936 818 31 7 ...
4014 792 35 32 Id

3567 862 147 24 COUNTRY
3730 863 138 23 LETTERS

3445 915 105 30 Posted
3569 920 29 25 at
3614 926 56 29 any
3696 919 67 35 post
3777 915 85 32 office
3878 916 102 31 within
4000 916 50 31 the

3403 960 103 39 colony
3537 962 45 28 for
3613 959 133 41 delivery
3772 966 31 25 at
3830 973 33 18 or
3889 962 75 30 from
3993 973 56 29 any

3403 1003 86 29 other
3499 1009 66 33 post
3577 1002 84 30 office
3678 1003 101 31 within
3798 1004 51 30 the
3863 1006 106 40 colony
3983 1018 45 17 :

3406 1045 61 32 Not
3482 1047 162 37 exceeding
3661 1046 58 31 half
3736 1058 36 20 an
3789 1060 96 20 ounce
3936 1075 18 6 ..
4011 1049 36 23 9(1

3408 1090 166 39 Exceeding
3590 1090 59 30 half
3665 1101 36 19 an
3718 1101 105 28 ounce,
3838 1093 54 30 but
3917 1096 54 27 not

3443 1135 162 38 exceeding
3618 1144 56 19 one
3689 1144 97 22 ounce

3410 1176 55 32 For
3492 1187 88 28 every
3605 1176 63 33 halt'
3694 1188 97 22 ounce
3814 1190 73 20 over
3915 1190 57 22 one

3444 1232 98 21 ounce
3619 1247 31 7 ...
3778 1249 31 6 ...
3934 1251 30 6 ...
4010 1226 36 24 9.-1

3532 1293 200 22 AUSTRALIAN
3755 1294 165 23 COLONIES.

3408 1345 61 33 Not
3483 1347 164 40 exceeding
3663 1347 63 31 half
3744 1358 36 20 an
3797 1359 95 21 ounce
3936 1376 30 7 ...

3408 1391 168 41 Exceeding
3589 1391 65 32 half
3675 1403 37 21 an
3728 1404 104 27 ounce,
3850 1395 52 30 but
3919 1399 51 27 not

3443 1439 164 35 exceeding
3621 1449 57 18 one
3694 1449 95 19 ounce

3409 1477 55 33 For
3492 1490 85 32 every
3605 1479 63 33 half
3694 1491 96 21 ounce
3819 1491 71 21 over
3915 1492 57 22 one

3443 1536 98 21 ounce
3620 1552 30 6 ...
3779 1552 31 7 ...
3937 1554 30 6 ...
4012 1528 18 30 f

3424 1597 148 24 EiNQLAND
3595 1598 64 23 AND
3682 1598 142 24 FOREIGN
3839 1599 187 24 COUNTRIKS.

3583 1659 57 32 Per
3657 1660 77 31 Half
3758 1660 117 31 Ounce.

3409 1703 109 32 United
3541 1704 159 39 Kingdom,
3729 1706 44 29 via
3880 1705 74 30 Frau-

3443 1750 79 30 cisco
3537 1749 58 31 and
3617 1752 77 29 Suez
3936 1771 33 8 ...
4013 1752 37 31 Gd

3409 1794 109 29 United
3549 1795 100 30 Slate?
3678 1794 33 29 of
3745 1794 148 36 America,
3929 1796 45 29 via

3443 1839 58 28 San
3520 1836 162 31 Francisco
3937 1864 31 6 ...
4013 1840 35 30 6c
4049 1836 1 34 1

3405 1881 153 31 Sandwich
3576 1881 128 38 Islands,
3729 1882 44 30 via
3802 1881 58 31 San
3880 1881 72 32 Fran-

3443 1936 79 20 cisco
3775 1952 27 7 ...
3934 1954 30 5 ...
4010 1930 40 29 0d

3407 1969 149 30 Canadian
3595 1969 189 38 Dominions,
3820 1972 46 29 via
3913 1973 58 30 San

3447 2013 162 30 Francisco
3777 2041 29 5 ...
3935 2042 30 6 ...
4012 2018 38 29 bu

3410 2057 108 31 British
3537 2058 159 32 Columbia
3777 2085 30 7 ...
3936 2086 29 7 ...
4022 2062 22 29 Ji

3410 2102 84 32 West
3513 2103 100 32 Indies
3774 2131 31 6 ...
3932 2133 30 5 ...
4022 2109 11 29 1

3410 2146 126 36 Mexico,
3551 2148 46 27 via
3609 2149 58 28 San
3686 2147 163 31 Francisco
3934 2174 19 6 ..
4020 2152 25 27 ].

3405 2189 124 33 Central
3549 2190 138 32 America
3934 2220 30 6 ...
4021 2195 29 29 It?

3405 2235 94 30 South
3515 2236 148 38 America,
3676 2235 45 32 via
3734 2237 57 30 San
3809 2237 158 32 Francisco
4019 2241 31 28 la

3619 2309 217 21 NEWSPAPERS.

3407 2359 108 32 Posted
3543 2371 18 20 a
3600 2371 57 28 any
3684 2360 83 31 office
3794 2361 103 31 within
3921 2364 51 30 the

3442 2405 105 40 colony
3564 2409 46 27 tor
3626 2405 129 41 delivery
3772 2410 31 26 at
3827 2406 49 31 the
3890 2417 81 21 same

3443 2448 85 31 office
3777 2476 30 6 ...
3933 2472 33 8 ...
4012 2452 37 38 d

3407 2492 107 31 Posted
3541 2499 31 24 at
3597 2504 57 28 any
3682 2493 84 31 office
3792 2494 104 29 within
3920 2495 52 29 the

3442 2534 106 41 colony
3565 2536 45 28 for
3625 2536 129 35 delivery
3774 2542 29 23 at
3816 2547 54 28 any
3886 2535 88 31 other

3443 2577 84 34 office
3542 2578 101 32 within
3660 2578 51 33 the
3725 2580 108 40 colony
3937 2607 31 6 ...
4014 2580 36 40 Jd

3405 2623 174 30 Australian
3593 2624 144 30 Colonies
3940 2650 30 5 ...
4017 2627 33 28 ]<]

3406 2664 112 33 United
3540 2664 153 41 Kingdom
3939 2694 29 6 ...
4016 2669 34 30 Id

3563 2709 58 32 Via
3637 2713 58 27 San
3719 2709 173 32 Francisco.

3405 2751 115 33 United
3538 2754 102 31 States
3656 2756 29 29 of
3701 2754 141 32 America
3939 2782 30 7 ...
4016 2757 34 31 Id

3406 2798 155 30 Sandwich
3577 2798 121 31 Islands
3939 2826 30 6 ...
4017 2803 33 28 Id

3406 2838 153 33 Canadian
3576 2841 181 30 Dominions
3939 2868 30 6 ...
4014 2845 36 28 2<i

3410 2883 111 32 British
3539 2885 161 33 Columbia
3939 2914 30 7 ...
4013 2889 37 30 2d

3409 2927 85 32 West
3509 2928 107 33 Indies
3935 2958 30 6 ...
4012 2935 38 28 2d

3405 2971 123 31 Mexico
3936 3001 29 7 ...
4012 2977 38 29 2d

3404 3014 125 31 Central
3546 3016 139 31 America
3936 3044 29 6 ...
4012 3019 37 31 2d

3403 3058 98 32 South
3518 3061 157 32 Amerrica
3936 3090 29 6 ...
4011 3064 38 31 2d

3602 3132 86 22 BOOK
3710 3133 140 22 PACKETS

3409 3173 108 32 Posted
3542 3181 32 24 at
3597 3185 57 30 any
3681 3176 82 30 office
3790 3177 104 29 within
3922 3177 52 30 the

3443 3219 106 41 colony
3567 3218 48 31 for
3629 3219 131 39 delivery
3776 3226 29 24 at
3823 3220 49 30 the
3884 3231 91 28 same,

3445 3263 103 30 within
3580 3264 53 29 the
3662 3264 117 40 colony,
3808 3264 53 29 the
3897 3266 60 29 Aus-

3444 3306 108 31 tralian
3570 3307 142 38 colonies,
3726 3318 34 20 or
3784 3307 52 31 the
3861 3307 116 32 United

3447 3349 154 39 Kingdom
3686 3378 31 7 ...
3803 3353 54 31 loz
3941 3379 31 7 ...
4019 3354 31 30 lc

3486 3396 49 31 Do
3687 3422 31 8 ...
3802 3398 55 29 2oz
3941 3422 31 7 ...
4018 3400 32 29 2c

3487 3441 49 33 Do
3688 3469 31 7 ...
3804 3442 52 38 |lb
3941 3470 31 6 ...
4017 3446 33 30 4c

3485 3485 51 33 Do
3689 3513 31 7 ...
3807 3487 50 31 lib
3942 3514 30 6 ...
4017 3490 33 29 8c

3409 3529 96 43 Every
3533 3530 166 34 additional
3722 3532 113 40 pound,
3849 3544 34 19 or
3897 3532 64 33 frac-

3444 3574 96 31 tional
3553 3579 68 38 part
3636 3577 30 28 of
3682 3587 17 19 a
3716 3577 102 38 pouud
3941 3601 31 7 ...
4017 3577 33 30 8(i

3574 3619 57 33 Via
3647 3621 59 31 San
3725 3619 174 34 Francisco.

3407 3662 113 32 United
3550 3664 113 36 States,
3687 3676 90 29 every
3808 3665 51 36 |lb
3943 3690 30 7 ...
4017 3667 33 28 4d

3405 3707 157 32 Sandwich
3573 3708 123 32 Tslands
3941 3735 30 8 ...
4016 3710 34 31 4<J

3405 3751 152 33 Canadian
3575 3753 180 32 Dominions
3942 3775 29 12 ....
4017 3756 33 30 6J

3408 3794 111 34 British
3537 3796 160 33 Columbia
3940 3826 31 6 ...
4016 3800 34 29 6d

3407 3840 87 30 West
3509 3840 107 31 Indies
4014 3845 36 27 6d

3415 4132 148 62 JOB
3585 4133 462 63 PRINTING

3461 4581 119 50 Every
3605 4581 207 54 description
3838 4583 159 38 executed

3647 4800 54 31 AT
3728 4799 83 32 THE

3412 5003 307 57 LYELL
3758 5002 284 60 TIMES

3476 5238 185 41 CLIFF
3713 5238 260 49 STEEET,

3656 5456 147 31 LYELL.
