2417 3728
36 162 570 88 OXFORD
701 162 285 88 AND
1081 162 380 88 CUST
1556 162 760 88 OBSERVER

36 250 310 4 AND
449 250 1033 4 CANTERBURY
1585 250 826 4 LIBERAL.

1405 262 1006 19 J|^^^^^^H^^^^|

1026 451 220 30 Established
1290 447 88 31 1889.

1922 534 487 2 FGDFGFD

700 568 103 30 EAST
854 566 181 32 OXFORD,
1078 556 235 38 SATURDAY,
1360 550 235 33 DECEMBER
1617 550 48 35 17,
1692 550 76 29 J892

19 581 65 30 Vol
105 581 70 29 4—
173 578 60 31 No.
278 571 82 39 175.]

1992 714 113 25 GREAT
2136 715 84 24 SALE
2350 709 54 30 .^

2097 762 29 15 OP

1853 788 202 33 TEWELLRY,
2090 790 175 29 WATCHES,
2298 791 70 25 DIA-

1846 821 21 25 -0
2006 824 96 24 MONO
2120 824 119 29 GOODS,

1847 859 124 25 SILTER
1989 861 70 23 AND
2081 861 157 25 ELECTRO
2241 861 127 29 -PLATE,

1847 896 46 24 AT
1910 897 22 23 A
1948 897 169 25 DISCOUNT
2142 898 42 24 OF
2201 896 28 26 4's
2246 899 36 23 IN
2299 900 70 23 THE

1943 937 124 28 POUND,
2079 937 66 25 FOR
2158 937 22 24 A
2195 938 77 27 FEW

1994 976 121 26 WEEKS
2125 977 100 25 ONLY;
2326 981 2 7 i
2342 979 3 20 :

1881 1019 112 30 £10,000
2010 1020 71 25 value
2093 1022 25 24 to
2130 1021 74 25 select
2226 1023 63 24 from
2310 1024 28 23 at

1850 1078 67 45 M.
1978 1077 395 51 SANBSTEDT

1861 1155 105 22 DIRECT
1980 1157 150 25 IMPORTER,
2157 1158 202 22 WATCHMAKER

1993 1194 56 18 AND
2065 1194 161 24 JEWELLER,

1846 1228 111 23 CASHEL
1971 1230 37 21 ST.
2028 1230 84 26 WEST,
2133 1230 227 24 OHRISTCHUfiCH.

1989 1332 160 25 Established
2162 1335 71 23 1862*

1872 1405 31 21 M.
1915 1406 206 23 SANDSTEINhas
2135 1409 113 26 appointed
2256 1409 44 22 Ma.
2309 1410 24 21 R.
2343 1411 30 21 H.

1846 1438 80 22 Pabish
1941 1445 23 16 as
1980 1440 35 21 his
2029 1442 78 21 Oxford
2121 1442 101 26 AGENT,
2236 1444 47 21 who
2298 1444 44 21 will
2350 1451 13 14 a

1847 1477 42 19 any
1898 1472 51 20 time
1957 1479 92 19 procure,
2064 1479 27 14 on
2098 1473 3 4 '
2107 1474 151 28 approbation,''
2270 1476 134 25 Watfibea^,-

1848 1505 80 24 Clocks,
1938 1506 43 20 and
1988 1507 10 24 '
1998 1507 105 24 Jewellery,
2112 1507 34 20 for
2160 1506 34 21 his
2206 1508 79 21 Oxford
2300 1509 75 21 clients

1848 1539 22 20 to
1881 1539 62 21 select
1956 1539 63 25 from,
2025 1559 4 6 t
2030 1541 28 20 at'
2062 1540 36 21 the
2115 1541 63 23 sam'ei
2181 1542 58 25 price.
2242 1547 34 17 >-as
2283 1543 91 25 charged
2386 1540 9 27 \

1845 1571 22 20 at
1877 1570 35 21 the
1922 1569 150 23 Christchnr&b
2077 1567 178 30 J^staVUshment.
2263 1585 6 7 /

1889 1623 57 40 M,
1990 1609 327 54 SAi^DSTEIN

1992 1680 109 23 OASHEL
2114 1682 115 26 STREET,
2251 1699 18 5 ..
2326 1700 1 4 ,

1936 1725 350 33 CHRISTCHUi^CH,
2326 1715 43 39 '.

1854 1945 174 54 All.
2065 1946 24 54 I
2098 1946 214 57 lassa
2322 1948 20 55 1
2353 1950 21 56 1

2080 2100 63 25 AND.
2171 2119 2 5 ,
2236 2119 3 5 ,

1847 2145 274 41 HARDWARE
2138 2148 240 40 IMPORTER!

1988 2209 91 25 HIGKH
2098 2197 141 50 STKQJET^
2259 2200 17 15 '"'

1929 2258 359 57 GIJST.

1851 2350 165 56 DESIRES
2034 2352 25 24 to
2071 2359 128 19 announce
2211 2352 56 26 tbat
2277 2353 28 25 m
2316 2354 60 25 view

1924 2383 27 24 of
1964 2383 42 25 tho
2029 2385 165 38 approac^iing
2216 2387 106 29 harvest,
2346 2387 32 24 he

1852 2421 46 22 has
1919 2421 72 23 made
2015 2428 32 16 an
2063 2421 130 33 Jxteiisive
2215 2423 120 31 purchase
2355 2424 27 25 of

1851 2457 139 27 BINDER.
1998 2458 27 30 iT
2028 2458 90 28 WlNE
2124 2449 69 36 'and
2216 2459 160 38 MARINE

1851 2496 78 25 OILS
1946 2496 81 26 which
2037 2497 33 25 he
2080 2498 22 24 is
2114 2489 155 46 prep^reil^to
2291 2501 88 30 supply

1851 2535 26 24 at
1889 2535 42 24 the
1942 2535 85 25 lowest
2039 2536 181 30 remunerative
2242 2538 87 30 prices.

1853 2606 53 25 The
1918 2606 124 33 following
2049 2608 91 24 brands
2150 2616 40 17 are
2198 2608 58 33 kept
2266 2609 116 28 in.stock:

1888 2649 139 32 DonaghyV.
2034 2650 116 29 Manilla,
2163 2651 85 25 Mixed
2259 2653 49 24 and
2321 2653 64 24 Flax

1855 2688 105 30 T\vines,
1980 2689 132 26 Auckland
2124 2691 73 24 Fibre
2206 2691 177 29 ;Cos,<Manilla

1856 2725 57 26 Star
1922 2726 49 24 and
1981 2726 70 29 .Flax,
2057 2754 3 10 :
2073 2728 52 24 and
2142 2728 88 30 Mason
2251 2729 128 33 Sprqthers

1855 2764 56 25 well
1924 2765 89 25 known
2024 2765 207 35 Lurline'Heinp.
2241 2768 101 26 Twine.-

1891 2803 53 25 The
1955 2803 75 26 Stock
2041 2804 29 25 of-
2078 2804 62 28 Oils
2151 2805 22 25 is
2185 2797 124 47 complete,
2320 2815 64 18 .con-

1857 2840 100 30 sisting
1970 2840 27 24 6f
2019 2837 3 16 !
2023 2833 80 38 Lard','
2116 2832 106 40 'Castor,'
2244 2840 141 34 Yalvoline,

1858 2877 96 26 Golden
1972 2880 145 32 Machinery
2117 2881 4 11 1
2121 2899 5 11 ;
2132 2888 3 9 •■
2151 2878 154 33 Cdza/'Pea
2326 2882 59 31 Nut,

1856 2919 134 28 Neatsfootj
2008 2920 66 24 Raw-
2091 2921 51 24 and
2164 2922 91 25 Bolledi
2271 2923 115 26 Linseed.

1856 2956 109 31 Aprons,
1977 2958 49 24 aud
2042 2958 127 26 Elevators
2187 2961 71 24 made
2262 2961 67 24 -and
2341 2965 46 22 're-

1839 3016 2 3 .
1855 2997 99 30 paired-;
1962 2999 26 23 at
1994 3004 3 20 i
2027 2997 108 26 shortest
2143 3010 4 5 •
2296 3001 93 24 Binder

1858 3033 77 32 whips
1948 3030 101 32 Canva.s,
2055 3034 104 31 batons,,
2165 3037 76 26 rivets
2253 3039 134 25 and.Pole-

1858 3075 88 30 straps,
1959 3074 94 31 keptin.
2061 3091 3 7 .
2073 3076 103 31 variety,
2182 3096 3 4 .
2201 3084 2 21 ;
2210 3094 6 6 ,
2229 3096 1 3 .
2240 3096 2 3 .
2244 3086 9 20 \
2272 3086 4 8 -■
2284 3093 3 2 ■

1875 3113 22 25 A
1907 3114 68 32 large
1985 3115 114 32 quantity
2104 3116 34 33 jof
2147 3116 90 29 Horse
2248 3118 141 26 Medicines

1860 3153 140 36 alway^pn,
2011 3155 74 31 ,hand
2107 3156 128 32 including
2256 3157 133 27 ElliQian's

1861 3187 195 38 Slesinger~*and
2079 3193 146 34 Abilgaards
2255 3198 135 26 Embroca-

1861 3231 61 29 tion,
1947 3232 144 31 Slesingors'
2121 3234 142 33 Leemings,
2299 3237 91 35 Jamqs'

1861 3272 50 23 and
1923 3267 391 40 Stevens'/Bh'sierings.^ry^o's
2321 3273 7 34 |
2334 3277 58 25 Bal-

1863 3308 63 29 sam,'
1950 3309 81 39 Swee^
2042 3310 280 39 Ni^^S.payin.briusfl
2335 3321 52 18 con-

1864 3347 86 31 dition,
1972 3349 48 25 and
2045 3350 89 25 Worm
2155 3352 123 30 Powders',
2300 3354 52 24 also
2380 3363 14 15 a

1863 3387 82 24 varied
1968 3387 68 24 stock
2061 3388 27 24 of
2111 3389 121 33 Saddlery
2249 3391 27 24 m
2299 3392 34 23 all
2362 3392 33 24 its

1863 3423 130 26 branches.
2213 3437 3 9 ;
2276 3429 3 9 {
2290 3425 8 21 l

1898 3462 149 27 Horserhair
2057 3463 54 25 and-
2119 3464 275 31 Bae^vaXipurbtc'ised.

1867 3500 95 25 Second
1974 3501 68 25 hand
2051 3503 97 24 saddles
2168 3504 92 31 bought
2283 3505 49 23 and
2355 3514 39 19 e%

1867 3539 110 32 changed
2008 3542 37 24 fo.i
2077 3550 62 17 new.
2174 3542 80 32 Agent
2283 3544 38 24 for
2354 3545 40 23 the

1865 3578 125 30 Lyttcltou
2003 3580 81 23 Times
2096 3580 133 30 Company,
2248 3581 48 23 and
2315 3581 79 24 South

1866 3614 96 24 British*
1973 3615 137 24 Insurance
2118 3616 41 25 Co.
2195 3617 89 24 Orders
2298 3617 30 31 by
2339 3618 55 30 post

1867 3659 28 17 or
1907 3653 118 31 telegram
2033 3653 124 31 promptly
2169 3653 115 26 attended
2296 3655 32 24 io.

1268 719 179 46 JOHN
1512 718 285 53 INGRAM,

1268 807 59 22 HAS
1340 807 56 21 FOR
1409 806 70 22 SALE
1495 807 37 20 BY
1547 806 122 22 PRIVATE
1682 805 118 22 TREATY.

1376 951 33 21 On
1418 951 90 22 accourt
1517 951 22 21 of
1549 951 35 21 Mr
1593 950 104 22 Johnson.

1272 1015 58 26 Shop
1336 1015 43 21 and
1392 1016 103 26 dwelling,
1505 1016 98 24 fronting
1612 1015 38 21 the
1659 1013 60 22 Main
1732 1012 67 24 Road,

1271 1042 96 24 opposite
1376 1043 94 20 Pearson
1490 1043 58 20 Park
1569 1049 29 13 on
1616 1042 47 19 half
1671 1047 29 14 an
1779 1039 22 20 of

1270 1068 59 21 land.

1272 1231 56 23 That
1346 1233 131 21 two-storied
1494 1233 101 26 Building
1613 1238 27 16 on
1659 1232 35 22 the
1711 1231 93 25 Terrace,

1274 1259 95 26 opposite
1379 1260 44 21 Mrs
1432 1260 80 22 Leurs'.

1369 1365 33 21 On
1412 1364 89 22 account
1510 1365 22 21 of
1541 1365 35 21 Mr
1590 1365 30 21 H.
1630 1365 80 21 Heabn.

1272 1411 41 20 His
1322 1419 50 19 very
1387 1410 97 29 compact
1512 1414 55 21 little
1575 1414 101 26 Property
1693 1412 24 20 m
1735 1412 69 25 Queen

1273 1439 73 24 Street,
1356 1441 123 25 containing
1487 1440 65 21 about
1560 1440 27 27 4£
1595 1440 63 20 Aores
1667 1440 22 19 of
1747 1437 57 24 land,

1275 1465 122 21 subdivided
1406 1466 48 21 into
1463 1468 80 20 several
1552 1467 63 20 small
1624 1465 112 26 paddocks,
1753 1464 51 20 with

1274 1492 65 23 good.
1345 1492 72 21 House
1435 1493 94 24 thereon;
1547 1493 59 20 brick
1623 1492 53 21 well.
1700 1491 50 20 Cost
1768 1490 36 21 the

1275 1522 69 15 owner
1353 1518 61 21 £250.
1442 1519 51 20 Will
1502 1519 25 20 be
1536 1519 52 22 sold,
1592 1520 22 19 at
1623 1525 13 14 a
1646 1524 48 20 very
1704 1516 101 21 consider-

1272 1543 45 22 ate
1326 1545 108 21 reduction
1444 1552 27 15 on
1480 1546 70 21 above
1558 1546 61 26 price.

1496 1737 54 21 Also
1550 1749 28 3 —

1357 1789 32 20 On
1400 1791 89 20 account
1498 1791 22 18 of
1528 1790 34 19 Mr
1571 1790 57 19 Johh
1637 1789 89 20 Fishbb.

1276 1825 43 20 Jlis
1328 1826 97 21 valuable
1434 1826 65 21 Stone
1508 1827 82 24 Quarry
1599 1826 22 20 at
1630 1825 56 22 Tiew
1695 1825 58 23 Hill,,
1758 1830 47 14 con-

1275 1852 87 26 taining
1372 1852 35 21 the
1416 1852 45 21 best
1472 1852 94 25 building
1575 1854 60 19 stone
1644 1852 23 20 m
1676 1851 130 26 Canterbury

1276 1879 52 20 willi
1337 1881 27 18 20
1372 1879 64 20 Acres
1446 1880 21 19 of
1475 1880 63 20 Land
1546 1885 28 15 on
1592 1879 69 21 which
1679 1878 59 21 there
1755 1878 19 21 is
1793 1884 13 15 a

1275 1912 59 14 seam
1345 1906 21 20 of
1374 1906 127 21 Limestone.

1481 2191 37 20 TO
1531 2191 62 21 LET.

1432 2239 27 19 In
1476 2238 82 21 Horn's
1566 2238 81 21 Estate.

1274 2275 62 19 Good
1345 2275 96 24 dwelling
1449 2275 52 19 with
1510 2275 43 19 Ten
1563 2281 57 13 acres
1630 2275 23 19 of
1661 2274 56 20 land.

1277 2440 190 34 JOHN
1498 2439 304 35 INGRAM

1425 2552 235 28 AUCTIONEER,

1356 2694 31 33 .0
1423 2693 29 31 X
1486 2694 24 30 P
1546 2693 25 31 0
1608 2693 27 31 R
1647 2691 2 2 ■
1672 2693 26 30 D
1720 2716 7 7 .

1299 2948 77 45 W.
1411 2950 369 55 MITCHELL,

1343 3013 271 41 BOARDINGHOUSE
1638 3016 119 39 KEEPER

1285 3070 190 33 EAST
1507 3073 304 48 OXFORD

1398 3131 103 23 TERMS
1522 3133 173 22 MODERATE
1752 3131 17 31 \

1284 3170 116 26 EVERT
1409 3171 186 28 ATTENTION
1608 3174 27 25 to
1645 3175 170 26 BOARDERS

1338 3296 73 36 gk
1465 3298 309 48 siMziTia:,

1289 3365 86 45 ZINC,
1399 3367 66 40 TIN,
1490 3369 63 39 AND
1576 3371 115 40 SHEET,
1717 3369 99 42 STEEL

1491 3435 135 23 WORKER

1325 3477 86 41 High
1434 3479 109 42 Street,
1553 3482 18 32 '
1571 3482 73 32 East
1666 3485 124 31 Oxford.

1291 3578 40 25 All
1343 3580 70 24 kinds
1425 3582 27 24 of
1467 3584 93 31 Pumps
1572 3585 75 24 Fixed
1659 3588 23 21 &
1698 3588 120 30 Eopaired

1402 3624 25 24 at
1439 3624 43 26 the
1495 3625 108 28 shortest
1614 3628 89 27 notice.

683 1889 218 60 ROBERT
983 1892 222 71 FISHER,

720 1966 174 26 GENERAL
915 1968 259 25 STOREKEEPER

699 2013 95 46 Teas,
835 2012 130 47 Coffees,
1002 2013 125 46 Cocoas,
1160 2023 21 29 a
1181 2012 25 28 n

782 2064 140 39 General
944 2064 178 39 Groceries-

733 2116 139 30 WEST
934 2115 219 31 OXFORD.

720 2214 434 42 SADDLES/?*

679 2285 79 50 H.
785 2285 60 52 J.
863 2285 341 54 LAMING

773 2362 339 34 SADDLEE

910 2407 63 20 AND

683 2443 283 38 HARNESS
1000 2444 206 39 MAKER

826 2494 71 24 Nea?.
915 2494 146 30 Saleyaeds,

717 2538 45 41 O
786 2538 65 41 X
873 2538 192 41 FOB
1089 2539 45 40 D
1159 2567 14 12 .

683 2610 86 24 Orders
781 2610 49 24 and
846 2610 103 31 Repairs
959 2610 124 33 promptly
1094 2611 115 25 executed

843 2655 26 23 at
880 2653 84 25 lowest
975 2655 72 23 rates.

786 2719 140 39 HORSE
945 2718 164 41 -CODERS

686 2769 97 40 made
795 2770 35 38 to
847 2769 100 40 Order
962 2770 67 40 and
1044 2771 167 50 Repaired

744 2883 255 26 CALEDONIAN
1015 2885 142 26 HOUSE.

687 2946 214 43 JAMES

768 3001 81 27 BOOT,
866 3001 83 27 SHOE.
966 3002 24 26 &
1005 3001 121 28 SLIPPER

819 3033 256 31 Manufactueei?.

789 3077 116 31 WEST
938 3078 176 31 OXFORD.

690 3128 48 21 Has
747 3135 29 14 on
784 3127 62 21 hand
854 3134 13 14 a
877 3128 101 27 splendid
985 3130 130 20 assortment
1121 3130 23 20 of
1150 3130 66 21 Boots

689 3161 44 18 and
743 3160 68 19 Shoes
821 3160 65 19 made
898 3167 35 12 -.on
943 3161 38 18 the
990 3161 104 23 premises
1112 3163 25 18 at
1146 3162 69 24 prices

690 3190 52 21 that
752 3190 50 26 defy
812 3191 148 25 competition.
987 3191 60 26 Boys
1055 3192 79 20 School
1159 3194 55 24 oots,

689 3222 57 21 back
756 3229 70 14 seams
835 3222 45 20 and
889 3222 62 21 front
959 3222 62 21 hand
1028 3229 65 19 sewn,
1101 3226 81 19 cannot
1188 3225 28 21 be

691 3255 123 25 surpassed.
846 3254 66 21 Men's
922 3255 48 20 best
976 3256 146 25 watertights,
1132 3257 84 26 pegged

691 3286 49 27 15/-.
779 3286 97 26 Bespoke
898 3285 139 26 department
1059 3287 103 25 carefully
1185 3289 33 19 at-

691 3317 83 20 tended
788 3319 30 18 to.
846 3318 39 19 Mfc
903 3317 45 19 and
966 3317 167 28 Workmanship
1151 3320 67 19 Guar-

691 3348 86 22 anteed.
804 3349 92 25 Eepairs
904 3348 76 25 neatly
990 3349 43 21 and
1042 3351 112 26 promptly
1164 3351 56 21 done

691 3382 25 20 at
724 3380 128 22 reasonable
875 3380 57 21 rices

722 3435 57 21 ancli
792 3433 191 22 Establishment:
999 3433 57 21 Near
1075 3435 66 21 Town
1160 3436 60 25 Hall,

875 3461 57 19 Fist
941 3461 90 19 Oxford.

716 3536 49 38 G.
792 3535 47 38 E.
869 3535 335 47 WEYLANDT,

827 3598 107 26 FAMILY
952 3598 142 26 BUTCHER.

739 3633 153 39 BAST
922 3633 258 40 OXFOBD,

58 1916 36 50 T.
137 1914 44 61 J.
223 1912 351 62 WEEBER,

129 1977 70 31 High
212 1976 87 28 Street,
312 1976 63 23 East
395 1975 100 24 Oxford.

132 2034 123 31 PICTURE
274 2033 98 29 FRAME
395 2032 102 28 MAKER

52 2090 101 25 Picture
164 2090 90 24 Frame
263 2088 144 30 Mouldings
419 2095 27 17 or
469 2086 59 25 sale.

47 2130 84 31 Agent
137 2130 39 24 for
186 2128 39 25 W.
237 2128 141 24 Rainbow's
395 2126 182 31 Preparations.

102 2187 15 11 „
183 2167 137 26 Ellisdon's
331 2166 132 32 Neuralgic
473 2166 89 30 Drops.

101 2227 16 12 
183 2207 94 26 United
295 2206 135 25 Insurance
453 2205 130 32 Company

48 2249 27 26 of
85 2248 107 33 Sydney.

52 2358 23 26 A
85 2366 55 18 new
151 2357 37 27 lot
200 2357 26 25 of
238 2355 211 33 Paperhangings,
473 2355 50 31 just
546 2362 36 17 re-

56 2397 92 29 ceived,
159 2396 64 25 from
235 2394 113 32 sixpence
365 2401 44 23 per
428 2393 74 31 piece.

98 2518 91 42 ■W.
235 2513 307 46 STOCKS,

56 2577 341 33 MONUMENTAL
418 2574 170 36 MASON,

180 2629 130 30 Madras
332 2627 143 34 Stbeeet,

101 2676 445 37 CHRISTCHURCH.

61 2764 30 30 A
100 2763 86 40 large
200 2761 89 32 stock
303 2761 32 30 of
350 2759 195 31 Monuments
560 2760 31 26 to

62 2815 95 31 select
176 2815 80 30 from
271 2817 33 27 at
316 2813 109 30 lowest
437 2814 93 27 rates.

170 3036 209 28 Established
405 3035 85 29 1862.

66 3109 122 29 FLOUR,
200 3109 55 25 best
265 3108 79 25 brand
355 3109 58 32 only
424 3109 65 32 kept.

69 3151 139 29 SHARPS,
243 3151 199 29 OATMEAL,
476 3153 107 25 BRAN

158 3193 286 30 CHICKENWHEAT,
463 3196 40 25 &c.

67 3236 46 29 A£
127 3237 143 28 LOWEST
289 3236 160 29 OUB&ENT
470 3238 129 29 BATES*

71 3330 46 43 J.
139 3330 53 43 T.
220 3329 196 53 Brown,
438 3331 41 42 &
499 3331 94 43 Son

125 3395 110 21 TIMBER
244 3395 18 20 &
271 3394 72 21 COAL
357 3395 178 22 MERCHANTS.

244 3432 162 21 IMPORTEJRS

74 3469 35 27 Of
139 3468 138 27 TIMBER
306 3470 52 24 and
387 3470 48 25 All
464 3471 86 25 Kinds
574 3472 28 25 of

127 3513 184 29 BUILDING
335 3514 217 29 MATERIALS.

262 3560 148 26 CORNER
423 3584 3 3 .

74 3602 161 27 COLOMBO
275 3603 18 22 &
321 3602 95 24 TUAM
451 3603 152 25 STREETS

230 3644 189 26 Chrisxohuroh

408 682 56 44 J.
502 682 57 40 S.
586 681 222 48 COOK,

582 735 42 19 The
644 733 204 26 People's^Ghemist,

694 769 91 25 wasliol
800 769 95 31 Street,

831 805 275 27 CHEISTCHUECH.

750 860 126 31 (Opposite
888 860 41 24 the
949 860 55 23 A.I.
1019 859 85 31 Hotel)

58 933 12 19 I
79 932 53 20 have
141 931 95 26 pleasure
245 930 23 19 m
278 929 103 25 thanking
390 935 35 19 my
434 929 79 20 friends
523 929 42 20 and
574 929 120 26 supporters
704 928 33 21 for
747 928 35 21 the
798 928 119 21 confidence
935 927 53 21 and*
996 933 49 19 very
1062 926 73 22 liberal
1153 926 38 26 pat

33 974 78 20 ronage
130 967 68 22 which
208 966 38 21 has
256 966 51 21 been
314 965 99 22 extended
422 966 21 21 to
451 971 32 16 me
490 966 32 20 for
532 965 36 22 the
576 966 48 26 past
633 971 66 19 years,
708 965 12 20 I
730 966 54 21 trust
793 966 47 20 that
858 965 13 21 I
888 965 56 21 sball
959 965 62 20 merit
1038 964 37 21 the
1092 962 113 23 continued

33 1006 114 26 patronage
156 1004 22 20 of
186 1009 36 20 my
230 1002 79 21 friends
319 1001 42 22 and
369 1002 36 21 the
413 1002 71 26 public
490 1002 111 26 generally,
627 1001 82 26 During
720 1002 34 20 the
763 1008 59 19 years
831 1002 12 20 I
857 1002 53 20 have
924 1001 51 21 been
984 1001 23 20 m
1024 1000 150 22 Christchurch
1188 1000 10 20 I

34 1041 54 21 have
98 1039 109 28 dispensed
213 1046 65 19 many
285 1039 115 21 thousands
409 1039 22 20 of
440 1038 147 27 prescriptions
597 1039 42 20 and
648 1039 134 25 successfully
792 1039 78 21 treated
881 1039 78 20 several
980 1038 117 21 thousands
1125 1038 22 20 of
1165 1042 37 20 my

33 1077 98 27 patients.
158 1077 55 20 lam
222 1076 53 26 folly
283 1074 124 27 acquainted
415 1075 51 21 with
475 1075 36 21 the
525 1074 94 22 business
626 1074 61 21 mah
697 1074 28 21 its
734 1074 107 25 branches,
852 1074 42 21 and
902 1074 81 26 itismy
993 1074 118 21 endeavour
1128 1074 77 24 always

68 1114 118 27 personally
200 1112 72 22 attend
281 1114 22 20 to
313 1112 33 21 the
353 1111 149 26 requirements
511 1112 43 21 and
561 1111 72 22 obtain
643 1112 36 21 the
688 1112 119 21 confidence
822 1112 22 20 of
862 1112 29 21 all
909 1112 56 28 who^
974 1112 73 25 kindly
1064 1112 74 20 favour
1169 1117 34 14 me

34 1151 52 21 with
95 1150 54 21 their
159 1150 121 26 patronage.

36 1189 64 21 TRY
119 1189 49 21 MY
191 1187 91 23 CURE
300 1185 143 23 FOR'ALL
461 1185 162 27 KINDSgOF
639 1188 80 20 SKIN
749 1188 171 21 DISEASE—

194 1222 13 20 I
216 1227 35 14 am
260 1222 133 25 exceedingly
401 1221 112 21 successful
524 1221 23 20 m
557 1227 36 19 my
598 1221 99 22 remedies
706 1222 33 21 for
749 1221 42 22 this
800 1222 121 25 complaint,
931 1222 53 21 have
993 1228 13 15 a
1010 1222 57 26 large
1083 1222 91 21 number
1189 1223 22 20 of

235 1256 148 23 testimonials.

60 1305 41 21 RY
119 1305 49 21 MY
186 1303 74 23 NEW
277 1303 142 21 REMEDY
437 1303 62 21 FOR
518 1303 96 21 LIVES
626 1303 219 22 COMPLAINTS
862 1305 69 21 AND
950 1305 252 22 INDIGESTION—

196 1337 112 23 Hundreds
318 1338 21 21 of
347 1343 37 20 my
392 1338 94 26 patients
495 1338 54 21 have
558 1338 77 25 proved
644 1338 17 21 it
671 1338 75 25 highly
760 1339 141 25 satisfactory.

182 1385 79 32 Large
274 1383 74 28 Stock
365 1384 26 26 of
400 1384 33 26 all
444 1384 71 26 kinds
526 1385 26 25 of
561 1384 88 26 Patent
671 1385 132 25 Medicines
826 1388 25 23 at
879 1387 70 24 Store
965 1387 91 25 Prices.

265 1438 21 24 A
298 1437 115 32 complete
417 1462 7 10 i
437 1437 147 26 Assortment,
604 1438 26 24 of
648 1438 175 32 Homcepathic
850 1439 138 26 Medicines.

100 1488 43 26 All
159 1489 124 25 DRUGS
299 1489 189 25 Guaranteed
506 1488 82 33 Pure,
605 1488 73 26 Best
699 1489 127 34 Quality,
847 1490 55 24 and
919 1491 116 25 Lowest
1061 1490 90 27 Price.

232 1534 300 27 PRESCRIPTIONS
547 1537 117 32 carefully
682 1538 48 22 and
749 1538 111 30 correctly
883 1539 130 30 dispensed.

1005 1591 190 33 FRBJIi:

460 1642 114 30 JOHN
595 1641 29 31 S.
650 1641 143 38 COOKE,

433 1702 142 33 .Registered
607 1703 205 27 Pharmacentical
829 1705 116 30 Chemist,

763 1751 110 27 Cashel
897 1753 114 32 Street,

892 1800 272 25 CHEISTCHUBCH.
