2510 4020
1303 1125 70 25 Fall
1396 1133 32 16 of
1547 1133 33 16 at
1604 1126 113 24 Peking.
1726 1138 34 5 —
1766 1126 24 24 A
1813 1127 45 23 late

1272 1158 95 24 Gazette
1386 1166 131 16 announces
1536 1159 48 24 that
1596 1159 38 23 the
1653 1159 54 31 long
1725 1159 98 31 drought
1835 1166 23 17 at

1271 1192 92 31 Peking
1381 1192 41 23 has
1441 1193 80 29 ended,
1543 1192 44 24 and
1605 1193 93 31 copious
1716 1192 99 25 showers
1834 1193 26 24 of

1271 1227 47 23 rain
1339 1225 64 24 have*
1410 1225 76 27 fallen.
1524 1226 47 24 His
1581 1226 102 31 imperial
1703 1226 102 32 Majesty
1817 1234 40 16 ex-

1270 1267 89 23 presses
1378 1259 35 23 his
1429 1258 84 32 joyous
1531 1260 86 30 praises
1628 1260 35 23 for
1682 1260 55 23 such
1756 1260 101 24 celestial

1270 1292 98 29 favours,
1370 1305 33 4 —
1404 1293 83 23 directs
1500 1292 36 24 his
1549 1293 52 30 high
1613 1293 88 23 officers
1713 1297 23 19 to
1748 1294 74 30 repair
1834 1299 23 18 to

1270 1326 38 23 the
1317 1326 90 23 shrines
1419 1326 44 23 and
1476 1326 95 31 temples
1587 1331 22 18 to
1623 1326 56 23 burn
1693 1327 99 27 incense,
1806 1327 51 29 and,

1271 1359 53 23 with
1348 1367 89 23 prayer,
1462 1364 22 18 to
1507 1364 78 18 return
1608 1359 97 31 grateful
1728 1359 84 24 thanks
1835 1366 23 17 to

1270 1392 93 30 heaven,
1377 1392 45 23 and
1434 1392 85 24 reward
1531 1392 30 23 all
1575 1392 38 23 the
1625 1392 100 24 Budhist
1736 1393 44 23 and
1792 1392 66 25 Taou
1867 1389 2 26 !

1272 1425 86 24 Priests
1371 1426 53 23 with
1436 1433 81 23 money
1529 1425 35 23 for
1577 1426 57 23 their
1645 1433 101 24 prayers.

1304 1465 65 24 Here
1387 1467 20 22 is
1420 1474 13 15 a
1446 1465 108 24 beautiful
1568 1467 99 30 opening
1678 1465 35 24 for
1724 1474 41 16 our
1783 1467 75 25 imita-

1270 1498 46 25 tion
1328 1500 24 23 of
1363 1499 99 24 Chinese
1474 1499 64 29 faith,
1557 1498 42 25 and
1613 1499 38 23 the
1664 1500 99 23 exercise
1776 1500 25 23 of
1816 1508 42 16 our

1269 1533 113 30 gratitude
1402 1537 23 18 to
1444 1540 41 16 our
1504 1532 109 31 heavenly
1633 1533 121 23 mediators
1771 1533 24 23 in
1818 1542 41 16 our

1270 1566 108 23 southern
1394 1566 115 28 Colonies,
1523 1565 48 24 who
1584 1565 73 24 would
1676 1571 39 18 not
1727 1566 27 23 be
1766 1574 14 15 a
1792 1567 65 24 Bud-

1270 1599 47 23 hist
1328 1607 25 16 or
1364 1599 67 24 Taou
1444 1599 85 28 Priest,
1552 1604 21 18 to
1593 1599 27 23 be
1633 1598 53 24 thus
1698 1599 115 25 rewarded
1825 1601 36 23 for

1271 1633 57 22 their
1349 1632 105 32 spiritual
1476 1633 148 23 intercession
1644 1633 35 23 for
1697 1641 14 15 a
1730 1633 86 32 change
1838 1634 25 23 of

1271 1665 109 25 weather.

1302 1706 143 24 Anecdote
1469 1714 31 16 of
1524 1706 152 25 Napoleon.
1679 1719 33 4 —
1713 1707 24 23 A
1753 1711 107 27 stranger

1270 1739 84 31 having
1368 1740 92 24 entered
1473 1740 38 23 the
1523 1745 128 27 apartment
1664 1740 71 24 where
1748 1741 38 22 the
1800 1741 59 23 Em-

1271 1780 65 24 peror
1349 1773 118 32 Napoleon
1479 1781 46 16 was
1538 1773 96 30 shaving
1646 1773 98 29 himself,
1759 1773 65 24 when
1835 1775 25 23 in

1270 1815 13 15 a
1294 1806 58 24 little
1364 1812 58 19 town
1436 1808 24 22 in
1472 1807 110 31 Italy,he
1594 1806 57 29 said,
1691 1807 11 23 I
1716 1810 59 20 want
1787 1812 22 19 to
1822 1815 38 16 see

1270 1848 56 23 your
1337 1846 64 25 great
1413 1840 114 31 Emperor
1527 1852 34 4 —
1563 1839 57 24 what
1629 1847 38 16 are
1679 1848 44 23 you
1736 1845 22 18 to
1770 1839 47 25 him
1828 1841 11 24 ?

1271 1873 50 25 The
1334 1874 113 31 Emperor
1459 1872 93 32 replied,
1591 1872 12 25 I
1616 1873 69 24 shave

1304 1914 144 24 Marriage
1450 1926 34 4 —
1484 1913 68 24 Look
1570 1918 22 19 at
1612 1913 38 24 the
1671 1918 64 26 great
1754 1921 64 17 mass
1840 1915 25 24 of

1417 1947 49 24 that
1488 1947 52 23 take
1563 1947 63 30 place
1651 1954 53 16 over
1728 1947 38 23 the
1788 1949 73 23 whole

1271 1979 69 24 world
1350 1989 6 19 ;
1377 1980 59 23 what
1455 1987 62 23 poor,
1531 1979 160 31 contemptible
1710 1980 77 24 affairs
1808 1980 54 32 they

1272 2020 37 16 are
1318 2013 5 23 !
1358 2013 24 23 A
1394 2013 42 23 few
1460 2013 45 23 soft
1524 2013 73 28 looks,
1610 2021 12 15 a
1643 2012 68 30 walk,
1725 2021 12 15 a
1756 2013 80 30 dance,
1849 2023 14 15 a

1272 2053 96 24 squeeze
1380 2046 25 23 of
1420 2046 39 24 the
1471 2046 68 29 hand,
1552 2055 13 15 a
1576 2047 102 31 popping
1695 2046 26 24 of
1736 2046 39 25 the
1792 2055 68 23 ques-

1272 2080 54 28 tion,
1346 2088 13 15 a
1377 2080 139 31 purchasing
1537 2080 25 24 of
1582 2088 14 14 a
1616 2081 85 22 certain
1722 2081 96 23 number
1839 2081 26 23 of

1272 2113 66 30 yards
1349 2114 26 22 of
1390 2113 68 23 white
1478 2114 68 28 satin,
1559 2121 13 16 a
1591 2114 59 29 ring,
1664 2121 14 15 a
1696 2113 139 31 clergyman,
1849 2123 13 15 a

1272 2151 63 26 stage
1348 2154 24 15 or
1385 2151 43 19 two
1441 2147 23 22 in
1477 2154 14 15 a
1501 2146 65 24 hi.cd
1584 2147 110 30 carriage,
1706 2155 14 15 a
1732 2147 69 31 /light
1813 2148 24 23 in
1849 2156 13 15 a

1272 2185 94 25 country
1384 2180 48 28 inn,
1446 2179 45 24 and
1509 2179 38 24 the
1566 2179 72 24 whole
1658 2185 82 18 matter
1758 2181 20 22 is
1798 2189 62 16 over.

1272 2212 45 24 For
1329 2213 43 23 five
1384 2220 26 16 or
1425 2214 37 22 six
1481 2213 76 23 weeks
1575 2218 44 18 two
1641 2213 105 31 sheepish
1765 2213 96 33 looking

1272 2253 94 25 persons
1386 2254 38 16 are
1443 2254 54 16 seen
1517 2246 109 32 dangling
1645 2255 29 15 on
1697 2248 54 23 each
1777 2248 85 23 other's

1272 2286 55 23 arm,
1340 2280 95 31 looking
1446 2286 25 18 at
1483 2280 141 29 water-falls,
1637 2288 25 16 or
1678 2280 95 32 making
1784 2289 77 16 morn-

1272 2314 39 30 ing
1323 2313 62 29 calls,
1399 2313 45 24 and
1456 2313 110 32 guzzling
1582 2315 59 22 wine
1661 2314 44 23 and
1718 2314 69 30 cake';
1807 2315 55 24 then

1272 2348 134 30 everything
1427 2347 53 23 falls
1503 2347 46 23 into
1573 2347 38 24 the
1631 2353 60 18 most
1711 2356 151 16 monotonous

1272 2382 88 21 routine
1370 2390 6 19 ;
1403 2380 38 23 the
1461 2380 51 24 wife
1531 2381 41 23 sits
1591 2389 29 15 on
1640 2389 42 16 one
1705 2381 48 24 side
1775 2383 25 22 of
1824 2382 38 24 the

1273 2413 86 30 hearth,
1373 2414 39 23 the
1431 2414 105 24 husband
1554 2422 28 15 on
1595 2414 38 24 the
1645 2415 64 23 other
1721 2424 5 19 ;
1747 2415 45 23 and
1802 2415 60 25 little

1272 2448 110 30 quarrels,
1395 2448 58 23 little
1464 2448 124 30 pleasures,
1597 2448 58 23 little
1667 2456 71 20 cares,
1748 2449 44 23 and
1804 2448 58 25 little

1272 2481 108 29 children,
1393 2480 119 32 gradually
1521 2481 80 32 gather
1613 2481 72 24 round
1698 2481 69 24 them.
1804 2482 59 24 This

1272 2514 20 23 is
1304 2515 59 23 what
1384 2515 145 30 ninety-nine
1547 2520 38 18 out
1598 2516 25 23 of
1639 2523 42 16 one
1700 2515 103 24 hundred
1815 2516 47 24 find

1261 2549 2 4 '
1272 2552 22 19 to
1305 2547 28 25 be
1345 2547 39 25 the
1396 2547 100 34 delights
1508 2548 26 24 of
1548 2549 144 31 matrimony.

1305 2588 51 24 The
1375 2589 117 31 following
1511 2590 138 31 impromptu
1655 2598 43 22 yon
1719 2598 14 16 a
1750 2591 114 31 marriage

1272 2622 72 24 which
1356 2622 42 24 has
1411 2623 70 31 lately
1494 2622 68 24 taken
1577 2622 64 32 place
1653 2624 25 23 in
1689 2632 14 15 a
1715 2624 81 31 village
1810 2633 54 15 near

1272 2655 144 32 Barnstaple,
1435 2657 102 23 between
1560 2665 13 15 a
1596 2656 78 32 loving
1696 2658 56 30 pair,
1771 2666 92 23 respec-

1270 2689 69 31 tively
1352 2690 82 24 named
1453 2690 44 24 Job
1518 2690 60 23 Wall
1598 2690 45 23 and
1663 2690 66 31 Mary
1743 2691 64 29 Best,
1822 2700 40 23 ap-

1271 2730 66 24 pears
1347 2724 24 23 in
1384 2731 13 15 a
1409 2728 78 19 recent
1498 2723 95 24 number
1605 2724 26 23 of
1640 2723 40 25 the
1690 2723 80 25 North
1780 2725 82 24 Devon

1270 2756 102 24 Journal
1383 2766 8 14 :
1392 2769 35 5 —
1521 2764 10 15 >
1624 2771 3 3 •
1643 2768 4 5 -
1670 2764 8 8 ■■

1299 2800 44 22 Job
1350 2801 100 28 wanting
1456 2808 16 27 £
1478 2804 97 25 partner,
1585 2800 96 29 thought
1688 2801 64 23 heed
1759 2801 34 32 bes^
1797 2802 65 27 blest,

1300 2833 24 22 If
1335 2834 26 21 of
1372 2834 31 22 ail
1412 2841 87 16 women
1511 2835 60 27 kind,
1583 2834 28 23 he
1622 2835 99 22 selected
1731 2835 37 22 the
1778 2836 62 27 best;

1299 2868 43 22 For
1352 2868 50 23 said
1411 2869 37 27 he,
1482 2869 33 22 Of
1526 2869 30 22 all
1571 2869 56 23 evils
1643 2869 48 23 that
1706 2878 102 21 compass
1815 2881 4 7 •
1827 2871 37 23 the

1351 2903 73 27 globe,

1300 2937 21 22 A
1330 2937 43 22 bad
1386 2937 50 22 wife
1451 2937 75 22 would
1541 2941 58 19 most
1613 2936 42 29 try'
1665 2937 37 23 the
1720 2933 104 32 patience
1841 2939 26 22 of

1306 2964 8 5 ~

1298 3005 47 23 The
1357 3006 54 22 Best
1428 3006 53 22 then
1491 3005 29 23 he
1531 3005 72 28 chose,
1615 3006 46 22 and
1672 3006 64 23 made
1770 3007 59 22 bone
1841 3007 23 22 of

1353 3040 36 22 his

1298 3074 56 23 Tho'
1366 3075 61 22 'twas
1437 3074 60 23 clear
1513 3078 22 19 to
1549 3075 42 22 her
1601 3075 85 22 friends
1695 3076 64 22 she'd
1768 3076 28 23 be
1808 3076 55 23 Best

1351 3108 43 23 left
1404 3109 73 27 alone,

1298 3143 42 23 For
1355 3151 82 20 among
1454 3143 37 22 the
1506 3143 63 23 weak
1584 3148 48 23 sex,'
1642 3144 60 23 she's
1710 3140 41 27 the^
1765 3144 98 23 weakest

1352 3177 26 23 of
1384 3177 43 28 .all,
1466 3183 15 5 -

1298 3210 25 23 If
1333 3211 36 22 'tis
1380 3215 48 19 true
1438 3210 49 24 that
1520 3211 36 23 the
1565 3211 109 24 Weakest
1682 3216 59 19 must
1750 3220 30 20 go
1790 3216 23 19 to
1825 3213 37 23 the

1314 3247 7 3 '

1305 3285 141 25 Criticism.
1457 3299 34 4 —
1497 3286 25 25 A
1543 3287 70 24 rustic
1636 3287 69 31 being
1728 3287 72 25 asked
1824 3288 37 24 his

1270 3319 91 31 opinion
1383 3320 26 23 of
1424 3328 13 15 a
1455 3321 88 30 picture
1563 3320 27 24 of
1605 3320 64 24 three
1686 3322 60 33 pigs^
1760 3321 100 32 feeding,

1270 3353 91 31 painted
1385 3353 31 31 by
1436 3353 115 30 Morland,
1575 3353 57 30 said,
1678 3348 68 29 Well*
1759 3355 54 31 they
1833 3355 28 24 be

1269 3386 139 31 pure-loike,
1557 3387 132 30 scratching
1718 3388 35 22 his
1782 3388 58 24 head
1851 3397 6 20 ;

1296 3419 40 24 but
1347 3419 64 25 there
1422 3421 29 22 be
1464 3428 41 16 one
1517 3420 58 24 fault
1700 3421 76 24 When
1788 3421 73 24 asked

1270 3452 58 24 what
1340 3454 50 23 that
1407 3453 58 24 fault
1476 3454 75 31 might
1561 3454 35 29 be,
1610 3454 29 24 he
1658 3454 93 32 replied,
1790 3455 69 32 Why,

1270 3486 49 24 who
1331 3494 51 17 ever
1395 3487 53 24 seed
1461 3487 63 24 three
1535 3489 52 30 pigs
1599 3487 99 32 feeding,
1711 3489 95 23 without
1818 3497 42 16 one

1269 3527 31 16 on
1311 3520 43 24 'era
1366 3520 85 32 having
1464 3520 35 30 h,is
1511 3522 46 22 foot
1568 3522 24 22 in
1605 3521 39 24 the
1656 3521 82 32 trough
1747 3522 11 24 ?

1289 3562 8 5 *
1304 3560 165 26 Galvanism.
1472 3574 33 5 —
1505 3561 44 23 We
1564 3562 140 29 mentioned,
1716 3570 62 16 some
1797 3562 64 25 short

1270 3594 59 30 time,
1343 3595 70 29 since,
1432 3602 14 16 a
1458 3595 42 23 few
1519 3595 137 31 particulars
1674 3597 27 22 of
1715 3596 48 24 Mr.
1784 3596 76 32 Hay's

1270 3635 49 15 new
1345 3628 93 24 method
1461 3628 27 24 of
1514 3629 122 31 coppering
1658 3629 73 29 boats,
1756 3630 54 29 &c,
1831 3631 27 29 by

1269 3660 135 32 galvanism.
1415 3668 3 5 '
1458 3661 59 25 This
1540 3670 94 24 process
1654 3663 20 23 is
1698 3670 49 17 now
1761 3664 34 24 ,in
1818 3663 42 24 full

1269 3694 116 31 operation
1410 3696 26 22 in
1459 3703 41 16 our
1523 3694 123 33 dockyard,
1670 3696 44 24 and
1736 3696 43 25 has
1801 3697 58 26 been

1269 3728 116 31 inspected
1397 3728 31 32 by
1439 3728 39 24 the
1490 3728 75 25 Lords
1573 3729 26 24 of
1606 3729 48 24 the-
1658 3729 139 33 Admiralty,
1807 3731 51 24 who

1270 3761 57 24 bave
1333 3761 125 32 expressed
1464 3761 137 25 themselves
1607 3762 83 32 highly
1697 3763 102 24 satisfied
1806 3764 54 24 with

1269 3795 31 23 its
1312 3795 132 31 simplicity,
1457 3795 45 24 and
1512 3795 41 24 felt
1563 3802 70 17 mucn
1646 3796 124 24 interested
1780 3797 36 24 for
1829 3797 31 24 its

1268 3827 105 25 ultimate
1380 3835 93 17 success
1481 3837 7 20 ;
1507 3828 59 24 their
1571 3828 117 32 lordships
1698 3828 50 24 also
1754 3830 104 23 witness-

1260 3861 38 24 ed
1310 3861 38 24 the
1357 3867 96 26 process
1458 3861 27 24 of
1499 3861 124 31 coppering
1628 3861 51 24 iron
1689 3862 69 29 .nails,
1765 3869 93 23 screws,

1270 3893 54 31 &c,
1335 3894 139 28 and-calico,<
1477 3894 107 24 intended
1594 3894 37 24 for
1637 3894 91 33 roofing
1738 3894 70 26 sheds
1815 3885 53 39 and^

1270 3927 65 25 other
1352 3926 134 32 buildings;
1512 3927 37 25 the
1560 3935 84 17 screws
1662 3926 45 26 and
1721 3928 58 26 nails'
1799 3934 69 31 were|

1270 3960 76 27 tested
1354 3960 32 35 by
1395 3960 71 34 being
1476 3960 78 27 driven
1564 3962 51 24 into
1625 3962 73 31 wqpd,
1710 3962 95 26 without
1821 3951 47 37 th*

544 47 100 46 €%*
666 44 121 45 Wteto
813 46 210 42 jgcalanti
1047 46 194 48 <9te?rttr
1263 49 91 40 attb
1378 47 303 47 WltUinqUm
1707 46 258 49 grjwtator-

40 140 48 24 But
98 139 20 23 if
139 138 38 24 the
195 138 86 23 writete
288 138 26 23 of
334 137 41 24 the
387 138 71 23 above
475 137 45 24 had
542 136 83 24 known

40 173 48 24 that
99 172 19 23 it
128 170 104 32 required
249 178 30 16 no
294 177 49 17 new
360 175 129 19 enactment
508 169 117 30 tojnsure

39 211 24 19 to
75 204 37 24 the
121 204 114 30 emigrant
247 203 38 24 the
297 203 98 31 security
406 203 45 24 and
468 202 124 25 fulfilment
602 202 32 23 ofr

40 239 38 23 the
89 237 111 31 promises
212 235 53 24 held
277 240 39 20 out
326 241 24 19 to
361 235 55 29 him,
435 244 26 16 as
477 234 93 33 regards
588 234 36 24 his

39 274 120 20 treatment
176 268 83 31 during
277 268 35 24 his
328 269 82 23 transit
422 275 23 18 to
463 269 38 24 the
519 268 64 32 place
602 268 26 23 of

39 303 36 24 his
86 302 106 24 intended
205 301 105 30 location,
327 302 63 23 there
402 301 69 32 being
490 308 60 16 more
569 300 55 23 than

40 343 42 18 one
99 335 112 24 elaborate
230 334 61 24 scale
312 335 25 23 of
357 336 138 30 regulations
514 333 73 23 which
607 333 20 23 if

39 368 104 33 properly
164 368 64 23 acted
251 375 30 23 up
304 373 30 24 to,
345 385 5 3 -
363 368 74 24 would
468 367 79 23 render
580 373 43 23 any

26 421 2 4 .
40 401 86 25 further
147 406 128 18 enactment
298 409 60 22 up»n
388 401 49 23 that
466 400 96 30 subject,
595 398 29 24 he

40 434 73 24 would
125 434 56 23 have
194 434 110 24 hesitated
316 434 76 24 before
409 434 28 23 he
456 432 112 24 launched
586 437 39 18 out

39 469 22 22 in
74 468 36 23 his
122 468 135 30 paneygeric
276 475 60 23 upon
354 467 38 23 the
404 465 176 33 philanthrophy
602 465 25 23 of

39 501 205 30 Downihg-street,
257 501 44 23 and
313 500 35 24 his
369 499 122 37 charitable
514 498 109 31 anticipa-

40 535 60 23 tions
112 533 24 23 of
147 533 36 24 the
194 533 97 24 benefits
303 538 22 18 to
338 533 57 23 arise
410 533 57 23 from
486 531 59 23 their
563 531 61 23 colo-

39 567 45 23 nial
98 566 142 31 Passengers
252 566 47 23 Bill
301 578 30 5 —
333 566 76 23 unless
425 564 87 28 iudeed,
526 564 97 24 Messrs.

39 601 38 22 the
96 600 132 32 Inspectors
246 599 71 23 under
336 599 45 23 this
399 606 49 16 new
466 597 42 24 bill
519 604 38 16 are
569 597 54 23 sub-

36 633 76 31 jected
124 639 23 18 to
167 641 13 15 a
199 632 68 23 much
289 639 63 16 more
369 632 95 31 vigilant
483 630 140 23 survfcilance

39 667 63 28 than,
115 666 19 23 if
149 673 32 15 we
193 672 39 16 are
243 670 23 18 to
279 665 71 31 judge
368 665 28 30 by
416 665 38 23 the
466 663 93 29 results,
572 663 52 30 they

41 707 58 15 were
110 698 71 23 under
193 697 39 24 the
243 698 38 23 old
290 705 62 21 ones,
366 700 18 21 it
395 698 45 23 will
452 697 91 24 become
564 704 60 16 mere

40 737 69 18 waste
121 738 77 24 paper.

73 788 44 24 We
129 788 56 23 have
197 788 118 31 published
328 796 28 15 an
368 788 127 23 Almanack
507 788 34 22 for
551 788 72 23 1843.

40 821 47 25 For
106 822 38 23 the
157 821 113 24 Calendar
287 822 44 22 and
349 820 186 31 Meteorological
554 820 71 24 Table

40 855 72 23 which
124 854 44 23 will
180 855 28 22 be
220 855 69 23 found
302 854 109 27 valuable,
424 862 33 15 we
470 861 37 16 are
520 853 105 23 indebted

39 893 23 18 to
71 888 96 31 Captain
177 887 38 24 W.
226 888 35 24 M.
275 888 75 23 Smith
361 887 31 24 R.
396 888 39 28 A.,
448 886 95 24 without
551 887 74 23 whose

39 921 36 23 aid
98 929 33 15 we
155 921 65 23 could
242 926 40 19 not
303 921 58 23 have
377 920 83 30 .issued
484 920 46 23 this
554 920 69 23 work.

38 953 77 24 These
134 954 85 24 Tables
237 954 122 24 constitute
379 954 37 24 the
436 953 71 24 whole
520 953 65 23 value
604 953 24 23 of

39 987 38 23 the
91 987 69 23 work.
197 987 51 23 The
261 987 59 23 book
334 989 19 21 is
364 996 56 21 veiy
440 987 92 23 inferior
544 991 22 19 to
585 994 40 16 our

38 1019 94 31 original
152 1018 87 31 design,
261 1019 73 24 which
352 1020 42 23 has
406 1020 58 23 been
484 1020 141 26 abandoned,

39 1052 72 31 partly
124 1051 57 24 from
194 1053 119 29 necessity,
326 1052 45 23 and
383 1053 73 30 partly
475 1053 58 22 from
545 1060 14 15 a
571 1060 54 15 con-

39 1086 83 22 viction
135 1085 46 23 that
194 1084 38 24 the
252 1084 80 24 labour
352 1084 57 24 such
421 1093 14 15 a
456 1085 88 23 volume
557 1092 25 15 as
595 1093 31 15 we

39 1118 79 24 should
139 1117 46 24 like
199 1122 22 18 to
242 1117 56 24 have
314 1117 90 32 printed
424 1117 75 24 wculd
512 1119 55 22 have
586 1117 40 24 de-

37 1151 104 29 manded,
155 1150 73 24 would
236 1156 46 24 not,
292 1152 22 22 in
328 1151 62 24 these
403 1152 74 28 times,
492 1150 55 24 have
567 1151 55 23 been

38 1184 49 32 paid
100 1185 35 23 for
147 1185 20 22 in
181 1183 39 24 the
230 1184 47 24 sale
289 1184 25 24 of
329 1185 37 23 the
379 1184 70 24 work.
486 1184 88 23 Should
592 1192 31 16 we

38 1217 46 25 find
96 1225 80 16 reason
189 1224 22 17 to
224 1217 85 24 believe
322 1218 49 23 that
381 1225 33 16 we
432 1217 57 24 shall
503 1224 59 17 meet
573 1217 52 24 with

39 1251 112 24 sufficient
171 1257 197 25 encouragement,
381 1258 33 16 we
434 1251 47 23 will
501 1258 64 24 carry
587 1256 39 18 out

38 1293 41 15 our
90 1284 95 31 original
198 1284 79 30 design
291 1285 21 22 in
331 1284 38 24 the
380 1284 133 24 Almanack
524 1291 33 16 we
568 1291 56 24 pur-

37 1325 54 24 pose
101 1318 124 31 preparing
234 1317 36 24 for
285 1319 71 23 1844.
501 1324 12 11 *

70 1379 44 24 We
127 1378 55 25 have
194 1378 57 25 been
264 1379 108 23 favoured
383 1379 55 23 with
450 1378 38 24 the
499 1378 92 32 perusal
604 1378 27 24 of

38 1413 79 23 lefers
129 1413 106 31 awaiting
246 1411 39 25 the
303 1412 82 31 sailing
406 1412 26 24 of
446 1412 39 23 the
503 1417 55 18 next
573 1411 65 25 mail*

38 1446 34 24 for
84 1446 116 32 England.

72 1484 51 24 The
144 1486 86 21 writers
249 1491 66 16 name
334 1484 21 23 is
376 1483 61 24 John
455 1484 106 23 Webster
572 1492 6 20 ;
599 1484 28 23 he

40 1518 87 24 arrived
145 1518 54 23 here
218 1517 28 34 by
260 1518 36 23 the
320 1517 89 31 George
425 1516 69 31 Fyfe.
530 1517 40 24 He
586 1525 38 24 ap-

40 1559 66 23 pears
118 1551 56 31 fully
186 1555 127 27 competent
326 1556 21 17 to
355 1551 57 23 form
425 1555 87 19 correct
524 1551 103 30 opinions

40 1584 44 24 airl
102 1591 24 16 io
145 1584 59 24 draw
218 1585 50 31 just
287 1584 143 23 conclusions
449 1592 61 23 upon
528 1590 95 18 matters

40 1617 104 24 whereon
165 1618 29 27 Jie
213 1625 40 16 can
272 1617 57 24 form
348 1617 36 23 his
401 1617 121 31 judgment
533 1618 30 30 by
575 1625 51 23 per-

40 1650 63 24 sonal
123 1651 142 23 observation
286 1651 45 23 and
353 1651 148 31 experience;
528 1651 44 23 and
593 1651 33 23 al-

39 1684 87 31 though
139 1684 103 31 strongly
260 1683 92 32 pressed
371 1689 21 18 to
413 1684 63 23 leave
489 1685 44 22 this
546 1685 79 23 settle-

40 1722 69 23 ment,
119 1718 40 22 has
171 1725 52 15 seen
237 1717 90 31 enough
338 1717 61 23 since
411 1717 37 23 his
460 1717 62 23 short
534 1718 92 31 sojourn

40 1751 60 27 here,
120 1755 23 18 to
155 1755 39 18 not
214 1751 54 30 only
284 1751 115 23 reconcile-
410 1751 46 23 him
470 1756 23 17 to
505 1751 37 23 the
555 1751 70 31 place,

38 1784 42 23 but
91 1789 73 18 create
176 1784 113 24 confident
298 1784 70 31 hopes
377 1784 26 23 of
411 1784 136 31 succeeding
557 1785 23 23 in
591 1785 34 23 his

38 1818 109 30 pursuits,
162 1817 40 23 but
209 1818 62 30 quite
278 1817 100 24 satisfied
385 1825 28 16 on
422 1825 41 16 one
471 1818 70 30 point,
551 1818 49 23 that
606 1819 20 22 is

40 1850 122 31 asregards
170 1850 37 24 the
216 1850 77 24 choice
300 1851 26 23 of
334 1850 60 24 what
401 1851 27 23 he
437 1850 40 24 has
484 1851 42 24 left
533 1851 92 29 behind,

39 1883 44 24 and
96 1883 58 24 what
165 1892 67 23 every
251 1884 66 30 thing
334 1884 54 23 here
405 1885 100 31 justifies
526 1885 38 23 the
583 1886 42 23 fair

39 1918 140 29 expectation
193 1918 25 22 of
234 1918 111 29 realizing
366 1917 29 31 by
413 1919 83 22 honest
512 1918 111 32 industry,

39 1950 62 23 there
114 1958 40 16 can
164 1951 28 23 be
205 1958 28 16 no
247 1951 107 23 mistake.

46 1989 17 8 **
72 1989 40 22 t\t
127 1996 54 23 vary
194 1989 107 30 feelingly
318 1989 72 23 draws
409 1989 39 23 the
467 1988 105 24 contrast*
586 1989 39 23 be-

37 2024 71 19 tween
122 2021 36 23 the
171 2021 118 23 miserable
301 2020 44 23 and
357 2020 105 31 hopeless
475 2021 115 24 condition
602 2022 26 23 of

38 2053 38 23 the
86 2053 120 32 labouring
221 2053 131 32 population
371 2053 29 23 he
421 2054 41 23 has
481 2053 41 24 left
543 2054 82 24 behind

37 2086 56 29 him,
106 2087 43 24 and
169 2087 38 24 the
225 2087 149 30 comparative
396 2095 51 15 ease
467 2088 45 23 and
530 2088 104 30 comfort,,

37 2120 72 24 which
122 2128 66 23 every
205 2128 52 16 man
277 2121 52 22 here
348 2119 30 32 by
395 2128 103 16 common
511 2121 114 32 prudence

37 2153 45 24 and
93 2154 104 30 industry
209 2153 62 29 does,
284 2154 43 23 and
340 2161 51 23 may
402 2153 76 32 enjoy.

144 2210 87 40 CAPE
250 2226 43 24 OF
307 2226 95 24 GOOD
416 2226 106 25 HOPE.

63 2282 48 22 The
121 2283 60 27 Cape
192 2283 81 27 colony
282 2290 97 20 appears,
394 2283 22 22 in
428 2290 103 16 common
543 2292 33 14 we
585 2285 38 22 be-

35 2308 60 24 lieve
110 2309 52 22 with
179 2310 37 22 the
234 2309 68 23 whole
320 2309 103 23 civilized
437 2310 75 27 world,
529 2316 23 16 to
566 2311 57 23 have

34 2336 57 22 been
103 2336 117 25 labourin?
230 2337 71 22 under
314 2342 61 21 great
385 2337 141 23 commercial
537 2339 86 25 depres-

36 2363 54 25 sion,
101 2363 56 22 from
169 2363 72 22 which
254 2364 20 21 it
282 2371 44 14 was
340 2363 79 33 hoped,
434 2365 67 21 relief
509 2366 73 21 would
596 2367 26 21 be

33 2389 105 23 obtained
157 2391 30 27 by
203 2390 38 22 the
260 2391 149 28 approaching
428 2391 56 22 wine
504 2393 46 22 and
566 2394 54 21 wool

33 2424 87 15 season.

63 2448 69 22 Great
146 2449 113 22 eXertions
269 2450 119 22 continued
400 2450 60 22 to-be
470 2451 66 22 made
546 2455 23 18 to
580 2452 42 22 im-

33 2482 67 21 prove
112 2475 36 23 the
159 2476 69 22 breed
236 2476 26 22 of
268 2477 67 27 sheep
345 2481 23 17 at
378 2476 36 23 the
423 2477 66 28 Cape.
519 2478 71 23 Rams
599 2480 26 21 of

35 2509 14 14 a
54 2503 98 27 superior
160 2503 132 27 description
301 2511 56 14 were
364 2504 67 27 being
436 2504 70 28 freely
512 2505 110 27 imported

34 2528 56 23 frwm
98 2529 54 23 New
162 2530 69 22 South
241 2530 79 27 Wales,
332 2530 110 28 England,
455 2532 43 22 and
505 2533 117 22 continen-

35 2555 32 22 tal
84 2556 94 29 Europe.
209 2557 75 22 Prizes
301 2565 56 14 were
374 2558 82 22 offered
471 2559 35 21 for
521 2559 38 23 the
575 2560 48 22 best

35 2583 110 24 specimen
159 2584 24 22 of
195 2584 55 22 wool
258 2592 5 14 :
281 2591 12 14 a
302 2584 52 28 gold
363 2592 43 20 cup
417 2586 64 21 value
491 2586 54 25 £50,
557 2587 43 22 and
610 2595 12 13 a

33 2610 67 22 silver
109 2618 43 15 one
166 2611 65 22 value
247 2611 54 27 £25,
319 2612 64 27 being
396 2613 67 27 giren
475 2613 34 21 for
524 2613 38 22 the
578 2614 45 22 first

33 2636 44 22 and
87 2638 81 21 second
183 2638 131 28 specimen*.
342 2639 48 22 The
401 2639 69 22 flocks
481 2647 57 14 were
554 2641 67 27 being

32 2664 85 27 greatly
127 2664 123 28 increased,
261 2666 45 21 and
316 2664 38 23 the
362 2666 85 28 quality
457 2667 27 21 of
494 2667 38 22 the
543 2667 79 23 fleeces

33 2690 34 23 im
72 2692 86 21 proved.

60 2724 48 22 The
122 2725 109 23 residents
248 2733 28 15 on
291 2726 38 22 the
342 2726 92 22 borders
445 2727 26 21 of
484 2727 37 22 the
537 2728 85 28 Colony

35 2758 82 20 appear
127 2756 21 18 to
163 2753 27 21 be
201 2753 105 26 suffering
317 2760 51 19 very
379 2753 66 21 much
463 2753 56 22 from
538 2754 37 22 the
585 2763 38 19 ag-

33 2779 108 25 gressions
152 2780 22 20 of
185 2779 90 22 Caffres.
305 2779 33 27 By
350 2779 36 21 the
402 2780 97 21 ''return
511 2781 27 21 of
545 2781 77 27 depre-

36 2804 86 22 dations
130 2805 131 22 committed
277 2806 23 21 in
310 2805 44 22 this
363 2805 85 28 Colony
458 2806 29 28 by
498 2807 37 22 the
548 2810 75 21 native

35 2831 68 22 fribes
114 2831 81 28 during
206 2833 36 21 the
253 2836 88 24 quarter
351 2833 84 28 ending
446 2833 37 22 the
493 2834 52 22 30th
555 2835 67 24 June,

126 2859 16 21 it
151 2866 93 21 appears
254 2860 47 21 that
312 2860 36 21 the
358 2860 55 21 total
428 2862 44 19 loss
483 2868 23 15 as
514 2862 107 27 reported

21 2888 37 21 ..t'-*
67 2885 36 22 the
115 2885 154 23 Government
279 2887 76 26 Agent
361 2894 43 14 was
413 2894 41 15 one
463 2887 103 23 hundred
577 2889 43 22 and

33 2911 77 23 eleven
129 2913 82 26 horses,
231 2913 52 22 nine
307 2913 102 22 hundred
428 2915 46 22 and
498 2915 123 28 thirty-five

33 2937 57 23 head
107 2939 26 22 of
148 2940 74 27 cattle,
243 2939 44 23 and
303 2941 120 27 forty^-four
438 2942 74 28 sheep.
546 2944 76 21 About

31 2965 51 22 half
93 2966 38 22 the
150 2967 74 26 cattle,
242 2967 44 22 and
301 2968 127 21 one-fourth
446 2968 26 22 of
486 2970 37 21 the
538 2970 82 27 horses,

30 3000 57 15 were
96 2994 130 27 recovered;
238 2994 36 22 the
284 2995 125 22 remainder
417 3003 57 14 were
486 3004 12 14 a
505 2997 55 22 total
571 2998 49 22 loss.

58 3027 49 21 Our
115 3027 88 23 readers
210 3035 38 15 are
258 3035 71 15 aware
340 3028 47 22 that
395 3029 91 23 Colonel
495 3030 75 23 Cloete
576 3031 44 23 bad

32 3054 90 21 entered
133 3055 46 21 into
190 3062 13 14 a
212 3059 71 23 treaty
292 3055 51 21 with
354 3056 38 21 the
404 3056 52 22 Port
463 3057 68 22 Natal
542 3058 78 26 rebels,

31 3081 29 27 by
72 3080 69 23 which
152 3081 52 27 they
214 3089 56 15 were
279 3082 63 21 all'to
353 3082 25 22 be
388 3083 119 27 pardoned,
521 3085 52 21 with
584 3085 36 23 the

32 3108 116 27 exception
159 3108 26 21 of
192 3108 50 22 four
253 3116 97 18 persons,
361 3109 45 22 and
414 3110 58 22 their
481 3111 85 27 private
573 3120 48 20 pro-

32 3138 62 24 perty
270 3135 72 22 These
360 3135 52 22 four
428 3144 88 19 persons
535 3146 85 16 were—

32 3161 101 22 Joachim
257 3162 22 22 J.
289 3162 23 22 J.
324 3162 92 27 Burger,
433 3163 95 23 M.'Yon
540 3166 78 28 Bre-la,

32 3188 43 22 and
86 3189 21 21 S.
120 3188 49 22 Yon
187 3188 75 22 Breda
296 3189 49 22 The
359 3189 142 29 last-named,
517 3196 23 17 at
550 3200 14 14 a
573 3193 47 23 din-

31 3222 41 14 ner
80 3216 65 26 given
157 3219 23 18 to
190 3216 37 22 the
239 3216 92 27 Captain
343 3216 26 22 of
380 3224 13 13 a
403 3216 77 22 Dutch
491 3218 106 24 schooner
608 3228 12 14 a

33 3242 61 22 short
108 3242 53 22 time
181 3243 75 22 before
275 3243 37 23 the
332 3243 81 22 arrival
430 3244 26 22 of
472 3244 36 22 the
531 3246 89 28 English

30 3271 81 26 troops,
122 3270 109 27 proposed
241 3277 13 14 a
265 3273 62 23 toast,
335 3271 19 10 **'
361 3271 21 21 A
394 3270 66 23 three'
466 3271 62 28 days'
540 3280 46 16 ram
597 3275 28 21 of

32 3296 135 32 gunpowder
176 3304 28 14 on
224 3297 110 27 England,
351 3297 45 23 and
411 3299 53 21 then
481 3306 52 21 may
542 3308 14 14 a
566 3300 54 23 flash

33 3323 25 21 of
71 3322 113 27 lightning
199 3324 55 22 blow
271 3323 37 23 the
319 3324 69 22 whole
407 3330 92 23 country
510 3331 23 17 to

32 3350 21 22 A
63 3350 85 22 reward
154 3351 26 21 <»f
187 3351 83 26 £1,000
280 3351 42 22 had
333 3352 56 22 been
399 3352 84 22 offered
491 3358 33 17 tor
535 3354 37 22 the
582 3362 39 21 ap-

30 3376 135 29 prehension
176 3378 26 20 of
208 3378 62 22 these
280 3385 58 15 men.

60 3411 69 22 Great
148 3410 118 24 difference
286 3412 24 22 of
331 3413 91 28 opinion
443 3414 86 22 existed
545 3415 28 22 in.
583 3416 38 22 the

32 3438 80 27 colony
122 3446 24 14 as
156 3442 23 18 to
190 3438 37 22 the
239 3440 109 28 propriety
357 3440 26 21 of
390 3441 38 21 the
437 3440 49 23 line
492 3442 26 21 of
525 3442 97 24 conduct

31 3465 96 28 pursued
138 3465 29 27 by
184 3465 91 23 Colonel
292 3466 82 28 Cloete,
396 3467 72 23 which
488 3476 60 15 some
568 3478 54 14 con-

31 3492 86 22 sidered
130 3492 50 33 just
194 3492 45 23 and
253 3493 125 28 expedient,
395 3494 44 22 and
455 3495 76 23 others
547 3504 24 14 as
587 3498 34 21 far

33 3523 37 18 too
93 3519 91 23 lenient.
202 3534 7 4 -
226 3520 48 22 The
300 3518 111 25 Graham's
435 3523 64 21 Town
521 3524 98 26 Journal,

32 3546 71 22 which
122 3551 124 28 represents
265 3546 37 23 the
322 3548 82 22 British
422 3549 97 23 farmers
538 3552 23 22 in
581 3552 38 22 the

32 3576 85 19 eastern
129 3574 91 26 district,
232 3581 24 14 a*
266 3574 48 23 well
324 3583 24 14 as
359 3576 36 22 the
406 3577 54 26 Cape
467 3578 74 27 Times,
552 3586 69 21 argae

103 3607 52 21 very
166 3601 45 22 fact
221 3601 26 22 of
263 3602 96 28 treating
374 3603 53 22 with
448 3604 37 22 the
501 3605 119 27 insurgent

32 3626 69 23 Boers
110 3632 23 17 at
142 3627 38 26 all,
188 3628 26 26 is,
225 3628 71 22 under
312 3628 36 23 the
355 3628 186 31 'circumstances,
559 3633 69 26 inex^r

31 3652 102 28 plicable.
171 3654 78 23 Terms
263 3655 80 23 should
350 3676 7 6 „
363 3656 58 23 have
439 3659 57 22 been
502 3677 3 4 .
514 3659 105 28 dictated,

31 3680 44 22 and
100 3688 13 15 a
134 3681 136 29 compliance
294 3683 54 23 with
375 3683 62 23 them
465 3685 155 29 imperatively

31 3706 101 24 claimed.

21 3739 75 24 'On
115 3741 37 24 the
170 3741 65 24 other
252 3743 68 29 hand,
340 3744 17 23 it
374 3744 21 23 is
411 3747 97 23 asserted
526 3747 33 29 by
582 3748 38 23 the

32 3767 149 24 Government
190 3769 45 23 and
243 3769 30 24 its
281 3776 133 24 supporters,
426 3772 15 13 '«
448 3773 48 24 that
501 3776 72 22 under
582 3776 38 22 the

30 3795 97 26 peculier
145 3796 172 25 circumstances
336 3799 26 22 of
379 3798 38 24 the
434 3808 59 22 case,
509 3809 31 15 no
556 3803 64 22 other

87 3828 21 16 o*
122 3823 97 23 conduct
228 3824 66 23 could
303 3825 57 24 have
369 3826 58 23 been
437 3828 104 28 pursued,
558 3829 60 23 from

29 3849 73 21 which
121 3849 62 23 there
207 3850 65 24 could
296 3852 56 23 have
379 3853 56 23 been
460 3856 109 27 expected
593 3864 27 15 so

30 3875 139 28 satisfactory
179 3884 13 14 a
327 3879 35 23 Sir
373 3880 88 29 George
471 3882 91 29 Napier,
573 3884 24 22 in
605 3891 15 14 a

28 3902 91 25 general
128 3903 72 26 order,
211 3904 43 23 had
264 3907 118 27 expressed
393 3908 34 22 bis
441 3909 139 23 satisfaction
597 3914 22 18 at

28 3927 39 24 the
77 3929 97 23 conduct
183 3930 27 22 of
214 3931 93 24 Colonel
316 3933 78 24 Cloete
402 3941 6 21 ;
420 3935 46 23 and
476 3936 143 28 considering

27 3958 50 22 teat
95 3957 38 25 Jho
153 3957 155 27 Government
322 3967 55 17 was.
383 3960 65 24 itself
458 3965 24 19 to
495 3962 78 25 blame
581 3964 37 23 for

652 133 90 27 driving
751 133 38 22 the
800 133 117 22 Natalians
927 138 22 17 to
959 140 60 15 cross
1033 133 37 22 the
1086 133 117 27 boundary
1218 134 22 21 iti

651 159 185 29 self-protection,
848 166 32 15 we
889 159 63 22 think
961 161 50 21 that
1017 159 38 22 the
1062 167 78 15 course
1147 160 93 27 pursued

652 194 51 20 was,
715 186 72 22 under
795 186 39 22 the
844 186 178 27 circumstance?,
1034 186 41 24 the.
1078 186 53 27 only
1141 194 42 14 one
1194 186 57 27 that,

652 213 50 22 cold
722 213 57 22 have
797 213 58 22 been
876 213 94 28 adopted
988 213 53 22 with
1060 213 72 22 credit
1157 218 23 17 to
1204 213 37 22 the

652 239 84 22 British
747 246 66 15 arms.

685 277 125 31 Welkmay
822 277 38 24 the
871 284 56 24 poor
940 276 122 25 Natalians
1079 277 97 24 exclaim
1188 277 53 24 with

653 310 39 23 the
905 305 23 28 iii
942 309 66 31 King
1018 310 63 24 Lear
1090 318 6 16 :
1099 322 33 5 —

680 351 60 22 How
749 349 64 27 light,
823 350 52 23 how
885 357 58 21 easy,
954 350 29 22 all
996 358 35 20 my
1043 358 61 15 care?
1114 358 61 15 seem
1185 358 56 19 now,

680 378 67 22 What
757 378 77 21 makes
844 385 36 14 me
891 378 65 26 bend,
967 378 129 28 makea^the
1107 378 61 28 Kiug
1177 378 57 23 bow.

653 415 47 24 For
712 416 53 23 here
777 423 32 16 we
822 415 57 24 have
898 416 37 23 the
955 416 157 25 Government
1130 416 76 24 forced
1219 422 22 19 to

652 450 67 22 make
731 455 70 17 terms
813 449 54 23 with
881 449 62 24 those
963 449 55 31 they
1030 449 58 25 have
1100 449 41 24 but
1152 458 13 15 a
1176 450 65 24 short

653 482 54 23 time
726 490 42 22 ago
787 482 132 24 denounced
939 489 25 16 as
984 482 76 24 rebels
1079 482 45 24 and
1143 484 97 28 traitors,

652 515 72 23 under
736 515 38 23 the
789 520 110 26 apparent
917 515 128 23 conviction
1056 515 49 24 that
1117 515 54 32 they
1183 523 58 17 were

653 548 136 24 themselves
802 553 23 18 to
838 548 73 23 blame
922 548 35 23 for
969 548 91 31 driving
1072 548 37 25 the
1123 548 118 25 Natalians

653 585 22 19 to
695 589 63 16 cross
776 581 39 23 the
832 581 118 31 boundary
975 582 22 22 in
1021 582 218 31 self-preservation.

652 613 56 25 And
727 619 46 27 yet,
786 614 53 23 with
861 615 46 22 this
928 614 123 24 admission
1073 616 88 32 staring
1178 623 28 16 us
1218 616 22 23 in

653 647 38 23 the
710 648 56 28 face,
788 655 32 15 we
839 655 38 15 are
898 647 47 23 told
964 647 50 24 that
1035 648 51 23 four
1104 648 137 24 individuals

653 686 61 17 must
736 681 26 23 be
783 680 117 23 sacrificed
918 686 22 17 to
958 688 100 24 appease
1079 681 38 24 the
1138 682 103 23 offended

653 713 89 31 dignity
765 714 25 22 of
816 713 40 23 her
879 714 108 22 Briannic
1007 714 110 31 Majesty,
1137 715 44 23 and
1204 714 37 24 the

653 747 73 23 better
750 752 22 18 to
790 747 79 22 insure
887 747 38 23 the
948 746 43 24 due
1011 749 120 22 execution
1153 749 25 22 of
1204 748 37 23 the

653 780 42 22 law
708 787 58 24 upon
780 779 63 23 these
855 779 94 24 doomed
962 780 82 28 rebels,
1058 789 12 15 a
1083 781 85 23 reward
1180 787 22 17 to
1214 780 27 24 be

653 813 53 30 paid
718 818 39 19 out
769 813 25 23 of
809 813 37 23 the
863 813 64 31 royal
946 818 104 26 treasury
1062 814 25 22 of
1101 815 88 23 £1000
1201 814 40 23 has

655 846 55 24 been
723 846 84 24 offered
818 847 34 22 for
865 847 57 22 their
935 846 175 31 apprehension.

710 921 199 25 ENGLISH
938 922 245 24 EXTRACTS.

1270 136 72 31 might
1351 136 28 23 be
1391 129 117 38 expected,
1521 136 38 24 the
1571 136 49 31 Bey
1632 136 91 24 refused
1733 141 23 19 to
1768 136 85 25 submit

1270 174 23 18 to
1304 169 57 23 such
1372 169 55 24 hard
1440 176 77 21 terms,
1530 170 44 23 and
1594 169 39 24 the
1653 169 145 25 ambassador
1815 177 37 16 re-

1270 201 80 24 turned
1361 209 26 16 as
1397 202 29 24 he
1441 208 66 17 went.
1509 214 33 5 —
1542 201 76 26 Atlas,

1302 241 53 24 The
1373 249 75 17 crown
1468 242 78 32 prince
1566 242 26 24 of
1612 241 111 26 Hanover
1745 249 46 17 was
1811 241 42 24 be-

1270 274 88 24 trothed
1370 282 28 17 on
1415 275 38 25 the
1471 275 59 24 20th
1551 275 53 31 July
1615 275 55 24 with
1689 275 37 24 the
1746 274 108 25 Princess

1272 307 68 31 Mary
1350 307 23 24 of
1391 309 61 22 Saxe
1471 308 155 31 Attsnburgh.
1661 308 49 24 She
1726 308 21 23 is
1766 308 49 23 said
1831 312 22 19 to

1271 340 27 24 be
1309 345 24 18 at
1344 348 55 16 once
1410 341 102 31 graceful
1523 341 45 23 and
1579 341 104 23 amiable.
1685 353 33 5 —
1718 340 61 24 Ibid.

1303 379 51 24 The
1366 385 88 26 greater
1472 385 51 26 part
1535 380 24 24 of
1575 380 37 24 the
1630 385 60 19 town
1711 380 25 24 of
1750 380 47 24 Bar
1809 380 46 24 Sur
1862 382 2 3 '

1270 412 74 28 Aube,
1357 413 23 24 in
1393 413 95 29 France,
1502 413 40 24 has
1558 413 57 24 been
1627 414 96 23 reduced
1744 418 21 19 to
1778 413 75 24 ashes.

1303 484 76 26 There
1391 486 20 24 is
1422 486 49 24 said
1483 491 24 18 to
1525 486 28 24 be
1571 494 63 16 some
1646 486 209 31 misapprehension

1270 526 26 15 as
1307 522 23 19 to
1342 519 37 23 the
1398 520 111 23 intention
1528 519 25 24 of
1568 519 37 24 the
1622 519 234 24 Governor-General

1271 551 25 24 of
1310 550 67 25 India
1389 557 22 19 to
1431 552 66 23 order
1517 552 38 23 the
1573 553 133 23 avacuation
1718 552 26 23 of
1756 552 99 31 Afgha-

1272 585 81 28 nistan,
1366 585 44 24 and
1421 585 50 23 that
1481 593 30 15 no
1523 585 73 24 alarm
1606 585 59 24 need
1675 585 29 24 be
1716 586 140 23 entertained

1271 625 28 15 on
1311 617 49 24 that
1370 618 67 24 head.
1439 630 33 5 —
1472 617 61 24 Ibid.

1303 656 51 25 The
1366 658 90 23 French
1470 658 108 23 Minister
1598 658 25 23 of
1632 657 56 24 War
1706 658 41 24 has
1758 666 97 24 suspen-

1270 689 42 24 ded
1324 690 34 24 for
1370 691 46 23 this
1428 698 53 24 year
1493 691 39 23 the
1549 691 64 23 usual
1632 691 76 24 leaves
1720 692 25 22 of
1759 691 97 25 absence

1272 728 21 18 to
1305 723 99 33 military
1415 732 26 15 as
1453 724 50 23 well
1514 732 26 15 as
1551 729 22 18 to
1583 724 107 31 privates.
1726 724 58 24 This
1796 726 19 22 is
1827 733 29 16 an

1271 756 36 24 old
1319 756 59 24 trick
1390 757 25 24 of
1432 757 103 24 Marshal
1548 757 67 24 Soult
1632 762 23 18 to
1667 757 81 31 satisfy
1760 757 38 24 the
1810 765 47 17 war

1271 794 71 26 party,
1363 795 22 19 at
1403 791 38 23 the
1462 798 99 24 expense
1581 790 25 23 of
1627 790 95 32 making
1742 798 54 23 very
1811 799 45 16 un-

1272 823 73 30 happy
1357 823 38 24 the
1406 825 89 22 officers
1517 823 44 24 and
1580 825 99 30 privates
1698 825 23 22 in
1742 825 113 30 question.

1273 856 44 22 But
1336 856 18 23 it
1371 857 28 29 is,
1412 856 161 29 nevertheless,
1589 862 22 18 to
1631 856 29 24 be
1679 856 108 25 observed
1808 857 49 24 that

1272 888 37 24 the
1321 889 99 24 marshal
1439 897 103 17 reserves
1560 895 22 19 to
1601 889 94 24 himself
1710 890 39 24 the
1761 890 61 31 right
1834 891 26 23 of

1270 922 107 31 acceding
1396 928 21 18 to
1439 923 123 24 individual
1580 923 151 33 applications,
1749 923 36 24 for
1807 924 49 23 fur-

1271 955 81 30 loughs
1361 964 6 19 ;
1387 964 26 15 so
1435 956 48 24 that
1505 956 44 24 this
1567 956 94 24 shallow
1680 964 53 16 ruse
1751 958 17 22 it
1785 957 21 23 is
1818 962 40 19 not

1271 988 94 25 difficult
1377 994 22 18 to
1410 990 141 23 understand
1562 998 25 15 or
1599 990 99 30 explain.
1701 1002 33 5 —
1735 989 63 24 Ibid.

1380 1058 364 24 MISCELLANEOUS.

1881 136 104 31 previous
2003 143 42 16 use
2061 135 26 24 of
2101 135 126 31 brad-awls,
2246 138 44 23 and
2305 145 56 17 were
2380 138 77 24 drawn

1881 173 40 20 out
1932 168 68 31 again
2011 168 93 24 without
2114 169 35 23 the
2160 176 82 24 copper
2253 170 118 31 sheathing
2387 170 72 32 being

1881 200 98 34 injured.
2014 201 55 24 Two
2079 201 82 24 models
2171 202 25 23 of
2205 202 64 24 boats
2279 210 56 17 were
2347 204 112 31 coppered

1881 235 24 23 in
1917 233 60 24 their
1983 233 120 33 lordships'
2111 242 111 24 presence,
2230 235 44 24 and
2285 236 47 24 Mr.
2342 235 54 32 Hay
2403 236 56 24 took

1883 268 38 23 the
1933 267 145 31 opportunity
2088 267 27 24 of
2127 267 125 31 exhibiting
2262 274 23 17 to
2299 268 61 25 them
2371 268 89 25 several

1883 298 149 33 applications
2043 300 26 23 of
2083 300 38 24 the
2130 300 101 31 galvanic
2241 300 63 29 fluid,
2323 308 25 16 as
2360 309 13 16 a
2383 308 77 25 power

1883 338 22 19 to
1918 333 27 22 be
1957 332 57 23 used
2030 333 34 22 for
2074 333 124 31 propelling
2215 334 85 23 vessels
2311 333 44 24 and
2372 334 88 24 machi-

1884 373 63 22 nary,
1960 366 23 22 in
1995 365 45 23 lieu
2052 366 26 22 of
2091 371 66 18 steam
2165 375 7 20 ;
2195 366 48 23 also
2255 368 30 22 its
2295 368 73 22 action
2380 373 29 18 on
2421 366 40 25 the

1884 405 103 24 compass
2000 398 111 23 needle.—
2111 394 148 35 -Hampshire
2269 399 122 24 Standard.

1917 430 52 24 The
1980 429 60 26 Rev.
2053 431 88 32 Sydney
2154 432 82 28 Smith,
2249 439 29 17 on
2288 432 68 31 being
2372 433 48 23 told
2430 432 33 32 by

1884 472 13 16 a
1907 462 74 25 friend
1993 463 48 25 that
2048 464 38 24 the
2097 463 94 25 weather
2198 464 43 24 had
2252 465 86 31 greatly
2345 466 117 31 improved

1884 498 63 23 since
1966 496 39 24 the
2016 496 60 25 birth
2095 497 24 24 of
2132 505 13 15 a
2163 497 91 29 Prince,
2266 499 19 22 is
2303 498 48 24 said
2362 503 24 19 to
2405 499 58 23 have

1885 529 92 31 replied,
2019 528 57 31 Yes,
2085 530 40 24 but
2133 529 14 24 I
2159 538 105 23 suppose,
2276 531 87 24 instead
2369 531 26 24 of
2403 533 59 28 rain,

1884 564 18 23 it
1912 562 47 24 will
1970 569 50 17 now
2032 563 26 24 be
2069 563 31 24 all
2112 562 50 25 hail.
2421 561 8 9 *

1919 594 130 25 Ofeicers
2071 595 93 26 Wives.
2165 608 35 5 —
2200 595 52 25 The
2274 597 98 24 General
2400 605 64 17 com-

1884 629 221 31 manding-in-chief
2127 630 22 23 in
2180 629 68 24 India
2275 630 41 23 has
2344 630 79 24 issued
2450 639 15 16 a

1885 662 168 24 memorandum
2067 667 22 18 to
2102 663 118 30 regiments
2231 663 116 32 employed
2358 671 25 15 or
2396 664 70 24 about

1885 701 22 18 to
1919 693 28 25 be
1966 702 25 16 so
2004 702 28 16 on
2050 695 82 24 distant
2143 696 85 23 service
2248 703 25 16 or
2284 696 22 23 in
2325 696 48 23 face
2385 696 27 24 of
2426 696 38 25 the

1885 735 89 23 enemy,
1995 728 82 31 calling
2095 728 35 23 the
2148 729 111 23 attention
2271 728 24 24 of
2309 729 38 23 the
2366 729 100 25 married

1885 760 88 25 officers
1985 766 23 18 to
2021 761 36 23 the
2069 761 82 31 danger
2160 761 43 24 and
2215 762 185 30 inconvenience,-
2409 762 57 25 both

1885 794 87 32 private
1983 794 44 24 and
2038 794 83 31 public,
2132 794 26 24 of
2172 794 57 24 their
2241 795 68 23 wives
2316 802 150 25 accompany-

1886 829 40 27 ing
1937 827 69 28 them,
2029 835 13 15 a
2053 832 77 26 strong
2147 828 66 30 proof
2228 828 25 23 of
2269 827 70 24 which
2351 829 71 23 exists
2441 830 25 23 in

1886 861 38 23 the
1935 868 52 15 case
2006 860 26 24 of
2046 860 37 24 the
2096 860 84 24 Cabool
2196 860 71 24 ladies
2284 869 48 16 now
2350 863 116 30 prisoners

1886 892 54 25 with
1954 893 94 24 Ackbar
2068 893 74 24 Khan.
2179 893 50 24 The
2248 894 98 24 General
2365 896 102 23 reminds

1886 926 89 24 officers
1994 927 49 23 that
2060 927 40 23 the
2118 926 68 24 Duke
2205 928 26 22 of
2246 928 138 31 Wellington
2405 933 62 19 esta-

1886 959 89 24 blished
1994 968 13 15 a
2026 960 67 30 depot
2106 964 19 19 at
2143 959 87 24 Lisbon
2248 961 35 22 for
2301 961 38 23 the
2357 962 69 23 wives
2445 962 26 23 of

1886 992 89 25 officers
1986 993 92 31 serving
2090 994 21 22 in
2123 992 35 23 the
2171 993 131 30 Peninsula,
2316 994 42 23 and
2374 995 92 24 notifies

1886 1027 49 23 that
1954 1034 13 15 a
1985 1026 85 23 similar
2091 1026 65 30 depot
2175 1027 20 23 is
2215 1027 136 24 established
2366 1027 25 24 in
2410 1029 57 23 each

1887 1058 140 31 Presidency
2039 1058 25 24 of
2081 1058 70 24 India.

1921 1090 23 26 It
1965 1091 40 25 hss
2025 1093 55 23 been
2099 1092 52 29 said,
2165 1093 17 23 it
2193 1093 20 23 is
2225 1101 14 16 a
2247 1093 58 31 good
2316 1094 92 30 general
2419 1095 50 24 rule

1886 1132 69 17 never
1966 1131 24 18 to
2002 1125 39 24 tell
2053 1133 12 15 a
2077 1133 84 16 woman
2179 1126 38 23 the
2235 1127 61 22 truth
2306 1127 5 23 !
2332 1127 73 24 under
2422 1136 47 23 any

1886 1159 176 24 circumstances
2071 1168 6 19 ;
2098 1159 70 30 praise
2185 1159 40 24 her
2245 1159 75 30 faults,
2340 1161 70 24 abuse
2429 1161 42 24 her

1886 1192 108 29 enemies,
2013 1191 97 24 humour
2126 1192 41 23 her
2185 1192 125 30 weakness,
2327 1194 85 31 gratify
2429 1194 41 24 her

1886 1225 86 30 vanity,
1985 1225 40 24 but
2039 1232 68 16 never
2122 1225 39 23 tell
2180 1225 41 24 her
2240 1226 37 23 the
2294 1227 69 23 truth.
2418 1227 52 24 Our

1887 1259 143 30 deportment
2039 1258 53 23 with
2104 1266 12 15 a
2123 1266 86 16 woman
2222 1259 70 31 ought
2304 1265 22 18 to
2343 1260 28 23 be
2389 1260 49 24 like
2457 1269 15 15 a

1886 1293 57 30 deep
1952 1291 61 29 lake,
2024 1291 113 31 reflecting
2148 1292 139 32 everything,
2300 1293 40 23 but
2351 1293 83 31 letting
2442 1302 29 16 no

1888 1333 42 17 one
1942 1333 38 16 see
1994 1326 37 22 the
2040 1325 90 23 bottom.
2178 1325 66 29 Also,
2259 1328 17 21 it
2288 1324 40 26 has
2340 1326 57 24 been
2411 1328 57 28 said,

1888 1366 87 16 woman
1988 1359 20 22 is
2020 1358 29 24 all
2059 1358 38 23 the
2114 1358 52 31 folly
2183 1359 25 23 of
2227 1359 64 24 earth
2311 1364 45 20 met
2379 1361 25 23 in
2427 1369 44 15 one
2479 1382 5 4 .

1887 1392 69 24 form.

1921 1425 44 23 We
1977 1433 38 15 are
2026 1425 56 23 born
2095 1425 68 30 weak,
2182 1432 32 17 we
2225 1425 57 25 have
2294 1426 54 24 need
2361 1427 26 23 of
2396 1427 54 31 help
2460 1436 7 21 ;

1888 1465 33 17 we
1934 1466 38 16 are
1984 1459 55 23 born
2052 1458 103 25 destitute
2164 1458 25 24 of
2198 1467 66 23 every
2274 1459 71 31 thing,
2357 1467 35 16 we
2405 1460 67 24 stand

1888 1494 24 22 in
1925 1492 57 24 need
1994 1491 25 24 of
2028 1492 120 24 assistance
2157 1502 6 19 ;
2177 1500 32 16 we
2221 1501 38 15 are
2271 1493 55 23 born
2339 1493 85 31 stupid,
2438 1502 33 16 we

1889 1527 56 22 have
1967 1526 58 23 need
2042 1525 26 23 of
2084 1526 175 31 understanding
2276 1525 31 24 all
2322 1526 49 24 that
2383 1534 32 17 we
2434 1535 39 16 are

1889 1563 40 20 not
1950 1559 118 31 possessed
2083 1559 24 23 of
2118 1564 24 18 at
2159 1566 41 16 our
2213 1559 67 29 birth,
2299 1559 44 24 and
2353 1560 74 24 which
2441 1569 33 15 we

1889 1593 91 31 acquire
1992 1592 65 23 when
2069 1600 32 15 we
2119 1600 39 15 are
2169 1600 78 24 grown
2265 1600 36 24 up,
2321 1594 19 22 is
2358 1593 115 25 bestowed

1888 1634 61 22 upon
1963 1634 27 15 us
2002 1625 29 31 by
2043 1633 13 15 c
2065 1626 105 23 lucation.

1923 1659 59 24 This
2003 1659 115 23 education
2139 1667 33 15 we
2194 1660 87 23 receive
2301 1658 57 25 from
2382 1665 89 25 nature,

1889 1691 58 25 from
1959 1699 61 21 men,
2033 1700 24 14 or
2067 1692 54 24 from
2133 1693 188 28 circumstances;
2335 1693 38 23 the
2386 1695 87 23 consti-

1889 1726 96 23 tutional
2005 1726 101 23 exertion
2115 1720 25 29 o?
2156 1733 40 16 our
2214 1733 81 24 organs
2313 1726 44 23 and
2369 1726 106 25 faculties

1889 1759 20 23 is
1922 1759 38 23 the
1972 1759 118 23 education
2102 1759 22 23 of
2138 1764 88 19 nature.
2262 1759 50 23 The
2324 1766 52 17 uses
2389 1768 33 16 we
2434 1769 40 16 are

1890 1792 80 31 taught
1983 1796 22 19 to
2018 1792 67 24 make
2092 1792 22 24 of
2122 1792 48 24 that
2178 1792 101 24 exertion
2291 1794 135 23 constitutes
2436 1794 38 24 the

1890 1825 120 24 education
2022 1827 66 29 given
2106 1834 25 16 us
2147 1826 31 31 by
2189 1834 52 16 men
2251 1835 6 20 ;
2279 1826 49 31 and^
2342 1827 23 23 in
2385 1827 42 23 the.
2435 1836 39 15 ac-

1890 1859 125 31 quesitions
2027 1859 103 31 madeby
2139 1867 41 16 our
2192 1867 50 16 own
2250 1859 132 31 experience
2394 1868 30 16 on
2436 1861 38 24 the

1890 1892 87 31 objects
1985 1892 48 24 that
2040 1900 60 16 surro
2107 1890 42 26 bid
2159 1901 27 15 us
2196 1893 97 23 consists
2304 1900 40 16 our
2353 1893 121 25 education

1890 1926 59 23 from
1962 1927 135 22 circurasran
2106 1933 37 16 :es.

1925 1959 64 23 Lord
2002 1959 137 30 Broughum,
2152 1965 28 16 on
2192 1958 39 23 the
2248 1957 56 25 18th
2321 1959 62 32 July,
2394 1957 82 27 Tntro-

1890 1991 73 24 duced
1977 1996 42 19 two
2031 1991 52 24 bills
2095 1996 45 18 ;uto
2152 1991 38 24 the
2203 1991 82 24 H~use
2297 1993 24 23 of
2328 1992 91 30 Lords;
2433 2002 44 17 one

1892 2029 22 19 to
1925 2025 81 23 enable
2018 2033 13 15 a
2043 2025 56 28 debt,
2110 2032 16 21 r,
2138 2032 28 16 on
2186 2026 160 31 surrendering
2366 2027 37 23 his
2420 2036 56 23 pro-

1891 2064 73 25 perty,
1976 2064 22 17 to
2011 2059 75 23 obtain
2094 2050 39 46 jthe
2145 2059 125 30 protection
2283 2060 24 23 of
2322 2060 38 23 the
2373 2060 73 25 Court
2453 2062 27 24 of

1891 2092 152 31 Bankruptcy
2066 2093 55 22 from
2139 2092 106 30 personal
2265 2098 86 25 arrest;
2372 2094 45 24 and
2438 2095 39 23 the

1890 2125 65 23 other
1966 2130 22 19 to
1998 2125 106 24 facilitate
2111 2130 157 26 arrangement
2276 2126 99 25 between
2384 2128 93 24 debtors

1890 2158 45 24 and
1947 2159 117 28 creditors,
2077 2160 34 22 the
2121 2164 94 18 consent
2223 2158 25 24 of
2257 2167 13 15 a
2277 2161 83 22 certain
2368 2161 109 32 majority

1890 2192 26 23 of
1932 2192 38 23 the
1982 2192 66 23 latter
2059 2197 23 18 to
2093 2191 25 24 be
2130 2191 96 32 binding
2238 2200 27 15 on
2274 2193 36 24 the
2318 2193 158 26 dissentients.

1925 2225 48 24 Mr.
1987 2225 30 23 T.
2029 2225 141 29 Dnncombe,
2192 2233 30 15 on
2243 2226 36 23 the
2296 2229 55 21 21st
2366 2227 27 24 of
2413 2227 63 33 July,

1890 2259 101 30 brought
2007 2259 94 23 forward
2123 2267 13 15 a
2154 2260 86 22 motion
2259 2259 34 24 for
2311 2268 28 15 an
2349 2260 95 25 address
2454 2267 23 18 to

1891 2292 54 32 her,
1945 2292 108 32 Majesty,
2067 2293 92 31 praying
2172 2292 48 24 that
2235 2293 23 23 in
2271 2293 37 24 the
2320 2298 67 20 event
2398 2295 26 23 of
2439 2295 39 25 the

1891 2326 149 23 continuence
2059 2326 26 23 of
2104 2326 36 23 the
2163 2325 102 30 distress,
2291 2327 40 24 she
2351 2328 74 24 would
2448 2328 29 25 be

1890 2360 93 31 pleased
1995 2364 22 18 to
2028 2360 147 23 re-assemble
2187 2359 139 25 Parliament
2338 2365 23 19 at
2370 2369 30 16 an
2412 2362 64 31 early

1891 2393 87 31 period.
2014 2393 24 23 It
2050 2400 44 17 was
2109 2393 26 23 of
2150 2401 79 15 course
2251 2394 59 29 lost;
2335 2394 40 24 Sir
2397 2395 79 24 James

1893 2426 103 24 Graham
2017 2427 111 30 asserting
2149 2427 49 23 that
2245 2427 36 24 the
2300 2427 78 24 effects
2398 2429 25 23 of
2439 2429 39 23 the

1892 2460 77 23 Tariff
1975 2460 41 23 has
2027 2460 87 31 already
2128 2460 56 24 been
2197 2465 22 18 to
2231 2460 97 32 produce
2349 2462 127 32 something

1892 2493 46 24 like
1961 2494 117 23 increased
2103 2494 93 31 activity
2224 2494 23 24 in
2270 2494 37 24 the
2330 2495 146 25 commercial

1926 2561 101 24 Psalms
2046 2568 53 17 and
2116 2561 79 25 Hims.
2197 2575 34 4 —
2231 2561 24 25 A
2271 2561 45 25 late
2338 2563 98 24 number
2454 2563 26 24 of

1893 2594 38 24 the
1944 2594 106 31 Glasgow
2064 2594 92 24 Courier
2163 2603 61 23 says,
2233 2596 48 23 that
2292 2605 14 14 a
2316 2596 90 24 maiden
2416 2596 60 32 lady,

1893 2629 132 30 suspecting
2043 2628 41 24 her
2100 2629 80 23 female
2199 2634 91 19 servant
2309 2637 46 17 was
2372 2630 106 32 regaling

1893 2662 40 23 her
1949 2661 59 24 beau
2020 2669 61 24 upon
2092 2661 36 25 the
2148 2662 50 24 cold
2210 2667 87 20 mutton
2309 2663 25 24 of
2343 2663 39 24 the
2394 2664 83 30 larder,

1893 2695 73 23 called
1979 2695 78 31 Betty,
2069 2695 41 24 and
2119 2696 104 31 inquired
2234 2696 98 24 whether
2340 2697 42 23 she
2392 2697 87 24 didnot

1893 2728 54 24 hear
1959 2736 63 16 some
2034 2737 43 16 one
2086 2729 110 31 speaking
2206 2730 54 24 with
2272 2730 39 24 her
2321 2730 65 24 down
2398 2732 78 23 stairs.

1921 2762 38 24 Oh
1972 2770 37 21 no,
2022 2763 103 29 ma'am,"
2142 2763 86 32 replied
2246 2763 40 24 she
2306 2764 52 31 girl,
2431 2772 46 16 was

1893 2796 54 31 only
1970 2803 35 16 me
2026 2796 90 32 singing
2136 2804 14 16 a
2424 2805 54 23 may

1893 2836 79 17 amuse
1991 2829 106 31 yourself,
2108 2830 95 31 Betty,',
2219 2830 85 32 replied
2321 2830 39 24 the
2377 2831 100 29 m'aideu,

1920 2862 54 24 with
1998 2862 90 25 Psalms
2097 2871 5 21 ;
2134 2864 41 23 but
2196 2863 52 24 let's
2269 2864 56 23 have
2345 2871 30 16 no
2397 2864 79 29 Hims,

1894 2895 69 32 Betty
1973 2906 6 19 ;
1999 2896 13 24 I
2029 2896 56 24 bave
2095 2904 12 16 a
2125 2902 65 25 great
2208 2897 111 31 objection
2336 2902 23 18 to

1893 2929 70 31 Betty
1975 2930 106 28 curtsied,
2090 2930 120 29 withdrew,
2224 2930 44 24 and
2278 2930 54 24 took
2342 2930 39 25 the
2393 2930 59 25 hint.

1928 2969 59 24 The
2010 2969 214 25 Fortifications
2247 2978 30 16 of
2301 2970 90 25 Paris:
2391 2983 35 5 —
2427 2971 51 24 The

1894 3002 126 24 Commerce
2031 3003 104 24 observes
2154 3003 50 24 that
2217 3002 66 26 Paris
2300 3004 21 23 is
2332 3004 69 24 about
2413 3009 23 19 to
2449 3005 27 23 be

1893 3036 122 24 converted
2032 3037 49 23 into
2097 3045 13 16 a
2126 3036 96 25 fortified
2245 3042 57 19 town
2320 3038 26 23 of
2363 3037 38 25 the
2419 3043 61 19 most

1892 3069 134 25 formidable
2038 3070 61 24 kind.
2214 3070 36 24 the
2262 3071 98 24 exterior
2372 3071 19 24 it
2403 3072 21 23 is
2436 3079 41 16 en-

1893 3103 78 24 closed
1980 3104 23 23 in
2015 3104 38 23 the
2065 3104 99 24 bastilles
2172 3104 45 24 and
2228 3104 131 32 loop-holed
2367 3104 110 30 bastions,

1892 3137 45 23 and
1958 3138 24 27 ]n
2004 3137 37 24 the
2060 3138 91 23 interior
2173 3137 39 25 the
2231 3138 106 26 barracks
2360 3146 38 16 are
2417 3139 61 31 daily

1892 3170 135 32 multiplied.
2063 3170 47 25 The
2128 3171 123 32 municipal
2269 3172 87 24 council
2375 3172 45 24 and
2438 3172 39 24 the

1892 3204 104 24 minister
2014 3209 22 19 at
2053 3212 43 16 war
2114 3205 58 23 have
2190 3205 81 31 agreed
2288 3210 23 19 to
2328 3210 94 19 convert
2438 3205 39 24 the

1890 3237 85 24 former
1987 3238 29 23 oil
2028 3242 69 20 stores
2114 3238 25 23 in
2151 3238 38 24 the
2200 3238 53 24 Rue
2265 3239 26 24 <?e
2309 3239 110 23 Pontoise
2430 3238 45 25 and

1892 3270 38 24 the
1942 3271 97 31 military
2052 3276 57 20 store
2128 3271 72 25 house
2221 3273 24 23 in
2257 3272 36 24 the
2305 3272 53 25 Hue
2372 3272 104 25 Cherche

1892 3303 60 25 Midi
1973 3304 46 25 into
2038 3304 113 30 barracks,
2170 3305 39 24 the
2225 3306 49 23 first
2291 3306 35 25 for
2343 3306 39 24 the
2399 3306 76 24 muni-

1891 3338 58 31 cipal
1961 3337 80 33 guard,
2062 3338 40 24 and
2117 3339 39 24 the
2168 3339 82 24 second
2260 3339 35 24 for
2307 3344 77 27 troops
2395 3339 27 24 of
2436 3339 38 25 the

1880 3422 8 6 -
1925 3405 120 24 Tailors'
2065 3405 82 25 Bats.
2149 3419 33 4 —
2184 3406 39 24 Sir
2242 3405 86 25 Walter
2347 3407 66 23 Scott
2430 3414 45 17 was

1890 3438 73 24 under
1975 3439 37 24 the
2031 3441 110 29 necessity
2154 3440 25 23 of
2193 3440 76 31 fitting
2286 3444 39 19 out
2344 3440 38 24 his
2402 3439 74 24 eldest

1890 3480 42 16 son
1944 3480 26 16 as
1982 3480 14 16 a
2013 3473 86 31 cavalry
2112 3473 85 24 officer.
2233 3473 74 24 When
2326 3473 37 24 the
2377 3472 40 25 bill
2429 3480 47 17 was

1890 3505 101 32 brought
2001 3510 22 20 to
2035 3506 55 30 him,-
2100 3506 28 24 he
2141 3506 109 24 observed
2269 3511 23 19 to
2304 3506 36 24 the
2353 3511 123 26 expectant

1890 3539 126 30 Schneider,
2055 3541 19 22 it
2081 3551 2 4 ■
2091 3539 65 24 takes
2173 3541 54 22 nine
2245 3539 76 24 tailors
2340 3545 23 18 to
2381 3539 69 24 make
2461 3548 14 16 a

1890 3580 61 22 man,
1964 3573 41 24 but
2016 3572 54 33 only
2080 3581 41 16 one
2136 3577 23 20 to
2171 3574 52 23 ruin

1925 3606 24 24 It
1961 3607 20 23 is
1994 3606 115 25 estimated
2121 3605 50 25 that
2184 3607 38 23 the
2234 3606 55 24 total
2300 3610 96 20 amount
2402 3606 26 25 of
2438 3606 39 25 the

1890 3639 131 25 collections
2034 3641 72 23 raised
2113 3640 30 31 by
2151 3640 37 24 the
2198 3639 103 27 Queen's
2312 3639 70 25 letter
2392 3640 38 24 for
2438 3640 39 25 the

1890 3673 68 24 relief
1967 3673 25 24 of
2001 3673 38 24 the
2051 3673 119 24 distressed
2182 3673 180 25 manufacturers
2373 3673 47 27 will
2432 3682 41 17 ex-

1889 3706 56 24 ceed
1956 3708 140 28 £100,000.
2135 3729 4 3 .

1923 3747 52 25 The
1987 3746 67 29 small
2065 3751 58 20 town
2134 3746 25 25 of
2173 3746 121 30 Rfceszow;,
2317 3754 27 18 ta
2363 3743 115 35 Craibidaj

1888 3779 42 26 has
1942 3781 58 24 been
2011 3780 93 31 entirely
2115 3779 121 32 destroyed
2247 3779 31 33 by
2288 3781 49 25 fiVe.
2358 3789 7 21 ;
2374 3780 35 30 ,\
2420 3772 60 44 :f-;-p^
2483 3779 4 16 i

1923 3813 77 24 There
2022 3820 93 26 appears
2133 3817 27 27 to,
2179 3812 58 25 have
2258 3813 72 34 beej.j,
2336 3821 67 24 every
2403 3813 73 33 ;<pi»r

1889 3846 96 32 bability
1995 3846 50 24 that
2056 3847 34 23 the
2102 3846 174 27 harvest-would
2285 3847 31 24 be

1916 3887 83 28 Poetry
2008 3887 19 23 is
2036 3887 38 24 the
2082 3887 117 28 plaything
2208 3887 27 23 of
2249 3885 39 26 the
2300 3873 180 45 iniid-lwfe^e';t

1886 3915 89 23 knows*
1979 3913 87 30 real|ty.
2158 3917 20 19 ;*
2306 3914 12 18 -*•
2326 3913 12 25 V
2475 3919 9 13 '•

1917 3941 130 29 Happiness
2053 3941 19 23 is
2079 3939 37 25 tha
2130 3948 44 21 gay
2184 3944 130 22 to-mortrafe
2319 3939 33 27 &F
2360 3940 39 27 the
2398 3939 9 7 v
2412 3942 66 32 'n\inji
2478 3950 4 9 ;

1879 3968 87 25 *which
1975 3975 70 17 never
2055 3972 79 19 conesi
2180 3990 4 3 .
2310 3964 111 17 .-*•-...

688 985 45 25 We
747 987 87 23 noticed
855 995 29 17 un
896 987 78 24 article
991 988 26 23 of
1033 987 38 24 the
1090 986 100 25 Journal
1204 987 38 23 dcs

655 1018 88 25 Debuts
762 1028 63 15 some
843 1020 57 31 days
917 1021 70 28 since,
1007 1020 76 24 which
1102 1020 73 24 stated
1194 1020 48 24 that

682 1053 182 23 Rear-Admiral
877 1054 98 30 Rupettt
987 1054 117 23 Thousars
1117 1054 44 23 had
1170 1053 69 24 sailed

656 1086 34 23 for
703 1085 38 24 the
754 1086 72 23 South
840 1086 67 29 Seas,'
917 1087 44 22 and
975 1086 48 24 that
1036 1087 37 23 the
1086 1087 74 31 object
1172 1086 24 24 of
1206 1086 35 24 his

656 1119 104 28 mission,
775 1119 70 23 which
858 1119 44 23 had
914 1119 55 24 been
981 1119 109 31 carefully
1099 1120 55 30 kept
1162 1124 78 25 secret,

656 1159 44 16 was
713 1156 22 18 to
749 1152 108 23 establish
870 1160 23 15 a.
895 1152 80 31 colony
984 1154 22 21 in
1017 1160 43 16 one
1072 1154 25 22 of
1106 1154 37 23 the
1156 1153 85 24 islands

655 1185 26 23 of
697 1185 38 23 the
902 1185 50 23 The
966 1185 115 24 National
1098 1186 26 24 of
1140 1187 101 30 Monday

655 1218 106 31 pretends
774 1224 23 17 to
809 1218 58 23 have
875 1218 104 24 obtained
991 1220 97 30 positive
1096 1219 143 24 information

655 1259 29 15 on
696 1251 39 23 the
755 1250 96 33 sutfject.
956 1252 20 23 is
992 1252 71 31 doing
1075 1252 38 24 the
1133 1253 108 30 Ministry

656 1290 36 18 too
705 1284 68 24 much
783 1285 114 29 honour,^
909 1286 17 22 it
938 1293 61 23 says,
1036 1290 21 19 to
1070 1293 97 24 suppose
1180 1286 61 24 them

655 1318 53 23 bold
721 1318 88 31 enough
823 1324 23 18 to
858 1312 85 38 occupy
956 1319 108 23 Oteheite
1077 1327 25 15 or
1114 1327 42 16 one
1168 1319 24 24 of
1201 1319 40 24 the

657 1351 144 31 Marquesas.
811 1351 98 29 Islands,
931 1352 54 23 with
1005 1361 15 14 a
1032 1352 58 24 view
1107 1357 23 19 to
1149 1353 92 24 balance

655 1385 38 23 the
710 1385 113 23 influence
841 1385 26 23 of
883 1385 116 33 Eijgland^
1008 1385 45 24 and
1072 1385 107 32 develope
1202 1386 39 23 the

656 1418 143 23 commercial
822 1418 106 23 interests
951 1419 27 23 of
1000 1426 43 16 our
1070 1420 86 23 nation.
1203 1419 36 24 M.

656 1450 98 32 Dupetit
766 1451 113 24 Thouars'
891 1459 85 24 voyage
988 1451 42 24 has
1048 1460 28 15 no
1089 1453 55 23 such
1157 1452 82 32 object.

659 1484 37 23 He
709 1485 19 22 is
741 1484 58 32 gdn»e
812 1485 34 23 for
858 1485 38 24 the
907 1485 56 23 sake
976 1486 25 22 of
1010 1485 112 32 selecting
1132 1494 14 15 a
1157 1486 42 24 site
1207 1486 34 24 for

656 1518 38 22 the
707 1519 176 30 transportation
892 1518 24 24 of
923 1518 99 32 political
1035 1519 119 25 offenders.
1190 1519 51 24 The

656 1550 52 32 plan
728 1552 25 23 of
771 1553 101 29 erecting
882 1560 14 15 a
906 1551 94 24 fortress
1019 1553 24 22 in
1065 1552 38 24 the
1124 1552 79 25 Island
1219 1554 25 22 of

658 1584 108 24 Bourbon
787 1592 45 16 was
851 1585 131 23 abandoned
1000 1586 25 23 in
1045 1593 153 24 consequence
1219 1587 25 23 of

656 1618 38 23 the
705 1618 93 31 general
811 1618 139 31 indignation
964 1619 73 23 which
1048 1620 19 22 it
1079 1620 87 23 excited
1178 1627 7 16 :
1203 1619 38 24 the

656 1650 157 25 Government
825 1652 71 31 hopes
907 1657 22 19 to
943 1652 27 24 be
982 1660 63 16 more
1057 1652 125 24 successful
1195 1653 45 23 this

656 1686 63 23 time.
755 1685 52 24 The
820 1693 66 16 name
898 1685 65 24 alone
980 1685 46 24 will
1040 1686 28 23 be
1081 1685 109 32 changed,
1203 1686 38 23 the

656 1718 76 31 object
754 1719 99 23 remains
875 1719 37 23 the
934 1726 72 21 same,
1029 1719 45 23 and
1094 1719 37 23 the
1154 1719 87 32 alleged

656 1752 6 11 '
671 1752 80 31 colony
761 1752 5 10 '
779 1753 20 22 is
812 1760 13 15 a
837 1759 60 16 mere
909 1752 62 23 blind
980 1758 24 17 to
1019 1753 91 22 conceal
1123 1752 37 24 the
1170 1753 69 24 truth.

654 1784 34 25 At
701 1785 45 23 this
883 1785 38 23 the
934 1785 104 31 building
1056 1787 114 23 materials
1186 1794 55 24 pur-

655 1818 84 24 chased
755 1824 25 18 at
797 1818 136 32 Valparaiso
953 1827 38 15 are
1011 1820 110 31 probably
1142 1820 55 24 used
1217 1820 24 23 in

655 1852 102 31 erecting
768 1852 39 24 the
819 1852 62 24 walls
900 1853 24 23 of
943 1852 38 24 the
1001 1853 86 30 prison.
1124 1852 52 24 The
1194 1853 47 24 dis-

655 1885 88 24 closure
751 1886 26 23 of
785 1885 101 33 projects
896 1885 44 24 will
952 1886 80 23 suffice
1044 1891 23 18 to
1077 1892 95 25 prevent
1184 1887 57 24 their

655 1920 127 22 execution.
830 1919 52 24 The
905 1919 115 23 Chamber
1040 1919 20 24 is
1084 1927 51 17 now
1157 1926 41 25 put
1218 1921 24 23 in

655 1953 129 29 possession
797 1952 25 23 of
838 1952 39 24 the
889 1952 61 24 truth
963 1953 29 30 by
1005 1960 41 16 our
1065 1953 124 24 revelation
1199 1963 6 19 ;
1225 1954 19 23 it

655 1986 97 22 behoves
764 1986 19 21 it
794 1989 23 18 to
828 1992 89 23 repress
930 1992 29 16 an
971 1989 98 27 attempt
1084 1986 110 30 reproved
1212 1986 31 31 by

655 2017 38 22 the
705 2017 56 22 laws
773 2017 43 23 and

714 2059 115 24 However
849 2059 112 31 plausible
983 2059 46 24 this
1050 2061 91 23 version
1162 2060 25 24 of
1205 2060 38 25 the

654 2097 63 26 story
794 2100 53 24 says
860 2101 41 15 one
914 2093 24 23 of
949 2100 40 16 our
1001 2093 87 31 private
1100 2094 85 29 letters,
1223 2095 19 23 it

655 2126 83 23 should
750 2131 40 18 not
801 2126 94 24 weaken
915 2126 98 25 reliance
1026 2134 29 16 on
1067 2126 38 24 the
1122 2132 122 19 statement

655 2159 26 23 of
701 2159 39 23 the
762 2159 101 23 Journal
883 2159 38 23 dcs
942 2159 99 24 Debats.
1078 2160 50 24 The
1152 2161 91 24 French

656 2192 164 29 Government,
833 2200 34 16 we
880 2200 37 16 are
935 2193 76 23 bound
1026 2198 22 18 to
1060 2193 93 29 believe,
1167 2194 19 23 is
1203 2194 40 24 de-

655 2226 111 24 termined
778 2231 24 19 to
820 2227 54 30 gain
887 2233 27 16 an
934 2226 124 24 additional
1069 2227 89 31 footing
1170 2228 22 23 in
1204 2227 39 25 the

655 2259 87 24 Pacific
763 2258 72 32 (their
863 2259 130 24 settlement
1016 2260 23 23 in
1063 2259 57 25 New
1142 2260 101 25 Zealand

653 2293 88 32 having
749 2293 99 23 hitherto
860 2293 68 23 failed
940 2298 22 18 to
971 2293 82 31 satisfy
1067 2293 57 25 their
1137 2300 106 26 expecta-

653 2326 81 31 tions).
770 2326 25 24 If
806 2326 65 27 th,ere
882 2326 27 23 be
929 2334 44 24 any
992 2326 67 32 thing
1077 2328 167 30 objectionable

652 2360 22 23 in
687 2361 59 23 their
758 2360 69 31 doing
839 2368 35 21 so,
891 2368 58 23 your
968 2360 158 24 Government
1146 2361 53 30 will,
1214 2370 29 16 no

653 2393 79 29 doubt,
745 2394 28 23 do
787 2394 29 23 its

686 2434 107 25 Another
810 2433 75 30 letter,
905 2433 111 31 however,
1037 2440 84 19 asserts
1140 2435 48 24 that
1206 2436 38 24 the

652 2467 132 33 expedition
802 2474 46 17 was
868 2467 76 24 bound,
963 2467 36 24 for
1022 2468 57 24 New
1099 2468 108 25 Zealand.
1210 2481 27 6 —
1237 2480 7 7 *

655 2500 85 26 Times.

685 2547 114 24 Launch
811 2556 30 16 of
855 2555 50 17 the
1140 2549 103 25 Steam-

651 2588 66 17 ship.
720 2593 35 5 —
755 2581 58 24 This
830 2598 4 3 .
842 2582 103 31 splendid
973 2582 83 29 vessel,
1087 2591 43 16 one
1153 2582 25 25 of
1204 2583 39 24 the

651 2614 68 24 finest
738 2620 110 18 steamers
861 2615 48 25 that
927 2615 41 24 has
990 2621 37 25 yet
1045 2617 57 23 been
1121 2617 62 28 built,
1197 2624 46 16 was

640 2660 2 15 i
651 2647 113 24 Launched
783 2648 59 24 from
862 2648 37 24 the
917 2649 174 32 building-yard
1103 2650 25 23 of
1143 2650 98 24 Messrs.

651 2680 90 25 Wilson
754 2681 45 24 and
811 2682 52 27 Co.,
878 2682 130 32 Liverpool,
1022 2691 29 16 ou
1069 2683 107 31 Tuesday
1188 2684 53 24 last.

652 2714 51 24 The
723 2715 43 31 day
785 2723 45 16 was
854 2716 133 31 beautifully
1010 2716 54 30 fine,
1084 2717 55 29 and,'
1160 2725 25 16 as
1205 2717 38 24 the

651 2748 84 24 launch
749 2749 24 23 of
782 2756 13 16 a
808 2749 73 24 vessel
890 2750 25 23 of
930 2750 57 23 such
999 2755 51 19 vast
1063 2749 56 25 bulk
1132 2751 112 31 naturally

652 2781 88 24 excited
759 2787 66 25 great
846 2783 116 31 curiosity,
975 2791 13 16 a
1008 2788 52 19 vast
1079 2791 123 17 concourse
1222 2785 25 23 of

653 2814 137 24 individuals
802 2815 24 23 of
842 2815 30 24 all
891 2817 87 23 classes
994 2817 137 24 assembled.
1168 2817 76 25 There

653 2854 45 16 was
713 2855 63 16 some
788 2848 58 23 little
858 2849 110 32 difficu!ty
979 2855 24 18 at
1015 2850 50 25 first
1077 2851 23 24 in
1112 2852 94 31 moving
1217 2860 26 15 so

652 2888 121 16 enormous
792 2881 45 25 and
857 2882 71 32 heavy
941 2891 13 15 a
966 2887 122 26 structure,
1102 2885 40 23 her
1161 2885 84 31 weight

651 2914 70 31 being
739 2915 121 23 estimated
878 2920 23 19 at
919 2916 107 31 upwards
1044 2918 25 23 of
1096 2920 73 26 1,300
1182 2923 59 19 tons.

653 2948 35 31 By
711 2948 50 23 dint
783 2948 27 23 of
836 2956 81 24 proper
939 2949 142 25 mechanical
1103 2951 140 32 appliances,

651 2981 110 29 however,
778 2981 40 24 she
841 2989 45 17 was
907 2988 24 19 at
952 2983 80 31 length
1051 2989 35 18 set
1107 2985 23 22 in
1149 2986 93 28 motion,

651 3014 64 25 when
728 3015 40 23 she
781 3015 77 31 glided
876 3015 79 32 slowly
966 3017 45 23 and
1030 3017 150 33 majestically
1192 3020 49 22 into

651 3048 49 24 that
711 3049 98 23 element
830 3057 30 16 on
882 3050 76 24 which
975 3058 33 16 we
1029 3051 59 32 hope
1108 3052 41 23 her
1168 3053 75 23 future

650 3090 77 16 career
738 3083 21 22 is
771 3083 104 23 destined
887 3089 22 17 to
923 3084 27 23 be
962 3092 42 16 one
1018 3085 25 23 of
1058 3086 127 31 prosperity
1198 3087 44 22 and
1249 3083 2 33 j

649 3123 101 16 success.
787 3116 59 24 This
858 3117 44 24 fine
921 3118 74 23 vessel
1014 3119 20 22 is
1055 3118 93 24 allowed
1168 3127 28 15 on
1212 3120 29 22 all

651 3149 72 23 hands
734 3155 23 17 to
769 3150 28 23 be
809 3158 14 15 a
836 3151 109 23 first-rate
957 3152 117 31 specimen
1087 3153 24 23 of
1127 3153 65 24 naval
1204 3161 38 16 ar-

650 3182 132 25 chitecture.
785 3195 29 5 —
817 3183 63 25 Ibid.
1157 3186 4 4 '

682 3222 52 25 The
751 3223 71 25 Porte
834 3224 45 24 and
890 3224 38 25 the
942 3224 50 32 Bey
1004 3226 26 23 of
1048 3226 75 24 Tunis
1135 3234 38 16 are
1194 3227 47 23 still

651 3256 23 24 in
685 3264 14 16 a
710 3262 59 18 state
781 3257 122 31 bordering
912 3266 28 16 on
954 3259 113 24 collision.
1103 3260 25 23 A
1138 3260 103 23 Turkish

651 3289 80 32 frigate
744 3291 89 24 arrived
843 3299 28 15 on
883 3291 55 32 July
947 3294 13 22 2
968 3294 5 21 1
980 3309 7 11 ,
1000 3298 24 18 at
1033 3293 74 25 Tunis
1120 3293 72 24 under
1203 3293 38 25 the

651 3329 74 18 escort
736 3323 26 23 of
773 3332 28 15 an
809 3324 100 32 English
917 3330 108 25 corvette,
1036 3327 86 31 having
1129 3335 29 16 on
1170 3327 70 23 board

651 3363 27 16 an
692 3356 148 25 ambassador
850 3359 59 24 from
929 3358 38 25 the
980 3360 71 24 Porte
1063 3360 53 24 with
1136 3360 37 24 the
1185 3360 54 23 ulti-

651 3392 84 21 matum
754 3391 26 23 of
800 3391 39 24 the
858 3391 80 25 Grand
956 3393 107 31 Seignor.
1111 3393 52 24 The
1182 3393 62 24 chief

650 3423 126 24 conditions
789 3432 45 21 are,
849 3425 49 24 that
909 3426 39 23 the
960 3426 60 31 Bey,
1037 3428 24 22 in
1071 3426 36 24 his
1121 3426 85 33 quality
1219 3427 25 23 of

651 3456 78 24 Pacha
740 3457 26 23 of
780 3457 38 25 the
829 3458 110 24 Ottoman
957 3459 79 30 Porte,
1056 3461 20 22 is
1089 3460 152 31 immediately

650 3494 22 19 to
696 3496 40 25 put
759 3491 24 24 in
808 3492 120 24 execution
952 3492 39 24 the
1014 3494 91 24 treatise
1128 3494 53 23 with
1204 3494 38 23 the

651 3523 85 32 foreign
750 3532 88 23 powers
859 3525 73 25 which
953 3531 23 19 at
987 3531 94 27 present
1097 3534 38 17 are
1145 3528 23 22 in
1181 3527 61 24 force

650 3557 22 24 in
685 3557 38 24 the
742 3557 105 25 Turkish
868 3560 93 30 empire.
999 3560 41 24 He
1041 3584 7 8 %
1058 3562 21 22 is
1099 3565 23 19 to
1133 3568 109 25 suppress

649 3590 30 24 all
699 3591 141 32 monopolies
858 3593 23 23 of
899 3593 71 29 trade,
992 3593 45 25 and
1059 3598 23 19 to
1100 3594 82 24 reduce
1203 3593 38 24 the

649 3624 61 24 force
722 3624 25 24 of
764 3625 37 24 the
813 3626 91 30 regular
916 3631 77 26 troops
1007 3627 57 23 from
1079 3628 59 23 their
1149 3634 95 25 present

650 3657 95 25 number
757 3659 26 23 of
798 3660 92 27 20,009
910 3664 24 19 to
947 3661 86 28 1,500.
1067 3660 36 25 As
1116 3661 46 24 this
1173 3668 69 17 num-

649 3691 47 29 ber,
709 3692 18 23 it
739 3692 20 23 is
770 3692 59 29 said,
840 3692 21 24 is
873 3693 62 31 quite
954 3694 117 24 sufficient
1089 3698 23 20 to
1131 3694 110 24 maintain

649 3725 66 24 order
726 3725 24 23 in
762 3725 37 25 the
810 3726 103 30 interior,
926 3726 39 25 the
987 3727 81 24 Grand
1089 3728 106 31 Seignor-.
1199 3736 42 16 en-

647 3765 76 25 gages,
731 3763 24 19 to
767 3758 56 25 send
841 3767 109 17 succours
970 3760 27 24 of
1011 3760 38 24 hi
1049 3760 19 24 3
1066 3768 51 16 own
1127 3765 85 28 troops.
1216 3762 25 23 in

648 3798 52 23 case
719 3800 45 23 any
783 3791 90 33 foreign
891 3792 78 25 attack
990 3793 85 25 should
1093 3793 68 25 take,
1166 3795 75 31 place.

648 3824 101 33 Finally,
762 3825 37 24 the
812 3825 51 32 Bey
874 3826 21 24 is
907 3830 24 21 to
950 3826 63 25 draw
1031 3835 32 24 up
1075 3826 56 26 each
1140 3835 61 24 .year
1212 3835 30 18 an

648 3863 66 19 exact
724 3863 60 19 state
804 3859 28 23 of
845 3859 37 24 his
902 3866 113 25 expenses
1035 3860 44 24 and
1096 3859 37 25 his
1144 3861 99 31 receipts

648 3892 72 24 under
733 3892 38 24 the
783 3892 88 24 control
889 3892 25 23 of
929 3900 31 16 an
981 3892 65 25 oukil
1065 3893 26 24 of
1105 3893 38 25 the
1161 3893 81 31 Porte,

647 3925 24 24 in
691 3925 67 23 order
777 3924 50 24 that
845 3924 38 24 the
895 3923 94 34 Surplus
1008 3934 53 17 over
1080 3926 39 25 the
1130 3934 113 27 expenses

646 3965 52 25 may
715 3958 27 25 be
761 3958 144 26 transmitted
925 3964 24 20 to
970 3959 200 36 Constantinople.
1206 3961 37 26 As
