2540 3999
612 308 131 32 PORT
765 310 288 37 NICHOLSON,
1076 308 259 33 SATURDAY
1355 309 242 39 MOR^INXJ,
1619 311 126 32 JULY
1767 316 49 34 11,
1840 317 91 28 1840.
1974 332 60 16 *-„

54 311 64 31 No.
144 310 64 39 14.]

2323 317 99 39 [Vol.
2446 318 26 30 I.

1175 32 102 31 THE

54 88 457 132 NEW
557 88 917 132 ZEALAND
1606 93 891 137 GAZETTE.

99 403 83 22 NEW
201 403 171 20 ZEALAND
390 401 184 22 COMPANY.

47 456 90 29 Capital,
153 456 116 26 £100,000,
285 455 26 21 in
320 456 56 21 4000
385 454 79 23 Shares
474 454 26 23 of
510 454 47 22 £25
567 453 63 28 each,

268 482 31 21 all
308 482 54 27 paid
370 489 37 19 up.
494 484 5 7 k

125 536 118 21 Governor
250 542 5 14 :
269 534 49 23 The
329 535 65 22 Earl
405 541 26 14 of
440 534 114 22 Durham.

87 569 93 28 Deputy
190 569 118 21 Governor
314 575 5 14 :
335 568 86 22 Joseph
435 568 82 27 Somes,
534 567 52 28 Esq.

274 600 116 23 Directors
398 608 5 14 :

98 628 61 22 Lord
169 628 72 27 Petre,

98 655 62 22 Hon.
171 654 92 23 Francis
271 654 92 28 Baring,
376 653 67 27 M.P.,

97 682 61 22 John
169 682 101 21 Ellorker
279 681 111 26 Boulcott,
407 680 59 28 Esq.,

97 709 61 22 John
169 708 98 22 William
278 707 93 27 Buckle,
383 708 58 27 Esq.,

98 735 89 22 Russell
196 735 76 27 Ellice,
283 734 62 28 Esq.,
489 734 3 4 '
527 734 10 16 •'

97 762 78 22 James
184 760 80 24 Brodie
275 761 102 27 Gordon,
389 762 59 27 Esq.,

96 789 99 21 Thomas
204 788 65 22 Alers
280 787 106 28 Hankey,
398 788 60 28 Esq.,

97 815 99 22 William
207 814 61 23 Hutt
284 814 61 28 Esq.,
358 815 67 27 M.P.,

98 843 95 22 Stewart
201 842 234 27 Majoribanks,.Esq.,

98 870 36 21 Sir
143 869 99 23 William
252 868 152 28 Molesworth,
414 870 69 26 Bart.,
494 869 69 27 M:P.,

98 896 133 22 Alexander
239 895 79 26 Nairn,
330 896 61 27 Esq.,

97 921 211 27 Johfl'Piric,-Esq»,
321 922 128 26 Alderman,
458 943 5 5 ,

98 949 36 22 Sir
144 948 88 26 George
242 947 101 27 Sinclair,
355 948 68 26 Bart,
434 948 71 27 M.P.,

98 975 62 22 John
171 974 59 22 Abel
240 973 79 27 Smith,
330 974 61 28 Esq.,
403 974 67 26 M.P.,

98 1002 60 21 Wm.
168 1001 136 26 Thompson,
317 1000 61 28 Esq.,
389 1000 131 28 Alderman,
532 1000 69 28 M.P.,

99 1029 35 22 Sir
143 1028 81 26 Henry
234 1027 79 27 Webb,
324 1027 69 27 Bart.,

99 1055 86 22 Arthur
193 1054 78 26 Willis,
284 1054 61 28 Esq.,

99 1082 88 26 George
197 1080 120 23 Frederick
327 1080 20 23 Y
349 1088 65 20 oung,
426 1080 53 28 Esq.

157 1116 128 25 Secretary:
302 1114 63 23 John
377 1115 80 26 Ward,
470 1115 52 28 Esq.

144 1176 61 21 main
214 1175 98 22 features
320 1175 26 22 of
352 1175 38 22 the
398 1180 82 22 system
489 1176 26 21 of
521 1176 112 21 coloniza-

55 1197 25 29 JL
118 1203 47 22 tion
176 1202 95 27 adopted
280 1202 32 26 by
322 1202 38 22 the
373 1202 121 28 Company,
511 1206 48 23 are?
559 1214 30 5 —
590 1204 40 26 Ist,

46 1232 34 21 the
91 1230 45 22 sale
146 1229 26 22 of
182 1228 71 27 lands,
267 1232 25 17 at
306 1236 29 15 an
349 1229 98 22 uniform
462 1229 45 22 and
521 1228 112 23 sufficient

47 1258 67 28 price;
133 1256 46 22 and
191 1256 64 26 2ndlj
255 1263 5 8 r
262 1272 4 10 ,
284 1255 39 22 the
339 1256 151 27 employment
506 1256 26 21 of
544 1263 14 14 a
570 1256 62 26 large

47 1285 83 27 portion
141 1283 26 22 of
173 1282 36 22 the
218 1282 210 28 purchase-money,
440 1290 24 14 as
474 1291 29 14 an
514 1282 118 27 Immigra-

45 1312 44 21 tion
100 1310 72 22 Fund.
202 1310 28 21 In
240 1309 63 22 these
313 1313 103 23 respects,
431 1309 39 22 the
480 1310 120 28 principles
610 1310 26 22 of

45 1338 67 22 South
125 1336 114 23 Australia
254 1336 57 21 have
327 1336 57 22 been
399 1336 104 22 followed
516 1344 24 14 as
554 1336 77 28 nearly

45 1373 21 14 as
85 1365 171 21 circumstances
271 1362 81 28 would,
374 1363 22 21 in
411 1362 38 23 the
466 1366 92 25 present
572 1371 58 21 case,

44 1391 86 29 permit.

69 1425 47 21 The
132 1423 71 28 grand
217 1423 75 27 object
308 1423 26 21 of
347 1423 39 21 the
401 1430 55 19 new,
471 1431 25 14 or
508 1423 123 29 improved,

44 1455 83 24 system
137 1451 26 21 of
174 1451 36 21 the
221 1449 97 28 disposal
333 1450 27 22 of
376 1449 95 23 colonial
485 1450 72 27 lands,
574 1451 19 21 is
610 1454 22 19 to

43 1478 98 27 regulate
156 1477 37 21 the
208 1476 81 28 supply
304 1477 27 21 of
346 1484 50 14 new
410 1477 61 26 land,
488 1477 31 27 by
534 1477 37 22 the
586 1479 47 21 real

43 1508 69 19 wants
125 1504 26 22 of
165 1503 37 23 the
217 1503 118 27 Colonists,
352 1511 24 14 so
391 1503 47 22 that
454 1503 36 23 the
506 1505 54 21 land
576 1504 57 23 shall

43 1539 68 15 never
128 1531 28 21 be
176 1531 69 21 either
263 1531 191 26 superabundant,
476 1538 25 14 or
520 1531 111 28 deficient,

42 1559 71 21 either
129 1561 37 18 too
183 1557 76 27 cheap,
277 1564 26 14 or
322 1560 38 18 too
379 1557 57 22 dear.
476 1558 23 22 It
516 1557 41 23 has
574 1558 58 22 been

43 1586 76 21 shown
130 1585 47 21 that
186 1584 38 22 the
235 1584 42 22 due
290 1584 130 27 proportion
433 1585 104 21 between
553 1585 79 27 people

43 1613 46 21 and
95 1611 55 23 land
155 1618 52 21 may
212 1611 28 21 be
249 1611 128 26 constantly
383 1611 92 22 secured
482 1611 29 27 by
518 1611 115 23 abandon-

43 1640 38 26 ing
92 1639 36 21 the
139 1638 37 22 old
186 1641 82 24 system
280 1637 26 21 of
318 1645 94 19 grants,
424 1638 46 21 and
478 1639 116 26 requiring
604 1646 28 15 an

43 1666 98 22 uniform
151 1665 59 27 price
221 1672 39 20 per
268 1671 59 20 acre,
343 1665 34 21 for
387 1665 29 21 all
425 1672 50 14 new
485 1665 72 26 lands,
569 1665 63 23 with-

44 1696 39 18 out
93 1691 123 28 exception.
247 1690 24 22 If
283 1691 37 21 the
330 1692 61 27 price
402 1691 26 22 be
443 1695 42 18 not
498 1695 38 19 too
550 1692 50 27 low,
616 1693 17 21 it

43 1719 73 22 deters
126 1719 135 26 speculators
269 1717 60 23 from
344 1718 117 27 obtaining
474 1719 62 27 land,
552 1719 53 21 with
621 1727 13 14 a

43 1747 56 21 view
109 1749 23 18 to
141 1745 90 26 leaving
240 1745 58 21 their
306 1749 106 24 property
421 1745 22 22 in
455 1752 13 14 a
480 1745 75 23 desert
567 1748 64 26 state,

43 1773 46 21 and
102 1773 51 21 thus
167 1775 104 24 prevents
280 1771 111 27 injurious
401 1771 122 28 dispersion
530 1780 5 19 ;
551 1773 18 21 it
579 1773 52 28 also,

43 1800 29 27 by
83 1799 134 28 compelling
226 1805 67 20 every
299 1798 104 22 labourer
410 1794 93 27 toVork
510 1799 35 22 for
553 1807 78 20 wages,

43 1826 57 22 until
109 1826 29 21 he
148 1826 40 22 has
197 1825 68 22 saved
279 1825 39 21 the
329 1826 54 27 only
392 1833 78 15 means
480 1827 26 21 of
518 1827 116 28 obtaining

43 1853 60 26 land,
113 1853 87 21 insures
214 1860 15 14 a
243 1852 81 27 supply
339 1853 26 21 of
376 1853 78 21 labour
467 1853 36 22 for
517 1853 55 21 hire.
603 1853 27 28 If,

44 1888 28 14 on
83 1879 37 22 the
131 1879 62 22 other
203 1879 68 26 hand,
288 1878 38 22 the
336 1880 60 23 price
405 1879 27 21 be
442 1883 41 18 not
492 1883 38 19 too
540 1879 60 28 high,
617 1881 17 21 it

44 1907 86 21 neither
139 1907 100 21 confines
249 1905 38 22 the
297 1908 88 20 settlers
400 1906 76 22 within
490 1914 15 14 a
519 1914 65 20 space
599 1907 35 22 in-

43 1933 160 28 conveniently
217 1940 95 19 narrow,
329 1940 43 14 nor
386 1933 52 22 does
452 1933 19 21 it
486 1936 95 22 prevent
595 1933 37 22 the

44 1960 78 27 thrifty
136 1959 103 23 labourer
252 1959 60 22 from
325 1959 119 28 becoming
459 1968 13 14 a
483 1960 148 27 land-owner,

43 1987 59 22 -aftpr
110 1986 101 26 working
222 1994 60 14 some
294 1986 99 25 thne..fo_£
402 1994 80 18 wages.

75 2011 20 20 A
113 2011 117 24 sufficient;,
246 2012 43 19 but
306 2015 41 17 not
365 2018 61 14 more
445 2012 55 21 than
520 2012 112 21 sufficient

44 2037 61 26 price
116 2036 35 21 for
164 2035 29 22 all
206 2043 50 14 new
269 2035 62 27 land,
347 2037 20 20 is
382 2036 36 20 the
433 2038 61 20 main
510 2038 86 20 feature
612 2037 25 21 of

45 2063 37 21 the
101 2070 50 14 new
167 2065 82 24 system
263 2062 28 20 of
308 2062 153 22 colonization.
496 2063 23 22 It
534 2063 99 22 obviates

43 2097 69 19 every
123 2096 85 20 species
224 2089 25 21 of
261 2088 104 28 bondage
372 2097 5 17 ;
396 2089 29 27 by
440 2089 119 28 providing
574 2097 60 14 com-

43 2116 91 22 binable
142 2116 86 26 labour,
238 2116 19 20 it
264 2115 94 22 renders
367 2116 101 27 industry
476 2124 54 19 very
539 2116 95 27 produc-

44 2144 52 25 tive,
108 2142 46 22 and
162 2142 127 22 maintains'
292 2142 55 22 both
357 2142 52 27 high
424 2150 80 19 wages,
522 2142 45 22 and
580 2143 55 26 high

43 2170 90 27 profits;
155 2169 19 21 it
188 2169 76 21 makes
284 2168 39 22 the
341 2169 80 27 colony
436 2176 25 15 as
478 2169 115 22 attractive
611 2178 24 13 as

44 2196 104 28 possible,
162 2196 56 21 both
233 2199 23 17 to
271 2196 122 26 capitalists
407 2196 46 21 and
467 2199 23 19 to
504 2197 129 26 labourers;

44 2223 45 22 and
99 2227 40 17 not
149 2222 84 27 merely
242 2225 22 18 to
273 2222 71 27 these,
358 2223 41 21 but
407 2222 54 27 also,
471 2223 31 27 by
512 2223 123 27 bestowing

43 2258 30 14 on
89 2250 37 21 the
137 2249 88 27 colony,
242 2249 37 21 the
290 2249 74 22 better
378 2249 116 22 attributes
510 2250 26 21 of
553 2256 28 14 an
598 2249 37 23 old

43 2277 91 26 society,
147 2279 22 18 to
177 2276 62 22 those
247 2276 50 21 who
304 2275 59 23 have
371 2284 13 14 a
391 2276 90 22 distaste
487 2277 36 21 for
530 2276 60 22 what
595 2276 40 22 has

43 2303 126 23 heretofore
178 2303 57 22 been
247 2303 37 21 the
298 2303 112 26 primitive
421 2303 115 22 condition
547 2303 26 22 of
583 2311 50 15 new

46 2331 105 21 colonies.

69 2357 48 22 The
127 2360 62 23 great
199 2357 73 26 object
282 2356 27 21 of
320 2357 38 21 the
367 2357 58 28 price
435 2357 19 21 is
467 2360 22 20 to
505 2364 77 15 secure
597 2356 38 22 the

43 2388 59 18 most
111 2383 108 23 desirable
228 2383 142 28 proportions
379 2382 101 24 between
493 2383 81 29 people
588 2384 45 22 and

44 2411 54 21 land
104 2419 4 18 ;
125 2411 40 21 but
174 2411 36 21 the
222 2410 51 27 plan
284 2410 41 22 has
335 2411 39 21 the
381 2410 85 22 further
473 2411 71 22 result
551 2411 26 21 of
583 2418 51 20 pro-

45 2438 82 26 ducing
137 2445 14 14 a
160 2444 103 19 revenue,
280 2437 74 22 which
370 2437 43 22 will
427 2441 43 18 not
484 2438 55 27 only
554 2437 79 28 supply

43 2465 39 21 the
94 2464 104 27 requisite
211 2464 67 27 profit
293 2467 23 18 to
330 2464 39 22 the
384 2464 155 23 shareholders
554 2465 25 21 of
595 2464 38 22 the

45 2492 120 27 Company,
189 2491 41 22 but
252 2491 113 22 furnishes
388 2491 36 21 the
448 2499 79 15 means
545 2491 34 22 for
602 2498 29 15 an

45 2518 154 27 Immigration
209 2517 71 28 Fund,
283 2530 31 4 —
315 2525 14 15 a
336 2518 56 22 fund
400 2519 127 27 constantly
536 2518 96 28 applica-

44 2545 36 21 ble
96 2549 23 17 to
135 2545 37 21 the
188 2552 95 21 purpose
300 2545 26 21 of
337 2545 106 28 bringing
457 2545 80 22 labour
554 2549 23 18 to
594 2545 37 22 the

45 2572 80 27 colony
125 2584 31 4 —
157 2571 48 23 that
218 2572 25 27 is,
259 2571 26 22 in
303 2572 92 27 causing
411 2572 38 22 the
464 2572 52 22 best
534 2579 56 15 sort
610 2572 26 22 of

45 2599 146 21 colonization
202 2602 22 18 to
234 2598 96 32 proceed
340 2603 23 17 at
374 2599 36 21 the
423 2603 99 24 greatest
534 2599 96 28 possible

43 2629 54 17 rate.
126 2625 54 22 And
187 2625 43 22 this
236 2633 19 15 is
263 2625 38 22 the
309 2626 83 22 second
400 2626 86 22 feature
498 2627 26 21 of
535 2626 37 22 the
582 2634 50 14 new

44 2656 89 23 system.

69 2679 47 21 The
127 2679 151 28 employment
288 2679 26 21 of
330 2679 38 22 the
381 2679 210 28 purchase-money,
608 2687 24 15 or

43 2705 37 23 the
89 2706 108 27 principal
206 2710 50 23 part
265 2706 26 22 of
302 2706 24 27 it,
337 2707 117 27 in,conve3>
454 2714 3 3 i
459 2707 38 28 ing
507 2707 86 22 settlers
608 2709 22 19 to

43 2732 37 22 the
90 2733 87 27 colony,
187 2733 41 21 has
237 2733 37 21 the
285 2733 114 28 following
409 2733 83 23 effects.
522 2734 23 22 It
554 2733 77 22 makes

43 2759 37 21 the
94 2760 131 27 purchasers
240 2759 24 23 of
280 2759 56 22 land
351 2768 36 14 see
400 2760 93 28 plainly,
510 2761 49 21 that
574 2760 58 22 their

44 2793 81 20 money
134 2786 43 22 will
187 2787 27 21 be
224 2787 107 21 returned
340 2787 25 21 in
379 2787 36 21 the
428 2787 70 28 shape
512 2787 27 21 of
552 2787 80 22 labour

43 2813 44 21 and
95 2813 136 28 population.
260 2813 23 21 It
293 2813 72 27 tends,
381 2814 22 21 in
413 2813 53 27 fact,
482 2817 23 18 to
514 2813 69 23 lower
593 2813 38 22 the

43 2846 115 21 necessary
177 2840 106 22 standard
303 2840 26 21 of
344 2840 67 27 price,
426 2841 104 26 because,
550 2839 54 23 with
619 2848 13 14 a

43 2870 102 18 constant
153 2867 73 21 influx
235 2867 26 21 of
271 2866 81 27 people
362 2870 23 18 to
395 2865 36 23 the
442 2867 88 27 colony,
540 2867 37 21 the
588 2866 43 22 due

43 2894 126 26 proportion
174 2893 101 22 between
282 2893 80 28 people
371 2893 43 22 and
420 2893 56 22 land
482 2901 53 20 may
541 2893 29 22 be
577 2893 54 28 kept

44 2926 27 21 up
79 2920 30 27 by
120 2928 13 14 a
141 2921 68 21 lower
218 2920 67 27 price,
299 2919 56 23 than
363 2920 21 22 if
396 2920 61 22 there
468 2928 57 14 were
536 2927 29 15 no
575 2921 55 21 such

43 2946 146 28 immigration
196 2963 5 5 .
222 2949 22 19 It
254 2946 112 22 therefore
372 2947 130 22 diminishes
510 2947 37 21 the
554 2947 77 27 period

43 2973 79 28 during
131 2974 72 22 which
212 2973 38 23 the
259 2973 106 23 labourer
378 2977 60 19 must
450 2973 61 23 work
526 2973 34 23 for
574 2973 56 28 hire,

43 3000 43 22 and
94 3001 31 27 by
134 3001 38 21 the
186 3001 63 27 rapid
262 3008 105 24 progress
381 3001 73 22 which
468 3001 17 22 it
500 3001 93 28 imparts
608 3003 22 19 to

43 3026 36 23 the
88 3027 49 22 best
146 3031 45 19 sort
200 3028 26 22 of
237 3028 158 27 colonization,
409 3028 18 22 it
442 3027 103 29 explains
559 3030 24 19 to
593 3027 37 22 the

42 3053 116 27 labouring
167 3055 56 21 class
234 3055 25 21 of
264 3055 148 26 immigrants,
423 3055 50 21 that
482 3061 118 19 everyone
609 3053 26 22 of

43 3079 59 22 them
115 3080 49 21 who
180 3081 19 21 is
214 3081 137 21 industrious
369 3081 43 21 and
429 3080 87 27 thrifty,
534 3087 52 18 may
602 3079 28 22 be

42 3113 47 15 sure
100 3109 22 19 to
131 3107 93 21 become
236 3110 40 18 not
291 3107 86 27 merely
391 3114 29 15 an
436 3114 76 15 owner
527 3107 30 21 of.
568 3106 61 26 land,

43 3132 38 22 but
97 3133 45 22 also
158 3133 24 23 in
201 3133 35 22 his
256 3137 59 22 turn,
337 3141 29 14 an
387 3134 115 27 employer
520 3133 27 23 of
565 3133 66 22 hired

43 3159 117 27 labourers,
172 3168 13 14 a
194 3163 82 19 master
287 3160 26 21 of
324 3163 107 19 servants.

69 3187 66 21 From
145 3187 61 22 these
217 3186 182 27 considerations,
405 3203 4 3 -
415 3187 37 21 the
463 3188 117 27 Company
589 3186 41 22 has

43 3212 94 29 adopted
156 3213 37 23 the
210 3220 61 15 same
289 3216 83 24 system
390 3213 24 21 of
430 3213 115 28 disposing
560 3213 26 22 of
602 3213 29 22 its

44 3243 62 18 waste
118 3240 73 27 lands,
207 3248 24 14 as
245 3240 42 21 has
303 3239 90 28 already
406 3241 86 26 proved
505 3240 84 27 highly,
597 3240 34 22 fa-

43 3267 103 22 vourable
161 3271 21 18 to
198 3267 44 22 the-
249 3266 182 28 productiveness
447 3267 26 21 of
487 3267 105 27 industry
606 3267 24 22 in

43 3292 68 22 South
120 3294 121 22 Australia.
270 3293 30 21 In
310 3300 13 14 a
334 3300 50 14 new
395 3292 87 28 colony,
498 3293 94 28 planted
605 3293 25 23 in

42 3326 13 13 a
64 3319 70 23 fertile
146 3321 43 22 and
205 3320 120 22 extensive,
336 3319 110 27 territory,
462 3319 19 22 it
494 3320 20 21 is
529 3320 100 28 obvious,

43 3345 46 23 that
108 3347 37 22 the
161 3347 171 22 establishment
346 3346 26 22 of
388 3346 55 21 such
458 3352 14 15 a
485 3350 85 23 system
584 3346 20 22 is
619 3354 13 14 a

44 3377 77 18 matter
137 3374 27 21 of
181 3374 38 22 the
235 3373 92 28 deepest
344 3375 102 19 moment
461 3375 23 19 to
503 3372 37 22 the
556 3373 75 21 future

45 3400 84 22 welfare
141 3401 26 21 of
179 3401 91 27 society.
404 3399 18 21 it
438 3398 38 22 the
490 3399 51 21 best
555 3399 76 21 effects

44 3432 48 21 may
102 3427 53 21 with
165 3427 131 22 confidence
305 3427 28 21 be
344 3426 136 27 anticipated
486 3433 6 13 :
508 3432 14 14 a
529 3429 104 18 constant

45 3453 40 21 •md
94 3454 89 27 regular
192 3454 79 27 supply
283 3453 26 22 of
320 3461 50 14 new
379 3452 54 22 land
442 3452 24 22 in
482 3452 43 21 due
540 3459 92 20 propor-

41 3479 44 22 tion
94 3483 24 18 to
127 3481 38 21 the
184 3484 70 18 wants
264 3481 27 21 of
302 3488 13 13 a
323 3479 131 29 population
466 3478 127 27 increasing
604 3478 31 28 by

41 3506 68 22 births
118 3507 46 22 and
177 3507 164 28 immigration;
360 3507 31 21 all
405 3506 38 21 the
459 3506 141 30 advantages^
611 3509 22 17 to

43 3532 69 23 which
122 3534 101 22 facilities
232 3535 25 21 of
268 3537 115 25 transport
390 3533 44 21 and
441 3531 191 23 communication

42 3566 36 15 are
88 3561 102 22 essential
198 3570 5 18 ;
221 3561 110 26 certainty
346 3561 26 21 of
381 3560 76 26 limits,
474 3558 46 22 and
535 3558 98 28 security

43 3586 23 20 of
78 3587 47 21 title
136 3591 22 17 to
167 3591 105 29 property
281 3588 24 21 in
318 3587 56 23 land
380 3595 5 19 ;
401 3586 37 22 the
449 3588 99 25 greatest
560 3584 72 22 facili-

41 3612 40 22 ties
90 3620 29 15 on
129 3615 116 26 acquiring
254 3615 38 21 the
304 3614 44 23 due
358 3613 103 29 quantity
467 3620 5 20 ;
487 3612 39 22 the
537 3614 98 24 greatest

42 3645 186 23 encouragement
242 3645 21 18 to
273 3641 151 28 immigration
436 3640 46 21 and
492 3638 141 27 settlement;

42 3666 43 21 and
99 3667 37 21 the
153 3671 56 19 most
223 3668 63 27 rapid
302 3675 101 20 progress
418 3666 27 22 of
460 3666 38 22 the
513 3664 79 29 people
608 3665 23 21 in

42 3693 99 22 material
151 3695 94 21 comfort
254 3695 46 21 and
309 3695 68 21 social

68 3726 47 22 The
126 3727 64 22 Land
200 3728 69 22 Office
287 3728 36 21 for
339 3727 60 22 Sales
416 3726 45 22 and
477 3724 118 23 Transfers
613 3723 20 21 is

43 3758 49 15 now
102 3761 56 19 open
169 3758 24 18 at
203 3755 56 21 Port
275 3754 132 26 Nicholson,
424 3752 47 23 and
487 3752 39 21 the
543 3750 54 22 land
613 3750 19 22 is

42 3779 47 22 sold
96 3779 23 22 in
127 3781 96 22 sections
228 3781 26 21 of
264 3783 42 20 100
314 3788 62 15 acres
384 3780 61 27 each,
455 3779 60 22 at£l
525 3785 40 20 per
572 3784 58 15 acre.

41 3804 45 23 The
101 3807 124 28 advantage
240 3808 26 21 of
280 3807 136 27 purchasing
430 3806 79 21 before
529 3805 38 21 the
583 3810 50 16 sur-

42 3838 52 21 veys
103 3840 38 15 are
149 3834 25 21 in
185 3841 13 14 a
212 3834 136 27 sufficiently
356 3832 97 23 forward
462 3834 58 20 state
532 3834 23 18 to
565 3829 66 23 allow

42 3857 24 21 of
78 3859 127 23 immediate
221 3860 114 26 selection,
351 3860 26 27 is,
393 3859 49 21 that
455 3859 39 21 the
502 3857 95 28 priority
607 3856 27 22 of

42 3883 74 24 choice
133 3887 20 22 i
157 3887 16 22 3
170 3887 94 22 secured
276 3887 25 21 in
319 3887 38 21 the
377 3886 64 21 order
459 3885 24 22 in
498 3883 73 23 which
591 3882 39 24 the

42 3911 137 27 registration
189 3914 27 21 of
226 3913 37 22 the
273 3913 111 27 purchase
393 3913 18 21 is
419 3911 76 24 made.

70 3937 51 24 Port
129 3941 129 26 Nicholson,
275 3940 62 28 April
348 3940 33 27 14,
393 3940 61 21 1840.
642 3942 3 13 >

701 403 114 21 UNION
829 404 100 20 BANK
943 405 43 19 OF
1002 404 220 20 AUSTRALIA.

651 451 2 6 ,
664 435 96 23 London
777 437 93 26 Off.ice,
879 437 51 26 .No.
946 438 35 25 38,
999 437 52 21 Old
1066 437 183 21 Broad-street.

718 488 93 29 Capital^
822 489 121 28 £500,000';
1025 497 38 20 up,
1078 489 117 28 £300,000.

894 543 113 21 Directors
1013 550 6 14 :

718 568 89 28 George
817 569 48 22 Fife
875 569 87 28 Angas,-
971 567 62 30 Esq7,

709 595 95 22 •Robert
813 595 96 27 Brooks/
917 597 60 31 Esq.-,

717 621 77 23 James
804 621 61 23 John
875 622 123 27 Cummins,
1009 622 61 27 Esq..

659 655 3 3 •
692 656 4 3 ■
717 647 85 23 Robert
812 648 122 28 Gardener,
944 649 67 27 Esq.,-
1018 648 150 27 Manchester,

718 675 61 21 John
790 675 68 26 Gore,
869 675 75 27 Esq.,.;

718 701 91 22 Charles
819 701 107 27 Hindley,
938 701 60 26 Esq.,
1010 701 69 28 M.P.,

717 727 120 28 Benjamin
847 727 26 22 E.
873 727 3 7 1
885 727 79 27 Lmdo,
972 727 61 28 Esq.,

718 754 91 22 Charles
819 753 96 23 Edward
922 754 111 27 Mangles,
1045 754 60 27 Esq.,

717 780 144 28 Christopher
869 781 103 27 Rawson,
984 781 61 28 Esq.,
1058 781 98 27 Halifax,

651 818 2 14 i
717 807 186 27 Thomas-Sands,
915 808 60 27 Esq.,
986 807 125 28 Liverpool,

718 834 76 22 James
805 834 68 27 Bogle
885 834 78 27 Smith,
972 834 62 27 Esq.,

718 861 77 22 James
805 861 98 22 Ruddell
911 861 70 26 Todd,
992 861 54 27 Esq.

664 894 103 22 Trustees
775 903 5 13 :
806 894 96 21 George
922 894 63 22 Carr
993 906 2 5 •
1009 894 75 28 Glyn,
1106 894 60 28 Esq.,
1188 893 64 22 John

690 924 5 3 '
701 921 73 26 Gore,
785 920 60 28 Esq.,
862 920 46 21 and
917 920 74 22 James
1003 920 22 21 J\
1037 921 115 25 Cummins,
1162 920 54 27 Esq.

664 953 100 23 Bankers
772 962 5 13 :
802 953 92 22 Messrs.
918 953 75 28 Glyn,
1017 953 129 27 Hallifax,
1167 953 84 26 Mills,

910 980 46 22 and
968 980 40 22 Co.

748 1014 116 27 Secretary
871 1021 6 14 :
894 1014 92 22 Samuel
998 1014 110 27 Jackson,
1118 1014 52 27 Esq.

701 1047 101 23 Colonial
812 1047 116 28 Inspector
936 1056 4 14 :
957 1047 22 23 J.
990 1048 24 22 C.
1026 1048 122 27 M'Laren,
1163 1047 53 28 Esq.

786 1101 70 21 New
873 1101 123 21 Zealand
1014 1101 115 21 Branch.

665 1134 67 23 Local
743 1134 126 23 Directors:
887 1134 57 23 Geo.
956 1135 22 22 S.
988 1135 85 27 Evans,
1088 1135 60 27 Esq.,
1160 1135 92 26 D.C.L.,

729 1162 61 21 Edw.
801 1162 73 22 Betts
885 1161 103 27 Hopper,
1002 1162 60 27 Esq.,
1076 1161 44 22 and
1131 1162 57 21 Geo.

873 1188 109 28 Hunter,
994 1188 53 28 Esq.

664 1222 111 27 Manager
783 1230 5 14 :
804 1222 63 21 John
878 1222 82 27 Smith,
972 1222 61 27 Esq.,
1049 1221 43 23 late
1103 1221 26 22 of
1140 1221 38 22 the
1188 1222 65 22 Com-

714 1249 92 21 mercial
815 1249 65 21 Bank
891 1249 26 21 of
928 1248 111 27 England,
1051 1248 151 22 Manchester.

774 1282 114 23 Branches
898 1286 24 19 at
937 1282 98 28 Sydney,

939 1310 89 21 Hobart
1036 1309 76 27 Town,

939 1336 150 27 Launceston,
1099 1335 46 22 and

938 1362 53 23 Port
1002 1362 80 28 Philip.

664 1397 54 22 Port
726 1397 132 27 Nicholson,
868 1397 81 21 March
959 1397 34 26 24,
1005 1397 61 21 1840.

666 1450 91 49 THE
773 1451 115 21 Directors
905 1450 26 22 of
946 1450 39 22 the
1002 1450 57 22 New
1075 1449 99 23 Zealand
1188 1449 65 23 Land

739 1477 118 28 Company
870 1477 85 27 hereby
971 1477 52 27 give
1039 1477 80 26 nofice,
1138 1477 48 21 that
1202 1477 52 26 they

663 1505 57 21 have
728 1512 114 14 effected
853 1511 29 14 an
893 1511 172 15 arrangement
1073 1503 52 23 with
1133 1503 36 22 the
1178 1503 73 22 Union

664 1531 65 22 Bank
743 1531 26 21 of
785 1530 121 27 Australia,
924 1531 42 21 No.
984 1532 34 25 38,
1034 1531 45 21 Old
1094 1530 158 25 Broad-street,

664 1557 103 28 London,
778 1558 35 21 for
822 1557 37 22 the
872 1557 170 22 establishment
1056 1557 25 22 of
1094 1565 13 13 a
1124 1557 130 21 BRANCH

664 1585 89 21 BANK
769 1585 34 21 IN
817 1584 72 22 NEW
904 1583 159 28 ZEALAND,
1077 1583 95 28 through
1183 1583 71 23 which

664 1611 39 21 the
711 1611 102 22 business
826 1611 27 21 of
864 1611 39 21 the
921 1611 56 21 New
994 1610 100 22 Zealand
1108 1610 65 22 Land
1190 1610 64 22 Com-

663 1645 61 20 pany
732 1638 45 22 will
786 1639 28 21 be
825 1637 133 23 transacted.
986 1637 49 22 The
1051 1637 113 22 Directors
1181 1637 72 22 there-
1262 1636 2 24 i

664 1664 47 22 fore
720 1664 145 22 recommend
874 1668 24 19 to
915 1664 110 22 Colonists
1042 1663 38 23 the
1097 1664 75 22 Union
1188 1663 66 23 Bank

664 1692 27 21 of
709 1691 115 23 Australia
841 1698 23 15 as
884 1698 28 16 an
938 1691 169 22 establishment
1129 1691 125 27 possessing

664 1718 58 22 their
738 1719 71 21 entire
833 1718 136 27 confidence,
990 1717 45 22 and
1054 1718 49 22 able
1122 1721 22 18 to
1162 1717 92 26 provide

665 1745 125 28 effectually
807 1745 35 22 for
857 1745 37 22 the
909 1745 106 22 financial
1030 1748 70 18 wants
1117 1745 25 21 of
1153 1744 37 22 the
1208 1744 47 22 first

664 1771 134 23 settlement.

833 1799 34 27 By
878 1799 65 21 order
952 1799 27 21 of
988 1798 39 22 the
1037 1798 80 27 Board,

911 1832 86 23 JOHN
1010 1832 105 27 WARD,
1131 1832 123 28 Secretary.

665 1860 56 21 New
731 1859 101 22 Zealand
841 1859 65 22 Land
916 1860 135 26 Company's
1062 1860 77 26 Office,

693 1888 18 26 1,
723 1886 159 26 Adam-street,
894 1886 106 28 Adelphi,
1010 1886 53 22 27th
1073 1886 68 27 Aug.,
1152 1888 62 20 1839.

796 1940 153 21 WEEKLY
964 1941 163 20 MARKET.

665 1973 92 47 MR.
772 1974 22 21 J.
810 1973 143 22 TELFORD
967 1973 42 22 has
1023 1974 110 25 arranged
1141 1976 23 19 to
1174 1974 58 21 have
1242 1968 21 29 ?^~

756 2006 94 14 weekly
873 2006 94 13 market
995 2006 30 13 on
1049 1999 137 20 MONDAY
1211 1999 45 21 and

665 2025 170 21 SATURDAY
849 2024 167 25 EVENINGS,
1033 2027 23 17 at
1065 2025 33 19 his
1108 2024 144 26 Warehouse,

665 2050 58 22 from
732 2052 15 19 4
757 2053 22 19 to
789 2051 13 21 7
813 2049 92 27 o'clock,
918 2050 68 27 being
1000 2049 108 22 intended
1124 2049 82 27 chiefly
1221 2051 34 20 for

665 2076 38 22 the
724 2077 193 21 accommodation
936 2076 26 22 of
980 2075 142 23 Workmen's
1141 2076 112 22 Families.

664 2103 47 22 The
730 2103 116 27 following
864 2103 88 22 articles
970 2103 46 21 will
1033 2103 28 21 be
1080 2103 49 22 sold
1146 2103 24 21 in
1190 2103 64 22 small

666 2130 125 28 quantities,
804 2133 24 18 at
837 2129 128 23 reasonable
976 2129 72 28 prices
1054 2138 5 13 :
1061 2142 31 4 —

693 2157 74 27 Flour,
788 2157 104 26 oatmeal,
911 2164 73 19 sugar,
1005 2160 44 23 tea,
1074 2157 76 27 coffee,
1172 2157 82 26 butter,

666 2183 85 27 cheese,
764 2184 97 26 candles,
872 2190 61 21 soap,
944 2184 40 21 &c.
997 2184 40 21 &c.

693 2211 53 21 Port
755 2211 130 26 Nicholson,
897 2210 59 22 June
967 2211 34 26 15,
1012 2211 62 21 1840.

830 2265 97 21 LAND
945 2265 146 21 ORDERS.

671 2298 162 35 QEVERAL
838 2299 44 21 lots
890 2299 26 20 of
920 2298 70 22 Town
998 2298 46 21 and
1051 2299 99 27 Country
1156 2298 100 22 Sections

669 2320 33 29 O
731 2326 36 21 for
776 2326 58 26 Sale,
847 2326 29 27 by
893 2325 88 22 Private
1000 2326 110 21 Contract.
1140 2325 77 28 Apply
1233 2329 23 18 to

667 2354 27 21 R.
709 2353 28 22 R.
755 2354 99 25 Strang,
875 2352 59 28 Esq.,
953 2352 109 27 Solicitor,
1078 2352 43 22 No.
1135 2353 21 26 4,
1176 2352 80 26 Clyde-

667 2383 91 23 terrace,
771 2387 24 14 or
804 2383 24 18 to
838 2380 44 21 Mr.
893 2379 22 22 J.
926 2379 98 22 Telford.
1056 2379 89 22 Several
1155 2379 26 22 of
1193 2378 62 23 these

666 2414 61 15 acres
737 2406 45 22 will
791 2407 28 21 be
830 2406 149 27 sub-divided,
991 2410 23 18 to
1025 2406 45 22 suit
1078 2406 138 27 purchasers.

693 2434 53 21 Port
756 2434 130 26 Nicholson,
898 2433 65 28 April
972 2434 33 26 24,
1019 2434 60 21 1840.

880 2489 48 21 ON
942 2489 98 20 SALE.

666 2524 90 49 MR.
772 2524 21 22 J.
809 2523 144 22 TELFORD
969 2523 55 27 begs
1039 2525 23 19 to
1077 2523 108 26 intimate,
1207 2521 47 22 that

755 2550 29 23 he
794 2550 42 23 has
846 2557 29 14 on
885 2550 57 27 Sale,
955 2553 23 18 at
986 2549 37 22 his
1032 2549 85 28 House,
1127 2552 23 19 at
1158 2549 39 21 the
1208 2552 47 19 east

664 2578 45 21 end
727 2578 26 21 of
772 2578 39 22 the
830 2577 134 27 Company's
982 2577 156 27 Warehouses,
1163 2583 30 14 on
1217 2576 36 22 the

664 2605 82 27 Beach,
758 2613 28 14 an
797 2607 135 20 assortment
941 2604 27 21 of

691 2632 125 22 Hardware
826 2631 26 22 of
861 2631 39 22 the
910 2631 48 22 first
968 2630 95 29 quality,

691 2659 67 22 Flour
768 2659 46 22 and
824 2658 103 26 oatmeal,

691 2686 77 28 Sugar,
779 2690 44 24 t-ea,
835 2685 45 22 and
890 2685 75 27 coffee,

691 2713 90 27 Cheese,
791 2714 82 25 butter,
885 2712 46 21 and
1039 2711 64 22 other
1112 2711 96 22 articles.

692 2741 105 26 Superior
811 2739 93 27 Brandy
916 2739 44 22 and
971 2739 67 22 Rum.
1063 2750 3 3 •

663 2768 90 21 N.B.—
755 2767 54 22 OIL
823 2767 45 22 and
883 2766 89 23 LAMP
986 2766 107 27 WICKS,
1108 2768 23 19 at
1138 2764 114 23 moderate

917 2794 80 27 prices.

691 2821 54 21 Port
754 2820 132 26 Nicholson,
898 2820 60 22 June
969 2821 33 25 18,
1014 2820 62 21 1840.

878 2875 48 20 ON
942 2874 98 21 SALE.

665 2910 91 24 i^/TR.
771 2908 146 23 TELFORD
932 2908 41 22 has
993 2915 29 15 on
1042 2908 52 27 sale,
1112 2907 140 23 Marmalade

665 2930 60 28 11J-
756 2936 46 22 and
817 2935 95 23 Pickles.

690 2963 58 22 N.B.
750 2975 30 5 —
781 2963 39 22 An
836 2961 116 23 increased
971 2961 81 28 supply
1076 2961 25 22 of
1119 2961 68 22 Boots
1209 2960 45 23 and

663 2990 75 27 Shoes,
751 2990 45 21 and
803 2989 126 22 Warren's
939 2995 146 15 celebrated
1097 2988 128 22 Blacking.

691 3017 54 22 Port
754 3016 131 27 Nicholson,
898 3015 59 23 June
968 3017 33 25 18,
1012 3016 62 25 1840,

870 3068 180 22 REGATTA.

664 3103 91 49 MR.
771 3103 22 22 J.
811 3101 143 24 TELFORD
964 3101 41 22 has
1016 3107 29 15 on
1055 3100 52 28 sale,
1117 3100 80 23 ladies'
1209 3100 44 22 and

754 3129 149 29 gentlemen's
913 3128 61 22 dress
982 3128 66 21 boots
1058 3128 45 21 and
1112 3127 64 22 shoes
1183 3135 7 20 ;
1209 3127 45 22 and

663 3165 14 14 a
685 3158 61 26 large
756 3159 135 20 assortment
899 3156 26 21 of
935 3158 88 24 regatta
1033 3154 101 28 shirting.

690 3191 66 22 N.B.
767 3191 63 22 —A
858 3188 172 24 SELECTION
1062 3189 38 21 OF
1129 3187 123 23 LADIES-

663 3218 108 23 STRAW
780 3216 144 23 BONNETS
934 3216 64 22 HAS
1008 3215 86 22 COME
1101 3215 40 22 TO
1150 3215 101 26 HAND,

663 3245 45 22 and
717 3253 14 14 a
739 3245 62 27 large
809 3244 104 28 quantity
924 3243 24 22 of
960 3242 99 22 PLAIN
1075 3241 118 23 PRINTS.

665 3299 110 50 GH.
790 3297 136 27 COGLAN,
935 3296 116 23 Waterloo
1061 3297 80 26 Stores,
1153 3299 48 19 east
1211 3294 43 23 end

722 3338 9 10 •
745 3327 26 22 of
777 3326 38 22 the
823 3325 78 26 beach,
910 3324 125 27 Britannia,
1043 3323 24 23 in
1075 3323 100 23 addition
1186 3325 23 19 to
1218 3322 34 22 his

664 3354 115 21 extensive
794 3352 64 23 stock
910 3351 94 27 brandy,
1022 3350 41 27 ale,
1081 3353 79 24 porter,
1178 3356 74 20 sugar,

663 3381 51 25 rice,
727 3380 64 27 flour,
809 3380 49 25 salt,
866 3379 54 28 _and
936 3377 93 33 general
1047 3377 131 28 provisions,
1193 3376 61 21 iron-
1262 3380 2 29 j

664 3414 108 20 mongery
788 3406 45 22 and
847 3405 118 22 Britannia
974 3403 71 23 metal
1059 3403 76 28 goods,
1151 3403 41 22 has
1208 3403 47 27 just
1262 3406 2 29 j

663 3433 90 27 landed,
765 3441 28 14 ex
804 3433 38 22 the

692 3460 55 22 Fine
758 3460 102 22 Jamaica
868 3466 59 20 rum,
938 3458 111 23 Schedam
1059 3457 45 22 and
1112 3457 100 21 Geneva.

692 3487 81 27 Hyson
783 3487 51 22 skin
844 3490 36 18 tea
889 3486 24 23 in
924 3486 73 23 chests
1006 3483 46 23 and
1060 3484 51 22 half
1122 3483 35 22 do.

692 3514 100 27 English,
805 3513 128 27 American,
950 3512 45 22 and
1005 3511 102 22 Colonial
1121 3516 54 21 soap
1185 3516 25 15 in
1221 3509 31 25 15,

666 3540 44 23 and
719 3540 58 28 251b,
789 3542 75 25 boxes,
877 3540 99 23 and.fine
986 3538 54 23 seed
1050 3541 107 24 potatoes.
1262 3544 2 20 j

692 3569 13 20 2
715 3575 61 14 cases
786 3568 26 21 of
822 3567 61 27 large
894 3567 49 22 bole
957 3566 71 28 pipes,
1040 3565 93 22 window
1142 3563 60 27 glass
1215 3562 39 24 10J

664 3594 31 28 by
704 3596 25 23 81
739 3594 45 21 and
793 3596 13 19 8
809 3596 11 24 J
830 3594 29 27 by
866 3595 35 24 6J.
1221 3614 5 6 .

691 3620 33 22 To
737 3620 74 23 which
827 3620 28 22 he
871 3619 145 29 respectfully
1031 3617 82 23 solicits
1129 3617 76 27 public
1219 3621 35 15 in-

664 3647 107 28 spection.

797 3700 154 23 SUPERIOR
966 3696 202 25 CHAMPAGNE
1185 3695 67 21 AND

673 3711 31 39 V
743 3727 130 23 CLARET.
1011 3747 207 27 JOHNPIERCE
1219 3763 6 6 .

690 3781 118 23 Britannia
817 3780 70 22 Hotel
897 3780 44 22 and
951 3780 83 21 Stores.

873 3832 167 24 WANTED,

664 3869 164 52 SEVERAL
852 3866 155 24 SAWYERS.
1045 3863 75 29 Apply
1136 3866 22 19 to
1174 3861 27 23 T.
1218 3860 33 23 M.

699 3913 4 8 ,
727 3897 136 23 Partridge
873 3894 45 23 and
928 3894 40 22 Co.

690 3930 63 30 April
765 3933 32 25 11,
809 3931 61 22 1840.
924 3944 2 5 .
1261 3953 2 4 ,

1280 402 82 21 NEW
1387 403 205 21 ZEALANDIC
1615 403 252 23 VOCABULARY,

1522 430 45 21 &c.
1578 430 45 21 &c.

1306 461 126 23 Dedicated
1445 462 30 27 by
1484 463 137 31 p^ermission'
1621 470 4 7 t
1628 459 23 26 t6
1666 463 91 22 Colonel
1768 463 98 22 William

1282 487 129 28 Wakefield,
1418 489 118 27 'Principal
1542 489 78 27 Agent
1624 492 22 19 to
1654 490 38 21 the
1703 489 56 22 New
1767 490 100 22 Zealand

1281 514 62 22 Land
1359 515 123 27 Company.
1510 515 35 27 By
1559 515 39 21 the
1612 515 56 23 Rev.
1683 517 22 21 J.
1721 517 28 21 G.
1764 517 103 27 Butler;

1280 540 80 22 Native
1376 541 122 27 Guardian,
1514 541 46 22 and
1573 541 137 29 Interpreter
1724 545 24 19 to
1761 543 37 21 the
1809 543 58 22 New

1282 566 99 23 Zealand
1391 567 67 22 Land
1467 568 122 27 Company.

1282 603 42 34 rp
1327 603 44 22 HE
1382 604 203 22 SUBSCRIBERS
1595 606 23 19 to
1626 603 39 22 the
1675 604 71 22 above
1751 604 69 22 Work
1830 613 38 14 are

1289 626 28 25 A
1353 630 119 27 informed,
1488 630 48 22 that
1544 631 18 21 it
1571 630 41 21 has
1620 630 59 22 been
1689 631 139 22 determined
1843 635 24 18 to

1281 656 57 21 issue
1348 656 17 22 it
1374 657 24 21 in
1409 656 103 29 monthly
1520 659 62 25 parts
1592 657 26 21 of
1627 658 29 21 24
1665 663 72 22 pages'
1742 658 65 27 demy
1816 660 51 20 Bvo.

1282 682 61 22 each.

1307 717 53 22 This
1369 719 54 26 plan
1437 719 40 21 has
1491 719 58 22 been
1559 719 102 27 adopted,
1677 719 23 22 in
1710 719 64 22 order
1787 723 24 18 to
1828 724 41 23 put

1282 743 42 22 the-
1328 744 111 23 Colonists
1448 745 24 22 in
1480 746 127 26 possession
1616 746 25 21 of
1651 746 38 21 the
1697 746 101 22 material
1807 750 61 24 parts

1282 770 24 22 of
1317 770 37 23 the
1363 771 123 28 Language
1500 779 24 14 as
1534 772 61 27 early
1605 779 23 15 as
1637 772 94 28 possible
1739 781 6 18 ;
1760 773 44 22 and
1814 773 54 27 they

1281 797 43 21 will
1343 798 51 21 thus
1408 798 64 27 Jhave
1491 806 29 14 an
1539 799 143 27 opportunity
1700 799 26 22 of
1745 800 91 26 gaining
1854 807 15 14 a

1281 823 130 29 knowledge
1421 825 26 21 of
1452 825 18 21 it
1478 825 168 27 progressively.

1308 859 23 24 It
1345 860 19 22 is
1379 860 76 28 hoped
1472 860 48 22 that
1536 861 43 21 this
1594 865 149 23 arangement
1754 861 45 23 will
1816 862 52 27 give

1282 886 136 22 satisfaction
1434 890 23 18 to
1467 887 36 22 the
1517 891 92 24 present
1622 888 144 27 subscribers,
1780 888 47 22 and
1840 889 28 21 be

1281 910 38 24 *hi
1330 920 77 15 means
1418 914 26 20 of
1455 913 91 27 gaining
1560 921 30 14 an
1607 915 112 21 accession
1729 915 57 21 from
1804 915 64 22 those

1282 939 48 21 who
1345 946 52 20 may
1406 943 42 17 not
1456 940 43 21 feel
1513 940 101 26 justified
1630 947 24 15 or
1672 944 82 18 cannot
1769 948 99 15 conven-

1282 965 70 27 iently
1361 973 44 20 pay
1415 966 39 22 the
1461 966 71 22 whole
1541 970 93 18 amount
1644 971 23 18 at
1676 975 43 14 one
1728 967 83 28 period.

1291 1017 1 6 ,
1309 1002 47 22 The
1375 1002 61 23 work
1454 1002 45 23 will
1515 1003 29 22 be
1559 1003 126 27 completed
1693 1004 24 21 in
1735 1006 13 19 6
1766 1004 104 28 monthly

1282 1028 73 27 parts'.-
1378 1029 48 22 The
1435 1030 61 27 price
1505 1030 27 21 of
1538 1030 55 21 each
1603 1033 50 24 part
1661 1030 45 22 will
1715 1031 35 26 be,

1361 1065 34 22 To
1405 1066 139 21 Subscribers
1762 1066 50 22 lOd.

1362 1093 33 20 To
1405 1092 53 21 Non
1468 1093 139 21 Subscribers
1765 1094 30 21 Is.

1309 1127 47 23 The
1366 1128 48 22 first
1423 1128 45 22 will
1481 1128 28 22 be
1523 1129 75 21 issued
1607 1136 28 14 on
1651 1129 37 21 the
1697 1131 34 19 Ist
1741 1129 25 21 of
1772 1129 96 27 August,

1283 1154 44 22 and
1342 1154 27 22 be
1384 1155 120 22 continued
1520 1155 111 28 regularly
1642 1162 28 15 on
1686 1155 37 22 the
1733 1157 34 20 Ist
1776 1156 25 21 of
1815 1155 56 22 each

1283 1181 84 28 month,
1378 1181 59 22 until
1447 1181 131 28 completed.

1285 1234 217 49 STATIONERY
1532 1235 61 21 FOR
1622 1235 84 27 SALE,
1736 1235 40 21 AT
1804 1235 65 22 THE

1552 1261 154 22 OFFICE:--

1424 1303 136 14 WHOLESALE
1574 1303 46 14 AND
1635 1302 91 15 RETAIL.

1310 1328 56 22 Fine
1375 1329 46 21 laid
1430 1332 56 24 pott,

1310 1355 54 22 Fine
1375 1355 62 22 thick
1447 1363 61 14 wove
1518 1358 79 25 quarto
1606 1358 56 24 post,

1310 1381 62 23 Ditto
1428 1382 56 22 ditto
1517 1386 79 18 octavo
1606 1382 43 27 do.,

1310 1409 116 28 Superfine
1436 1416 62 15 wove
1508 1412 78 25 quarto
1597 1408 56 22 satin
1661 1411 57 25 post,

1310 1435 63 23 Ditto
1429 1436 56 21 ditto
1512 1439 78 18 octavo
1601 1435 62 27 ditto,

1310 1462 63 22 Ditto
1383 1462 49 22 thin
1442 1462 46 22 laid
1496 1465 78 25 quarto
1585 1461 61 28 ditto,

1310 1489 63 23 Ditto
1428 1489 58 22 ditto
1496 1493 77 17 octavo
1583 1488 62 27 ditto,

1310 1516 116 28 Superfine
1439 1516 60 27 large
1513 1516 49 22 thin
1575 1515 51 21 blue
1644 1522 61 15 wove
1720 1517 77 26 quarto
1811 1518 57 24 post,

1285 1543 107 28 stamped,

1311 1570 115 27 Superfine
1436 1569 46 22 laid
1491 1569 106 27 foolscap,

1311 1596 72 27 Large
1394 1597 49 21 thin
1453 1599 78 24 quarto
1540 1599 57 24 post,

1310 1623 59 21 Note
1379 1630 75 21 paper,

1310 1650 81 22 Brown
1400 1657 75 20 paper,
1484 1649 101 28 imperial
1596 1656 55 19 cap.,

1311 1676 48 27 Bag
1368 1677 63 26 ditto,

1312 1703 62 22 Kent
1384 1703 78 27 ditto,*

1311 1729 71 28 Royal
1393 1729 69 28 hand,

1312 1757 98 22 Lumber
1420 1757 62 26 ditto,

1312 1783 55 23 Blue
1378 1784 73 27 demy,

1311 1811 75 27 Demy
1393 1810 98 27 blotting
1496 1816 75 21 paper,

1312 1837 88 22 Double
1408 1844 82 19 crown,

1312 1865 70 21 Small
1391 1863 67 27 hand,

1313 1891 86 26 Crown,

1312 1917 74 23 Blank
1396 1917 70 27 cards,

1313 1944 150 22 Memoranda
1470 1944 77 27 books,

1313 1971 46 21 Pen
1369 1971 96 26 holders,
1476 1971 69 21 wafer
1555 1972 90 24 stamps,
1653 1969 52 21 lead
1713 1968 93 27 pencils,
1818 1968 55 22 slate

1285 1997 61 25 ditto,
1365 1997 67 19 India
1450 1996 87 26 rubber,
1556 1995 86 27 sealing
1660 2002 56 20 wax,
1737 1995 62 21 office
1818 2002 56 20 pen-

1285 2022 86 27 knives,
1382 2022 41 21 &c.
1434 2022 39 20 &c.
1486 2022 40 20 &c.

1524 2075 105 21 LAND.

1284 2109 185 48 WANTED,
1487 2109 99 22 Sections
1601 2109 53 21 with
1665 2109 70 22 Town
1745 2109 78 26 Acres,
1833 2109 41 21 be-

1380 2139 73 18 tween
1477 2136 55 21 Nos.
1554 2137 43 20 200
1620 2136 46 21 and
1687 2137 49 20 300.
1774 2135 100 22 Address

1285 2162 29 22 X.
1325 2162 28 22 Y.
1364 2163 33 27 Z.,
1409 2166 24 18 at
1443 2162 37 22 the
1647 2162 78 23 Office.

1311 2194 65 30 April
1386 2199 20 23 9,
1418 2199 61 19 1840.

1527 2252 104 20 LAND.

1285 2286 176 48 WANTED
1471 2289 23 19 to
1503 2286 115 28 purchase,
1628 2285 141 22 SEVERAL
1778 2286 95 21 TOWN

1381 2313 106 22 ACRES.
1516 2312 68 27 Early
1599 2312 87 23 choices
1700 2312 74 22 would
1783 2313 30 21 be
1823 2320 51 20 pre-

1285 2340 79 21 ferred.
1393 2340 76 28 Apply
1480 2343 21 18 to
1508 2340 45 21 Mr.
1564 2339 90 28 Dudley
1663 2339 100 22 Sinclair.

1287 2394 162 27 T>ICKLES,
1464 2394 88 27 Sauces,
1567 2394 112 26 Mustard,
1693 2393 90 22 Bottled
1799 2394 75 22 Fruits

1286 2415 27 27 X.
1357 2421 46 22 and
1414 2421 124 27 Preserves,
1549 2420 46 22 and
1604 2420 56 23 Pine
1672 2420 90 22 Cheese.

1462 2455 54 21 And
1527 2455 48 26 just
1583 2454 110 27 received,

1410 2490 78 24 30,000
1506 2488 126 22 American
1652 2488 92 21 Cigars.

1499 2522 27 21 T.
1538 2521 33 22 M.
1582 2521 182 22 PARTRIDGE
1772 2521 46 21 and
1825 2521 46 21 CO.

1309 2578 131 20 JOINER
1452 2578 75 19 AND
1538 2576 155 21 CABINET
1706 2575 138 21 MAKER.

1285 2611 93 48 JH.
1393 2610 166 22 JOHNSTON
1573 2610 146 27 respectfully
1726 2609 94 22 informs
1834 2609 38 21 the

1323 2649 11 11 •
1366 2638 86 27 Public,
1468 2637 49 22 that
1524 2637 29 22 he
1562 2637 42 21 has
1613 2636 146 22 commenced
1769 2636 103 22 business

1284 2665 21 21 in
1316 2665 37 21 the
1364 2665 71 22 above
1445 2665 52 26 line,
1514 2667 24 19 at
1546 2664 44 22 No.
1602 2665 18 25 1,
1632 2663 174 28 Clyde-terrace,
1817 2666 57 18 next

1283 2691 69 23 house
1361 2695 24 19 to
1395 2692 38 21 the
1447 2692 56 22 Rev.
1513 2691 46 23 Mr.
1570 2690 138 22 M'Farlane.

1310 2725 22 22 It
1350 2726 45 21 will
1414 2726 28 21 be
1461 2725 37 22 the
1522 2724 38 23 the
1581 2727 105 19 constant
1705 2723 127 22 endeavour
1849 2723 26 21 of

1284 2752 21 21 J.
1315 2752 31 23 H.
1357 2752 30 28 J.,
1402 2752 31 28 by
1444 2752 108 22 attention
1567 2754 24 19 to
1600 2751 110 27 business,
1725 2754 23 17 to
1758 2753 67 19 merit
1833 2750 39 21 the

1282 2782 122 25 patronage
1420 2779 27 22 of
1462 2779 63 22 those
1541 2778 120 26 favouring
1678 2778 47 21 him
1741 2777 54 22 with
1814 2777 59 21 their

1284 2806 82 22 orders.

1309 2840 54 22 Port
1372 2840 130 27 Nicholson,
1513 2840 61 22 June
1585 2840 32 26 13,
1628 2840 62 20 1840.

1285 2895 89 32 rpiHE
1388 2893 228 24 UNDERSIGNED
1627 2893 55 22 offer
1687 2893 35 21 for
1730 2891 56 28 Sale,
1796 2899 30 15 on
1833 2891 39 23 the

1291 2916 28 28 JL
1357 2922 45 22 Lot
1411 2922 71 22 above
1493 2921 46 23 Col.
1550 2920 152 27 Wakefield's,

1308 2965 42 20 300
1359 2963 74 22 dozen
1440 2962 128 28 Hodgson's
1577 2961 49 28 pale
1637 2961 43 27 ale,

1310 2991 28 20 50
1346 2991 51 21 best
1405 2989 139 26 Westphalia
1552 2989 71 24 hams,

1309 3018 41 20 200
1359 3018 63 20 2-cut
1432 3016 78 27 yellow
1521 3015 69 26 deals,

1301 3043 109 26 'Battens,

1309 3069 27 20 30
1346 3069 73 21 dozen
1428 3067 60 28 good
1496 3067 85 28 sherry,

1308 3096 14 20 4
1331 3094 65 23 hhds.
1407 3095 100 28 superior
1517 3093 97 28 Brandy,

1308 3123 28 21 30
1346 3122 65 22 casks
1420 3121 64 27 nails,
1495 3120 107 23 assorted.

1485 3158 25 22 T.
1527 3158 33 21 M.
1576 3156 182 23 PARTRIDGE
1768 3156 46 22 and
1824 3155 47 22 CO.

1472 3192 55 22 Bills
1538 3199 29 14 on
1578 3191 98 28 Sydney.

1275 3235 4 4 •
1310 3227 54 21 Port
1372 3226 131 27 Nicholson,
1514 3226 38 22 Bth
1562 3225 73 28 April,
1647 3226 60 21 1840.

1286 3281 153 27 /CLARET,
1452 3281 25 22 in
1491 3288 62 15 cases
1566 3280 27 21 of
1607 3286 42 15 one
1663 3279 71 21 dozen
1749 3278 62 27 each,
1824 3278 48 27 just

1286 3308 39 22 Vy
1353 3307 86 23 landed
1447 3308 58 22 from
1513 3307 38 22 the

1454 3342 26 21 T.
1496 3341 34 22 M.
1546 3339 183 24 PARTRIDGE
1739 3338 44 21 and
1793 3339 46 20 CO.

1286 3399 69 49 ON
1367 3399 78 22 SALE
1456 3406 12 14 a
1477 3399 60 27 large
1548 3398 103 28 quantity
1660 3396 25 23 of
1691 3395 59 28 good
1759 3395 36 21 Oil
1804 3403 5 19 ;
1825 3394 46 21 also

1361 3426 71 27 cheap
1448 3429 77 24 strong
1540 3425 54 22 cord
1609 3427 96 19 trousers
1719 3422 44 21 and
1774 3421 96 28 jackets,

1285 3453 75 27 prints,
1382 3453 102 26 calicoes,
1508 3452 96 26 hosiery,
1626 3450 47 23 and
1691 3450 75 25 shoes;
1788 3448 82 28 paints,

1285 3479 97 28 vinegar,
1393 3479 46 22 and
1448 3479 55 28 shag
1512 3479 100 21 tobacco.

1627 3509 85 24 JOHN
1725 3507 117 23 PIERCE.

1310 3547 117 21 Britannia
1437 3546 68 22 Hotel
1516 3546 44 21 and
1571 3545 81 21 Stores.

1479 3600 198 22 CHARCOAL.

1287 3635 158 55 MESSRS.
1456 3634 105 23 CLARK
1576 3633 46 22 and
1632 3630 155 24 BATTRASS
1797 3630 44 26 beg
1848 3632 23 18 to

1376 3662 82 21 inform
1473 3661 37 22 the
1527 3660 75 28 public
1611 3659 50 21 that
1675 3657 52 27 they
1737 3657 56 21 have
1811 3663 61 15 corn-

1285 3697 25 14 mi
1329 3688 49 23 -ced
1388 3688 107 22 Charcoal
1506 3686 108 27 Burning,
1626 3685 46 22 and
1680 3684 49 22 that
1742 3683 36 21 the
1795 3683 76 27 public

1285 3723 39 14 cai.
1334 3723 51 14 now
1393 3714 58 23 have
1460 3722 13 14 a
1482 3714 89 27 regular
1579 3712 87 28 supply,
1677 3714 24 18 at
1711 3709 44 22 Mr.
1766 3709 103 26 Pierces,

1284 3742 35 23 the
1327 3742 118 22 Britannia
1452 3742 81 21 Stores.
1561 3739 86 26 Terms,
1655 3739 31 21 2s.
1692 3737 36 22 6d.
1736 3743 38 21 per
1781 3736 88 21 bushel.

1310 3776 59 22 June
1380 3776 33 25 26,
1424 3775 62 21 1840.

1433 3826 159 23 COPYING
1608 3824 112 23 PRESS.

1285 3864 86 52 FOR
1389 3862 85 28 SALE,
1493 3870 15 15 a
1521 3862 81 21 Patent
1614 3859 102 28 Copying
1729 3857 70 27 Press,
1813 3856 61 36 hav-|

1353 3892 40 27 ing
1407 3891 61 22 lever
1484 3895 80 22 power,
1581 3886 53 23 with
1651 3894 14 14 a
1676 3885 62 27 large
1752 3885 78 27 supply
1846 3885 35 23 of,

1276 3923 74 26 >pfcper
1361 3919 46 23 and
1419 3914 39 26 ink
1459 3920 3 8 1
1460 3932 5 6 .
1494 3914 100 30 Enquire
1604 3916 22 19 at
1639 3913 38 22 the
1687 3912 94 23 Gazette
1792 3911 74 22 Office

2074 408 70 21 FOR
2157 409 150 21 SYDNEY.

1931 457 6 14 J
2012 437 92 35 npHE
2118 438 44 21 fine
2175 438 44 21 fast
2230 439 82 27 sailing
2323 439 55 27 ship;

1914 461 92 35 OgjS©
2018 461 29 24 JL
2058 465 42 20 400
2104 467 56 24 tons,
2168 465 48 21 J.S.
2222 465 102 28 Coombs,
2333 467 150 21 commander.

1900 489 160 24 «gsggfc»Has
2070 491 98 27 superior
2178 492 191 21 accommodation
2378 493 35 21 for
2420 493 64 22 cabin

1899 515 46 21 and
1952 519 97 23 steerage
2054 523 140 21 passengers.
2206 521 3 5 '
2218 517 43 22 For
2265 518 84 27 freight
2356 525 24 15 or
2384 525 100 21 passage,

1900 541 67 27 apply
1976 545 22 18 to
2008 541 38 23 the
2056 544 89 26 captain
2154 544 113 22 onboard.
2274 560 3 4 -
2423 560 3 9 ,

1990 596 157 21 WANTED
2160 598 44 20 TO
2219 598 176 21 CHARTER.

1938 636 67 18 wsrfe.
2030 630 17 21 A
2074 629 113 22 VESSEL
2201 630 48 22 able
2260 634 22 18 to
2293 638 64 20 carry
2367 632 68 21 about
2444 633 40 21 100
2503 641 4 3 •

2077 656 68 28 Tons,
2156 660 22 18 to
2187 658 97 26 proceed
2293 661 22 17 to
2326 658 79 24 Queen
2416 658 69 22 Char-

1901 679 166 29 #3ssss3te*lotte
2077 682 77 23 Sound
2162 683 35 21 for
2207 683 58 28 Logs
2275 687 22 19 to
2306 684 179 22 be'deliveredin

1901 709 54 22 Port
1965 709 131 22 Nicholson.

2088 736 27 21 T.
2125 736 32 21 M.
2168 736 181 22 PARTRIDGE
2359 737 45 22 and
2413 737 45 22 CO.

2103 790 68 20 FOR
2185 790 96 25 SALE,

1933 820 170 34 *ggg.rriHE
2129 825 71 18 cutter
2225 821 170 30 HARRIETT,
2424 830 60 16 com-
2505 825 4 4 '

1915 844 91 38 <rigjge^
2020 844 28 24 X
2086 847 66 27 plete,
2164 847 45 22 and
2218 849 68 26 ready
2295 849 36 21 for
2340 853 44 18 sea;
2397 852 4 4 '

2063 880 54 21 ppy
2137 881 12 14 o
2204 887 51 35 ;.:
2261 901 29 21 Ri
2305 889 54 42 j^j
2360 889 53 35 t^
2415 902 41 22 rTi

1926 926 129 26 Thorndon,
2069 926 60 22 June

2074 981 113 20 LOCAL
2202 981 106 21 BANK.

1903 1012 90 48 THE
2011 1012 212 23 PROVISIONAL
2244 1014 185 23 COMMITTEE
2446 1023 40 14 an-

1976 1046 87 15 nounce
2079 1037 50 24 'that
2144 1040 43 21 this
2203 1040 64 22 Bank
2284 1041 42 22 will
2342 1042 28 21 be
2383 1042 70 27 ready
2463 1046 23 17 to

1900 1071 28 20 go
1937 1065 48 21 into
1995 1066 114 27 operation
2120 1073 23 15 as
2155 1073 55 15 soon
2222 1068 57 21 after
2293 1068 37 21 the
2348 1068 99 28 delivery
2463 1069 26 21 of

1901 1091 37 21 the
1947 1092 68 21 Town
2026 1092 75 22 Lands
2112 1100 23 14 as
2144 1093 101 27 possible.

1929 1118 60 22 June
1999 1120 32 25 19,
2046 1120 62 21 1840.

1888 1168 2 36 |
1966 1172 125 21 PUBLIC
2115 1173 90 20 BALL
2227 1174 76 20 AND
2325 1174 98 21 FETE.

2122 1214 139 15 COMMITTEE.

2047 1239 35 17 Mr.
2093 1240 18 17 J.
2122 1240 99 20 DORSET,

2048 1260 58 21 Major
2117 1261 23 16 D.
2151 1261 17 16 S.
2179 1261 82 19 DURIE,

1888 1286 2 15 i
2047 1280 35 17 Mr.
2094 1282 76 16 JAMES
2181 1282 74 19 WATT,

2048 1301 35 17 Mr.
2095 1302 97 17 GEORGE
2203 1302 85 19 DUPPA,

2047 1322 35 16 Mr.
2094 1323 20 16 F.
2126 1323 21 15 A.
2159 1322 175 20 MOLESWORTH,

2047 1343 35 16 Mr.
2094 1343 98 16 ROBERT
2202 1343 21 16 R.
2235 1344 104 19 STRANG,

1888 1364 2 18 I
2047 1363 35 17 Mr.
2095 1364 98 16 GEORGE
2204 1364 87 19 WHITE,

1888 1383 2 23 I
2048 1383 35 17 Mr.
2095 1385 22 15 R.
2130 1384 119 20 BARRETT,

1888 1399 2 23 I
2047 1404 33 17 Dr.
2091 1405 130 19 JOHNSTON,
2234 1406 55 18 M.D.,

2048 1425 58 21 Major
2117 1426 89 18 BAKER,

2048 1446 35 16 Mr.
2094 1446 64 17 JOHN
2169 1446 77 19 WADE,

2047 1466 35 17 Mr.
2094 1467 107 19 DODERY,

2047 1487 75 21 Captain
2134 1487 128 20 CHAFFERS,

2023 1521 5 5 .
2047 1507 35 17 Mr.
2094 1508 63 16 JOHN
2168 1508 138 17 THOMPSON.

1977 1534 34 17 Mr.
2022 1535 17 16 J.
2052 1535 99 19 DORSET,
2164 1535 91 21 Secretary
2267 1536 35 16 and
2312 1536 101 17 Treasurer-

1927 1562 49 21 The
1993 1562 53 21 Fete
2063 1562 45 22 will
2125 1562 50 21 take
2190 1562 63 27 place
2268 1570 23 14 as
2308 1570 55 15 soon
2378 1564 58 21 after
2453 1563 37 22 the

1902 1589 163 27 appropriation
2076 1590 25 21 of
2108 1589 37 22 the
2152 1589 69 22 Town
2233 1589 101 22 Sections
2345 1597 23 14 as
2379 1590 37 21 the
2425 1590 66 22 Com-

1902 1615 76 22 mittee
1989 1615 123 22 determine
2122 1616 44 21 will
2179 1616 43 21 suit
2237 1616 76 27 public
2329 1616 160 23 convenience.

1929 1642 48 21 The
1994 1642 114 27 following
2121 1642 37 21 list
2174 1642 27 21 of
2216 1642 122 22 diversions
2359 1642 57 23 have
2432 1644 57 21 been

1903 1667 138 22 determined
2050 1676 67 20 upon,
2126 1668 45 22 and
2180 1668 36 22 the
2222 1669 111 22 members
2341 1669 26 22 of
2378 1670 38 21 the
2424 1670 65 21 Com-

1903 1694 76 22 mittee
1990 1697 81 19 named
2081 1703 37 14 are
2126 1699 21 18 to
2156 1696 29 21 be
2195 1694 119 24 addressed
2319 1697 126 26 respecting
2452 1696 37 22 the

1903 1725 174 23 arrangements.

1929 1748 23 21 A
1967 1749 96 21 Rowing
2073 1749 94 27 Match,
2179 1749 122 27 consisting
2311 1748 26 22 of
2348 1748 71 23 whale
2425 1749 64 22 boats

1904 1775 79 21 owned
1992 1775 29 27 by
2032 1775 36 21 the
2079 1775 107 22 residents
2197 1775 25 22 of
2234 1776 52 21 Port
2296 1775 132 22 Nicholson.
2457 1777 34 20 Ist

1904 1802 67 26 prize,
1982 1802 47 21 £20
2036 1809 5 19 ;
2056 1802 53 26 2nd,
2118 1802 46 22 £10
2172 1810 4 18 ;
2192 1802 47 27 3rd,
2247 1802 40 23 £5.
2315 1802 39 22 No
2361 1809 50 15 race
2416 1802 76 23 unless

1904 1827 43 22 five
1957 1828 62 22 boats
2031 1832 61 18 start.
2122 1828 112 23 Entrance
2250 1829 43 26 fee,
2310 1828 34 23 £2
2361 1829 55 22 each
2431 1830 60 21 boat.

1905 1855 54 21 And
1976 1863 14 14 a
2007 1856 96 21 Sailing
2123 1856 92 26 Match,
2235 1856 32 27 by
2285 1856 63 21 boats
2364 1856 80 21 owned
2460 1856 31 26 by

1904 1882 114 21 residents.
2047 1884 35 19 Ist
2090 1882 67 28 prize,
2166 1882 58 28 £10;
2240 1882 52 26 2nd,
2301 1880 41 24 £6.
2370 1882 121 27 Entrance,

1905 1907 31 22 £l
1942 1916 6 18 ;
1950 1921 30 3 —
1981 1908 122 28 managing
2112 1908 105 28 member,
2230 1909 63 27 Capt.
2304 1908 105 23 Chaffers.

1931 1936 22 20 A
1962 1935 75 22 Canoe
2046 1936 71 26 Race,
2125 1936 29 27 by
2160 1935 100 27 Natives,
2268 1936 47 21 £10
2324 1939 22 18 to
2353 1935 27 22 be
2389 1935 104 22 awarded

1905 1968 23 14 as
1949 1969 14 14 a
1980 1962 66 27 prize,
2066 1962 46 22 and
2131 1969 12 14 a
2160 1962 60 21 War
2238 1962 82 22 Dance
2331 1970 5 19 ;;
2338 1974 31 5 —
2370 1962 122 27 managing

2021 1989 45 20 Mr.
2078 1989 27 20 R.
2117 1989 94 20 Barrett.
2391 1995 4 4 •
2415 1990 27 5 ~~-~
2442 1991 37 11 ~-«
2479 1997 36 7 —

1932 2015 23 20 A
1965 2014 98 21 Hurdle
2078 2015 71 21 Race.
2179 2016 34 19 Ist
2229 2015 72 26 horse,
2319 2014 47 22 £15
2374 2023 5 19 ;
2404 2014 47 21 2nd
2468 2017 23 19 to

1906 2047 52 15 save
1967 2041 34 21 his
2011 2041 80 21 stakes.
2120 2041 112 22 Entrance
2241 2042 43 26 fee,
2301 2041 33 22 £3
2347 2041 55 22 each
2418 2041 73 21 horse.

1906 2067 70 22 Three
1987 2067 74 21 horses
2070 2071 23 18 to
2109 2070 60 24 start,
2187 2074 25 14 or
2227 2075 29 14 no
2274 2075 50 14 race
2331 2075 5 20 ;
2338 2079 31 5 —
2369 2068 123 26 managing

1906 2094 105 27 member,
2023 2095 44 21 Mr.
2079 2094 76 22 James
2166 2093 66 23 Watt.

1932 2121 23 21 A
1965 2121 71 21 Rifle
2046 2121 94 21 Match.
2168 2121 35 21 Ist
2211 2121 67 27 prize,
2288 2121 53 27 £25,
2350 2123 23 20 to
2382 2120 109 29 purchase

1907 2154 12 14 a
1927 2147 49 21 rifle
1984 2156 5 18 ;
2004 2147 52 27 2nd,
2067 2147 55 27 £10,
2133 2151 21 18 to
2164 2147 108 27 purchase
2282 2154 14 14 a
2308 2147 93 28 fowling
2415 2148 62 27 piece
2485 2155 6 19 ;

1905 2174 47 27 3rd,
1963 2174 38 27 £5,
2013 2177 24 18 to
2042 2174 107 27 purchase
2157 2181 14 14 a
2175 2174 66 22 brace
2249 2174 26 22 of
2280 2174 84 27 pistols.
2378 2174 114 22 Entrance

1906 2200 41 27 fee,
1959 2201 31 21 £1
1998 2209 6 19 ;
2006 2213 31 3 —
2038 2201 120 26 managing
2169 2201 119 26 members,
2303 2201 91 22 Messrs,
2409 2201 85 21 Moles-

1906 2227 70 21 worth
1987 2227 43 22 and
2039 2227 90 28 Duppa.

1933 2254 141 22 Wrestling
2089 2255 92 25 Match,
2201 2254 115 22 Climbing
2332 2254 81 27 Poles,
2431 2254 62 22 Foot

1907 2280 81 27 Races,
2011 2281 40 21 &c.
2088 2281 47 21 £20
2153 2281 102 21 awarded
2276 2281 35 21 for
2329 2280 37 23 the
2385 2288 75 20 same;
2461 2293 32 4 —

1906 2307 121 28 managing
2054 2308 116 26 members,
2200 2307 90 22 Messrs.
2324 2307 93 28 Dodery
2448 2307 45 22 and

1907 2334 92 22 Barrett.

2114 2360 62 22 THE
2190 2360 89 22 BALL.

1933 2387 61 22 Each
2003 2387 125 23 subscriber
2133 2387 29 23 .of
2173 2387 33 21 £2
2215 2387 19 22 is
2244 2386 94 23 allowed
2344 2389 22 19 to
2373 2387 118 23 introduce

1907 2413 36 22 the
1962 2413 68 22 ladies
2055 2414 26 22 of
2105 2414 35 21 his
2162 2414 174 27 acquaintance;
2338 2425 30 5 —
2369 2414 122 27 managing

1906 2441 116 26 members,
2034 2441 74 28 Major
2115 2440 72 22 Baker
2197 2440 44 22 and
2249 2440 92 22 Messrs:
2353 2440 82 22 Dorset
2444 2441 46 21 and

1906 2467 28 22 R.
1945 2469 87 25 Strang.

1933 2494 40 22 All
1977 2494 110 22 members
2093 2493 26 22 of
2126 2493 35 22 the
2169 2493 133 23 Committee
2308 2500 38 15 are
2353 2493 139 28 empowered

1893 2543 3 5 ,
1905 2524 22 18 to
1937 2521 86 22 receive
2034 2521 165 26 subscriptions.

2075 2573 70 22 OIL!
2161 2574 69 21 OIL!
2246 2574 71 22 OIL!

1904 2608 224 49 WELSDON
2142 2607 94 22 informs
2250 2608 36 21 his
2301 2608 86 22 friends
2399 2608 46 22 and
2454 2607 37 22 the

1978 2646 10 11 •
2017 2634 75 28 public
2107 2634 47 21 that
2171 2634 28 21 he
2213 2634 40 22 has
2265 2642 14 14 a
2293 2635 62 27 large
2371 2635 80 27 supply
2468 2634 27 22 of

1905 2662 80 22 Whale
1995 2662 42 26 Oil,
2051 2669 28 14 on
2089 2668 53 20 very
2152 2661 115 22 moderate
2274 2665 76 18 terms.

1931 2690 60 21 June
2001 2690 33 25 13,
2046 2689 60 21 1840.

2002 2743 120 21 SHOES!
2138 2743 118 21 SHOES!
2274 2744 117 20 SHOES!

1905 2777 92 48 JUST
2002 2776 110 27 received,
2121 2784 27 13 ex
2157 2775 38 22 the
2323 2783 13 14 a
2343 2775 61 29 large
2413 2778 80 20 assort-

1968 2806 62 19 ment
2039 2803 25 21 of
2071 2804 65 21 boots
2145 2803 44 21 and
2200 2802 70 22 shoes.

2213 2829 146 22 WILLIAM
2369 2829 93 22 LYON.

1931 2858 55 21 East
1994 2857 44 22 end
2049 2857 25 21 of
2081 2857 37 21 the
2129 2857 133 27 Company's
2272 2856 155 27 Warehouses,

1959 2884 59 22 June
2027 2885 34 26 27,
2073 2885 61 20 1840.

2066 2938 105 21 RIFLE
2194 2937 135 22 MATCH.

1906 2972 89 49 THE
2009 2971 159 27 Undersigned
2179 2970 40 22 has
2234 2978 29 14 on
2277 2970 56 26 Sale,
2345 2973 23 19 at
2376 2970 35 22 his
2420 2970 69 27 Store,

1979 2998 62 22 three
2052 3005 55 20 very
2116 2998 98 27 superior
2228 2997 116 22 RIFLES.

2319 3022 35 22 W.
2371 3022 92 23 LYON.
2495 3043 4 3 .

1905 3069 158 49 BUTTER,
2080 3069 26 21 in
2122 3067 84 27 firkins,
2221 3067 36 22 for
2274 3067 49 22 Sale
2338 3066 30 28 by
2383 3066 38 22 the
2437 3066 55 22 Sub-

1981 3096 101 22 scribers.
2411 3092 8 5 '
2455 3101 3 4 ■

2065 3122 26 22 T.
2111 3121 30 21 M.
2159 3119 184 23 PARTRIDGE
2357 3119 46 22 and
2417 3119 45 23 CO.

2013 3168 69 21 THE
2098 3166 94 21 PUNT
2453 3150 8 15 T
2462 3149 28 5 ~~

1904 3195 128 50 BEING
2041 3201 51 14 now
2103 3192 114 27 complete,
2234 3192 18 21 is
2266 3191 72 27 ready-
2347 3191 33 21 for
2395 3197 96 20 engage-

1981 3226 62 17 ment
2057 3220 35 22 for
2109 3219 36 22 the
2169 3225 140 21 conveyance
2329 3217 25 22 of
2372 3217 75 22 Goods
2466 3215 36 23 or'

1903 3250 90 21 Timber
2002 3249 101 21 between
2117 3245 127 27 Thorndon,
2261 3244 121 26 Britannia,
2398 3243 45 22 and
2452 3243 37 22 the

1905 3276 68 22 River
1983 3275 64 22 Hutt.
2481 3269 4 6 '

1932 3302 83 23 Should
2034 3300 112 23 sufficient
2160 3299 81 26 freight
2261 3298 59 26 offer,
2338 3297 38 22 she
2392 3296 44 22 will
2451 3296 39 27 ply

1905 3331 65 20 twice
1981 3337 13 13 a
2004 3327 61 23 week
2075 3328 102 20 between
2183 3325 123 22 Thorndon
2317 3323 44 22 and
2369 3324 124 22 Britaniiia.

1933 3355 75 29 Apply
2018 3359 23 17 to
2053 3354 44 22 Mr.
2107 3353 34 21 W.
2150 3352 92 27 Harvie,
2252 3350 135 23 Caledonian
2394 3349 96 27 Tavern,

1904 3391 12 13 °
1917 3390 12 15 r
1938 3387 23 18 tO
2282 3405 23 21 C.
2321 3403 20 23 J.
2352 3402 110 30 ,STONE.
2475 3420 4 4 .

1931 3434 123 26 Britannia,
2065 3434 56 27 July
2131 3435 32 20 11.

1992 3478 208 22 ARCHIBALD
2214 3474 188 24 ANDERSON

1903 3506 107 50 BEGS
2032 3510 21 16 to
2072 3506 82 20 inform
2174 3504 36 21 the
2228 3502 82 28 public,
2338 3500 46 21 that
2402 3500 28 21 he
2449 3500 41 20 has

1981 3532 87 27 opened
2077 3539 14 14 a
2101 3532 61 21 Store
2173 3528 158 26 atTliorndon,
2341 3533 27 15 on
2378 3525 38 22 the

1903 3561 45 21 end
1958 3560 25 22 of
1994 3559 37 22 the
2041 3558 83 26 Beach,
2142 3556 71 22 where
2229 3556 29 21 he
2274 3554 44 22 will
2334 3553 82 27 always
2432 3552 57 22 have

1903 3594 29 16 on
1943 3584 64 25 hand'
2013 3594 13 14 a
2035 3585 80 28 supply
2131 3584 24 21 of
2167 3583 37 21 the
2220 3581 113 25 following
2347 3579 95 27 articles,
2460 3586 30 15 on
2512 3593 3 11 ,

1903 3615 45 21 sale
1959 3618 22 18 at
1989 3613 114 22 moderate
2113 3611 77 27 prices.

1931 3641 99 22 Jackets
2041 3639 46 21 and
2096 3638 129 24 Trowsers,
2240 3636 25 21 in
2282 3633 113 27 corderoy,
2411 3633 79 22 bever-

1903 3671 59 23 teen,
1973 3666 44 23 and
2028 3665 66 22 duck.
2281 3677 3 4 •

1930 3695 121 24 Shirting,
2076 3692 25 21 in
2125 3690 43 22 fine
2194 3690 85 25 regatta
2303 3686 112 26 coloured,
2422 3685 66 28 _blue

1903 3721 85 26 stripes,
1999 3718 46 22 and
2055 3715 140 24 unbleached
2206 3718 82 19 cotton.

1931 3747 137 23 Groceries,
2088 3747 23 18 at
2126 3742 101 23 different
2241 3740 85 28 prices;
2348 3742 42 24 tea,
2412 3740 103 38 coffe^B

1902 3773 105 25 mustard,
2018 3778 90 21 pepper,
2119 3768 44 23 and
2172 3768 51 21 rice.
2394 3767 3 5 '
2436 3787 7 7 r
2449 3765 66 36 -^H

1929 3800 80 20 Wines
2020 3797 45 22 and
2075 3798 95 24 Spirits,
2182 3794 26 22 of
2218 3794 118 21 wholesale
2346 3794 92 26 quality.

1929 3826 56 22 Oils
1995 3824 45 23 and
2049 3824 67 22 Lamp
2126 3822 74 21 Wick.
2421 3840 3 4 .
2443 3817 72 37 j^H

1929 3853 134 21 Hardware
2074 3849 47 23 and
2130 3849 113 25 Cutlery,
2255 3847 26 22 of
2291 3847 30 21 all
2329 3847 75 26 kinds,
2412 3847 103 39 and^H

1901 3879 100 27 superior
2009 3877 92 29 quality.
2349 3882 81 6 --..-.

1929 3904 127 27 Thorndon,
2068 3903 54 28 July
2131 3904 19 26 8,
2162 3902 59 21 1840.
2333 3920 5 3 .
2362 3920 5 3 .
2377 3920 5 3 .
2396 3899 119 45 .^^M
