2500 3930
214 185 98 31 passing
312 183 83 27 -rush,
414 183 58 22 and*
479 181 136 24 hear^liiß*-

78 230 87 25 frantic
176 228 83 25 cheers
270 227 61 24 from
343 226 41 24 the
396 224 107 25 crowded
520 223 75 31 grand

81 274 77 26 stand,
172 280 26 16 as
215 280 15 16 a
246 277 52 17 rose
315 270 46 24 and
378 268 55 30 gold
448 267 76 30 jersey
543 275 56 21 goes

81 316 86 30 sailing
185 316 24 22 m
227 313 88 25 behind
336 312 38 24 his
392 314 135 28 opponents
542 310 54 31 goal

80 360 74 30 posts.
189 357 51 24 The
258 364 69 16 scene
354 355 66 24 fades
449 362 71 23 away,
551 353 47 23 and

80 401 102 25 another
191 400 67 25 takes
269 400 32 23 its
312 399 79 31 placer,
404 398 19 24 it
434 398 21 23 is
469 398 44 29 ,the
532 404 65 21 Rape

80 445 99 32 ground,
198 445 44 24 but
254 443 63 24 what
329 450 39 16 are
378 442 68 23 those
463 441 91 24 fellows
571 440 24 23 m

62 502 9 13 ,i
79 487 104 25 flannels
193 486 96 30 kicking
297 492 36 23 up'
341 484 33 24 all
382 484 41 24 the
440 491 48 16 row
505 482 91 24 about?

57 546 1 7 >
80 531 68 31 They
379 527 63 24 their
459 526 94 31 ciptain
571 526 25 23 to

80 573 42 25 the
133 573 110 31 pavilion,
256 572 30 23 he
301 571 45 24 has
356 571 51 31 just
418 578 46 15 run
475 569 39 24 his
531 576 66 17 score

80 617 52 24 into
144 616 67 24 three
222 616 88 30 figures
322 614 47 24 and
385 613 81 31 pulled
484 620 13 16 a
514 611 83 24 match

80 661 42 22 out
134 659 26 24 of
169 654 44 30 tliei
221 658 52 24 fire.
307 656 77 24 There
395 656 47 24 will
454 655 30 24 be
496 663 14 16 a
521 654 76 31 grand

78 702 87 24 dinner
175 701 25 25 m
217 701 41 24 the
276 699 67 25 View
359 698 52 24 Hill
438 698 74 24 Town
538 687 59 34 Hal*

78 744 104 29 tonight,
192 744 48 22 and
252 743 40 22 the
306 741 93 23 visitors
409 741 47 22 will
465 741 78 29 praise
555 740 41 22 the

57 781 3 25 '.'
78 785 93 32 ground
183 785 47 25 and
247 784 41 25 the
304 783 78 31 lovely
397 781 68 32 park,
495 782 48 24 and
570 783 25 22 m

78 828 67 31 reply
172 828 41 24 the
240 827 67 24 View
340 825 53 24 Hill
418 826 96 30 captain
546 824 50 24 will

79 871 107 31 enlogize
204 870 41 25 the
261 869 96 25 visitors
384 869 63 31 play,
479 867 48 24 and
555 867 41 24 tell

79 916 53 24 how
145 915 31 25 he
187 914 102 25 believes
300 913 39 23 his
354 910 243 33 great-grand-father

72 958 94 32 ■helped
178 960 24 22 to
214 957 68 32 plant
299 956 41 24 the
367 954 67 33 park,
461 954 47 24 and
537 954 60 23 then

79 1001 106 31 possibly
197 1001 56 31 they
265 999 48 25 will
325 999 70 23 drink
407 1001 25 21 to
444 1005 43 16 our
503 997 93 30 depart-

80 1040 27 23 ed
115 1039 99 28 [shades,
230 1037 48 24 and
286 1037 69 30 .sing.
451 1035 58 29 they,
535 1041 61 16 were
601 1032 3 14 :

77 1070 62 38 jolly
148 1073 64 34 good'
218 1075 97 25 fellows.
319 1073 55 12 "'
409 1071 17 36 \

219 1115 82 25 there!
330 1121 36 17 we
393 1120 68 16 came
487 1111 58 24 h^re
572 1112 25 22 to

79 1161 70 31 plant
157 1162 70 25 trees,
239 1159 43 23 not
291 1159 25 22 to
327 1156 55 29 loaf,
392 1155 40 25 old
441 1162 60 16 man
543 1161 54 23 says

80 1199 41 28 the
132 1201 66 24 voice
209 1200 26 25 of
245 1207 40 23 my
294 1199 72 26 mate,
377 1195 48 26 and
435 1195 14 24 I
460 1202 67 17 come
534 1193 69 26 back,

78 1241 63 25 from
153 1241 41 24 the
202 1240 80 24 future
292 1240 24 22 to
328 1237 41 25 the
379 1236 105 31 present,
497 1234 48 24 and
561 1241 35 16 we

78 1279 67 24 work
157 1286 31 17 on
200 1277 58 25 with
275 1284 15 16 a
289 1277 3 7 1
300 1275 66 31 right
379 1274 61 31 good
451 1272 55 28 will,
524 1272 63 23 until

79 1317 41 25 old
138 1317 49 28 Sol,
205 1315 55 24 who
275 1314 46 23 has
337 1312 61 24 been
415 1310 118 31 shedding
559 1309 39 23 his

79 1356 113 24 warmest
209 1353 81 25 smiles
308 1359 30 16 on
355 1359 28 15 us
401 1349 32 25 all
458 1349 54 30 day,
531 1347 66 24 sinks

80 1394 70 24 down
166 1391 91 25 behind
283 1388 43 25 the
359 1395 81 23 snowy
468 1387 89 30 slopes,
574 1385 25 24 of

80 1433 87 24 Mount
190 1431 123 27 Todesse;
331 1427 60 26 then
407 1434 35 17 we
472 1424 66 26 wend
554 1430 47 18 cur-

78 1477 51 23 way
154 1467 158 26 homewards,
336 1463 149 26 satisfaction
503 1462 94 24 written

79 1516 32 16 on
123 1515 70 23 every
207 1507 59 26 face,
285 1504 47 24 and
348 1503 55 24 well
419 1509 55 23 may
492 1509 34 15 we
552 1499 45 25 feel

79 1547 114 28 satisfied,
211 1546 37 24 for
278 1544 88 31 during
392 1542 38 24 th«
451 1541 45 32 day
513 1539 84 32 nearly

80 1587 45 24 800
143 1587 62 24 trees
221 1585 63 24 have
302 1583 61 25 been
379 1580 107 33 planted.
495 1604 2 7 ,
520 1578 77 25 There

78 1627 57 29 they
152 1626 49 23 will
225 1623 71 24 stand
323 1623 37 22 for
386 1620 152 31 generations
568 1620 24 21 to

79 1671 76 20 come,
165 1670 14 18 a
188 1662 143 24 monument
340 1662 25 22 to
378 1660 40 23 the
430 1658 111 33 industry
550 1656 48 24 and

80 1710 28 16 en
112 1709 55 23 ergy
179 1700 26 24 of
213 1699 43 25 the
266 1698 83 31 people
360 1697 26 24 of
395 1693 63 27 View
472 1695 61 24 Hill.

82 1808 97 25 WEST
197 1806 135 26 OXFOED
346 1803 129 26 SCHOOL
492 1794 109 32 EXAM-'

268 1841 73 27 INATION.

81 1927 52 25 The
144 1926 124 32 following
276 1933 40 17 are
327 1924 42 25 the
379 1924 91 23 results
480 1930 5 16 :
487 1937 33 3 —

112 1970 121 24 Standard
244 1970 43 23 VI.
322 1969 29 22 L.
364 1967 94 27 Ancall,
471 1966 27 23 T.
522 1966 77 26 Dorn,

79 2014 127 27 W/Dorn,
204 2008 3 9 !
225 2012 30 25 G.
279 2010 147 28 Grimwooa,
449 2009 33 26 H.
506 2008 93 28 Marsh,

57 2053 55 35 ;'Hi
124 2057 125 28 Prvdhard,
261 2051 125 34 BJGreig;
400 2053 28 24 L.
451 2053 114 33 Comyn^.

71 2118 14 5 
111 2100 121 26 Standard
244 2099 41 24 V..
310 2098 28 24 P.
350 2097 97 28 Brown,
466 2096 29 23 A.
498 2113 3 13 :
518 2095 79 24 Hard-

61 2147 2 15 ;
78 2145 51 30 ing,
141 2144 50 24 W^
200 2142 187 30 Wotherspodn,
400 2140 30 24 E.
444 2140 106 27 Beavan,
567 2139 39 24 L.-

78 2174 414 44 Eley^iPl^dwies^.^eeM-
505 2182 95 29 Marsh,:

78 2231 30 24 E.
316 2250 2 4 ,
332 2238 9 19 ;,/
379 2249 12 4 
418 2245 28 13 }]U
452 2239 15 20 _\
492 2238 8 21 /
503 2255 5 5 t
569 2248 4 3 .
597 2231 3 21 '.

112 2273 121 23 Siaudard
241 2272 43 23 IV.
315 2271 29 22 G.
356 2271 104 25 Cleaver,
469 2269 29 23 B.
508 2269 89 27 Ci'ONve,

78 2316 39 24 W.
131 2316 116 31 Comyns,
259 2314 40 24 Er
313 2312 94 28 Fisher,
429 2312 23 24 J.
469 2311 128 31 -Whiting,

78 2360 25 24 J.
118 2359 90 35 Smith,
221 2359 31 23 E.
272 2358 67 28 Free,
364 2356 30 29 E,.
418 2355 130 32 Hartlond,
568 2354 29 25 A.

77 2396 106 38 Paget./
231 2394 68 40 '■■...,''
366 2398 3 17 :
409 2396 3 6 '
437 2399 3 3 '
457 2424 12 12 j
509 2401 36 36 J-

112 2445 123 28 Standard
245 2445 60 30 111,.
329 2443 31 24 E.
373 2441 88 30 Blank,
474 2441 31 25 E.
519 2441 79 25 Grim-

76 2490 76 29 wood,
165 2489 24 28 J,
199 2489 125 29 Hennesy,
334 2486 30 24 E.
374 2485 82 28 Jonss,
468 2485 30 24 G.
511 2485 87 27 Munn,

73 2533 32 24 •F.
117 2531 177 30 Pablecheque,
306 2529 31 24 E.
350 2528 116 26 Eossiter,
477 2526 125 28 S..Sinith'

75 2577 31 22 E.
120 2573 171 28 Gleaver,--:-F.:
304 2572 76 25 Dorn,
405 2570 26 23 C.
454 2570 84 27 Jones,
553 2581 3 12 i
568 2569 39 22 E;-

57 2619 103 30 -P&get.
173 2617 60 19 ■'•■''■■'•:
265 2622 1 5 '
331 2619 19 5 '"
366 2626 2 3 •
418 2622 3 5 '
457 2617 11 11 ''
483 2615 25 12 "''■
554 2634 3 3 •
589 2624 18 14 •:■

56 2661 2 13 ;
84 2653 149 34 i'^kridafd
244 2659 36 24 II;
314 2657 38 24 Wl
358 2655 2 3 '
367 2656 94 29 Ancall,
465 2658 3 12 :
473 2657 4 6 !
482 2656 37 27 WV-

62 2704 3 9 '
75 2713 56 20 van,
137 2700 5 12 J
145 2704 30 24 E.
190 2699 147 29 Gi-iinwood,
350 2699 33 25 EV
402 2696 151 32 Griinwo'da,'
572 2699 26 24 C.

70 2737 142 38 'Hartlanii)'
221 2745 55 25 3.3.
288 2743 131 31 Harbidge,
429 2742 38 25 W.
477 2738 125 34 jvnoyvles,:

76 2782 185 35 H.'Marsh.E.
274 2787 100 26 Nelson.
392 2786 31 26 V.
446 2777 99 38 Neison,
566 2786 32 24 E.

75 2833 102 27 Nfelgon,'
188 2832 31 23 G.
233 2829 124 29 Priohard,
371 2827 30 27 G.
415 2851 3 7 ;
422 2827 131 30 Epssifcter,.
574 2827 23 25 J.

56 2897 2 3 .
77 2876 123 26 Sheehnn,
222 2874 42 25 AY.
284 2872 120 31 Whiting,
414 2864 183 38 'A^.W.hiting,

63 2920 47 24 -H.
123 2920 173 27 ZJinimerman,
310 2916 30 23 E.
355 2916 94 26 Brown,
459 2928 12 14 ;,
471 2934 3 8 ;
473 2914 26 28 Q.
524 2914 73 27 Qock-

75 2963 71 28 burn,
159 2961 36 24 M.
209 2961 89 27 Crowe,
306 2958 122 31 I^Eley.
451 2958 29 24 A.
504 2958 98 28 Fisher,'

77 3007 35 24 M.
135 3006 84 27 Jones,
240 3003 28 25 A.
292 3002 90 31 Lugar,
415 3001 22 25 E
471 3001 65 28 Nell,
562 3001 40 33 C;

56 3070 2 2 .
77 3048 125 28 Prichard,
216 3047 28 24 A.
257 3046 175 31 Pablecheque,
454 3045 29 25 A.
508 3045 89 29 Smith,

78 3093 29 24 A.
120 3092 157 30 Youngman,
293 3114 9 5 .
308 3113 23 5 ....
353 3114 6 4 ..
385 3113 18 5 ....
425 3114 3 3 .
446 3112 32 7 .....

113 3135 124 26 Standard
252 3135 21 24 I.
270 3148 6 15 :
286 3142 6 13 .;
308 3134 28 24 o.
339 3133 110 30 vßrow^,,
458 3133 28 24 F.
491 3132 8 18 ::
510 3130 88 31 Blank;

57 3203 8 8 v>
75 3177 250 33 .G,,D,oii?,F.Eley,
337 3175 105 29 L.Nell,
461 3175 30 25 G.
514 3175 85 31 Pag&t,

61 3221 200 30 ;.H,Sjnith,rJ.-
270 3219 90 28 Smith,
373 3219 28 24 A.
416 3219 135 24 Cockburn.
565 3219 34 24 M.

78 3264 187 34 Grimwopd.t'L.
273 3262 331 32 .Grimw.podrN-.^Sheeban,.

221 3301 214 37 An'-Whiting!-'---
447 3314 9 11 -*
459 3313 2 3 1
464 3306 16 17 '"
481 3308 6 15 5
489 3318 10 5 -'
504 3302 12 18 1
520 3306 33 19 *"'

145 3420 87 24 EAST
245 3419 138 25 OXFORD
397 3409 75 35 SCHOOL.

80 3497 98 23 Annual
189 3496 183 29 Examination,
385 3496 59 31 Sept
452 3497 38 23 14.
501 3496 47 23 and
561 3497 38 23 10.

78 3539 58 31 Thfej
140 3540 130 32 following:
275 3539 109 25 children
400 3539 87 31 passed
497 3546 39 17 \~
602 3555 1 3 ■

82 3583 121 26 Standard
219 3584 44 25 VI.
331 3583 37 24 W.
392 3582 92 29 House,
502 3582 29 24 L.
545 3584 3 3 '
560 3582 43 24 In/

79 3628 81 24 grain,-
167 3622 29 24 F.
204 3622 137 27 -Pachnatz-,
353 3621 30 23 E:
393 3620 113 31 EydefJ.
521 3619 78 24 Wool-

78 3657 90 33 dridge,
197 3660 73 24 Ellen
275 3678 7 5 ,
294 3658 93 30 Dench,
389 3675 3 11 t
411 3657 80 25 Annie
513 3657 86 29 Elliot,

78 3695 65 26 Dora
154 3697 129 29 Hitchcox,
297 3696 72 25 Eosie
379 3694 89 26 Peti'ie.

111 3737 121 28 Standard
243 3739 30 26 V.
309 3739 23 25 J.
346 3738 58 30 Gill,
425 3739 29 24 T.
477 3738 119 30 Pendray,

77 3775 33 25 H.
122 3777 94 31 Parish,
229 3778 28 25 F.
270 3777 94 30 Parish,
388 3777 28 24 F.
440 3777 54 29 Eoi,
518 3777 79 23 Edith

78 3813 75 31 Scott,
174 3816 55 25 Eva
251 3816 103 32 Sharpe,
389 3815 66 25 Alice
492 3814 104 32 Wright,

75 3850 99 27 Mhaain
183 3854 120 26 Wheeler^
399 3876 3 4 .
436 3870 3 6 .
474 3869 2 10 i
493 3872 15 10 ...

686 221 95 30 Brown,
796 223 27 23 T.
837 223 50 23 Fen
889 222 68 29 wick,
975 223 29 23 L.
1029 223 121 29 Mashlan,
1166 225 38 27 .A.

680 261 53 28 Boi,
759 262 26 24 P.
814 261 75 30 Eycle,
925 257 23 29 j.
988 261 120 28 Whseler,
1139 263 62 24 Jane

682 301 96 28 Stubby,
813 301 83 31 Emily
919 301 131 29 ■'Barrows,
1086 301 115 26 Eobokah

680 338 120 29 Burrows,
836 339 78 24 Annie
954 339 121 28 Burrows,
1122 339 80 25 Mabel

680 375 100 31 Doidgo,
794 376 73 24 Ethel
881 376 100 31 Doidgo,
988 376 98 24 -Louisa
1110 376 90 30 Garlic,

679 413 72 24 Ellen
776 414 56 27 Gill,
857 414 83 31 Emily
974 414 92 26 House,
1101 414 100 25 Adeline

680 450 100 30 Savag'ej
794 451 213 29 EthoHlitchcox,;
1013 451 83 30 Emily
1108 452 90 30 Meyer,

755 489 6 3 '
776 488 94 29 Parish,
904 489 69 30 Lucy
984 486 3 3 '
1004 489 87 27 Pefcrie,
1133 489 66 24 Alice

656 548 2 5 .
675 527 88 29 Petrie,
778 528 58 31 May
847 528 113 29 Pearson,
986 527 70 32 Mary
1077 527 120 33 Pendcay,

656 583 2 7 :
676 566 82 31 Agnes
770 567 53 25 R0i.
832 589 22 10 ....
963 588 3 2 .

710 619 122 25 Standard
844 621 47 23 111.
910 620 28 24 F.
947 620 88 28 Blank,
1046 621 34 23 M.
1094 621 103 30 Bourke,

677 656 29 24 R.
720 654 103 32 Cldcas,-
830 658 36 24 W.
879 658 125 29 Feuwicky
1013 658 28 23 F.
1046 654 4 12 ;
1055 658 95 30 -Garlic,
1164 659 33 24 M.

675 694 159 32 Harrington,
851 696 26 23 C.
891 695 92 31 Hsnry,
1008 696 33 23 H.
1065 696 132 30 Hitehcox,

676 734 26 21 C.
716 734 105 30 Hooper,
834 734 28 23 F.
886 734 76 27 Horn,
1049 734 87 30 Major,
1158 734 41 24 Al-

673 769 54 25 bo:*t
740 770 133 30 Pachnatzj
884 771 29 24 B.
926 771 115 28 Pearson,
1059 771 26 24 C.
1098 772 98 29 Powell,

676 807 24 23 •T.
712 807 101 30 Powell,,
818 823 3 11 ;
823 808 29 24 L,
867 808 146 30 Sharpe,H.
1028 809 119 29 Sohmari,
1166 810 31 24 E.

676 846 205 32 Wooldridgß,E.
895 848 146 31 Youngman
1043 867 8 10 r
1064 849 35 23 M.
1113 849 86 32 Candy

674 886 31 24 K.
719 886 134 31 Chapman,
867 887 30 25 A;
900 895 1 9 ;
909 888 96 29 Foster,-
1016 888 22 24 J.
1063 889 133 30 Mehrtens,

656 933 2 8 '
674 924 34 24 M.
740 925 141 30 Mehrtens,-
898 926 63 24 Rosa
977 926 127 31 .Milligan,
1131 927 66 25 Flor-

675 970 58 17 ence
745 962 116 30 Osborne,
872 964 70 24 Alice
951 964 96 29 Powell,
1059 964 26 24 C.
1098 965 99 30 Reeves,

661 1001 78 24 •Alice
763 1002 53 29 Roi,
842 1002 26 25 C.
894 1002 101 32 Savage,
1021 1004 64 30 Amy

672 1039 74 28 ward,
760 1039 93 24 Minnie
865 1039 104 31 Wright,
983 1040 31 23 E.
1039 1040 155 32 Youhgman.

708 1091 122 24 Standard
847 1092 33 24 11.
917 1093 27 23 F.
959 1093 120 28 Burrows,
1093 1090 28 27 F.
1134 1094 63 25 Bax-

656 1125 2 10 :
672 1131 45 27 ter,
732 1130 27 23 F.
772 1129 102 27 Brown,'
890 1130 38 24 W.
942 1126 58 33 Gill,
1022 1131 28 24 A.
1062 1152 3 3 .
1075 1132 120 30 Johrsoa,

658 1196 2 2 .
674 1169 27 23 T.
715 1169 94 32 Lamb,;
816 1170 77 24 J-.Mc
903 1170 128 31 Cuilougb,
1047 1171 35 24 W.
1096 1171 100 26 McCnl-

672 1206 83 31 lough,
790 1208 185 28 A..-Paclmatz,
999 1208 24 24 J.
1047 1209 99 29 Powell,
1166 1210 31 24 G.

656 1246 2 3 1
673 1244 75 31 Rycle,
773 1245 27 23 T.
823 1245 99 28 Stubbs,
929 1256 2 2 ■
948 1246 32 22 1-1.
987 1263 3 3 .
1012 1246 100 31 Savage,
1159 1248 37 24 W.

657 1287 1 4 '
671 1282 156 28 Woodward,'
831 1282 23 25 J.
872 1282 144 30 Woodward,
1030 1284 28 24 A.
1073 1284 121 30 Wheeler,

672 1322 23 23 H
700 1340 5 5 .
727 1321 145 33 Youngmiin
877 1341 5 9 ,
895 1330 3 3 •
914 1322 34 25 M.'
983 1323 142 26 Cederman,
1161 1326 33 28 M.

672 1359 94 28 Dencb,
788 1361 32 22 A.
844 1361 120 28 Johnson,
972 1365 3 3 '
990 1361 35 24 A.:
1035 1376 4 3 •
1043 1362 151 30 Johannsen,

673 1399 33 23 H:
731 1399 82 28 Keats,
832 1400 31 22 L:
870 1403 4 8 ;
887 1400 166 29 Osborn'e,B.
1077 1402 119 32 Pchdray,

673 1437 28 25 C.
715 1437 94 30 ravish,
836 1439 25 24 S.
874 1460 1 2 .
884 1440 96 28 Woods,
1000 1440 24 23 J-
1049 1440 105 35 Whrt:.,

710 1484 119 25 Standard
844 1485 18 24 I.
877 1484 2 4 '
898 1485 32 24 H.
944 1486 88 30 Blank,
1046 1487 29 23 A.
1099 1488 96 30 Brown,

675 1521 22 25 J.
712 1518 90 39 Garlic
827 1523 27 24 P.
868 1520 101 34 Garlic,,
984 1524 28 24 F.
1037 1524 92 30 House,
1165 1526 30 25 G.

674 1561 119 31 Johnson,
815 1562 33 25 H.
858 1587 3 5 :
860 1559 88 35 Limb,
960 1564 32 25 H;
1006 1562 96 35 Hqrris,
1116 1566 24 24 J.
1154 1566 41 25 Me

675 1600 130 31 Cuilougb,
819 1601 28 24 T..
862 1594 128 38 Milligan,'
1004 1603 29 27 P,
1045 1604 96 28 Parish,
1169 1605 26 24 J.

674 1639 119 31 Pendray,
821 1640 29 25 W
863 1640 115 32 Rodgers,
988 1662 6 7 ,
1002 1665 3 3 .
1014 1642 31 24 D.
1058 1643 78 30 Algie,
1153 1644 41 26 ,A.

657 1703 1 3 .
673 1677 104 30 Bourke,
792 1678 33 25 M.
839 1679 134 31 Clnpmari,
983 1680 211 32 M.Harrington,

671 1719 30 24 E.
715 1719 105 32 Harvsy,
842 1719 26 25 C.
882 1719 72 31 King,
985 1721 144 31 H.:P6\vel],
1164 1723 27 24 C.

672 1759 176 30 Sunimerfield,
864 1760 30 25 E.
910 1760 120 31 Sohman;.
1050 1762 29 24 R.
1094 1761 97 34 Whyte.

651 1904 3 7 •
715 1886 72 32 Our
807 1887 148 37 Member,
957 1906 39 5 —
996 1890 57 29 We
1085 1900 110 21 recom-

651 1946 3 3 •
673 1930 89 29 mend
778 1930 50 29 tlis
844 1930 109 29 Cashel
981 1934 92 26 street
1101 1941 94 29 orgai..

675 1972 31 26 to
741 1970 155 38 slaughter
928 1970 52 31 the
1004 1979 2 2 '
1022 1971 104 32 writer
1164 1974 32 29 of

651 2025 2 4 •
701 2010 128 31 Photoes
890 2011 14 29 f
905 2022 64 19 rom
997 2012 65 30 the'
1086 2013 106 31 House

675 2051 139 41 Gallery.'
828 2061 2 3 1
846 2051 48 31 'A."
913 2054 121 37 perusal
1072 2053 31 30 of
1146 2056 49 29 the

660 2092 175 41 'grotesque
835 2095 2 12 1
854 2093 183 39 galimatias,
1068 2096 32 29 of
1141 2107 54 19 our

676 2137 18 11 *'
706 2142 73 21 own.
779 2142 3 8 :
785 2135 130 28 member
964 2135 83 31 leads
1077 2145 55 21 one

675 2171 51 32 the
740 2172 171 33 conclusion
933 2173 68 32 that
1013 2205 3 3 .
1028 2173 37 35 he
1091 2178 103 32 writes

675 2215 45 29 his
736 2216 100 29 screed
843 2217 81 29 'with
940 2227 22 19 a.
972 2217 102 31 mule's

675 2255 30 28 If
719 2256 50 29 the
784 2257 72 38 high
871 2258 125 37 spirited
1007 2258 101 30 Moore
1124 2269 68 21 ever

675 2298 280 30 comes.acrosshim
963 2299 86 29 'after
1063 2299 60 31 this
1147 2311 45 19 we

675 2337 106 29 sliould
792 2337 189 31 recommend
995 2339 61 29 him
1086 2344 31 25 to
1138 2342 57 29 lull

708 2377 70 30 Phiz
792 2380 14 10 ?l
821 2382 30 24 to
867 2380 46 28 his
927 2380 59 28 last
1012 2380 80 39 sleep
1120 2382 72 30 with

653 2446 5 4 .
666 2418 54 30 -his
734 2419 184 40 bell-topper
933 2431 31 25 qr,
994 2431 17 19 a
1023 2451 2 5 ,
1037 2423 157 40 spawling-

673 2460 68 30 ham
747 2471 69 27 pier.
833 2466 4 5 '
851 2492 2 3 ,
873 2460 72 30 This
985 2461 25 29 is
1046 2461 52 32 the
1126 2474 68 30 way

666 2500 141 30 ''""Phiz"
837 2501 103 33 writes,
967 2502 32 29 of
1021 2513 55 19 our
1103 2514 91 19 mem'-

653 2541 3 6 '
674 2542 54 28 ber
738 2541 97 41 -.^-'Mr
845 2541 26 29 R
879 2540 3 6 '
892 2540 110 31 Mobre.
1019 2553 18 17 a
1051 2544 142 33 smallish,

675 2576 187 40 ciark/'Seree
876 2581 191 39 gentleman/
1087 2593 107 28 gener-

675 2621 62 39 ally
751 2622 121 30 dressed
886 2620 33 32 iii
933 2623 96 36 black,
1046 2624 63 29 ancl
1119 2626 75 29 with

675 2662 206 32 considerable
897 2664 74 29 ihair
1014 2665 92 30 about
1117 2669 12 14 ;:
1147 2667 48 30 Ms

653 2711 3 21 :
671 2704 155 33 :head;and
839 2706 65 28 face
907 2717 2 8 1
928 2706 31 28 m
987 2706 107 35 which,
1124 2708 24 28 it
1171 2708 24 29 is

653 2767 3 7 ,
672 2746 157 38 :swspected
831 2769 2 11 :
845 2760 2 3 •
854 2746 46 29 he-
912 2756 20 19 is
938 2745 84 41 leeps.
1047 2774 4 2 .
1066 2747 74 31 This
1155 2751 4 12 :
1169 2748 25 29 is

675 2786 51 28 Mr
746 2786 136 31 iMoore's
910 2787 65 27 first
1002 2787 190 37 Parliament,

653 2827 240 39 ...consequently.
914 2827 38 35 11&
978 2827 66 33 has;-
1056 2833 54 26 not
1134 2828 60 29 had
1214 2848 3 6 .

676 2866 88 31 much
780 2868 194 38 opportunity,
990 2873 51 33 yet
1056 2873 31 24 to
1110 2869 85 30 write
1215 2883 3 9 =

675 2903 47 33 liis
738 2918 86 19 name
837 2918 72 29 very
933 2909 87 38 large:
1038 2918 81 29 upon
1138 2935 3 7 :
1143 2909 53 30 the

676 2948 89 29 sands
791 2947 36 30 of
846 2942 101 35 time!'
970 2949 48 30 He
1046 2950 34 34 is,
1109 2949 17 30 I
1147 2951 48 29 be-

676 2989 85 30 lieve'
767 2999 18 19 a
807 2989 84 39 grain
898 2994 9 9 ■■'
920 2993 27 25 ir
951 2986 108 42 agnate
1087 2991 32 28 m
1147 2991 49 30 the

679 3029 94 30 South
779 3029 4 30 '.
794 3039 3 3 •
826 3030 48 29 He
885 3030 107 40 speaks
1007 3041 18 19 a
1039 3031 75 39 good
1131 3032 66 31 deal

668 3074 2 13 :
677 3071 16 29 d
698 3074 49 27 oe's
760 3069 50 31 Mr
822 3069 113 37 Moore;
951 3072 57 28 arid
1023 3069 118 42 m'ds^ly'
1157 3081 39 21 on
1216 3075 3 19 j

654 3112 247 39 ■.needlepoints,
924 3117 52 24 not
980 3117 3 11 1
1003 3113 62 38 big'
1080 3108 115 35 iMii<*s.

647 3160 2 3 ■
677 3153 61 28 But
752 3153 68 27 that
834 3153 69 38 only
923 3153 100 28 shows*
1049 3154 37 28 he
1089 3160 13 12 i;
1108 3154 31 28 'is
1144 3152 5 20 ]
1165 3154 32 28 m

676 3193 52 33 the
742 3193 129 29 fashion.
891 3199 14 23 ;i
914 3192 38 29 In
966 3203 125 19 manner
1103 3193 45 30 h&
1169 3194 24 30 is

677 3233 184 39 moderately
888 3233 109 38 genial,
1002 3255 18 9 ,.,
1026 3234 69 28 thus
1115 3245 82 19 .con-

678 3275 161 38 tradicting
851 3273 51 29 the
916 3273 158 30 fierceness
1088 3274 32 29 of
1147 3274 45 30 his

678 3315 179 39 expression,
863 3328 14 16 n
902 3313 49 30 Ho
979 3315 63 34 has,
1072 3324 31 20 so
1138 3316 57 35 far,

677 3356 119 28 neither
823 3355 66 29 fads
917 3365 56 18 nor
1014 3356 183 37 grievances,

654 3408 4 2 •
679 3396 58 30 and
752 3396 122 29 accords
903 3398 30 26 to
960 3395 53 29 the
1037 3396 103 30 leade.v
1168 3398 31 29 of
1214 3398 4 12 l

679 3437 51 29 the
741 3436 181 39 .Opposition
934 3448 18 16 a
966 3436 81 39 loyal
1061 3444 134 32 support.

679 3478 56 27 His
751 3480 107 35 strong
872 3479 87 36 point
978 3476 24 28 is
1031 3479 168 28 stonewall-

679 3519 59 37 ing.
781 3518 51 28 He
848 3517 60 30 will
1033 3517 60 31 'the
1107 3518 61 29 fort

650 3560 107 29 .:from
778 3568 90 20 seven
905 3560 32 26 to
974 3560 61 27 ten;
1067 3559 131 30 minutes

680 3599 73 29 with
768 3609 19 18 a
800 3598 155 38 desperate
970 3598 229 31 determination

680 3639 119 39 worthy
814 3639 39 36 ,of
877 3639 40 29 all
945 3639 106 39 praise,
1081 3640 60 29 and
1183 3651 18 18 a

653 3675 2 12 '
679 3680 116 29 modest
818 3680 56 29 but
901 3680 151 37 profound
1081 3681 118 28 convic-
1216 3704 4 2 .

662 3724 3 5 '
679 3720 64 29 tion
772 3718 67 32 that
867 3719 37 31 he
933 3719 53 31 has
1014 3720 92 30 saved
1146 3721 52 29 the

680 3763 136 37 country,
833 3760 48 30 his
908 3764 99 36 party,
1035 3762 61 29 and
1122 3760 77 31 him-

680 3802 67 29 self.
789 3801 70 37 But,
888 3810 38 21 on
955 3801 179 41 completion
1170 3803 32 30 of

680 3843 73 31 such
800 3843 172 31 dare-devil
1027 3844 172 40 enterprise,

1298 186 84 30 there
1397 197 113 19 arrives
1526 197 17 19 a
1571 198 37 18 re-
1620 187 109 35 aoticm,
1759 188 58 28 and

1268 244 7 7 •■
1298 223 49 32 Mr
1362 226 103 30 Moore
1480 238 70 18 weai
1559 239 14 17 s
1588 228 46 28 for
1649 239 80 18 some
1745 230 71 26 time

1296 269 178 28 afterwards
1503 277 38 19 an
1570 268 172 38 expression
1783 279 32 18 so

1295 308 135 40 haggard
1441 310 59 28 and
1511 318 34 20 so
1557 308 85 40 hairy
1655 309 67 29 that
1735 309 17 29 I
1766 320 49 19 am

1294 349 112 38 always
1420 350 155 29 reminded
1591 350 83 29 when
1704 348 17 30 J
1744 350 70 29 look

1293 393 31 25 at
1339 390 62 28 him
1415 391 31 28 of
1470 400 19 19 a
1516 391 112 29 certain
1657 400 156 30 gruesome

1270 437 3 12 ;
1291 430 118 37 picture
1437 431 30 28 of
1494 432 51 27 the
1567 431 74 28 head
1670 432 32 27 of
1733 430 77 28 John

1291 469 51 30 the
1359 469 121 40 Baptist
1490 481 37 19 on
1544 481 17 19 a
1584 472 135 38 charger.
1762 471 47 29 Mr

1290 509 103 31 Moore
1420 512 26 28 is
1475 521 18 19 a
1520 512 119 38 capital,
1682 512 126 35 shrewd,

1290 552 58 34 anfl
1366 552 207 29 business-like
1597 562 109 30 person
1735 563 75 29 very

1291 593 66 28 well
1385 593 80 29 liked
1488 593 37 38 by
1549 593 86 29 those
1662 595 147 28 members

1269 663 3 2 .
1289 633 67 28 who
1368 632 60 29 Lad
1442 634 52 28 the
1509 633 145 39 privilege
1677 633 33 29 of
1717 634 92 29 form-

1288 673 53 38 ing
1383 673 45 30 his
1478 675 224 37 acquaintance.
1746 675 64 28 Not

1288 723 92 27 many
1394 724 27 17 m
1425 714 115 29 embers
1561 715 76 28 have
1662 715 60 27 had
1743 714 67 29 that

1288 762 19 29 p
1312 753 54 29 rivi
1371 752 71 39 leg'e.
1501 754 163 29 Standard.

1350 891 227 31 SALVATION
1620 891 125 31 ARMY.

1286 1011 3 6 ,
1328 981 128 33 General
1495 985 98 29 Booth
1643 985 70 29 asks
1760 985 49 29 for

1287 1025 142 34 £50,000,
1440 1025 59 28 and
1513 1025 49 29 has
1579 1025 183 39 proclaimed
1790 1037 17 17 a

1287 1066 168 29 self-denial
1489 1066 82 28 week
1609 1075 111 29 among
1758 1065 50 30 the

1287 1105 216 31 Salvationists.
1547 1107 47 29 Re
1621 1112 91 24 states
1741 1107 67 29 that

1286 1147 37 29 lie
1347 1148 25 28 is
1400 1147 188 30 determined
1616 1152 31 25 t.o
1675 1148 128 38 proceed

1374 1189 52 28 the
1454 1199 122 19 oversea
1602 1188 118 39 colony,
1749 1188 56 29 and

1286 1229 71 29 does
1371 1235 54 23 not
1438 1230 106 28 intend
1564 1232 33 26 to
1624 1230 61 28 fail.

1327 1269 131 31 General
1472 1270 98 29 Booth
1584 1272 25 28 is
1625 1270 130 30 inclined
1774 1274 31 26 to

1285 1310 110 30 favour
1425 1310 95 30 South
1551 1310 102 30 Africa
1682 1312 45 28 foi
1760 1311 47 29 his

1285 1362 136 19 over-sea
1436 1353 116 37 colony,
1567 1352 54 29 but
1647 1352 50 29 the
1720 1362 85 29 ques-

1284 1393 66 27 tion
1364 1393 60 27 will
1440 1397 53 23 not
1504 1394 37 26 be
1569 1393 155 38 definitely
1748 1393 57 28 de-

1286 1432 85 29 cided
1384 1433 76 28 fora
1483 1432 157 40 fortnight

1316 1520 52 25 The
1397 1520 59 25 War
1481 1520 47 31 Cry
1555 1521 26 24 of
1604 1521 48 24 las!;
1678 1521 65 24 week
1760 1520 45 25 has

1283 1559 101 32 Lngthy
1396 1561 105 23 extracts
1511 1560 63 24 from
1586 1568 32 16 an
1637 1560 84 24 article
1748 1568 57 16 con-

1283 1598 106 25 tributed
1401 1600 30 30 by
1451 1601 40 22 Mr
1511 1600 92 23 Arnold
1616 1600 81 23 White
1718 1602 25 21 to
1764 1600 41 23 the

1310 1638 158 31 Fortnightly
1640 1637 53 24 The
1715 1637 87 29 writer,

1284 1678 24 22 at
1320 1676 42 24 the
1374 1678 95 29 request
1480 1676 27 23 of
1516 1676 36 23 six
1564 1676 148 31 gentlemen,
1732 1675 72 24 made

1283 1724 25 16 so
1313 1716 98 31 .trolling
1443 1716 97 31 inquiry
1573 1715 52 25 into
1656 1715 42 25 the
1730 1715 74 25 social

1282 1757 97 25 scheme
1402 1757 26 23 of
1448 1761 41 20 tue
1511 1755 126 26 Salvation
1657 1755 82 32 Army,
1759 1755 41 25 tho

1281 1796 77 22 result
1371 1795 71 29 being
1452 1794 211 31 overwhelmingly
1673 1794 26 23 m
1718 1794 86 23 favour

1282 1832 24 24 of
1317 1832 41 24 the
1368 1832 74 30 Army
1452 1832 47 23 and
1509 1830 104 25 General
1620 1830 89 25 Booth.
1744 1830 60 25 This

1283 1870 38 25 Mr
1333 1870 82 25 White
1426 1869 96 31 frankly
1550 1871 83 26 states,
1656 1869 94 31 ttiough
1772 1869 32 24 he

1282 1919 50 16 was
1343 1910 114 31 formerly
1470 1909 123 31 distinctly
1602 1909 83 24 biased
1708 1910 95 30 against

1284 1950 40 25 the
1336 1949 170 32 organisation.
1553 1949 51 24 The
1615 1949 84 24 article
1715 1949 88 24 should

1282 1996 30 23 go
1332 1996 14 16 a
1378 1988 58 30 long
1458 1996 51 22 way
1532 1989 25 22 to
1586 1987 89 25 silence
1703 1989 99 29 carping

1282 2028 89 25 critics.

1280 2169 79 27 NEW
1377 2170 187 26 ZEALAND'S
1587 2172 214 24 REPUTATION

1459 2212 41 24 AT
1518 2209 106 27 HOME.

1314 2305 177 29 MrCarnaron,
1503 2306 134 29 merchant,
1649 2305 26 26 of
1684 2305 117 32 Welling-

1282 2345 50 26 ton,
1411 2344 45 24 has
1465 2345 52 30 jusfc
1529 2344 111 25 returned
1651 2345 62 23 from
1722 2352 14 16 a
1746 2344 56 24 visit

1282 2382 25 23 to
1315 2381 122 31 England,
1451 2382 45 24 has
1509 2382 59 24 been
1580 2382 165 24 interviewed.'
1762 2381 40 25 Ho

1282 2421 52 25 said
1342 2422 32 24 he
1382 2421 72 25 fount?
1466 2422 53 24 New
1532 2422 107 25 Zealand
1649 2422 52 24 well
1710 2422 91 31 spoken

1282 2459 26 24 of
1318 2462 24 21 at
1355 2459 87 30 Home,
1456 2460 48 25 and
1515 2460 41 25 the
1568 2462 97 30 general
1677 2460 54 25 idea
1752 2468 49 17 was

1282 2499 54 24 that
1359 2499 41 24 the
1421 2499 185 24 determination
1618 2500 26 24 of
1659 2500 41 24 the
1712 2500 89 24 Gover-

1282 2539 69 22 ment
1363 2540 24 22 to
1399 2538 29 23 do
1451 2539 103 23 without
1577 2539 69 23 loans
1673 2539 22 23 is
1717 2539 85 30 highly

1282 2574 192 25 commendable.
1508 2575 52 25 The
1571 2577 193 23 manufacturers
1775 2577 27 23 m

1284 2613 114 26 Sheffield
1411 2615 48 24 and
1481 2615 171 31 Birmingham
1675 2615 51 26 told
1747 2615 53 25 him

1284 2653 54 25 that
1357 2653 58 32 they
1435 2655 120 30 preferred
1574 2655 56 25 New
1653 2655 107 25 Zealand
1778 2656 26 24 to

1284 2693 138 24 Australian
1435 2693 88 29 orders,
1536 2694 48 24 and
1594 2694 63 24 their
1665 2694 138 25 confidence

1263 2733 46 27 ;.in
1309 2747 2 13 :
1323 2733 56 24 New
1391 2733 107 25 Zealand
1521 2742 49 16 wa3
1587 2735 95 30 greater
1701 2735 61 24 than
1784 2734 20 25 it

1267 2779 65 16 -was
1343 2773 27 21 m
1381 2771 120 25 theother
1514 2772 120 23 Colonies.
1669 2772 52 23 The
1733 2772 70 23 effect

1262 2823 10 13 v
1284 2809 26 24 of
1312 2809 53 28 .the,
1367 2809 124 31 M'Kinley
1503 2810 65 24 tariff
1579 2810 48 24 had
1636 2811 60 23 been
1716 2813 25 21 to
1761 2811 45 23 kill

1263 2868 4 3 .
1284 2849 42 24 the
1338 2849 100 25 interest
1449 2850 25 24 m
1488 2849 41 25 the
1538 2850 105 31 Chicago
1653 2850 151 26 Exhibition.

1268 2908 2 5 ,
1284 2888 40 23 Mr
1335 2888 119 23 Cameron
1466 2887 86 31 speaks
1559 2887 85 32 highly
1656 2888 26 24 of
1699 2888 42 24 tte
1752 2895 54 25 way

1284 2927 27 23 m
1323 2927 79 24 which
1422 2927 39 23 Mr
1488 2927 114 24 Perceval
1624 2927 117 25 conducts
1763 2927 42 25 the

1262 2980 3 5 •
1286 2967 79 30 Agent
1367 2968 7 16 :
1377 2965 126 26 General's
1530 2967 76 24 office.
1661 2967 40 25 He
1731 2967 75 26 found

1286 3005 59 23 New
1355 3005 108 23 Zealand
1479 3004 82 25 butter
1580 3005 107 31 running
1706 3005 55 25 that
1782 3006 27 25 of

1284 3043 70 24 other
1365 3043 122 24 countries
1513 3042 70 28 hard,
1606 3043 48 24 and
1667 3043 48 24 had
1738 3052 68 17 come

1265 3083 45 26 i;to
1322 3081 42 25 the
1376 3081 140 26 conclusion
1538 3081 54 25 that
1613 3081 21 25 it
1652 3081 76 32 ought
1740 3084 25 23 to
1778 3082 28 26 be

1286 3121 88 32 graded
1386 3121 33 25 m.
1425 3121 66 24 three
1503 3121 98 29 classes;
1612 3121 51 25 also
1675 3122 54 24 that
1738 3123 68 24 there

1286 3167 48 16 was
1347 3167 14 16 a
1373 3158 94 24 market
1479 3159 35 24 for
1526 3158 130 30 butterine,
1667 3168 14 16 a
1700 3160 106 26 mixture

1287 3197 26 24 of
1319 3204 59 24 pure
1385 3196 36 25 fat
1430 3197 49 24 and
1487 3197 88 29 butter,
1585 3198 80 24 which
1674 3198 21 25 is
1702 3198 26 25 m
1740 3202 68 29 great

1287 3237 111 24 demand.

1302 3361 4 4 •
1319 3351 52 24 The
1383 3351 90 24 Amuri
1493 3351 96 31 County
1601 3351 102 25 Council
1724 3351 21 24 is
1768 3359 38 17 en-

1286 3388 130 33 deavoring
1428 3391 25 22 to
1464 3390 87 23 induce
1574 3389 42 24 the
1640 3390 113 24 Minister
1772 3391 37 24 for

1277 3426 94 26 'Public
1386 3428 84 24 Works
1482 3431 24 22 to
1518 3429 61 24 have
1593 3429 160 31 unemployed
1764 3432 45 28 put

1286 3476 64 21 upon
1383 3467 95 23 variouT
1509 3469 59 22 road
1602 3469 62 22 lines
1696 3469 25 22 m
1746 3469 64 25 their

1287 3509 105 28 County.
1427 3506 53 25 The
1508 3507 78 25 works
1616 3507 122 26 indicated
1758 3517 51 17 are:

1286 3545 142 24 Formation
1451 3552 32 16 an
1489 3545 10 24 1
1521 3545 129 32 metalling
1672 3547 26 23 of
1727 3547 81 31 Gorge

1286 3582 60 24 road
1357 3582 107 24 batwean
1477 3582 64 24 Glen
1558 3583 70 23 Allen
1651 3584 90 31 Bridge
1763 3585 49 24 and

1287 3620 83 31 Upper
1383 3619 85 25 Waiau
1480 3619 83 32 Ferry;
1588 3622 24 23 to
1633 3622 85 24 reduce
1739 3623 73 30 grade

1276 3660 37 29 of
1319 3660 52 26 .and
1383 3659 78 24 widen
1473 3661 95 30 cutting
1579 3669 31 16 on
1634 3662 42 24 the
1699 3662 113 26 Acheron

1287 3699 58 26 road
1357 3699 80 24 where
1447 3699 117 24 Newman
1574 3704 51 20 met
1636 3700 60 25 with
1706 3710 33 15 an
1751 3703 61 25 acci-

1288 3737 65 29 dent,
1367 3737 48 24 and
1430 3740 44 21 two
1486 3739 70 23 other
1576 3739 116 31 cuttings,
1706 3741 25 24 to
1743 3741 70 25 avoid

1288 3773 109 32 crossing
1417 3773 41 25 the
1482 3775 121 28 Aclu.roa,
1625 3778 45 23 t.-.e
1686 3777 130 27 .Council's

1288 3812 74 25 funds
1375 3813 55 31 only
1454 3812 115 33 allowing
1584 3814 20 24 it
1627 3816 25 23 to
1671 3816 81 31 repair
1774 3817 42 27 the

1289 3851 68 25 main
1369 3850 85 25 inland
1466 3851 58 25 road
1536 3854 24 22 to
1576 3852 139 25 Blenheim:

1902 181 184 57 LOCAL
2122 181 1 57 and
2159 180 262 58 GENERAL

1934 316 132 25 Salvation
2094 316 77 30 Atuiy,
2177 332 29 3 —
2207 317 44 24 We
2283 318 79 29 regret
2396 318 24 23 to

1899 363 62 23 stata
1972 362 55 24 that
2039 362 41 24 the
2091 362 75 31 Army
2177 369 62 17 were
2248 361 123 25 disturbed
2388 361 32 31 by

1899 403 148 26 larrikinis'vn
2080 412 31 16 on
2138 404 98 32 Sunday
2253 403 111 32 evening.
2398 403 26 25 If

1898 450 69 23 t'ueso
1978 458 82 24 young
2067 450 138 31 gentlemen
2215 449 56 31 only
2283 448 69 27 knew
2363 457 56 17 now

1897 504 72 16 nioan
1982 497 47 24 and
2045 496 173 31 contemptible
2234 497 64 23 their
2312 495 105 25 conduct

1898 547 101 23 appears
2010 539 26 24 m
2050 539 41 24 the
2104 547 53 23 eyes
2170 539 26 24 of
2210 538 33 25 all
2255 538 65 32 right
2337 537 83 25 think-

1896 586 44 31 ing
1950 586 91 31 people,
2053 586 94 24 instead
2159 586 26 24 of
2195 586 81 30 trying
2288 586 24 23 to
2323 584 30 25 be
2362 593 57 16 men

1896 638 41 16 ara
1954 630 57 31 only
2028 630 100 31 making
2156 629 146 25 the'nselves
2330 636 89 25 appaar

1897 678 48 23 lika
1957 685 56 23 apes
2024 678 56 30 they
2092 678 80 23 would
2184 678 74 23 desist
2274 677 62 24 from
2354 677 64 24 their

1897 722 150 31 tomfoolery.
2081 720 130 27 Constable
2229 721 146 25 M'Grorman
2395 721 22 25 is

1896 775 15 16 a
1919 768 62 29 good
1992 768 54 23 deal
2058 767 88 24 missed
2157 767 72 28 hera,.
2236 766 127 31 especially
2385 774 32 17 on

1898 812 112 31 Sundays
2022 812 48 24 and
2082 820 35 16 we
2124 812 63 24 have
2198 811 89 31 always
2298 811 119 31 regretted

1895 856 40 24 hh
1947 856 71 32 being
2029 856 77 25 called
2116 856 62 25 from
2189 856 64 24 here.

1930 911 138 25 Cabi.kton.
2070 925 31 4 —
2103 911 51 24 The
2163 910 55 25 Ball
2227 911 26 23 m
2273 910 144 25 connection

1896 958 60 24 with
1976 958 42 25 the
2030 958 86 25 socials
2128 957 78 25 which
2218 957 49 24 had
2278 959 26 22 to
2315 956 29 25 be
2352 958 65 30 post-

1895 1001 79 30 poned
1982 1001 62 23 from
2054 1000 88 31 Friday
2151 1000 103 30 evening
2263 1006 68 17 came
2340 1000 35 24 off
2384 1006 33 17 on

1896 1043 106 32 Monday
2013 1043 78 32 night.
2126 1043 78 25 There
2216 1051 50 17 was
2277 1050 15 17 a
2304 1043 66 31 large
2381 1045 36 23 at-

1895 1089 119 24 tandanca
2025 1089 48 24 anJ
2081 1089 104 30 dancing
2194 1096 49 16 was
2251 1088 97 32 kaptup
2357 1088 60 25 with

1895 1134 70 31 spirit
1977 1134 63 24 until
2058 1134 54 24 four
2124 1134 99 24 o'clock'.
2258 1133 53 25 Tli3
2334 1133 79 25 music

1896 1188 49 16 was
1965 1179 110 31 supplied
2097 1179 29 31 by
2168 1179 103 24 Mossers
2292 1179 24 23 J.
2329 1179 48 24 and
2389 1179 28 24 T.

1895 1224 88 25 Brown
1996 1224 47 24 and
2055 1224 110 24 needless
2177 1226 24 22 to
2213 1232 42 22 say
2268 1231 49 17 was
2328 1224 87 25 excell-

1893 1273 49 23 ent.
1977 1271 60 24 Tai3
2050 1278 72 17 531U33
2134 1271 26 23 of
2174 1271 87 24 socials
2280 1271 62 23 hive
2354 1270 61 25 baan

1895 1319 65 22 most
1970 1316 130 24 successful
2112 1316 48 25 and
2171 1316 40 24 the
2224 1315 144 26 Committee
2377 1317 40 24 de-

1895 1369 66 16 serve
1973 1362 68 29 great
2053 1360 75 24 credit
2147 1360 37 24 for
2205 1360 43 24 the
2267 1369 103 15 manner
2391 1361 24 22 m

1893 1402 80 24 winch
2003 1402 57 31 they
2088 1402 61 24 have
2182 1402 142 31 discharged
2352 1403 63 23 their

1894 1447 87 25 duties.

1928 1508 160 28 Seiivicss,—
2089 1508 154 25 TheEevH.
2258 1508 28 26 C.
2300 1508 35 25 M.
2347 1508 68 26 Wat-

1893 1564 44 16 son
1949 1556 147 25 Incumbent
2123 1557 27 24 of
2168 1556 29 26 St
2219 1556 86 25 John's
2317 1555 100 26 Church

1891 1600 176 25 •Curisfcchurch
2086 1600 48 25 will
2144 1599 88 31 praach
2255 1607 33 17 on
2312 1600 101 32 Sunday

1893 1645 113 31 morning
2018 1647 25 22 at
2054 1645 63 24 East
2127 1644 90 25 Oxford
2230 1645 28 23 11
2272 1652 21 16 a.
2302 1652 33 18 m.
2347 1644 68 25 View

1893 1688 54 24 Hill
1972 1689 22 23 2.
2006 1689 40 24 45.
2060 1696 21 23 p.
2094 1696 33 16 m.
2155 1687 48 25 and
2232 1687 68 25 West
2324 1687 91 25 Oxford

1893 1736 23 23 G.
1930 1734 32 24 30
1973 1741 23 24 p.
2010 1741 33 17 m.

2283 1771 10 10 ■6

1924 1797 106 24 Mutual
2046 1798 183 23 Improvement.
2232 1811 32 4 —
2265 1797 79 24 There
2366 1803 49 18 was

1892 1843 44 24 but
1947 1851 14 16 a
1973 1842 55 25 thin
2040 1842 144 25 attendance
2201 1845 26 21 at
2235 1842 42 24 the
2298 1840 118 26 Institate

1892 1897 31 16 on
1936 1889 111 31 Tuesday
2059 1889 110 30 evening,
2183 1890 25 22 to
2215 1886 100 33 partake
2326 1887 27 25 of
2372 1886 43 26 the

1892 1934 72 23 Mock
1975 1934 121 31 Banquet.
2131 1933 52 24 The
2194 1931 78 31 night,
2287 1931 41 25 tho
2346 1938 69 18 room

1891 1986 44 16 anc
1951 1978 42 24 the
2015 1978 79 31 liquor
2114 1984 61 16 wero
2198 1977 34 25 all
2255 1983 56 24 very
2330 1974 84 33 chilly,

1890 2022 45 25 bat
1946 2022 82 24 hearts
2040 2030 61 16 wero
2112 2029 75 17 warm
2199 2020 174 29 nevertheless,
2387 2028 27 17 as

1890 2067 90 32 proved
1989 2067 30 32 by
2028 2067 42 25 tho
2079 2066 85 32 cheery
2177 2073 103 18 manner
2290 2066 27 24 m
2334 2065 80 26 which

1891 2114 42 24 the
1945 2113 95 25 various
2052 2112 118 24 orthodox
2182 2113 76 23 toasts
2270 2119 61 16 were
2343 2110 71 31 given

1891 2159 48 24 and
1950 2155 91 34 replied
2053 2159 32 22 to.
2119 2157 52 23 E*v
2182 2155 40 25 Mr
2233 2151 104 29 Fen'dall
2356 2155 58 31 paid

1890 2211 30 16 us
1931 2212 15 15 a
1957 2202 63 29 visit,
2033 2202 48 24 and
2093 2199 152 27 contributed
2257 2201 25 24 to
2304 2207 45 16 our
2371 2207 41 16 en-

1887 2246 112 31 joyment
2011 2244 58 26 with
2081 2251 15 17 a
2107 2243 61 31 good
2180 2249 61 23 soDg
2251 2242 49 24 and
2319 2248 15 18 a
2355 2242 58 24 neat

1889 2292 65 25 littte
1965 2289 95 33 speech,
2073 2288 48 25 and
2133 2289 51 23 also
2196 2287 57 25 held
2264 2289 43 22 out
2318 2295 15 15 a
2349 2286 62 31 hope

1889 2336 54 24 that
1954 2336 52 23 Key
2017 2334 107 31 Badgers
2137 2333 79 30 might
2227 2332 30 24 be
2267 2331 104 24 induced
2389 2333 25 21 to

1888 2381 57 24 visit
1957 2388 37 20 us,
2006 2379 47 24 and
2071 2378 53 32 give
2147 2385 14 16 a
2184 2376 121 32 specimen
2328 2375 26 25 of
2372 2375 40 25 his

1889 2426 111 25 valuable
2013 2423 165 26 observations
2201 2430 32 16 on
2256 2422 42 23 the
2318 2421 94 30 subject

1890 2470 26 24 of
1946 2468 156 32 Hypnotism.
2137 2466 52 24 Key
2227 2465 40 23 Mr
2311 2463 102 25 Garbett

1889 2514 158 31 humorously
2064 2512 88 33 quoted
2174 2511 128 25 Erskine's
2324 2517 88 19 verses.

1916 2559 107 24 Tobacco
2046 2555 181 33 spiritualized,'
2230 2557 4 9 1
2259 2563 72 22 songs
2364 2554 48 24 and

1888 2602 141 25 recitations
2040 2608 63 17 were
2114 2597 152 27 contributed
2290 2597 37 32 by,
2339 2597 71 24 olher

1889 2647 129 26 members.
2052 2646 51 24 The
2116 2644 94 25 motion
2222 2643 54 26 that
2287 2651 50 23 any
2358 2650 52 16 sur-

1888 2693 55 29 plus
1954 2689 71 25 funds
2037 2688 138 30 remaining
2186 2686 62 24 after
2258 2686 116 30 payment
2386 2684 27 25 of

1888 2739 43 25 the
1943 2737 81 27 Social
2036 2743 116 25 expenses
2163 2741 49 18 was
2222 2731 137 27 over-ruled
2381 2731 30 31 by

1890 2783 42 25 the
1954 2780 165 26 amendment.
2154 2778 64 24 That
2241 2783 47 24 any
2315 2775 96 31 surplus

1890 2824 137 31 remaining
2039 2823 28 24 be
2079 2821 108 25 retained
2195 2820 30 32 by
2232 2820 42 24 the
2282 2819 129 24 Treasurer

1890 2871 26 24 m
1933 2870 61 24 view
2016 2868 26 25 of
2062 2867 110 31 required
2194 2865 157 31 preliminary
2372 2870 39 17 ex-

1890 2922 87 25 panses
1989 2912 73 31 likely
2074 2914 24 22 to
2110 2912 30 24 be
2150 2908 113 27 incurred
2274 2909 59 24 next
2344 2914 67 25 year.

1955 3037 149 26 LIBERAL
2121 3034 225 27 ASSOCIATION.

1891 3122 31 23 In
1934 3122 42 23 tlie
1987 3121 102 23 absenca
2101 3120 23 22 ot
2136 3119 42 22 the
2189 3117 85 30 Mayor
2284 3116 54 23 who
2363 3114 45 24 had

1891 3161 123 33 promised
2022 3163 26 22 to
2055 3158 100 33 pveiide,
2165 3157 44 24 but
2221 3155 39 25 did
2272 3157 44 23 not
2327 3161 88 25 appear

1893 3209 27 16 or
1932 3199 58 26 send
2002 3207 32 16 an
2056 3199 108 30 apology,
2178 3195 40 25 Mr
2229 3195 33 24 H.
2274 3194 69 31 Boyd
2365 3200 50 17 was

1895 3237 70 26 voted
1977 3239 25 22 to
2014 3237 42 24 the
2077 3235 76 25 ctair.
2187 3233 53 24 The
2251 3232 127 24 chairman
2389 3233 26 21 m

1895 3286 14 17 a
1918 3278 44 25 few
1973 3277 78 25 words
2069 3273 142 27 introduced
2232 3272 50 25 Uie,
2284 3293 4 11 :
2295 3270 121 33 speakers,

1896 3317 91 24 Messrs
2010 3315 39 25 W.
2074 3314 25 25 C.
2124 3312 98 26 Walker
2244 3310 48 26 and
2304 3310 41 37 ,£.
2376 3309 40 26 W.

1896 3353 98 31 Ilussel.

1929 3393 40 24 Mr
1982 3392 37 25 W.
2033 3391 26 25 C.
2074 3390 99 26 Walker
2183 3389 54 24 first
2248 3395 60 25 gave
2319 3395 15 16 a
2350 3386 68 25 shorb

1897 3432 107 28 address,
2018 3432 49 24 and
2078 3432 59 23 then
2150 3430 39 23 Mr
2206 3428 31 25 G.
2261 3427 38 26 W.
2323 3425 96 26 Kussell

1898 3469 122 26 delivered
2032 3477 14 17 a
2064 3471 64 22 most
2150 3467 113 31 eloquent
2286 3463 48 26 and
2354 3462 66 26 lucid

1899 3509 99 24 address
2010 3515 32 17 on
2055 3508 42 24 the
2107 3507 115 31 platform
2234 3505 26 24 of
2271 3505 41 23 the
2324 3502 94 25 Associ-

1898 3545 76 25 ation.
2010 3547 32 22 In
2065 3545 42 24 the
2129 3552 81 17 coarse
2232 3543 27 24 of
2278 3541 80 26 which
2387 3540 31 24 he

1897 3584 54 24 said
1962 3584 42 24 the
2016 3584 117 31 platform
2145 3584 67 22 must
2231 3580 44 25 not
2296 3579 30 25 be
2347 3578 72 24 taken

1898 3630 27 16 as
1937 3630 15 16 a
1958 3622 60 24 final
2035 3630 54 21 one,
2113 3621 37 24 for
2170 3619 82 33 public
2274 3616 97 33 opinion
2388 3623 32 18 on

1898 3662 84 24 liberal
1995 3669 124 17 measures
2129 3669 50 15 was
2196 3659 107 31 growing
2326 3665 26 16 so
2373 3656 49 23 fast

1899 3703 54 23 that
1964 3710 33 16 no
2004 3710 47 17 one
2053 3712 2 4 1
2063 3700 72 26 could
2157 3708 43 23 say
2222 3698 66 26 what
2310 3695 112 33 question

1898 3740 80 24 which
1990 3748 55 16 now
2056 3738 119 33 appeared
2192 3738 92 24 distant
2306 3734 82 27 would-
2406 3741 15 17 a

1898 3785 58 24 yi»ar
1968 3785 26 17 or
2007 3780 47 23 two
2064 3778 78 24 hence
2152 3776 31 25 be
2202 3784 15 16 a
2235 3773 75 34 plank
2333 3773 28 24 m
2382 3772 41 24 tne

1899 3816 119 32 platform
2030 3816 27 25 of
2066 3824 71 24 every
2149 3815 99 25 Libpral
2263 3811 143 27 A.sociation.

1935 3855 66 31 They
2022 3855 31 24 do
2075 3858 44 21 not
2143 3856 64 24 want
2227 3855 25 22 to
2274 3852 63 25 force
2361 3852 63 23 town

572 65 167 31 OXFORD
780 65 90 30 ANP
913 65 102 30 OUST
1039 65 219 34 OBSEEYER
1282 66 232 36 SATURDAY,
1538 66 252 32 SEPTEMBER
1820 66 49 35 24,
1891 66 87 30 1892.
