3320 4240
229 62 428 27 Hot
800 62 713 27 Lakes
1656 62 1426 27 Chronicle.

473 380 213 38 JL.2<TID
739 381 501 39 TOURISTS'
2116 381 483 41 CTOTTJEttSfJ^ILs.

489 493 449 87 Circulating
959 494 452 86 throughout
1435 493 126 67 the
1585 492 287 67 Tourist
1919 492 304 70 Resorts
2271 494 80 68 of
2385 496 126 67 the
2557 496 268 72 World,

108 647 56 21 VOL.
178 648 18 17 4.
228 645 37 20 No.
283 646 45 17 178.

1317 644 140 21 EOTORUA,
1474 644 58 19 K.Z..
1550 642 186 21 WEDNESDAY,
1754 642 86 19 APhIL
1853 643 31 22 2i>,
1905 643 41 18 189(

2878 650 257 26 PRICE—THREEPEN
3141 657 33 19 CE.

108 732 21 24 BY
142 730 85 24 SPECIAL

339 730 150 25 APPOINTMENT

136 779 56 26 ASK
217 778 145 26 GROCERS
388 778 56 26 FOR

115 824 49 135 8

189 984 94 23 mun
296 985 9 21 i
319 984 24 23 l.
359 985 38 21 yy
414 985 48 22 uu
480 986 21 21 u

137 1045 158 25 CEYLON
343 1063 14 12 .

138 1080 130 25 INDIAN
301 1079 30 26 &

137 1115 181 25 BLENDED

213 1154 152 19 AWARDED

115 1181 64 25 GOLD
190 1181 56 24 AND
257 1181 96 23 SILVER
365 1181 109 24 MEDALS

127 1223 57 24 Why
198 1223 46 24 buy
258 1222 97 20 Inferior
369 1222 56 20 Teas
439 1223 64 19 when

89 1256 34 20 you
137 1254 39 14 can
192 1251 36 23 get
242 1249 24 19 N.
283 1249 27 19 M.
327 1249 17 19 &
359 1249 55 19 Co.'s
428 1250 24 18 at
466 1249 37 20 the

89 1281 49 15 same
153 1275 65 26 price.
251 1275 35 19 All
301 1275 78 19 others
398 1280 39 14 are
451 1275 52 25 only

89 1303 62 24 copies
169 1302 22 19 in
211 1307 71 17 name,
298 1301 45 19 and
365 1307 38 13 are
418 1301 85 25 pushed

89 1329 27 20 for
128 1329 61 19 extra
202 1327 73 26 profit.

129 1363 10 12 A
150 1362 42 15 proof
203 1362 16 12 of
231 1362 26 12 tho
269 1361 95 17 superiority
376 1361 16 13 of
400 1361 18 13 N.
432 1361 20 13 M.
461 1361 11 13 &

114 1378 36 14 Co.'o
160 1378 37 14 Teas
203 1378 13 13 is
226 1378 26 14 tlio
263 1377 30 14 fact
304 1378 34 13 that
347 1377 74 15 although
429 1377 43 13 lliuru

114 1399 22 9 are
145 1395 76 12 hundreds
233 1395 16 12 of
259 1395 55 14 packer,
324 1395 33 12 teas
368 1398 20 8 on
400 1394 26 12 the
436 1398 36 8 mar.

162 1411 16 14 N.
190 1411 21 13 M.
225 1411 11 12 .t
251 1411 40 13 Co.'s
306 1410 39 13 Te:is
359 1414 27 9 are
402 1410 15 13 in
435 1410 37 13 such

115 1427 59 14 demand
184 1427 34 13 that
230 1427 36 16 they
279 1427 27 12 sell
319 1427 54 15 nearly
385 1426 87 13 one-fourth

115 1444 13 13 of
143 1444 26 12 the
186 1444 48 12 whole
251 1443 16 13 of
284 1443 27 13 the
329 1446 25 10 tea
372 1442 86 14 consumed.

89 1464 92 25 SOLD
218 1462 272 24 EVERYWHEP'

167 1578 47 25 Do
226 1578 56 25 not
296 1577 118 31 Forget

166 1625 249 46 CRAIG'S

96 1673 13 35 1
131 1689 162 20 CURIOSITY
313 1689 81 18 SHOP
413 1688 45 19 and
484 1673 1 36 I

221 1716 141 22 MUSEUM,

87 1759 22 19 M
154 1757 110 23 Opposite
272 1755 79 20 Grand
358 1755 76 22 Hotel,

96 1792 14 33 I
119 1797 121 27 PRINCES
251 1796 45 29 ST,
306 1795 171 27 AUCKLAND.
484 1797 9 26 I

166 1920 139 16 INSURS
331 1920 93 15 i/IiITH

91 1954 123 17 THESOTJTH
223 1953 96 17 KRITISH
328 1953 77 16 PIRE&
414 1952 98 17 MARIN'E

153 1976 40 16 Coy.
205 1976 29 15 OF
245 1975 55 16 NEW
310 1974 121 16 ZEALAND.

89 1998 63 15 Cawtal
407 1996 103 17 £1,900,000

126 2018 90 17 Unlimited
230 2017 75 20 linhility
313 2017 20 16 of
339 2016 128 17 Siim-holders.

91 2040 45 21 Being
143 2045 9 11 u
161 2039 75 17 Coloniiil
250 2039 102 16 Institution
368 2038 62 16 Piofita
443 2043 29 10 lire
484 2038 18 15 in-

225 2060 58 16 vested
291 2060 68 21 Ini-ully.

91 2082 39 16 Head
145 2082 55 19 OIKoc,
342 2077 3 24 '
420 2079 90 17 Auckland

91 2104 40 15 Loral
139 2104 80 18 af/ent..'.
368 2102 12 15 J
398 2101 27 18 W.
432 2100 78 22 Wiifiley

94 2165 195 44 Rotorua
313 2161 195 48 Sawmill

167 2221 245 54 Company.

98 2308 106 18 tTTHITE
218 2309 52 15 AXI)
289 2307 52 17 RED
360 2306 63 18 PINE
442 2307 20 16 of
479 2306 31 17 the

103 2335 23 15 IT
166 2331 53 18 finest
227 2330 74 24 quality
310 2330 38 18 and
363 2330 91 22 carefully
471 2331 38 16 cut.

261 2354 65 17 ALSO

91 2382 75 26 Matai,
197 2382 127 26 Pukatea,
353 2381 51 23 and
432 2380 78 23 Tawa

122 2413 122 28 Shingles,
256 2411 117 29 Palings,
388 2411 94 23 Blocks

219 2443 51 22 and
278 2442 84 23 Posts.

111 2475 15 17 A
137 2474 49 24 good
197 2474 40 19 and
248 2473 91 20 assorted
349 2472 74 26 supply
434 2472 76 21 always

91 2505 21 14 on
117 2500 49 19 baud
176 2504 20 15 at
206 2501 34 18 the
250 2500 83 18 Timber
343 2499 63 24 Yard,

199 2532 183 17 ROTORUK.

91 2561 146 26 N.B.—Special
246 2568 45 12 care
302 2561 64 18 taken
377 2561 19 18 in
415 2560 34 20 the
467 2566 33 13 sea-

251 2587 79 26 suning.

92 2625 91 19 PRICES
195 2625 40 18 AT
248 2624 145 19 CURRENT
406 2624 103 19 RATES.

122 2657 34 19 W.
170 2656 166 22 HENSHAW,
347 2655 118 24 Manager.

127 2710 28 39 i
179 2709 37 42 w,
247 2707 220 50 mmm,

206 2777 173 21 FRUITERER.

112 2820 49 20 Next
171 2821 97 19 Saddler's
283 2820 57 24 shop,
352 2820 132 19 Ohinemutu.

94 2868 34 20 Has
138 2869 69 20 al«avs
222 2877 11 11 a
249 2869 51 24 good
315 2869 75 24 supply
406 2868 22 18 of
447 2868 63 19 Fresh

155 2896 61 24 Fruit,
228 2896 47 18 both
291 2895 50 19 local
352 2895 38 18 and
402 2895 23 18 im-

204 2921 68 26 ported
286 2928 24 12 on
323 2921 60 19 hand.

247 2948 18 18 A
276 2954 11 13 h
298 2953 39 16 so,

203 2976 14 18 A
240 2974 42 18 well
294 2976 92 16 assorted

136 3000 51 20 stock
199 3001 20 18 of
231 3000 85 24 Biscuit,
331 2999 118 19 r.mfection-

94 3030 27 18 ery
129 3026 35 20 and
174 3029 90 17 Summer
278 3027 77 18 Drinks
368 3029 22 16 at
407 3026 106 19 Moderate

97 3179 416 38 CAB.PENTEH,

185 3224 102 17 FEXTON
305 3222 102 21 STREET,

174 3255 97 19 Opposite

114 3282 57 20 Sashes
179 3285 53 17 made
241 3287 20 15 to
270 3285 61 17 order.

98 3408 97 24 barber
216 3413 58 19 and
305 3413 208 23 hairdresser,

104 3452 69 29 JJEGs
183 3456 20 16 to
214 3460 103 13 announce
329 3454 44 19 that
381 3454 25 18 ho
418 3453 37 20 has
461 3459 41 14 com-

98 3481 29 11 -*-'
152 3481 78 18 mc-nced
242 3481 92 18 bttsinetp
345 3480 20 19 in
378 3480 33 19 the
428 3480 51 24 shop
494 3479 21 19 in

98 3503 26 20 tlio
137 3505 28 18 old
181 3508 58 20 town,
259 3506 97 24 formerly
376 3505 95 27 occupied
487 3505 29 25 by

98 3527 25 22 Mr
129 3530 117 26 McFadyen,
256 3532 86 24 saddler,
361 3532 40 19 find
418 3532 62 24 hopes
494 3533 21 17 to

99 3556 46 20 merit
155 3564 10 12 a
174 3560 57 17 share
242 3559 20 18 of
273 3558 34 19 the
319 3558 69 26 public
398 3560 89 22 support.

166 3592 155 19 RAZORS
350 3592 77 19 SET.

115 3656 17 18 A
140 3657 77 20 Choice
229 3659 152 18 Assortment
394 3659 27 17 o?
432 3658 70 18 Tobac-

99 3682 34 19 cos,
143 3681 80 23 Cip-ars,
234 3683 131 22 Cigarettes
372 3681 20 19 &
399 3681 117 19 Smoker's

99 3701 121 24 Requisites.

110 3748 11 20 A
134 3749 14 18 U
155 3750 12 18 C
174 3751 17 17 K
198 3751 15 17 L
219 3752 16 16 A
240 3752 18 16 N
266 3752 17 16 D
296 3752 17 16 A
320 3751 17 17 D
344 3751 17 17 V
369 3751 17 17 E
393 3751 17 17 R
416 3749 97 19 USING

101 3773 32 17 -i.
237 3775 113 20 AGENCY,

117 3801 87 22 Victoria
215 3806 89 20 Arcade,
319 3806 73 18 Queen
409 3805 84 17 Street.

143 3835 115 25 Advertising
262 3836 22 18 in
291 3836 26 18 all
331 3837 24 17 its
363 3836 98 18 branches.

114 3861 27 17 OW,
153 3859 71 23 Unique
240 3860 37 17 and
291 3860 86 17 Tasteful
393 3859 108 17 Advertisin

253 3883 90 17 Medium.

117 3902 58 19 Orders
183 3906 47 17 from
239 3906 24 17 all
273 3907 53 22 parte
335 3905 91 18 attended
435 3906 20 16 to
470 3904 46 17 with

110 3929 21 10 lrn
139 3928 32 16 unci
179 3928 112 23 expeditiori.

114 4041 37 34 H,
161 4044 339 36 W.MITCHELL,

307 4105 113 22 Surbcnor,

227 4156 144 24 ROTORUA.

820 904 281 51 ROTORDJI.
1147 904 124 47 .NEW
1309 903 272 45 ZEJJLJLND.

531 992 36 41 I)
575 992 179 17 OTORUA.—This
763 993 104 18 wonderful
876 994 73 17 district
957 995 15 16 is
982 994 128 22 unparalleled
1119 995 17 16 in
1146 994 32 18 the
1186 994 71 17 known
1266 993 59 18 world
1335 993 29 17 for
1371 993 33 18 the
1412 992 80 18 number
1500 992 37 17 and
1545 992 73 22 variety
1628 992 20 17 of
1657 992 24 16 its
1689 991 88 18 Thermal
1786 991 85 22 Springs.

552 1014 21 20 \j
597 1015 26 17 As
632 1021 12 11 a
652 1015 65 17 health
726 1018 60 15 resort
795 1017 23 16 its
827 1018 110 21 popularity
945 1018 15 16 is
969 1018 75 21 rapidly
1052 1018 111 22 increasing,
1173 1017 38 17 unci
1223 1017 43 17 that
1281 1016 80 23 entirely
1378 1021 24 12 on
1415 1016 25 17 its
1457 1021 42 11 own
1516 1016 69 19 merits,
1604 1021 20 11 as
1641 1015 84 17 hitherto
1741 1014 81 21 nothing
1839 1013 33 19 lias

529 1038 47 18 been
585 1039 48 16 done
642 1039 19 16 in
671 1039 32 17 the
712 1044 42 17 way
762 1039 20 17 of
791 1039 121 24 advertising.

552 1061 85 17 Patients
647 1061 90 23 suffering
747 1062 47 17 from
805 1062 85 22 Chronic,
901 1063 100 19 Articular,
1012 1063 37 17 and
1057 1063 97 17 Muscular
1162 1062 128 21 rheumatism,
1301 1063 56 19 Gout,
1367 1061 102 18 Rhumatic
1476 1062 55 20 Gout,
1546 1061 45 18 Skin
1600 1061 91 19 Diseases,
1711 1060 85 20 Sciatica,
1813 1060 45 17 Lum-

529 1084 55 22 bago,
605 1084 110 23 Neuralgia,
733 1085 85 18 Nervous
834 1085 127 22 Exhaustion,
978 1087 78 16 Uterine
1074 1087 97 19 Ailments,
1189 1085 38 18 and
1243 1085 56 23 tardy
1316 1085 139 18 eonvalescense
1472 1085 49 17 from
1538 1086 54 15 acute
1608 1084 81 17 diseases
1706 1089 43 17 may
1765 1083 41 22 rely
1822 1089 50 16 upon

529 1107 100 22 obtaining
637 1107 91 18 immense
736 1108 59 21 relief,
806 1109 38 16 and
852 1110 19 15 in
879 1109 31 18 the
919 1110 90 22 majority
1019 1110 20 16 of
1047 1115 50 12 eases
1106 1116 11 10 a
1126 1109 91 22 complete
1226 1114 49 11 cure.

553 1167 52 18 THE
620 1168 111 17 PRIEST'S
740 1169 146 17 BATH.—This
895 1170 15 16 is
918 1170 88 22 strongly
1015 1170 47 17 acid,
1077 1170 110 19 aluminous,
1204 1169 79 22 sulphur
1300 1170 64 18 water,
1382 1169 65 22 acting
1464 1174 19 11 as
1500 1174 11 11 a
1527 1167 92 23 powerful
1636 1167 43 17 skin
1695 1167 104 18 stimulant.
1832 1167 42 16 Hot

530 1191 38 16 and
577 1190 42 17 cold
628 1190 87 21 showers,
726 1192 36 15 and
772 1192 81 17 douches
862 1199 31 10 arc
902 1193 91 21 provided
1001 1193 38 17 and
1048 1193 125 22 comfortably
1180 1192 85 17 enclosed
1276 1192 86 21 dressing
1370 1197 62 12 rooms

554 1214 114 17 MADAME
689 1214 125 18 RACHEL'S
835 1216 145 17 BATH.—This
989 1216 105 17 celebrated
1103 1216 70 22 Spring
1180 1216 16 16 is
1205 1222 11 10 a
1230 1216 63 16 Saline
1308 1216 58 16 water
1379 1215 47 17 with
1443 1214 90 21 Silicates,
1547 1214 38 18 and
1598 1214 34 17 has
1648 1219 25 11 an
1686 1214 82 16 alkaline
1784 1212 88 18 reaction.

530 1237 39 17 The
579 1239 57 15 water
645 1237 15 16 is
670 1237 39 17 also
718 1244 22 10 us
747 1237 17 17 id
772 1238 102 21 internally
883 1239 29 17 for
920 1239 25 17 its
954 1239 97 17 beneficial
1060 1239 63 17 action
1131 1245 23 11 on
1164 1239 32 16 the
1204 1238 84 21 kidneys.

554 1259 52 18 THE
627 1260 69 17 BLUE
717 1261 145 18 BATH.—This
879 1262 14 17 is
910 1262 33 17 the
959 1262 72 22 largest
1046 1262 77 17 natural
1138 1262 108 20 swimming
1262 1261 47 17 bath
1323 1261 20 17 in
1357 1261 33 17 the
1406 1261 94 17 Southern
1508 1261 131 21 Hemisphere.
1665 1261 19 16 It
1693 1259 69 18 affords
1770 1259 104 17 rheumatic

530 1283 80 16 invalids
620 1289 10 10 a,
639 1289 64 10 moans
712 1284 20 16 of
740 1283 68 23 taking
816 1285 82 20 painless
907 1286 86 19 exercise,
1004 1285 61 18 which
1074 1286 45 21 they
1128 1285 67 21 highly
1204 1284 112 23 appreciate.

554 1305 52 18 THE
616 1306 123 17 SULPHUR
748 1306 105 19 VAPOUR
862 1308 146 18 BATH.—This
1014 1308 16 18 is
1036 1314 11 12 a
1052 1308 78 18 natural
1133 1308 35 18 hot
1172 1313 79 17 vapour,
1257 1307 69 24 highly
1332 1306 83 24 charged
1418 1306 49 18 with
1471 1306 80 23 sulphur
1559 1312 59 17 gases,
1631 1306 105 17 conducted
1750 1306 41 16 into
1805 1312 11 10 a
1830 1311 33 16 pro-

531 1329 53 22 perly
594 1329 118 17 constructed
722 1330 57 18 chest,
790 1331 18 15 in
818 1331 61 16 which
886 1331 31 16 the
925 1332 32 16 the
963 1332 73 20 patient
1045 1332 39 18 sits,
1094 1331 55 17 while
1157 1337 12 11 a
1175 1331 68 17 stream
1251 1331 19 17 of
1274 1330 89 23 palpable
1371 1331 80 21 sulphur
1457 1330 15 16 is
1477 1330 58 21 being
1540 1329 106 22 constantly
1653 1328 98 24 deposited
1757 1334 23 11 on
1787 1328 32 17 the
1826 1328 47 17 skin.

555 1352 52 17 THE
628 1352 60 17 NEW
709 1352 123 19 SULPHUR
852 1354 145 17 BATH.—This
1010 1355 16 16 is
1039 1360 10 11 a
1062 1360 44 17 very
1119 1355 64 19 streng
1197 1353 58 18 acidic
1267 1354 59 17 water
1338 1354 20 16 of
1370 1353 46 21 high
1429 1354 132 21 temperature,
1575 1352 38 17 and
1629 1352 87 22 strongly
1733 1350 142 19 recommended

531 1375 20 17 in
568 1381 49 11 cases
634 1376 21 16 of
670 1375 124 18 rheumatism
803 1377 37 16 and
849 1377 56 16 allied
914 1377 86 17 diseases.
1025 1378 40 16 The
1073 1378 47 16 bath
1133 1378 59 16 house
1208 1378 15 16 is
1240 1376 76 17 divided
1331 1376 40 17 into
1388 1376 68 17 Ladies
1472 1376 38 17 and
1526 1376 120 17 Gcntleniens
1664 1375 128 22 departments
1806 1374 38 18 and
1860 1374 16 18 is

532 1398 76 22 capable
618 1399 19 15 of
646 1399 163 22 accommodating
817 1401 34 15 -100
860 1400 76 18 bathers
945 1400 58 22 daily.

555 1421 53 17 THE
618 1421 162 19 ELECTRICAL
789 1422 254 19 DEPARTMENT.—This
1052 1424 119 21 department
1185 1423 16 17 is
1218 1423 72 23 replete
1305 1423 47 17 with
1365 1423 33 17 the
1413 1423 51 17 most
1477 1423 77 17 modem
1571 1422 107 23 appliances
1695 1422 30 17 for
1740 1421 89 23 carrying
1843 1422 33 16 out

533 1445 74 16 various
617 1445 57 16 forms
684 1446 19 15 of
712 1445 78 17 medical
801 1446 90 17 electrical
902 1448 102 15 treatment,
1013 1447 19 16 in
1041 1447 49 16 their
1100 1447 87 21 entirety.

557 1468 52 16 THE
616 1467 190 20 HYDROPATHIC
813 1469 116 18 PACKING
935 1470 54 16 AND
997 1470 118 17 MASSAGE
1121 1469 224 17 DEPARTMENT.—A
1352 1469 54 17 series
1412 1469 20 17 of
1439 1475 61 11 rooms
1507 1475 30 11 are
1546 1468 98 19 furnished
1653 1468 37 17 and
1699 1469 28 16 sot
1734 1469 55 21 apart
1796 1468 29 16 for
1831 1468 45 16 each

533 1496 38 16 sex,
579 1491 19 16 in
604 1491 55 17 order
665 1492 19 16 to
693 1497 55 16 carry
754 1493 33 15 out
796 1492 36 17 this
838 1492 104 23 important
948 1493 80 22 adjunct
1033 1494 20 16 to
1060 1494 106 16 treatment.
1173 1493 38 17 The
1217 1493 79 17 services
1303 1493 20 17 of
1328 1498 10 12 a
1344 1492 88 23 qualified
1439 1493 94 16 Masseuse
1538 1492 37 17 and
1582 1493 85 16 Masseur
1675 1497 31 11 are
1715 1491 114 17 obtainable.

534 1547 89 17 Resident
632 1547 107 21 Engineer:

602 1569 118 19 CAMTLLE
732 1571 133 19 MALFROY,
876 1572 45 18 Esq.

1425 1548 90 17 Resident
1523 1548 81 17 Medical
1613 1547 160 22 Superintendent

741 1838 58 23 Two
811 1839 70 22 miles
895 1839 76 30 from
990 1839 121 28 Rotorua,
1132 1839 135 31 adjoining
1281 1840 151 30 interesting
1441 1840 82 23 native
1535 1840 143 24 settlement.

1056 2003 25 24 P
1100 2004 24 22 A
1148 2004 24 23 T
1188 2004 23 23 R
1232 2003 21 24 O
1272 2004 31 22 N
1322 2004 39 24 S;

676 2034 53 19 Earl
755 2034 26 18 of
804 2034 104 24 Kintore,
936 2035 54 18 Earl
1015 2035 26 18 of
1064 2035 99 22 Onslow,
1185 2035 106 23 Marquis
1312 2035 26 18 of
1356 2035 128 24 Drogheda,
1508 2036 60 19 Lord
1589 2035 146 25 Carrington.

536 2058 87 20 rinHIS
638 2058 93 19 HOTEL
741 2058 37 19 has
788 2058 89 24 recently
888 2059 52 18 been
950 2059 141 23 considerably
1100 2058 102 24 enlarged,
1215 2059 116 23 renovated,
1343 2060 40 17 and
1393 2060 128 19 refurnished
1532 2060 113 25 regardless
1655 2061 21 18 of
1691 2066 94 18 expanse,
1806 2060 40 19 and
1862 2060 17 19 is

541 2080 24 26 J_
601 2084 73 24 widely
685 2084 74 19 known
770 2084 32 19 for
812 2084 27 19 its
848 2084 99 19 excellent
957 2084 177 22 accommodation,
1146 2084 88 23 Cuisine,
1247 2086 33 18 &c.

910 2119 73 23 Here
995 2128 46 14 are
1053 2119 40 23 the
1108 2119 79 31 Chief
1195 2120 89 29 Sights
1296 2120 33 30 of
1336 2121 40 22 the
1389 2120 118 23 District.

664 2159 46 18 The
719 2159 141 18 Wonderful
869 2159 80 18 Steam
958 2159 47 19 and
1014 2159 49 18 Hot
1071 2159 83 19 Water
1163 2159 130 23 Petrifying
1302 2160 99 22 Geysers
1416 2160 79 23 playing
1507 2161 66 21 nearly
1591 2162 32 15 100
1641 2161 38 16 foot
1695 2160 53 23 high.

534 2182 131 24 Petrifying
674 2183 106 22 Geysers,
792 2182 128 19 Cauldrons
930 2183 26 17 of
962 2182 91 23 Boiling
1062 2183 57 18 Mud
1128 2183 45 18 and
1183 2182 41 19 Oil.
1251 2183 76 23 Spout
1336 2183 65 23 Bath,
1413 2183 36 18 Oil
1458 2183 65 23 Bath,
1534 2183 70 18 Alum
1613 2183 61 18 Bath
1683 2183 20 18 &
1718 2183 79 18 Jack's
1810 2183 67 19 Bath.

534 2206 81 19 Known
627 2207 32 18 for
667 2206 34 19 the
709 2206 154 24 extraordinary
872 2212 57 12 cures
936 2207 20 18 of
967 2205 148 25 Bheuuiatism,
1126 2206 119 24 Neuralgia,
1255 2206 113 26 Lumbago,
1377 2206 91 24 Sciatica,
1477 2207 87 22 Kiduev,
1578 2206 60 20 Liver
1646 2206 40 19 and
1693 2207 59 18 other
1759 2207 120 25 complaints

651 2240 42 47 C.
720 2241 40 45 E.
782 2240 239 49 JIELSOJ4,
1133 2267 16 6 -
1238 2267 17 6 -
1343 2268 17 5 -
1482 2241 279 56 Proprietor.

945 2297 103 27 Guide
1152 2312 10 4 -
1231 2312 12 4 -
1345 2298 124 28 Sophia.

955 2514 40 22 On
1019 2514 40 23 the
1083 2514 89 23 Direct
1195 2514 81 22 Route
1297 2517 23 20 to
1340 2514 118 24 Rotorua-

769 2554 46 18 For
832 2554 107 23 Scenery,
955 2554 110 18 Curative
1077 2554 131 22 Properties
1217 2554 26 18 of
1249 2554 40 18 the
1299 2554 73 19 Baths
1381 2554 46 19 and
1436 2555 206 22 accommodation,

678 2586 122 25 EXCEL
832 2585 70 25 ALL
935 2585 140 26 PLACES
1107 2585 46 25 OF
1183 2585 73 25 THE
1292 2586 86 25 KIND
1413 2587 31 24 IN
1476 2587 73 24 THE
1582 2587 161 25 COLONY.

560 2651 66 18 These
638 2650 9 10 c
652 2650 77 26 prinKß,
742 2649 65 19 which
818 2649 31 18 for
861 2648 53 19 their
933 2648 95 20 Curative
1039 2648 116 26 Properties
1165 2649 39 18 and
1216 2648 137 20 Comfortable
1364 2648 95 26 Fittings,
1470 2650 52 18 have
1534 2649 48 20 been
1601 2650 129 24 pronounced
1747 2650 26 24 by
1790 2651 26 18 nil
1834 2651 44 19 who

535 2677 50 18 have
606 2676 74 19 visited
700 2676 55 19 them
772 2681 75 12 sicoxn
866 2680 23 13 to
907 2680 55 13 none
979 2680 22 13 in
1018 2674 51 19 New
1086 2674 104 19 Zealand.
1220 2674 42 19 The
1276 2681 109 12 numerous
1396 2676 133 18 testimonials
1540 2676 89 19 received
1642 2683 21 11 as
1676 2677 20 18 to
1706 2676 53 19 their
1769 2683 58 12 cures
1836 2677 41 19 and

534 2703 85 18 comfort
631 2702 74 19 should
724 2702 26 18 be
768 2702 99 17 sufficient
885 2703 20 16 to
922 2701 72 17 induce
1010 2700 91 19 Tourists
1117 2700 40 19 and
1170 2702 68 17 others
1255 2702 20 17 to
1286 2701 47 18 visit
1345 2700 61 19 them.
1435 2701 32 18 No
1478 2705 57 15 extra
1545 2701 75 26 charge
1630 2702 18 18 is
1658 2702 58 19 made
1727 2703 31 18 for
1768 2703 34 19 the
1812 2710 36 12 use
1857 2703 22 19 of

535 2730 33 17 the
580 2729 60 18 baths
651 2731 19 16 to
681 2734 83 19 persons
774 2728 82 24 staying
867 2730 20 15 at
898 2726 33 19 the
943 2726 60 19 hotel.

853 2774 83 25 THE
963 2761 530 40 OKOK^mE~SANATORIUM

560 2817 22 19 Is
592 2817 109 19 connected
712 2816 49 18 with
772 2815 35 19 the
817 2815 134 25 Telegraphic
962 2818 74 21 system
1048 2815 20 19 of
1079 2815 33 18 the
1122 2814 82 25 Colony,
1216 2814 33 20 the
1257 2814 116 27 Telegraph
1385 2815 60 19 Office
1456 2815 107 26 adjoining
1573 2817 35 17 the
1621 2816 67 19 Hotel.
1717 2816 37 20 All
1760 2817 119 26 Telegrams

535 2843 102 26 promptly
647 2842 78 24 replied
735 2844 26 17 to.

562 2869 96 23 Coaches,
668 2867 100 26 Buggies,
780 2867 40 19 and
830 2866 144 25 Conveyances
981 2866 22 19 of
1013 2865 28 19 all
1049 2866 61 19 kinds
1129 2867 56 17 leave
1204 2867 40 17 this
1262 2866 62 19 Hotel
1342 2873 24 13 on
1386 2867 109 24 Tuesdays,
1517 2867 124 26 Thursdays,
1660 2868 40 18 and
1719 2868 118 25 Saturdays,
1857 2876 23 12 or

535 2895 55 24 daily
599 2895 17 19 if
628 2895 101 24 required.
772 2893 88 19 Persons
879 2899 24 12 en
922 2896 63 15 route'
999 2892 32 19 for
1049 2891 89 20 EotOrua
1154 2899 34 12 are
1208 2893 102 18 therefore
1330 2893 86 18 enabled
1437 2897 18 15 lo
1476 2894 46 18 visit
1533 2893 34 19 the
1583 2894 92 18 wonders
1684 2895 22 17 of
1719 2895 103 24 Okoroire,
1839 2896 40 18 and

536 2922 60 19 eniov
607 2921 34 19 the
652 2919 89 21 Natural
752 2919 43 19 Hot
804 2919 66 19 Baths
879 2919 40 18 and
927 2926 11 11 a
950 2918 56 23 day's
1018 2922 40 15 rest
1068 2918 93 23 previous
1171 2921 20 16 to
1202 2918 140 23 undertaking
1352 2924 10 14 a
1374 2918 85 23 iouruey
1470 2923 20 15 to
1501 2920 34 18 the
1547 2920 73 18 Lakes.

708 2996 45 19 Has
761 2995 89 25 recently
861 2996 49 17 Veen
923 2994 85 23 erected,
1018 2994 39 19 and
1072 2994 16 18 is
1099 2994 75 26 replete
1185 2995 49 18 with
1251 3002 60 15 every
1321 2996 85 17 comfort
1416 2996 32 18 for
1458 2996 91 19 Tourists
1559 2996 38 19 and
1609 2996 99 19 Invalids.

565 3023 186 20 Note.—Tourists
760 3025 21 16 to
792 3020 102 21 Sotorua!
922 3020 30 19 Be
963 3027 46 12 sure
1022 3024 20 14 to
1060 3020 47 19 take
1125 3027 50 17 your
1194 3022 29 17 rai
1234 3027 44 19 wny
1297 3021 72 19 tickets
1389 3021 31 19 for
1436 3021 113 20 OkokolUE.
1587 3022 143 25 Conveyances
1745 3026 52 16 meet
1816 3024 52 19 train

536 3050 104 23 Okoroire,
652 3049 95 25 carrying
757 3054 120 20 passengers
889 3050 19 15 to
919 3046 63 19 Hotel
992 3047 43 18 free
1051 3046 21 19 of
1081 3046 80 25 charge.

796 3389 245 42 EXPRESS
1077 3389 136 38 LINE
1247 3388 70 41 OF
1355 3391 264 39 COACHES.

538 3444 229 57 Carrying
787 3443 97 45 Her
909 3441 254 55 .Majesty's
1199 3440 137 47 .Mails
1368 3453 50 35 as
1456 3454 83 43 per
1569 3443 312 56 Time-tables,

702 3511 275 21 TAURANGA-ROTORUA
990 3510 63 17 LIXE

537 3556 107 23 Tauranga,
693 3554 68 23 depart
808 3551 86 22 Tuesday
903 3551 38 17 and
950 3549 94 22 Saturday

537 3580 25 17 Te
571 3579 59 20 Puke,
692 3577 61 17 arrive
841 3588 10 8 ~
997 3586 11 8 >,

538 3603 25 17 Te
571 3602 59 20 Puke,
692 3600 67 23 depart
840 3611 11 8 ~
996 3608 12 9 >•

1389 3511 216 19 KOTORUA-TAUPO
1622 3512 71 18 LINE.

1211 3549 85 17 Rotorua
1351 3550 68 22 depart
1465 3551 118 23 Wednesday
1600 3552 37 18 und
1660 3552 94 22 Saturday

1211 3572 97 18 Ateamuri
1352 3573 68 22 depart
1514 3587 11 7 ~
1694 3588 11 8 ~

538 3603 25 17 Te
571 3602 59 20 Puke,
692 3600 67 23 depart

538 3626 90 19 Rotorua,
694 3624 60 17 arrive

538 3649 90 18 Rotorua,
690 3646 67 23 depart

538 3672 25 16 Te
572 3671 58 21 Puke,
689 3670 61 17 arrive

538 3695 25 17 Te
572 3694 59 20 Puke,
689 3693 68 22 depart

538 3719 107 21 Tauranga,
690 3716 61 17 arrive

694 3629 60 12 arrive
840 3634 11 7 ~
996 3629 12 12 •.

690 3646 67 23 depart
804 3644 86 22 Monday
906 3643 38 17 and
961 3642 70 22 Friday

1059 3573 51 16 10.30
1119 3578 43 11 a.m.
1211 3573 98 16 Ateamuri
1352 3573 68 22 depart

1058 3596 51 16 10.4.0
1118 3601 43 12 a.m.
1211 3595 94 18 Wairakei
1352 3596 68 22 depart

1100 3620 10 14 (i
1116 3624 45 16 p.m.
1211 3619 70 22 Taupo,
1354 3619 60 17 arrive

1100 3642 8 17 7
1118 3648 43 10 a.m.
1209 3642 72 22 Taupo,
1353 3642 68 22 depart

1057 3665 51 16 12.30
1117 3669 44 17 p.m.
1210 3665 93 17 Wairakei
1354 3666 68 21 depart

1056 3688 51 16 12.-1.5
1115 3693 46 16 p.m.
1211 3687 102 22 Ateamuri,
1355 3688 68 23 depart

1067 3711 40 17 3.15
1115 3716 46 16 p.m.
1210 3711 90 21 Rotorua,
1354 3711 60 17 arrive

1353 3642 68 22 depart
1467 3643 99 22 Thursday
1580 3643 38 17 and
1634 3644 85 22 Monday

1799 3669 30 16 8.5
1837 3674 44 11 a.m.

1778 3690 52 19 11.30
1837 3697 44 11 a.m.

1786 3715 41 15 4.30
1836 3719 45 16 p.m.

707 3770 126 33 Special
846 3769 231 31 Conveyances
1089 3766 157 32 arranged
1260 3766 48 25 for
1321 3767 33 25 at
1367 3766 55 26 the
1435 3766 145 27 Shortest
1593 3768 121 25 Notice.

865 3803 200 30 STABLES:
1084 3803 168 26 Tutanekai
1282 3804 110 30 Street,
1417 3804 141 26 Rotorua.

703 3848 113 33 Buggies,
835 3846 119 32 ©caches
1040 3844 95 28 .Saddle
1154 3843 92 33 gorges
1263 3853 30 23 ci?
1312 3845 50 31 tyre
1380 3853 31 23 er?
1430 3845 44 32 tl?e
1493 3845 118 32 Shortest
1630 3845 94 33 I^ctiee.

1025 3885 130 17 TERMS
1182 3886 217 16 MODERKT6.

890 3918 145 29 Telegrams
1047 3915 53 24 and
1109 3915 99 23 Letters
1216 3915 151 31 punctually
1380 3916 117 23 attended
1506 3919 29 21 to.

540 3989 76 26 NB.
653 3986 114 27 Please
781 3984 73 26 note
867 3982 134 26 address

660 4027 60 65 «.
772 4020 458 70 ROBeKTSON
1279 4020 49 65 &
1362 4020 127 67 m.
1529 4029 234 46 Rotorua.

871 4102 306 43 contractors
1201 4094 76 47 for
1293 4094 181 48 .Messrs
1496 4094 43 47 T.
1562 4094 127 47 Cook,
1710 4095 47 47 &
1778 4097 104 47 Son.

2096 738 58 24 Hot
2182 738 97 25 Lakes
2298 739 33 24 of
2349 739 70 25 New
2438 739 144 26 Zealand.

2035 888 27 18 IS
2076 888 22 18 A
2110 888 193 18 FIRST-CLASS
2317 888 206 19 TEMPERANCE
2536 889 107 19 HOTEL.

1985 925 237 24 HINSMOH
2239 927 198 24 STREET,
2458 927 239 24 ROTORUR.

1896 990 83 29 rpHIS
1992 990 59 17 NEW
2064 990 54 17 AND
2131 989 122 18 COMFORT
2255 990 67 16 AISLE
2335 989 217 19 ESTABLISHMENT
2559 990 18 18 is
2585 990 82 19 sihiated
2674 990 22 18 in
2704 991 33 18 the
2744 996 43 12 new

1904 1013 18 19 jL
1960 1015 18 15 to
1982 1013 71 23 wnship
2062 1012 20 18 of
2089 1012 91 21 Rotorua,
2190 1012 49 18 close
2248 1013 21 17 to
2277 1012 33 18 the
2319 1012 127 18 Government
2462 1012 118 19 Sanatorium
2594 1014 39 17 and
2644 1012 67 23 Bath's,
2725 1013 62 19 which

2217 1035 92 23 comprise
2317 1035 32 17 the
2358 1035 105 18 celebrated

1896 1065 92 18 Priest's
1998 1064 65 23 Bath,
2076 1064 107 18 Madame
2192 1063 87 19 Rachel
2288 1064 78 22 Baths,
2378 1064 139 18 Chameleon
2526 1064 96 19 Douche
2632 1065 65 22 Bath,
2714 1065 73 23 Large

1966 1087 57 19 Blue
2032 1087 137 23 Swimming
2178 1087 66 22 Bath,
2262 1087 102 23 Sulphur
2481 1087 60 19 Bath
2550 1088 47 18 and
2606 1088 111 18 Galvanic

2254 1110 97 22 Battery
2360 1110 65 22 Bath,

1896 1135 69 17 OVER
1981 1134 88 18 WHICH
2085 1134 86 16 LARGE
2189 1132 118 19 BATHING
2324 1133 141 19 PAVILIONS
2485 1134 72 18 HAVE
2578 1135 70 17 BEEN
2668 1135 119 17 ERECTED

2002 1157 44 18 with
2056 1162 101 12 numerous
2166 1156 91 21 Dressing
2273 1157 76 18 Rooms,
2359 1157 35 17 etc.
2420 1157 75 16 Besides
2504 1158 52 16 these
2564 1157 53 18 Ihero
2626 1158 15 17 is
2650 1157 32 18 the

1896 1180 134 19 Pain-killer
2042 1179 66 23 Bath,
2124 1179 134 23 Coffee-pot,
2274 1179 132 18 Cameron's
2419 1179 47 18 and
2480 1179 129 20 Hinemaru
2622 1181 73 18 Baths
2709 1180 23 19 in
2747 1180 40 19 the

2201 1202 150 19 Sanatorium
2368 1202 114 19 Grounds.

1898 1249 112 19 Bathgate
2029 1247 73 20 House
2119 1247 37 18 has
2172 1246 53 19 been
2244 1247 79 25 greatly
2342 1246 95 26 enlarged
2453 1247 32 19 for
2502 1247 92 20 Tourists
2611 1255 21 11 as
2651 1247 47 20 well
2716 1255 21 11 as
2757 1248 32 19 f«r

2135 1272 71 26 people
2219 1273 73 25 taking
2303 1279 12 12 a
2324 1279 69 12 courso
2404 1273 21 18 of
2434 1273 35 20 the
2481 1273 69 19 Baths.

2152 1306 132 20 TERMS
2305 1307 230 21 MODERATE.

2353 1354 41 32 R
2418 1353 45 35 3

1898 1422 63 18 N.B.-
1973 1423 24 18 3VI(
2007 1425 17 17 st
2033 1425 19 17 of
2061 1425 53 16 those
2123 1425 43 17 who
2175 1425 43 18 visit
2227 1427 75 17 Brent's
2312 1428 23 16 do
2344 1434 20 11 so
2373 1428 82 24 through
2467 1430 31 16 the
2513 1430 47 17 hind
2573 1432 181 18 recommendations
2771 1432 19 19 of

2239 1450 86 21 previous
2335 1452 108 18 customers.

2070 2340 145 26 ALBERT
2234 2342 151 30 STREET,
2411 2342 213 26 AUCKLAND.

2023 2446 156 49 LOUIS
2215 2447 182 51 DOYLE,

2002 2667 166 36 QUEEN
2196 2668 203 35 STBEET,
2419 2669 274 32 AUCKLAND,

2131 2707 107 19 UNDER
2251 2709 76 17 NEW
2339 2709 225 19 MANAGEMENT.

2119 2739 456 65 JOSEPjOeRJE,

2030 2817 59 26 '[Late
2100 2818 21 18 of
2131 2818 34 18 (Ik!
2175 2817 57 20 Lake
2243 2818 70 19 House
2330 2819 40 18 and
2384 2818 74 20 Palace
2469 2819 78 21 Hotels,
2563 2820 104 25 Kotorun.)

2149 2849 49 19 Has
2204 2850 52 23 just
2265 2850 72 19 taken
2349 2856 55 13 over
2413 2850 47 19 this
2470 2850 75 19 Hotel.

1902 2871 128 19 Travellers
2039 2871 47 20 will
2095 2872 48 18 find
2152 2877 70 19 every
2230 2873 99 18 Modern
2338 2874 161 17 Convenience
2509 2874 120 19 combined
2637 2874 58 19 with
2702 2874 92 24 Civility

2206 2897 47 18 and
2260 2897 97 22 Prompt
2364 2897 124 19 attention.

1928 2939 43 19 The
1983 2940 96 18 situation
2091 2941 21 17 of
2127 2941 34 18 tlie
2323 2942 81 19 renders
2425 2942 15 18 it,
2460 2942 96 24 specially
2575 2949 58 12 convf
2667 2945 27 16 mt
2713 2942 29 19 for
2761 2942 33 21 the

1903 2965 117 26 Travelling
2031 2966 72 19 Puulic
2114 2967 40 18 and
2173 2966 87 20 Visitors
2277 2971 21 15 to
2315 2968 34 18 tlo
2367 2968 45 24 City
2429 2968 52 19 from
2497 2968 34 19 the
2549 2968 76 19 Countr
2665 2975 18 18 >y
2704 2970 50 17 train
2774 2975 20 13 or

1903 2994 92 16 steamer.

1903 3017 103 30 Special
2017 3018 206 28 Arrangements
2234 3020 75 22 made
2319 3020 39 22 for
2373 3020 44 22 the
2432 3020 178 23 convenience
2624 3020 27 23 of
2663 3038 10 5 -
2686 3020 107 25 amilies.

2097 3057 153 17 NIGH

2344 3058 254 18 PORTER

1905 3097 176 26 First-class
2097 3098 116 26 Billiard
2232 3100 118 25 Rooms.
2388 3100 100 26 Wines
2502 3102 61 25 and
2579 3102 109 25 Spirits
2702 3102 32 24 of
2740 3102 54 24 the

1985 3131 68 25 best
2069 3131 125 26 Brands.
2240 3133 170 26 Hancock's
2433 3134 82 25 Prize
2530 3134 99 25 XXXX
2649 3134 29 26 A!
2692 3141 25 18 is

2178 3165 113 33 aiways
2310 3173 38 19 on
2375 3167 140 32 draught.

1905 3288 81 19 Under
1993 3289 40 18 the
2039 3289 172 23 distinguished
2217 3291 129 23 patronage
2353 3291 27 18 of
2383 3291 42 18 His
2432 3291 139 24 Excellency
2580 3292 61 19 Lord
2650 3292 144 24 Carrington,

1929 3320 120 20 Governor
2058 3321 26 17 of
2090 3321 100 23 N.S.W.,
2201 3322 47 18 and
2257 3323 61 18 Lord
2336 3323 94 18 Onslow
2439 3323 120 19 Governor
2568 3324 26 17 of
2600 3324 57 18 New
2667 3324 104 19 Zealand.

2066 3593 578 38 T7SURMNGK.

1906 3673 86 43 THE
2032 3673 86 24 STAR
2150 3674 17 18 is
2178 3676 129 23 pronounced
2319 3676 26 24 hy
2361 3676 26 19 its
2399 3676 86 19 Patrol
2503 3679 20 16 to
2538 3677 25 18 ho
2579 3676 34 19 the
2631 3676 45 20 best
2689 3676 51 19 built
2757 3676 37 19 and

1974 3702 43 17 best
2026 3700 108 18 furnished
2146 3700 62 18 Hotel
2218 3701 21 18 in
2250 3701 34 18 the
2295 3701 67 19 North
2373 3702 21 19 Is
2403 3704 45 17 ami.

1939 3730 135 26 Private
2088 3731 107 26 Suites
2204 3732 21 19 oi
2235 3732 133 26 Apartments
2379 3734 31 18 for
2423 3733 98 21 Families.

2222 3765 102 29 Sample
2338 3766 96 23 Rooms
2456 3768 31 18 for
2501 3766 131 20 Commercial
2644 3766 124 20 Gentlemen.

1905 3797 89 20 Coaches
2003 3798 57 19 leavo
2069 3798 34 18 the
2114 3798 62 18 Hotol
2185 3798 32 19 for
2234 3799 34 18 the
2283 3799 66 20 Lakes
2368 3808 25 11 on
2409 3801 75 19 arrival
2500 3801 21 20 62
2538 3801 25 19 all
2582 3804 102 16 steamers,
2715 3800 79 26 .Special

2013 3824 92 24 Buggies
2121 3823 41 19 and
2173 3824 75 19 Saddle
2258 3824 79 21 Horses
2347 3833 36 12 can
2400 3827 25 18 he
2442 3827 96 19 obtained
2556 3828 31 18 for
2597 3827 27 19 all
2637 3831 56 21 parts
2712 3823 2 29 '

2263 3852 21 18 of
2295 3851 35 19 the
2345 3852 96 24 Country.

1907 3883 185 25 First-class
2105 3883 126 32 Sailing
2245 3885 62 25 and
2321 3885 136 33 Rowing
2470 3886 99 27 Boats
2582 3886 48 27 for
2643 3887 152 25 Pleasure

2169 3918 63 24 and.
2250 3918 135 31 Fishing
2398 3920 134 25 Parties.

1906 3956 65 26 The
2003 3956 163 26 Saltwater
2196 3958 129 32 Bathing
2361 3960 125 26 Pavilion
2523 3961 22 24 is
2581 3960 100 25 within
2707 3961 87 25 three

2110 3990 138 25 minutes'
2271 3991 76 26 walk
2368 3993 33 24 of
2416 3993 54 26 the

2125 4030 119 25 Telegrams
2265 4032 78 19 receive
2371 4036 81 22 prompt
2470 4034 107 19 attention.

2216 4132 284 31 PROPRIETOR

2850 771 124 24 FORT

2834 861 97 24 Splendid
2947 865 165 20 accommodation
3126 867 31 19 for

2809 885 35 19 ists
2854 887 39 18 and
2904 887 116 23 Travellers.

2825 920 183 34 High-class
3027 925 109 26 Wines
3158 928 62 25 and

2921 956 114 32 Spirits
3048 958 82 32 kept.

2855 1026 40 24 W.
2930 1028 31 24 H.
2991 1029 156 27 PEAR-C
3166 1031 26 30 E,

2937 1064 175 32 Proprietor.

2891 1113 16 16 L
2935 1113 15 16 E
2978 1114 16 16 N
3027 1116 14 16 A.
3072 1115 15 17 L
3118 1116 17 17 V
3167 1118 14 16 0
3214 1118 24 20 N,

2916 1155 109 17 SYMOSDS
3041 1157 94 21 STREET,

2811 1183 95 21 (Formerly
2916 1184 27 16 Sir
2954 1185 48 17 Fred.
3018 1186 102 17 WhitHker's
3132 1188 106 21 Residence,)

2955 1215 95 20 Telephone
3064 1217 36 16 614.

2833 1243 16 15 A
2857 1243 41 15 Few
2907 1243 61 17 Ladies
2977 1244 32 16 and
3020 1245 98 17 Gentlemen
3131 1251 32 12 can
3176 1247 20 16 l>o
3210 1252 19 11 ac-

2811 1264 118 17 commodated
2933 1266 40 15 with
2978 1267 77 19 superior
3059 1266 52 17 Board
3119 1267 14 16 &
3138 1268 100 17 Residence.

2833 1293 36 15 The
2877 1294 53 16 house
2938 1295 14 16 is
2960 1296 74 15 situated
3043 1296 15 15 in
3065 1296 46 20 larjre
3117 1297 81 19 grounds,
3206 1297 34 17 and

2813 1315 97 15 commands
2918 1317 108 20 magnificeul
3037 1317 50 16 views
3095 1318 17 16 of
3122 1318 29 16 the
3159 1318 79 17 harbour.

2834 1345 63 16 Tenuis
2907 1344 59 18 Luwn.

2834 1373 36 17 Ten
2879 1375 80 15 minutes'
2970 1375 44 16 walk
3024 1376 43 15 from
3076 1376 28 16 the
3112 1376 41 17 Tost
3161 1377 58 16 Ofiiee.

2928 1404 63 17 Busses
2998 1410 39 16 pass
3045 1405 30 16 the
3080 1407 81 16 entrance
3170 1408 46 16 ,/ate.

2832 1476 227 28 CLARENDON
3096 1480 131 31 HOTEL,

2842 1517 82 17 Junction
2934 1518 30 19 Qui
2972 1524 19 11 en
3001 1520 32 16 nud
3050 1520 92 17 Wakefield
3151 1521 61 16 Street.

2921 1548 138 33 /?ucklar?d,
3078 1550 60 26 D.Z.

2815 1604 146 24 First-class
2978 1607 200 23 accommodation
3196 1609 49 29 for

2963 1638 147 24 Travellers.

2897 1678 48 18 Hot
2954 1678 45 18 and
3015 1678 56 19 Cold
3083 1679 79 19 Baths.

2837 1709 40 16 Btht
2887 1709 32 16 Wii
2928 1715 17 10 es
2952 1710 33 16 arid
2994 1710 62 21 Spirits
3067 1710 64 21 always
3140 1711 16 16 in
3165 1711 56 18 Stock.

2910 1739 33 15 ii.it
2955 1739 58 17 Lunch
3025 1741 18 14 12
3055 1742 17 13 to
3080 1742 8 13 2
3098 1740 53 22 daily.

2815 1768 36 19 W.
2872 1769 110 22 LYNCH,
3020 1762 14 21 -'
3064 1779 8 4 -
3106 1770 139 23 Proprietor.

2922 1800 52 21 pEAD
2987 1801 61 20 JVIILLE
3061 1802 91 18 fAILTHE.

2815 1845 48 26 W.
2877 1845 37 25 H.
2934 1845 28 26 &
2982 1845 37 26 H.
3047 1846 31 25 C.
3108 1846 136 32 Wright,

2889 1894 131 20 tUBGEON
3033 1894 137 21 DENTISTS.

2860 1965 123 24 (Successors
2994 1966 19 17 to
3025 1965 24 17 A.
3062 1965 21 19 L.
3100 1965 102 25 Wright.)

2841 1998 73 24 Notify
2923 1998 45 19 that
2978 1998 48 23 they
3036 2005 33 12 are
3079 1999 120 25 continuing-
3211 2000 34 19 tho

2817 2024 95 19 Business
2923 2027 20 16 at
2951 2025 34 18 the
2996 2024 99 19 Premises
3105 2027 34 23 top
3147 2025 20 20 of
3175 2025 59 20 Short-

2817 2050 126 19 land-street.
2971 2051 41 18 The
3024 2051 111 23 high-class
3152 2052 56 19 work
3225 2052 21 19 of

2817 2077 33 18 the
2860 2076 42 19 late
2913 2076 32 19 Mr
2954 2076 24 18 A.
2989 2076 21 19 L.
3024 2076 81 26 Wright
3118 2077 40 19 will
3168 2078 24 18 ha
3210 2078 26 19 ad-

2817 2102 60 19 hered
2889 2104 25 21 to,
2926 2102 40 19 and
2976 2109 39 17 any
3031 2102 36 19 left
3085 2102 116 20 unfinished
3218 2104 28 24 by

2817 2128 43 19 that
2871 2129 115 23 gentleman
2999 2128 38 19 will
3049 2128 24 19 be
3089 2129 112 20 completed
3218 2129 29 25 by

2910 2155 34 18 the
2951 2161 43 12 new
3004 2157 147 23 management.

2817 2188 114 25 Telephone
2942 2190 43 17 G57.

2851 2243 22 24 J.
2896 2243 30 24 H.
2949 2243 264 31 BUCHANAN,

2890 2293 96 25 Stone
2999 2293 173 25 Merchant

2840 2388 117 23 Statuary,
2985 2388 161 18 Monumental
3178 2389 46 19 and

2934 2412 97 17 General
3040 2412 89 19 Mason.

2817 2446 107 18 MAEBLE
2933 2448 14 16 A
2955 2447 147 17 FREESTONE

2840 2469 97 23 PIECES,
2954 2471 126 19 .MANTELS,
3095 2471 85 20 AWSEK,
3192 2472 32 18 &c

2844 2505 139 25 VICTORIA
3002 2505 117 25 STREET
3137 2506 82 29 EAST,

2819 2544 428 36 KUCKLHND,

2844 2605 89 26 Designs
2951 2606 40 18 and
3008 2605 66 20 Prices
3093 2607 114 19 forwarded
3226 2609 21 17 to

2818 2638 39 18 any
2868 2634 45 23 part
2923 2633 21 17 of
2953 2633 34 17 the
2998 2632 95 19 Province
3104 2640 22 10 or
3133 2633 77 24 (Joluuy
3220 2640 28 12 oil

2818 2657 129 26 application.

2869 2715 162 45 Steele
3055 2716 136 45 Bros.

2824 2878 128 42 DESIRE
2961 2878 24 17 to
2995 2877 74 18 thank
3078 2877 38 18 the
3126 2878 77 22 public
3212 2878 36 18 for

2886 2901 55 22 past
2955 2901 77 17 favors
3047 2900 44 18 and
3105 2900 46 23 beg
3170 2902 24 17 to
3210 2907 26 12 an-

2818 2929 91 13 nounce
2919 2924 51 18 that
2978 2923 86 23 having
3072 2929 14 12 a
3100 2923 63 24 large
3178 2925 70 17 stock

2818 2948 26 17 of
2854 2947 174 18 'well-seasoned
3036 2946 120 19 first-class
3165 2947 85 18 timber

2818 2975 30 13 on
2858 2970 62 18 hand
2928 2970 56 23 they
2992 2975 39 13 are
3040 2970 111 23 prepared
3158 2971 24 17 to
3190 2970 59 18 fulfil

2819 2993 79 19 orders
2907 2994 26 18 at
2941 2993 99 18 reduced
3049 2994 67 18 rates.

3064 3061 116 20 ARRISOX,
3195 3061 53 22 8.A.,

2854 3123 142 19 BARRISTEK
3010 3124 53 17 AND
3073 3124 140 18 SOLICITOR.

2833 3165 39 18 lis,
2893 3163 98 18 Victoria
3011 3163 87 22 Arcade,

2821 3243 91 18 Barrister
2926 3243 37 17 and
2978 3243 86 17 Solicitor
3078 3243 19 17 of
3112 3243 33 17 tho
3162 3243 90 23 Supreme

2914 3267 64 19 Court,
2985 3266 84 20 Ontario,
3076 3266 82 18 Canada,

2820 3497 74 18 Losses
2902 3497 52 17 Paid
3128 3497 124 25 £20,000,000

2820 3529 51 17 Fire
2883 3528 100 18 Premium
2999 3529 92 17 Exceeds
3140 3527 112 24 £1,500,000

2820 3560 150 17 Accumulated
2973 3559 70 18 Fuxds
3049 3560 82 17 Exceed
3140 3558 112 24 £1,000,000

2890 3598 38 20 W.
2951 3598 94 19 WARD
3063 3599 111 23 BAKER,

2853 3638 97 18 District
2959 3638 115 23 Manager,
3084 3639 131 18 Auckland.

2907 3678 37 18 W.
2959 3678 26 18 A.

2879 3717 70 19 Local
2970 3718 83 22 Agent,
3081 3718 109 19 Rotorua.

2874 3797 108 39 DAVID
3014 3797 179 45 SHERRIFF,

2908 3871 110 19 FAMILY
3036 3870 133 24 HUICiIER,

2874 3920 80 20 Abatta
2978 3921 89 22 Street,
3090 3920 104 19 Botohua.

2846 3968 23 19 Is
2887 3975 46 13 now
2951 3969 94 24 carrying
3063 3975 24 13 on
3106 3969 33 17 the
3156 3967 90 19 business

2821 4002 62 25 lately
2905 4003 109 18 conducted
3035 4003 26 24 by
3078 4002 72 18 Messrs
3168 4001 80 18 Jeckliu

2821 4037 40 18 nnd
2872 4036 75 23 Cotter,
2960 4037 39 18 and
3010 4037 16 18 is
3037 4035 94 26 prepared
3143 4038 18 16 to
3175 4035 72 24 supply

2821 4070 34 19 tho
2865 4071 70 25 public
2944 4070 47 21 with
3004 4070 62 27 prime
3074 4069 77 25 quality
3160 4069 21 18 of
3192 4073 56 15 meat

2822 4104 39 20 and
2870 4105 58 19 small
2938 4105 63 25 goods

2893 4148 37 19 AT
2943 4148 115 20 LOWEST
3072 4146 105 21 PEICES.
