3278 4338
1087 1689 122 18 VISITORS'
1224 1691 62 16 LIST.

1108 1735 72 19 Grand
1190 1736 77 18 Hotel.

994 1766 106 19 Mesdames
1121 1767 94 22 Coleman,
1322 1768 81 24 Hadley.

969 1790 67 17 Misses
1046 1790 61 18 Watts
1116 1790 33 24 (2),
1158 1790 107 25 Vercoo('i).
1278 1792 70 17 Messrs
1354 1792 49 22 Hay,

970 1813 95 20 Coleman;
1073 1814 60 18 Allen.
1142 1814 79 21 Walker,
1230 1815 103 22 Chapman,
1342 1815 61 20 Short,

971 1836 77 24 Hagon,
1056 1836 98 24 (Sydney),
1169 1837 84 22 Watson,
1263 1837 72 22 Dodds,
1350 1838 41 17 Had-

970 1860 36 22 ley,
1016 1860 112 22 Robertson,
1138 1861 59 20 M.A.,
1208 1862 92 20 Boucher,
1310 1862 65 22 Getty.

1100 1907 81 18 Geyseb
1198 1907 77 18 Hotel.

993 1938 105 18 Mesdames
1108 1938 58 20 Field,
1176 1939 100 19 Murdoch.
1287 1940 50 19 Hill,
1350 1940 41 22 Eng-

970 1961 55 21 land;
1040 1961 96 21 Common,
1149 1962 73 21 Mellor,
1240 1962 87 23 Sydney,-
1346 1962 47 18 Gear-

970 1985 43 20 don,
1021 1985 89 17 Scotland
1118 1985 3 22 ;
1132 1985 79 22 Burton,
1220 1986 104 18 Auckland.
1338 1987 66 17 Misses

971 2008 47 19 Hill,
1028 2008 90 22 England
1126 2008 4 26 ;
1145 2008 71 23 Bailey,
1232 2009 80 23 Sydney.
1341 2009 64 25 Judge

971 2031 70 22 Coffey,
1068 2032 87 22 Sydney;
1180 2032 29 17 Tr
1233 2033 47 20 Hill,
1302 2033 101 22 England;

969 2055 70 17 Messrs
1058 2054 122 22 Richardson,
1202 2055 99 21 Swansea;
1328 2056 75 22 Wrenn,

970 2078 69 20 Burtis,
1062 2078 46 17 New
1125 2078 63 21 York;
1210 2079 48 20 Biss,
1280 2080 123 20 Williamson,

970 2102 100 21 MeGarry,
1079 2102 80 19 Burton,
1178 2102 99 18 Auckland
1285 2102 4 22 ;
1303 2103 100 21 Murdoch.,

970 2124 59 21 Field,
1048 2124 67 22 Smith,
1135 2125 81 21 Walton,
1245 2126 65 23 Paget,
1334 2126 69 22 Come,

969 2148 94 20 Bemrose,
1085 2147 100 24 England;
1213 2149 97 21 Common,
1331 2150 72 21 Bailey,

969 2171 75 19 Mellor,
1055 2171 59 17 Wood
1117 2185 5 5 v
1131 2171 85 24 Sydney;
1232 2172 75 21 Forbes,
1322 2173 81 22 Blandy,

970 2194 116 22 Pilkington,
1107 2194 61 21 Eton;
1195 2196 90 20 Sullivan,
1307 2196 96 20 Nicholas,

970 2216 67 23 Ridge,
1048 2217 111 18 Melbourne
1166 2216 3 23 ;
1185 2218 59 21 Scott,
1256 2219 96 18 Waikato.

1035 2263 88 19 Brent's
1135 2265 113 17 Bathgate
1259 2265 77 18 House.

993 2295 105 17 Mesdamcs
1129 2296 109 21 Stevenson,
1273 2298 112 17 Melbourne
1399 2303 6 15 ;

970 2318 71 22 Symes,
1049 2319 91 17 Gisborne
1147 2318 4 25 ;
1164 2319 61 20 Krall,
1234 2321 105 22 Wanganui
1349 2318 3 25 ;
1362 2321 41 17 Mc-

969 2342 58 20 Lean,
1053 2348 55 13 seiir.,
1129 2342 104 22 Taranaki;
1255 2344 148 20 Smith-Hozicr,

970 2365 87 22 Sydney;
1083 2365 71 21 Blakie,
1180 2366 92 21 Webster,
1298 2368 105 17 Auckland.

969 2388 67 18 Misses
1050 2389 97 20 Cameron,
1164 2388 117 25 Wanganui;
1303 2389 100 24 Hepburn',

969 2411 112 18 Melbourne
1089 2411 4 25 ;
1115 2413 68 16 Brown
1194 2412 32 24 (2),
1242 2413 98 18 Taranaki.
1377 2414 28 17 Dr

969 2435 61 22 Barry
1038 2436 20 15 T.
1069 2435 79 21 Russell,
1159 2436 75 17 Ireland
1242 2443 6 14 ,-
1269 2437 45 17 Rev.
1331 2437 72 20 Blakie,

970 2458 99 17 Auckland
1077 2458 4 23 ;
1091 2458 70 18 Messrs
1180 2459 96 21 Ilalstead,
1291 2461 112 20 Mnsterton,

969 2481 89 23 England
1065 2488 6 14 ;
1099 2481 50 17 R.II.
1171 2483 85 22 Reanr-y,
1275 2484 117 22 Wellington
1399 2481 4 25 ;

969 2505 58 19 Blair,
1038 2505 36 17 Ota
1076 2511 24 15 go
1108 2505 4 24 ;
1126 2505 107 22 Haurwitz,
1249 2507 157 22 Johannesberg;.

970 2528 90 19 McLean,
1077 2528 32 23 (UJ,
1124 2529 101 21 Taranaki;
1247 2530 98 21 Newman,
1359 2530 34 17 Vic-

969 2551 60 20 toria;
1044 2547 82 26 Aubrey,
1144 2552 124 23 Whangarei;
1291 2553 71 18 Adams
1370 2552 33 25 (2),

969 2573 90 23 Thames;
1093 2575 91 21 Haszard,
1210 2577 76 21 Taylor,
1313 2577 93 20 Webster,

970 2597 105 18 Auckland.

1068 2644 58 18 Lake
1143 2646 72 17 House
1227 2646 77 18 Hotel.

993 2676 106 17 Mesdames
1117 2677 35 16 Wil
1156 2676 3 22 1
1166 2678 60 19 inson,
1248 2678 85 20 Browne,
1349 2679 42 16 Dun-

970 2699 54 20 edin;
1046 2700 87 19 Carrut.h,
1151 2700 122 23 Papatoetoe.
1307 2702 45 16 Rev.
1374 2702 32 17 Mr

970 2723 92 19 Crombio,
1086 2723 97 23 England;
1206 2724 70 18 Messrs
1292 2724 111 21 Wilkinson,

969 2746 86 20 Browne,
1066 2745 102 23 Dunedin;.
1179 2748 88 19 Carruth,
1277 2749 126 21 Papatoetoe;

970 2769 86 20 Boctett,
1068 2769 88 24 Opotiki;
1168 2770 73 23 Taylor,
1252 2771 25 17 To
1290 2772 102 16 Awamutu
1400 2769 3 24 ;

969 2792 73 21 Angus,
1061 2792 97 21 Williams,
1177 2794 96 19 Garriock,
1292 2794 100 17 Auckland
1400 2801 6 14 ;.

970 2816 53 19 Ross,
1034 2816 99 16 Hamilton
1141 2816 4 23 ;
1164 2817 82 21 ICasabs,
1261 2818 91 17 Mumaku
1359 2824 7 15 ,-
1385 2817 19 19 J.

970 2839 18 16 S.
999 2839 86 20 Walters,
1096 2839 84 23 Sydney.

1103 2886 44 17 The
1159 2886 111 19 Langham.

994 2918 106 17 Mesdames
1115 2918 88 19 Graham,
1220 2919 76 17 Hohart
1303 2926 7 14 ;
1327 2919 66 18 Pcater-

969 2946 40 14 son,
1027 2941 76 22 Napier.
1134 2942 66 16 Misses
1216 2942 81 21 Tindall,
1316 2941 87 23 Awhitu;

969 2964 68 20 Borne,
1047 2965 25 16 Te
1086 2965 108 17 Awamutu.
1227 2966 54 21 Capt.
1296 2966 108 20 Peaterson,

969 2986 70 19 Messrs
1049 2987 84 23 Cowper,
1143 2987 75 23 Napier;
1232 2989 80 21 Tindall,
1320 2989 83 21 Awhitu;

970 3009 85 24 Chilling
1055 3010 67 21 worth,
1130 3011 95 24 England;
1233 3012 98 23 Lorrigan,
1340 3013 52 16 Auck-

969 3033 44 17 land
1022 3033 4 26 ;
1054 3034 83 22 Renney,
1164 3033 115 26 Southland;
1307 3036 96 23 Stranger,

969 3057 106 22 Tauranga.

1102 3104 85 17 Mojcoia
1198 3104 65 18 View.

993 3132 47 17 Miss
1049 3132 70 20 Dillon,
1130 3133 105 17 Auckland.
1261 3133 68 19 Messrs
1338 3134 65 20 Hunt;

969 3154 67 21 Oakes,
1052 3156 73 20 Tobias,
1136 3156 79 20 Shields,
1232 3156 92 23 Cornago,
1340 3158 52 16 Auck-

969 3177 45 18 land
1021 3177 4 24 ;
1040 3179 76 19 Gibson,
1127 3179 25 17 Te
1161 3180 102 17 Awamutu
1270 3177 4 24 ;
1282 3180 122 21 Moorehead,

969 3201 47 16 New
1026 3201 60 18 South
1093 3202 61 18 Wales
1161 3201 4 25 ;
1180 3202 85 24 Smythe,
1273 3203 130 21 Coroiaandel;

969 3224 58 21 Read,
1038 3225 123 22 Greymouth.

971 3300 56 19 THE
1049 3300 56 25 HOT
1124 3300 93 25 LAKES
1236 3300 167 25 CHRONICLE

1156 3345 57 13 AND

1073 3373 107 20 Tourists'
1197 3375 101 24 Journal.

1006 3439 170 20 WEDNESDAY,
1187 3440 79 17 APRIL
1277 3442 29 18 29,
1317 3441 51 17 1896.

971 3509 103 24 LOCAL
1088 3509 96 24 NEWS
1207 3510 71 23 AND
1291 3509 99 24 NOTES.

994 3578 84 17 Tourists
1098 3578 102 23 travelling
1215 3578 87 18 between
1320 3578 85 18 Rotoiua

971 3601 38 18 and
1018 3601 99 18 Auckland
1126 3608 35 11 can
1174 3602 39 22 rely
1227 3607 52 17 upon
1292 3602 76 22 getting
1380 3607 24 12 an

971 3624 92 17 excellent
1072 3625 34 16 hot
1118 3625 93 17 luncheon
1225 3627 20 14 at
1260 3625 33 17 the
1307 3625 97 17 Frankton

971 3648 65 21 Hotel,
1058 3648 97 17 Frankton
1169 3648 98 21 Junction,
1288 3648 61 17 where
1372 3648 33 17 the

971 3671 51 17 train
1028 3672 53 21 stops
1089 3672 22 15 20
1121 3671 99 17 minutes.*

994 3702 39 17 The
1042 3702 58 17 Town
1110 3702 63 17 Board
1189 3702 36 17 cull
1242 3702 30 17 for
1284 3702 75 17 tenders
1376 3703 30 16 for

973 3725 70 17 certuin
1052 3725 61 17 works
1122 3725 33 17 the
1162 3725 136 22 specifications
1307 3726 19 16 of
1343 3726 61 16 which

971 3748 39 17 will
1018 3749 23 16 be
1048 3748 60 17 found
1112 3749 21 16 at
1142 3749 32 16 the
1183 3749 46 16 Post
1237 3748 64 18 Office.

994 3779 39 17 The
1049 3779 76 23 Sydney
1138 3779 82 17 Bulletin
1230 3786 35 10 can
1279 3780 23 16 be
1317 3779 88 17 obtained

971 3803 71 21 weekly
1051 3804 20 15 at
1079 3803 32 16 the
1120 3801 117 21 C.UBPNIOEB
1246 3803 74 17 Office.*

994 3834 31 16 An
1041 3833 66 17 article
1132 3839 23 11 on
1171 3834 78 18 matters
1262 3834 89 21 affecting
1374 3834 31 16 the

970 3857 65 16 health
1045 3857 20 16 of
1072 3857 33 16 the
1110 3857 19 17 to
1138 3862 23 11 vn
1175 3857 14 17 is
1206 3856 138 23 unadvoidably
1361 3857 44 17 held

971 3886 44 11 over
1023 3879 30 18 till
1062 3879 106 18 nextissui.

994 3911 38 17 The
1049 3911 116 22 regulations
1181 3911 61 17 issued
1258 3911 27 22 by
1298 3911 31 17 the
1346 3911 57 17 Town

971 3934 62 17 Board
1041 3935 21 16 in
1070 3935 72 21 respect
1150 3936 20 15 to
1179 3934 32 18 the
1218 3935 65 21 gravel
1291 3935 28 21 pit
1328 3934 39 17 will
1382 3935 22 16 be

970 3958 60 16 found
1037 3958 20 15 in
1065 3957 80 17 another
1153 3959 80 15 crlumn.

993 3990 18 16 A
1021 3989 78 16 football
1110 3989 62 16 match
1185 3989 85 16 between
1284 3989 32 16 the
1328 3989 73 16 natives

971 4012 19 17 of
998 4012 79 17 Mourea
1087 4012 37 16 and
1133 4012 52 17 those
1194 4012 20 16 of
1229 4011 80 18 Owhata
1325 4012 39 16 will
1380 4012 24 16 be

970 4034 69 23 played
1051 4036 21 16 at
1084 4034 32 18 the
1131 4034 56 18 latter
1202 4034 54 23 place
1270 4041 24 11 on
1309 4034 94 22 Saturday

969 4059 105 16 afternoon.

994 4089 75 17 Section
1079 4090 8 16 1
1098 4089 19 17 of
1126 4088 59 18 Block
1194 4089 20 17 07
1223 4090 53 16 town
1285 4089 19 17 of
1310 4089 90 19 Rotorua,

970 4113 72 21 having
1051 4118 24 11 an
1081 4118 43 11 area
1133 4112 19 16 of
1161 4118 34 11 one
1204 4117 47 15 acre,
1261 4112 16 16 is
1286 4111 87 22 gazetted
1382 4117 19 11 as

970 4142 11 10 a
989 4142 73 11 reserve
1070 4135 30 18 for
1107 4135 32 17 the
1147 4140 33 13 use
1194 4136 21 16 of
1230 4134 32 18 the
1279 4135 123 22 Ngatiwhare

969 4158 54 17 tribe.

1450 148 36 7 X.HU
1495 144 11 10 O
1511 144 44 10 ViiCl
1559 148 9 7 a
1577 147 19 7 ui
1610 147 11 7 ttj
1634 147 35 7 ujot
1687 147 36 6 ou.i
1728 147 6 5 a
1749 144 33 14 j'ui
1798 146 37 6 uuu
1848 147 11 4 i*

1424 161 71 17 brooch
1505 161 40 17 will
1561 161 23 17 be
1600 160 46 23 glad
1660 163 20 14 to
1695 159 46 17 hear
1762 159 48 16 from
1826 158 33 17 the

1423 184 75 17 finders.

1447 215 100 17 Attention
1561 215 15 17 is
1585 215 59 17 called
1653 215 20 16 to
1682 213 32 18 the
1730 213 49 16 state
1793 213 21 16 of
1826 213 33 16 the

1424 240 59 15 water
1491 238 60 17 tables
1559 239 21 16 at
1588 238 33 17 the
1638 238 43 17 base
1691 237 20 16 of
1720 236 93 19 Pukeroa,
1822 236 22 16 be-

1424 263 60 15 tween
1493 262 33 16 the
1531 262 81 21 Library
1620 261 38 17 and
1667 260 51 17 Lake
1726 259 71 17 House.
1807 258 52 22 They

1425 285 57 16 much
1491 285 73 22 require
1575 283 87 23 cleaning
1670 284 39 16 out.

1446 316 40 17 The
1504 316 127 21 temperature
1649 315 21 17 of
1691 314 32 16 the
1737 313 75 17 Kuirau
1824 313 34 17 has

1423 339 81 17 lowered
1525 338 131 21 considerably
1672 338 49 16 since
1738 336 34 16 the
1796 337 63 16 recent

1423 362 56 17 rains,
1490 362 38 17 and
1536 362 33 17 the
1578 363 59 15 water
1644 361 16 17 is
1678 365 42 12 now
1732 359 70 17 almost
1818 359 41 18 cool

1424 385 74 21 enough
1508 387 20 15 to
1545 385 58 16 bathe
1611 385 26 16 in.

1447 413 160 24 Superintendent
1615 412 86 23 Hughes,
1712 412 20 17 of
1748 412 33 15 the
1794 411 52 17 Auck-

1423 438 44 16 land
1485 437 43 17 Fire
1540 436 82 22 Brigade
1639 436 34 17 has
1689 434 89 18 returned
1794 435 21 16 to
1829 434 30 17 his

1423 460 55 18 home
1486 460 74 23 greatly
1569 459 96 22 improved
1674 459 19 16 in
1700 457 87 22 strength
1794 457 26 22 by
1827 457 32 17 the

1424 489 64 11 course
1496 484 20 16 of
1524 483 56 17 baths
1593 483 58 17 taken
1660 482 49 17 here.

1446 515 68 17 Pastor
1522 515 41 17 Blai
1577 515 22 18 ie,
1610 514 21 17 of
1636 514 33 16 the
1678 511 97 19 Auckland
1784 511 59 17 Taber-

1423 539 53 16 nacle
1493 537 105 18 conducted
1621 537 62 16 divine
1702 535 69 17 service
1792 535 20 16 in
1826 535 33 16 the

1424 561 120 17 Schoolroom
1559 566 25 11 on
1599 559 78 22 Sunday
1697 559 42 17 last.
1772 558 31 17 He
1821 557 38 17 will

1424 584 45 18 hold
1478 590 11 11 a
1498 584 68 22 special
1576 584 69 17 service
1653 583 20 16 in
1689 582 32 17 the
1738 587 51 11 same
1806 580 53 22 place

1424 613 24 11 on
1457 607 98 22 Thursday
1562 607 81 22 evening
1652 607 20 15 at
1678 606 40 17 7.30
1727 605 78 18 o'clock.

1447 638 31 17 Mr
1487 638 68 22 Allely,
1570 638 33 17 the
1617 639 106 16 contractor
1732 638 29 16 for
1778 638 33 16 the
1828 643 20 12 re-

1424 661 62 17 moval
1495 661 19 17 of
1519 661 33 17 the
1565 661 64 17 native
1644 660 63 18 school
1721 660 49 18 from
1787 660 72 18 Rotoiti

1424 686 19 15 to
1452 684 24 17 its
1493 690 43 11 new
1544 684 83 17 location
1636 686 21 14 at
1662 684 26 16 To
1693 683 60 22 Ngao,
1763 684 35 16 has
1807 689 39 11 com-

1424 707 77 17 menced
1518 707 59 17 work.
1603 707 31 17 He
1642 707 16 17 is
1666 713 42 11 now
1718 707 48 21 busy
1773 706 73 17 disman-

1425 731 51 22 tling
1484 730 32 17 the
1521 730 94 23 building.

1447 761 165 18 Therunnerton
1622 761 61 18 Relief
1692 761 54 18 Fund
1764 761 85 23 subscrip-

1423 785 41 17 tion
1472 784 40 17 lists
1519 785 49 16 close
1575 786 118 16 to-morrow.
1718 785 80 16 Persons
1804 784 44 17 hold-

1424 808 34 22 ing
1471 808 32 17 the
1520 813 51 12 same
1591 813 31 12 are
1638 807 99 23 requested
1758 808 20 16 to
1794 808 66 16 return

1424 832 52 16 them
1484 833 21 15 to
1513 831 32 17 Mr
1561 831 85 22 Malfroy
1659 831 46 17 with
1722 831 32 17 the
1772 833 88 15 amounts

1424 853 96 18 collected.

1448 886 31 16 Mr
1494 885 82 18 Andrew
1600 885 18 17 J.
1637 886 96 18 Paterson,
1751 885 109 17 authorised

1425 909 37 16 and
1471 909 81 17 licensed
1562 914 95 14 surveyor,
1667 909 38 16 late
1711 909 19 16 of
1736 908 32 17 the
1775 908 73 17 Govern-

1425 933 53 16 ment
1486 932 125 22 department,
1622 932 37 16 and
1677 931 82 23 recently
1773 931 87 22 engaged

1424 955 144 22 professionally
1577 956 19 16 in
1605 955 38 17 this
1652 955 73 17 district
1738 955 34 16 has
1789 954 73 23 opened

1425 979 61 17 offices
1495 978 46 18 both
1550 979 20 16 in
1583 979 72 16 Paeroa
1671 978 37 16 and
1721 978 19 16 hi
1754 978 106 17 Auckland.

1448 1010 26 17 At
1483 1010 32 17 the
1524 1010 105 22 adjourned
1646 1010 84 21 meeting
1742 1010 21 16 of
1779 1010 33 16 the
1827 1010 23 16 Li-

1425 1034 77 21 censing
1526 1033 65 17 Bench
1612 1033 44 17 held
1681 1033 18 16 in
1721 1033 100 22 Tauranga
1837 1038 24 11 on

1426 1056 118 22 Wednesday
1562 1056 37 17 last
1615 1057 33 16 the
1661 1056 114 22 application
1787 1057 30 16 for
1829 1056 33 17 the

1425 1080 83 17 removal
1518 1080 19 16 of
1546 1080 32 16 the
1587 1080 67 16 Omaio
1660 1076 58 19 Hotel
1727 1080 19 15 to
1759 1079 102 22 Waiotapu

1426 1108 38 12 was
1481 1102 87 23 granted.
1594 1103 38 17 The
1641 1102 101 22 applicant,
1754 1102 31 16 Mr
1795 1102 65 20 Webb,

1426 1132 38 11 was
1480 1126 81 21 granted
1570 1132 11 10 a
1590 1126 82 16 month's
1681 1125 51 17 leave
1742 1125 19 17 of
1776 1125 84 17 absence.

1448 1158 17 16 A
1480 1157 92 22 telegram
1598 1158 49 16 from
1664 1156 116 23 Wellington
1804 1158 58 16 states

1425 1181 43 16 that
1485 1181 33 16 the
1531 1186 66 12 census
1614 1182 75 15 returns
1705 1179 51 19 show
1772 1179 43 17 that
1829 1181 33 16 the

1425 1203 112 23 population
1558 1204 19 17 of
1586 1204 32 17 the
1635 1205 70 20 county
1714 1204 20 15 of
1742 1203 85 17 Rotorua
1846 1203 16 17 is

1426 1227 28 18 set
1460 1226 56 19 down
1524 1227 21 18 at
1552 1227 35 17 845
1605 1227 57 20 being
1677 1233 23 10 an
1714 1226 82 17 increase
1812 1226 49 17 since

1425 1250 33 17 the
1466 1250 36 17 last
1518 1252 65 15 return
1597 1250 20 17 of
1629 1251 40 16 427.
1695 1249 38 17 The
1749 1249 112 22 population

1425 1273 34 17 has
1467 1273 19 17 in
1497 1273 38 17 fact
1544 1273 82 17 doubled
1635 1273 51 17 itself
1695 1273 19 17 iu
1722 1273 32 16 the
1773 1273 87 17 interval.

1448 1304 32 17 Mr
1485 1304 22 17 G.
1521 1304 28 17 M.
1559 1304 52 21 Reid,
1622 1305 32 16 the
1662 1310 23 11 w<
1691 1304 14 17 11
1720 1304 18 17 ki
1747 1309 11 12 o
1766 1310 23 10 vn
1799 1304 40 17 Auc
1852 1314 8 4 -

1425 1327 45 17 land
1486 1328 108 21 journalist,
1612 1328 46 17 took
1674 1328 29 16 his
1719 1327 101 20 departure
1836 1334 24 10 on

1425 1351 85 22 Monday
1519 1351 37 17 last
1565 1352 48 16 after
1622 1358 12 10 a
1650 1351 67 16 week's
1723 1351 77 21 sojourn
1810 1351 49 17 here.

1425 1374 32 17 Mr
1466 1374 47 17 Reid
1521 1374 35 17 has
1568 1374 48 17 been
1633 1374 90 21 suffering
1737 1373 58 23 lately
1812 1374 48 17 from

1425 1403 11 11 a
1450 1397 94 18 rhurnatic
1553 1398 86 16 affection
1656 1397 59 18 which
1733 1403 11 11 a
1762 1403 65 11 course
1842 1398 19 16 of

1426 1421 32 16 the
1467 1420 56 18 baths
1531 1421 34 17 has
1578 1421 107 17 alleviated.

1449 1452 17 16 A
1474 1451 41 17 bull
1524 1452 20 16 of
1552 1458 12 11 a
1580 1451 123 24 particularly
1719 1451 87 17 bellicose
1823 1451 29 18 dis-

1426 1475 87 21 position,
1522 1475 38 17 and
1569 1475 63 18 whose
1646 1480 87 17 presence
1742 1480 37 11 was
1796 1475 66 24 trying

1428 1501 18 14 to
1456 1498 66 22 people
1532 1499 20 17 of
1560 1505 11 10 u
1580 1505 80 10 nervous
1671 1499 142 22 temperament,
1828 1498 35 19 has

1426 1520 47 18 been
1484 1520 116 23 impounded
1608 1522 25 22 by
1642 1521 32 18 Mr
1681 1522 50 16 ltirss
1738 1521 36 17 and
1784 1519 38 20 will
1839 1522 16 17 be-

1426 1545 41 16 sold
1476 1550 24 12 on
1510 1545 94 21 .Saturday
1614 1545 68 22 failing
1690 1551 24 11 an
1728 1550 63 12 owner
1804 1545 58 22 being

1426 1568 66 17 found.

1451 1600 26 16 At
1485 1599 33 18 the
1527 1600 83 23 opening
1616 1601 21 17 of
1642 1600 32 18 tho
1681 1601 98 17 Auckland
1787 1601 74 23 Society

1426 1623 21 16 of
1463 1623 50 17 Art's
1528 1623 112 17 Exhibition
1654 1630 24 11 on
1692 1625 118 22 Wednesday
1825 1625 37 17 last

1426 1651 12 12 a
1447 1646 122 19 water-color
1586 1647 89 23 painting
1699 1648 20 17 of

1428 1669 31 16 the
1467 1669 31 17 old
1507 1670 83 22 meeting
1596 1670 58 17 bouse
1668 1671 20 16 of
1704 1671 32 16 the
1747 1671 101 22 Ngatiwha-

1427 1692 54 18 kauc,
1490 1694 20 16 at
1632 1699 36 11 was
1677 1694 104 21 purchased
1790 1694 26 23 by
1830 1695 31 17 the

1427 1715 92 19 Countess
1527 1716 20 18 of
1556 1716 95 24 Glasgow.
1676 1717 32 17 Mr
1715 1717 23 17 E.
1748 1717 28 18 W.
1786 1717 75 23 Payton

1426 1739 16 16 is
1451 1738 32 18 the
1490 1739 60 18 artist.

1451 1771 41 17 Tin-
1499 1771 46 17 Key.
1556 1771 20 17 S.
1592 1772 55 21 Ingle
1662 1772 49 20 who,
1721 1772 15 17 it
1752 1778 39 11 was
1807 1778 40 12 men-

1427 1794 64 17 tioned
1500 1794 19 17 in
1529 1800 10 11 a
1550 1795 62 17 recent
1628 1795 56 19 issue,
1694 1795 15 17 is
1726 1795 57 23 likely
1800 1797 19 15 to
1837 1796 23 17 be

1427 1817 132 23 permanently
1567 1818 103 23 appointed
1679 1820 20 15 to
1713 1818 31 18 the
1759 1819 69 23 charge
1842 1819 20 18 of

1427 1840 32 17 the
1468 1840 81 23 English
1559 1840 74 19 Church
1651 1841 44 18 here
1708 1842 38 17 will
1759 1842 61 18 arrive
1837 1849 24 10 on

1427 1863 98 23 Thursday
1534 1864 38 17 and
1588 1865 38 16 will
1640 1865 68 22 preach
1717 1865 18 17 in
1745 1865 32 18 the
1786 1866 75 17 Church

1427 1887 20 16 of
1456 1886 22 19 St
1488 1887 55 17 Faith
1553 1893 23 12 on
1586 1888 78 22 Sunday
1673 1891 52 14 next.
1743 1889 38 17 The
1790 1889 71 22 Bishop

1428 1910 19 17 of
1456 1910 80 23 Waiapu
1546 1912 33 15 has
1588 1912 112 16 announced
1708 1912 29 16 his
1742 1912 94 17 intention
1842 1913 20 16 of

1427 1933 57 22 being
1492 1934 44 16 here
1545 1940 24 11 on
1578 1934 47 22 May
1633 1934 33 17 ijth
1675 1941 23 11 or
1705 1934 40 18 fith.

1450 1965 41 16 The-
1503 1965 43 17 date
1560 1966 21 16 of
1597 1966 32 17 the
1646 1966 52 17 Hon.
1706 1966 19 17 J.
1743 1966 118 19 McKenzie's

1427 1988 43 16 visit
1491 1988 34 18 has
1549 1988 47 18 been
1615 1989 56 22 again
1685 1991 34 20 put
1743 1990 82 17 forward
1842 1992 19 15 to

1428 2011 52 22 May.
1506 2012 25 16 As
1541 2012 116 17 Parliament
1666 2013 14 16 is
1688 2013 90 22 expected
1785 2015 19 15 to
1814 2019 47 16 open

1429 2034 19 17 in
1457 2035 50 16 June
1516 2035 15 17 it
1545 2035 16 17 is
1578 2035 141 22 problematical
1738 2036 83 17 whether
1838 2037 23 17 he

1428 2058 38 16 will
1480 2060 35 19 put
1524 2059 19 16 in
1553 2065 23 10 an
1586 2065 117 16 appearance
1711 2065 45 11 even
1765 2059 51 17 then.
1844 2060 17 17 It

1426 2081 15 16 is
1448 2081 128 22 unfortunate,
1586 2082 30 17 for
1625 2082 51 17 there
1682 2088 31 11 are
1719 2089 55 16 many
1783 2084 78 16 matters

1427 2104 43 17 here
1479 2105 19 17 to
1507 2105 62 17 which
1583 2105 45 22 only
1642 2106 94 16 attention
1752 2106 33 16 has
1802 2107 20 17 to
1839 2106 22 17 be

1427 2127 71 21 drawn,
1509 2133 34 12 one
1553 2129 63 16 would
1622 2129 61 20 think,
1691 2130 19 16 to
1716 2129 46 17 have
1771 2129 89 17 rectified.

1450 2159 67 20 Music,
1529 2160 66 19 Music,
1603 2160 62 16 Music
1673 2159 46 20 :A
1728 2160 62 18 choice
1804 2160 48 18 selec-

1426 2181 41 18 tion
1476 2183 20 17 of
1510 2182 34 18 the.
1557 2183 57 17 latest
1628 2188 63 18 songs,
1706 2183 25 23 by
1748 2183 45 17 such
1810 2190 39 11 com-

1427 2211 63 17 posers
1513 2212 19 11 as
1552 2206 80 17 Pinsuti.
1652 2206 90 18 Berthold
1758 2207 65 20 Tours,
1840 2207 20 18 C.

1427 2228 89 24 Godfrey,
1527 2228 91 22 Sherwin,
1629 2230 63 17 Banks
1702 2230 76 21 Winter,
1795 2230 66 23 Henry

1429 2252 62 20 Klein,
1501 2252 90 20 Juncker,
1600 2253 108 21 Caraccioli,
1719 2253 87 21 Braham,
1814 2254 47 17 Ivan

1427 2275 69 23 Caryll,
1506 2275 73 23 Angela
1593 2276 115 20 Rawlinson,
1719 2277 63 21 Galty,
1797 2277 63 21 Birch,

1427 2299 85 20 Barnett,
1531 2299 115 21 Desoinmes,
1666 2299 108 21 Offenbach,
1793 2301 26 16 &c
1828 2301 32 17 &c.

1427 2322 45 17 Also
1481 2322 86 21 Waltzes,
1578 2322 93 21 Marches,
1682 2323 95 20 Gavottes,
1794 2324 56 17 Seren-

1427 2345 50 20 ades,
1496 2345 107 21 Kondeaus,
1614 2347 37 15 and
1670 2346 99 18 Overtures
1784 2347 30 17 for
1829 2347 33 18 the

1427 2368 108 19 Pianoforte
1543 2368 26 24 by
1578 2368 77 24 Gung'l,
1667 2369 97 22 D'Albert,
1779 2369 81 23 Rossini,

1428 2393 82 23 Stephen
1539 2394 75 19 Glover,
1639 2395 77 20 Ketten,
1746 2395 114 19 Beethoven,

1427 2416 88 23 Lardelli,
1534 2418 122 17 Hcunerbcin
1682 2418 92 17 Harrison
1791 2418 69 20 White,

1428 2440 110 21 Pechotsch,
1548 2440 78 22 Bonser,
1638 2442 26 16 &c
1673 2442 32 16 &c.
1731 2441 76 17 Francis
1824 2442 37 16 and

1427 2463 52 23 Days
1498 2464 43 17 11th
1560 2464 65 18 Comic
1638 2465 82 19 Annual,
1738 2464 62 18 words
1824 2465 38 17 and

1428 2487 59 17 music
1501 2493 21 11 at
1530 2487 119 18 CHRONICLE
1658 2487 74 18 Office.*

1450 2519 39 16 The
1505 2524 89 16 premises
1609 2519 20 17 of
1640 2519 32 18 Mr
1684 2519 75 17 Horace
1773 2519 87 21 Stewaort,

1428 2541 82 21 Saddler,
1531 2542 74 17 Fenton
1623 2543 66 20 Street,
1712 2543 47 17 have
1778 2543 84 22 recently

1428 2565 47 17 been
1485 2566 131 22 considerably
1625 2566 90 22 enlarged
1724 2566 90 22 enabling
1823 2566 38 18 him

1427 2589 19 17 to
1455 2588 52 18 show
1516 2590 20 16 to
1550 2589 57 17 much
1625 2590 74 21 greater
1715 2589 107 23 advantage
1833 2590 29 17 his

1428 2611 41 18 well
1479 2612 80 17 selected
1566 2612 53 18 stock
1628 2613 20 16 of
1657 2612 87 23 saddlery
1751 2613 65 22 goods.
1830 2613 33 17 Mr

1428 2635 80 17 Stewart,
1516 2635 34 17 has
1559 2635 40 22 just
1607 2635 89 18 returned
1705 2636 48 17 from
1760 2642 11 11 a
1781 2636 45 17 visit
1841 2637 20 17 to

1427 2658 32 17 the
1466 2658 99 17 Auckland
1572 2659 82 17 markets
1663 2659 38 17 and
1706 2659 16 17 is
1728 2665 42 11 now
1779 2659 83 23 opening

1427 2682 33 16 oat
1470 2682 52 16 fresh,
1529 2682 86 17 material

1450 2713 39 16 The
1498 2714 50 16 roots
1557 2714 21 16 of
1586 2714 32 17 the
1636 2714 44 22 pine
1693 2715 48 16 trees
1755 2714 62 17 which
1831 2721 31 10 are

1428 2736 101 23 spreading
1543 2743 44 11 over
1600 2736 33 18 the
1647 2737 89 22 footpath
1752 2738 19 16 in
1788 2738 73 17 Fenton

1428 2759 66 21 Street,
1512 2759 85 18 between
1613 2761 65 16 lurk's
1694 2766 66 11 corner
1775 2760 38 18 and
1830 2761 32 17 the

1427 2782 46 17 Post
1489 2782 57 19 Office
1564 2789 31 11 are
1611 2789 34 16 pro
1646 2783 85 18 vocative
1747 2784 20 17 of
1785 2785 77 22 enough

1427 2806 130 17 maledictions
1570 2813 24 10 on
1608 2807 33 16 the
1654 2807 49 16 head
1720 2808 19 16 of
1755 2807 32 17 the
1804 2808 58 17 Town

1427 2829 63 17 Board
1508 2831 19 15 to
1545 2830 71 22 utterly
1630 2829 104 19 annihilate
1743 2830 42 17 that
1804 2830 56 23 body.

1427 2852 48 17 Half
1483 2858 11 12 a
1504 2853 53 22 day's
1565 2854 51 16 work
1625 2853 26 22 by
1660 2859 11 11 a
1679 2859 44 11 man
1733 2853 44 18 with
1786 2860 25 10 an
1817 2854 44 16 adze

1427 2875 64 18 would
1497 2878 54 15 make
1560 2876 32 17 the
1600 2876 39 17 side
1649 2877 48 16 walk
1706 2883 11 10 a
1725 2877 46 21 path
1780 2877 20 17 of
1809 2877 42 22 plea-

1427 2900 91 17 santness.

1450 2926 17 17 A
1476 2926 109 22 gentleman
1595 2927 42 17 who
1647 2933 38 10 was
1693 2927 44 17 here
1751 2927 64 18 before
1829 2928 33 17 the

1427 2949 70 22 fishing
1517 2955 66 12 season
1600 2950 68 21 closed,
1678 2950 20 17 in
1715 2950 77 23 writing
1808 2952 20 16 to
1851 2957 12 11 a

1428 2969 60 20 friend
1498 2973 32 17 the
1539 2973 54 17 other
1607 2973 44 22 day,
1661 2973 63 17 stated
1739 2974 42 16 that
1795 2974 20 16 in
1830 2974 32 17 the

1427 2995 86 18 Utuhina
1522 2996 60 17 Creek
1590 2997 24 16 he
1623 2997 38 16 had
1666 2997 58 17 killed
1733 2998 34 16 not
1776 2997 45 22 only
1829 2997 33 18 the

1427 3019 89 22 ordinary
1524 3020 65 17 brown
1597 3021 59 19 trout,
1671 3020 35 17 but
1715 3020 38 17 also
1770 3020 32 17 the
1819 3022 43 15 true

1427 3042 97 17 fontinalis
1531 3048 20 11 or
1555 3042 170 18 Americianbrook,
1730 3044 51 16 trout
1786 3043 33 17 red
1824 3044 38 17 and

1426 3065 68 22 purple
1500 3065 60 17 under
1566 3066 33 16 the
1607 3067 42 16 fins.
1675 3067 19 16 It
1711 3066 15 18 is
1739 3067 121 22 satisfactory

1426 3090 21 15 to
1456 3088 47 17 have
1512 3089 78 17 reliable
1602 3089 89 17 evidence
1699 3089 43 18 that
1758 3089 47 18 both
1818 3096 32 11 var-

1426 3111 53 17 ieties
1487 3112 50 17 exist
1545 3111 53 18 there
1607 3119 19 10 as
1636 3112 32 18 the
1678 3112 38 19 fact
1730 3113 16 17 is
1755 3113 106 22 frequently

1426 3134 94 23 disputed.

1449 3162 80 17 Visitors
1537 3163 20 17 to
1565 3162 101 18 Auckland
1672 3163 42 17 who
1723 3163 58 17 desire
1790 3169 10 11 a
1809 3169 39 12 com-

1426 3185 81 17 fortable
1517 3186 90 22 stopping
1621 3186 59 22 place,
1690 3186 38 17 and
1745 3192 33 11 one
1795 3187 67 17 within

1426 3214 44 16 easy
1479 3215 61 10 access
1546 3210 19 16 of
1571 3209 25 16 all
1604 3209 33 18 the
1644 3209 85 17 business
1734 3209 63 23 points
1803 3210 20 17 of
1830 3210 32 17 the

1426 3232 38 21 city
1474 3232 38 17 will
1528 3232 40 17 find
1584 3232 44 17 that
1644 3233 33 16 the
1693 3233 98 16 Aucland
1800 3233 62 17 Coffee

1426 3255 74 20 Palace,
1510 3255 85 22 opposite
1604 3256 33 16 the
1645 3256 73 16 Herald
1730 3256 56 18 office.
1797 3256 64 18 Queen

1427 3277 60 18 Street
1496 3279 38 16 will
1543 3284 73 11 answer
1624 3279 25 16 all
1659 3279 50 17 their
1721 3279 140 22 requirements.

1427 3301 99 22 Strangers
1536 3302 76 22 coming
1621 3308 24 11 on
1654 3303 20 16 to
1683 3302 84 17 Rotorua
1776 3303 38 16 will
1823 3303 38 16 find

1426 3324 32 16 Mr
1468 3324 77 19 Waters,
1556 3325 32 17 the
1602 3326 112 21 proprietor,
1725 3325 34 17 full
1773 3326 19 16 of
1807 3326 44 16 valu-

1426 3347 42 17 able
1477 3348 123 17 information
1607 3349 103 22 regarding
1715 3349 32 16 the
1753 3349 61 19 baths,
1821 3349 39 21 &c,

1426 3370 49 17 here.

1450 3399 42 17 The.
1505 3399 57 17 Town
1572 3400 68 19 Board,
1651 3400 83 18 desirous
1744 3400 20 18 of
1779 3401 72 16 increas-

1426 3422 33 22 ing
1468 3423 32 16 the
1509 3428 80 12 revenue
1598 3423 76 17 derived
1689 3423 50 18 froar
1753 3423 32 17 the
1801 3423 61 18 Baths

1426 3446 83 21 recently
1529 3446 63 17 issued
1605 3453 11 10 a
1630 3448 28 15 set
1680 3447 19 16 of
1712 3447 49 16 rules
1778 3447 29 16 for
1829 3447 32 16 the

1426 3469 73 16 mutual
1517 3469 93 22 guidance
1629 3470 20 16 of
1663 3470 47 17 bath
1730 3470 76 22 keepers
1824 3470 37 17 and

1426 3491 82 18 bathers.
1534 3492 58 17 These
1609 3498 48 12 were
1673 3492 47 23 duly
1729 3493 65 22 posted
1802 3493 60 17 about

1426 3515 33 16 the
1467 3515 33 16 the
1507 3516 74 16 various
1590 3516 46 17 bath
1653 3516 67 17 houses
1743 3516 35 17 but
1790 3517 36 16 not
1840 3516 21 17 in

1426 3538 93 21 positions
1536 3538 61 18 which
1614 3539 64 17 would
1694 3538 122 23 particularly
1830 3540 20 16 at-

1426 3563 49 15 tract
1484 3562 68 16 notice.
1585 3562 34 16 We
1628 3562 64 17 would
1699 3563 79 21 suggest
1790 3563 45 16 tliat
1850 3569 11 10 a

1427 3590 47 16 copy
1483 3584 23 17 be
1515 3584 67 22 posted
1590 3590 26 17 up
1631 3585 19 17 in
1665 3585 45 17 each
1725 3585 84 22 dressing
1823 3585 38 18 box

1426 3613 21 10 so
1453 3604 42 20 that
1501 3607 76 17 bathers
1583 3608 56 17 could
1647 3614 45 11 scan
1698 3608 52 17 them
1759 3610 20 15 at
1786 3608 73 17 leisure.

1450 3638 74 17 Twelve
1532 3644 51 12 acres
1592 3639 20 18 of
1621 3639 75 23 ground
1705 3641 21 15 at
1734 3639 32 18 the
1774 3639 87 23 junction

1427 3661 20 17 of
1456 3662 101 17 Pukuatua
1565 3662 63 17 Street
1637 3663 48 16 with
1699 3663 34 16 the
1748 3662 31 17 old
1795 3663 65 21 Taupo

1426 3684 46 17 road
1480 3684 16 17 is
1505 3684 59 18 about
1577 3686 20 16 to
1605 3685 23 17 be
1642 3685 66 17 fenced
1723 3685 19 17 in
1755 3691 20 12 as
1788 3691 11 11 a
1811 3686 37 21 pad-

1427 3707 48 17 dock
1484 3708 29 16 for
1522 3707 31 17 the
1563 3714 32 11 use
1610 3709 20 16 of
1644 3709 33 17 the
1691 3709 48 17 local
1755 3709 54 17 roads
1827 3709 22 16 de-

1426 3732 101 20 partment.
1558 3731 80 19 Stables,
1653 3731 60 21 sheds,
1729 3732 38 20 &0.,
1782 3731 37 18 and
1835 3738 25 11 an

1428 3754 98 17 overseer's
1536 3754 63 17 whare
1607 3755 40 16 will
1659 3754 32 19 be.
1699 3754 73 17 erected
1788 3755 19 16 in
1824 3754 36 17 due

1427 3782 70 15 course,
1507 3777 38 17 and
1553 3777 108 22 ultimately
1669 3778 32 16 the
1710 3778 75 21 ground
1793 3778 38 16 will
1837 3778 23 16 be

1426 3799 78 23 planted
1515 3800 43 17 with
1567 3801 55 16 trees.
1648 3801 20 16 It
1675 3801 16 16 is
1700 3801 39 16 also
1746 3800 89 18 intended
1840 3803 20 15 to

1428 3824 35 20 put
1470 3823 56 16 down
1534 3829 12 11 a
1554 3824 76 21 portion
1638 3824 20 16 in
1671 3824 69 22 special
1755 3829 71 17 grasses
1840 3824 20 17 in

1427 3846 54 16 order
1501 3847 20 16 to
1538 3852 29 12 see
1584 3846 43 18 how
1643 3847 46 22 they
1705 3846 61 18 thrive
1783 3853 24 11 on
1828 3847 32 17 the

1426 3869 73 21 pumice
1508 3869 40 17 soil.

1449 3900 45 17 Two
1508 3900 59 18 ladies
1580 3901 64 17 seated
1659 3901 21 17 in
1694 3901 33 17 the
1741 3901 119 18 Sanatorium

1426 3923 84 22 grounds
1519 3924 32 16 the
1567 3924 54 17 other
1638 3924 37 22 day
1691 3930 48 11 were
1755 3924 105 23 discussing

1428 3946 31 17 the
1465 3946 77 17 relative
1558 3947 64 17 merits
1630 3948 20 16 of
1665 3947 33 17 the
1714 3947 75 18 various
1796 3947 62 18 baths.

1428 3969 70 17 'What
1507 3976 10 10 a
1527 3970 50 22 good
1585 3976 50 15 man,
1663 3970 40 17 said
1709 3971 32 16 the
1753 3971 41 16 first
1807 3970 51 22 lady,

1447 3992 70 17 Father
1525 3989 96 26 Mahoney
1630 3994 50 16 must
1693 3993 48 17 have
1757 3994 46 16 been
1817 3994 43 16 who

1426 4014 106 18 discovered
1540 4015 32 18 the
1581 4017 71 16 Priests
1666 4017 57 16 Bath.
1756 4017 29 16 No
1800 4016 60 18 doubt

1426 4038 28 17 his
1461 4038 83 23 blessing
1552 4040 47 15 rests
1606 4045 24 11 on
1639 4040 16 16 it
1663 4045 43 12 now
1714 4039 38 17 and
1765 4039 63 17 makes
1844 4040 16 17 it

1425 4061 103 17 efficacious
1552 4062 29 17 for
1796 4062 44 21 Yes,

1426 4085 40 16 said
1473 4085 34 16 her
1522 4085 66 20 friend,
1672 4086 43 16 how
1727 4085 55 17 much
1798 4086 62 17 better

1426 4109 50 15 must
1484 4108 33 16 tho
1525 4108 117 17 Postmaster
1647 4109 28 17 be,
1686 4109 50 17 since
1745 4109 28 16 his
1781 4108 47 17 bath
1844 4109 15 17 is

1426 4133 86 18 stronger
1528 4131 37 16 and
1579 4131 56 17 much
1652 4137 52 11 more
1720 4131 103 18 efficacious
1839 4131 20 17 in

1424 4153 32 17 tho
1465 4159 43 12 cure
1513 4154 20 17 of
1541 4154 33 17 the
1580 4160 51 11 same

1881 160 52 17 hotel
1944 162 19 15 at
1973 161 76 19 Paeroa,
2065 159 30 18 for
2109 159 62 18 which
2184 159 33 16 the
2234 160 82 17 removal

1882 183 50 18 from
1940 184 85 17 llotorua
2034 188 39 11 was
2081 182 85 22 recently
2174 182 79 23 granted
2269 183 47 17 have

1882 206 47 18 been
1939 206 78 23 opened.
2043 205 70 18 Messrs
2121 205 66 17 Moore
2196 203 120 21 andO'Hara

1882 235 48 11 wore
1939 229 100 17 successful
2048 229 21 17 at
2078 229 31 16 the
2116 228 51 22 price
2175 228 21 17 of
2205 227 67 18 2OOO.
2287 229 29 16 Mr

1881 252 106 18 McCalluiu
1998 252 32 18 the
2034 251 76 18 builder
2118 251 20 18 of
2146 252 33 16 the
2184 251 66 17 Grand
2258 252 58 17 Hotel

1881 275 44 17 here
1933 274 90 19 tendered
2031 276 19 16 at
2060 274 34 18 29
2094 274 34 18 SO.

1906 304 38 17 The
1958 304 116 22 Wellington
2092 304 146 21 correspondent
2251 304 21 16 of
2283 304 33 17 the

1882 327 72 17 Herald
1960 328 58 16 states
2027 327 42 16 that
2079 326 33 17 the
2118 326 86 22 question
2213 326 21 16 of
2241 326 33 17 the
2286 333 20 10 re-

1882 351 64 16 moval
1961 350 21 16 of
2002 350 41 16 Mrs
2059 349 110 17 Morrison's
2183 349 69 17 license
2267 350 49 17 from

1881 373 85 18 Rotorua
1976 374 20 16 to
2005 373 77 19 Paeroa,
2092 372 73 22 despite
2178 372 33 17 the
2222 372 94 22 objection

1881 396 61 17 raised
1951 396 24 22 by
1985 396 32 17 the
2026 395 133 21 Government,
2175 395 14 17 is
2205 395 63 18 before
2284 396 32 17 the

1881 419 37 18 law
1931 419 71 17 officers
2019 419 20 17 of
2052 419 33 17 the
2102 419 73 20 Crown,
2186 419 38 16 and
2240 419 15 16 if
2267 419 50 17 their

1880 442 81 17 decision
1975 442 16 17 is
2007 441 115 22 favourable,
2140 443 32 16 the
2189 441 127 19 Government

1881 465 65 17 intend
1956 465 20 18 to
1985 465 42 16 take
2036 464 62 17 action
2107 467 21 14 to
2138 465 58 16 annul
2213 464 32 18 the
2254 466 52 15 trans-

1881 488 35 18 fer.
1942 488 38 18 The
1989 488 70 18 matter
2067 493 37 13 was
2113 493 14 12 r<
2134 488 60 17 ferred
2203 490 21 14 to
2232 488 74 17 inciden-

1881 511 47 22 tally
1946 512 19 16 at,
1977 511 32 17 the
2026 511 36 17 last
2079 512 84 20 meeting
2175 511 20 17 of
2210 511 33 17 the
2259 511 57 17 Town

1882 534 130 17 Boardthat,
2017 533 51 23 body
2078 534 58 22 being
2144 534 32 17 the
2182 534 68 17 lessors
2257 534 20 17 of
2285 534 32 17 the

1882 558 34 17 site
1925 558 19 17 in
1954 557 93 23 question.

1904 589 39 17 The
1950 588 88 18 old-time
2043 589 83 21 hostelry
2132 594 20 12 so
2159 589 46 21 long
2210 589 38 17 and
2254 589 52 17 favor-

1881 613 44 21 ably
1933 612 70 17 known
2012 614 19 15 to
2044 611 78 19 tourists
2135 612 37 17 anil
2184 612 97 17 travellers
2297 619 21 10 as

1880 636 33 17 the
1921 636 85 16 Rotorua
2014 635 59 17 Hotel
2084 635 40 20 has,
2142 635 101 22 according
2259 636 20 16 to
2293 641 25 11 an

1881 660 150 15 announcement
2045 658 19 16 in
2078 659 79 16 another
2171 659 82 19 column,
2271 659 46 16 been

1881 681 125 18 transformed
2015 681 40 17 into
2064 681 33 17 the
2104 681 83 18 Rotorua
2193 682 125 22 Temperance

1881 705 59 16 Hotel
1954 704 37 17 and
2005 704 172 24 Boarding-house.
2210 704 41 17 Mrs
2265 705 40 17 Mor-

1881 728 56 19 rison,
1949 728 61 17 whoso
2019 733 60 13 name,
2089 727 20 17 in
2118 728 48 21 spite
2175 728 19 17 of
2201 728 34 16 her
2240 728 78 17 absence

1881 751 31 17 for
1920 757 11 11 a
1947 751 52 17 short
2012 751 71 22 period,
2097 751 35 17 lias
2144 751 71 22 always
2224 751 47 17 been
2288 757 20 11 as-

1882 774 83 17 sociated
1970 774 47 17 with
2025 774 32 17 the
2066 774 64 20 house,
2146 774 39 17 will
2196 779 73 13 resume
2286 775 32 16 the

1883 798 138 22 management,
2031 797 38 17 and
2077 798 43 16 that
2128 798 38 16 fact
2179 798 15 16 is
2208 803 11 10 a
2226 798 92 16 sufficient

1882 822 104 20 guarantee
1994 821 30 16 for
2032 820 32 17 the
2073 820 106 18 choiconess
2186 820 20 17 of
2210 820 33 18 the
2248 820 71 18 cuisine

1882 843 38 17 and
1928 844 33 16 the
1978 843 80 18 comfort
2074 843 38 17 and
2128 843 105 17 excellence
2250 843 20 17 of
2286 844 33 16 the

1882 866 142 24 arrangements
2033 866 104 23 generally.

1907 899 30 15 An
1952 898 100 17 alteration
2076 898 38 17 will
2129 898 43 16 take
2187 898 53 22 place
2253 899 20 15 in
2287 899 32 16 the

1883 921 79 22 railway
1970 921 69 17 service
2047 921 85 17 between
2141 921 44 17 here
2201 921 39 17 and
2254 920 52 19 Auck-

1883 944 45 17 land
1937 944 104 22 beginning
2049 950 24 11 on
2088 944 76 23 Friday.
2197 944 67 17 Trains
2280 944 40 17 will

1883 968 52 16 leave
1956 964 44 20 here
2022 969 19 15 at
2058 968 41 16 5.30
2114 973 44 12 a.m.
2177 973 24 11 on
2217 968 101 21 Mondays,

1883 991 102 20 Tuesdays,
2004 991 133 21 Wednesdays,
2151 990 115 24 Thursdays,
2281 991 39 17 and

1885 1014 85 22 Fridays,
1980 1014 30 17 for
2019 1014 104 18 Auckland,
2133 1014 37 17 and
2180 1014 38 17 will
2227 1014 61 17 arrive
2295 1020 24 11 on

1884 1037 100 18 Mondays,
1994 1037 101 18 Tuesdays,
2105 1037 133 18 Wednesdays.
2248 1037 59 18 Thurs-

1885 1060 47 23 days
1939 1060 38 17 .-aid
1987 1060 109 22 Saturdays,
2106 1061 20 16 at
2144 1061 40 17 7.40
2201 1066 45 17 p.m.
2280 1061 40 16 The

1884 1089 76 17 express
1977 1083 59 17 trains
2059 1083 38 17 will
2118 1083 93 17 therefore
2232 1084 22 16 he
2271 1083 49 17 done

1884 1112 53 17 away
1947 1106 52 19 with,
2009 1106 62 17 unless
2080 1107 33 16 the
2121 1106 120 23 department
2253 1113 39 11 sees
2297 1106 22 18 fit

1885 1132 20 15 to
1914 1130 66 17 accede
1989 1131 19 16 to
2020 1135 11 11 a
2045 1129 97 25 generally
2156 1129 100 24 expressed
2273 1130 47 17 wish

1884 1153 44 17 that
1935 1159 36 11 one
1980 1159 75 16 express
2064 1153 68 17 should
2140 1153 23 17 he
2170 1153 45 22 kept,
2229 1159 89 18 running,

1884 1182 39 16 say,
1937 1176 76 22 leaving
2029 1176 85 17 Rotorua
2131 1182 20 11 as
2167 1178 20 15 at
2203 1177 76 21 present
2295 1182 25 12 on

1884 1199 118 23 Wednesday
2011 1200 37 16 and
2054 1200 100 21 returning
2160 1205 24 11 on
2190 1199 105 23 Thursday,

1907 1231 40 17 The
1968 1231 54 17 usual
2048 1231 86 21 monthly
2151 1231 76 21 sittings
2246 1231 21 17 of
2287 1231 33 17 the

1885 1254 128 22 Magistrate's
2022 1254 61 17 Court
2095 1254 44 17 took
2146 1254 52 23 place
2212 1261 23 10 on
2250 1254 70 22 Friday

1884 1278 37 16 htst
1928 1277 64 18 before
1998 1277 61 17 Lieut.
2067 1278 33 16 Col
2109 1277 85 19 Roberts,
2205 1278 47 17 S.M.
2264 1277 52 18 when

1884 1301 32 17 the
1925 1300 98 23 following
2031 1300 119 18 undefended
2159 1307 51 11 cases
2219 1306 48 12 were
2281 1301 26 17 de-

1883 1323 58 23 posed
1947 1325 25 16 of:
1976 1323 39 18 J.
2026 1324 22 17 A.
2059 1323 69 22 Taylor
2136 1330 17 11 v.
2163 1324 73 17 Eruera
2243 1326 19 15 to
2272 1323 36 19 Pae-

1884 1352 48 16 moe,
1942 1347 61 18 claim,
2013 1346 25 17 1
2048 1347 20 18 8s
2077 1347 23 16 <HI
2114 1347 59 21 goods
2187 1348 46 19 sold;
2249 1348 71 16 verdict

1883 1370 30 18 for
1922 1372 77 16 amount
2009 1370 79 18 claimed
2097 1370 45 17 with
2157 1372 20 16 (is
2194 1373 46 15 cost.
2266 1370 56 18 Same

1883 1400 17 10 v.
1912 1393 98 18 Amatawa
2025 1391 85 23 BTowhai,
2126 1393 61 19 claim,
2208 1394 32 17 13s
2256 1393 24 17 2d
2295 1400 25 11 on

1885 1417 71 20 1.0.U;
1971 1416 72 19 verdict
2050 1416 164 19 foramountwith
2226 1418 29 15 lis
2264 1419 54 15 costs.

1883 1440 24 17 In
1916 1440 32 17 the
1958 1446 40 11 case
2008 1440 19 17 of
2035 1440 40 16 Mrs
2084 1439 82 18 McCord
2176 1446 17 11 v.
2203 1440 29 17 W.
2242 1439 78 18 Corbett

1885 1463 60 17 which
1956 1469 37 11 was
2002 1470 11 10 a
2022 1463 54 17 claim
2083 1463 29 17 for
2121 1463 26 17 (i
2158 1463 58 17 12s4d
2226 1463 29 17 for
2260 1463 59 18 board

1885 1487 39 20 &c,
1934 1487 90 16 evidence
2029 1492 38 11 was
2074 1486 84 17 adduced
2165 1488 20 15 at
2192 1487 128 17 considerable

1885 1510 72 21 length,
1966 1509 37 17 and
2010 1516 10 10 a
2027 1509 71 18 verdict
2104 1516 37 11 was
2147 1510 108 21 eventually
2264 1509 55 23 given

1885 1534 29 15 for
1921 1533 32 16 the
1962 1532 84 23 plaintiff
2053 1533 18 16 in
2081 1533 33 16 the
2123 1533 79 17 reduced
2212 1534 80 16 amount
2300 1532 23 18 of

1885 1555 26 19 5
1926 1556 46 17 with
1988 1557 30 17 10s
2030 1557 55 17 costs.
2110 1556 45 18 This
2166 1555 105 19 concluded
2287 1556 33 18 the

1883 1579 91 17 business.

1907 1611 33 17 We
1949 1616 31 12 are
1987 1611 19 17 in
2015 1611 69 22 receipt
2093 1611 20 17 of
2121 1617 11 11 a
2149 1611 56 17 hitter
2221 1612 49 16 from
2287 1611 32 18 the

1883 1634 62 22 Royal
1978 1634 85 17 Colonial
2088 1634 90 18 Institute
2213 1635 107 21 conveying

1884 1657 69 18 thanks
1977 1658 29 17 for
2028 1657 70 18 several
2123 1658 80 21 fugitive
2221 1658 62 22 copies
2300 1658 20 17 of

1884 1681 32 16 the
1933 1681 46 16 Hot
2000 1681 69 16 Lakes
2090 1680 118 18 Cttroxicxe
2225 1681 38 17 and
2280 1681 39 18 also

1884 1704 110 23 expressing
2015 1704 32 17 the
2069 1704 48 22 hope
2135 1704 43 17 that
2198 1704 33 17 the
2255 1704 64 17 future

1883 1727 58 17 issues
1951 1733 43 16 may
2003 1727 23 16 be
2035 1727 96 23 regularly
2147 1727 90 18 received.
2260 1727 59 17 Thcuc

1884 1751 61 21 copies
1954 1756 25 12 no
1987 1751 58 16 doubt
2056 1751 77 21 escaped
2143 1751 31 17 the
2189 1751 94 22 vigilance
2299 1751 21 16 of

1884 1774 42 17 that
1935 1774 125 22 pragmatical
2069 1774 61 22 postal
2140 1774 68 17 official
2225 1774 42 17 who
2285 1774 34 17 has

1884 1798 34 16 not,
1926 1796 51 22 read,
1987 1797 77 17 marked
2077 1797 37 17 and
2123 1797 92 22 inwardly
2233 1797 85 22 digested

1883 1821 33 16 the
1933 1822 87 16 contents
2036 1821 21 16 of
2066 1821 31 16 the
2106 1819 140 24 departmental
2262 1821 57 21 guide

1883 1843 51 18 hook
1951 1843 106 23 sufficently
2066 1843 48 21 well,
2130 1844 38 17 and
2186 1844 62 17 whose
2265 1843 53 18 habit

1884 1867 15 16 it
1908 1866 113 23 apparently
2029 1867 16 16 is
2054 1868 19 15 to
2083 1867 64 17 detain
2164 1868 25 16 all
2198 1871 119 18 newspapers

1884 1890 99 17 addressed
1987 1891 20 16 to
2011 1890 31 17 the
2048 1889 91 19 Institute
2142 1890 30 18 for

1884 1913 33 17 We
1926 1915 57 21 quote
1992 1913 32 17 the
2038 1913 62 17 clause
2111 1913 30 18 for
2156 1914 31 16 the
2196 1913 122 17 information

1884 1937 20 16 of
1912 1937 33 16 the
1954 1936 63 24 postal
2194 1937 125 21 Newspapers

1883 1960 15 17 if
1907 1960 66 22 posted
1982 1960 18 16 in
2010 1960 61 22 single
2079 1961 89 16 numbers
2184 1960 101 17 addressed
2299 1962 20 15 to

1885 1983 31 18 the
1926 1983 60 22 Royal
1993 1983 85 18 Colonial
2085 1984 95 19 Institute,
2191 1984 87 19 London,
2288 1989 31 11 are

1885 2005 100 24 permitted
1994 2008 20 15 to
2022 2012 44 16 pass
2074 2007 84 21 through
2175 2007 32 17 the
2221 2008 44 21 post
2282 2007 38 17 and

1884 2031 19 16 to
1915 2029 23 18 he
1947 2030 92 17 delivered
2049 2030 38 17 free
2097 2030 19 17 of

1907 2062 32 16 Mr
1947 2061 77 22 Dansey
2032 2061 34 17 has
2074 2061 55 17 made
2142 2068 25 10 an
2177 2061 107 22 inspection
2300 2063 20 16 of

1884 2085 32 17 the
1925 2085 31 16 old
1966 2086 91 20 cemetery
2066 2085 19 16 in
2095 2085 54 16 order
2158 2086 19 15 to
2186 2085 93 18 ascertain
2287 2085 33 18 the

1885 2109 49 16 most
1954 2108 81 17 suitable
2048 2108 45 21 plan
2109 2108 29 17 for
2154 2108 66 22 laying
2238 2110 33 15 out
2287 2108 33 17 the

1884 2131 75 22 portion
1966 2130 82 18 referred
2054 2132 20 16 to
2081 2131 18 17 in
2106 2131 32 17 the
2145 2131 102 17 resolution
2253 2132 67 21 passed

1884 2157 20 14 at
1914 2154 32 17 the
1955 2154 37 16 last
1998 2154 84 21 meeting
2089 2154 20 16 of
2125 2154 32 17 the
2174 2155 59 16 Town
2250 2154 68 17 Board.

1884 2177 30 18 He
1922 2177 39 17 will
1970 2177 117 17 recommend
2093 2177 43 17 that
2144 2184 11 10 a
2162 2177 51 17 ditch
2222 2177 38 17 and
2269 2177 51 18 bank

1884 2201 23 17 be
1916 2200 54 18 made
1979 2200 58 23 along
2046 2201 32 16 the
2087 2200 80 17 Maketu
2177 2200 44 18 road
2231 2201 19 16 in
2267 2201 53 22 place

1884 2224 20 17 of
1912 2224 33 18 the
1954 2224 44 16 wire
2008 2224 52 17 fence
2067 2224 68 22 agreed
2144 2226 26 19 to,
2180 2230 20 11 as
2209 2224 33 17 the
2256 2224 62 20 latter,

1885 2248 63 22 owing
1956 2249 21 15 to
1987 2247 99 20 corrosion,
2097 2247 63 17 would
2170 2249 34 15 not
2220 2247 38 17 last
2266 2247 52 23 long,

1884 2271 102 16 lteforence
2008 2272 19 15 to
2041 2270 32 17 the
2095 2269 45 24 plan
2156 2271 60 16 shows
2230 2271 43 16 that
2288 2271 32 16 the

1884 2294 67 23 higher
1965 2293 74 23 ground
2055 2294 94 22 proposed
2165 2296 22 15 to.
2201 2294 23 17 ho
2236 2294 46 17 used
2299 2294 20 17 in

1884 2317 63 17 future
1958 2318 30 16 for
1996 2317 111 17 interments
2117 2317 99 22 comprises
2231 2317 86 20 3blocss,

1884 2341 44 17 each
1950 2340 56 17 block
2037 2341 110 21 containing
2168 2341 92 16 sufficient
2277 2346 43 12 area

1884 2364 29 16 for
1923 2365 33 16 792
1963 2369 72 17 graves,
2050 2364 47 16 with
2118 2364 39 17 loft
2173 2364 100 22 pathways
2287 2364 22 17 be-

1885 2388 59 16 tween
1961 2387 45 17 each
2016 2386 68 18 double
2101 2393 38 11 row
2155 2388 20 16 of
2191 2393 73 16 graves,
2282 2387 36 17 and

1883 2410 42 17 half
1938 2416 11 11 a
1965 2410 56 18 chain
2037 2410 85 17 between
2139 2411 45 17 each
2201 2410 63 17 block.
2289 2411 31 16 Mr

1884 2433 76 23 Dansey
1969 2433 39 17 will
2017 2439 54 12 move
2085 2436 20 14 at
2119 2435 46 16 next,
2178 2434 85 22 meeting
2275 2433 43 18 that

1884 2457 32 16 the
1925 2456 74 23 ground
2017 2457 23 16 bo
2054 2456 92 22 surveyed
2159 2457 37 16 and
2212 2457 33 16 the
2262 2463 49 16 grave-

1883 2480 47 17 lines
1956 2480 78 17 marked
2054 2480 31 20 off,
2109 2480 75 23 pegged
2208 2480 38 17 and
2263 2486 42 11 num-

1883 2503 63 17 bered.

1907 2536 20 16 It
1935 2536 16 16 is
1957 2536 51 21 quite
2018 2535 75 16 evident
2110 2535 42 16 that
2161 2541 20 11 so
2193 2535 28 16 far
2230 2541 20 11 as
2259 2535 48 17 Roto-

1885 2564 34 12 rua
1927 2558 15 18 is
1952 2558 119 20 eoncorneed,
2081 2558 33 17 the
2132 2558 118 17 Prohibition
2268 2559 41 22 plat-

1885 2582 48 17 form
1944 2582 15 16 is
1967 2583 34 16 not
2010 2582 19 16 in
2039 2582 56 16 much
2102 2582 59 20 favor,
2173 2582 29 16 for
2215 2581 56 17 when
2287 2581 33 17 the

1885 2605 45 18 Rev.
1940 2605 25 18 E'
1973 2605 75 17 Walker
2055 2604 90 18 attended
2159 2607 20 15 at,
2195 2605 32 17 the
2245 2605 64 17 school-

1883 2628 59 17 house
1952 2635 23 10 on
1989 2628 99 22 Thursday
2105 2628 81 21 evening
2199 2628 37 17 last
2249 2630 20 15 to
2286 2628 22 17 de-

1884 2651 47 18 liver
1943 2652 32 17 liia-
1979 2652 70 17 lecture
2058 2657 24 11 on
2113 2651 39 17 The
2170 2652 78 16 Present
2265 2651 43 17 Posi-

1883 2676 42 17 tion
1944 2676 19 16 of
1982 2675 33 17 the
2029 2675 125 22 Temperance
2173 2675 110 17 Movement
2300 2675 20 16 in

1884 2699 47 18 New
2053 2698 27 17 he-
2092 2704 37 11 was
2143 2698 112 17 confronted
2269 2698 26 22 by
2309 2703 11 12 a

2000 2727 55 16 array
2064 2722 20 16 of
2090 2722 64 21 empty
2288 2720 32 18 Mr

1884 2746 58 17 Brent
1951 2745 86 22 presided
2046 2750 44 12 over
2098 2745 32 17 the
2147 2750 76 15 meagre
2240 2744 68 23 gather-

1884 2769 39 23 ing,
1933 2769 38 17 and
1980 2769 32 16 Mr
2020 2768 80 20 Walker,
2111 2767 19 18 in
2140 2774 24 11 an
2173 2764 80 21 address
2260 2767 60 18 which

1884 2792 61 17 lasted
1955 2792 58 17 about
2021 2792 23 17 40
2053 2792 87 19 minutes,
2156 2791 96 17 described
2267 2791 52 16 what

1883 2816 38 17 had
1946 2815 48 17 been
2016 2814 77 18 effected
2109 2814 26 22 by
2151 2814 33 18 the
2201 2814 118 17 Prohibition

1883 2840 57 21 party
1956 2838 38 18 last
2008 2844 65 11 season
2081 2837 38 17 and
2128 2837 52 17 what
2195 2838 46 21 they
2258 2837 62 22 hoped

1883 2863 31 21 yet
1924 2864 20 15 to
1953 2862 30 16 do.
2008 2861 31 17 He
2046 2860 89 23 deplored
2144 2861 32 16 the
2185 2860 39 18 fact
2240 2861 43 16 that
2300 2866 20 11 so

1884 2885 49 17 little
1942 2885 95 17 attention
2053 2890 38 11 was
2104 2884 44 22 paid
2162 2884 26 22 by
2204 2884 32 17 the
2251 2884 61 22 people-

1884 2908 20 17 of
1912 2909 85 16 Rotorua
2013 2909 20 16 to
2050 2913 20 12 so
2085 2907 104 22 important
2201 2913 12 11 a
2233 2907 88 22 question

1883 2932 38 17 and
1947 2931 105 17 attributed
2066 2931 16 16 it
2098 2932 20 15 to
2136 2931 33 16 the
2186 2930 135 17 circumstance

1885 2955 42 17 that
1936 2955 52 21 large
1998 2955 86 16 interests
2099 2953 38 18 had
2145 2953 48 18 been
2201 2953 89 22 acquired
2299 2953 22 17 in.

1885 2978 34 17 the-
1930 2979 52 16 town
1999 2978 26 22 by
2041 2977 52 17 firms
2107 2976 103 18 connected
2222 2976 48 17 with
2287 2976 32 17 the

1883 3002 63 21 liquor
1954 3001 59 17 trade.

1907 3033 39 17 The
1956 3032 82 18 Hawkes
2046 3032 42 22 Bay
2099 3032 73 17 Herald
2185 3032 51 21 gives
2251 3037 25 11 an
2288 3037 22 12 ac-

1884 3058 58 15 count
1952 3056 19 17 of
1980 3056 33 17 the
2019 3055 38 17 sale
2064 3055 20 17 of
2090 3055 70 17 certain
2169 3054 53 18 relics
2227 3054 19 18 in
2252 3054 33 18 the
2292 3060 19 11 es-

1883 3080 40 16 tate
1932 3080 20 16 of
1960 3079 32 17 the
2001 3079 38 17 late
2047 3079 50 16 chief
2101 3079 74 16 Ren-ata
2182 3078 90 23 Kawepo.
2282 3078 39 16 The

1883 3103 42 17 first
1933 3103 56 17 items
1999 3101 103 18 submitted
2116 3106 48 12 were
2177 3107 12 12 a
2204 3101 81 17 number
2302 3101 20 17 of

1883 3126 64 17 native
1964 3127 55 18 mats,
2029 3125 30 17 for
2067 3124 61 17 which
2138 3125 51 22 good
2198 3125 60 21 prices
2273 3129 48 12 were

1884 3148 94 21 obtained,
1989 3154 35 12 one
2033 3148 85 22 fetching
2129 3154 20 10 as
2157 3148 47 22 high
2212 3153 19 11 as
2237 3148 32 16 o.
2282 3148 39 16 The

1883 3173 112 21 purchasers
2005 3172 18 16 of
2031 3171 53 17 these
2092 3172 93 16 treasures
2191 3171 37 17 will
2236 3171 21 16 in
2266 3176 11 12 a
2285 3170 37 18 few

1885 3201 53 17 years
1947 3196 33 21 get
1989 3194 69 17 double
2067 3194 49 17 their
2125 3200 73 16 money,
2208 3200 20 11 as
2243 3194 33 17 the
2292 3194 31 17 art

1884 3218 20 18 of
1912 3219 40 16 mat
1957 3218 33 22 ing
1996 3218 51 17 these
2053 3219 48 16 mats
2107 3218 35 16 has
2150 3218 49 16 been-
2206 3217 69 17 almost,
2285 3216 37 17 lost

1885 3242 49 16 since
1944 3241 31 18 the
1984 3241 129 17 introduction
2122 3241 20 17 of
2149 3240 102 22 European
2260 3240 51 17 cloth-

1883 3265 40 22 ing.
1957 3265 44 16 Two
2015 3265 111 21 greenstone
2142 3270 51 10 mere
2206 3263 33 17 fell
2252 3264 21 16 to
2289 3263 33 17 the

1883 3287 38 17 nod
1928 3288 21 17 of
1957 3288 56 17 MrT.
2024 3287 26 18 H.
2057 3286 71 23 Lowry
2142 3288 21 16 at
2176 3286 38 18 lO
2231 3286 38 17 and
2284 3286 41 17 l9'

1884 3310 128 23 respectively.
2046 3310 58 17 These
2125 3315 48 12 were
2197 3311 38 16 two
2259 3309 50 17 hand-

1884 3334 70 22 somely
1965 3334 70 22 shaped
2052 3335 68 17 stones,
2130 3332 80 23 reputed
2218 3334 23 16 to
2246 3333 25 17 be
2287 3333 38 16 350-

1884 3363 53 16 years
1947 3357 37 19 old,
1994 3357 38 17 and
2040 3357 48 17 have
2097 3356 66 22 passed
2172 3356 49 17 from
2230 3356 63 17 father
2301 3357 20 16 to

1884 3386 34 11 son
1942 3381 31 16 for
1991 3380 70 17 several
2085 3379 125 23 generations.
2236 3379 86 16 Another

1884 3404 63 16 choice
1956 3404 45 17 relic
2008 3409 38 11 was
2055 3409 11 11 a
2074 3402 70 21 taiaha,
2155 3402 62 18 stated
2226 3404 19 15 to
2253 3402 25 16 be
2287 3402 34 16 000

1883 3432 54 16 years
1944 3427 37 19 old,
1989 3427 37 17 and
2030 3432 37 12 was
2074 3426 33 17 the
2114 3425 80 22 original
2201 3426 91 21 property
2300 3425 21 17 of

1884 3450 66 17 Taraia
1959 3450 32 17 the
2001 3449 55 21 First,
2066 3449 33 17 the
2112 3450 86 15 ancestor
2212 3449 21 16 of
2246 3448 26 17 all
2289 3448 32 17 the

1883 3472 78 23 leading
1973 3473 58 17 chiefs
2039 3472 20 17 in
2067 3472 89 17 Hawke's
2165 3472 46 22 Bay,
2222 3471 38 17 and
2268 3477 20 10 as
2304 3471 16 16 it

1883 3496 39 16 will
1928 3496 24 17 be
1959 3498 51 15 most
2022 3495 112 22 interesting
2142 3494 80 23 reading
2229 3496 20 16 to
2264 3500 57 15 many

1883 3519 20 17 in
1912 3519 47 17 New
1977 3519 89 19 Zealand,
2087 3519 32 15 Mr
2127 3517 41 18 .LP
2187 3517 79 17 Hamlin
2283 3517 37 17 and

1884 3542 55 17 other
1947 3543 75 21 experts
2039 3542 18 17 in
2067 3541 61 18 Maori
2137 3541 72 22 history
2218 3541 48 16 have
2274 3546 33 16 pro-

1883 3565 59 17 mised
1951 3567 20 15 to
1979 3566 43 22 give
2029 3571 11 10 a
2046 3565 35 16 full
2090 3566 80 15 account
2178 3565 20 16 of
2203 3564 15 17 it
2225 3566 19 15 at
2261 3569 12 11 a
2289 3563 21 17 fa-

1883 3589 42 16 ture
1932 3588 49 20 date-,
1989 3588 38 17 and
2036 3588 20 17 of
2064 3588 33 17 the
2105 3588 108 16 veneration
2222 3587 19 17 in
2255 3586 62 17 which

1882 3611 16 17 it
1906 3611 15 17 is
1937 3611 44 17 held
1988 3612 26 22 by
2026 3611 33 17 the
2071 3611 73 16 natives
2158 3611 19 16 of
2190 3610 32 17 the
2239 3609 79 18 district.

1882 3634 39 17 The
1930 3634 61 18 sword
1999 3634 100 22 presented
2104 3635 20 15 to
2133 3633 73 18 Renata
2214 3633 27 22 by
2244 3632 34 18 the
2281 3632 39 17 late

1883 3658 29 16 Sir
1926 3658 76 17 Donald
2018 3656 86 21 M'Lean,
2130 3662 24 11 on
2170 3656 66 17 behalf
2250 3656 21 17 of
2287 3656 33 16 the

1884 3681 70 20 Queen,
1965 3681 33 17 fell
2015 3681 19 17 to
2043 3680 31 16 Mr
2088 3680 32 16 Mr
2128 3679 23 17 R.
2161 3679 24 17 D.
2193 3680 22 16 D.
2233 3679 82 17 M'Lcan

1883 3703 30 18 for
1922 3704 32 17 the
1963 3703 56 19 small
2023 3708 42 13 sum
2074 3703 20 16 of
2102 3702 44 17 ll.

1942 3734 105 18 PROMPT
2067 3733 192 18 INVIGORATION

1882 3790 19 16 Is
1910 3789 71 18 needed
1989 3789 27 22 by
2024 3794 50 11 some
2089 3788 45 16 such
2146 3787 91 18 medicine
2253 3789 21 15 to
2287 3793 20 11 re-

1882 3813 53 16 build
1952 3812 65 17 heiilth
2039 3811 20 17 in
2075 3811 104 22 vigourless
2195 3810 120 18 individuals.

1882 3836 77 17 Wolfe's
1969 3835 97 22 Schnapps
2075 3834 15 17 is
2099 3840 11 10 it
2119 3834 50 22 good
2177 3834 51 17 tonic
2237 3833 38 18 and
2286 3834 20 16 in-

1882 3859 103 16 vieorator.

1949 3901 163 18 PROMENADE
2125 3901 123 17 CONCERT.

1905 3948 39 17 The
1954 3947 101 18 continued
2068 3952 72 12 succors
2155 3947 20 16 of
2183 3946 32 17 the
2230 3946 87 23 open-air

1882 3972 84 17 concerts
1981 3971 21 17 in
2019 3970 31 18 the
2065 3969 120 19 Sanatorium
2199 3970 87 17 Grounds
2299 3969 15 17 is

1882 3994 93 18 sufficient
1990 3993 103 18 indication
2107 3993 43 17 that
2162 3993 33 17 the
2210 3993 107 17 committee

1881 4017 48 18 have
1946 4017 101 18 succeeded
2062 4016 20 17 in
2099 4016 87 24 gauging
2202 4016 32 17 the
2249 4016 66 21 public

1882 4042 49 15 taste
1940 4042 20 15 to
1969 4046 11 11 a
1988 4040 69 22 nicety.
2082 4039 20 17 It
2110 4039 38 17 had
2155 4039 47 22 long
2216 4039 46 17 been
2272 4038 44 17 held

1882 4063 42 18 that
1933 4063 32 17 the
1973 4063 108 17 institution
2090 4063 20 16 of
2118 4068 51 11 some
2177 4062 46 18 such
2238 4062 49 17 form
2296 4062 20 16 of

1881 4086 117 18 amusement
2007 4085 68 23 during
2084 4085 32 17 the
2131 4090 64 12 season
2213 4085 63 17 would
2293 4084 22 18 be

1882 4108 97 24 generally
1988 4108 108 22 supported,
2107 4107 36 17 and
2152 4108 33 17 the
2199 4108 82 17 erection
2295 4107 20 18 of

1881 4139 12 10 ii
1901 4133 75 17 concert
1992 4131 81 23 pavilion
2091 4131 38 17 and
2145 4131 50 17 band
2212 4130 57 18 stand
2277 4130 37 17 had

1880 4155 48 17 been
1936 4154 101 23 suggested
2046 4154 25 22 by
2079 4153 33 18 the
2127 4153 83 17 resident
2225 4153 89 23 engineer

2338 138 20 11 as
2367 138 11 11 a
2394 132 102 17 Justifiable
2512 132 53 22 piece
2580 132 20 17 of
2616 130 123 23 expenditure
2748 137 24 11 on

2339 156 32 16 the
2379 156 44 21 part
2431 156 20 16 of
2459 156 32 16 the
2505 155 133 18 Government.
2663 155 26 15 As
2706 154 67 17 official

2339 179 113 21 machinery,
2470 179 92 19 however,
2580 177 83 18 revolves
2680 177 66 22 slowly
2763 183 10 12 a

2338 202 80 17 number
2434 202 20 16 of
2470 202 73 21 private
2567 201 91 17 residents
2679 200 45 17 took
2741 200 32 17 the

2338 226 69 16 matter
2415 230 32 16 up,
2456 224 37 17 and
2501 224 59 23 being
2568 224 78 21 warmly
2655 223 118 22 encouraged

2338 247 19 17 in
2365 247 50 17 their
2423 247 64 17 efforts
2495 247 25 22 by
2529 247 31 18 the
2571 247 54 17 Sana)
2638 246 51 18 ilium
2697 247 77 16 officials

2338 270 38 17 and
2384 270 49 17 their
2442 268 131 19 subordinates
2582 276 10 11 a
2599 269 55 18 series
2663 270 20 17 of
2690 272 84 15 concerts

2338 294 34 16 has
2380 293 57 17 taken
2447 294 58 21 place,
2516 294 46 16 each
2571 299 50 11 more
2630 298 33 17 per
2668 294 37 16 feet
2713 293 19 17 in
2741 292 33 18 the

2338 318 69 16 matter
2416 317 19 17 of
2442 318 134 21 arrangement
2590 316 45 16 than
2652 316 44 18 that
2712 316 61 18 which

2338 339 91 22 preceded
2438 340 20 16 it.
2485 340 56 16 From
2548 340 33 16 the
2586 339 30 16 six
2623 339 83 18 concerts
2712 340 61 16 which

2338 363 48 16 have
2395 363 118 20 eventuated,
2531 361 88 24 upwards
2635 362 21 17 of
2672 362 38 17 M
2726 363 48 16 have

2339 386 46 16 been
2393 386 85 19 realised,
2488 386 38 17 and
2536 386 41 17 that
2586 391 41 11 sum
2636 384 34 18 bar,
2679 386 46 16 been
2734 386 30 17 dis-

2338 409 83 17 tributed
2435 409 19 17 in
2471 409 112 22 alleviating
2599 408 32 16 the
2647 408 96 23 suffering,
2753 415 21 12 as

2338 431 20 18 in
2367 431 31 18 the
2407 438 42 11 case
2463 433 20 16 of
2499 433 33 16 the
2548 430 63 19 recent
2628 430 47 19 fatal
2687 431 34 18 fire
2731 433 43 16 her*?

2338 455 37 16 and
2384 455 32 18 the
2425 456 79 17 disaster
2512 457 20 15 at
2541 455 127 19 Brunnerton,
2686 461 20 10 or
2715 456 19 17 in
2741 456 32 17 the

2339 479 78 22 support
2426 478 19 17 of
2454 478 48 18 local
2511 478 119 17 institutions
2646 478 46 16 such
2705 484 20 12 as
2741 479 33 17 the

2338 500 86 22 Library,
2435 501 56 17 Brass
2500 501 54 17 Band
2564 501 37 17 and
2615 506 20 11 so
2652 501 58 17 forth.
2735 502 39 17 The

2339 529 65 12 season
2412 524 16 17 is
2437 530 42 11 now
2488 524 88 22 drawing
2583 526 20 15 to
2612 530 11 10 a
2640 524 54 20 close,
2713 524 37 17 and
2759 525 15 17 it

2339 546 15 18 is
2370 546 117 23 improbable
2504 548 44 17 that
2564 553 51 11 more
2632 547 46 17 than
2695 548 79 17 another

2339 571 73 16 concert
2422 570 39 17 will
2469 571 23 16 be
2501 571 63 21 given.
2589 569 20 18 It
2617 570 15 18 is
2644 572 21 15 to
2673 570 23 18 be
2705 570 68 23 hoped,

2339 593 91 19 however,
2448 593 44 18 that
2508 594 33 16 the
2557 593 81 18 Concert
2655 593 118 19 Committee,

2339 616 61 17 which
2409 616 34 17 has
2451 616 48 17 done
2506 617 46 16 such
2559 617 62 22 signal
2628 617 68 17 service
2705 617 70 21 during

2339 639 32 17 the
2379 638 58 18 latter
2444 642 43 19 part
2496 640 20 17 of
2524 640 33 17 the
2571 641 75 21 present
2662 646 65 11 season
2737 640 38 17 will

2339 661 88 19 continue
2436 663 24 16 its
2470 663 51 17 work
2530 663 118 21 throughout
2657 663 33 17 the
2698 664 52 16 next.

2363 686 46 17 Last
2418 685 70 24 Friday
2497 687 32 16 the
2539 688 74 15 concert
2622 692 39 11 was
2679 684 20 20 in
2708 687 31 16 aid
2755 687 21 16 of

2340 709 32 17 the
2381 708 80 22 Library
2470 709 36 16 and
2516 709 87 23 Reading
2611 710 61 17 Boom
2684 710 92 22 Building

2340 731 61 20 Fund,
2411 732 38 16 and
2458 732 32 17 the
2504 732 113 18 attendance
2633 738 39 11 was
2688 733 77 17 satisfac-

2340 757 43 20 tory
2392 755 19 16 in
2418 755 32 17 the
2456 756 89 17 extreme.
2571 756 31 16 Mr
2608 756 76 21 Dansey
2689 756 86 21 presided

2340 778 38 17 and
2386 777 112 18 introduced
2506 779 32 16 the
2548 779 74 17 various
2638 779 56 16 items
2710 784 24 12 on
2743 779 33 17 the

2339 806 126 18 programme.
2496 802 38 17 The
2551 802 41 17 first
2608 802 39 17 solo
2665 802 56 21 given
2738 808 38 11 was

2340 825 42 17 that
2393 824 103 17 melodious
2513 825 37 17 and
2567 825 141 21 cvor--ileasing
2724 831 38 11 com-

2340 848 81 22 position
2450 847 37 17 She
2495 848 56 17 Wore
2559 854 12 10 a
2581 847 74 18 Wreath
2665 849 20 16 of
2699 849 58 16 Roses

2341 871 60 17 which
2411 877 38 10 was
2458 871 90 17 rendered
2557 873 49 15 most
2618 871 123 22 delightfully
2750 871 25 23 by

2341 894 40 17 Mrs
2391 894 51 20 Keir,
2452 894 38 17 and
2499 894 74 17 elicited
2586 901 11 10 a
2611 894 68 23 hearty
2687 895 54 17 burst
2756 896 20 16 of

2340 917 96 23 applause.
2462 917 31 17 Mr
2502 918 55 16 Cross
2566 917 86 17 followed
2667 918 45 17 with
2722 925 10 10 a
2741 924 22 17 pa-

2341 941 58 17 thetic
2408 940 64 18 ballad
2481 943 20 14 to
2510 941 59 17 which
2580 941 23 17 he
2611 941 33 16 did
2658 939 62 25 ample
2734 942 30 21 jus-

2340 964 42 17 tice.
2408 964 40 17 Mrs
2457 964 62 22 Syme,
2529 970 12 10 a
2549 964 71 20 visitor,
2630 964 19 17 in
2666 971 11 10 a
2690 965 39 16 rich
2738 965 37 16 and

2341 987 163 17 well-modulated
2524 987 57 20 voice,
2599 993 48 16 sang
2668 988 108 22 Kingsley's

2341 1011 63 16 ballad
2428 1011 39 16 The
2473 1011 59 17 Three
2538 1009 74 19 Fishers
2637 1011 38 17 and
2681 1011 95 17 increased

2341 1033 31 18 the
2381 1033 68 22 highly
2458 1033 97 18 favorable
2563 1033 110 22 impression
2689 1034 33 17 she
2739 1035 37 16 had

2341 1056 54 17 made
2405 1063 23 10 on
2438 1058 34 15 the
2479 1058 90 16 audience
2578 1057 25 21 by
2612 1057 34 16 her
2662 1056 114 24 subsequent

2341 1080 101 21 rendering
2451 1081 21 16 of
2500 1080 53 23 Keep
2562 1085 30 12 me
2600 1080 18 17 in
2628 1080 35 22 thy

2342 1103 94 22 Maggie's
2446 1103 63 17 Secret
2536 1109 38 11 was
2591 1105 49 15 most
2657 1104 119 22 charmingly

2343 1132 50 16 sung
2401 1126 25 22 by
2435 1127 46 17 Miss
2490 1125 53 24 Lucy
2552 1127 81 21 Dansey,
2644 1127 37 16 and
2698 1128 79 17 another

2341 1150 22 16 of
2374 1150 53 17 these
2442 1148 88 19 old-time
2546 1150 37 17 airs
2600 1150 66 20 which,
2683 1150 92 20 however,

2341 1179 31 11 are
2378 1179 56 11 never
2439 1174 34 16 out
2478 1174 20 16 of
2504 1179 65 11 season

2341 1197 21 15 to
2371 1196 96 16 wit-was
2476 1196 62 23 given,
2548 1197 26 21 by
2583 1195 68 24 special
2660 1199 81 19 request,
2751 1197 25 22 by

2341 1219 33 16 the
2383 1225 49 12 same
2441 1225 65 16 young
2515 1219 44 23 lady
2568 1219 45 18 with
2626 1219 55 23 equal
2698 1226 77 11 success.

2342 1243 46 16 Miss
2398 1243 62 16 Patrie
2470 1243 90 20 Griffiths,
2569 1244 20 15 to
2597 1242 61 17 whom
2663 1243 16 16 it
2685 1243 16 16 is
2706 1243 70 22 always

2342 1272 10 10 a
2362 1266 84 21 pleasure
2455 1267 20 15 to
2484 1266 63 20 listen,
2562 1266 119 17 contributed
2698 1266 79 18 another

2342 1289 31 17 old
2383 1289 79 17 favorite
2503 1289 38 17 The
2559 1289 80 17 Danube
2739 1290 37 16 and

2341 1317 21 12 as
2371 1312 54 17 usual
2433 1313 65 16 scored
2506 1319 11 10 a
2525 1319 79 11 success.
2629 1313 17 16 A
2654 1312 51 22 duet,
2738 1312 39 18 The

2342 1335 74 18 Minute
2425 1336 43 16 Gun
2477 1338 21 15 at
2568 1341 38 11 was
2615 1336 55 22 given
2687 1336 26 22 by
2730 1336 46 17 Miss

2342 1358 37 18 and
2388 1359 31 16 Mr
2428 1359 61 19 Cross,
2499 1359 33 17 the
2548 1359 61 17 voices
2625 1359 93 21 blending
2732 1360 33 16 har-

2343 1381 105 23 moniously
2457 1383 37 16 and
2506 1383 110 21 effectively.
2642 1383 33 16 Mr
2682 1382 94 18 Samson's

2341 1405 38 17 fine
2388 1406 54 16 tenor
2453 1406 52 17 voice-
2519 1411 38 12 was
2574 1405 58 18 heard
2651 1407 19 15 to
2679 1406 55 23 great
2742 1406 22 17 ad-

2342 1430 82 19 vantage
2433 1428 18 17 in
2484 1428 108 22 Changeful
2606 1429 15 17 is

2343 1452 75 16 Several
2424 1451 115 17 humourous
2548 1453 55 15 items
2612 1452 25 21 by
2646 1453 69 16 Messrs
2724 1452 42 18 Fitz-

2342 1475 71 21 gerald,
2424 1474 66 24 Mayes
2499 1475 36 18 and
2546 1475 55 18 Cross
2607 1475 102 23 agreeably
2713 1475 53 19 diver-

2342 1498 52 17 sv-fed
2402 1498 36 17 the
2443 1503 121 18 programme
2581 1499 36 16 and
2627 1505 48 10 were
2693 1499 83 18 received

2343 1520 45 18 with
2405 1521 123 19 enthusiastic
2545 1522 95 22 applause.
2665 1522 39 16 The
2721 1522 56 17 Brass

2343 1544 52 17 Band
2409 1545 68 21 played
2493 1546 20 16 at
2529 1545 90 17 intervals
2635 1545 19 17 in
2672 1552 11 10 a
2699 1552 78 11 manner

2341 1567 61 17 which
2413 1565 86 20 reflected
2508 1569 32 16 the
2550 1570 83 19 greatest
2642 1567 61 18 credit
2711 1569 24 16 oii
2744 1569 32 17 the

2342 1590 91 17 members
2442 1591 38 17 and
2489 1597 24 11 on
2523 1592 49 17 their
2582 1590 67 20 leader.
2659 1592 32 17 Mr
2699 1592 76 17 Munro.

2341 1614 38 17 The
2388 1614 97 17 collection
2494 1615 103 17 amounted
2606 1617 19 15 to
2634 1615 25 17 4
2668 1616 24 16 Is.

2400 1671 75 18 TOWN
2488 1672 88 17 BOARD
2591 1672 125 18 MEETING.

2364 1718 38 16 The
2411 1718 53 16 usual
2473 1719 86 21 monthly
2567 1719 83 22 meeting
2655 1719 20 17 of
2680 1719 32 17 the
2717 1720 58 16 Town

2340 1741 62 17 Board
2411 1740 45 18 took
2465 1741 53 22 place
2527 1748 23 11 on
2564 1742 98 22 Thursday
2670 1742 38 17 last
2721 1743 54 17 when

2340 1764 52 17 there
2408 1770 47 11 were
2475 1766 77 21 present
2568 1766 69 17 Messrs
2654 1763 20 19 0.
2693 1766 82 22 Malfroy

2341 1786 72 23 (chair),
2424 1788 64 20 Brent,
2498 1788 83 23 Dansey,
2594 1788 38 18 and
2646 1788 28 18 Dr
2689 1788 86 19 Ganders.

2449 1819 71 18 Board
2533 1824 24 13 of
2570 1820 94 17 Health.

2363 1851 39 17 The
2423 1851 101 17 Chairman
2546 1851 62 19 stated
2625 1852 42 16 that
2684 1852 32 17 the
2729 1852 35 23 bye-

2340 1874 45 17 laws
2395 1874 60 17 under
2463 1875 32 16 the
2504 1875 48 17 local
2561 1875 62 17 Board
2633 1875 20 18 of
2661 1875 70 18 Health
2738 1876 38 17 bad

2340 1903 43 11 now
2391 1897 46 17 been
2451 1898 115 17 formulated
2578 1898 37 17 and
2629 1905 20 10 as
2666 1905 46 10 soon
2728 1905 21 11 as
2765 1905 11 11 a

2341 1920 35 18 fair
2385 1926 47 17 copy
2441 1920 38 18 had
2488 1921 46 17 been
2549 1921 53 18 made
2618 1921 61 18 would
2693 1922 23 17 be
2731 1922 33 17 sub-

2341 1943 67 17 mitted
2425 1946 19 15 to
2462 1945 33 16 the
2512 1945 67 17 Crown
2600 1944 42 18 Law
2656 1945 76 17 Officers
2747 1946 29 16 for

2341 1967 86 17 revision.
2452 1967 18 18 It
2488 1967 38 18 had
2542 1967 40 18 also
2599 1968 45 17 been
2663 1968 77 17 decided
2756 1971 20 15 to

2341 1990 100 20 ta^e-steps
2451 1991 19 18 to
2479 1991 48 17 have
2542 1991 32 18 the
2587 1992 49 16 Milk
2650 1992 37 16 and
2703 1992 73 17 Dairies

2341 2014 35 16 Act
2385 2013 76 24 applied
2470 2014 19 18 to
2498 2014 33 18 the
2540 2014 78 18 district.

2463 2046 191 17 C'ORRF.SI'ONTIEX'CE.

2364 2072 57 17 From
2430 2072 51 18 John
2491 2073 61 18 Smith
2561 2073 108 24 reminding
2677 2074 32 17 the
2715 2074 61 17 Board

2342 2096 19 17 of
2382 2096 29 17 his
2432 2096 115 23 application
2568 2096 30 19 for
2615 2096 106 22 assistance,
2739 2098 36 17 and

2342 2119 72 23 stating
2423 2119 42 18 that
2479 2120 23 16 he
2516 2126 38 11 was
2571 2126 24 12 an
2612 2119 31 18 old
2660 2120 75 20 soldier,
2754 2122 21 16 83

2341 2148 53 16 years
2403 2143 20 16 of
2432 2148 35 16 age
2476 2143 38 16 and
2522 2142 38 18 had
2569 2148 11 12 a
2589 2143 43 17 wife
2641 2143 106 22 dependent
2753 2150 22 10 on

2341 2166 45 16 him.
2411 2166 31 17 He
2451 2171 38 12 was
2498 2166 85 17 disabled
2597 2166 48 17 from
2660 2166 57 17 work.
2750 2167 26 17 Dr

2342 2188 79 18 Ginders
2430 2189 62 17 stated
2504 2189 43 18 that
2562 2190 33 16 the
2608 2190 111 22 applicant's
2734 2190 42 17 wife

2342 2218 37 10 was
2388 2212 77 22 already
2473 2212 19 17 in
2501 2213 70 22 receipt
2585 2213 20 17 of
2618 2219 11 11 a
2643 2212 54 18 small
2710 2213 55 17 allow-

2342 2240 45 12 ance
2395 2235 20 17 of
2423 2235 79 18 rations.
2526 2236 32 17 Mr
2566 2236 77 22 Dansey
2656 2236 62 17 stated
2733 2236 42 18 that

2342 2264 10 11 a
2363 2263 68 13 memo,
2441 2258 37 17 had
2488 2258 47 18 been
2543 2261 42 15 sent
2598 2260 20 16 to
2623 2259 33 17 the
2669 2259 108 18 Charitable

2342 2281 36 17 Aid
2390 2282 126 21 Department
2529 2282 114 23 concerning
2655 2282 32 18 the
2701 2285 74 15 matter.

2365 2305 57 17 From
2436 2305 34 17 the
2483 2305 61 22 Royal
2561 2306 91 16 Humane'
2667 2305 74 23 Society
2758 2307 19 17 of

2342 2327 121 22 Australasia,
2474 2329 117 19 Melbourne,
2609 2329 20 17 in
2642 2328 53 24 reply
2707 2330 21 17 to
2744 2329 32 18 the

2341 2352 67 19 Board,
2420 2352 106 22 respecting
2535 2352 32 17 the
2584 2357 115 18 courageous
2712 2354 31 15 act
2757 2353 20 17 of

2342 2374 66 23 Henry
2417 2375 50 17 Giles
2476 2378 20 14 at
2505 2376 32 16 the
2546 2375 38 18 late
2592 2376 34 16 fire
2635 2376 19 17 at
2668 2375 108 19 Maunder's

2341 2397 162 24 boarding-house
2512 2399 37 17 and
2559 2398 96 23 enclosing
2664 2399 48 17 form
2721 2401 21 15 to
2754 2399 23 17 be

2341 2420 51 19 filled
2400 2427 26 16 up
2435 2421 45 18 with
2490 2421 118 23 particulars.
2634 2422 90 17 Resolved
2735 2421 41 20 that

2341 2444 32 17 the
2380 2445 49 16 form
2438 2445 23 16 be
2470 2445 51 17 filled
2529 2451 27 17 up
2564 2451 20 11 as
2594 2445 87 17 directed.

2422 2476 97 18 Rotoiiua
2527 2477 72 17 Hotel
2607 2477 87 17 License

2364 2508 39 17 The
2416 2508 101 17 Chairman
2534 2508 62 18 stated
2611 2508 42 17 that
2670 2508 51 18 there
2738 2509 37 17 had

2340 2531 47 17 been
2404 2537 51 11 some
2470 2531 158 23 correspondence
2642 2531 19 18 in
2674 2533 68 21 regard
2756 2535 19 15 to

2340 2555 33 17 the;
2381 2554 83 19 removal
2474 2555 19 17 of
2502 2555 35 16 the
2543 2555 85 17 Rotorua
2636 2555 59 17 Hotel
2708 2555 11 18 li
2726 2561 50 12 ense

2341 2579 20 16 to
2369 2578 77 17 Pacroa.
2472 2578 38 17 The
2519 2578 63 17 Board
2597 2578 63 17 would
2673 2578 103 19 remember

2340 2602 43 16 that
2392 2601 31 17 the
2432 2602 42 16 first
2482 2601 93 22 telegram
2583 2601 57 17 asked
2649 2602 15 16 if
2672 2602 56 17 there-
2738 2608 38 12 was

2342 2630 37 17 any
2387 2624 95 22 objection
2489 2626 21 16 to
2519 2625 46 17 offer
2573 2626 20 16 to
2602 2625 32 17 the
2643 2625 82 17 removal
2739 2626 37 16 and

2341 2648 61 17 stated
2411 2648 43 17 that
2462 2648 32 17 Mr
2503 2648 19 18 S.
2532 2648 60 22 Percy
2601 2648 61 17 Smith
2677 2648 63 17 would
2753 2649 23 17 bo

2341 2677 25 18 up
2375 2671 20 17 in
2403 2677 11 11 a
2423 2671 35 17 few
2469 2671 45 23 days
2523 2672 46 16 with
2580 2671 61 17 whom
2656 2671 45 23 they
2714 2672 62 21 might

2342 2695 79 17 consult.
2455 2694 29 17 He
2502 2695 40 22 (the
2559 2693 109 24 Chairman)
2690 2700 39 11 saw
2745 2696 31 16 Mr

2342 2718 60 17 Smith
2423 2717 38 18 and
2479 2717 78 23 pointed
2575 2719 33 16 out
2628 2717 32 18 the
2681 2717 95 23 objection

2342 2741 60 17 which
2411 2740 23 18 he
2443 2741 38 17 had
2489 2741 108 22 previously
2608 2741 97 18 expressed
2715 2743 20 15 to
2744 2741 32 18 the

2342 2764 67 19 Board,
2418 2764 42 19 viz.,
2470 2764 14 18 tl
2498 2766 15 15 it
2522 2764 55 18 there
2582 2764 62 17 would
2653 2764 23 17 be
2684 2771 11 10 a
2703 2764 37 18 loss
2757 2766 20 16 of

2342 2794 85 11 revenue.
2453 2787 49 17 That
2511 2793 38 11 was
2558 2787 32 17 the
2600 2787 44 22 only
2653 2793 65 11 reason
2732 2787 33 23 why-

2342 2811 22 17 he
2373 2811 83 21 thought
2465 2811 45 21 they
2519 2810 68 18 should
2596 2811 88 16 interfere
2700 2812 20 15 to
2734 2813 42 21 stop

2342 2834 31 17 the
2382 2834 88 17 removal.
2496 2834 32 17 Mr
2540 2834 59 17 Smith
2613 2833 108 18 considered
2734 2834 43 18 that

2341 2857 82 22 nothing
2431 2857 67 17 should
2507 2857 27 17 be
2540 2857 47 17 done
2596 2857 20 17 in
2625 2856 32 18 the
2665 2858 68 16 matter
2739 2857 38 17 and

2342 2881 42 17 that
2400 2886 39 11 was
2455 2881 76 21 exactly
2547 2880 52 17 what
2613 2881 31 16 the
2660 2880 63 17 Board
2738 2881 38 16 had

2342 2903 106 23 previously
2462 2903 69 23 agreed
2548 2905 26 16 to.
2607 2903 42 17 The-
2662 2903 54 17 other
2733 2903 42 23 day,

2342 2928 92 19 however,
2451 2927 24 17 ho
2491 2926 84 18 received
2590 2926 79 17 another
2685 2926 91 23 telegram

2342 2951 48 17 from
2399 2950 32 18 Mr
2439 2950 73 18 Barron
2521 2950 68 21 asking
2597 2950 16 16 if
2622 2949 39 18 Mrs
2667 2949 111 18 Morrison's

2342 2975 57 17 house
2408 2980 38 11 was
2455 2973 61 17 closed
2526 2973 37 17 and
2571 2973 15 17 if
2595 2978 20 11 so
2624 2973 43 21 why
2677 2973 23 16 he
2706 2973 32 17 did
2743 2975 34 15 not

2342 2999 69 21 report.
2437 2997 19 17 If
2464 2996 53 24 reply
2531 2996 23 17 he
2568 2995 38 18 bad
2620 2996 62 17 stated
2695 2995 43 18 that
2754 2996 23 17 he

2343 3027 37 11 was
2389 3022 34 16 not
2432 3025 60 12 aware
2500 3026 12 10 a
2520 3020 65 21 report
2593 3024 41 13 was
2652 3018 67 18 looked
2735 3020 40 20 for;

2342 3044 24 17 lie
2373 3044 38 17 had
2420 3042 68 23 simply
2498 3042 98 18 consulted
2609 3042 47 16 with
2670 3042 32 17 Mr
2716 3042 60 18 Smith

2343 3074 19 10 as
2371 3067 87 17 directed.
2484 3066 31 17 He
2524 3066 37 16 had
2569 3065 86 23 brought
2663 3065 32 17 the
2709 3067 68 15 matter

2342 3091 64 17 before
2419 3090 36 17 the
2464 3089 63 18 Board
2541 3090 20 16 at
2576 3089 33 16 the
2623 3088 45 18 time
2681 3089 37 16 and
2731 3089 46 22 they

2343 3114 62 17 would
2415 3113 102 17 remember
2526 3112 43 17 that
2577 3112 23 17 he
2609 3117 38 12 was
2654 3112 32 16 the
2692 3112 44 21 only
2742 3118 35 11 one

2343 3138 42 16 who
2394 3136 58 23 spoke
2467 3136 19 17 in
2501 3136 53 16 favor
2569 3135 21 17 of
2602 3135 34 17 the
2649 3135 62 17 house'
2721 3135 56 23 being

2343 3159 46 24 kept
2397 3166 55 16 open.
2477 3159 30 17 On
2516 3159 32 17 the
2557 3158 49 17 22nd
2614 3157 44 18 inst.
2668 3158 23 17 he
2700 3158 38 17 had
2747 3164 30 11 rc->-

2343 3183 63 18 ceived
2421 3183 79 17 another
2513 3182 92 21 telegram
2619 3181 67 22 asking
2702 3181 40 17 him
2757 3182 21 17 to

2343 3207 49 17 rofer
2408 3208 19 15 to
2441 3205 40 18 Mrs
2496 3204 110 18 Morrison's
2620 3204 49 17 lease
2683 3204 47 17 from
2746 3205 32 16 the

2343 3230 58 17 Town
2415 3229 61 17 Board
2493 3228 38 17 and
2549 3229 49 16 state
2614 3227 16 17 if
2645 3227 16 17 it
2677 3233 47 16 gave
2740 3234 38 15 any

2343 3253 52 23 right
2404 3254 20 16 to
2433 3257 78 12 remove-
2521 3251 32 17 the
2568 3250 88 22 building
2670 3250 37 17 ad
2723 3251 55 16 when

2343 3276 32 17 the
2383 3276 50 17 lease
2442 3274 119 18 terminated.
2577 3274 34 17 He
2616 3274 71 22 replied
2695 3274 43 16 that
2746 3274 32 17 the

2343 3300 49 17 lease
2400 3304 39 12 was
2446 3298 20 18 in
2481 3298 32 17 the
2527 3297 62 17 hands
2603 3297 20 17 of
2637 3297 32 17 the
2686 3296 78 18 Commis-

2343 3323 61 17 sioner
2412 3322 20 17 of
2441 3322 66 17 Crown
2517 3321 70 19 Lands,
2597 3319 108 18 Auckland..

2366 3345 31 18 Mr
2405 3345 76 21 Dansey
2490 3343 62 18 stated
2561 3343 43 18 that
2611 3343 24 17 he
2644 3343 83 17 believed
2735 3343 43 18 that

2343 3369 51 17 there
2403 3374 39 11 was
2450 3374 12 11 a
2470 3367 66 17 clause:
2540 3367 20 16 in
2568 3366 33 17 the
2616 3366 49 17 lease
2679 3366 86 17 authoris-

2343 3392 33 23 ing
2384 3392 40 17 Mrs
2433 3391 95 17 Morrison
2536 3391 21 16 to
2566 3395 75 11 remove
2649 3389 34 17 her
2690 3389 88 23 building

2343 3416 20 16 at
2372 3415 32 17 the
2412 3413 122 18 termination
2543 3413 19 17 of
2571 3412 33 18 She
2612 3412 55 17 lease.

2366 3439 38 16 The
2413 3437 101 18 Chairman
2523 3436 64 17 stated-
2594 3436 43 17 that
2643 3435 133 18 members-had

2342 3467 25 11 no
2375 3461 59 17 doubt
2444 3465 41 12 seen
2496 3460 32 17 the
2541 3458 109 23 paragraph
2663 3459 20 16 in
2697 3458 32 18 the
2742 3465 24 16 pa-

2342 3490 42 17 pers
2393 3483 102 24 regarding
2503 3483 33 17 the
2544 3481 107 25 possibility
2659 3482 22 16 of
2687 3481 33 17 the
2733 3487 33 16 per-

2342 3507 76 17 mission
2427 3509 20 14 to
2456 3512 74 11 remove
2538 3505 59 22 being
2605 3504 95 18 annulled.

2433 3538 62 19 Town
2512 3537 168 19 lii-i'itovExtEFOis.

2365 3573 31 17 Mr
2411 3572 84 22 Malfnoy
2511 3571 67 17 moved
2595 3570 43 17 that
2658 3569 75 18 tenders
2753 3570 23 17 be

2342 3596 59 18 ealled
2409 3596 30 17 for
2448 3595 33 23 fl.)
2490 3595 32 16 the
2531 3594 85 21 clearing
2623 3592 38 18 and
2669 3593 109 23 ploughing

2341 3620 20 17 of
2369 3619 32 18 the
2409 3619 58 17 Town
2475 3618 41 17 belt
2523 3617 71 17 section
2602 3617 49 16 from
2660 3616 87 17 Pererika
2756 3618 20 16 to

2341 3642 86 18 Aniohau
2435 3643 67 15 streets
2510 3646 25 11 on
2543 3640 33 17 the
2584 3639 46 18 road
2636 3639 76 22 leading
2717 3641 19 16 to
2743 3640 33 17 the

2341 3666 83 22 Sulphur
2436 3664 71 20 Baths;
2530 3662 33 24 (2.)
2580 3662 33 17 the
2630 3662 83 22 clearing
2729 3663 20 16 of
2765 3669 11 11 a

2340 3689 46 16 road
2394 3689 20 16 to
2422 3688 33 17 the
2463 3687 32 17 old
2503 3688 93 19 cemetery
2605 3686 48 16 from
2662 3684 32 19 the
2710 3691 66 12 comes

2340 3712 20 17 of
2368 3712 32 17 the
2408 3715 117 15 racecourse;
2540 3709 33 22 ('>.)
2582 3709 33 16 the
2623 3709 83 21 clearing
2715 3709 20 17 of
2743 3709 32 17 the

2340 3735 31 17 old
2380 3736 64 20 Taupo
2453 3733 54 18 Road
2515 3733 49 16 from
2573 3732 32 17 the
2614 3731 86 17 Utubina
2708 3733 21 16 to
2741 3733 33 16 the

2340 3758 106 18 south-east
2455 3756 99 21 boundary
2568 3755 19 16 of
2602 3754 73 23 Kelly's
2680 3755 92 22 paddock.

2363 3782 31 16 Mr
2402 3780 76 21 Dansey
2488 3778 61 18 stated
2558 3778 43 17 that
2609 3777 24 18 he
2641 3777 38 17 had
2684 3778 91 18 intended

2339 3806 20 16 to
2367 3804 56 21 bring
2432 3803 33 17 the
2472 3803 70 16 matter
2548 3802 19 16 of
2573 3801 33 17 the
2613 3802 92 20 cemetery
2710 3801 64 17 before

2338 3828 33 16 the
2380 3826 62 18 Board
2450 3825 46 18 with
2511 3831 11 10 a
2538 3824 48 17 view
2602 3825 21 16 to
2639 3824 68 22 taking
2723 3830 51 12 some

2340 3851 49 22 steps
2397 3851 20 16 to
2425 3850 80 21 prevent
2521 3848 33 17 the
2567 3853 109 11 recurrence
2689 3848 20 17 of
2722 3848 52 17 what

2339 3874 37 17 had
2385 3873 57 17 taken
2450 3872 53 22 place
2517 3877 25 11 on
2555 3871 33 17 the
2602 3871 86 17 occasion
2704 3871 21 16 of
2741 3871 32 17 the

2338 3897 37 17 last
2387 3896 107 17 interment.
2527 3894 32 17 He
2575 3893 63 18 would
2655 3895 117 16 recommend

2338 3920 43 17 that
2389 3919 33 18 the
2430 3918 46 18 road
2488 3917 69 18 should
2570 3917 24 17 be
2607 3916 55 18 made
2675 3917 48 16 from
2740 3917 32 17 the

2338 3949 65 12 corner
2411 3943 20 16 of
2439 3942 33 17 the
2480 3947 42 11 race
2531 3945 65 13 course
2606 3946 21 10 as
2640 3940 92 21 proposed
2746 3940 26 22 by

2338 3966 32 17 the
2380 3966 106 18 Chairman,
2494 3964 58 22 along
2561 3963 31 17 the
2602 3963 77 17 Maketu
2692 3963 45 17 road
2751 3965 20 15 to

2337 3990 43 16 that
2389 3989 75 22 portion
2472 3988 20 17 of
2500 3987 33 18 the
2542 3987 93 21 cemetery
2644 3985 53 23 lying
2705 3991 25 12 on
2739 3986 32 17 the

2336 4013 69 21 higher
2421 4010 80 24 ground,
2519 4010 38 17 and
2573 4010 43 16 that
2632 4008 33 18 the
2681 4015 50 11 same
2747 4009 23 17 bo

2336 4034 73 19 cleared
2423 4034 38 17 and
2476 4032 73 18 burned
2566 4032 35 20 off;
2623 4032 40 17 also
2680 4032 43 16 that
2738 4032 33 18 the

2336 4059 53 17 fence
2397 4058 60 16 below
2466 4057 32 17 the
2507 4055 54 19 creek
2569 4055 24 17 be
2602 4055 87 17 removed
2695 4055 37 17 and
2740 4061 20 11 re-

2335 4081 73 17 eroctod
2422 4086 20 12 so
2456 4085 20 12 as
2490 4080 20 16 to
2524 4079 53 16 fence
2593 4078 20 17 in
2629 4078 33 17 the
2677 4079 93 21 proposed

2335 4105 81 21 portion.
2442 4103 54 17 After
2505 4107 51 12 some
2564 4101 103 17 discussion
2676 4101 31 17 Mi'
2718 4101 39 17 Mal-

2335 4128 57 21 froy's
2401 4126 72 18 motiou
2487 4125 46 17 with
2548 4125 37 17 this
2597 4124 122 17 amendment
2731 4130 39 12 was

2336 4149 77 19 earned.

2863 129 86 20 GrSJLTSL
2963 130 38 18 PIT
3015 130 136 23 REGTJtATSOXs

2819 164 40 16 The
2867 163 101 18 Chairman
2977 163 80 18 referred
3071 166 19 17 to
3103 167 30 17 the
3146 174 43 15 mann
3198 182 5 6 r

2796 188 19 16 in
2829 186 61 19 which
2905 186 63 24 gravel
2985 187 37 18 had
3039 187 44 18 been
3101 189 51 20 taken
3168 199 17 13 an

2796 211 49 16 from
2854 210 32 18 the
2895 210 94 21 approach
2997 212 20 15 to
3026 210 32 18 the
3066 214 62 19 grave]
3139 215 13 21 pj

2795 232 71 24 pletely
2875 233 82 22 spoiling
2965 233 32 17 the
3006 234 51 16 work
3067 235 57 18 which
3135 232 2 24 !

2796 257 48 16 done
2854 256 51 18 there
2914 256 37 17 and
2960 256 129 24 endangering
3101 259 30 17 the

2796 280 59 17 fence.
2881 280 19 16 It
2909 279 72 18 seemed
2990 280 20 17 to
3019 280 36 17 him
3066 280 40 18 that
3116 282 21 17 ho
3147 290 9 8 v.

2796 303 45 21 only
2850 302 83 18 member
2942 304 19 15 of
2969 303 32 17 the
3010 303 60 17 Board
3080 304 42 18 who
3133 308 38 16 to.,k

2796 326 36 17 tice
2841 326 21 17 of
2877 327 40 16 acts
2926 326 20 16 of
2957 325 37 18 this
3010 325 92 24 deseriptii
3109 334 12 10 n
3134 329 70 24 although

2796 349 15 16 it
2820 354 38 13 was
2867 349 32 16 the
2908 348 47 23 duty
2964 349 20 17 of
2992 349 44 18 each
3046 350 19 16 to
3074 350 50 15 draw-
3133 353 28 17 atti

2796 373 20 16 to
2825 372 45 17 such
2880 374 77 14 matters
2973 373 54 15 when
3044 372 93 19 observed.
3166 377 17 17 ];
3186 381 18 12 ,\.

2796 396 51 16 must
2855 395 23 17 be
2887 395 65 17 drawn
2963 400 24 17 np
2995 395 37 17 and
3041 395 96 22 published
3151 402 9 12 i.
3170 405 5 12 r

2796 417 107 24 regulation
2912 417 21 18 of
2939 418 36 17 the'
2980 418 66 22 gravel
3053 419 35 22 pit,
3097 419 36 18 and
3147 427 8 11 a

2796 442 70 21 charge
2882 446 34 18 per
2928 441 43 17 load
2984 441 90 22 imposed.
3105 443 16 16 11
3143 449 30 14 was

2796 464 64 17 solved
2867 464 43 17 that
2918 464 32 17 the
2959 463 101 19 Chairman
3068 464 36 18 and
3114 466 28 16 Mr
3153 468 11 15 It

2796 487 23 18 be
2834 487 116 22 empowered
2967 489 20 15 to
3003 487 52 17 draw
3072 494 25 16 up
3112 490 74 22 regulati
3193 487 11 25 i'.

2796 511 127 21 accordingly.

2921 540 176 18 MISCELLANEOUS.

2820 576 20 16 It
2849 581 37 11 was
2896 575 84 16 resolved
2989 575 41 18 that
3045 576 60 17 clocks
3123 577 57 21 should
3192 582 12 18 be

2796 597 92 25 procured
2898 598 30 17 for
2936 598 32 18 the
2976 599 74 17 various
3058 598 122 23 bath-houses.

2820 622 39 16 Tlte
2868 621 100 18 Chairman
2978 622 61 16 stated
3048 622 42 18 that
3104 623 31 17 the
3148 624 39 20 level
3196 631 10 16 of

2796 645 33 17 the
2839 643 41 20 late
2890 645 36 16 had
2936 644 47 19 risen
2993 645 129 23 considerably
3131 647 54 23 owing
3194 654 11 14 t,

2797 668 32 17 the
2839 670 63 15 recent
2911 668 55 18 ruins,
2977 668 37 17 and
3024 668 33 17 the
3070 670 116 22 temperature
3196 676 10 17 of

2797 692 32 16 the
2839 691 76 17 Priest's
2924 690 45 18 bath
2979 696 38 12 Was
3030 697 44 11 now
3088 692 71 23 exactly
3174 696 32 16 \rW

2797 715 15 16 it
2822 715 61 20 ought
2891 715 20 16 to
2919 714 30 17 be.
2973 715 39 16 The
3023 714 42 17 lake
3074 715 36 17 had
3119 720 52 14 never
3178 717 28 22 been

2797 744 21 11 so
2826 737 37 17 low
2872 737 26 21 by
2907 737 28 17 six
2943 737 64 18 inches
3020 737 37 18 and
3066 738 32 17 the
3112 738 53 19 baths
3177 746 29 15 were

2797 760 79 17 affected
2886 761 18 16 in
2914 764 132 19 consequence.
3071 760 19 17 If
3103 762 63 22 people
3179 766 27 18 only

2797 784 56 16 knew
2861 784 35 16 the
2903 783 105 17 difficulties
3017 784 45 21 they
3070 784 38 17 had
3116 786 20 15 to
3149 784 57 23 contenij

2798 807 46 17 with
2853 807 19 16 in
2881 806 67 24 regard
2958 808 19 15 to
2987 807 50 16 these
3046 806 56 19 baths'
3110 806 42 24 they
3165 812 41 18 would

2797 831 33 16 not
2840 830 79 18 criticise
2928 835 20 12 so
2966 830 63 22 fresly.
3058 830 31 17 He
3104 830 65 20 wished
3182 834 14 18 tl

2797 859 51 11 some
2858 853 19 17 of
2886 853 52 17 these
2955 853 60 17 critics
3024 853 38 17 had
3078 853 32 18 the
3126 858 61 15 matter
3197 863 11 12 ;,,

2797 877 66 16 attend
2879 878 19 14 to
2912 876 117 18 themselves.
3062 877 31 16 Mr
3110 877 69 19 Dansev
3192 886 10 12 re-

2797 899 78 18 marked
2881 899 43 18 that
2929 899 14 17 if
2950 899 32 18 the
2987 899 127 19 Government
3119 901 58 17 would
3181 904 28 21 only

2797 923 118 18 reconstruct
2923 923 33 16 the
2964 922 44 17 weir
3017 929 24 10 on
3055 923 31 17 the
3100 923 49 17 bank
3164 925 16 18 of
3190 927 18 19 the

2797 946 43 17 lake
2849 951 46 12 near
2903 945 32 19 the
2944 945 55 19 Ohau
3008 946 78 18 channel
3095 946 102 22 amarkedim-

2797 969 112 23 provement
2929 969 63 17 would
3009 969 44 17 take
3074 969 53 22 place
3142 970 17 17 in
3174 972 32 18 tho>.

2797 992 77 23 springs
2883 992 60 17 which
2953 998 48 11 wer-e
3009 993 79 17 affected
3097 993 25 22 by
3130 993 30 17 the
3172 994 36 21 lake'i

2797 1015 54 18 level.

2823 1039 13 17 A
2848 1038 129 17 conversation
2987 1039 69 17 ensued
3065 1045 20 11 as
3094 1040 20 18 to
3119 1038 33 19 the
3156 1045 52 18 present

2798 1061 55 17 mode
2862 1062 20 16 of
2898 1062 105 22 conveying
3017 1061 118 19 Sanatorium
3150 1065 59 20 patienti

2798 1086 20 16 to
2836 1085 32 16 the
2888 1084 117 19 Postmaster
3024 1085 46 18 bath
3091 1085 54 18 when
3160 1087 13 16 it
3187 1094 22 14 was

2798 1107 71 24 agreed
2876 1108 44 17 that
2926 1108 30 18 Dr
2964 1106 79 21 Grinders
3059 1108 68 19 should
3140 1110 68 21 endeavoi

2798 1132 20 16 to
2828 1131 55 17 effect
2891 1137 23 11 an
2924 1134 133 18 arrangement
3065 1132 45 17 with
3120 1132 90 21 Btrirssat

2799 1155 103 16 somewhat
2923 1153 80 19 reduced
3030 1156 56 16 rates.
3123 1154 30 18 Mr
3171 1156 39 20 Brent

2799 1178 83 21 thought
2892 1178 41 16 that
2943 1178 63 21 seeing
3014 1178 32 17 the
3055 1179 91 21 necessity
3159 1179 52 21 existed

2799 1201 30 17 for
2845 1201 105 22 conveying
2967 1202 82 21 patients
3064 1203 20 15 to
3100 1202 33 16 the
3149 1202 45 23 Sulpl
3195 1211 17 11 rar

2798 1224 57 17 baths
2863 1225 16 15 it
2888 1224 63 17 would
2960 1225 22 16 he
2991 1230 12 12 a
3011 1225 49 20 good
3074 1225 116 24 opportunity
3200 1228 11 18 to
3222 1221 1 28 '

2798 1247 58 21 bring
2865 1247 31 17 the
2907 1245 92 24 proposed
3015 1249 92 21 tramway
3124 1248 56 18 under
3192 1250 19 19 the

2798 1271 62 17 notice
2870 1271 20 16 of
2898 1267 32 20 the
2940 1270 132 18 Government.

2966 1299 98 21 Finance,

2822 1334 39 17 The
2871 1334 88 17 financial
2968 1336 101 16 statement
3077 1335 30 17 for
3121 1335 31 17 the
3166 1338 47 17 month

2799 1358 76 16 showed
2890 1364 20 10 as
2924 1357 73 17 follows
3004 1356 4 24 :
3011 1356 108 24 Receipts
3126 1356 4 24 :
3151 1359 62 20 Balance

2799 1381 48 16 from
2857 1379 37 18 last-
2903 1381 72 19 month,
2986 1380 50 17 lB9
3049 1382 20 17 7s
3079 1382 11 16 4
3091 1379 23 23 d;
3132 1380 44 19 bath
3190 1383 24 19 fees

2799 1404 33 17 for
2837 1402 74 23 March,
2921 1402 40 20 GS
2970 1403 31 18 15s
3008 1404 34 21 Gd;
3058 1404 78 24 grazing
3150 1405 36 20 fees,
3201 1406 12 19 5

2800 1428 31 17 16s
2839 1426 35 21 8d;
2889 1428 42 17 rent
2939 1426 22 19 of
2967 1425 68 20 Palace
3050 1426 59 19 Hotel
3123 1428 40 20 site,
3179 1428 34 21 :J0;

2799 1450 74 22 deposit
2882 1456 23 11 on
2915 1449 65 18 tender
2990 1450 60 17 lL'sGd
3057 1449 3 23 ;
3075 1451 53 18 total,
3137 1450 45 20 289
3190 1453 24 18 I2s,

2799 1473 141 23 Expenditure:
2959 1474 74 21 Wages,
3052 1474 39 21 &c,
3111 1473 38 18 .')o
3164 1477 18 14 lis
3196 1477 18 17 Hi.

2799 1498 82 15 Balance
2890 1496 18 18 in
2918 1496 50 18 hand
2978 1497 37 16 and
3023 1498 19 15 in
3049 1498 56 19 bank,
3114 1497 47 18 X2:iG
3168 1499 17 17 5s
3191 1499 23 18 6d'

2798 1520 54 21 total,
2863 1518 95 20 280128.

2822 1543 41 11 Th
2872 1543 84 11 ineftino-
2964 1543 44 11 then
3018 1543 110 11 ndinnninrl.

2810 1596 102 19 SCHOOL
2923 1597 152 18 COMMITTEE
3083 1597 125 20 ELECTION.

2822 1644 17 17 A
2850 1642 82 23 meeting
2940 1644 20 16 of
2969 1643 90 19 residents
3067 1644 46 19 took
3118 1644 51 23 place
3173 1645 18 18 in
3194 1646 22 19 the

2799 1665 211 24 Schoolroom-Monday
3017 1666 90 24 nighfcfbr
3113 1668 33 17 the
3152 1674 64 17 purpose

2798 1689 120 23 ofreceiving
2922 1689 35 19 the
2961 1690 69 18 annual
3037 1691 103 24 reportand
3144 1691 63 19 balance-

2799 1713 179 21 shcetandelecting
2983 1720 10 10 a
2999 1719 40 11 new
3046 1713 68 19 School
3119 1715 98 19 committee.

2799 1736 39 18 The
2845 1734 142 20 balance-sheet
2992 1737 74 18 snowed
3074 1736 42 19 that
3123 1738 33 17 the
3160 1738 38 18 cash
3206 1739 11 18 in

2798 1759 51 18 hand
2858 1760 37 16 iind
2904 1759 19 18 in
2933 1760 47 16 ban-
2991 1760 101 18 amounted
3101 1762 20 16 to
3128 1761 24 17 7
3163 1763 26 15 Ids
3198 1763 20 17 Id,

2798 1783 39 17 The
2846 1785 62 18 report
2917 1782 60 18 stated
2987 1781 42 21 thai
3038 1789 10 12 a
3062 1783 76 18 marked
3152 1785 66 19 increase

2799 1807 37 16 had
2845 1805 56 19 taken
2911 1806 52 23 place
2974 1806 18 17 in
3002 1807 34 16 the
3048 1807 116 18 attendance.
3191 1809 28 17 The

2798 1830 80 16 number
2886 1835 24 11 on
2919 1830 33 16 the
2961 1830 35 17 roll
3010 1830 15 16 is
3041 1836 43 11 now
3102 1832 33 15 130
3148 1832 35 16 and
3196 1832 24 17 1h?

2798 1858 80 18 average
2888 1852 111 18 attendance
3009 1852 19 18 71
3032 1852 4 25 -
3039 1854 16 16 7.
3081 1854 30 17 An
3126 1855 92 22 expression

2799 1876 19 18 of
2827 1877 63 22 regret
2900 1882 37 11 was
2951 1876 98 17 embodied
3064 1878 20 16 at
3099 1877 33 17 the
3148 1877 35 17 loss
3196 1878 24 18 the

2799 1898 106 19 committee
2914 1899 38 17 and
2961 1899 31 17 the
3005 1901 116 18 community
3138 1901 82 23 generally

2799 1923 37 16 had
2845 1922 97 17 sustained
2951 1923 25 22 by
2985 1923 32 16 the
3025 1923 56 17 death
3118 1924 30 17 Mr
3165 1925 22 16 11.
3199 1925 19 18 W.

2799 1945 117 23 Neighbour.

2823 1969 39 17 The
2872 1969 78 17 election
2960 1969 20 17 of
2993 1975 9 11 a
3017 1975 42 11 new
3076 1971 104 17 committee
3192 1977 27 11 was

2800 1993 45 16 then
2854 1992 104 22 proceeded
2966 1993 46 16 with
3022 1991 38 18 and
3068 1993 81 18 resulted
3163 2001 17 9 as
3193 1995 20 16 fol-

2799 2016 47 17 lows
2854 2015 98 18 :Messrs
2965 2014 94 19 Robinson
3076 2017 26 21 14,
3116 2016 70 19 Puree]]
3201 2018 18 21 14,

2799 2037 93 19 Williams
2901 2039 29 19 13.
2939 2037 48 19 Hall
3000 2039 26 21 13,
3041 2039 85 18 Griffiths
3142 2040 25 20 11,
3180 2040 32 18 Fitz-

2801 2060 65 25 gerald
2878 2063 25 16 11.
2914 2060 74 25 CarlyTe
2999 2063 26 17 11.
3039 2063 40 16 Mrs
3093 2064 42 16 Ann
3153 2063 58 19 Robert-

2799 2091 34 12 son
2844 2086 21 16 10
2874 2085 37 17 and
2925 2085 31 18 Mr
2970 2086 24 17 D.
3012 2086 27 17 W.
3059 2086 60 18 Steele
3137 2087 26 17 10.
3192 2087 30 18 The

2799 2108 42 18 first
2849 2114 55 12 seven
2911 2113 49 13 were
2969 2107 85 19 declared
3065 2110 44 22 duly
3119 2110 73 17 elected.

2823 2133 26 15 At
2865 2132 33 16 the
2914 2131 84 23 meeting
3015 2133 19 15 of
3051 2132 107 18 committee
3172 2133 48 17 which

2799 2154 89 17 followed
2897 2154 32 18 Mr
2944 2154 73 18 Purcell
3031 2161 38 11 was
3090 2155 56 23 again
3163 2157 58 16 elected

2799 2178 97 17 chairman
2904 2178 36 17 and
2949 2178 31 17 Mr
2988 2178 101 23 Robinson,
3098 2180 91 22 secretary
3194 2178 28 19 and

2799 2203 100 15 treasurer.
2925 2201 39 17 The
2972 2202 63 21 report
3044 2202 20 18 of
3071 2203 31 17 the
3112 2202 76 24 visiting
3199 2204 14 16 in-

2799 2226 75 20 spector
2883 2230 38 11 was
2933 2224 46 17 read
2994 2225 35 17 but
3045 2231 20 11 as
3082 2225 32 17 the
3130 2226 91 22 inspection

2799 2247 38 17 had
2846 2247 46 17 been
2902 2247 55 18 made
2964 2254 23 11 on
2996 2254 11 11 a
3017 2248 36 22 day
3062 2249 54 17 when
3130 2249 43 22 only
3187 2255 25 12 one-

2799 2270 44 18 fifth
2852 2271 20 16 of
2881 2271 31 16 the
2922 2271 62 22 pupils
2993 2277 38 11 was
3039 2273 74 21 present
3122 2273 15 16 it
3146 2279 36 10 was
3188 2273 35 21 only

2799 2294 117 22 moderately
2923 2294 127 23 satisfactory.
3074 2295 19 17 It
3107 2301 39 12 was
3159 2294 63 20 decided

2799 2319 19 15 to
2829 2317 35 17 call
2874 2317 30 17 for
2912 2317 75 17 tenders
2996 2319 29 15 for
3031 2319 32 16 the
3072 2319 87 22 cleaning
3167 2320 18 16 of
3199 2319 25 17 the

2800 2341 64 16 school
2874 2339 110 20 returnable
2994 2343 20 15 at
3022 2343 47 16 next
3083 2343 87 21 meeting,
3187 2343 35 21 May

2800 2364 27 17 26.
2867 2364 19 16 It
2902 2370 38 10 was
2958 2364 38 17 also
3011 2365 84 17 resolved
3111 2366 43 17 that
3170 2366 52 17 future

2799 2387 93 22 meetings
2902 2387 67 17 should
2979 2387 42 17 take
3030 2388 53 22 place
3092 2394 23 12 on
3124 2388 32 18 the
3170 2389 52 17 fourth

2799 2410 87 22 Tuesday
2896 2411 20 16 of
2924 2411 45 16 each
2980 2411 72 17 month.
3086 2412 54 17 Some
3157 2413 65 17 matters

2799 2434 21 16 of
2834 2434 58 17 detail
2906 2434 59 20 beins:
2978 2434 94 18 discussed
3088 2435 37 17 and
3142 2435 81 23 arranged

2799 2456 32 18 the
2841 2457 84 22 meeting
2936 2456 113 24 adjourned.-

2799 2509 52 17 THE
2870 2509 85 18 TAUPO
2975 2510 61 18 POST
3053 2512 93 17 OFFICE
3164 2511 54 18 CASE.

2881 2556 59 17 Park
2949 2561 63 13 again
3025 2557 127 18 Committed.

2823 2588 26 16 At
2858 2588 32 16 the
2900 2587 100 18 Auckland
3009 2589 62 17 Police
3081 2589 58 17 Court
3148 2596 23 11 on
3177 2590 36 16 Wed-

2799 2610 72 24 nesday
2885 2611 42 20 last,
2943 2611 60 17 Gavin
3017 2611 99 23 Melntyre
3127 2613 54 18 Park.
3196 2610 3 24 1
3202 2621 6 8 n
3212 2610 13 24 1.

2799 2635 114 21 postmaster
2921 2635 21 16 at
2951 2635 69 21 Tnupo,
3032 2636 42 16 who
3089 2642 37 11 was
3143 2636 83 17 admitted

2799 2659 20 15 to
2838 2657 101 22 probiition
2957 2663 50 12 some
3022 2658 49 18 little
3088 2659 45 18 time
3149 2660 45 17 back
3205 2660 19 21 by

2799 2680 63 23 Judge
2872 2680 100 23 Connolly,
2986 2687 38 11 was
3036 2683 110 17 committed
3150 2683 30 17 for
3186 2683 37 17 trial

2799 2709 24 12 on
2832 2710 11 11 a
2853 2703 69 23 charge
2932 2704 20 17 of
2965 2705 80 21 stealing
3059 2705 34 18 the-
3105 2712 41 11 sum
3160 2707 20 16 of
3195 2706 29 17 i'l'D

2799 2729 19 14 (it
2827 2727 75 22 Taupo.-
2910 2733 23 10 on
2944 2726 95 24 February
3050 2728 15 17 I.
3095 2730 42 16 The
3148 2730 77 17 evidence

2799 2750 30 18 for
2837 2750 32 17 the
2875 2751 119 21 prosecution
3001 2751 73 21 alleged
3081 2752 41 17 that
3130 2752 32 18 the
3167 2758 58 15 money

2799 2773 37 17 had
2846 2774 46 16 been
2902 2773 44 23 paid
2952 2774 40 16 into
3001 2775 33 16 the
3039 2775 46 17 Post
3092 2775 57 18 Office
3155 2776 70 17 SaviiiiH

2799 2797 61 19 Bank,
2870 2796 27 23 by
2905 2797 67 17 Alfred
2980 2797 65 22 Ayres,
3055 2798 67 20 driver,
3133 2805 23 11 on
3170 2799 56 18 behalf

2799 2820 20 17 of
2826 2820 57 17 Peter
2890 2820 84 21 Neilson,
2985 2821 83 17 foreman
3078 2822 19 17 of
3104 2822 67 18 works.
3194 2822 32 17 The

2799 2843 96 22 depositor
2901 2849 57 11 never
2966 2844 82 17 received
3062 2851 24 11 an
3100 2844 115 19 acknowledir-

2799 2867 52 17 ment
2860 2867 21 16 of
2888 2867 16 16 it
2913 2867 47 16 from
2970 2865 32 18 the
3010 2867 48 17 head
3070 2868 56 17 office.
3152 2869 31 17 Mr
3191 2869 33 17 Mc-

2799 2888 79 24 Gregor,
2893 2890 44 17 who
2951 2891 92 21 appeared
3057 2891 29 17 for
3100 2892 83 18 accused,
3198 2891 21 18 ail-

2799 2912 75 18 dressed
2895 2912 32 18 the
2948 2913 69 20 Pencil,
3036 2914 37 17 and
3092 2915 40 17 said
3152 2916 40 17 that
3208 2915 18 16 lie

2799 2935 72 17 wished
2879 2936 20 18 to
2908 2937 36 20 put
2952 2936 28 17 his
2989 2937 57 17 client
3059 2938 41 17 info
3112 2938 33 18 the
3159 2938 36 18 bos:
3210 2940 13 14 to-

2799 2959 77 21 explain
2885 2959 43 17 how
2937 2959 33 17 the
2984 2960 88 17 omission
3086 2962 93 18 occurred,
3194 2961 31 17 ami

2799 2982 63 17 stated
2871 2982 43 17 that
2922 2982 34 18 the
2964 2982 38 18 2O
3013 2989 37 11 was
3064 2984 88 18 included
3165 2985 19 17 in
3199 2985 27 16 the

2799 3005 44 17 cash
2852 3005 75 17 handed
2937 3011 45 12 over
2994 3006 20 18 to
3026 3007 32 17 the
3072 3008 100 22 inspector.
3201 3008 25 16 lie

2799 3028 39 17 also
2851 3029 79 22 pointed
2945 3031 34 15 out
2994 3029 42 17 that
3053 3030 32 17 the
3101 3031 78 17 accused
3194 3037 32 11 was

2799 3051 97 22 naturally
2905 3052 19 17 in
2933 3058 12 11 a
2953 3058 46 16 very
3010 3053 78 18 worried
3102 3055 93 16 condition
3211 3057 14 13 at

2799 3074 33 17 the
2841 3074 45 18 time
2895 3075 16 16 it
2919 3076 94 18 occurred,
3029 3076 37 17 and
3081 3077 42 18 that
3135 3077 60 18 would
3208 3077 18 16 be

2799 3097 26 18 all
2834 3098 33 16 the
2876 3104 51 11 morn
2936 3104 66 12 reason
3011 3100 30 16 for
3048 3100 29 17 his
3092 3102 34 16 not
3139 3101 77 17 mention-

2799 3121 34 21 ing
2853 3121 16 17 it
2890 3121 46 17 with
2953 3122 32 16 the
3002 3122 54 17 other
3076 3125 94 17 amounts.
3201 3123 26 18 Sir

2800 3143 113 18 Northcroft
2928 3144 84 23 thought
3027 3151 12 11 a
3052 3147 61 21 prima
3130 3147 50 17 facie
3192 3152 35 12 case

2799 3167 38 17 had
2846 3168 48 16 been
2903 3167 54 18 made
2966 3170 39 18 out,
3015 3169 37 16 and
3069 3170 42 17 that
3125 3170 36 17 the--
3172 3171 55 21 points

2799 3191 63 16 raised
2869 3191 26 21 by
2904 3191 31 17 Mr
2947 3191 105 22 McGregor
3064 3192 63 19 would
3133 3194 23 16 be
3165 3194 29 16 for
3201 3193 27 17 the.

2801 3213 91 22 Supreme
2901 3213 59 18 Court
2969 3215 20 16 to
2998 3215 69 17 decide-.
3092 3216 51 18 With
3156 3217 31 17 the
3195 3215 24 18 evi-

2800 3236 58 17 dence
2878 3236 65 18 before
2959 3238 45 20 him,
3019 3243 45 12 evt>n
3081 3239 16 17 if
3109 3240 32 17 the
3158 3238 70 19 accused

2800 3261 51 15 went
2859 3259 41 18 into
2909 3260 33 18 the
2956 3260 44 20 box,
3015 3262 29 16 his
3057 3262 87 23 Worship
3159 3263 37 17 said
3209 3262 19 17 he

2801 3283 55 17 could
2865 3283 25 16 do
2898 3284 83 22 nothing
2989 3285 37 16 else
3037 3285 46 17 than
3097 3286 76 17 commit
3188 3286 39 17 him.

2799 3305 32 18 Mr
2839 3306 108 22 McGregor
2954 3307 46 17 then
3008 3307 40 18 said
3057 3308 23 17 he
3089 3309 62 17 would
3165 3313 63 13 reserve

2800 3328 29 17 flis
2838 3329 82 19 defence,
2930 3330 38 17 and
2977 3331 78 17 accused
3067 3337 39 12 was
3119 3330 108 20 committed.

2800 3352 41 17 Bail
2850 3358 40 11 was
2898 3352 86 20 allowed,
2994 3353 36 19 and
3040 3355 76 17 sureties
3126 3361 47 11 were
3185 3354 43 18 fixed

2799 3375 21 17 at
2829 3376 38 16 two
2874 3376 23 16 of
2903 3375 38 17 SO
2950 3376 37 17 and
2996 3377 50 17 Park
3055 3378 75 18 himself
3137 3379 19 16 in
3166 3378 41 18 OO.

1217 78 58 19 THE
1304 76 57 20 HOT
1389 74 92 21 LAKES
1511 73 172 24 CHRONICLE,
1711 72 193 23 WEDNESDAY,
1933 71 87 20 APRIL
2048 72 31 22 29,
2097 72 50 17 1896

140 277 57 18 NEW
209 276 115 17 ZEALAND
333 273 81 17 Limited.

192 346 47 14 l-Oli
251 341 96 17 sYi.UNLY

58 669 162 47 HUDDART,
244 666 113 19 PARKER,
378 662 54 20 AND
453 660 38 18 CO.

221 689 108 25 (limited),

82 739 96 23 Splendid,
187 734 163 26 Well-appointed
356 729 136 22 Steamerswill

57 765 24 18 bo
89 762 115 24 despatched
212 762 49 16 from
270 761 119 15 AUCKLAND,
399 761 20 11 as
433 755 59 16 under

57 787 90 24 (weather
163 785 38 18 and
220 784 54 18 other
291 781 142 19 circumstances
449 782 42 16 per-

58 835 43 17 FOR
105 809 136 42 OSBORNE,
247 827 100 20 NAPIER
361 822 130 37 ?-

80 857 51 18 TON
148 851 158 22 LYTTELTON,
317 846 150 22 &DUNEDIN,

62 881 135 18 Burrtjmbee,
207 878 101 17 Tuesday,
320 873 45 21 May
380 872 17 19 5,
409 870 19 17 12
435 875 56 10 noon.

60 904 107 18 Tasmania
174 893 24 29 ...
204 901 108 17 .Tuesday,
319 896 47 21 May
373 896 6 15 IIJ,l
382 893 3 29 I
386 896 13 18 J,
414 893 20 17 12
443 898 49 11 noon

187 947 50 18 FOR
251 941 112 22 SYDNEY,

105 971 114 20 (Returning
231 975 19 11 to
259 964 100 21 Auckland
367 963 79 21 Direct.)

60 995 92 24 Carrying
173 985 111 30 Paslcngers
307 990 28 17 for
357 987 134 32 Me^OUBNE,

71 1019 54 18 other
129 1018 130 17 Australian
267 1014 72 18 Ports,
346 1010 133 18 andHOBABT,

73 1047 96 17 'asmania
215 1043 99 18 Monday,
329 1040 46 20 May
387 1040 17 17 4,
418 1038 11 15 4
446 1041 45 17 p.m.

61 1071 147 16 jJURKDIIBEET,
219 1066 97 18 MONDAY,
334 1063 45 21 May
390 1061 27 19 18,
426 1061 11 16 4
446 1064 45 18 p.m.

84 1096 30 17 All
123 1095 74 17 Tickets
204 1099 31 12 are
243 1091 93 19 available
345 1090 38 16 ;dso
398 1087 29 18 for
436 1085 44 23 Stop-

60 1125 44 13 over
112 1124 21 12 or
141 1118 72 18 Beturn
227 1117 25 22 by
263 1115 56 17 ANY
335 1110 85 21 UNION
434 1109 58 18 CO.'S

61 1140 139 21 STEAMERS,
211 1140 36 17 and
254 1138 75 18 holders
339 1136 20 17 of
367 1134 67 19 U.S.S.
451 1134 25 17 Co
484 1138 8 12 s

61 1165 73 18 Tickets
155 1169 44 17 may
215 1162 59 18 travel
293 1162 24 21 by
338 1157 117 19 ANGLIAN
472 1162 20 12 or

60 1188 139 18 TASMANIA.

157 1216 23 17 L.
193 1216 24 17 D.
227 1212 108 20 NATHAN
348 1211 15 18 &
376 1210 45 20 CO.,

388 1233 80 18 Acents.

105 1283 122 19 ORTHEUX
254 1279 148 20 STEAMSHIP
428 1278 47 18 COM-

60 1306 36 22 1>
168 1306 77 20 PANY,
263 1303 118 19 LIMITED.

193 1350 166 20 TIME-TABLE.

58 1386 84 16 Weather
150 1385 33 16 and
190 1384 49 16 other
245 1383 132 16 circumstances
381 1379 108 23 permitting.

59 1453 71 14 T/eavt.
140 1449 140 18 AUCKLAND
294 1453 38 12 l-oit
345 1446 145 19 TAUEANGA.

56 1551 428 43 &^gpMKi^^^jjaj^g

197 1673 95 30 rjHTOS.
314 1670 69 19 COOK
404 1670 15 17 &
444 1668 48 19 SON

140 1705 37 16 ass*.
202 1696 25 21 -L

167 1717 21 23 >
235 1723 52 14 HOOK
300 1721 97 14 PASSAGES
410 1720 41 13 AND

261 1745 76 15 SECURE
350 1743 77 15 BERTHS

221 1767 32 17 AT
265 1764 104 19 LOWEST
383 1762 80 18 HATES

60 1799 26 12 jy
99 1799 17 12 p.
127 1793 13 18 &
151 1797 16 12 0.
178 1796 36 14 CO.,
225 1793 73 14 ORIENT
307 1792 36 16 CO.,
354 1790 72 14 DIRECT
434 1789 58 13 LINES

152 1818 89 16 OCEANIC,
256 1814 142 16 MESSAGERIES,

159 1843 26 17 Or
192 1847 36 17 any
237 1841 37 17 line
283 1845 20 12 as
312 1837 78 19 desired.

80 1890 86 23 Enquiry
175 1887 77 18 invited.
268 1884 126 19 Information
403 1882 65 24 gratis.

60 1936 95 21 Intending
160 1938 101 19 passensrers
274 1931 62 17 should
350 1930 53 20 apply
418 1929 26 16 for
461 1933 31 11 our

79 1960 35 14 free
123 1957 28 17 list
160 1957 18 15 of
185 1958 73 15 steamer
271 1953 73 20 sailings
355 1951 34 17 ai.d
397 1952 47 14 f;ircs
453 1954 18 12 at

108 1983 88 19 COOK'S
209 1979 125 20 SHIPPING
347 1977 99 20 OFFICE,

135 2013 22 17 70
166 2016 41 13 AND
218 2011 21 17 78
252 2009 165 20 QUEEN-STREET.

89 2041 85 17 Rotorua
190 2040 78 21 Agency
275 2034 3 27 :
292 2036 95 17 Hinenioa
396 2034 68 17 Street.

148 2071 16 6 ~
175 2071 34 15 afts
218 2070 33 16 and
260 2068 78 17 Circular
346 2067 54 15 Notes
407 2065 57 16 issued
474 2065 17 15 at

62 2204 153 27 IMPORTER
228 2202 59 26 AND
303 2199 186 28 COMMISSION

219 2228 108 39 AGE_NJ.

74 2282 12 16 A
115 2281 87 18 LARGE
211 2280 38 17 and
257 2276 138 20 well-assorted
403 2275 53 19 stock
472 2275 20 18 of

62 2336 121 22 Crockery,
210 2334 135 20 Glassware,

117 2363 172 22 Ironmongery,
300 2360 105 22 Drapery
413 2358 21 18 &

214 2391 136 20 Household
359 2389 131 20 Furniture.

94 2431 77 21 Always
180 2435 22 12 on
212 2429 51 17 hand
271 2430 20 16 at
300 2428 76 17 Lowest
388 2427 68 17 Prices.

59 2462 57 19 Also
137 2462 84 18 Totara
247 2460 70 19 Posts
342 2458 46 19 and
412 2457 80 19 House

71 2485 84 18 Blocks
164 2485 25 18 at
197 2483 100 19 reduced
306 2482 63 19 rates
378 2482 25 18 to
412 2481 69 19 clear.

214 2824 56 19 ASK
286 2822 54 19 FOE

185 2946 186 23 CELEBRATED*

241 2999 85 33 nn

171 3057 214 51 ALES,

190 3131 58 14 MADE
256 3129 55 15 FROM
321 3128 41 14 THE

65 3170 115 36 FINEST
206 3168 87 32 MALT
315 3166 64 32 AMD
396 3165 97 36 HOPS,

105 3259 49 15 FREE
166 3257 55 15 FROM
234 3258 38 12 ALL
285 3254 129 16 ANTISEPTICS
426 3254 26 13 OR

167 3283 140 14 DELETERIOUS
325 3281 65 14 ACIDS.

67 3355 137 34 CAPTAIN
227 3353 81 33 COOK
327 3350 169 36 BREWERY,

167 3395 192 23 NEWMARKET.

94 3453 49 45 R.
164 3445 301 52 GRIFFITHS,

174 3511 213 31 ROTORTJA,

65 3571 137 29 GENERAL
210 3565 286 30 CARTERSIGARRIER.

93 3647 66 20 Goods
168 3644 102 21 delivered
279 3646 21 16 to
307 3642 28 19 all
351 3644 57 22 parts
424 3641 21 18 of
462 3640 34 19 the

65 3674 77 21 district,
150 3675 20 17 at
176 3673 38 17 low
224 3674 60 16 rates.

147 3718 59 19 ALL
220 3716 111 20 TRAINS
345 3714 69 19 MET.

93 3785 403 30 N.B.Goodpaddoclringforalimited

67 3820 86 21 number
162 3817 21 20 of
192 3817 75 19 horses.
283 3813 105 27 Spencer's
397 3811 98 27 paddock,

67 3843 145 25 well-watered
237 3841 39 19 and
306 3847 60 18 every
397 3838 99 19 attention

66 3873 55 26 paid.

89 3916 177 26 BETJNNERTOUJ
284 3914 94 20 RELIEF
395 3913 78 19 FUND.

72 3965 219 26 OTJBSORIETION
310 3963 55 20 Lists
385 3963 67 19 issued
470 3961 26 27 by

73 3991 27 25 .3
129 3997 35 18 the
174 3995 63 18 Town
247 3990 72 22 Board,
331 3989 21 19 in
362 3989 32 18 aid
405 3989 20 18 of
434 3989 62 18 above

67 4023 67 24 Fund,
143 4021 41 20 will
194 4020 52 19 close
256 4024 25 12 on
291 4017 34 18 tlie
339 4015 48 18 30th
401 4014 45 19 inst.
458 4014 38 19 and

68 4051 28 18 all
105 4053 83 18 persons
198 4047 20 18 in
227 4041 113 30 possession
357 4041 21 18 of
390 4046 54 12 same
464 4046 32 12 ore

67 4074 107 25 requested
192 4075 21 17 to
231 4068 96 21 returned
347 4067 52 18 their
416 4065 44 18 lists
476 4072 20 11 as

68 4105 49 18 Borfn
127 4101 52 19 after
188 4099 46 18 that
247 4096 47 19 date
310 4099 23 13 as
352 4091 87 26 possible
459 4091 37 18 and

68 4135 40 13 nav
119 4127 21 19 in
150 4126 33 19 the
195 4124 82 19 amount
285 4124 20 15 to
314 4119 33 18 (ho
354 4117 142 24 undersigned.

258 4148 20 17 C.
295 4143 132 22 MALFHO/,

230 4170 102 20 Qliaiiman
340 4168 57 16 Town
407 4164 68 18 Hoard.

499 148 442 49 lElirenfrledros

656 204 142 22 BREWERS,

591 237 108 20 ALBERT
715 233 148 23 BttEWERY,

532 268 220 23 OUEEN-bTKEET,
766 264 158 22 AUCKLAND

532 321 68 18 WINE
614 321 51 16 AND
676 319 80 17 SPIRIT
767 315 155 21 MERCHANTS,

553 348 124 17 BOTTLERS
689 347 50 16 AND
756 343 144 20 IMPORTERS,

597 371 28 19 43,
640 372 131 15 QCKBIf-STHEET
788 369 68 13 WIIAHF.

605 421 52 13 PBIZK
668 421 59 11 SIEIUL
738 419 34 11 .AM)
783 417 71 12 AWAUBS

512 446 24 14 At
545 444 29 16 the
588 444 91 16 following
694 440 112 18 Exhibition*
821 439 26 15 for
856 442 32 11 our
897 437 38 17 well-

607 465 63 16 known
684 462 43 17 Bulk
780 460 67 15 R'tfu-d

626 485 47 17 ALE
685 483 49 17 AND
746 481 86 16 STOUT:

512 515 69 14 Sv.-nev
592 513 33 16 Int.
632 511 83 17 nintior.nl
725 508 106 19 Exhibition,
843 508 48 16 1879.

513 535 101 16 Melbourne
624 531 124 19 International
757 529 108 19 Exhibition,
875 529 69 14 1880-81

513 557 42 15 New
563 555 75 17 Ze:i|H..d
648 550 96 21 industrial
744 550 107 21 Exhibition,
855 549 79 21 Welling-

557 583 35 12 ton.
604 577 47 16 1885.

513 599 44 15 New
576 597 75 17 Zealand
665 596 32 15 mid
712 594 53 17 South
779 594 40 15 Seas
835 592 110 16 Exhibition.

557 619 87 17 Dnuedin.
656 618 71 15 18X--90

515 642 19 15 In
544 640 75 17 addition
630 642 17 12 to
657 639 52 15 above
719 638 43 16 have
779 636 41 16 been
835 635 80 15 awarded
930 636 17 13 at

556 661 105 16 TiiMiianian
693 658 108 18 Exhibition,
829 655 117 20 Launeeatou,

558 684 79 15 ISjl-92.

599 712 59 17 FIVE
670 711 69 17 FIRST
757 709 103 17 AWARDS

518 757 68 16 BULK
597 754 111 18 BOTTLED
724 753 56 16 ALES
798 752 51 16 AND
872 750 76 18 STOUT

601 795 251 37 CHAMPIONSHIP

543 837 66 23 Gold
621 835 87 24 Medal
719 835 27 23 of
756 832 166 25 Australasia

621 871 71 11 AOAISbT
703 870 98 11 AI.tCOMKIIS
812 869 31 11 Foli

516 903 91 23 BULK
621 901 69 25 AND
710 899 145 25 BOTTLED
870 899 65 23 ALE

608 954 73 19 Havirfr
689 959 9 10 a
709 952 57 21 Large
774 952 51 15 Stock
834 952 18 15 of

628 980 48 15 ALE
687 979 51 16 AND
751 977 82 20 STOUT,

515 1007 69 16 Bottled
593 1006 16 15 in
619 1010 52 16 quart
680 1006 32 15 and
729 1005 38 20 pint
781 1004 66 17 bottle*,
865 1002 82 21 specially

515 1024 4 20 1
526 1034 13 9 n
546 1028 35 15 wed
591 1028 27 16 for
626 1028 29 15 the
663 1032 74 11 summer
746 1025 54 18 trade,
811 1024 54 16 which
873 1028 29 11 are
909 1028 38 11 now

515 1049 104 21 thoroughly
628 1048 84 18 matured,
726 1053 31 10 can
772 1046 41 16 with
827 1050 52 15 every
892 1044 45 16 coufi-

514 1071 51 15 rlmce
578 1069 107 17 recommend
700 1075 46 9 *'
762 1071 17 13 to
794 1071 119 12 c;onnoi*beura
929 1071 9 10 a

514 1092 60 13 crnonrl
585 1094 17 11 to
610 1096 45 9 none
665 1092 15 13 in
691 1090 28 15 the
728 1089 71 16 Colony.

518 1208 196 32 FRANKTON
740 1204 206 33 JOMGISOK
947 1204 1 36 5

681 1240 113 32 HOTEL

777 1298 51 18 train
845 1299 21 16 to
882 1296 65 19 Auck'

517 1376 158 26 TRAINS
684 1376 27 24 st
716 1380 38 26 op
760 1373 43 26 20
809 1373 139 25 minutes

526 1421 22 16 at
554 1418 35 19 the
597 1416 105 21 Frankton
710 1415 98 20 Junction
816 1414 32 20 for
856 1413 79 20 dinner.

540 1444 43 19 The
606 1441 136 26 undersigned
771 1441 37 19 Ims
839 1441 45 18 iirst
898 1440 50 18 class

515 1470 64 19 Meals
592 1470 62 24 ready
665 1469 39 18 and
715 1467 70 19 served
795 1474 26 12 on
836 1467 74 19 arrival
928 1466 20 18 of

514 1496 27 19 all
553 1496 70 19 trains.

517 1531 219 45 William
769 1527 178 54 Geaeh,

569 1595 321 25 PROPRIETOR.

515 1649 149 23 Hancock's
672 1647 97 23 XXXX
776 1646 63 23 Ales
847 1646 101 29 always

647 1681 33 16 on
691 1674 125 27 Draught.

529 1722 129 23 QUEEN'S
674 1719 158 20 BIRTHDAY
849 1719 86 19 BALL.

549 1772 123 18 EOTOEUA
689 1769 133 19 FOOTBALL
838 1769 74 18 CLUB.

516 1822 43 43 A
573 1820 103 21 SELECT
690 1820 71 19 BALL
774 1819 41 19 will
823 1819 26 18 be
860 1819 61 25 given
928 1818 19 19 in

587 1848 35 19 the
632 1847 94 20 Pukerott
738 1846 50 19 Hall
799 1852 25 12 on
834 1846 37 17 tlit*
888 1851 59 12 even

515 1874 35 25 ing
561 1874 20 19 of

597 1899 109 23 Monday,
725 1898 58 19 25th
803 1898 60 23 May.

517 1929 72 19 Under
599 1929 34 18 the
644 1928 91 26 auspices
743 1928 22 18 of
775 1928 34 17 the
819 1928 62 17 above
888 1926 59 19 Club.

554 1962 144 21 PARTICULARS
712 1968 20 14 IN
747 1968 81 13 FUTURE
846 1967 62 13 ISSUE.

655 1995 20 18 J.
690 1994 33 20 W.
740 1994 128 22 WEBBER,

809 2020 53 19 Hon.
879 2020 42 18 Sec.

516 2166 55 23 rpE
596 2166 99 17 WIIAITI
724 2164 96 18 NATIVE
848 2164 100 18 SCHOOL

522 2182 24 27 X
661 2187 138 19 CONTEACT.

620 2235 73 19 Public
702 2234 76 20 Works
788 2234 67 22 Office,

674 2261 112 22 Auckland,
797 2261 58 24 April
862 2262 17 21 8,
891 2262 33 17 189
924 2262 23 17 G.

541 2287 91 20 Written
642 2288 89 18 Tenders
741 2286 40 20 will
790 2286 25 19 be
826 2287 91 18 received
928 2291 20 14 at

515 2314 40 19 this
573 2314 55 19 office
644 2314 31 19 till
695 2320 51 12 noon
764 2313 21 18 of
804 2312 143 24 Wednesday,

515 2340 58 26 April
594 2342 24 17 29
638 2343 55 20 next,
714 2340 32 18 for
763 2340 64 18 above
846 2340 101 18 Contract.

515 2367 67 21 Plans,
595 2369 43 21 etc.,
654 2369 21 16 at
688 2366 47 19 Post
752 2365 76 24 Office*,
849 2365 97 24 Rotorua,

515 2392 108 26 Tauranga
646 2392 40 20 and
705 2395 19 15 at
745 2392 42 18 this
805 2392 61 19 office.
904 2391 44 19 The

515 2420 68 18 lowest
594 2426 22 11 or
630 2426 40 17 any
688 2418 71 19 tender
775 2420 35 17 not
827 2418 121 24 necessarily

515 2445 99 26 accepted.

567 2470 79 21 CHAS.
658 2471 26 19 R.
695 2470 198 22 VICKERMANN,

705 2497 97 18 Resident
811 2497 110 23 Engineer.

1018 240 117 25 Botorua
1151 242 83 22 Town
1251 240 91 23 Board.

966 293 114 20 GRAVEL
1113 294 46 19 PIT
1191 291 209 21 REGULATIONS.

995 346 39 23 (1.)
1050 345 67 25 Every
1127 346 90 19 resident
1230 345 41 19 -will
1282 348 25 16 be
1317 343 84 19 allowed

967 372 21 18 to
999 371 47 19 take
1059 372 75 23 gravel,
1149 372 58 18 earth
1223 378 23 12 or
1260 371 54 19 loam
1333 372 35 16 out
1381 370 21 18 of

967 397 35 18 the
1013 397 74 19 Gravel
1097 397 34 19 Pit
1141 397 89 20 Reserve
1241 404 24 12 on
1274 398 97 23 payment
1381 396 21 18 of

968 430 12 11 a
990 424 89 18 uniform
1091 423 75 26 charge
1183 424 21 19 of
1220 423 130 25 Threepence
1366 428 36 19 per

967 449 54 19 load.

995 475 38 24 (2.)
1047 474 42 20 The
1100 475 76 24 gravel,
1187 476 59 18 earth
1254 482 22 12 or
1287 475 54 18 loam
1348 477 53 15 must

968 501 26 19 be
1004 501 61 19 taken
1077 501 70 19 within
1158 502 35 18 the
1204 508 58 19 space
1273 500 78 24 opened
1366 506 33 18 up.

969 527 40 19 and
1019 527 20 18 in
1051 533 25 12 no
1087 534 45 12 case
1141 528 41 18 will
1192 534 78 18 anyone
1281 527 26 17 be
1317 525 84 19 allowed

969 555 20 16 to
999 553 36 23 dig
1045 553 61 22 holes,
1119 560 22 12 or
1156 560 60 19 scoop
1231 557 35 15 out
1282 552 51 19 stuff
1350 553 51 18 from

969 579 35 19 the
1013 579 31 25 pit
1053 579 57 19 walla
1120 586 22 12 or
1152 580 161 18 embankments.

997 605 36 24 (3.)
1047 605 47 25 Any
1113 612 72 18 person
1208 605 88 22 wishing
1315 608 21 15 to
1354 604 48 19 take

969 631 93 18 material
1072 631 52 19 from
1134 633 35 18 the
1179 632 30 23 pit
1220 634 53 16 must
1280 631 44 18 fir*t
1331 630 70 19 obtain

970 663 11 12 a
992 657 72 25 permit
1083 658 51 19 from
1151 658 35 19 the
1206 659 104 22 Secretary
1328 658 21 16 to
1368 656 33 18 the

970 682 67 19 Board
1048 684 40 18 and
1105 690 39 18 pay
1160 684 32 18 for
1209 684 35 18 tho
1261 682 141 25 approximate

970 712 86 17 number
1066 710 21 18 of
1100 710 56 18 loads
1166 709 101 25 required.

997 736 38 24 (4.)
1057 736 85 24 Anyone
1160 736 117 24 infringing
1294 734 35 19 the
1348 734 44 18 fore-

971 761 63 25 eoing
1044 761 54 18 rules
1106 762 83 18 renders
1199 761 82 18 himself
1292 760 63 19 liable
1362 765 20 14 to
1390 767 12 12 a

971 788 82 24 penalty
1063 790 35 15 not
1108 787 110 24 exceeding
1227 787 38 18 five
1276 786 86 25 pounds.

1075 812 30 26 By
1116 813 64 19 Order
1189 814 22 18 of

1105 838 91 20 Rotorua
1204 840 60 18 Town
1276 839 73 19 Board.

1148 865 21 19 C.
1181 865 141 23 MALFROY,

1259 892 116 18 Chairman.

981 941 121 18 ROTORUA
1120 940 101 17 SCHOOL
1238 940 153 17 COMMITTEE

1117 963 137 18 ELECTION.

973 1009 22 45 I
1011 1007 101 20 THANK
1121 1009 57 18 tho.-e
1194 1009 44 19 who
1248 1015 51 19 gave
1310 1014 31 13 uio
1352 1007 52 20 their

1025 1037 90 23 support.

1172 1061 24 17 D.
1211 1060 145 18 GRIFFITHS.

994 1084 90 21 Rotorua,
1091 1084 54 23 April
1155 1084 50 21 28th,
1218 1086 50 15 1896.

1008 1129 217 24 IMPOUNDING
1240 1129 127 23 NOTICE.

972 1181 190 20 TMPOUNDED
1180 1189 25 12 on
1225 1182 106 24 Saturday,
1355 1181 47 20 25th

972 1205 23 20 JL
1025 1208 62 25 April,
1099 1214 37 13 one
1144 1207 58 20 black
1209 1208 42 20 and
1259 1208 61 20 white
1328 1207 44 20 bull
1378 1214 25 13 no

971 1234 71 19 visible
1054 1235 80 18 brands.

997 1260 43 19 The
1050 1261 63 18 above
1124 1260 41 19 will
1182 1260 25 19 be
1225 1260 44 19 sold
1284 1260 28 24 by
1328 1267 32 12 mo
1378 1267 24 12 on

971 1286 107 24 Saturday,
1089 1286 49 24 May
1148 1287 45 22 2nd,
1206 1289 22 17 at
1238 1286 34 19 the
1283 1286 72 19 Pound
1366 1293 24 12 un-

971 1312 38 19 less
1019 1312 85 19 claimed
1117 1312 68 19 before
1199 1313 45 18 that
1254 1312 46 19 date
1317 1313 41 18 and
1376 1312 26 19 all

971 1345 97 18 expenses
1078 1338 54 26 paid.

1122 1364 119 18 CHARLES
1254 1364 78 21 BIRSS,

1222 1388 154 25 Poundkeeper.

996 1414 94 21 Rotorua,
1102 1415 48 18 28th
1160 1415 63 24 April,
1242 1415 54 18 181)6.

972 1461 115 43 LOST.
1089 1461 60 18 Silver
1157 1463 54 17 Scarf
1226 1463 124 18 PinHorse
1360 1463 44 18 shoe

1035 1485 37 17 and
1081 1485 57 23 whip.
1164 1486 80 17 Reward
1263 1493 24 10 on
1303 1488 67 15 return
1384 1488 20 15 to

971 1508 20 18 C.
1002 1509 23 16 A.
1035 1508 89 21 CLABKE,
1134 1508 92 18 Rotorua.

971 1555 90 44 lOST.
1064 1556 106 19 Partofa
1176 1557 226 23 gold-mounteclbrooch,

991 1584 17 15 _J
1033 1580 84 17 between
1134 1580 32 17 the
1183 1580 86 18 Utuhim
1283 1581 70 22 Bridge
1367 1581 37 17 and

971 1602 107 18 Maunder's
1088 1602 79 20 Section.
1170 1604 103 17 Reward
1283 1610 23 11 on
1313 1606 66 15 return
1385 1606 19 15 to

971 1626 45 18 Mes
1026 1626 78 22 Hodge,
1116 1626 85 18 Utuhina
1210 1627 77 22 Bridge.

568 2716 116 22 Rotorua
702 2714 80 24 Town
802 2714 90 23 Board.

516 2767 151 20 '"LENDERS
679 2774 33 12 are
719 2766 76 19 invited
804 2766 27 30 by
839 2766 34 19 the
881 2766 66 19 above

524 2787 21 23 X
581 2794 68 18 Board
666 2794 32 18 for
708 2796 33 15 the
752 2792 105 26 following
874 2792 70 19 works.

516 2819 145 25 specifications
671 2820 21 19 of
702 2818 64 20 which
781 2825 34 12 are
826 2822 20 15 to
856 2818 26 19 be
900 2825 47 12 seen

515 2849 19 15 at
544 2846 35 18 the
590 2846 48 18 Post
649 2846 66 18 Officv.
745 2844 89 19 Tenders
844 2848 20 15 to
875 2844 26 19 be
912 2845 24 18 ad-

516 2872 81 18 dressed
606 2875 21 15 to
637 2872 35 18 the
683 2872 107 18 Chairman
800 2871 20 19 of
827 2871 33 19 the
871 2870 74 23 Board,

516 2898 141 25 accompanied
668 2897 27 26 by
711 2904 11 12 a
736 2897 79 25 deposit
832 2898 21 18 of
872 2899 23 17 10
912 2903 36 18 per

515 2926 44 16 cent
580 2930 25 12 on
623 2924 35 19 the
679 2924 50 19 total
751 2926 84 16 amount
855 2924 21 18 of
898 2923 49 19 each

516 2950 75 18 tender.

542 2975 96 26 Separate
649 2977 82 18 tenders
745 2976 31 18 for
787 2975 48 19 each
851 2977 95 17 contract.

516 3002 41 18 The
567 3003 70 17 lowest
647 3010 22 10 or
688 3009 40 18 any
744 3002 71 18 tender
830 3004 34 16 not
878 3008 59 12 neces-

516 3028 61 24 sarily
587 3029 101 24 accepted.
716 3028 89 19 Tenders
815 3028 51 18 close
882 3029 21 17 at
924 3029 23 16 12

516 3060 58 17 noon,
587 3053 118 25 Saturday,
718 3054 39 18 2nd
769 3055 54 23 May,
838 3055 55 17 1896.

625 3089 30 16 No
674 3089 8 16 1
696 3088 137 19 CONTRACT.

541 3116 96 27 Clearing
641 3117 41 20 and
686 3117 89 26 burning
780 3116 30 20 off
813 3116 40 20 and
858 3116 77 26 plough-

516 3144 35 24 ing
561 3144 27 18 all
599 3144 45 19 that
661 3144 79 21 portion
750 3144 21 19 of
781 3143 35 19 the
825 3143 61 18 Town
900 3143 48 18 Belt

516 3170 57 24 lying
583 3169 80 20 betwen
675 3170 103 23 Fererika,
797 3169 94 19 Amohau
907 3169 40 18 and

516 3192 79 23 Fenton
606 3199 73 16 streets
687 3196 39 19 and
736 3196 34 18 the
780 3195 48 18 road
844 3196 52 18 from
912 3195 36 18 the

517 3248 49 19 bout
576 3248 12 18 4
599 3248 69 19 chains
679 3248 50 19 wide
748 3250 25 22 by
795 3250 20 15 11
837 3248 69 17 chains
926 3248 21 17 in

516 3274 77 24 length.

625 3309 36 17 No.
675 3309 11 16 2
700 3307 137 19 CONTRACT-.

544 3339 95 26 Clearing
649 3340 40 18 and
706 3339 89 24 burning
812 3340 29 18 off
855 3346 25 12 on
897 3339 50 19 both

517 3366 52 18 sides
578 3368 21 16 of
609 3366 35 18 the
654 3366 33 18 old
697 3366 69 25 Taupo
776 3365 58 20 Road
844 3365 52 19 from
913 3365 35 19 the

517 3392 95 19 Utuhina
620 3391 65 20 Creek
695 3395 21 15 to
726 3392 33 18 the
775 3392 114 18 south-east
904 3398 33 12 cor-

517 3424 35 12 ner
564 3424 40 19 peg
614 3418 21 18 of
644 3418 64 18 Bural
719 3418 78 18 Section
806 3419 31 21 43,
852 3417 42 25 (Mr
912 3417 35 19 W.

517 3443 79 25 Kelly's
608 3445 67 22 farm),
688 3444 52 23 sixty
748 3444 70 18 chains
827 3446 21 16 to
858 3450 12 12 a
884 3443 64 19 width

517 3470 21 18 of
548 3472 35 16 not
596 3470 40 18 less
653 3470 51 18 than
721 3476 11 12 a
745 3472 83 22 quarter
844 3469 59 19 chain
922 3476 25 12 on

518 3495 48 19 both
576 3496 54 18 sides
639 3497 53 17 from
702 3499 66 15 centre
779 3496 20 18 of
809 3495 34 19 the
849 3495 48 19 road
908 3495 40 19 and

517 3521 21 19 in
561 3521 48 19 such
632 3522 68 25 places
719 3522 65 18 where
803 3521 34 19 the
855 3521 93 19 roadside

518 3547 69 19 drains
596 3554 34 12 are
641 3547 78 19 outside
736 3547 33 19 the
790 3550 83 22 quarter
889 3547 59 19 chain

518 3573 49 19 then
587 3580 22 12 as
627 3574 32 18 far
678 3580 23 12 as
719 3573 39 19 and
778 3573 104 21 including
899 3573 49 19 such

545 3626 54 19 State
607 3632 53 18 price
670 3632 37 18 per
717 3626 64 18 chain.

629 3660 36 17 No.
677 3662 10 15 IS
701 3659 137 18 CONTRACT.

545 3693 17 19 1,
579 3692 95 24 Clearing
685 3692 39 17 and
735 3691 89 24 burning
835 3691 28 18 off
870 3691 26 19 all
905 3692 43 19 that

519 3718 78 24 portion
608 3718 20 19 of
638 3718 34 18 the
682 3717 104 24 Cemetery
797 3718 85 17 Reserve
892 3718 56 24 lying

518 3744 90 19 between
618 3744 35 18 the
661 3743 87 19 Maketu
757 3742 63 24 Road,
830 3743 62 19 Rural
903 3744 34 17 Sec-

518 3770 52 19 tions
580 3772 24 16 24
616 3770 40 18 and
673 3772 25 15 2f>
712 3769 38 18 and
767 3769 35 18 the
817 3769 57 18 small
890 3770 58 19 creek

518 3795 81 25 flowing
607 3796 88 24 through
703 3795 33 18 the
745 3794 103 25 Cemetery
856 3796 91 18 llcservo.

544 3824 18 16 2.
576 3822 92 24 Fencing
675 3822 21 18 in
705 3821 34 18 the
747 3827 54 12 same
809 3827 25 12 on
845 3824 37 15 two
888 3821 59 19 side:'.

544 3847 131 26 3.'Forming
693 3853 11 13 a
721 3847 74 19 15-feet
810 3846 48 20 road
878 3847 70 26 giving

518 3881 65 12 access
592 3874 52 18 from
654 3874 35 18 the
699 3873 82 18 Maketu
790 3873 56 19 Road
853 3879 23 13 on
888 3876 19 16 to
915 3874 33 18 the

519 3900 78 24 ground
608 3899 39 19 and
657 3900 62 23 along
728 3899 34 18 the
776 3902 85 15 western
870 3899 65 19 bound-

518 3933 36 18 ary
563 3928 20 16 to
594 3925 34 19 the
639 3925 59 19 small
708 3924 58 19 creek
775 3925 72 19 thence
861 3926 87 23 straight

519 3952 60 25 along
596 3954 20 16 to
633 3951 35 19 the
684 3951 80 19 further
781 3956 70 13 corner
866 3951 20 18 of
902 3952 35 18 Sec-

519 3979 41 17 tion
574 3977 30 19 2'5.

544 4006 19 16 4.
578 4003 101 24 Clearing,
690 4003 105 24 removing
810 4003 39 18 and
859 4003 89 25 burning

519 4029 26 19 all
557 4029 58 19 scrub
626 4029 51 19 from
686 4029 76 19 around
778 4031 84 22 present
875 4035 73 18 graves

519 4056 30 18 for
567 4062 11 12 a
597 4055 88 19 distance
706 4055 22 19 of
744 4053 142 25 kalf.-a-cb.ain,
907 4054 41 20 and

519 4081 80 26 fencing
610 4081 20 19 in
642 4081 33 18 iho
685 4087 61 13 samo.

773 4106 33 19 Br
815 4106 78 21 Okdeh,

544 4133 91 21 Rotorua
644 4133 73 23 Board,

597 4161 47 18 28th
655 4160 65 25 April,
733 4161 33 17 189
766 4161 22 17 C.

983 4250 106 38 Ask
1119 4250 70 37 for
1218 4246 267 40 Hancock's
1516 4245 278 39 Celebrated
1823 4243 190 39 XXXX
2037 4242 113 39 Ales
2182 4243 107 37 and
2315 4240 147 39 Stout.

2883 3433 52 17 ARE
2944 3433 56 18 YOU
3006 3434 144 19 AFFLICTED

2994 3457 45 18 with

2822 3478 151 21 DYSPEPSIA.

2846 3502 195 21 CONSTIPATION,

2869 3525 106 18 KIDNEY
3001 3527 138 22 TROUBLES,

2892 3549 148 19 BACKACHE.

2916 3572 102 18 ACHING
3028 3572 85 21 LIMBS,
3124 3581 21 11 or

2940 3596 80 17 LIVER
3034 3594 164 22 COMPLAINT?

2798 3617 20 17 If
2826 3624 26 14 so,
2862 3618 40 17 safe
2911 3619 91 17 remedies
3011 3625 30 11 are
3048 3621 66 17 within
3123 3627 48 15 your
3179 3621 48 17 reach

2798 3642 20 16 at
2826 3647 12 11 a
2845 3640 88 19 nominal'
2940 3643 45 16 cost.
3012 3642 135 19 CLEMENTS
3156 3643 71 19 TONIC

2798 3664 38 17 and
2844 3663 159 19 FLETCHER'S
3019 3666 74 17 PILLS
3110 3667 48 18 have
3173 3673 52 12 never

2797 3688 32 16 yet
2838 3687 58 18 failed
2904 3689 21 16 to
2934 3694 43 11 cure
2985 3688 32 18 the
3026 3691 62 15 worst.
3111 3690 78 18 General
3198 3690 19 18 de-

2798 3710 61 24 bility,
2867 3716 129 16 nervousness,
3007 3712 100 22 weakness,
3114 3714 37 16 and
3158 3712 69 25 general

2798 3733 113 23 complaints
2926 3734 20 17 of
2954 3735 33 16 the
2996 3734 91 24 digestive
3100 3737 38 17 and
3154 3741 73 14 nervous

2798 3758 80 20 systems
2886 3762 32 12 are
2926 3758 98 22 promptly
3032 3759 56 16 cured
3105 3759 25 22 by
3141 3761 51 16 these
3201 3766 16 10 re-

2796 3779 55 18 liable
2861 3780 96 17 remedies.
2987 3781 52 22 They
3055 3788 31 10 are
3104 3782 88 23 prepared
3206 3782 20 22 by

2796 3803 90 18 scientific
2894 3809 100 16 processes,
3012 3805 38 16 and
3065 3811 32 11 are
3111 3808 34 15 not
3161 3805 65 22 merely

2796 3823 114 23 mechanical
2918 3826 93 19 mixtures
3025 3828 54 17 made
3087 3829 45 22 only
3140 3829 20 18 to
3179 3828 48 20 "su'l

2796 3849 31 17 the
2954 3850 38 17 The
3001 3856 76 12 renown
3094 3852 131 17 CLEMENTS

2795 3872 79 17 TONIC
2882 3872 38 17 and
2935 3873 157 19 FLETCHER'S
3100 3875 75 18 PILLS
3183 3876 42 16 have

2795 3901 43 11 won
2846 3895 19 17 in
2875 3895 118 18 Australasia
3007 3897 15 16 is
3039 3898 56 21 proof
3108 3899 20 16 of
3144 3899 31 17 the
3192 3898 32 17 fad

2794 3917 44 18 that
2862 3918 47 23 they
2931 3919 54 17 stand
3003 3920 116 21 preeminent
3135 3922 30 17 for
3181 3921 43 18 their

2794 3941 68 22 special
2876 3942 68 17 classes
2956 3942 20 17 of
2985 3942 85 18 diseases.
3096 3944 30 18 No
3141 3944 83 18 remedies

2794 3970 44 11 ever
2846 3965 41 16 sold
2897 3971 47 16 gave
2954 3966 45 16 such
3008 3966 59 17 entire
3075 3967 116 18 satisfaction
3206 3968 18 16 to

2793 3987 50 17 their
2850 3989 85 21 patrons,
2944 3988 38 17 and
2988 3989 86 18 evidence
3082 3989 16 18 is
3100 3990 124 22 forthcoming

2792 4010 50 18 from
2864 4017 57 16 every
2937 4012 45 21 city,
2998 4013 57 19 town,
3071 4014 37 16 and
3124 4014 68 22 village
3205 4014 17 16 to

2792 4038 58 17 prove
2858 4035 51 16 their
2916 4034 76 18 virtues.
3025 4035 31 17 No
3068 4035 60 19 doubt
3137 4043 33 11 can
3182 4041 38 13 now

2792 4057 49 16 exist
2849 4063 20 11 as
2886 4059 21 16 to
2923 4057 50 18 their
2988 4058 60 20 value,
3065 4059 35 17 but
3107 4060 114 23 (.purchasers

2792 4082 51 15 must
2848 4080 24 17 be
2878 4081 70 16 careful
2959 4081 18 18 to
2986 4083 32 19 get
3027 4081 33 18 the
3064 4083 81 22 genuine
3152 4082 69 19 articles

2792 4108 19 12 as
2828 4109 58 16 many
2902 4104 137 21 unscrupulous
3055 4105 72 18 traders
3145 4106 37 17 will
3194 4107 20 16 at-

2824 4128 29 20 lpt
2862 4129 21 15 to
2891 4127 52 21 palm
2951 4127 27 17 off
2984 4133 12 11 a
3005 4127 101 19 substitute
3114 4129 15 17 if
3143 4128 82 24 possible;

2792 4150 29 17 for
2829 4150 32 17 the
2868 4150 44 17 sake
2921 4150 20 17 of
2949 4151 54 16 extra
3012 4151 66 17 profit..
