3276 4164
1247 49 58 20 THE
1319 48 57 21 HOT
1390 48 92 19 LAKES
1496 49 167 20 CHBONICLE
1674 49 191 25 WEDNESDAY,
1881 49 87 20 APEIL
1981 51 32 22 29,
2030 50 47 19 18'JG

2822 4013 80 18 Printed
2918 4013 38 18 and
2973 4013 99 23 published
3084 4014 25 24 by
3119 4014 20 18 F.
3150 4014 20 17 F.
3184 4011 32 18 W.O

2846 4038 21 16 at
2874 4036 33 18 the
2914 4037 104 23 registered
3031 4038 87 22 printing
3128 4037 54 18 office.
3192 4033 24 19 Hit

2845 4066 43 11 inoa
2897 4061 62 17 street,
2970 4060 89 17 Kotoruu.

2858 4092 172 16 WEDNESDAY,
3041 4092 78 16 APRIL
3128 4093 27 15 20,
3171 4088 41 19 1596,

302 212 32 19 On
344 212 35 18 the
389 211 66 19 baaks
467 211 22 18 of
499 210 35 19 the
543 209 99 21 Waikato
653 210 69 19 Fiver.

69 260 157 24 Patronised
240 261 36 29 by
285 261 46 23 the
344 259 61 23 Earl
415 259 52 22 and
475 259 126 23 Countess
616 259 29 23 of
661 259 111 26 Onslow,
791 259 126 23 Countess
934 259 28 23 of

137 286 122 30 Glasgow
272 287 51 23 and
338 286 81 26 Suite,
430 284 41 23 Sir
484 284 76 23 Thos.
576 286 52 22 and
639 285 74 30 lady
728 285 171 23 Mcllwraitb..

96 382 92 19 Situated
198 381 89 24 halfway
298 380 91 19 between
403 379 98 23 Rotorua,
518 379 71 25 Taupo
610 380 39 19 and
669 379 104 20 Lichfield.
812 379 43 20 The
871 380 89 24 starting

69 409 57 24 place
136 409 32 17 for
178 408 35 18 tin*
222 406 157 19 Aniwhaniwha
391 405 61 21 Falls,
464 405 35 19 the.
509 406 172 19 Orakei-Korako
690 406 36 19 red
736 406 40 18 and
786 406 61 18 white
857 406 101 22 Terraces,

70 433 93 26 Geysers,
174 433 60 19 Alum
245 432 71 22 Caves,
329 432 40 23 &c,
379 433 21 16 to
410 431 65 18 which
485 438 12 12 a
507 439 44 12 new
562 432 40 18 and
613 439 46 17 easy
673 432 57 18 track
746 432 17 18 is
779 439 44 11 now
839 431 119 25 completed.

70 460 95 19 Distance
176 460 47 17 nine
234 458 63 22 miles,
309 458 48 17 four
367 458 21 17 of
398 457 65 18 which
473 464 38 12 can
523 457 26 20 be
558 458 71 19 driven
639 465 48 12 over
699 458 16 18 if
726 457 84 18 desired.
839 457 48 19 Hot'
899 458 61 18 baths

69 486 39 19 and
120 485 46 19 falls
177 484 70 19 within
258 485 24 18 10
289 484 88 17 minutes
388 483 62 18 drive.

199 526 57 19 Good
267 527 55 17 trout
332 525 76 25 fishing
417 526 40 18 and
468 526 96 25 shooting
574 526 21 19 in
606 526 34 18 the
650 525 175 25 neighbourhood.

69 609 77 19 Guides
155 607 40 20 and
202 607 76 20 Saddle
287 607 80 19 Horses
375 607 100 25 supplied.
489 607 49 19 Post
546 607 40 19 and
594 607 116 25 Telegraph
718 607 61 19 Office
785 614 25 12 on
819 607 35 19 the
860 609 100 24 premises

95 704 40 18 For
145 703 82 19 further
236 703 133 19 information
380 701 60 27 apply
452 702 75 19 Messrs
537 702 56 19 Cook
603 701 40 19 and
654 702 47 24 Son,
716 702 85 25 Agents.

208 803 68 55 C.
346 801 471 64 CROWTHER,

359 879 309 33 PROPRIETOR.

189 996 268 78 LAKE
509 996 334 79 HOUSE

99 1114 341 58 Hydropathic
483 1114 161 51 Hotel,
694 1113 234 45 Rotorua.

355 1197 223 31 ESTABLISHED
599 1196 77 31 1881.

71 1260 69 19 I'nder
155 1258 34 19 the
200 1258 112 24 patronage
323 1255 21 20 of
355 1256 31 18 Sir
398 1256 33 18 W.
452 1255 87 24 Jevvoin,
555 1255 50 19 Earl
622 1255 37 19 and
678 1254 102 20 Counters
800 1255 21 19 oE
842 1255 118 25 Hopetoun,

238 1283 35 19 the
287 1283 54 20 Hod.
353 1282 87 19 Premier
450 1281 39 21 and
505 1281 104 19 Members
624 1281 22 19 of
657 1281 130 19 Parliament.

94 1389 42 19 The
146 1389 64 19 Hotel
224 1389 15 17 is
250 1386 89 22 situated
350 1392 26 12 on
386 1392 24 12 an
420 1385 93 19 elevated
524 1385 88 25 position
623 1392 25 12 on
659 1385 35 20 the
705 1385 69 19 shores
790 1385 21 19 of
827 1385 55 19 Lake
898 1385 51 19 Roto-

68 1422 43 18 rua,
122 1415 122 19 convenient
255 1420 20 13 to
286 1414 26 19 all
323 1412 35 20 Iho
369 1413 64 24 sights
443 1412 20 19 in
475 1413 34 19 the
520 1413 88 19 district.

139 1467 113 29 Sulphur
266 1465 52 24 and
330 1464 112 24 Mineral
456 1463 83 25 Baths
554 1465 20 18 in
585 1464 36 19 the
632 1463 97 21 Grounds
740 1464 22 19 of
772 1463 35 20 the
818 1463 71 20 Hotel.

200 1571 19 19 A
236 1570 107 20 reduction
360 1569 17 19 is
395 1569 57 19 made
469 1571 22 17 to
502 1568 76 26 weekly
589 1576 23 12 or
623 1568 90 26 monthly
725 1568 105 19 boarders.

69 1624 68 20 Guide
148 1623 67 20 Books
226 1623 39 19 aDd
275 1622 132 19 information
419 1622 63 21 triati«
494 1623 22 18 at
526 1621 55 19 Cook
599 1621 37 19 and
657 1620 58 20 Suns'
732 1621 51 25 (sole
800 1622 80 24 agent-)
897 1620 67 19 offices

381 1648 125 24 throughout
519 1648 34 18 the
565 1648 85 24 Colony.

213 1893 46 20 One
274 1893 22 19 of
314 1893 34 19 the
358 1893 118 19 necest-ities
487 1892 21 19 of
518 1892 35 19 the
563 1892 79 24 coming
653 1892 74 18 Season
741 1890 38 20 will
791 1891 25 19 be

78 1928 17 22 \
135 1928 115 23 COOL
290 1927 98 23 AND
429 1925 332 24 REFRESHING
802 1924 125 24 DRIN

95 1962 141 20 Untinctured
249 1963 25 24 by
283 1969 38 16 any
333 1961 128 19 Deleterious
477 1961 100 19 Chemical
589 1961 138 23 Compounds.
756 1960 18 18 A
784 1960 59 19 drink
854 1961 22 17 at
887 1965 50 13 once

294 1993 186 29 Exhilarating
501 1993 51 23 and
569 1992 166 29 Refreshing,

71 2025 37 19 and
122 2025 64 19 which
203 2025 37 19 *iil
252 2032 61 18 prove
323 2031 12 13 a
347 2024 115 24 preventive
473 2024 21 19 of
503 2024 115 26 DycpepMa
635 2024 38 18 and
692 2023 26 19 sill
736 2022 91 20 Internal
848 2022 110 19 Disorders

97 2051 87 20 Aerated
197 2051 85 20 Waters
292 2051 39 19 and
342 2051 96 21 Cordials,
458 2050 121 26 comprit-iny
597 2050 34 18 the
640 2049 75 19 Purest
725 2049 120 23 Lemonp.de,
863 2049 36 18 the
910 2048 47 19 Mos

71 2078 103 19 Delicious
186 2078 78 22 Ginger
275 2077 44 23 Ale,
334 2075 176 25 Highly-charged
530 2076 52 19 Soda
596 2076 76 21 Wsiter,

331 2106 379 36 XOLAKONE,

70 2157 10 12 a
90 2157 43 12 new
141 2150 152 25 Invigorating,
304 2149 147 19 non-alcoholic
463 2149 103 24 Beverage
576 2147 3 28 ;
598 2149 54 19 Lime
661 2148 59 18 Juice
737 2147 88 24 Cordial,
837 2147 126 25 Raspberry,

70 2177 138 25 Peppermint,
222 2176 78 23 Cloves,
311 2175 51 19 Pine
372 2175 73 25 Apple,
457 2175 40 19 and
508 2175 75 19 Lemon
595 2175 76 24 Syrups
682 2174 38 19 and
740 2173 135 26 Sarsaparilla
892 2180 34 12 are
936 2173 26 19 all

341 2202 155 19 manufactured
507 2208 25 12 on
542 2201 35 19 the
586 2201 103 22 premises.

260 2228 117 19 Lemonade
387 2227 40 19 and
438 2227 77 25 Ginger
524 2227 45 24 Ale,
581 2230 71 22 quarts
663 2226 39 20 and
710 2226 60 25 pints.

94 2331 74 74 Q
219 2330 83 76 A,
363 2328 415 80 CLARKE,
831 2328 44 78 J
881 2360 41 47 R
922 2387 12 16 «

97 2570 379 72 LAKE
525 2581 79 58 V
633 2582 32 57 I
693 2582 69 56 E
788 2567 54 71 \

190 2664 140 24 Overlooking
346 2663 34 18 the
396 2662 37 22 Pa,
444 2662 85 25 Boiling
539 2662 86 25 Springs
635 2662 41 19 and
685 2661 92 19 Rotorua
788 2661 57 19 Lake

172 2780 139 26 TERMS
323 2787 6 18 :
348 2779 61 27 30s
422 2786 56 26 per
491 2779 101 31 week,
605 2784 35 19 or
656 2778 36 26 5s
711 2784 56 26 per
788 2777 73 33 day.

73 2830 125 33 Special
212 2830 254 32 Arrangements
478 2828 49 25 for
548 2834 18 19 a
587 2826 193 33 lengthened
800 2826 164 26 residence

408 2862 63 25 and
483 2860 147 27 families.

342 2937 163 19 CUISINE—A
518 2935 173 20 SPECIALITY.

109 2973 124 20 References
243 2972 128 25 throughout
381 2973 50 17 JNew
443 2971 89 19 Zealand
544 2970 40 19 and
595 2970 33 19 the
640 2970 118 18 Australian
770 2969 93 20 Colonies
873 2970 53 19 from

414 2998 95 24 previous
528 2996 93 21 Visitors.

220 3064 88 19 NOTE.
310 3064 63 17 —Ask
382 3064 29 16 for
421 3062 111 19 Seddon's
541 3061 38 19 and
587 3067 30 12 see
624 3067 39 17 you
671 3067 32 12 are
710 3061 36 19 left
754 3062 58 17 there.

217 3105 80 32 Pony
320 3103 144 29 Phaeton,
484 3102 46 25 for
556 3108 54 19 use
635 3102 32 25 of
684 3100 133 26 Visitors.

633 3182 329 56 Proprietress.

457 3383 119 27 FROM

106 3437 36 42 iV
174 3432 539 46 WELL-ASSORTED
743 3431 199 44 STOCK

76 3557 176 55 Lamps
539 3553 176 45 Cruets

318 3610 218 46 Brushes
781 3607 184 46 Knives

75 3671 194 45 Trunks
536 3667 189 55 Spoons

378 3724 156 46 Locks
727 3722 152 45 Forks

77 3784 184 46 Razors
534 3780 154 55 Trays

329 3839 210 55 Teapots
775 3835 192 45 Churns

111 3915 101 26 Lawn
236 3913 144 25 Mowers.
403 3911 94 31 Hoes,
522 3909 118 32 Rakes,
670 3908 126 33 Spades.
822 3907 114 31 Forks,

189 3963 56 26 AT
259 3960 198 28 GREATLY
475 3958 202 28 REDUCED
697 3956 160 28 PRICES.

266 4043 61 37 <Sc
485 4038 403 47 ZDIOZKZEnr,

99 4099 81 22 (Fourth
189 4099 48 22 shop
245 4098 50 17 from
307 4095 99 22 WeUesley
420 4094 77 22 Street.)
553 4094 48 17 304
613 4093 21 18 &
646 4093 47 18 306
706 4092 105 23 QUEEN
825 4091 121 19 STREET.

1019 1046 275 64 NOTiee
1327 1046 104 64 to
1439 1046 402 78 xerosis.

1018 1135 64 24 The
1101 1135 217 32 undersigned
1339 1140 54 20 are
1411 1140 73 21 now
1500 1135 141 32 running
1656 1134 141 32 Buggies
1814 1135 62 25 and

986 1168 141 25 Coaches
1147 1169 34 25 to
1200 1168 55 25 the
1269 1167 165 32 following
1446 1168 107 32 places
1567 1168 35 26 of
1616 1168 134 26 interest
1769 1168 34 24 in
1823 1168 53 25 the

985 1200 241 32 neighborhood
1242 1202 34 25 at
1294 1201 129 31 greatly
1446 1201 139 26 reduced
1609 1202 94 25 rates.
1752 1201 125 32 Special

985 1234 183 25 reductions
1177 1234 48 26 for
1238 1234 89 31 large
1336 1234 127 32 parties.

985 1274 329 22 WHAKAEBWAEEWA;
1352 1274 165 19 WAIRAKEI
1538 1274 21 19 &
1580 1274 114 22 TAUPO;
1720 1274 145 19 TIKITERE
1874 1274 3 22 ;

1125 1298 145 18 TTKITERE
1283 1298 21 18 &
1317 1297 105 18 OKERE
1436 1297 109 24 FALLS;
1559 1298 176 19 WAIOTAPU.

999 1345 92 27 Special
1103 1347 170 26 Conveyances
1284 1345 46 20 and
1342 1345 86 19 Saddle
1440 1345 84 24 Horses
1534 1349 23 16 to
1568 1346 28 20 all
1608 1350 62 23 parts
1686 1346 22 19 of
1721 1345 39 20 the
1776 1345 87 20 district

1311 1375 23 15 at
1346 1372 115 23 Moderate
1473 1373 79 23 Rates.

1033 1420 47 18 Bus
1085 1420 79 19 leaves
1171 1422 64 17 Lake
1241 1422 85 20 House,
1336 1420 85 24 calling
1427 1422 26 17 at
1459 1421 30 18 all
1496 1421 84 18 Hotels
1585 1420 47 19 and
1639 1420 116 24 Boarding
1761 1420 93 18 Houses

1009 1443 36 19 for
1053 1444 226 22 Whakarewarewa,
1289 1444 69 18 twice
1367 1444 117 23 forenoon,
1494 1444 70 19 twice
1573 1444 129 19 afternoon.

1176 1481 45 45 J.
1256 1480 311 46 FALLOONA
1589 1481 48 45 &
1661 1481 98 54 Co.,

1488 1546 328 57 Proprietors.

1002 1623 131 26 BOOKING
1146 1623 106 26 OFFICE
1264 1623 60 26 AND
1338 1622 133 26 STRELES
1486 1623 146 26 OPPOSITE
1642 1622 102 26 GRAND
1760 1622 105 26 HOTEL.

988 1808 81 19 Under
1078 1808 41 19 the
1127 1808 173 24 distinguished
1310 1808 130 22 Patronage
1451 1807 25 18 of
1487 1808 44 19 His
1548 1808 140 23 Excellency
1705 1807 40 18 the
1762 1808 120 18 Governor

1304 1831 41 18 the
1354 1830 53 19 Earl
1416 1835 24 13 01
1453 1830 101 20 Onslow.

995 1950 163 54 HOT
1204 1949 341 55 SPRINGS
1595 1949 283 64 HOTEL,

1206 2026 103 34 Te
1347 2026 46 33 H
1413 2026 103 34 RO
1536 2027 47 33 H
1606 2026 62 36 K.

1431 2102 23 11 o-

1083 2138 44 20 The
1136 2139 47 20 best
1193 2139 100 24 Situated,
1305 2140 34 18 the
1350 2142 51 16 most
1573 2142 34 19 the
1620 2141 46 20 best
1679 2141 109 26 appointed

1338 2166 63 19 Hotel
1411 2166 21 19 in
1444 2166 28 19 Te
1482 2168 77 19 Aroha.

1014 2211 87 25 Adjoins
1121 2213 58 24 (with
1191 2213 82 19 Private
1285 2213 110 25 Entrance)
1417 2213 34 19 the
1470 2214 97 19 Thermal
1586 2214 87 25 Springs
1693 2213 94 25 Domain,
1807 2213 66 20 Tenni

988 2237 63 20 Court
1061 2238 21 19 in
1094 2238 94 20 Domain.

992 2312 52 46 W.
1075 2313 51 46 H.
1163 2313 207 51 KHOGK

1014 2425 43 20 The
1076 2425 61 20 baths
1157 2427 40 18 nnd
1217 2426 98 24 drinking
1336 2428 62 17 water
1416 2432 34 13 are
1471 2427 110 25 especially
1602 2427 112 18 efficacious
1731 2427 21 18 in
1770 2427 55 19 Gout
1844 2427 38 19 and

988 2450 122 22 Rheumatic
1120 2453 113 21 affections,
1246 2452 88 20 Chronic
1348 2452 121 25 dyspepsia,
1482 2453 108 19 Disorders
1600 2453 21 18 of
1637 2453 35 19 the
1687 2452 91 26 Urinery
1796 2453 86 25 Orgaus,

988 2477 115 20 Cutaneous
1115 2478 100 21 Diseases,
1229 2478 80 26 Splenic
1320 2479 40 18 and
1371 2478 89 26 Hepatic
1470 2479 114 24 Disorders,
1596 2479 96 19 Diseases
1712 2479 38 20 duo
1767 2482 21 17 to
1807 2479 76 20 Excess

988 2504 21 18 of
1019 2504 87 26 Acidity,
1118 2504 121 26 Neuralgia,
1251 2505 92 19 Sciatica.

1101 2564 61 20 Town
1174 2565 50 19 Hall
1235 2565 40 19 and
1292 2564 81 25 Sample
1383 2564 75 20 Rooms
1469 2566 109 19 connected
1588 2566 50 19 with
1653 2566 34 19 the
1698 2565 68 20 Hotel.

1066 2623 51 20 New
1129 2624 87 19 Billiard
1227 2624 65 19 Doom
1303 2624 49 19 with
1362 2630 39 13 one
1411 2624 21 19 of
1442 2624 107 20 Bennett's
1564 2625 50 19 New
1624 2624 87 20 Billiard
1720 2625 82 19 Tables.

992 2741 439 60 GEYSER
1506 2742 376 60 HOUSE

1019 2834 342 58 Hydropathic
1383 2835 161 55 Hotel,
1578 2835 271 47 Wairakei.

1185 2901 37 19 Six
1232 2900 58 19 miles
1299 2900 53 19 from
1362 2900 56 19 Lake
1428 2900 71 26 Taupo
1510 2901 103 25 (Rotorua
1621 2901 61 25 side.)

1164 2958 182 26 SUPERIOR
1367 2958 337 28 ACCOMMODATION.

1189 3015 51 17 ALL
1252 3014 53 18 THE
1318 3014 135 19 COMFORTS
1465 3015 33 18 OF
1511 3016 17 17 A
1540 3015 77 18 HOME
1630 3015 51 18 FOR

1235 3050 148 19 TOURISTS
1399 3050 66 19 AND
1478 3051 156 19 INVALIDS.

988 3128 66 25 Hot
1077 3128 191 32 Swimming
1289 3128 110 25 Baths.
1425 3128 187 26 Kiri-o-Kai
1634 3135 35 19 or
1696 3129 78 27 New
1799 3130 82 26 Skin

1064 3170 94 31 Bath,
1171 3170 66 25 Hot
1250 3169 130 25 Douche
1394 3169 111 31 Baths,
1527 3170 112 27 Grand
1660 3170 145 27 Climate.

1106 3210 174 26 Elevation
1301 3210 91 31 1,350
1411 3210 64 26 feet
1487 3212 104 25 above
1604 3218 54 20 sea
1670 3212 92 26 level.

990 3259 198 24 COMPETENT
1203 3260 122 23 GUIDES
1341 3266 122 19 accompany
1478 3262 85 18 tourists
1579 3264 21 16 to
1617 3262 35 18 the
1672 3262 82 19 various
1776 3262 67 25 places
1861 3262 21 19 of

1120 3287 91 22 interest,
1221 3287 65 18 which
1299 3286 60 18 baffle
1369 3287 35 18 the
1414 3290 51 16 most
1475 3287 61 19 facile
1546 3294 46 19 pen,
1604 3288 41 18 and
1661 3294 37 12 can
1717 3288 47 25 only
1785 3288 24 19 be
1828 3288 43 19 real-

1120 3313 44 19 ized
1175 3313 58 19 when
1244 3319 52 12 seen.

993 3377 197 23 C6YSGR
1208 3378 198 23 yHLLSY
1421 3379 92 19 contains
1529 3379 35 19 the
1582 3379 105 25 following
1705 3379 123 25 unequalled
1839 3380 29 18 Na-

1068 3405 56 17 tural
1144 3404 92 19 wonders
1258 3404 4 25 :
1266 3404 150 22 —Tuhuatahi,
1437 3411 22 12 or
1482 3404 64 20 Great
1569 3405 133 24 Champagne
1720 3405 114 24 Cauldron;
1847 3406 36 19 the

1070 3429 63 19 Great
1146 3430 105 18 Wairakei
1259 3429 91 25 Geyser;
1362 3430 35 18 the
1407 3430 86 25 Donkey
1504 3429 93 27 Engine;
1611 3431 35 19 the
1657 3431 53 19 Bath
1720 3432 21 18 of
1751 3431 35 19 the
1796 3431 86 24 Fairies;

1068 3455 35 20 the
1122 3455 116 26 Lightning
1254 3455 64 23 Pool;
1332 3456 34 18 the
1383 3456 89 19 Cascade
1488 3456 83 25 Geyser,
1590 3464 22 11 or
1630 3457 102 24 Dragon's
1750 3455 84 26 Mouth;
1848 3458 35 18 the

1068 3481 64 20 Black
1143 3483 77 23 Geyser
1228 3490 5 16 ;
1249 3483 35 18 the
1296 3481 51 20 Mud
1359 3482 76 24 Geyser
1442 3481 4 26 ;
1462 3483 34 18 the
1516 3483 52 19 Blue
1587 3483 57 19 Lake
1652 3481 4 26 ;
1667 3483 34 18 the
1719 3483 31 19 Oil
1769 3483 53 19 Bath
1830 3491 5 16 ;
1848 3484 35 18 the

1067 3508 84 24 Eagle's
1159 3508 64 23 Nest;
1236 3508 35 19 tho
1278 3508 78 19 Devil's
1364 3508 69 19 Punch
1442 3508 58 19 Bowl
1510 3508 3 24 ;
1529 3509 35 19 the
1572 3509 73 19 Prince
1653 3509 21 19 of
1681 3509 76 19 Wales'
1767 3509 99 19 Feathers
1877 3508 4 24 ;

1068 3534 35 19 the
1122 3534 88 26 Mirror;
1225 3535 35 18 the
1279 3534 58 18 Twin
1358 3534 87 24 Geyser;
1460 3535 35 18 the
1513 3535 59 19 Coral
1590 3535 76 25 Geyser
1675 3534 4 26 ;
1694 3535 35 19 the
1740 3535 66 19 Green
1821 3534 61 26 Pool;

1071 3560 129 19 Terekerehe
1211 3567 22 12 or
1252 3560 49 19 Hell
1322 3560 86 24 Geyser;
1431 3560 35 19 the
1486 3560 69 20 Steam
1575 3561 106 19 Hammer.
1710 3561 84 19 Guide's
1812 3562 33 19 fee
1863 3565 21 16 to

1068 3586 78 24 Geyser
1156 3586 80 25 Valley,
1248 3588 22 17 5s
1279 3586 4 25 ;
1298 3586 90 19 distance
1398 3587 52 18 from
1458 3587 35 18 the
1508 3587 61 24 hotel,
1583 3589 7 16 1
1603 3587 53 18 mile.

993 3646 100 22 TH6
1113 3646 372 23 HReHTeHT6Hot
1503 3645 82 19 Ladder
1602 3645 85 26 Rapids.
1706 3645 4 30 _
1724 3646 42 19 The
1784 3646 101 20 Grandest

1069 3668 79 29 Rapids
1160 3673 21 17 in
1192 3672 34 18 tho
1237 3672 101 18 Southern
1349 3671 135 26 Hemisphere
1493 3668 3 29 ;
1512 3672 75 25 falling
1602 3672 21 18 in
1641 3672 31 18 six
1691 3671 82 19 distinct
1791 3673 93 19 cascades

1070 3701 96 22 amongst
1176 3698 63 18 weird
1249 3697 40 19 and
1299 3697 80 25 rugged
1397 3704 82 18 scenery
1507 3698 97 18 Distance
1622 3698 53 18 from
1694 3698 33 18 tho
1745 3698 62 24 hotel,
1827 3699 57 19 three

1070 3723 64 19 miles.
1163 3723 75 19 Saddle
1248 3723 71 19 horses
1328 3726 20 16 to
1358 3723 47 19 visit
1419 3724 35 18 the
1468 3723 80 26 Rapids
1564 3725 22 18 7s
1596 3724 26 18 Gd
1632 3723 55 20 each.

1246 3789 22 12 or
1277 3782 35 19 the
1323 3782 77 19 Devil's
1409 3782 99 26 Trumpet
1526 3783 17 19 is
1562 3783 44 19 said
1625 3786 21 16 to
1665 3782 49 20 emit
1733 3789 12 13 a
1760 3789 94 19 pressure
1865 3784 20 18 of

1074 3810 69 18 ISOlhs
1155 3810 21 18 of
1186 3814 63 14 steam
1262 3811 20 16 to
1293 3809 34 18 the
1338 3809 52 21 inch,
1403 3809 51 18 from
1466 3815 25 13 an
1509 3813 95 21 aperture
1614 3809 21 19 of
1654 3809 63 19 about
1734 3809 72 19 twelve
1816 3810 69 18 inches

1072 3836 21 18 in
1105 3836 104 18 diameter.
1239 3835 97 19 Distance
1355 3835 20 18 fr
1388 3842 20 11 m
1428 3835 56 18 hotel
1503 3835 58 19 three
1580 3835 41 19 and
1640 3841 13 13 a
1670 3835 45 19 half
1732 3835 69 24 miles;
1816 3836 69 18 saddle

1070 3862 73 18 horses
1152 3865 20 15 to
1180 3862 49 19 visit
1239 3861 34 19 the
1284 3861 70 22 above,
1366 3862 22 16 2s
1398 3861 26 18 Gd
1433 3861 57 19 each.

997 3922 101 21 TH€?
1117 3922 143 22 HUKK
1278 3920 166 26 FHLLS,
1461 3920 35 18 Ihe
1514 3920 101 19 Grandest
1633 3919 56 19 Falls
1698 3920 21 18 in
1736 3919 36 19 the
1790 3920 95 19 southern

1076 3948 137 24 hemisphere.
1242 3947 42 18 The
1294 3946 58 18 Palis
1361 3952 45 18 may
1420 3946 24 19 be
1453 3946 73 18 visited
1537 3953 25 11 on
1571 3946 36 19 tho
1620 3952 54 12 same
1693 3946 116 24 expedition
1819 3952 23 12 as
1852 3946 33 19 the

1075 3973 80 18 Devil's
1165 3974 106 24 Trumpet.
1300 3972 96 19 Distance
1407 3972 53 19 from
1470 3972 56 18 hotel
1536 3972 57 18 three
1604 3972 40 18 and
1654 3978 13 11 a
1682 3972 44 18 half
1735 3972 68 23 miles;
1818 3972 67 19 saddle

1071 3999 60 19 horse
1142 4006 22 11 or
1174 3999 72 25 buggy
1256 4000 23 17 2s
1289 3998 26 18 Gd
1329 3998 57 18 each.

1171 127 119 46 \A7^

1186 163 23 22 V
1236 160 26 25 V
1292 181 6 3 .

1613 127 169 55 :ra
1848 127 760 58 sanatorium.

1251 273 257 97 HOT

1061 381 86 33 Only
1171 383 44 26 30
1239 382 94 26 miles
1357 382 104 25 North
1486 381 33 26 of
1541 381 181 30 Auckland,
1748 381 81 26 with
1853 381 90 32 daily
1968 382 269 25 communication
2260 381 81 26 with
2365 383 105 25 Coach
2494 389 36 19 or
2554 382 152 27 Steamer.

1404 425 46 18 See
1470 424 133 20 advertised
1625 423 126 24 Tinjetable
1766 430 21 12 01
1804 430 40 13 s.s.
1936 424 76 25 Casey
2030 423 45 24 39d
2091 424 96 19 Butler's
2201 425 58 22 FJ.M=
2276 423 87 20 Coach.

983 457 73 33 FjtHE
1073 458 98 25 ABOVE
1189 458 256 26 ESTABLISHMENT
1462 458 120 26 STANDS
1600 457 191 27 UNRIVALLED
1806 463 44 13 asa
1864 457 79 20 Health
1959 463 23 12 or
2003 456 98 19 Pleasure
2119 461 71 19 resort,
2211 457 41 19 and
2269 456 38 20 Las
2326 458 75 24 special
2418 458 126 25 advantages
2561 458 33 19 for
2612 456 66 20 either
2695 456 90 21 Tourists

990 489 19 9 -*
1069 491 23 12 or
1100 484 99 19 Invalids.

1052 539 148 26 Beautiful
1222 540 143 31 Scenery,
1383 539 213 33 Sea-bathing,
1617 539 134 32 Boating,
1772 539 127 32 Fishing,
1918 539 52 25 &c.
2083 538 123 25 Cuisine
2225 538 60 25 and
2306 538 193 26 attendance
2518 540 33 24 of
2564 539 56 25 the
2641 538 77 25 best.

983 580 77 19 Famed
1074 581 31 18 for
1115 581 27 18 its
1150 581 91 18 curative
1251 580 80 19 natural
1342 580 85 19 medical
1438 580 43 19 Hot
1491 580 84 25 Springs
1586 581 41 18 and
1637 580 70 19 Baths.
1735 581 26 18 As
1771 580 35 19 the
1815 580 85 25 Springs
1911 580 40 19 and
1961 579 65 19 Baths
2036 585 34 12 are
2081 579 34 18 the
2125 582 96 22 property
2231 580 22 17 of
2263 579 34 18 tho
2307 579 69 22 Hotel,
2387 579 87 20 Visitors
2485 586 34 13 are
2527 580 95 25 supplied
2636 578 49 19 with
2702 578 83 23 Towels,

1293 606 40 19 and
1343 612 37 12 can
1390 606 47 19 take
1446 613 26 12 an
1482 606 108 19 unlimited
1601 606 87 19 number
1698 606 22 19 of
1729 606 65 19 Baths
1804 608 21 17 at
1835 613 38 18 any
1884 606 50 19 time
1944 606 21 17 of
1976 605 35 19 the
2021 605 39 24 day
2068 604 88 23 FREE
2166 606 51 17 from
2229 611 39 18 any
2278 605 75 24 charge
2363 604 108 20 whatever.

1155 641 211 45 TARIFF
1390 641 109 45 PER
1522 639 115 51 DJIY,
1660 639 65 51 7s,
1748 641 76 49 8s;
1879 639 110 46 PER
2011 639 162 45 WEEK,
2196 638 65 47 &\
2285 639 69 46 15s
2375 644 51 41 to
2450 638 79 48 &2
2543 639 65 46 25.

1453 705 153 32 Cottages
1617 706 33 24 to
1659 705 45 25 let
1713 705 43 32 by
1764 705 54 25 the
1831 705 101 31 week,
1944 704 120 29 month,
2078 711 36 19 or
2126 705 54 25 the
2194 710 122 19 season.

985 747 40 19 For
1036 753 35 18 an}
1071 745 4 26 -
1086 747 132 19 information
1228 746 95 25 required
1332 745 69 26 please
1411 746 61 25 apply
1483 748 20 17 to
1513 746 124 25 Proprietor.

1502 780 50 45 Jl.
1589 780 51 45 Jl.
1678 779 188 51 SMITH,
1991 779 279 56 Proprietor.

2102 945 486 61 STREWS

1907 1056 162 54 HOT
2116 1057 340 56 SPRINGS
2504 1057 283 62 HOTEL,

2006 1308 19 18 A
2045 1308 118 19 First-class
2178 1309 38 18 and
2236 1309 45 18 well
2291 1309 109 25 appointed
2409 1308 71 19 Ilouse
2493 1309 118 19 convenient
2622 1311 20 18 to
2651 1308 35 19 the-

1902 1359 96 33 HOT
2013 1360 205 33 SPRINGS
2241 1361 34 32 &
2293 1361 235 32 NATURAL
2545 1360 246 33 WONDERS.

1928 1418 57 19 HOT
2009 1419 91 20 BATHS
2124 1426 25 13 on
2166 1420 35 19 tl>o
2221 1420 103 25 premises.
2361 1420 42 19 The
2414 1420 96 26 stopping
2521 1420 70 19 Ilouse
2601 1421 32 18 for

2013 1470 67 23 THE
2104 1470 63 24 SPA
2190 1471 108 23 HOTEL
2324 1470 169 24 COACHING
2516 1471 164 23 COMPANY.

1928 1522 90 19 Coaches
2032 1523 66 18 arrive
2109 1524 52 19 from
2171 1524 71 25 Taupo
2252 1523 118 25 Thursdays
2379 1522 40 20 and
2437 1523 99 25 Sundays,
2548 1524 39 18 and
2603 1524 57 19 leave
2674 1524 33 18 for
2721 1523 70 25 Taupo

1902 1548 87 25 Fridays
1999 1549 40 18 and
2049 1549 107 26 Mondays.

2149 1602 196 19 MODERATE
2367 1601 176 20 CHARGES.

2279 1819 28 71 I

2244 1860 3 15 ■
2252 1860 25 15 i.:-.'

2655 1895 101 42 AS/0

2500 1910 34 37 m

2483 1985 26 78 %

2236 2125 4 14 t
2244 2125 12 9 •-
2269 2128 15 10 :,,
2295 2125 38 14 ;■•-•,

2042 2416 174 24 iiWOLDSPKW

2049 2613 166 25 ID.C.L'.BRAND

2065 2793 63 56 Si

2405 2463 72 36 OLD
2594 2465 162 33 MELLOW

2253 2547 208 35 SCOTLAND
2494 2550 229 33 PRODUCES

2328 2804 170 35 tMMMJf,
2519 2806 143 29 SCOHMD.

1948 2871 465 31 WHOLESALE
2449 2873 298 30 .A-GKEHSTTS

1950 3071 32 41 A,
2010 3071 69 41 AND
2106 3072 31 41 G.
2165 3072 127 49 BROOK,

1904 3131 83 23 BOOT
2001 3131 70 24 AND
2087 3132 83 24 SHOE
2190 3132 147 29 MAKERS,

1964 3171 87 21 Fentos
2067 3172 88 25 Sibeet,
2179 3173 107 20 Rotorua.

1906 3212 45 19 And
1975 3215 21 16 at
2025 3212 83 21 Parnell
2131 3213 40 20 ai:d
2200 3213 137 21 Newmarket.

1932 3281 66 23 Large
2008 3282 38 19 and
2058 3283 67 19 varied
2143 3283 62 19 Stock
2216 3283 22 19 of
2248 3283 91 25 English,

1907 3307 86 26 Foreign
2005 3309 39 19 and
2056 3309 91 20 Colonial
2157 3310 63 18 Boots
2231 3311 37 17 and
2278 3311 61 17 Sho6s

1968 3336 21 17 to
2001 3335 71 19 choose
2083 3337 51 17 from
2145 3338 23 17 at
2178 3337 34 17 the
2224 3337 52 24 most;

1942 3372 215 33 REASONABLE
2178 3373 127 33 PRICES.

1998 3411 93 23 FfcESH
2108 3415 90 19 STOCK
2210 3415 37 21 OF

1907 3446 167 25 FOOTBALL
2090 3448 99 25 BOOTS
2199 3450 44 25 just
2255 3450 85 19 arrived.

1907 3488 34 19 All
1957 3488 70 19 orders
2043 3489 40 19 and
2100 3490 75 25 repairs
2192 3490 148 25 expeditiously

2070 3516 103 20 executed.

1906 3548 23 18 S.
1944 3548 24 19 E.
1982 3549 149 23 FORDYCE,
2156 3561 10 3 -
2189 3560 9 3 -
2222 3550 117 23 Manager.

1965 3627 39 41 W,
2034 3626 29 41 A.
2096 3624 187 44 WILLIAMS'

1987 3746 101 24 Opposite
2104 3746 73 19 Palfico
2194 3746 68 19 Hotel.

1909 3797 137 25 GROCERY,

1949 3829 137 19 OILMEN'S
2102 3827 111 26 STOETS,

1989 3859 220 23 IRONMONGERY,

2041 3889 253 24 CROCKERYWAEE,

2095 3925 143 23 DRAPERY,
2255 3925 42 23 &c,
2308 3926 27 18 etc

1938 3959 16 13 Pl
1971 3954 148 21 well-assorted
2137 3955 56 19 stock
2212 3956 19 18 in
2249 3955 27 19 all
2292 3955 47 19 lines

1910 3980 21 19 of
1941 3980 34 19 the
1984 3981 61 19 above
2056 3984 21 16 at
2086 3981 72 20 lowest
2169 3988 72 17 prices.

1911 4015 49 19 New
1971 4015 87 19 Zealand
2065 4015 66 26 Dairy
2139 4015 147 21 Association's
2295 4015 33 21 Fac-

1945 4042 46 23 tory
2003 4041 73 19 Putter
2086 4043 56 19 fresh
2152 4042 58 19 twice
2222 4042 82 25 weekly.

1985 4084 49 20 New
2046 4085 51 19 Laid
2107 4085 60 21 Ebep.
2178 4085 44 21 &c,
2234 4086 33 18 &c.

2411 3080 134 41 HORACE
2567 3080 178 41 STEWART,

2362 3145 108 20 SADDLE,
2484 3144 125 21 HARNESS,
2623 3144 53 17 AND
2694 3144 100 18 COLLAR

2531 3175 99 23 MAKER,

2406 3212 181 22 FENTON-ST.,
2602 3212 151 19 ROTORUA.

2362 3280 105 22 Saddles,
2484 3280 94 22 Bridles,
2595 3280 78 17 Collar;
2703 3280 91 22 Chains,

2386 3311 55 23 Bits,
2450 3311 79 24 Spurs,
2539 3311 103 19 Harness
2655 3311 67 23 Soap,
2731 3311 40 19 &c.

2386 3372 118 21 Coachaline,
2514 3379 11 10 a
2542 3372 113 22 waterproof
2670 3372 125 22 preservative

2362 3396 30 16 for
2401 3395 26 17 all
2435 3396 55 17 lands
2499 3396 20 17 of
2531 3395 77 18 leather.

2387 3427 85 20 Axleine,
2491 3433 10 10 a
2514 3427 73 23 perfect
2602 3426 94 17 lubricant
2710 3427 31 16 for
2754 3433 31 11 car-

2362 3450 68 23 riages,
2440 3455 98 19 waggons,
2548 3450 32 17 &c.

2387 3481 72 18 Collars
2468 3481 54 18 made
2535 3483 20 16 to
2568 3487 85 11 measure
2665 3486 25 12 on
2705 3481 33 17 the
2752 3487 35 16 j)re-

2363 3504 55 18 mises
2427 3512 8 9 ;i
2447 3504 103 23 speciality.
2587 3504 123 21 Lengthened
2722 3504 63 23 experi-

2363 3533 45 13 ence
2415 3528 20 17 in
2444 3528 26 17 all
2479 3528 67 17 classes
2554 3527 20 17 of
2580 3527 92 17 Saddler's
2681 3527 59 17 work.
2764 3527 31 17 All

2363 3551 64 17 orders
2437 3551 98 23 promptly
2543 3549 89 19 attended
2644 3552 26 15 to.

2366 3643 119 32 UNITED
2506 3642 185 32 INSURANCE
2710 3643 84 37 COY.,

2514 3688 127 21 LIMITED.

2426 3749 150 28 CAPITAL,
2593 3749 142 29 £500,000.

2368 3818 89 46 FIBE
2466 3819 53 18 risks
2526 3819 22 18 of
2555 3819 27 18 all
2590 3819 73 19 classes
2669 3819 126 19 undertaken

2435 3847 21 17 at
2466 3845 70 19 lowest
2545 3848 80 16 current
2635 3848 60 16 rates.

2365 3879 75 20 Claims
2449 3880 73 19 settled
2531 3880 102 25 promptly
2643 3880 40 19 and
2696 3880 99 26 liberally.

2376 3929 47 17 Now
2432 3929 83 17 Zealand
2526 3929 55 17 Head
2590 3929 63 20 Office,
2662 3929 123 23 Wellington.

2399 3956 90 17 Resident
2498 3956 47 21 Sec,
2555 3956 67 17 James
2631 3956 18 17 S.
2662 3956 100 19 Jameson-.

2489 3990 101 17 Auckland
2599 3990 60 23 AgCEI
2669 3990 3 23 :

2427 4017 23 18 A.
2463 4017 108 21 Heather,
2582 4017 76 18 Custom
2667 4017 67 19 Street.

2498 4054 84 18 Rotorua
2591 4054 73 23 Agent:

2412 4087 21 17 F.
2447 4088 21 17 F.
2478 4088 68 19 Watt,
2561 4088 116 17 Ciikomcxe
2688 4089 63 17 Office.

2810 108 420 57 HINEMOA_STORE,

2815 175 160 27 \\fUUAM
2996 175 109 21 SOGERS
3120 176 72 21 directs
3207 186 17 13 at

2826 208 8 11 t
2845 205 8 13 T
2887 202 78 19 tendon
2975 204 21 16 to
3003 203 35 17 the
3047 202 105 26 following
3159 203 48 20 linos
3215 208 16 19 jrf

2809 250 27 25 •o
2841 250 27 23 j*
2876 249 97 24 mai
2984 251 28 20 ivj
3022 243 51 32 as
3092 252 55 23 uu
3157 241 74 37 ujuS

2809 282 101 24 Byeroft's
2920 282 109 18 Snowdrilt
3041 282 51 18 N.Z-
3101 282 62 19 Flour

2809 308 103 22 Sultanas,
2923 307 99 18 Muscatel
3031 308 40 18 and
3080 308 97 19 Valencia
3191 309 30 22 Rai-

2861 334 48 19 sins,
2921 334 40 17 and
2970 333 98 19 Currants

2809 360 50 23 Figs
2866 359 40 18 and
2917 359 111 18 Preserved
3038 359 83 23 Ginger,
3134 360 66 24 Spies

2809 386 76 18 Lemon
2895 385 40 18 and
2946 385 80 24 Orange
3038 385 49 19 Feel

2864 411 71 18 White
2945 410 112 25 Sugar—A
3073 411 115 25 Speciality.

2810 537 87 19 General
2911 537 127 20 Assortment
3055 539 20 17 of
3093 538 139 27 Storekeeper?

2988 563 74 20 Goods.

2871 600 311 57 HINEMOTSTORE.

2811 682 46 41 TO
2873 682 24 40 &
2914 682 93 41 FROM
3027 682 68 41 THE
3123 683 110 45 BATHS,

2814 775 151 47 CLIRSS
2981 783 49 12 runs
3048 783 11 12 a
3077 780 114 22 wagonette
3207 780 18 20 be-

2858 812 9 8 •
2897 805 65 16 tween
2976 802 34 19 the
3028 803 38 19 Old
3081 803 109 27 Township
3204 809 30 18 and

2812 828 35 19 the
2857 828 66 19 Baths
2933 829 124 19 throughout
3068 830 34 18 the
3112 830 46 21 day.

2813 890 50 19 Also
2885 890 199 25 Whalcarewarewa,
3109 891 73 19 Sodom
3204 896 30 19 and

2849 916 114 19 Gomoriah
2973 917 39 18 and
3023 917 58 19 other
3090 918 67 25 sights
3164 924 46 14 near

2977 943 35 19 the
3022 946 60 16 town.

2914 995 79 22 Fares
3008 995 139 24 Moderate.

2816 1049 52 43 B.
2910 1049 44 45 S.
3001 1049 35 45 C

3056 1051 86 17 ORL
3159 1052 17 16 E
3193 1053 13 17 T
3220 1055 9 16 T

2921 1106 221 25 ARCHITECT,

2895 1141 98 24 Building
3007 1142 108 25 Surveyor,
3134 1143 34 18 &c.

2817 1180 70 23 Agent
2907 1179 32 18 for
2958 1178 34 19 the
3016 1179 97 19 National
3138 1180 46 20 Firo
3205 1183 28 19 and

2908 1205 80 19 Marine
2995 1205 114 19 Insurance
3120 1206 36 20 Co.

2815 1262 214 23 AroxoiA
3099 1264 135 21 inur

2815 1347 246 34 BOABPIKG
3077 1348 157 37 HOUSE,

2815 1407 112 27 Opposite
2942 1407 39 20 the
2997 1409 54 18 Post
3062 1409 46 19 and
3120 1411 114 24 Teleqraph

2993 1433 78 23 Office.

2816 1465 45 19 And
2882 1472 49 12 near
2951 1465 34 20 the
3005 1466 120 20 Celebrated
3150 1468 84 22 PRIEST

2855 1491 118 20 RACHEL
2989 1492 39 20 and
3041 1492 58 21 nther
3108 1492 90 23 BATHS

2960 1518 144 21 ROTORUA.

2815 1569 111 29 TERMS:
2936 1571 43 17 25s
2986 1576 40 17 per
3033 1571 71 23 week,
3115 1572 27 18 4s
3149 1578 40 17 per
3195 1574 36 24 day

2848 1602 115 40 MRS
3007 1602 203 47 YOUNG,

2949 1650 171 23 PROPRIETRESS.

2815 1720 219 46 Rotorua
3052 1721 182 59 Bakery

2827 1920 105 32 BAKER
2944 1922 25 31 &
2980 1922 246 33 CONFECTIONER.

2866 2000 85 23 Bread
2965 2001 132 24 delivered
3115 2002 76 30 daily.

2866 2067 158 22 GROCERIES

3010 2105 145 21 DRAPERY.

2810 2170 126 18 GENERAL
2942 2171 207 19 STOREKEEPER'S
3156 2172 77 18 GOODS.

2831 2223 42 45 d.
2905 2223 47 45 R.
2988 2223 231 51 LONDON

2946 2293 167 24 SOLICITOR,

2835 2329 29 21 20,
2876 2328 216 24 SnORTIAXD-BTJtEET,
3103 2331 112 18 AtXCKXAM).

2809 2375 157 18 X.B.—Attends
2975 2378 79 21 eountiy
3064 2378 68 17 Courts
3141 2377 24 24 by
3177 2377 55 24 special

2814 2448 212 46 Rotorua
3054 2449 179 56 Library

2813 2545 104 47 OPEN
2928 2547 53 19 from
2993 2549 23 17 10
3028 2554 46 12 a.m.
3085 2551 22 16 to
3117 2550 10 16 5
3139 2555 46 19 p.m.
3203 2548 30 19 and

2874 2575 45 16 6.30
2930 2576 20 16 to
2961 2573 272 28 10p.m.Sundaystill9p.a.

2832 2611 164 23 Subscription
3005 2611 3 23 :
3021 2612 43 18 20s
3073 2612 43 18 Per
3125 2613 94 19 Annum.

2838 2648 90 19 Visitors
2943 2655 47 18 may
3008 2656 84 18 procure
3108 2650 67 19 Books
3193 2651 39 18 from

2812 2674 36 19 the
2857 2674 88 26 Library
2955 2682 26 11 on
2999 2675 86 25 making
3102 2683 11 12 a
3132 2677 74 25 deposit
3219 2676 14 19 of

2812 2703 36 16 not
2857 2700 41 19 less
2908 2701 50 18 than
2978 2703 28 21 ss,
3025 2702 39 19 and
3082 2703 121 25 purchasing
3220 2704 13 17 Is

2812 2733 80 18 coupon
2902 2727 32 18 for
2944 2734 60 18 every
3016 2728 53 19 Four
3078 2728 71 20 books.

2840 2761 43 19 The
2901 2761 87 25 Library
3011 2762 18 18 is
3047 2769 52 18 open
3121 2763 73 25 during
3209 2762 24 20 the

2814 2787 95 24 evening.

2815 2845 51 43 M
2869 2846 16 17 R
2931 2849 69 41 W.
3039 2846 46 45 J.
3118 2848 44 43 N
3163 2848 65 17 Aira:

2816 2900 172 19 BARRISTER
3000 2902 66 17 AND
3084 2902 144 19 SOLICITOE

2816 2932 147 18 Commissioner
2977 2933 21 17 of
3012 2933 31 18 the
3057 2933 91 24 Supreme
3162 2935 51 17 Court
3222 2939 6 12 c

3012 2957 43 22 Fiji-

2817 2986 89 18 Solicitor
2914 2989 20 16 to
2942 2987 33 18 the
2987 2987 47 18 X.Z.
3050 2989 126 17 Government
3191 2987 37 19 unde

2866 3010 11 20 ''
2883 3010 40 17 The
2930 3010 99 19 Advances
3037 3013 20 16 to
3064 3012 78 17 Settlers

2816 3041 100 18 Victoria
2925 3041 89 22 Arcade,
3024 3042 112 23 Qtjeex-st,
3146 3041 82 21 Auckland

2841 3072 71 23 Money
2920 3074 20 16 to
2947 3073 53 17 Lend
3010 3079 23 12 on
3043 3074 85 18 freehold
3144 3074 72 23 Becurity
3223 3079 5 11 «

2816 3095 38 17 low
2871 3097 49 16 rates
2937 3097 20 16 of
2970 3097 84 17 interest.
3084 3098 71 23 Money
3168 3099 58 17 investe

2817 3119 30 16 for
2855 3119 67 17 clients
2930 3120 39 17 free
2978 3120 20 17 of
3006 3120 75 23 charge.

2869 3167 28 26 J.
2918 3168 50 25 W.
2991 3168 207 29 WRIGLEY,

2861 3208 172 19 .RCHI
3064 3210 17 19 T
3111 3211 18 18 E
3159 3211 15 18 C
3202 3210 17 20 T,

2947 3242 182 17 HOTORUH,

2846 3270 69 24 Agent
2924 3271 32 18 for
2971 3272 36 18 the
3024 3272 64 19 South
3109 3273 76 19 British
3203 3271 29 19 Fin

2819 3296 41 18 and
2870 3297 80 18 Marine
2959 3296 111 21 Insurance
3080 3299 109 24 Company.

2824 3346 49 14 B—
2873 3346 80 15 tmmusa

2882 3365 79 19 When
2970 3366 23 18 in
3002 3367 125 19 Auckland
3135 3368 54 19 visit

2895 3400 33 25 E.
2956 3400 221 27 SPENCER'S

2866 3441 149 24 CURiO
3043 3443 162 23 DEPOT.

2899 3476 37 23 (On
2946 3476 65 19 Queen
3020 3477 61 17 Street
3094 3475 81 24 Wharf.)

2854 3514 41 20 For
2913 3516 27 19 all
2956 3516 61 19 kinds
3035 3517 21 18 of
3068 3518 13 17 Is
3088 3523 30 12 ew
3128 3513 84 22 Zealand

2889 3542 71 19 Curios
2979 3542 42 19 and
3038 3542 141 20 Greenstones.

2823 3685 267 26 MONUMENTAL
3115 3680 117 31 MASON,

2872 3734 124 19 VICTORIA
3015 3735 96 18 STREET
3131 3734 64 18 EAST.

2930 3775 216 17 KUCKLHND,

2844 3811 86 18 Orders
2944 3811 24 18 in
2983 3812 95 22 Marble,
3097 3812 94 19 Granite
3203 3805 29 21 and

2821 3843 78 22 Stone,
2922 3843 119 24 promptly
3066 3843 46 19 and
3137 3838 95 23 faithful

2821 3874 120 19 executed.

2869 3911 100 24 Designs
2977 3912 47 18 and
3033 3912 75 23 prices
3122 3912 46 18 free
3176 3915 25 13 on

2962 3943 149 23 application.
