2599 4069
50 53 1808 32 THE

50 85 381 126 NEW
558 85 888 126 ZEALAND
1573 85 888 126 GAZETTE

50 211 2411 125 AND

50 336 1148 125 WELLINGTON
1313 336 1148 125 SPECTATOR.

793 506 224 38 PUBLISHED
1061 503 132 39 EVERY
1237 497 258 41 WEDNESDAY
1540 495 206 39 MORNING.

665 627 107 31 PORT
793 623 261 36 NICHOLSON,
1068 616 266 36 WEDNESDAY
1359 615 209 39 MORNING,
1589 613 125 32 APRIL
1738 614 48 36 17,
1810 615 90 29 1844.

2272 605 96 42 [Vol.
2387 606 40 34 V,

94 632 65 32 No.
181 631 89 38 340.)

241 725 54 20 For
312 724 118 25 Sydney,

65 755 76 24 Calling
151 753 26 20 at
185 753 80 19 Nelson
275 751 24 25 if
307 750 104 26 sufficient
416 748 132 21 inducement
557 747 63 25 offer.

198 786 44 24 HP
247 784 44 22 HE
323 783 46 22 fine
399 783 45 21 fast
477 781 79 26 sailing
586 779 51 28 brig

205 802 30 31 JL
268 831 7 4 „
355 809 173 22 calypso,

61 830 131 38 Jafiß^
212 838 94 28 Captain
322 836 107 26 Harrold,
446 835 45 23 will
505 835 67 21 leave
581 834 25 22 in
623 840 15 15 a

211 865 45 22 few
278 865 56 27 days
357 864 36 21 for
412 863 39 21 the
475 862 71 22 above
564 864 72 25 ports.

214 904 45 21 For
272 901 93 28 Freight
373 908 26 14 or
409 899 104 27 Passage,
523 898 69 28 apply
602 901 22 18 to

401 933 24 22 J.
440 932 34 23 M.
489 932 103 25 Taylor,

551 958 87 27 Agent.

85 992 111 25 Lambton
206 991 73 27 Quay,
290 988 65 28 April
365 990 21 25 9,
397 988 61 22 1844.

158 1043 54 20 For
226 1040 113 27 Freight
356 1045 31 15 or
409 1038 122 25 Charte*,

91 1074 70 31 ■jRjgT
216 1077 94 28 rpHE
320 1076 45 22 fine
375 1076 45 22 fast
435 1074 80 27 sailing
532 1073 109 23 schooner

88 1096 100 38 38KS^.
223 1096 31 31 JL
321 1103 170 21 SUSANNAH
508 1101 76 24 ANN,

80 1124 128 39 SfSßw'
230 1133 28 20 80
276 1134 49 19 tons
342 1133 105 19 DurtneiK
475 1128 43 22 she
536 1127 16 22 h
546 1155 6 5 .
553 1134 24 14 as
595 1126 9 27 J
606 1129 35 19 ust

63 1183 5 8 i/gP*y*7yT~i
71 1159 139 32 /gP*y*7yT~
230 1158 130 27 undergone
370 1155 112 27 thorough
492 1155 90 27 repairs,
595 1152 45 22 and

61 1178 153 36 ffjjwJaSSSf^
232 1192 41 15 can
286 1185 28 21 be
332 1183 138 28 despatched
480 1185 23 19 to
512 1188 40 15 sea
563 1181 80 21 imme-

231 1212 91 27 diately.
352 1211 50 21 Her
418 1209 99 28 superior
536 1207 106 28 qualities

59 1252 21 14 as
90 1251 13 14 a
111 1242 85 26 regular
205 1240 80 26 clipper
294 1244 38 16 are
345 1236 116 28 generally
470 1235 90 22 known.

84 1271 41 21 For
135 1273 69 18 terms
215 1266 44 23 and
268 1265 139 28 particulars,
418 1262 68 29 apply
496 1265 21 19 to

348 1297 95 22 Samuel
459 1294 45 22 and
517 1293 98 22 Joseph.

87 1336 110 23 Lambton
207 1334 74 26 Quay,
292 1331 66 29 April
367 1332 22 25 2,
400 1331 63 21 1844.

230 1383 45 20 TO
289 1379 184 23 WHALERS.

81 1419 57 27 Boyi
148 1419 71 23 Town,
232 1414 95 27 Twofold
336 1415 54 25 Bay,
402 1414 54 19 New
467 1413 67 20 South
546 1412 77 21 Wales.

64 1450 104 53 SHIPS
186 1455 42 16 can
245 1446 86 24 refiesh
345 1453 26 15 or
381 1444 52 23 refit
451 1448 23 18 at
484 1444 42 22 this
542 1444 106 21 Harbour

124 1478 47 22 free
187 1475 25 23 of
230 1475 31 22 all
276 1474 55 22 Port
351 1473 100 26 charges,
467 1472 105 26 pilotage,
597 1470 49 26 &c,

67 1505 39 23 and
124 1511 42 15 can
183 1502 76 23 obtain
277 1500 71 27 wood,
367 1503 76 22 water,
463 1498 59 22 fresh
542 1497 45 22 and
606 1497 43 22 salt

65 1532 124 27 provisions,
204 1527 137 29 vegetables,
360 1527 50 26 ship
425 1525 129 27 chandlery,
571 1527 76 23 stores,

68 1559 40 23 and
118 1559 58 27 slops
186 1557 25 21 of
224 1562 67 21 every
305 1553 57 23 kind
379 1553 44 22 and
434 1552 145 28 description;
604 1551 46 22 and

66 1587 18 22 if
98 1583 102 31 required
216 1583 39 22 the
272 1581 97 23 services
384 1580 26 22 of
424 1578 150 29 experienced
590 1578 60 26 ship-

68 1610 83 30 wrights
162 1610 45 23 and
214 1611 57 21 boat
284 1607 108 28 builders,
402 1614 62 21 upon
480 1606 37 22 the
527 1608 59 19 most
599 1612 51 15 rea-

66 1639 85 24 sonable
161 1642 76 18 terms.

114 1671 58 23 N.B.
172 1682 29 5 —
202 1669 37 23 Oil
249 1676 25 15 or
282 1668 59 23 bone
356 1667 68 22 taken
433 1667 25 22 in
468 1665 127 28 exchange.

90 1703 145 27 Wellington,
248 1700 66 28 April
323 1702 21 25 9,
356 1701 62 20 1844.

164 1754 54 20 For
228 1752 70 24 Sale,
307 1751 39 25 by
355 1750 56 21 late
425 1748 123 22 arrivals.

70 1785 125 23 T7JLOUR
205 1791 54 16 very
270 1782 98 28 superior
381 1781 131 28 descripton,

70 1804 29 32 Jj
136 1812 71 22 Moist
215 1817 74 20 sugar,
299 1813 46 23 tea,
357 1809 76 26 coffee,
445 1807 86 27 raisins,

92 1840 96 26 Malting
193 1837 84 28 barley,
289 1836 80 27 wheat,
377 1843 40 20 rye
424 1842 69 21 grass,
505 1834 75 22 clover
590 1834 59 24 seed,

92 1868 98 25 Also,—
191 1867 63 26 l,ooo
273 1863 101 26 seedling
392 1863 55 21 fruit
465 1865 64 23 trees,
548 1860 46 22 and
611 1861 41 21 100

70 1898 46 18 tons
124 1896 108 25 potatoes,
243 1898 77 21 grown
329 1894 24 18 at
362 1890 38 22 the
414 1889 66 22 Hutt.

333 1922 37 21 W.
381 1922 26 21 B.
422 1921 95 21 Rhodes
528 1919 46 22 and
584 1919 38 22 Co.

92 1957 145 27 Wellington,
253 1954 64 29 April
327 1955 21 26 9,
364 1954 61 22 1844.

245 2009 43 21 Ex

71 2042 89 23 nnHE
177 2039 153 29 undersigned
346 2039 40 21 haa
400 2037 39 23 the
455 2037 113 27 following
583 2036 69 27 goods

78 2064 27 27 X
127 2069 36 22 for
172 2068 46 22 sale
229 2072 24 17 at
260 2068 44 21 low
313 2066 80 27 prices,
404 2065 35 21 for
449 2071 66 17 cash;
519 2075 28 4 —

95 2098 25 20 76
129 2095 85 22 barrels
223 2094 71 28 prime
306 2093 58 22 Irish
372 2091 63 28 pork,

95 2124 24 21 18
128 2122 66 22 hhds.
205 2121 119 23 Truman's
338 2123 81 24 porter,

95 2152 25 20 22
129 2149 66 22 hhds.
205 2148 95 27 brandy,

95 2178 11 20 5
116 2176 65 22 hhds.
193 2176 101 26 Geneva,

95 2206 13 19 4
118 2211 61 14 cases
190 2204 101 25 Geneva,

96 2233 14 19 4
117 2230 85 23 barrels
212 2230 45 25 do.,

98 2260 13 19 6
120 2265 62 15 cases
191 2256 94 28 English
299 2256 47 26 gin,

98 2287 12 20 3
120 2292 62 15 cases
190 2291 50 15 rum
252 2283 76 27 shrub,
553 2284 11 10 •*

98 2314 8 19 1
113 2314 12 20 0
135 2319 62 14 cases
210 2311 146 27 champagne,

100 2340 13 22 7
122 2347 63 14 cases
193 2342 51 24 port
254 2338 45 22 and
308 2337 84 27 sherry,

100 2368 26 20 14
136 2373 62 15 cases
208 2366 78 27 cigars,

100 2395 14 20 4
121 2392 84 23 barrels
215 2392 64 27 snuff,

101 2422 26 20 13
136 2420 80 22 tierces
226 2419 96 22 colonial
331 2418 59 27 beef,
566 2429 10 14 «

101 2449 12 20 5
124 2455 62 14 cases
196 2446 85 27 cheese,
292 2445 88 29 packed
388 2446 25 21 in
423 2444 46 23 fine
480 2443 47 27 salt,

101 2477 14 19 4
124 2474 65 22 casks
198 2474 99 27 vinegar,

102 2503 26 20 12
138 2501 73 22 chests
221 2503 46 19 and
278 2502 13 20 8
299 2500 52 22 half
362 2499 74 22 chests
447 2502 44 23 tea,

102 2530 25 20 41
138 2528 56 28 bags
203 2529 79 26 maize,

103 2557 26 21 38
141 2556 57 26 bags
206 2556 65 26 bran,

103 2585 14 19 4
126 2582 65 22 sacks
200 2582 53 22 seed
263 2584 55 24 oats,

104 2612 13 20 4
127 2616 63 16 cases
200 2609 78 22 mould
287 2608 98 22 candles.

434 2634 22 22 J.
472 2634 33 22 M.
520 2634 104 21 Taylor.

199 2686 2 7 ,
228 2670 129 23 Wholesale
373 2672 79 23 stores,
469 2667 112 23 Lambton
592 2667 73 27 Quay.

106 2704 145 27 Wellington,
262 2702 65 29 April
336 2704 21 26 9,
369 2702 63 22 1844.

161 2756 174 22 Dissolution
351 2755 30 21 of
399 2753 186 26 Partnership.

81 2790 147 53 NOTICE
243 2790 28 21 IS
285 2788 132 23 HEREBY
438 2787 109 26 GIVEN,
562 2786 51 24 that
631 2785 37 23 the

171 2816 144 30 Partnership
338 2815 98 22 hitherto
454 2814 96 27 existing
568 2813 100 22 between

82 2845 74 22 David
171 2844 93 23 Nathan
279 2843 46 22 and
339 2842 73 22 Israel
428 2841 90 27 Joseph,
531 2847 24 15 as
572 2840 97 22 General

83 2872 138 26 Merchants,
252 2869 156 27 Auctioneers,
444 2867 47 23 and
522 2867 146 22 Commission

83 2900 93 26 Agents,
189 2902 23 18 at
221 2896 131 27 Auckland,
362 2895 144 27 Wellington,
516 2893 48 23 and
576 2893 93 28 Nelson,

81 2926 19 21 is
109 2926 46 22 this
165 2926 44 26 day
219 2923 112 24 dissolved
338 2923 31 27 by
378 2921 90 25 mutual
477 2923 100 20 consent.

109 2957 41 23 All
160 2957 83 28 parties
251 2954 106 24 indebted
367 2957 23 20 to
400 2954 38 22 the
448 2954 46 22 late
501 2953 50 22 firm
561 2955 24 20 at
596 2952 74 23 Auck-

83 2985 62 27 land,
151 2991 44 15 tae
204 2982 123 29 requested
343 2984 22 19 to
378 2989 46 19 pay
439 2980 39 23 the
492 2987 61 16 same
569 2979 102 22 immedi-

84 3011 61 28 ately
163 3013 25 19 to
207 3010 45 22 Mr.
272 3008 76 24 David
367 3008 101 26 Nathan,
479 3007 48 22 who
550 3006 20 23 is
592 3006 79 27 hereby

84 3037 128 25 authorised
222 3040 25 19 to
255 3037 51 27 give
315 3043 15 15 a
339 3035 113 25 sufficient
466 3034 116 27 discharge
592 3033 34 23 for
636 3032 35 23 the

85 3073 70 15 same.

112 3098 41 23 All
163 3097 83 29 parties
254 3095 108 24 indebted
379 3097 24 20 to
412 3093 39 24 the
461 3093 45 22 late
520 3093 52 22 firm
582 3094 24 20 at
614 3091 58 22 Wel-

85 3126 96 27 lington,
193 3131 25 16 or
233 3124 94 26 Nelson,
344 3130 37 14 are
400 3119 119 30 requested
539 3123 23 19 to
577 3126 45 21 pay
637 3117 35 23 the

85 3159 61 16 name
156 3151 154 27 immediately
319 3153 24 19 to
353 3149 46 22 Mr.
410 3147 72 23 Israel
496 3147 91 28 Joseph,
598 3145 51 23 who
657 3152 16 15 is

85 3179 87 28 hereby
182 3177 128 24 authorised
320 3180 23 19 to
353 3177 51 26 give
414 3183 14 14 a
437 3174 111 23 sufficient
557 3173 114 25 discharge

87 3207 35 22 for
133 3206 39 23 the
182 3213 73 19 same;
271 3204 47 24 and
333 3204 32 22 aU
378 3205 109 20 accounts
501 3201 75 28 owing
595 3201 31 26 by
639 3201 34 20 the

87 3234 45 21 late
151 3233 52 22 firm
221 3232 47 23 ■will
289 3232 29 22 be
340 3229 127 30 liquidated
488 3229 30 30 by
538 3229 47 22 Mr.
604 3227 70 25 Pavid

88 3260 102 23 Nathan.

116 3291 78 23 Dated
208 3293 25 19 at
251 3290 130 28 Auckland,
398 3289 45 23 this
461 3286 124 25 thirteenth
602 3286 45 28 day
657 3286 20 22 of

141 3318 95 26 'March,
252 3324 44 15 one
311 3316 112 23 thousand
438 3316 62 28 eight
515 3314 106 23 hundred
635 3312 42 24 and

73 3353 5 5 •
94 3365 3 4 ,
134 3344 139 28 .forty-four.
312 3352 5 4 -

115 3382 19 7 •-
148 3385 2 7 ,
183 3374 26 21 ';
443 3370 80 22 David
543 3369 110 27 Nathan,

449 3401 84 23 Israel
556 3401 98 22 Joseph.

91 3432 131 26 Witnesses,
358 3431 5 8 '
495 3454 3 4 .

146 3458 63 23 John
221 3457 19 22 I.
252 3455 143 26 Montefiore,
412 3454 127 27 Merchant,
552 3454 125 27 Auckland,

148 3492 25 21 C.
189 3488 96 29 Malpas,
301 3486 75 28 Clerk,
391 3485 129 23 Auckland.

203 3544 98 21 Devon
313 3540 96 25 Hotel,
423 3538 148 22 Taranaki.

94 3576 107 51 IN.
214 3573 103 23 -WATT
338 3572 56 25 begs
411 3573 60 20 most
492 3569 148 28 respectfully
663 3572 19 19 to

127 3615 12 12 •
169 3603 83 22 inform
261 3600 35 22 his
305 3599 86 22 friends
400 3601 24 19 at
434 3596 151 28 Wellington,,
592 3596 49 22 that
658 3596 24 22 lie

95 3627 176 27 has-succeeded
280 3631 26 28 tOj
315 3626 38 22 the
363 3625 74 22 above
446 3623 114 29 premises,
569 3623 26 22 in
614 3622 68 23 which

95 3659 30 22 Ke
139 3657 25 22 -is
179 3655 93 26 making
287 3653 124 23 extensive'
420 3650 137 27 alterations,
577 3649 55 23 with
649 3649 33 22 the

95 3685 58 22 view
185 3683 35 22 of
241 3679 128 28 increasing
395 3678 42 23 the
461 3676 169 24 aecomodation
653 3675 31 29 for

95 3712 100 22 visitors.
202 3718 2 4 ■
233 3711 4 6 '
254 3723 2 4 .
305 3709 1 5 '
329 3723 5 6 P
438 3718 2 4 ■
452 3728 4 3 .
505 3716 2 7 >

112 3757 4 4 •
124 3739 217 29 TaranakyMar«h
351 3740 20 25 8,
383 3738 63 22 1844.

242 3785 39 21 Te
301 3784 58 21 Aro
374 3780 157 23 WitfcUnill.

97 3817 163 28 TtyTESSRS.
281 3813 120 25 SIMONS
429 3811 69 24 AND
521 3812 158 22 HOGGARD

96 3838 64 31 JyJL
188 3846 46 27 beg
242 3847 23 19 to
275 3842 82 27 inform
366 3840 39 23 the
414 3839 79 29 public
507 3839 27 22 of
546 3838 135 28 Wellington

97 3874 45 22 and
150 3874 31 23 its
197 3871 102 27 vicinity,
312 3878 2 17 ;
320 3869 49 23 that
381 3867 59 23 their
452 3866 57 24 .Mill
522 3866 20 22 is
559 3873 52 15 now
627 3873 57 15 com-

96 3900 85 30 pleted,
192 3899 46 24 and
248 3898 50 23 that
312 3896 54 28 they
382 3902 37 16 are
437 3893 109 32 prepared
560 3896 25 19 to
600 3893 84 23 receive

96 3931 49 20 into
154 3930 60 21 store
225 3933 46 21 any
281 3925 111 29 quantity,
396 3922 26 23 of
428 3921 81 31 wheat,
519 3920 76 24 which
604 3920 45 24 will
658 3920 24 22 be

97 3954 90 29 ground
197 3961 30 15 on
235 3952 117 24 moderate
362 3954 77 19 terms.

124 3986 147 27 Wellington,
282 3980 66 32 April
359 3984 34 25 10,
404 3982 63 22 1844.
568 3976 93 15 '».*.,

2138 700 103 21 Books.

1904 732 70 48 ON
1989 732 85 27 SALE,
2091 732 39 21 AT
2143 732 74 22 THIS
2231 732 139 22 OFFICE—

1966 758 47 22 The
2033 758 95 26 poetical
2146 758 72 21 works
2236 758 26 21 of
2283 758 88 28 Milton,
2392 758 58 23 with
2469 765 12 18 a.

1903 784 93 22 memoir
2006 789 44 16 and
2060 784 195 22 embellishments.

1930 811 49 21 Life
1994 811 26 20 of
2030 810 37 21 the
2082 810 66 21 Duke
2164 810 26 21 of
2208 809 143 27 Wellington,
2368 810 109 27 compiled

1903 837 58 21 from
1970 837 36 21 his
2016 836 91 22 Grace's
2117 835 136 28 despatches,

1931 863 46 22 The
1989 863 62 27 Holy
2060 862 70 27 Bible,
2139 862 127 28 containing
2274 860 37 24 the
2318 861 46 23 Old
2373 861 44 23 and
2426 861 57 23 New

1905 890 146 26 Testaments,
2058 889 52 22 with
2117 892 68 23 notes,
2196 889 30 27 by
2232 888 37 23 the
2278 889 56 21 Rev.
2342 889 60 22 John
2408 889 75 22 Caun-

1905 920 39 23 ter,
1956 917 62 26 8.C.,
2029 917 48 22 four
2086 923 63 20 maps
2159 915 43 22 and
2212 916 40 21 144
2260 915 77 29 plates,

1932 943 128 24 Montacute
2068 950 4 14 :
2088 950 25 14 or
2123 950 14 14 a
2145 941 56 23 New
2211 943 92 21 home—
2304 941 76 26 who'll
2392 941 91 22 follow!

1904 971 31 27 by
1949 970 56 22 Mrs.
2017 970 66 26 Mary
2093 969 97 27 Clavers,

1933 997 110 27 Scripture
2058 995 131 28 Biography,
2201 995 34 23 for
2250 994 38 23 the
2304 995 89 27 Young,
2403 993 85 24 embel-!

1905 1023 71 22 listed
1988 1023 52 22 with
2049 1023 79 27 plates,

1933 1050 103 27 Voyages
2046 1050 24 21 of
2081 1049 94 31 Captain
2184 1048 99 22 Richard
2292 1047 116 28 Falconer,

1935 1077 95 21 Fisher's
2040 1076 104 22 Juvenile
2155 1076 68 25 Scrap
2229 1075 69 26 Book,

1935 1103 47 24 Life
1993 1103 46 23 and
2048 1102 133 28 Campaigns
2190 1103 26 21 of
2223 1101 38 23 the
2270 1100 66 22 Duke
2347 1100 26 22 of
2380 1099 105 28 Welling-

1909 1132 44 25 ton,

1934 1156 49 22 Life
1992 1156 46 22 and
2047 1156 61 27 reign
2117 1155 26 22 of
2154 1154 100 23 William
2263 1153 38 23 the
2312 1153 96 23 Fourth.

1935 1182 156 29 Shakspeare's
2099 1182 116 22 Dramatic
2225 1181 87 26 Works,
2323 1180 54 22 with
2387 1182 79 25 plates,

1936 1209 141 24 Buchanan's
2085 1209 86 26 history
2180 1209 27 21 of
2218 1207 112 26 Scotland,

1936 1237 91 26 History
2043 1237 25 22 of
2084 1235 111 28 England,
2218 1237 23 19 to
2262 1233 38 23 the
2320 1233 130 25 coronation
2465 1233 28 25 of

1911 1263 79 25 Queen
2001 1263 106 26 Victoria,

1936 1290 108 27 Wesley's
2053 1296 105 19 sermons,
2168 1287 55 23 with
2232 1295 13 15 a
2254 1287 101 27 memoir,

1938 1317 98 22 Memoir
2047 1317 25 21 of
2083 1316 56 22 Rev.
2150 1315 110 23 Rowland
2274 1314 57 26 Hill,

1938 1343 104 23 Barton's
2053 1342 82 27 Gospel
2143 1342 86 27 history
2239 1343 26 21 of
2276 1341 81 27 Christ,

1938 1370 48 22 The
1996 1370 78 22 Easter
2088 1369 54 26 Gift,
2153 1369 30 26 by
2193 1369 29 21 L.
2232 1368 26 22 E.
2269 1368 33 27 L.,

1938 1397 49 22 The
2010 1396 98 22 Parents'
2131 1395 91 27 Friend,
2240 1395 30 28 by
2288 1393 61 23 John,
2371 1393 120 27 Morrison,

1912 1423 68 27 D.D.,

1940 1449 114 28 Scripture
2063 1449 83 26 history
2154 1448 36 23 for
2199 1447 82 28 Youth,
2292 1447 53 24 with
2354 1446 78 29 plates,

1942 1478 103 21 Summer
2053 1476 44 22 and
2109 1472 85 25 Winter
2203 1475 25 22 in
2238 1475 38 22 the
2287 1474 119 28 Pyreneei,
2420 1472 31 29 by
2461 1473 39 23 the

1914 1511 62 16 same
1989 1503 86 27 author,

1943 1530 145 23 Goldsmith's
2096 1529 87 27 history
2192 1529 26 21 of
2229 1528 37 22 the
2276 1527 76 28 Earth,

1943 1558 105 22 Burder's
2058 1556 87 27 Village
2155 1557 112 26 Sermons,

1943 1584 93 22 Wood's
2046 1584 129 25 Dictionary
2184 1583 24 21 of
2221 1582 37 22 the
2268 1582 72 27 Bible,

1944 1611 74 22 Smith
2027 1619 10 14 s
2050 1610 125 26 Mechanic,

1943 1638 50 22 The
2004 1638 63 22 Book
2076 1637 24 23 of
2112 1637 110 21 Common
2231 1636 88 28 Prayer,
2328 1634 133 29 illustrated,

1945 1665 146 22 Fleetwood's
2098 1664 40 22 life
2148 1664 25 21 of
2184 1663 80 27 Christ,

1946 1693 70 21 Fox's
2026 1691 110 23 Christian
2151 1690 159 27 Martyrology,

1946 1719 50 24 The
2005 1719 71 23 whole
2086 1719 54 26 duty
2150 1719 25 20 of
2186 1717 62 28 Man,
2256 1717 30 28 by
2295 1717 39 22 the
2344 1716 56 24 Rev.
2411 1715 92 24 Charles

1921 1748 99 25 Atmore,

1948 1773 117 27 Bunyan's
2079 1771 111 28 Pilgrim's
2206 1771 111 28 Progress,
2327 1770 133 27 beautifully
2478 1776 29 15 v*

1922 1800 114 27 lustrated,

1950 1827 133 23 Morrison's
2092 1825 88 28 Family
2189 1825 101 27 Prayers,

1951 1856 104 21 Sermons
2064 1854 28 26 by
2102 1852 62 22 Blair
2173 1852 46 22 and
2227 1851 136 27 Whitefield,

1951 1881 112 22 Buchan's
2072 1879 116 22 Domestic
2197 1879 122 26 Medicine,

1952 1907 110 22 Walker's
2072 1905 158 28 Pronouncing
2239 1905 139 27 Dictionary,

1952 1934 135 23 Jamieson'i
2093 1933 132 27 Dictionary
2231 1933 25 21 of
2260 1931 142 26 Mechanical
2407 1931 100 28 Science,

1926 1962 61 26 Arts,
2003 1961 174 26 Manufactures,
2189 1960 49 27 &c,

1953 1987 173 29 Encyclopaedia
2140 1987 124 26 Edinensis,

1954 2015 110 23 Matthew
2072 2013 74 28 Wald,

1954 2042 85 23 Close's
2048 2041 87 27 Family
2145 2041 92 27 Prayer,

1954 2068 94 23 Parlour
2056 2067 70 27 Book,
2136 2067 30 27 by
2173 2066 103 23 William
2286 2066 94 27 Martin,

1955 2095 124 26 Perennial,

1954 2122 50 22 The
2013 2122 73 22 Monk
2095 2121 26 22 of
2132 2121 89 27 Cimies,
2232 2120 30 28 by
2272 2119 55 24 Mrs.
2338 2118 130 28 Sherwood,

1956 2150 68 21 Prose
2034 2149 188 27 Forget-me-not,

1956 2176 108 23 Counsels
2073 2176 44 21 and
2128 2175 85 27 advice,
2223 2175 31 27 by
2264 2175 34 22 Sir
2307 2173 110 24 Matthew
2425 2171 65 30 Hall,

1956 2204 49 22 The
2015 2203 111 22 Christian
2137 2202 147 28 Companion,

1956 2231 49 22 The
2015 2230 104 26 Diadem,

1957 2257 151 27 Doddridge's
2123 2256 95 27 Hymns,

1958 2285 109 27 Draper's
2075 2284 100 24 parables
2184 2284 27 21 of
2222 2282 37 23 the
2270 2282 61 23 Lord
2340 2283 75 26 Jesus,

1959 2312 105 28 Draper's
2074 2310 113 28 Miracles,

1959 2340 99 21 Modern
2068 2338 98 28 History,

1960 2366 66 23 Bible
2039 2366 73 26 Lives,

1960 2393 50 23 The
2020 2393 139 29 Equestrian,
2170 2400 14 15 a
2191 2392 62 26 band
2267 2391 65 24 Book
2341 2390 26 26 of
2378 2390 141 24 Horseman,-*

1936 2421 55 28 ship,

1961 2449 50 22 The
2021 2449 135 26 Evergreen,

1964 2475 88 29 Family
2062 2474 109 28 Worship,

1964 2503 75 23 Hall's
2050 2502 65 22 Vows
2125 2502 46 22 and
2181 2501 154 26 Meditations,

1964 2531 68 23 Tales
2040 2530 25 22 in
2075 2529 77 27 Verse,
2163 2529 30 28 by
2203 2529 67 27 Mary
2280 2528 100 26 Howett,

1966 2558 67 22 Tales
2041 2557 25 21 in
2075 2556 75 26 Prose,
2159 2556 33 27 by
2201 2556 64 26 ditto,

1966 2580 108 27 Sketches
2082 2583 24 22 in
2115 2583 95 22 Natural
2220 2583 100 26 History,
2331 2582 32 27 by
2371 2581 63 27 ditto,

1967 2611 135 24 Jamieson's
2113 2609 102 23 Mothers
2224 2610 139 27 Dictionary,

1968 2640 104 26 Memory
2081 2637 46 23 and
2137 2637 64 23 other
2210 2637 87 26 Poems,

1968 2667 94 28 Phillips
2074 2672 27 15 on
2113 2664 65 22 effect
2187 2664 46 22 and
2242 2664 81 25 colour,

1969 2695 68 22 Lives
2047 2693 25 22 of
2083 2691 172 28 Highwaymen,

1969 2722 75 22 Burke
2054 2727 29 15 on
2092 2719 38 24 the
2140 2719 89 23 French
2238 2718 142 26 Revolution,

1969 2746 131 25 Wonderful
2110 2747 138 26 Characters,

1971 2777 67 22 Lives
2049 2775 23 22 of
2085 2774 101 22 eminent
2194 2773 99 29 military
2301 2773 89 27 heroes,

1971 2803 93 23 Pamela
2073 2809 24 14 or
2105 2802 73 23 virtue
2187 2801 122 27 rewarded,

1972 2831 68 23 Lives
2050 2830 24 22 of
2084 2829 93 27 Pirates,

1973 2857 114 25 Lawson's
2096 2857 68 23 cattle
2175 2857 84 25 doctor.

1973 2886 95 26 History
2077 2884 26 23 of
2114 2884 39 23 the
2163 2883 54 24 Earl
2230 2884 24 21 of
2267 2881 130 28 Moreland,

1955 2914 11 9 *'
1973 2912 80 23 Park's
2063 2912 81 22 travels
2153 2912 24 24 in
2187 2910 84 27 Africa,

1973 2940 144 23 Adventures
2127 2939 26 22 of
2163 2937 84 25 British
2257 2943 97 20 seamen,

1974 2968 104 26 Literary
2087 2973 70 21 gems,

1975 2995 50 25 Life
2036 2994 26 23 of
2072 2994 137 26 Bonaparte,

1974 3021 96 29 Byron's
2079 3020 92 28 Works,

2197 3070 91 23 Seeds,

1947 3110 54 51 A
2013 3107 85 24 VERY
2114 3105 157 25 SUPERIOR
2285 3103 45 23 and
2339 3101 102 24 valuable
2451 3104 84 20 assort*

2029 3138 62 20 ment
2105 3134 27 22 of
2147 3130 61 25 fresh
2225 3131 68 23 Seeds
2307 3131 48 26 just
2368 3128 109 28 received,
2495 3128 40 23 the

1947 3164 49 22 first
2013 3164 26 21 of
2055 3170 14 14 a
2082 3161 89 29 regular
2185 3159 87 28 supply,
2281 3164 50 16 now
2347 3163 30 15 on
2392 3156 47 23 sale
2453 3159 25 18 at
2494 3155 41 23 the

1949 3191 72 22 Office
2041 3190 26 21 of
2081 3189 44 22 this
2143 3187 72 27 Paper
2234 3185 28 28 by
2278 3184 38 22 the
2335 3182 158 28 undersigned,
2509 3189 27 15 in,

1949 3217 122 29 quantities
2079 3218 23 20 to
2112 3213 44 24 suit
2164 3211 131 30 purchasers
2302 3218 6 14 :
2310 3221 28 6 —

1977 3250 125 26 Carraway,
2114 3246 48 23 Dill
2170 3244 46 23 and
2225 3244 91 26 Burnet,

1978 3277 45 22 Sea
2033 3275 53 27 cale,
2097 3278 127 23 asparagus,
2235 3273 79 25 carrot,
2326 3269 46 22 and
2384 3268 98 29 parsnip,

1978 3302 97 28 English
2084 3300 51 23 leek
2143 3298 47 23 and
2199 3297 75 25 onion,
2284 3297 98 27 Spanish
2393 3297 36 21 do.

1979 3328 124 30 Vegetable
2120 3332 94 19 marrow
2230 3324 44 25 and
2283 3324 54 27 long
2350 3322 88 30 prickly
2444 3330 97 15 .cucum-

1951 3358 48 26 ber,
2170 3379 16 6 
2269 3378 8 7 ,
2317 3377 6 8 ,

1979 3382 146 25 Cauliflower,
2135 3379 88 26 endive,
2233 3379 46 21 and
2291 3381 82 24 celery,

1979 3408 119 29 Virginnia
2115 3407 99 25 tobacco,
2229 3405 153 28 mignionette,
2401 3404 47 23 and
2472 3406 70 21 sweet

1952 3445 61 20 peas.

1980 3463 41 23 All
2030 3465 56 20 sorts
2095 3461 27 22 of
2127 3460 86 28 garden
2224 3459 46 24 and
2278 3458 55 23 field
2342 3458 108 28 cabbage,
2468 3478 3 5 ,

1981 3491 46 22 Do.
2137 3487 38 24 do*
2246 3486 46 23 <do.
2349 3486 83 28 turnip,

1982 3516 40 23 All
2031 3518 54 20 sorts
2094 3514 26 23 of
2126 3514 91 27 lettuce,
2227 3513 70 28 salad,
2309 3512 46 23 and
2367 3512 93 28 hrocqli,
2483 3533 4 4 ,

1982 3544 40 22 All
2030 3545 57 20 sorts
2096 3541 27 22 of
2127 3541 77 28 lupins
2212 3540 46 23 and
2265 3540 154 26 nasturtiums,

1982 3571 41 22 All
2032 3572 56 20 sorts
2097 3568 27 23 of
2130 3572 70 19 sweet
2210 3568 73 27 herbs,
2313 3580 4 4 •

1983 3598 53 22 One
2043 3595 104 24 hundred
2156 3595 81 23 choice-
2243 3594 92 24 varities
2347 3594 26 22 of
2383 3594 80 23 'flower
2471 3592 67 23 seeds

1983 3636 27 21 A
2016 3641 55 20 very
2085 3632 103 24 valuable
2204 3636 133 19 assortment
2391 3631 60 23 fresh
2467 3629 79 24 choice

1956 3669 88 21 grasses
2051 3660 192 28 fqrjgentlemeris's
2250 3660 79 25 lawns
2342 3658 45 25 and
2399 3657 149 29 i«ricultur»l

1957 3695 113 23 purposes,
2134 3706 3 5 ,
2210 3705 3 4 .
2332 3702 8 4 -
2350 3700 4 7 -
2396 3708 3 6 ,
2413 3700 4 13 :

1975 3737 4 12 ;
1986 3720 111 28 Cabbage,
2126 3719 95 28 brocoli,
2248 3717 108 27 rhubard,
2369 3738 2 4 .
2384 3716 75 28 onion,
2487 3715 61 28 leek,

1957 3748 85 23 lettuce
2060 3746 82 30 plants,'
2160 3747 40 23 &c.
2203 3763 6 11 f
2229 3753 51 17 now
2286 3744 83 29 'ready
2387 3747 23 19 to
2427 3743 122 30 be^trans-

1955 3774 104 29 ■plarited,
2069 3774 73 24 raised
2148 3774 62 22 -from
2219 3772 95 29 samples
2324 3772 29 22 of
2361 3770 63 23 these
2421 3770 4 7 1
2434 3769 73 23 seeds.
2524 3770 6 5 *

2371 3805 37 22 W.
2425 3802 95 26 M6O&T.

1989 3844 99 23 October
2096 3845 21 25 6,
2129 3843 64 23 1843.
2302 3843 10 34 ,'
2323 3845 19 29 -,'
2356 3848 7 26 -!
2380 3852 3 6 '
2394 3867 5 5 .
2414 3869 5 4 .
2429 3846 15 26 L
2462 3867 24 7 ,,
2500 3866 4 7 ,
2519 3867 21 7 ..,

1947 3893 2 31 i
1963 3889 176 32 /CHARTER
2148 3893 176 28 PARTJES^for
2333 3891 47 25 sale
2391 3892 167 26 attnesffowfle

1963 3925 44 24 V/
2022 3923 78 23 Office.
2116 3943 3 4 ,
2220 3940 4 2 .
2372 3936 4 3 •
2474 3928 8 25 j
2491 3934 16 17 th
2519 3926 24 25 ..f

1990 3956 103 28 Message
2103 3953 72 28 cards,
2480 3977 5 7 ,
2505 3975 13 7 ,

667 718 69 50 ON
756 718 79 22 SALE
851 718 31 26 by
898 717 37 21 the
950 714 153 27 undersigned
1121 716 24 18 at
1163 713 91 22 Messrs.

728 745 102 22 Bethune
841 743 47 22 and
898 742 111 22 Hunter's
1018 741 33 22 Te
1061 741 48 21 Aro
1118 748 6 15 ;—;
1126 750 29 5 —

693 772 57 21 Fine
762 772 56 21 13x4
826 770 108 25 Whitney
943 767 113 26 blankets,

692 798 44 22 7xß
748 797 45 22 and
802 798 44 20 9xß
856 796 66 25 Navy
933 794 77 27 prints,

691 824 42 23 7xß
742 824 60 27 plate
813 823 44 25 do.,

691 852 44 21 9xß
745 856 66 21 super
821 848 99 26 calico's,

693 875 243 30 Superiorlongcloths,
946 873 48 23 and
1002 880 14 15 a
1022 871 92 28 general
1125 872 132 22 assortment

670 905 23 22 of
703 904 96 27 hosiery,
810 901 176 27 haberdashery,
998 899 45 25 and
1051 899 70 27 fancy
1129 898 77 27 goods.

920 934 88 25 Also,

696 967 57 23 Fine
767 967 94 26 Congou
870 969 37 19 tea
915 965 24 22 in
949 966 11 24 |
973 964 79 26 chests,

699 994 54 22 Fine
765 994 120 25 Souchong
896 996 36 18 tea
941 992 25 22 in
976 992 49 22 141b
1037 990 84 27 catties,

696 1021 73 22 Zante
779 1023 108 23 currants,

696 1047 110 23 Valencia
816 1047 46 21 and
872 1046 94 22 Sultana
974 1045 89 26 raisins,

695 1074 91 22 Shelled
796 1073 111 26 almonds,
921 1073 50 26 &c,

995 1098 36 22 W.
1047 1098 24 22 F.
1091 1098 139 21 Christian.

696 1128 145 27 Wellington,
853 1126 66 28 April
927 1128 21 25 9,
959 1127 63 21 1844.

723 1182 44 20 Ex
1002 1178 70 21 from
1086 1177 116 25 Sydney.

673 1212 72 50 ON
762 1212 80 22 SALE
852 1212 30 26 by
891 1211 38 22 the
931 1213 3 4 -
938 1209 153 28 undersigned
1098 1216 5 14 :
1105 1220 28 5 —

752 1239 102 22 Colonial
865 1238 57 26 beef,

699 1265 60 24 Irish
769 1265 56 27 pork
835 1265 47 22 and
891 1265 48 27 pigs
946 1264 66 27 joles,
1023 1286 2 4 ,

700 1293 99 26 Shaving
808 1292 72 21 boxes
889 1291 54 22 with
952 1291 91 26 glasses,

699 1320 84 23 Patent
792 1326 136 20 congreaves
939 1317 46 22 and
996 1317 53 22 slow
1059 1316 56 28 light
1124 1315 105 26 matches,

701 1346 105 28 Superior
814 1353 71 20 green
894 1348 44 24 tea,

701 1373 80 23 Mixed
790 1372 104 27 cordials,

701 1400 69 23 Fresh
780 1399 87 22 salmon
876 1400 24 20 in
910 1402 42 19 two
959 1397 79 28 pound
1047 1397 51 27 tins,

701 1427 95 28 English
805 1426 88 22 bottled
905 1425 75 28 cyder,

670 1456 3 6 '
702 1454 104 27 Looking
815 1453 92 27 glasses,

703 1480 136 28 Negrohead
849 1480 100 26 tobacco,

703 1509 66 27 Pipes
778 1507 46 22 and
833 1506 130 28 penknives,

704 1536 62 26 Grey
774 1534 70 23 calico
856 1533 47 22 and
912 1533 99 25 Russian
1021 1531 66 27 duck,

706 1562 63 22 Yard
777 1562 57 21 wide
845 1560 83 22 dowlas
940 1559 45 22 and
994 1559 71 22 lambs
1074 1557 57 24 wool
1140 1557 72 26 shirts,

704 1590 145 22 Kersemeres
859 1586 46 23 and
912 1586 72 23 broad
994 1586 68 27 cloth,

705 1618 22 21 A
737 1616 66 23 small
809 1614 91 23 invoice
910 1614 25 21 of
942 1613 102 30 jewelry.

950 1640 61 22 Joel
1023 1640 31 21 H.
1067 1639 90 22 Asher.

978 1671 24 18 at
1013 1667 43 22 Mr.
1068 1667 34 21 M.
1112 1665 73 22 Asher
1187 1665 22 26 's,

1068 1692 114 23 Lambton
1192 1692 73 26 Quay.

708 1724 146 27 Wellington,
865 1722 66 28 April
940 1724 20 24 9,
973 1722 62 21 1844.

733 1775 102 22 Messrs.
862 1771 156 24 HOLROYD
1043 1778 46 15 and
1116 1769 95 27 HART,

842 1804 131 23 Notaries
997 1802 107 25 Public,

768 1846 38 15 TE
835 1845 74 18 ARO,
938 1841 242 17 WELLINOTON.

706 1877 132 28 September
846 1878 22 25 4,
880 1877 62 21 1843.

867 1934 36 22 W.
920 1933 33 22 M.
969 1931 110 26 SMITH,

680 1983 57 14 LATE
748 1978 240 19 SURVEYOR-GENERAL
1000 1978 28 14 TO
1040 1977 46 15 THE
1101 1976 51 14 NEW
1167 1974 105 16 ZEALAND

919 2004 116 20 COMPANY,

707 2041 145 24 Surveyor,
867 2037 214 26 Draughtsman,
1097 2034 55 21 and
1166 2033 78 21 Land

927 2064 103 25 Agent.

680 2095 181 27 Tinakori-road,
872 2095 102 26 January
986 2094 22 25 4,
1020 2094 62 21 1843.

785 2141 137 23 Seamen's
936 2140 103 22 Friend
1054 2138 117 26 Society.

684 2178 52 48 A
749 2173 135 25 SERVICE
900 2171 127 23 conducted
1044 2171 30 26 by
1092 2169 38 22 the
1151 2169 123 26 Ministers,

763 2203 23 21 in
806 2200 136 23 connection
962 2198 56 22 with
1033 2197 37 22 the
1090 2197 71 21 above
1178 2195 97 26 Society,

684 2232 45 22 will
746 2231 28 20 be
789 2228 55 24 held
863 2234 68 20 every
949 2225 95 26 Sunday
1059 2224 116 22 afternoon
1194 2223 23 21 in
1237 2220 38 24 the

686 2256 83 24 Scotch
778 2254 99 27 Church,
887 2253 114 22 Lambton
1012 2252 73 26 Quay.
1239 2275 5 5 m

715 2286 93 21 Seamen
820 2281 45 22 and
874 2287 91 21 persons
973 2277 126 24 connected
1108 2277 56 23 with
1173 2277 104 27 shipping

687 2320 38 15 are
735 2309 120 30 especially
865 2307 87 23 invited
962 2309 24 19 to
997 2305 85 23 attend.

716 2338 88 24 Service
814 2340 24 18 to
849 2341 132 16 commence
991 2335 24 20 at
1024 2332 107 28 half-past
1139 2332 15 21 3
1167 2338 53 20 p.m.

715 2366 49 23 The
927 2361 46 26 flag
987 2359 47 23 will
1051 2359 28 22 be
1096 2357 89 23 hoisted
1201 2361 23 18 at
1239 2357 38 21 the

689 2393 58 23 N.E.
759 2390 64 28 angle
833 2390 27 21 of
876 2389 38 23 the
930 2386 98 28 Churcb,
1044 2386 57 22 from
1115 2385 51 22 half
1179 2392 28 14 an
1221 2384 58 22 hour

687 2420 105 29 previous
802 2422 23 17 to
836 2416 39 22 the
885 2416 192 22 commencement
1093 2412 24 22 of
1131 2412 38 22 the
1185 2411 94 26 service,

689 2447 59 23 until
757 2446 29 22 its
796 2445 67 22 close.
1218 2444 21 24 H

717 2474 102 26 January
828 2472 35 26 26,
877 2470 62 22 1844.

923 2522 43 20 On
981 2521 70 22 Sale,

694 2557 92 49 THE
815 2554 74 23 NEW
915 2550 153 25 ZEALAND
1096 2548 179 27 PORTFOLIO

768 2581 129 25 conducted
914 2580 31 28 by
964 2579 33 22 H.
1014 2579 22 22 S.
1054 2578 124 25 Chapman,
1198 2576 36 27 (of
1246 2575 39 22 the

694 2610 87 24 Middle
788 2608 113 28 Temple,)
913 2604 216 25 Barrister-at-Law.

721 2644 45 22 No.
778 2643 50 21 I.—
828 2642 24 21 A
868 2641 77 21 Letter
959 2642 24 19 to
1002 2637 39 23 the
1058 2636 70 28 Right
1145 2636 61 23 Hon,
1225 2634 62 23 Lord

695 2670 99 27 Stanley,
813 2670 120 24 Secretary
940 2674 2 4 •
952 2666 28 22 of
995 2666 61 22 State
1074 2664 37 22 for
1129 2663 38 21 the
1186 2661 102 23 Colonial

695 2698 158 27 Department,
886 2695 36 21 On
929 2693 39 23 the
974 2691 191 25 Administration
1170 2690 25 22 of
1199 2689 88 23 Justice

695 2726 24 21 in
729 2724 57 23 New

723 2757 46 22 No.
781 2756 33 22 II.
815 2766 31 5 —
846 2755 78 21 Letter
938 2756 24 19 to
978 2751 62 23 John
1054 2750 61 23 Abel
1130 2749 78 27 Smith,
1225 2749 62 27 Esq.,

697 2784 70 27 M.P.,
800 2783 37 21 On
846 2782 40 21 the
892 2780 148 26 Advantages
1046 2778 73 22 which
1126 2777 73 22 would
1207 2783 81 15 accrue

696 2815 24 19 to
730 2810 95 28 English
835 2808 128 28 Capitalists
972 2806 60 23 from
1042 2805 37 22 the
1089 2804 169 23 establishment
1267 2802 25 22 of

698 2847 14 15 a
719 2839 61 21 Loan
791 2838 105 25 Company
905 2835 35 23 for
948 2835 54 20 New
1012 2832 100 26 Zealand,
1123 2831 84 23 similar
1218 2834 24 18 to
1251 2830 38 21 the

699 2865 129 23 Australian
837 2863 70 22 Trust

726 2898 44 23 No,
884 2895 38 22 An
933 2893 100 22 Address
1043 2895 22 18 to
1075 2891 39 22 the
1124 2890 57 22 New
1189 2888 102 24 Zealand

700 2924 66 24 Land
775 2922 142 30 Proprietors
924 2919 101 23 resident
1039 2919 24 21 in
1070 2917 40 23 the
1119 2916 86 23 United
1219 2916 74 26 King-

700 2952 60 26 dom,
771 2958 31 15 on
816 2947 89 25 several
919 2950 94 19 matters
1022 2945 26 23 of
1054 2945 138 28 importance
1202 2947 23 18 to
1234 2942 59 22 their

728 3010 23 22 jj
752 3017 13 15 0
790 3008 42 22 XV.
832 3018 31 6 —
890 3006 37 22 On
947 3004 39 23 the
1006 3002 116 25 Financial
1141 3001 113 23 condition
1270 3000 27 22 of

701 3037 58 22 New
904 3033 30 27 by
944 3031 94 23 Charles
1046 3030 76 27 Terry,
1134 3029 60 28 Esq.,
1204 3028 89 25 F.R.S.,

703 3064 82 22 F.S.A.
1257 3086 6 5 .

731 3096 44 22 No.
791 3094 29 22 V.
820 3105 31 4 —
851 3095 21 20 1.
923 3090 162 23 Observations
1109 3096 29 14 on
1162 3086 134 27 facilitating

704 3121 143 26 Emigration
870 3122 24 20 to
917 3118 57 22 New
999 3116 108 26 Zealand,
1126 3116 30 26 by
1176 3121 78 16 means
1274 3113 25 22 of

705 3149 116 24 Moderate
844 3147 99 26 Charges
957 3144 37 22 for
1013 3143 67 23 Chief
1096 3142 45 22 and
1157 3140 139 24 Fore-Cabm

868 3174 29 22 In
907 3180 13 14 a
930 3172 79 22 Letter
1018 3173 24 19 to
1051 3169 85 28 Joseph
1147 3170 83 25 Somes,
1243 3168 53 26 Esq.

705 3205 41 22 &c.
757 3204 41 21 &c.
827 3202 36 27 By
873 3200 33 22 H.
917 3200 22 22 S.
950 3199 124 27 Chapman.

733 3239 21 20 2.
795 3235 23 22 A
828 3234 79 23 Letter
915 3239 30 15 on
954 3230 108 27 Banking
1070 3229 25 22 in
1105 3229 57 22 New

706 3265 35 27 By
752 3262 88 24 Arthur
849 3260 28 23 T.
887 3258 112 30 Holroyd,
1009 3257 54 27 Esq.

735 3295 22 23 jj
760 3303 21 15 0#
893 3290 161 24 Observations
1068 3295 28 15 on
1107 3287 38 22 the
1155 3286 145 26 Advantages

708 3323 26 22 of
747 3330 14 15 a
777 3319 188 30 Representative
981 3315 122 28 Assembly
1117 3314 37 23 for
1171 3314 57 22 New
1244 3312 57 22 Zea-

708 3349 54 19 land

738 3375 100 25 General
848 3373 49 25 title
908 3371 45 24 and
962 3369 152 27 introduction
1126 3371 22 20 to
1157 3367 38 24 the
1205 3366 82 24 Series.

704 3420 7 9 ,
903 3412 69 15 PRICE
991 3409 121 18 SIXPENCE.

713 3458 73 51 ON
801 3456 81 23 SALE
896 3458 28 19 a*
938 3453 40 23 the
998 3451 70 23 Office
1089 3450 24 22 of
1131 3450 45 22 this
1192 3454 113 23 paper:—

792 3485 64 26 Keys
866 3483 25 22 of
899 3482 38 22 the
947 3481 71 23 Town
1028 3479 25 22 of
1060 3478 56 22 New
1126 3476 128 29 Plymouth,
1281 3500 6 5 m

740 3512 68 23 Platis
818 3511 27 24 of
853 3511 100 26 Country
964 3506 68 25 Land
1040 3504 73 24 round
1126 3504 144 26 Wellington,
1280 3507 25 15 in

713 3546 59 20 case,

741 3566 69 23 Elans
820 3565 28 22 of
854 3564 94 26 Nelson,
959 3562 94 25 incase,

742 3592 79 27 Copies
839 3592 27 21 of
879 3591 39 22 the
926 3591 64 21 -New
990 3613 16 4 _
1011 3585 101 26 Zealand
1126 3585 100 25 Journal,
1232 3606 3 3 .
1243 3584 61 24 1842,

705 3636 2 4 .
716 3621 117 25 complete,
844 3617 85 28 bound,
935 3638 5 3 .
959 3641 3 4 .
1039 3624 4 5 '
1086 3639 8 9 ,

744 3645 136 28 Chapman's
889 3643 118 27 Portfolio,
1017 3641 86 26 bound,

743 3672 76 22 Prints
825 3672 28 21 of
856 3671 95 27 Nelson,
1110 3676 4 5 '
1231 3691 7 8 ,

741 3699 79 22 Prints
830 3698 28 22 of
861 3697 145 28 Wellington,

745 3725 68 23 Plans
823 3725 28 22 of
857 3721 86 26 Nelson
952 3725 25 22 in

744 3749 70 25 Plans
825 3752 28 21 of
859 3751 100 28 Country
969 3749 68 23 Land
1046 3751 22 21 at
1080 3746 150 27 Wellington,-

745 3779 69 22 Plans
824 3778 26 22 of
857 3777 39 23 the
905 3777 70 22 Town
986 3774 26 25 of
1018 3776 57 23 New
1085 3773 126 30 Plymouth.

745 3809 134 30 September
886 3810 35 26 19,
931 3810 64 21 1843.
1108 3825 4 4 ■
1141 3827 6 10 ,
1223 3822 5 4 -

693 3876 3 9 ,
867 3879 4 6 ,
891 3857 80 22 Meat
985 3858 151 25 Company.

693 3909 3 9 ;
719 3892 128 30 THRESH
872 3890 97 28 PORK,
979 3890 83 28 .prime
1077 3888 79 29 joints,
1188 3886 62 23 from
1272 3885 38 23 4d.

710 3911 42 35 ;JP
792 3924 23 19 to
824 3918 38 24 s'd.
873 3918 81 29 per.lb.

863 3944 3 8 '
995 3944 38 22 W.
1047 3943 103 26 Flycer,
1166 3941 116 27 Manager.

712 3977 2 9 1
748 3975 117 27 February
873 3973 37 28 27,
920 3970 63 25 1844.

1330 710 158 26 Important
1496 709 58 20 sale
1565 708 30 21 of
1608 708 121 24 Country
1745 706 84 21 Land.

1291 741 160 50 MESSRS.
1461 739 151 23 BETHUNE
1627 746 45 14 and
1687 737 131 22 HUKfTER
1834 743 36 14 are

1380 765 123 24 instructed
1517 765 30 27 by
1562 765 38 21 the
1609 764 128 28 proprietor,
1753 766 23 18 to
1786 762 40 21 sell
1840 762 30 26 by

1289 793 108 26 Auction,
1408 799 23 15 at
1439 793 39 21 the
1489 792 129 26 Exchange,
1626 791 32 21 Te
1668 791 54 23 Aro,
1735 796 27 14 on
1769 788 101 26 Tuesday

1290 821 38 21 the
1337 820 56 21 23rd.
1403 819 71 27 April,
1486 821 95 22 current,
1593 821 23 17 at
1625 818 12 20 1
1648 816 92 22 o'clock.

1315 847 49 22 The
1381 845 72 23 whole
1463 845 26 21 of
1500 844 49 22 that
1562 842 103 23 valuable
1681 842 85 22 section
1783 840 26 23 of
1819 839 53 23 land

1547 870 24 21 in
1582 870 38 21 the

1345 917 5 5 ,
1401 896 144 24 HAPPY
1581 894 183 28 VALLEY,

1307 930 123 23 numbered
1439 931 27 20 22
1475 936 28 15 on
1514 930 38 20 the
1562 929 109 26 Surveyor
1682 926 106 22 Generals
1798 925 54 28 plan

1447 960 105 23 OHIRO
1567 959 150 27 DISTRICT,

1291 1003 49 15 now
1350 995 24 22 in
1384 994 37 22 the
1432 993 129 28 occupation
1570 992 26 22 of
1606 991 38 22 the
1659 998 74 15 owner
1750 991 44 21 Mr.
1804 989 68 27 Reid,

1301 1023 78 21 About
1394 1023 27 21 20
1436 1027 61 15 acres
1512 1026 38 15 are
1566 1018 93 27 cleared,
1675 1018 72 22 under
1762 1025 61 20 crop,
1832 1014 45 25 and

1451 1047 70 26 ready
1530 1049 23 18 to
1561 1045 85 23 receive
1657 1052 58 20 crop.

1338 1081 23 22 A
1376 1078 213 24 SUBSTANTIAL
1604 1077 98 22 STONE
1717 1075 110 27 HOUSE,

1291 1113 53 23 •with
1365 1112 136 26 out-houses,
1521 1110 40 21 has
1579 1110 58 21 been
1656 1108 95 26 erected,
1772 1108 45 21 and
1837 1106 37 25 the

1293 1140 85 27 garden
1387 1139 20 21 is
1417 1138 50 22 well
1477 1136 91 23 stocked
1576 1136 54 22 with
1639 1136 53 21 fruit
1702 1138 64 18 trees.
1794 1134 22 21 A
1829 1136 47 20 cart

1293 1166 54 23 road
1367 1167 20 21 is
1405 1164 78 28 nearly
1502 1162 130 28 completed,
1653 1165 22 19 to
1692 1162 48 28 join
1758 1160 36 23 the
1814 1160 62 23 Wel-

1292 1193 89 28 lington
1392 1192 62 22 road.
1483 1190 48 22 The
1541 1190 86 22 district
1634 1189 19 22 is
1660 1189 50 22 well
1719 1187 103 27 watered,
1831 1187 45 22 and

1293 1221 38 21 the
1341 1219 44 23 soil
1395 1219 19 21 is
1423 1218 27 22 of
1460 1225 55 19 very
1529 1216 99 28 superior
1637 1215 91 27 quality,
1746 1222 25 15 as
1780 1214 38 22 the
1827 1221 50 20 pre-

1293 1251 49 19 sent
1359 1252 61 21 crops
1435 1244 58 28 fully
1508 1244 83 26 testify.
1625 1243 49 22 The
1689 1241 83 23 section
1788 1241 45 22 wili
1847 1241 30 22 be

1482 1270 144 22 sub-divided
1641 1270 48 21 into

1430 1304 18 21 5
1477 1303 115 21 ACRE
1625 1301 118 25 LOTS,

1294 1336 46 23 and
1350 1336 56 22 from
1416 1335 29 22 its
1458 1335 96 25 climate,
1563 1332 111 23 beautiful
1683 1331 111 28 situation,
1804 1338 75 14 acces-

1294 1363 83 27 sibility
1397 1362 44 22 and
1460 1361 120 28 proximity
1597 1364 23 18 to
1639 1359 38 22 the
1693 1362 66 23 town,
1776 1360 60 19 must
1851 1357 28 22 be

1296 1389 133 23 considered
1441 1396 13 14 a
1463 1388 62 26 realy
1536 1386 108 23 desirable
1660 1385 43 22 and
1713 1385 103 22 valuable
1829 1391 52 19 pro-

1294 1421 74 24 perty,
1379 1423 25 15 as
1413 1415 52 22 well
1475 1422 23 15 as
1507 1415 58 21 from
1572 1414 29 21 its
1609 1413 68 27 being
1685 1412 50 21 well
1745 1411 96 28 adapted
1846 1411 35 22 for

1392 1442 88 23 market
1488 1440 101 28 gardens,
1601 1447 24 15 or
1637 1439 64 22 small
1711 1439 78 21 daries.

1411 1477 45 14 THE
1467 1476 76 14 TERMS
1553 1475 57 14 WILL
1622 1474 26 15 BE
1658 1472 106 16 LIBERAL.

1296 1505 101 22 Also.—
1398 1502 123 23 Reversion
1537 1501 25 22 of
1580 1501 70 21 Lease
1665 1500 27 21 of
1708 1499 82 22 section
1806 1498 43 23 No.
1860 1499 20 25 4,

1296 1532 45 22 Kai
1353 1531 80 22 Warra
1451 1529 94 26 district,
1557 1527 45 23 and
1617 1527 38 22 the
1668 1526 112 27 buildings
1794 1525 90 22 erected

1543 1555 100 21 thereon.

1380 1592 75 14 TERMS
1470 1590 27 15 OF
1514 1588 71 16 LEASE
1599 1588 45 15 ARE
1662 1586 139 16 FAVORABLE.

1324 1616 150 26 Wellington,
1486 1614 64 28 April
1559 1616 20 24 9,
1591 1614 60 21 1844.

1512 1666 163 21 Almanack.

1300 1702 75 50 AN
1396 1699 180 25 ALMANACK
1595 1700 34 20 for
1646 1698 136 28 Wellington
1799 1698 21 21 is
1837 1705 51 14 now

1372 1728 130 29 publishing
1512 1731 24 18 at
1543 1727 45 21 this
1599 1726 78 23 Office.

1534 1760 75 20 price,
1625 1755 30 19 Is.

1352 1784 96 21 Gazette
1482 1781 77 25 Office,
1571 1780 125 22 December
1705 1779 20 25 7,
1737 1780 60 21 1843.

1304 1838 93 49 THE
1419 1838 80 20 Nelson
1522 1837 116 19 Examiner
1661 1835 42 20 and
1724 1835 53 20 New
1799 1834 94 21 Zealand

1378 1865 111 21 Chronicle
1505 1862 127 30 (published
1641 1865 23 18 at
1673 1861 101 27 Nelson,)
1790 1861 19 21 is
1825 1868 69 21 regu-

1301 1893 60 26 larly
1380 1890 141 24 transmitted
1536 1893 23 18 to
1574 1889 145 26 Wellington,
1740 1887 44 23 and
1797 1894 54 21 may
1864 1887 29 23 be

1303 1919 45 22 had
1359 1922 23 19 at
1390 1919 38 21 the
1439 1919 63 21 office
1513 1917 25 21 of
1549 1916 45 22 this
1601 1923 76 20 paper.

1331 1951 49 23 The
1390 1952 79 19 Nelson
1477 1950 117 21 Examiner
1609 1947 46 22 will
1662 1947 29 21 be
1701 1946 70 22 found
1780 1953 29 14 an
1820 1946 75 21 excel-

1303 1979 49 22 lent
1361 1978 100 22 medium
1471 1978 34 21 for
1515 1975 140 23 advertisers.

1331 2012 79 22 Terms
1420 2011 35 21 for
1464 2009 38 23 the
1512 2016 75 21 paper,
1598 2011 38 19 ten
1644 2006 101 28 shillings
1759 2013 38 21 per
1806 2008 81 24 quarte

1303 2038 97 29 payable
1408 2038 24 22 in
1441 2037 111 21 advance.

1331 2069 84 22 Orders
1438 2068 35 21 for
1491 2068 38 21 the
1552 2073 69 21 paper
1642 2063 47 23 and
1710 2063 186 23 advertisements

1304 2096 104 23 received
1418 2098 23 19 at
1450 2094 39 22 the
1500 2093 71 22 Office
1582 2093 26 21 of
1620 2092 43 22 this
1673 2098 76 20 paper.

1473 2145 78 21 Meat
1583 2143 149 25 Company.

1542 2175 125 24 BUTTER

1310 2213 161 51 ALWAYS
1486 2220 28 14 on
1524 2211 70 26 hand,
1609 2209 45 23 and
1670 2212 23 19 to
1706 2209 30 21 be
1750 2208 52 26 had,
1813 2207 84 22 whole-

1390 2241 46 22 sale
1455 2239 43 23 and
1518 2238 71 27 retail,
1609 2241 23 18 at
1651 2236 38 22 the
1712 2236 78 21 lowest
1808 2234 90 22 market

1310 2269 67 28 price,
1394 2276 14 14 a
1424 2268 62 26 large
1505 2265 80 28 supply
1601 2264 25 22 of
1639 2264 39 22 the
1693 2262 127 23 celebrated
1834 2262 64 21 Cow-

1311 2300 89 24 pasture
1410 2295 45 21 and
1463 2293 120 22 Terawitte
1595 2291 72 27 Dairy
1677 2290 85 22 Butter.

1585 2326 35 21 W.
1634 2325 105 25 Flyger,
1754 2323 116 26 Manager.

1484 2381 78 21 Meat
1584 2380 150 24 Company.

1315 2415 94 52 THE
1428 2411 238 28 UNDERSIGNED,
1684 2409 85 28 having
1786 2409 58 23 been
1864 2415 39 21 ap-

1390 2442 92 29 pointed
1496 2442 110 25 Manager
1616 2439 26 22 of
1655 2438 38 22 the
1706 2438 64 22 Meat
1780 2437 123 27 Company,

1315 2472 54 26 begs
1379 2474 23 18 to
1412 2475 118 16 announce
1540 2467 49 23 that
1603 2474 14 14 a
1625 2465 89 27 regular
1722 2463 78 29 supply
1809 2463 27 22 of
1844 2463 59 26 beef,

1315 2501 96 23 mutton,
1432 2496 46 22 and
1493 2494 59 29 pork
1566 2500 54 21 may
1639 2493 82 26 always
1738 2491 28 22 be
1786 2490 120 28 depended

1316 2533 62 20 upon
1388 2528 25 18 at
1420 2523 46 23 this
1476 2521 173 23 establishment.

1345 2557 34 22 As
1403 2556 44 22 this
1470 2555 117 27 Company
1605 2557 107 23 purposes
1730 2550 78 26 selling
1827 2552 24 18 at
1868 2548 39 21 the

1318 2585 79 22 lowest
1405 2583 72 28 prices
1487 2585 23 18 at
1524 2579 73 24 which
1606 2581 19 20 it
1638 2578 19 22 is
1665 2577 72 22 found
1746 2576 37 22 the
1792 2578 61 20 meat
1866 2582 42 15 can

1318 2612 29 22 be
1357 2609 108 28 afforded,
1477 2608 37 22 the
1524 2604 151 29 undersigned
1682 2605 20 21 is
1715 2604 53 27 only
1778 2602 129 23 authorized

1320 2643 21 17 to
1353 2639 51 26 give
1410 2644 54 20 very
1470 2634 88 24 limited
1566 2634 78 26 credit,
1650 2632 46 22 and
1703 2631 40 22 has
1749 2631 56 22 been
1814 2630 96 21 ordered

1320 2669 22 19 to
1360 2669 49 24 stop
1423 2664 32 22 all
1468 2664 105 21 accounts
1587 2659 74 24 which
1675 2666 37 15 are
1727 2661 41 18 not
1782 2656 53 29 paid
1848 2663 61 21 upon

1322 2691 102 23 demand.

1348 2726 50 21 The
1407 2724 101 23 business
1519 2723 25 22 of
1552 2722 37 22 the
1600 2722 114 26 Company
1722 2719 20 22 is
1752 2717 85 23 carried
1846 2725 30 15 on
1886 2717 24 22 in

1322 2753 59 22 their
1396 2759 50 15 new
1460 2750 109 26 building,
1582 2748 87 23 erected
1687 2748 100 21 between
1806 2745 85 23 France
1900 2752 11 14 s

1324 2780 70 23 Hotel
1412 2778 44 23 and
1475 2778 39 21 the
1532 2776 60 23 head
1608 2775 25 22 of
1647 2775 38 21 the
1700 2774 56 27 Bay,
1775 2773 44 22 and
1834 2771 78 28 nearly

1324 2806 98 30 opposite
1433 2809 23 19 to
1467 2806 45 22 Mr.
1524 2803 83 29 Lyon's
1617 2803 71 21 Store.

1597 2837 42 23 W.
1648 2836 101 26 Flyoer,
1765 2835 119 26 Manager.

1351 2877 131 23 November
1491 2877 35 26 23,
1539 2876 61 21 1842.

1536 2928 163 25 Stationery.

1327 2966 73 50 ON
1413 2964 87 27 SALE,
1515 2963 43 24 AT
1571 2961 74 23 THIS
1662 2960 139 23 OFFICE—

1392 2992 112 26 Foolscap,
1515 2990 89 23 various
1613 2987 110 29 qualities,

1354 3022 73 26 Large
1437 3018 61 23 thick
1508 3021 56 25 post,
1575 3022 61 16 wove
1646 3014 47 23 and
1701 3013 52 28 laid,

1354 3048 59 22 Thin
1421 3050 58 24 post,
1616 3042 63 27 ditto,

1355 3075 56 22 Fine
1420 3073 61 23 Bath
1489 3074 56 25 post,
1556 3069 48 28 gilt,

1355 3100 158 28 Antiquarian,
1521 3096 108 31 imperial,
1637 3096 70 27 royal,
1715 3096 47 20 and
1769 3096 67 26 demy
1844 3096 72 20 draw-

1328 3130 40 26 ing
1376 3134 77 22 paper,

1356 3152 73 28 Quills
1438 3153 46 23 and
1493 3159 62 21 pens,

1358 3182 70 22 Small
1437 3181 61 22 hand
1507 3178 47 25 and
1562 3177 55 29 shop
1627 3183 74 22 paper,

1359 3210 80 26 Ebony
1448 3207 77 26 rulers,

1360 3237 77 21 Letter
1446 3234 45 22 and
1498 3232 43 25 bill
1548 3232 56 26 files,

1360 3263 44 23 Ink
1414 3262 46 22 and
1468 3260 40 23 ink
1517 3258 107 29 powders,

1361 3290 71 22 Black
1439 3287 53 24 lead
1500 3285 92 29 pencils,

1356 3316 72 24 India
1436 3314 89 26 rubber,
1536 3311 77 29 bottle,
1624 3311 44 22 and
1676 3313 85 25 patent,

1361 3344 69 26 Ivory
1439 3341 82 24 folders
1530 3340 45 21 and
1583 3338 86 27 knives,

1362 3370 91 26 Oblong
1461 3366 93 30 clasped
1562 3364 171 25 memorandum
1742 3364 76 28 books,

1363 3396 89 24 Ladle's'
1463 3394 47 23 and
1518 3392 148 29 gentlemen's
1680 3392 54 21 card
1743 3399 66 19 cases,

1472 3422 64 23 Ditto
1671 3418 69 23 tinted
1750 3418 44 23 and
1804 3417 119 26 embossed

1336 3451 71 27 cards,

1363 3505 78 22 Wafer
1451 3507 91 23 stamps,

1365 3532 72 22 Black
1442 3531 60 22 lines
1509 3530 37 22 for
1554 3529 66 22 letter
1637 3527 95 28 writing,

1365 3559 92 24 Invoice
1465 3557 73 25 books
1548 3555 53 23 with
1609 3554 99 28 indexes,
1718 3554 90 23 various
1817 3552 63 28 sizes,

1366 3585 58 23 Cash
1432 3584 71 24 books
1514 3582 64 25 ruled
1587 3582 88 27 double,
1684 3581 92 24 various
1783 3580 65 27 sizes,

1365 3612 131 28 Envelopes,
1711 3622 2 6 <
1774 3619 2 8 '
1783 3618 2 4 '

1366 3639 130 27 Inkstands,
1697 3653 4 4 ■
1794 3653 2 5 .

1364 3665 68 25 Brief
1442 3665 46 23 and
1497 3664 58 25 deed
1562 3671 77 21 paper,

1366 3693 76 23 Ruled
1449 3700 69 22 paper
1526 3689 85 25 forTMil
1620 3690 76 26 heads,
1798 3691 3 6 '
1829 3709 5 3 .
1903 3705 4 4 .

1366 3720 74 28 Royal
1454 3719 70 27 hand,
1536 3718 81 22 double
1631 3717 62 22 hand
1708 3716 83 26 brown,
1802 3714 46 22 and
1850 3717 3 11 :
1864 3714 64 26 royal

1338 3749 78 23 brown
1426 3746 116 29 wrapping
1550 3751 79 22 paper,
1735 3751 120 22 ".'-'."

1367 3774 100 27 Ledgers
1476 3773 46 22 and
1531 3775 97 20 account
1635 3770 77 28 books,
1722 3775 89 17 various
1821 3773 64 21 sizes,
1908 3782 5 4 -

1368 3802 107 26 Message
1485 3799 72 27 cards,
1689 3810 13 3 ■•
1709 3813 3 2 ■
1760 3815 3 4 •
1793 3818 3 5 .
1823 3815 6 3 -
1835 3817 2 6 ,
1856 3807 2 5 '

1368 3827 112 24 Coloured
1488 3833 86 22 papers,

1369 3856 72 26 Sugar
1450 3860 86 21 papers,

1369 3882 59 23 Note
1432 3885 92 24 papers,

1369 3907 176 24 Memorandum
1555 3905 77 32 books,

1370 3933 127 28 Portfolios,

1371 3960 145 29 Penholders,
