2529 4039
51 148 87 29 begged
156 149 23 19 to
195 145 89 27 inform,
291 165 5 6 ,
305 151 61 15 some
380 144 60 23 short
456 144 53 23 time
527 151 51 21 ago,
595 144 37 21 the

51 176 139 23 Postmaster,
201 172 52 22 that'
265 170 75 23 unless
354 170 38 23 the
408 171 127 24 Post-office
542 177 47 21 ,was
598 177 35 15 re-

49 201 82 24 moved
145 199 69 23 to,Te
229 195 53 29 Ard,
301 205 66 20 every
380 197 125 23 endeavour
519 197 73 22 would
604 197 28 22 be

47 226 75 25 made!
127 230 23 19 to
164 226 56 21 have
239 224 55 22 him-
303 225 147 27 superceded;
465 224 87 23 besides
571 224 61 21 these

48 262 61 16 more
117 252 75 29 public
202 251 160 28 explanations,
373 259 51 19 may
438 254 39 19 not
487 252 37 21 the
534 254 99 19 extreme

48 282 91 26 anxiety
148 278 114 23 exhibited
272 285 12 15 a
294 278 61 21 short
368 279 54 21 time
432 285 41 21 ago
484 279 30 26 by
524 285 14 14 a
547 277 87 27 sapient

49 308 83 25 doctor,
135 312 67 20 -very
211 304 85 28 closely
310 304 122 23 connected
446 305 53 22 with
512 304 38 22 the
565 311 67 21 press,

47 336 35 21 for
91 334 37 21 the
137 332 60 23 birth
206 332 27 21 of
235 332 151 26 .Postmaster,
402 331 57 22 have
474 331 93 22 blinded
581 338 51 20 you,

48 361 46 22 Mr.
105 359 84 26 Editor,
199 361 22 19 to
232 358 38 22 the
281 358 74 22 merits
365 358 48 23 and'
420 359 99 22 business
532 358 73 21 habits
612 358 24 21 of

47 388 39 21 the
101 386 127 27 gentleman
247 384 51 23 who
317 388 23 19 at
353 390 90 22 present
457 385 64 22 holds
531 385 49 22 that
597 392 37 20 ap-

47 414 132 28 pointment,
190 412 45 22 and
249 412 87 26 against
350 412 74 22 whose
440 412 84 26 civility
536 419 45 19 you
597 419 36 14 are

46 440 39 22 the
103 440 51 27 only
168 446 42 15 one
225 442 22 18 to
265 438 109 34 complain
383 447 5 18 ;
404 439 47 27 but,
467 438 96 28 judging
576 438 58 21 from

45 467 39 22 the
94 466 77 22 article
179 466 49 21 that
235 465 41 22 has
290 465 72 22 called
374 465 61 22 forth
451 466 60 21 these
525 464 107 27 remarks,

47 501 46 19 you
102 492 100 28 yourself
209 499 83 21 appear
300 495 22 19 to
331 492 29 21 be
368 492 51 22 well
425 492 101 27 supplied
538 492 52 21 with
597 492 37 21 the

72 527 67 15 sauce
177 527 44 19 you
233 526 25 15 so
273 518 67 23 much
355 518 73 27 decry,
440 518 44 23 and
500 518 50 22 dole
563 518 19 21 it
596 522 38 17 out

47 546 129 28 plentifully
177 557 25 5 —
204 546 61 28 quite
275 553 14 14 a
298 546 22 21 la
420 546 51 21 Bull
597 545 36 22 the

48 577 69 18 terms
127 573 138 27 blackguard
277 572 117 28 language,
406 572 174 26 ignomihiously
590 572 44 21 dis-

46 600 92 26 missed,
149 600 63 23 office
226 599 122 27 disgraced,
362 601 40 20 &c.
418 600 40 21 &c.
469 600 39 21 &c.
538 598 94 28 Finally,

49 626 54 22 with
107 624 92 30 'respect
208 630 24 18 to
240 633 57 20 your
306 626 82 26 having
438 626 68 21 doubt
516 625 49 22 that
570 633 14 14 a
592 626 42 21 few

47 653 92 22 months
148 653 44 22 will
200 661 37 14 see
247 652 38 22 the
296 652 133 23 Postmaster
463 652 170 28 ignominiously

198 680 18 21 is
226 687 13 14 a
249 682 79 19 matter
338 679 26 21 of
369 679 89 27 opinion
470 678 45 23 and
526 679 26 21 of
559 686 75 20 specu-

47 706 72 22 lation
126 715 5 17 ;
146 707 42 22 for'
196 714 38 19 my
244 709 57 24 part,
318 706 11 21 I
343 706 64 21 think
422 706 19 21 it
454 713 60 14 more
527 706 106 26 probable

47 733 61 27 that,,
121 734 76 21 before
213 732 50 23 that
275 732 106 28 happens,
392 729 38 25 W
437 732 55 22 shall
507 739 56 15 once
573 739 61 15 more

47 760 59 22 have
116 763 23 19 to
156 759 150 28 congratulate
322 767 40 14 our
378 758 87 28 sapient
575 767 57 19 upon

49 786 38 23 the
98 787 132 27 resignation
241 787 26 21 of
272 786 34 21 his
321 790 89 23 present
419 786 112 26 situation,
543 786 44 21 and
599 786 35 21 the

48 814 140 28 resumption
198 814 26 21 of
230 813 35 22 his
273 813 84 22 former
366 813 58 22 birth
435 820 24 15 as
468 812 82 28 keeper
560 813 25 21 of
598 812 36 22 the

49 840 127 28 Exchange
182 840 60 22 at'Te
251 840 47 22 Aro
306 840 54 26 Flat,
370 840 44 21 and
423 840 57 21 have
490 839 57 22 little
553 839 81 22 hesita-

48 867 49 22 tion
106 867 25 22 in
141 867 83 27 saying,
235 867 49 21 that
300 874 13 14 a
321 874 55 20 very
385 866 61 22 short
462 866 53 21 time
532 866 45 21 will
590 866 44 21 find

48 894 49 22 him
106 894 66 26 again
181 894 87 28 loqated
276 893 69 27 there,
353 894 57 24 busy
416 893 63 26 filing
488 899 144 21 newspapers,

112 921 43 21 still
174 920 96 29 keeping
284 928 15 14 a
313 920 64 28 sharp
395 918 52 23 look
466 922 39 19 out
522 920 58 21 after
598 919 36 22 the

51 947 142 22 Postmaster.
249 950 4 7 '

171 981 5 3 ■
186 981 3 4 ■
213 974 13 22 I
236 973 91 27 remain,
338 973 42 27 Sir,

247 1004 2 5 '
267 1000 62 22 Your
345 1000 102 21 obedient
456 1002 96 23 servant,

173 1035 3 3 '
206 1029 3 7 '
246 1051 3 5 ,
463 1031 59 21 Fair
537 1031 70 21 Play.

171 1059 47 5 ...
247 1058 4 5 >
334 1058 21 14 4p

49 1083 30 21 To
88 1083 35 20 the
131 1082 78 21 Editor
213 1081 33 25 ,of
251 1082 35 19 the
294 1081 16 11 <c
319 1082 50 19 New
379 1080 92 21 Zealand
487 1081 87 20 Gazette
590 1080 44 20 and

169 1112 4 5 '
183 1112 2 5 '
204 1109 126 25 Wellington
345 1108 127 26 Spectator.'
475 1109 6 10 1

169 1139 17 32 .\
202 1157 4 3 ■
251 1143 147 31 Wellington,
404 1143 54 31 July
470 1145 41 27 29,
525 1144 74 23 1842.

83 1185 54 29 Sir,
138 1197 35 4 —
173 1185 50 23 The
244 1184 129 30 brigantine
390 1183 68 24 Ariel
482 1183 86 31 having
597 1191 36 15 re-

49 1218 82 24 turned
149 1219 46 21 into
215 1221 51 28 port
289 1217 37 23 the
349 1225 61 15 same
435 1216 43 31 day
500 1225 31 15 on
559 1216 73 23 which

52 1252 41 23 she
101 1251 115 31 departed,
225 1251 41 23 has
274 1251 67 30 given
351 1251 74 25 rise.to
433 1251 90 22 various
530 1258 104 15 rumours

50 1292 26 16 as
84 1289 22 18 to
115 1284 38 24 the
166 1292 73 15 cause.
276 1284 61 23 lam
347 1284 95 22 induced
454 1288 23 18 to
489 1283 92 23 address
590 1291 45 23 you

51 1326 29 15 on
92 1317 39 24 the
139 1317 86 31 subject
232 1317 25 22 in
266 1316 161 23 contradiction
435 1320 23 19 to
466 1316 65 23 those
540 1320 93 26 reports,

50 1359 25 15 as
86 1359 60 15 none
159 1350 27 23 of
192 1350 62 23 them
263 1357 36 16 are
308 1351 124 22 consistent
439 1350 53 23 with
503 1350 72 28 truth,
588 1349 44 24 and

51 1388 24 19 to
87 1388 58 19 state
154 1383 37 23 the
202 1383 50 23 real
268 1390 68 16 cause
350 1382 35 24 for
400 1379 42 27 her
459 1383 93 30 putting
567 1383 65 23 back.

52 1416 95 31 Shortly
159 1416 55 23 after
223 1416 41 24 her
273 1416 119 30 departure
402 1416 19 23 it
432 1423 46 16 was
492 1415 79 29 found,
586 1416 49 23 that

51 1450 41 23 she
103 1458 47 15 was
161 1449 95 31 making
263 1458 13 15 a
285 1449 62 30 large
359 1449 103 31 quantity
469 1449 25 23 of
501 1453 77 24 water,
592 1449 43 23 and

51 1491 26 15 as
89 1483 41 23 she
140 1482 46 24 had
195 1491 14 15 a
219 1490 56 23 very
286 1482 102 23 valuable
400 1489 67 24 cargo
479 1483 24 22 in
519 1482 42 23 her
573 1482 59 28 hold,

49 1517 21 23 it
89 1524 45 16 was
158 1515 93 24 deemed
272 1515 39 24 the
331 1520 59 19 most
407 1515 99 31 prudent
524 1515 66 31 thing
612 1519 22 19 to

51 1553 81 20 return
160 1549 43 24 and
231 1553 39 27 get
296 1557 50 22 any.
361 1550 128 30 reparation
513 1548 50 24 that
590 1556 45 15 was

51 1590 132 23 necessary.-
217 1581 13 25 I
243 1590 45 15 was
305 1581 71 24 called
393 1589 30 16 on
440 1581 39 24 the
489 1586 53 27 part
560 1581 24 24 of
597 1581 38 23 the

190 1620 24 19 to
232 1616 89 30 inspect
339 1614 48 30 her,
404 1614 45 24 and
467 1615 57 23 after
543 1623 21 15 a-
576 1614 59 24 close

51 1649 153 23 examination
214 1648 72 24 found
297 1648 48 24 that
350 1648 69 31 being
431 1656 13 15 a
454 1656 48 16 new
512 1648 75 24 vessel
596 1648 38 23 she

52 1681 43 24 has
101 1687 41 18 not
148 1682 57 25 been
211 1681 137 31 thoroughly
355 1681 103 29 caulked,
465 1681 48 25 .and
525 1681 110 24 therefore

52 1715 32 23 all
106 1715 50 23 that
166 1715 30 23 -is
218 1722 121 23 necessary
350 1719 23 19 to
390 1715 29 23 be
436 1715 57 23 done
513 1719 24 19 to
556 1715 41 23 her
615 1715 20 23 is

52 1748 109 31 caulking
172 1748 22 23 in
204 1748 87 23 several
301 1748 75 31 places
386 1748 25 23 of
418 1748 42 23 her
472 1755 73 25 upper
552 1747 81 24 works.

214 1788 37 16 am
261 1781 46 29 Sir,
315 1783 4 4 '

206 1814 66 24 Your
284 1818 59 20 most
354 1814 106 25 obedient
470 1819 99 25 servant,

397 1855 123 23 William
533 1855 69 24 Hay.

1885 147 106 30 required
2001 152 23 19 to
2036 148 27 23 be
2073 148 67 24 made
2147 149 25 23 of
2187 149 37 23 the
2236 149 68 30 hills,-
2311 151 43 24 and
2367 153 99 23 sections

1886 179 26 24 of
1925 179 38 24 the
1984 185 93 26 country
2095 181 78 24 taken.
2216 182 57 24 This
2289 184 74 23 would
2380 193 87 24 occupy

1886 220 61 16 some
1959 214 63 28 time,
2034 214 43 23 and
2096 214 39 24 the
2156 223 97 23 expense
2273 217 75 23 would
2365 217 27 24 be
2405 226 62 23 .very

1886 246 153 24 considerable
2046 256 7 19 ;
2071 247 34 23 for
2119 247 83 30 which,
2213 248 111 30 however,
2337 249 15 24 I
2364 251 102 24 consider

1886 278 37 23 the
1942 279 67 24 value
2030 280 23 23 of
2073 280 39 23 the
2130 280 100 24 districts
2249 282 20 22 it
2288 282 75 24 would
2380 283 28 23 be
2427 283 40 24 the

1884 318 79 17 means
1975 312 25 23 of
2014 313 76 30 laying
2108 320 65 24 open,
2186 313 74 25 would
2271 315 78 31 amply
2360 323 107 24 compen-

1885 348 55 19 sate.

1918 377 52 25 The
1980 378 74 31 valley
2072 379 26 23 of
2118 379 46 24 the.
2175 379 170 33 Ruamahunga
2361 382 21 23 is
2404 381 63 24 often

1885 410 70 24 called
1967 409 70 32 (from
2057 419 13 16 a
2081 412 63 31 large
2160 412 62 28 lake,
2230 413 50 24 that
2286 418 7 6 '
2297 414 20 23 is
2335 415 26 22 in
2378 413 38 32 it,)
2427 415 40 23 the

1884 443 134 32 Wairarapa
2036 444 80 31 valley.
2164 445 51 24 The
2232 446 54 24 lake
2304 447 19 23 is
2345 447 68 24 about
2434 449 32 22 13

1884 476 65 23 miles
1959 477 66 31 long,'
2035 478 42 23 and
2129 487 29 15 an
2170 487 95 23 average
2275 479 97 24 breadth
2383 480 25 24 of
2422 480 45 24 five

1884 510 73 28 miles,
1976 510 39 24 the
2033 510 67 24 lower
2121 511 43 24 end
2183 512 25 23 of
2231 512 38 23 the
2287 511 53 25 lake
2361 514 19 22 is
2398 513 70 24 about

1884 550 68 15 seven
1964 543 66 23 miles
2039 543 59 24 from
2108 544 39 24 the
2167 552 46 22 sea,
2224 545 55 24 with
2291 545 74 24 which
2375 546 18 23 it
2405 553 62 17 com-

1883 576 127 22 municates
2021 576 30 31 by
2061 584 13 16 a
2095 578 152 24 continuation
2262 578 27 24 of
2304 578 38 24 the
2362 579 105 24 Ruama-

1883 607 78 32 hunga
1970 609 67 29 river,
2100 610 39 23 the
2158 612 87 22 natives
2263 611 41 24 tell
2318 619 43 16 me,
2368 612 48 24 that
2427 612 40 24 the

1883 641 53 23 land
1956 642 100 23 between
2067 643 19 22 is
2099 643 26 23 of
2139 651 14 15 a
2171 651 100 24 swampy
2286 649 80 19 nature
2387 645 45 23 and
2443 645 26 23 of

1883 674 57 23 little
1959 683 26 15 or
2001 683 30 15 no
2050 676 73 23 value.
2159 676 72 23 From
2246 677 40 23 the
2304 677 59 24 head
2381 678 24 23 of
2428 678 40 24 the

1883 707 52 24 lake
1947 713 23 18 to
1982 708 38 24 the
2039 712 38 27 top
2092 709 26 23 of
2133 709 38 23 the
2191 709 73 31 valley
2275 711 22 22 is
2315 718 13 16 a
2345 711 45 23 fine
2407 711 61 23 level

1883 744 57 20 tract
1959 742 26 22 of
2007 741 52 24 land
2080 742 70 23 about
2169 743 32 23 45
2219 743 67 22 miles
2302 743 55 31 long
2375 744 43 23 and
2437 744 31 24 10

1883 774 65 23 miles
1968 774 64 24 wide.
2067 775 51 23 The
2137 775 107 23 direction
2264 776 26 22 of
2305 776 39 23 the
2363 777 73 31 valley
2448 778 20 22 is

1883 807 69 23 about
1963 807 105 24 N.N.E.*
2075 817 6 20 ;
2100 809 20 22 it
2131 809 20 22 is
2168 808 105 24 bounded
2286 817 28 15 on
2328 809 38 24 the
2378 815 48 18 east
2436 811 32 30 by

1883 840 38 23 the
1933 840 110 29 Tararua,
2062 849 29 15 on
2102 841 39 24 the
2159 845 57 20 west
2233 842 31 31 by
2276 850 14 15 a
2307 850 70 23 range
2395 843 74 23 called

1884 873 37 23 the
1939 873 159 32 Maungataki,
2112 882 30 16 on
2161 874 38 24 the
2216 875 130 24 south-east
2363 876 30 30 by
2404 884 64 15 some

1883 906 55 30 high
1961 906 127 24 mountains
2109 907 73 24 called
2201 908 33 24 Te
2253 908 124 31 Haurangi
2393 908 76 24 which

1883 939 120 23 terminate
2015 941 22 22 in
2050 939 36 24 the
2104 945 92 19 eastern
2205 941 113 24 headland
2329 941 26 23 of
2369 941 98 24 Palliser

1884 972 58 30 Bay,
1961 980 30 15 on
2011 973 38 23 the
2067 972 136 25 south-west
2220 974 32 30 by
2267 974 40 24 the
2328 974 139 30 Remutaka,

1884 1005 43 23 and
1938 1013 30 16 on
1984 1005 39 24 the
2040 1006 67 23 north
2124 1007 31 30 by
2171 1007 38 23 the
2228 1006 157 32 Rangituraou
2402 1008 70 24 hills*

1884 1038 107 24 Between
2006 1040 37 23 the
2060 1040 154 30 Maungataki
2232 1040 45 23 and
2297 1040 38 24 the
2356 1040 112 25 Kufiture

1884 1072 62 23 there
1968 1073 21 22 is
2010 1080 28 16 an
2057 1080 59 24 open
2138 1080 67 24 space
2228 1073 25 24 of
2277 1073 88 25 several
2390 1075 75 28 miles,

1884 1105 73 24 which
1985 1110 62 19 must
2070 1105 51 24 lead
2145 1106 49 23 into
2217 1114 64 16 some
2302 1107 46 23 fine
2371 1112 96 26 country

1883 1138 98 31 beyond.
2024 1139 48 23 The
2089 1144 89 25 greater
2195 1144 51 27 part
2265 1140 25 23 of
2305 1140 39 24 the
2361 1140 75 31 valley
2446 1141 21 23 is

1884 1172 95 23 covered
1996 1172 55 23 with
2067 1172 51 23 fern
2136 1172 44 24 and
2198 1181 73 23 grass,
2290 1173 41 24 but
2345 1173 63 24 there
2420 1174 22 22 is
2453 1181 15 16 a

1884 1209 65 26 great
1967 1206 102 30 quantity
2088 1205 24 23 of
2133 1205 92 24 wooded
2244 1205 62 30 land,
2326 1206 39 24 the
2385 1207 84 23 timber

1883 1238 69 30 being
1969 1239 134 30 principally
2121 1243 74 19 totara
2213 1239 44 22 and
2275 1239 101 24 mataihi.
2417 1239 52 24 The

1878 1272 66 22 -river
1963 1271 175 31 Ruamahunga,
2156 1272 59 22 from
2237 1272 75 23 which
2333 1272 38 24 the
2392 1273 76 30 valley

1885 1305 99 22 receives
1995 1305 30 22 its
2038 1312 73 20 name,
2131 1313 75 15 comes
2224 1305 59 23 from
2299 1305 38 23 the
2356 1305 110 30 Tararua,

1885 1337 44 23 and
1940 1338 64 22 flows
2017 1338 62 22 down
2092 1338 38 23 the
2143 1343 88 18 eastern
2241 1338 49 23 side
2298 1339 25 22 of
2338 1338 38 24 the
2384 1338 83 32 valley,

1885 1371 116 30 receiving
2020 1378 122 17 numerous
2164 1376 96 19 streams
2278 1371 60 24 until
2357 1376 23 19 at
2394 1371 46 24 last
2450 1373 20 22 it

1886 1404 51 22 falls
1949 1405 48 22 into
2010 1404 37 24 the
2058 1404 60 24 lake.
2162 1404 36 24 As
2217 1412 32 16 we
2269 1412 62 16 came
2349 1404 64 24 down
2429 1405 40 23 the

1885 1442 98 19 western
1999 1437 47 24 side
2063 1439 26 22 of
2104 1437 38 24 the
2156 1438 80 30 valley,
2255 1446 34 15 we
2307 1446 46 15 saw
2361 1439 42 22 but
2413 1446 57 22 very

1885 1470 58 23 little
1955 1471 25 23 of
1989 1470 45 24 this
2044 1471 65 23 river.
2152 1471 51 23 The
2219 1472 88 22 natives
2325 1472 85 22 inform
2431 1479 38 15 me

1887 1503 47 23 that
1956 1505 19 22 it
1994 1505 21 22 is
2037 1504 24 23 of
2087 1512 13 15 a
2119 1504 154 23 considerable
2295 1505 54 28 size,
2370 1503 43 24 and
2429 1508 42 19 not

1887 1537 129 23 obstructed
2035 1538 30 29 by
2082 1538 90 23 timber.
2219 1537 72 23 From
2308 1538 39 22 the
2365 1537 104 24 Ruama-

1886 1570 77 30 hunga
1982 1575 22 18 to
2023 1571 36 22 the
2079 1571 132 23 Manawatu
2232 1568 26 33 (a
2277 1571 100 22 distance
2394 1571 25 22 of
2435 1573 33 21 50

1886 1602 87 33 miles,)
1983 1604 62 23 there
2051 1612 38 15 are
2098 1604 61 30 large
2168 1607 68 20 tracts
2247 1603 25 24 of
2280 1604 71 30 finely
2359 1604 112 23 timbered

1887 1637 43 23 and
1941 1637 59 23 level
2011 1637 58 29 land,
2082 1637 55 23 with
2144 1645 14 15 a
2166 1637 58 31 good
2232 1637 197 30 communication,
2443 1645 26 15 so

1888 1670 49 23 that
1947 1670 20 23 if
1982 1678 33 16 we
2034 1670 45 23 had
2092 1678 30 16 an
2141 1670 97 31 opening
2251 1670 60 24 from
2322 1670 39 23 the
2373 1670 63 23 Hutt
2446 1675 24 18 to

1888 1703 36 23 the
1945 1703 176 31 Ruamahunga,
2144 1703 13 24 I
2175 1703 85 24 believe
2279 1711 34 16 we
2331 1703 66 23 could
2414 1703 57 24 then

1888 1737 55 22 have
1956 1745 14 14 a
1985 1737 59 30 good
2059 1737 189 23 communication
2264 1737 56 23 with
2338 1736 38 23 the
2398 1736 73 23 whole

1888 1770 24 23 of
1926 1769 38 24 the
1977 1771 92 23 interior
2079 1771 25 22 of
2119 1771 45 23 this
2177 1770 80 27 island,
2276 1769 31 31 by
2325 1769 81 31 Taupo
2426 1770 46 23 and

1887 1803 107 24 Roturua
2004 1809 22 18 to
2039 1803 36 24 the
2085 1803 109 24 Thames.
2229 1803 41 24 On
2278 1803 36 23 the
2323 1807 89 19 eastern
2422 1802 49 24 side

1888 1837 25 23 of
1927 1836 39 24 the
1978 1837 101 23 Tararua
2091 1837 45 23 and
2146 1836 107 24 Ruahine
2272 1844 91 23 ranges,
2375 1836 64 25 there
2447 1837 22 22 is

1888 1870 55 28 that,
1957 1870 72 23 which
2041 1870 18 23 is
2071 1870 76 23 rather
2159 1877 75 16 scarce
2250 1877 29 15 on
2292 1870 38 23 the
2342 1874 96 19 western
2438 1881 31 5 —
2469 1881 3 5 •

1888 1903 115 23 materials
2034 1903 34 23 for
2102 1903 97 31 making
2225 1902 75 29 roads,
2331 1902 74 24 which
2432 1902 40 24 the

1887 1936 43 23 bed
1943 1937 26 22 of
1984 1944 64 23 every
2061 1937 60 23 river
2134 1936 44 23 and
2193 1935 74 24 brook
2285 1936 91 24 affords.
2420 1936 52 23 The

1888 1970 111 23 immense
2027 1971 104 30 quantity
2158 1970 26 22 of
2209 1969 111 24 available
2342 1969 54 23 land
2425 1969 49 23 still

1888 2004 128 30 remaining
2038 2010 27 15 on
2089 2002 38 24 the
2152 2002 133 23 Manawatu
2296 2014 35 4 —
2342 2002 37 23 the
2405 2002 67 23 value

1890 2035 24 23 of
1929 2035 38 23 the
1984 2036 59 22 river
2062 2043 24 15 as
2106 2042 14 16 a
2135 2042 78 16 means
2225 2035 26 23 of
2274 2035 197 29 communication,

1889 2068 44 23 and
1944 2070 31 21 its
1986 2068 153 32 applicability
2156 2072 24 19 to
2199 2068 37 23 the
2256 2075 110 24 purposes
2383 2067 25 24 of
2424 2075 49 16 ma-

1889 2101 93 31 chinery
2008 2105 61 20 must
2095 2101 83 23 render
2204 2101 19 23 it
2245 2108 16 16 a
2282 2105 61 19 most
2369 2100 105 25 valuable

1888 2136 138 30 possession.
2062 2135 30 24 In
2109 2135 138 28 conclusion,
2260 2135 19 22 it
2297 2135 52 30 give
2358 2142 36 15 me
2405 2135 71 23 much

1888 2168 106 31 pleasure
2013 2173 23 18 to
2052 2168 28 23 be
2098 2168 51 23 able
2164 2172 23 18 to
2205 2171 67 25 state,
2285 2168 50 22 that
2346 2167 13 23 I
2371 2168 103 23 received

1890 2209 66 23 every
1970 2202 120 23 assistance
2098 2201 60 24 from
2170 2201 48 23 Mr.
2234 2201 78 29 Wills;
2334 2198 142 34 (Surveying

1891 2234 92 32 Cadet,)
2011 2234 54 24 both
2093 2234 66 24 when
2187 2233 96 32 making
2304 2242 40 23 my
2371 2241 103 24 compass

1890 2268 81 23 sketch
1983 2269 25 23 of
2022 2268 37 23 the
2072 2268 138 28 Manawatu,
2223 2267 46 24 and
2288 2275 29 15 on
2337 2275 40 15 our
2394 2268 81 22 subse-

1890 2306 69 27 quent
1975 2302 97 31 journey
2083 2306 23 18 to
2118 2301 39 23 the
2178 2300 69 24 Hutt.
2285 2300 30 24 In
2333 2300 101 32 drawing
2443 2308 33 23 up

1890 2335 45 23 this
1946 2340 76 26 report
2034 2335 12 23 I
2058 2335 58 23 have
2131 2334 119 31 compared
2269 2342 40 22 my
2318 2333 92 32 journal
2420 2334 56 23 with

1889 2369 35 22 his
1944 2373 65 19 notes
2030 2376 28 15 on
2076 2368 38 23 the
2133 2368 52 30 trip,
2197 2367 76 23 which
2292 2367 13 23 1
2322 2366 70 24 found
2412 2371 23 19 to
2445 2366 31 24 be

1889 2409 55 22 very
1955 2406 93 19 correct.

1923 2435 13 23 I
1949 2440 61 18 must
2021 2435 46 23 also
2086 2442 94 23 express
2191 2442 39 22 my
2242 2433 140 24 satisfaction
2401 2437 24 19 at
2436 2432 40 25 the

1890 2469 96 22 conduct
2008 2469 24 22 of
2051 2468 38 23 the
2107 2469 44 22 five
2175 2475 52 16 men
2251 2467 76 23 whom
2345 2467 14 23 I
2376 2466 100 24 selected

1890 2500 118 32 (from'the
2020 2502 54 22 staff
2088 2505 24 19 at
2123 2501 63 23 Kare
2205 2499 86 33 Hare,)
2302 2505 24 18 to
2338 2508 138 23 accompany

1889 2543 35 14 me
1935 2543 5 16 :
1968 2535 80 30 during
2067 2535 38 22 the
2128 2534 72 23 whole
2220 2534 99 30 journey
2338 2533 53 31 they
2415 2533 59 23 have

1889 2568 78 23 shewn
1980 2576 64 23 every
2056 2568 135 31 disposition
2201 2571 23 19 to
2232 2567 98 23 forward
2342 2566 37 24 the
2387 2566 88 32 objects

1890 2601 24 24 of
1930 2601 38 24 the
1980 2601 136 31 expedition.
2136 2611 4 9 <

1940 2635 14 23 I
1966 2635 56 23 have
2034 2634 37 23 the
2083 2635 88 22 honour
2182 2638 22 19 to
2218 2634 96 28 remain,
2328 2633 53 29 Sir,,
2400 2648 2 7 ,

2044 2667 67 24 Your
2122 2672 60 18 most
2192 2667 105 23 obedient
2309 2670 97 25 servant,

2132 2701 120 23 Charles
2272 2700 34 24 H.
2326 2699 116 29 Kettle,

1890 2734 240 30 Assistant-surveyor
2140 2738 24 19 to
2182 2733 38 24 the
2236 2733 59 24 New
2307 2733 29 23 Z.
2350 2733 126 31 Company.

1922 2768 150 31 Wellington,
2084 2768 60 22 June
2156 2769 40 27 21,
2211 2768 74 22 1842.
2300 2761 3 5 '

1891 2807 35 23 To
1948 2807 51 23 Col.
2012 2806 135 28 Wakefield,
2168 2805 117 29 Principal
2302 2804 87 32 Agent-
2398 2804 27 24 of
2438 2803 40 24 the

2027 2839 56 24 New
2096 2839 101 23 Zealand
2215 2839 129 30 Company:
2418 2840 4 12 l
2434 2848 7 17 ;

2175 2877 14 14 *
2354 2874 3 4 '
2420 2869 19 38 .'"

1924 2903 77 24 Duel
2021 2910 31 17 at
2071 2902 213 24 Marseilles.—
2284 2901 51 24 The
2356 2898 121 26 Moniteur

1891 2936 109 23 Parisien
2017 2941 69 18 states
2106 2936 50 23 that
2173 2943 14 15 a
2198 2935 52 23 duel
2254 2935 118 26 -between,
2377 2930 101 28 General

1891 2969 131 24 Lavasseur
2043 2969 44 23 and
2116 2968 167 23 Commandant
2304 2967 97 32 Arrighi
2422 2967 57 24 took

1890 3003 64 31 place
1967 3006 24 19 at
2010 3001 128 24 Marseilles
2160 3009 29 15 on
2210 3001 38 23 the
2271 3001 57 24 18th
2347 3001 94 28 instant,
2455 3005 23 19 at

1891 3041 37 17 ten
1948 3043 76 23 paces,
2036 3043 24 15 as
2079 3034 39 24 the
2135 3034 68 23 latter
2211 3046 4 4 •
2221 3033 48 25 had
2286 3033 105 24 insisted.
2427 3034 52 23 The

1891 3068 101 23 General
2004 3068 49 23 shot
2065 3068 37 22 his
2123 3067 120 31 adversary
2255 3067 57 24 dead
2324 3075 29 16 on
2367 3067 39 23 the
2418 3072 60 26 spot,

1890 3102 44 22 and
1946 3102 20 22 is
1978 3100 103 33 reported
2094 3105 23 19 to
2131 3100 58 24 have
2201 3100 57 30 said,
2269 3101 69 23 while
2349 3100 95 31 looking
2454 3104 25 20 at

1890 3135 36 22 his
1939 3142 79 23 corpse
2019 3147 32 4 —
2077 3133 25 24 It
2112 3141 46 16 was
2177 3134 29 23 he
2220 3134 53 23 who
2288 3133 86 25 wished
2385 3134 18 22 it
2415 3138 23 19 to
2449 3133 29 24 be

1890 3176 41 20 so;
1959 3168 41 23 but
2017 3168 14 23 I
2048 3175 79 21 swear,
2145 3168 26 22 in
2190 3166 39 24 the
2246 3175 110 24 presence
2368 3191 3 5 ,
2376 3166 27 24 of
2417 3166 61 30 God,

1883 3201 56 23 -that
1950 3201 81 23 I-have
2042 3208 69 16 never
2130 3200 57 24 done
2208 3199 113 33 anything
2331 3200 42 24 but
2384 3199 59 32 good
2454 3203 24 19 to

1899 3265 76 22 -Miss
1989 3266 28 21 A.
2028 3264 114 23 Kernble's
2157 3267 89 25 present
2262 3264 73 29 salary
2351 3267 22 19 at
2378 3268 5 4 *
2382 3263 5 16 ;
2392 3264 87 30 Coyent

1891 3292 99 22 Garden-
2001 3292 95 22 Theatre
2104 3303 3 4 ■
2115 3293 21 25 is,
2150 3294 39 20 100
2204 3293 93 26 guineas
2314 3298 47 21 per-
2372 3289 76 28 week;
2464 3298 14 14 a

1889 3319 74 26 larger
1968 3321 53 20 'sum
2030 3319 53 21 than
2091 3319 62 22 there
2163 3324 44 17 was
2215 3326 54 14 ever
2278 3321 38 24 yet
2325 3317 154 27 steadily-paid

1880 3349 86 24 -to'-any
1977 3345 97 23 vocalist.
2088 3344 104 29 -.'Singers
2208 3345 58 23 have
2284 3346 55 21 been
2354 3344 123 27 paid'more

1881 3380 49 21 ,per
1939 3372 71 28 night,
2015 3373 42 21 but
2064 3380 69 14 never
2137 3380 25 14 so
2165 3373 72 21 »much
2245 3379 38 20 per
2287 3371 69 23 week.
2372 3370 106 22 Reckon-

1889 3401 40 25 ing
1939 3399 38 23 the
1987 3406 106 21 expenses
2104 3400 26 22 of
2135 3399 97 26 Covent.
2236 3399 90 21 Garden
2340 3398 63 21 when
2412 3397 66 22 -Miss

1890 3427 29 21 A.
1930 3426 97 22 Kemble
2040 3427 64 27 plays
2122 3430 22 18 at
2152 3427 68 23 '£210
2229 3432 47 20 -per
2289 3424 70 27 night,
2371 3424 82 24 which.
2457 3424 22 21 is

1881 3453 98 27 •beyond
1990 3453 36 22 the
2034 3457 97 23 amount,
2143 3451 3 6 '
2150 3453 58 22 from
2211 3453 47 23 '^£1501
2262 3453 26 20 50
2303 3455 23 17 to
2336 3451 60 23 £190
2410 3450 68 27 profit

1888 3488 40 21 per
1938 3480 65 28 night
2013 3480 137 22 will-remain
2162 3480 34 22 for
2206 3479 37 21 the
2249 3478 217 27 'lessee.^Ofaercer
2473 3492 9 8 .

1917 3514 66 23 Over
1997 3514 155 23 Production.
2161 3525 28 4 —
2193 3513 66 22 Since
2271 3513 67 25 .1838,
2345 3521 3 4 ■
2359 3511 63 22 there
2435 3512 42 22 has

1881 3541 66 22 -been
1958 3542 55 21 such
2023 3548 27 15 an
2065 3548 54 15 over
2130 3539 131 29 production
2270 3539 25 21 of
2304 3538 172 28 manufactures,

1891 3568 49 21 that
1949 3568 64 22 there
2020 3568 17 22 is
2047 3575 50 15 now
2121 3575 12 14 a
2143 3566 68 23 .stock
2222 3566 26 21 of
2260 3565 84 22 British
2357 3565 82 22 fabrics
2452 3565 26 22 in

1891 3595 66 22 India
1977 3594 120 27 exceeding
2113 3594 38 21 the
2166 3592 105 27 ordinary
2285 3595 92 18 amount
2395 3592 27 21 of
2432 3594 46 19 two

1890 3622 72 26 years'
1974 3622 161 25 consumption.
2163 3620 47 22 The
2229 3622 92 24 present
2337 3619 101 27 quantity
2453 3620 28 21 of

1891 3649 84 22 British
1996 3648 163 23 manufactures
2181 3646 23 22 in
2227 3646 58 32 Ne%y,
2307 3645 71 22 South
2401 3645 77 23 Wales

1890 3675 76 25 would
1974 3674 93 29 require,
2071 3681 29 14 an
2114 3673 72 27 oetlay
2197 3672 25 22 of
2234 3672 61 24 £250
2305 3678 30 15 on
2345 3672 37 21 the
2394 3676 51 23 part
2455 3672 26 22 of

1891 3702 63 22 each'
1963 3701 120 22 individual
2100 3701 23 21 in
2137 3700 48 21 that
2204 3695 93 30 Colony,
2317 3697 162 25 children'and

1892 3729 97 22 convicts
2005 3727 113 27 included,
2135 3730 31 17 to-
2175 3726 59 21 clear
2249 3725 46 22 the-
2306 3725 94 22 market.
2428 3725 50 22 The

1891 3756 98 21 markets
2007 3754 25 22 of
2048 3754 70 22 South
2136 3752 106 22 America
2261 3759 37 14 are
2312 3752 35 25 ,in.
2358 3751 38 22 the
2416 3759 62 16 same

1890 3782 85 28 plight;
1990 3782 18 21 it
2020 3780 18 22 is
2048 3779 124 24 calculated
2185 3776 57 24 that'
2250 3779 81 26 Brazil,
2342 3782 23 19 at
2367 3786 4 4 I
2372 3776 3 6 '
2379 3778 97 29 pVeserit,

1892 3816 58 15 owes
1969 3812 22 17 to
2001 3824 3 5 .
2010 3814 39 15 our
2059 3812 3 4 '
2067 3808 111 26 exporters
2189 3813 3 3 •
2198 3805 37 22 the
2254 3812 116 16 enormous
2378 3811 3 3 '
2388 3813 51 15 sum
2455 3807 28 21 of

1892 3836 52 21 nine
1961 3831 99 26 millions'
2071 3832 90 27 sterling
2176 3839 28 15 on
2219 3832 40 22 the
2274 3829 81 26 lWest'
2359 3832 117 28 estimate;

1891 3869 92 21 persons
1989 3858 131 34 thoroughly
2126 3861 132 20 conversant
2264 3859 54 22 with
2323 3859 36 22 the
2364 3859 114 33 Brazilian

1891 3910 4 8 t
1893 3888 63 23 trade
1964 3888 58 22 have
2031 3886 116 23 estimated
2155 3886 37 22 the
2199 3903 2 8 ,
2207 3888 95 22 amount
2311 3889 24 19 at
2345 3886 39 23 the
2394 3886 85 28 higher

1893 3922 49 15 sum
1963 3914 26 23 of
2006 3913 94 22 thirteen
2120 3912 100 23 'millions
2241 3913 100 27 sterling.
2368 3921 3 4 •
2377 3910 45 25 All
2425 3918 3 7 1
2437 3912 41 23 the

1894 3942 83 22 British
1986 3941 95 23 colonies
2091 3947 37 16 are
2137 3940 25 21 iv
2171 3940 44 23 like
2225 3947 97 19 manner-
2328 3946 61 17 more
2399 3947 25 16 or
2432 3939 45 23 less

1893 3968 121 30 glutted.—
2015 3968 87 28 English
2110 3968 76 27 Paper,
2375 3982 5 4 -
2393 3972 4 5 1
2401 3981 5 3 -

86 1915 170 26 Australian
265 1917 85 24 Trust
360 1917 136 24 Company.
499 1929 34 4 —
533 1916 102 25 Another

51 1950 90 29 subject
152 1954 27 21 to.
185 1950 73 24 which
270 1958 33 16 we
310 1951 75 23 .direct
392 1950 38 23 the
442 1951 110 22 attention
561 1950 25 23 of
597 1957 38 16 our

52 1990 42 15 our
102 1983 89 23 readers
199 1984 19 22 is
225 1983 37 23 the
268 1988 76 26 report
351 1983 23 23 of
380 1983 255 35 the^Australiati'Trust

514 2015 75 23 which
595 2008 40 30 %g

51 2056 39 15 are
103 2048 75 31 happy
186 2053 23 18 to
216 2048 48 24 find
271 2049 20 22 is
299 2049 22 23 in
329 2056 13 15 a
348 2053 59 19 most
413 2048 137 31 flourishing
559 2048 76 23 condi-

51 2082 57 22 tion.
133 2081 118 24 Australia
258 2081 44 24 and
309 2081 57 24 New
373 2081 100 23 Zealand
480 2089 39 15 are
527 2081 108 23 excellent

49 2114 66 23 fields
127 2114 40 24 for.
181 2114 38 24 the
238 2115 128 29 operations
378 2114 30 23 of-
418 2115 57 22 such
494 2122 31 15 an
538 2115 97 22 associa-

52 2148 56 23 tion.
146 2147 49 24 The
207 2152 49 19 rate
268 2147 25 23 of
308 2148 66 30 profit
391 2148 20 22 is
426 2147 63 23 there
501 2147 134 31 sufficiently

50 2180 58 31 high
120 2184 23 20 to
155 2180 78 24 enable
251 2181 124 23 borrowers
393 2184 23 19 to
427 2188 45 23 pay
484 2188 14 15 a
514 2180 63 31 large
590 2185 45 18 rate

52 2213 27 23 of
92 2215 94 22 interest
197 2221 42 22 say
252 2216 38 25 10,
306 2216 37 26 12,
351 2221 30 19 .or
399 2221 63 20 even.
475 2215 29 22 15
524 2221 40 22 per
576 2218 58 19 cent.

52 2246 60 23 Men
131 2247 26 23 in
172 2247 64 23 those
257 2247 98 23 colonies
376 2247 89 23 borrow
484 2251 23 19 to
531 2247 71 23 attain
623 2255 13 15 a

51 2279 68 31 good,
131 2284 41 19 not
188 2288 26 15 as
232 2281 24 22 in
276 2279 45 24 this
340 2284 102 26 country,
455 2284 22 19 to
488 2284 111 27 postpone
611 2288 24 15 or

52 2312 67 24 avoid
136 2321 31 15 an
185 2313 52 24 evil.
273 2313 66 30 They
348 2313 58 23 have
425 2313 62 23 there
505 2312 131 24 abundance

52 2346 27 23 of
100 2347 99 30 security
215 2347 26 23 in
259 2346 60 23 their
339 2346 65 24 lands
425 2346 45 23 and
488 2346 82 29 stock;
595 2347 41 23 hut

54 2379 84 30 capital
146 2380 20 22 is
173 2380 86 24 .almost
271 2379 81 31 always
364 2380 105 23 deficient
480 2387 25 15 as
518 2380 117 31 compared

52 2413 56 22 with
120 2413 44 22 the-
178 2413 64 23 other
261 2413 108 23 elements
385 2413 26 23 of
424 2413 142 31 production.
601 2413 34 24 As

53 2453 15 16 a
79 2449 59 20 trust
150 2446 43 23 and
204 2446 53 23 loan
268 2454 117 23 company,
399 2446 56 23 such
467 2454 24 15 as
504 2446 49 23 that
564 2447 71 23 under

52 2479 84 29 notice,
150 2486 41 16 can
207 2479 89 24 borrow
313 2487 45 23 any
368 2483 93 20 amount
480 2479 25 24 of
521 2480 82 30 capital
614 2484 22 19 at

52 2512 40 23 the
103 2512 45 23 low
159 2517 47 19 rate
218 2512 26 23 of
256 2513 96 23 interest
362 2512 76 24 which,
447 2512 98 31 prevails
556 2514 25 21 in
592 2513 43 23 this

54 2549 109 27 country,,
171 2545 19 23 it
204 2553 116 23 possesses
339 2553 28 16 an
385 2547 122 30 expansive
525 2554 75 24 power
614 2546 25 23 of

44 2587 3 7 '
53 2578 124 31 extending
186 2579 31 23 its
228 2579 96 24 benefits
342 2587 24 16 as
385 2579 36 24 far
432 2587 24 16 as
476 2587 45 23 any
534 2580 101 23 conceiv-

53 2611 51 23 able
123 2611 95 24 demand
237 2612 49 24 that
303 2620 42 16 can
363 2613 66 24 arise.
472 2613 76 23 There
566 2614 70 22 exists

54 2644 108 32 scarcely,
166 2653 43 23 any
220 2645 71 24 doubt
302 2650 22 19 at
343 2646 38 23 the
399 2651 92 26 present
503 2646 44 31 day
559 2646 25 23 of
599 2646 36 24 the

52 2677 126 32 advantage
189 2678 26 24 of
230 2679 149 31 transferring
396 2679 82 31 capital
496 2680 47 22 and
558 2679 79 24 labour

51 2710 69 27 from,
124 2710 50 25 this-
187 2716 97 27 country,
293 2717 48 18 to-a
352 2720 62 15 more
432 2712 132 31 productive
576 2712 60 29 field,

52 2743 46 23 aud
109 2751 29 16 an
150 2745 136 23 association
296 2745 35 23 for
342 2745 38 23 the
395 2754 99 22 purpose
505 2745 28 23 of
546 2746 92 30 lending

52 2783 83 23 money
147 2777 30 30 by
188 2785 58 23 way;
249 2777 26 24 of
417 2786 29 15 on
454 2778 39 23 the
506 2779 98 30 security
616 2780 24 21 of

51 2809 50 23 real
112 2813 113 27 property,
238 2810 117 23 combined
371 2811 55 22 with
444 2811 74 28 stock,
531 2819 73 15 seems
616 2816 21 18 to
644 2815 2 29 j

52 2849 30 16 us
91 2846 24 19 to
126 2842 29 23 be
160 2842 168 24 -an'-admirable
339 2843 136 24 instrument
486 2843 35 24 for
534 2844 105 31 effecting

51 2875 41 23 the
103 2875 82 31 object.
200 2869 5 8 '
242 2881 4 5 '
279 2881 3 6 '
306 2896 4 5 ,

86 2914 54 24 The
159 2916 137 31 proprietors
306 2916 35 24 .of
346 2916 46 24 .the
413 2916 135 24 Australian
568 2916 71 24 Trus*

55 2948 119 32 Company
192 2948 55 23 held
267 2949 58 23 their
343 2949 138 32 half-yearly
487 2948 5 13 r
498 2951 101 31 meeting
616 2954 23 19 at

53 2981 60 23 their
124 2982 80 28 house;
216 2984 33 21 28
272 2982 118 31 Mporgate
399 2989 4 4 *
411 2984 83 28 Street,
508 2991 30 15 on
559 2984 79 23 Satur-

54 3014 52 36 day,
119 3015 59 24 29th
195 3015 109 30 January.
341 3015 49 24 The
411 3021 76 26 report
505 3016 26 23 of
545 3017 38 23 the
595 3017 44 24 Di-

52 3051 89 20 rectors
153 3048 134 26 announced
303 3048 47 25 the.
359 3050 83 22 arrival
462 3050 24 22 of
501 3050 49 23 Mr.
564 3050 31 23 El
598 3051 41 22 win

53 3081 27 23 in
92 3081 99 31 Sydney,
204 3089 30 16 on
246 3081 38 24 the
297 3084 37 21 Ist
345 3082 24 23 of
383 3081 70 31 July;
472 3082 45 23 and
527 3083 38 23 the
576 3083 63 24 busi-

52 3121 55 17 ness
127 3114 32 24 of'
167 3114 39 24 the
226 3114 122 32 Company
363 3116 145 23 commenced
508 3123 3 4 1
527 3116 64 23 there
610 3124 29 15 on

54 3147 39 24 the
104 3147 49 24 2nd
164 3148 25 23 oorf
189 3163 10 15 r
202 3147 129 32 August—
513 3164 4 7 ,

49 3196 3 5 '
147 3188 152 32 is.peculiarly
308 3189 124 31 gratifying
441 3192 23 20 to
473 3189 39 23 the
521 3189 124 25 Directors,

53 3229 53 24 says
118 3222 39 24 the
168 3226 89 27 report,,
264 3226 23 19 to
298 3222 29 23 be
338 3222 49 23 able
408 3227 22 18 to
534 3222 38 24 the
585 3231 53 23 pro-

54 3255 159 30 prietorsthat
230 3255 40 24 the
289 3255 85 31 objects
393 3255 46 23 and
456 3256 149 30 proceedings
617 3256 25 23 of

53 3288 39 23 the
105 3288 118 31 Company
235 3297 38 15 are
283 3288 83 32 highly
374 3288 122 32 approved'
503 3288 26 24 of
531 3303 4 6 .
543 3290 24 22 in
580 3289 58 31 Syd-

52 3327 54 25 ney.
134 3322 48 25 Mr.
195 3322 164 23 Elwin':wxites
368 3330 29 15 on
409 3321 38 24 the
460 3321 41 25 6th
513 3322 54 30 July
568 3335 32 3 —
602 3322 38 23 'It

38 3364 4 6 1
56 3352 50 30 (the
117 3354 134 33 Company)'
258 3363 73 16 seems
349 3360 24 18 to
391 3355 30 23 be
429 3360 2 7 '
439 3355 116 31 generally
566 3355 74 23 hailed

53 3394 26 16 as
92 3395 14 15 a
117 3396 78 15 source
207 3389 27 23 of
246 3394 66 26 great
322 3388 125 32 advantage
460 3392 22 19 to
493 3388 40 23 the
543 3388 78 31 colony
630 3398 7 19 ;

39 3440 3 3 .
54 3420 45 23 and
111 3420 39 24 the
160 3420 77 32 fixing'
247 3422 40 24 the
306 3423 96 23 interest
413 3442 3 4 ,
421 3426 24 19 at
465 3429 43 16 one
526 3421 113 24 moderate

54 3452 45 24 and
110 3460 132 24 permanent
251 3473 3 3 .
259 3460 49 19 rate
328 3463 95 25 appears
442 3459 24 20 to
484 3455 52 31 give
547 3455 92 31 general

54 3486 158 25 satisfaction.'

37 3544 6 3 -
89 3525 43 24 On'
143 3526 57 26 16th
210 3527 96 31 July—'
313 3528 51 25 The
379 3528 171 33 respectability
562 3528 25 24 of
600 3528 39 24 the

200 3559 40 25 the
259 3561 121 33 simplicity
399 3563 26 24 of
438 3563 30 23 its
487 3562 88 32 objects
595 3562 45 23 and

52 3592 158 32 proceedings^
223 3592 39 25 the
282 3595 95 24 absence
395 3596 26 24 of
436 3596 31 23 all
486 3595 154 24 concealment

53 3625 46 23 and
110 3625 117 32 mystery;,
232 3626 43 23 and
287 3627 38 24 the
334 3629 146 24 moderation-
486 3629 26 24 of
520 3629 39 24 the
571 3632 68 20 terms

54 3658 26 23 of
92 3659 32 22 its
136 3659 116 31 dealings^
258 3666 61 17 seem
329 3664 23 21 to
369 3662 67 24 make
456 3662 60 24 their
532 3662 108 24 deserved

52 3691 138 31 impression
198 3700 6 21 ;
224 3692 45 23 and
286 3693 54 23 with
359 3694 38 24 the
416 3695 131 30 discretion,
559 3695 79 24 know-

52 3723 77 32 ledge,-
141 3725 44 23 and
197 3725 97 30 caution,
305 3726 73 24 which
390 3727 14 24 I
414 3728 89 24 believe
512 3729 39 23 the
562 3728 77 24 Board

53 3761 24 20 to
88 3765 100 24 possess,
200 3758 47 24 and
258 3763 22 18 to
297 3759 30 23 be
344 3760 137 33 thoroughly
498 3761 140 33 disposedto

53 3791 109 29 exercise,
174 3791 15 24 I
201 3791 29 23 do
240 3795 42 20 not
291 3793 110 23 entertain
410 3794 39 23 the
458 3794 102 25 smallest
570 3794 69 26 doubt

39 3831 1 6 '
53 3824 26 22 of
88 3831 15 15 a
113 3824 55 29 safe,
172 3824 137 24 investment
320 3825 26 23 of
359 3826 31 23 all
402 3827 37 23 the
451 3827 69 24 funds
530 3836 46 23 you
587 3835 52 24 may

52 3856 65 31 place
129 3860 24 21 at
163 3864 43 17 our
216 3857 117 32 disposal.'
367 3860 55 23 And
433 3867 30 17 on
477 3860 58 25 16th
545 3856 94 36 August

52 3900 36 6 —
88 3890 7 12 '
103 3889 104 33 Nothing
218 3898 43 16 can
272 3899 58 16 wear
350 3900 14 16 a
373 3900 64 16 more
454 3893 132 25 favourable
597 3902 40 23 ap-

188 3925 26 23 in
232 3932 68 24 every
316 3930 97 27 respect,
430 3926 56 24 than
503 3926 39 25 the
562 3927 75 24 affairs

52 3954 28 24 of
101 3955 40 26 the
150 3956 16 34 '
166 3956 114 34 Company
298 3958 69 27 here:
392 3959 40 25 the
459 3959 120 26 Directors
599 3968 38 16 are

660 144 99 29 zealous,
773 144 109 28 cautious,
896 143 44 24 and
954 143 131 31 intelligent,
1098 141 44 26 and
1154 144 24 23 in
1189 152 52 24 per-

659 178 46 23 fect
717 177 111 29 harjmony
838 177 55 23 with
905 176 55 24 each
971 176 77 24 other.'

659 225 4 4 -
694 210 51 24 The
762 210 45 23 last
825 215 77 25 report
924 210 61 23 made
995 231 4 2 .
1005 213 22 19 to
1046 209 39 24 the
1102 210 139 32 proprietors

660 247 78 24 states,
759 243 68 23 that*
835 243 51 23 The
907 243 64 23 loans
991 250 38 16 are
1053 247 42 19 not
1113 248 23 18 to
1158 243 84 23 exceed

661 277 115 28 £25,000
796 283 41 24 per
854 276 87 28 month,
961 276 152 30 commencing
1129 276 54 23 with
1204 276 38 23 the

661 309 140 31 assembling
811 308 26 24 of
846 309 38 23 the
898 308 97 24 Colonial
1005 308 77 24 Board
1093 309 35 23 for
1140 309 38 23 the
1189 309 53 30 des-

660 343 68 31 patch
748 342 25 23 of
788 342 122 23 business.'
946 341 44 24 The
1008 341 53 24 bills
1081 342 34 23 for
1136 342 38 23 the
1191 343 56 26 first,

660 375 81 25 month
759 375 57 23 have
832 375 60 23 been
911 374 116 32 presented
1044 374 62 29 here,
1119 375 43 23 and
1180 374 61 32 paid.

661 410 35 23 As
708 409 39 22 the
759 407 71 24 Local
844 408 76 23 Board
941 407 131 31 anticipated
1084 416 30 15 no
1132 409 110 29 difficulty

662 443 24 22 in
698 442 132 29 continuing
841 445 23 19 to
883 441 54 23 lend
957 449 25 15 on
1002 442 38 22 the
1055 445 61 19 most
1126 449 115 23 unexcep-

661 475 100 24 tionable
778 474 82 23 landed
878 475 102 30 security,
991 478 22 19 to
1035 473 39 24 the
1092 474 42 23 full
1150 478 92 19 amount

661 513 23 19 to
702 507 75 24 which
802 507 59 30 they'
877 515 58 15 were
954 507 89 28 limited,
1065 507 39 23 the

661 542 57 22 have
732 546 23 18 to
774 540 67 24 make
861 541 112 30 provision
988 539 145 31 accordingly
1143 550 5 19 ;
1168 540 73 23 which

661 574 54 31 they
725 574 58 23 have
795 574 37 23 the
843 574 78 23 fullest
933 573 123 24 confidence
1069 574 22 23 in
1111 574 69 30 being
1192 573 50 23 able

661 613 23 18 to
694 607 35 29 do,
740 607 95 24 without
844 607 84 31 calling
936 611 35 19 too
979 606 88 31 rapidly
1076 614 29 16 on
1114 606 37 24 the
1164 606 77 24 share-

661 640 98 24 holders.
795 640 51 23 The
859 640 54 23 calls
930 639 85 31 already
1027 640 66 23 made
1110 639 56 24 have
1185 640 56 23 been

661 678 60 19 most
738 673 115 31 promptly
873 678 54 18 met.
967 673 46 23 The
1032 672 88 24 charter
1140 673 101 30 requires

661 707 50 24 that
721 708 94 22 interest
827 711 24 19 at
861 706 39 24 the
912 710 47 19 rate
970 706 21 23 of
1003 706 44 23 five
1059 713 41 24 per
1112 710 58 19 cent,
1183 705 59 24 shall

661 741 29 23 be
701 740 54 31 paid
766 740 30 31 by
807 739 157 24 shareholders
980 738 81 31 during
1080 738 37 24 the
1128 739 80 31 period
1220 739 21 22 in

661 774 73 23 which
747 781 44 23 any
802 773 44 23 call
857 781 52 23 may
920 773 28 22 be
965 772 19 23 in
997 779 75 16 arrear
1084 781 7 19 ;
1110 772 44 23 and
1166 772 75 23 there-

661 807 51 23 fore
724 806 38 24 the
780 807 118 24 Directors
919 805 54 24 have
988 809 41 19 not
1040 804 98 23 hitherto
1150 804 92 24 deemed

661 841 19 22 it
691 839 34 24 for
738 840 38 23 the
787 839 85 24 benefit
884 839 24 23 of
917 839 38 23 the
968 838 113 31 Company
1090 842 21 18 to
1122 837 29 24 be
1161 842 81 27 urgent

661 873 56 23 with
739 872 39 24 the
799 871 158 24 shareholders
980 875 22 18 to
1032 871 28 22 be
1091 871 106 30 punctual
1218 871 24 23 in

662 905 103 31 making,
781 905 37 23 the
842 908 120 27 payments
971 913 5 19 ;
1004 907 39 27 yet
1072 904 55 22 such
1155 905 21 22 is
1204 904 38 23 the

661 938 136 23 substantial
826 938 115 22 character
968 936 22 23 of
1015 936 39 23 the
1077 936 164 29 shareholders,

661 971 51 22 that
718 971 62 23 there
788 978 37 15 are
831 971 53 29 only
891 978 41 15 one
940 969 99 24 hundred
1048 969 77 23 shares
1136 978 29 15 on
1171 970 71 23 which

661 1004 39 22 the
719 1004 82 22 second
820 1003 44 23 call
882 1002 43 24 has
944 1007 36 19 not
997 1002 58 24 been
1076 1003 49 30 paid
1135 1012 5 20 ;
1166 1004 44 22 and
1230 1011 13 15 a

661 1036 98 31 wealthy
771 1035 146 24 shareholder
928 1037 20 22 is
956 1035 64 31 ready
1028 1040 22 19 to
1060 1036 52 23 take
1122 1037 38 22 the
1168 1037 74 22 whole

661 1078 26 14 or
699 1078 44 22 any
752 1074 50 26 part
810 1070 25 22 of
844 1070 64 22 these
919 1070 79 28 shares,
1013 1069 82 23 should
1103 1069 38 23 the
1152 1070 90 22 holders

661 1111 95 22 express
769 1112 13 14 a
793 1103 73 23 desire
883 1107 22 18 to
925 1102 119 31 relinquish
1063 1103 68 24 them.
1168 1102 74 23 Four-

661 1136 63 23 fifths
734 1136 23 23 of
768 1137 37 23 the
813 1136 61 23 third
887 1136 41 23 call
938 1136 51 23 have
997 1136 58 23 been
1062 1136 59 31 paid,
1135 1136 108 31 although

661 1170 39 22 the
713 1169 156 24 shareholders
880 1169 110 31 generally
999 1169 138 23 understood
1147 1169 48 23 that
1205 1169 37 23 the

663 1202 44 24 call
717 1211 45 15 was
775 1203 64 23 made
856 1211 64 15 more
931 1211 24 14 as
966 1211 19 14 a-
995 1202 98 31 prudent
1102 1204 139 29 precaution,

662 1236 55 23 than
738 1236 57 23 from
814 1236 39 23 the
871 1244 82 22 money
966 1236 67 30 being
1051 1236 88 22 wanted
1149 1236 35 22 for
1205 1235 37 23 the

661 1269 129 23 immediate
809 1269 85 31 objects
908 1268 25 24 of
950 1269 31 23 the
1001 1269 127 30 Company.
1173 1268 70 24 From

662 1303 38 23 the
713 1310 62 16 same
787 1303 83 23 motive
882 1310 14 16 a
906 1302 72 23 fourth
989 1302 43 23 call
1046 1302 42 22 has
1100 1302 57 23 been
1168 1301 73 28 made,

662 1340 23 19 to
704 1336 28 23 he
750 1336 52 30 paid
816 1343 29 16 on
857 1335 38 24 the
914 1336 46 23 2nd
975 1335 102 31 proximo
1089 1344 6 19 ;
1114 1334 73 24 which
1205 1334 37 24 the

662 1369 119 23 Directors
794 1369 111 23 entertain
917 1376 28 16 no
958 1368 65 24 doubt
1034 1368 47 23 will
1093 1367 28 23 be
1133 1368 110 31 similarly

661 1402 127 30 responded
799 1406 31 19 to.
867 1402 51 23 The
930 1401 49 24 calls
992 1401 52 23 thus
1058 1401 71 29 made,
1148 1401 45 23 and
1205 1402 37 22 the

662 1440 64 26 great
738 1435 169 31 respectability
916 1435 24 23 of
950 1435 32 23 the
992 1434 165 29 shareholders,
1168 1435 74 23 whose

663 1476 77 16 names
753 1476 37 16 are
803 1476 57 23 open
872 1473 23 18 to
908 1468 37 23 the
955 1468 123 30 inspection
1090 1467 24 24 of
1121 1468 64 23 those
1194 1468 48 23 who

662 1510 52 22 may
727 1501 72 24 desire
816 1506 22 19 to
850 1501 54 23 lend
924 1508 76 23 money
1013 1506 22 18 to
1056 1501 39 23 the
1115 1501 126 31 Company,

663 1543 38 15 are
712 1536 112 30 inspiring
834 1534 123 32 capitalists
966 1534 52 23 with
1031 1542 13 15 a
1115 1534 127 23 confidence

662 1569 24 22 in
694 1568 39 24 the
741 1568 129 24 undoubted
881 1569 93 30 security
981 1567 100 23 afforded
1089 1567 75 32 by^the
1173 1567 69 24 Com-

656 1609 75 24 t'pany.
762 1601 24 24 It
795 1602 26 23 is.
827 1602 105 31 pleasing
943 1606 20 18 to
973 1601 37 22 the
1022 1600 118 24 Directors
1153 1605 22 18 to
1186 1601 56 22 have

656 1638 29 20 Ho
698 1639 76 28 report
785 1642 29 16 an
826 1635 102 23 increase
940 1635 23 22 of
968 1634 62 23 loans
1042 1639 23 17 to
1079 1634 36 22 the
1124 1634 118 31 Company

664 1668 83 31 during
769 1666 45 25 the'
824 1672 94 28 present
939 1667 82 29 month,
1045 1667 46 23 and
1109 1671 22 19 to
1151 1667 91 23 remark

664 1701 48 23 that
725 1709 42 15 one
779 1701 41 23 has
831 1702 58 23 been
898 1701 35 23 for
946 1701 31 23 the
990 1700 68 24 small
1069 1708 48 15 sum
1128 1700 25 24 of
1162 1701 79 23 £120.

665 1734 50 23 The
740 1734 118 25 Directors
881 1738 59 19 trust
961 1734 45 23 that
1028 1734 39 23 the
1088 1733 154 24 shareholders

664 1767 116 32 generally
790 1767 47 24 will
848 1767 37 24 aid
903 1767 59 23 them
971 1768 24 22 in
1007 1767 60 23 their
1079 1766 125 24 endeavour
1221 1771 21 19 to

664 1809 125 23 encourage
802 1800 56 25 such
868 1800 73 29 loans,
952 1808 19 15 or
983 1807 56 16 even
1046 1799 36 24 for
1092 1800 38 23 the
1142 1800 102 23 smallest

665 1835 132 23 amountfor
802 1834 74 23 which
882 1835 211 30 promissory-notes
1099 1840 37 16 are
1141 1833 101 31 granted,

665 1868 90 30 namely
766 1868 80 24 £100.
884 1867 23 24 It
924 1867 19 23 is
956 1866 126 24 considered
1100 1867 31 29 by
1143 1867 39 23 the
1199 1867 43 23 Di-

665 1905 85 19 rectors
762 1901 49 23 that
828 1901 39 23 the
881 1901 111 31 Company
1003 1907 53 22 may
1068 1900 33 27 be,
1114 1900 52 23 thus
1177 1900 65 23 made

663 1939 61 18 most
735 1934 75 23 useful
822 1938 22 19 to
855 1942 12 15 a
876 1941 116 16 numerous
1001 1933 45 23 and
1053 1933 122 30 importaut
1185 1933 57 23 class

664 1967 25 23 of
708 1967 38 23 the
758 1967 147 30 community,
917 1967 70 23 whose
1000 1966 92 30 savings
1105 1967 83 23 exceed
1200 1966 43 23 Ithe

663 2004 93 21 amount
778 2000 107 26 received,
898 2001 30 28 by
940 1999 181 30 savings-hanks,
1142 1999 45 24 and
1204 1999 43 23 fall,

664 2033 64 22 short
741 2032 24 22 of
774 2032 38 23 the
824 2040 63 15 sums
898 2032 47 23 laid
955 2036 36 18 out
1003 2039 29 15 on

671 2072 3 5 '
699 2065 50 24 The
771 2065 119 24 Directors
908 2065 140 23 recommend
1067 2065 48 23 that
1128 2065 43 23 .the
1191 2073 52 23 pre-

664 2099 72 23 mium
756 2106 29 15 on
803 2098 79 24 shares
899 2098 29 23 be
945 2098 68 23 raised
1031 2098 59 23 from
1102 2098 37 23 £2
1157 2102 23 19 to
1198 2099 44 29 £5,

665 2136 81 26 except
765 2136 21 19 to
797 2131 91 24 lenders
900 2131 34 23 for
945 2131 87 31 periods
1044 2131 24 23 of
1081 2135 39 19 not
1131 2131 45 23 less
1190 2132 57 23 than'

663 2165 44 22 five
727 2173 73 22 years,
823 2164 49 24 who
891 2164 76 24 should
984 2164 32 23 be'
1035 2164 94 24 allowed
1149 2170 22 18 to
1192 2164 51 24 take

665 2197 78 24 shares
762 2202 23 19 at
795 2198 38 24 £2
852 2199 108 31 premium
975 2202 24 18 to
1018 2197 37 23 the
1072 2202 77 19 extent
1161 2198 25 23 of
1203 2206 41 15 one

664 2231 67 23 share
742 2231 35 23 for
794 2239 66 23 every
873 2232 70 23 £100
954 2231 51 24 lent.
1042 2230 51 24 The
1110 2235 77 27 report
1198 2239 44 16 was

665 2265 159 29 unanimously
837 2264 103 30 adopted.

699 2295 71 34 [This
781 2298 160 30 undertaking,
957 2302 19 19 to
988 2298 98 23 transfer
1098 2302 22 19 to
1140 2298 38 24 the
1199 2298 44 23 Co-

663 2331 73 23 lonies
764 2331 37 23 the
830 2331 82 31 capital
934 2331 76 29 which,
1039 2331 105 24 deficient
1173 2332 69 29 there,

665 2364 101 24 abounds
783 2365 26 23 in
831 2364 108 31 England
940 2377 27 4 —
968 2364 38 24 the
1025 2364 120 24 difference
1163 2366 25 22 of
1206 2364 37 25 the

664 2404 47 18 rate
724 2398 26 23 of
764 2399 94 22 interest
870 2399 24 22 in
905 2398 37 23 the
958 2397 105 24 Colonies
1076 2397 43 24 and
1138 2397 38 24 the
1190 2398 53 24 Mo-

664 2431 160 31 ther-country
848 2431 142 31 constituting
1013 2431 39 23 the
1074 2432 68 30 profit
1159 2432 26 23 of
1204 2431 40 24 the

666 2465 117 31 Company
783 2477 35 4 —
819 2465 104 23 deserves
949 2464 34 24 the
1010 2469 190 27 encouragement
1227 2465 17 23 it

665 2497 94 33 meets.]
761 2511 32 4 —
793 2497 58 24 New
862 2497 99 24 Zealand
970 2496 107 25 Journal.

699 2543 80 24 Mode
809 2551 30 16 of
870 2550 120 17 dressing
1025 2543 65 23 New
1119 2543 125 24 Zealand

665 2577 82 24 Flax.
748 2590 33 4 —
781 2576 45 23 We
838 2577 57 23 have
912 2576 97 24 received
1020 2576 60 23 from
1098 2576 37 23 Sir
1154 2576 90 31 George

665 2610 96 24 Farmer
777 2610 39 23 the
834 2610 114 32 following
962 2614 53 19 note
1027 2618 30 15 on
1074 2610 34 23 his
1121 2609 92 24 method
1224 2610 24 23 of

665 2644 105 30 dressing
786 2643 63 33 New^
863 2643 97 24 Zealand
971 2643 68 29 Flax,
1060 2643 72 24 which
1150 2643 47 23 will
1218 2643 26 23 be

667 2677 123 31 extremely
799 2677 138 31 interesting
946 2681 19 19 to
978 2684 40 16 our
1031 2676 105 24 Colonial
1146 2676 98 24 readers.

666 2710 48 25 Mr.
735 2710 71 31 Earp,
820 2719 14 15 a
850 2710 131 32 gentleman,
1000 2705 52 28 wlio
1070 2710 41 23 has
1128 2710 117 28 heen^ex-

654 2736 2 32 !
667 2745 94 30 tremely
774 2744 73 23 active
866 2749 23 18 at
908 2743 138 32 Wellington
1063 2744 24 22 in
1105 2743 142 30 stimulating

666 2777 115 23 invention
799 2778 25 22 in
841 2776 96 24 relation
953 2782 20 18 to
990 2777 47 22 this
1058 2776 89 32 subject
1157 2776 47 23 will
1215 2783 31 16 we

665 2810 87 23 believe
771 2810 87 30 shortly
869 2810 29 23 be
910 2811 23 22 in
949 2810 113 30 England,
1084 2810 44 23 and
1143 2810 56 28 will,
1215 2816 31 16 we

667 2843 71 22 doubt
756 2848 51 23 not,'
826 2846 42 28 put
886 2843 88 23 himself
988 2844 48 22 into
1056 2844 190 22 communication

666 2876 55 22 with
733 2876 38 22 Sir
782 2876 92 30 George
884 2876 89 23 Farmer
981 2880 23 19 to
1016 2873 39 26 the
1064 2877 88 22 mutual
1162 2876 84 24 advan-

667 2912 52 26 tage
731 2908 26 23 of
764 2909 63 23 both.
857 2908 31 23 In
897 2909 37 22 the
943 2910 126 22 meantime
1075 2910 20 23 vf
1097 2917 11 15 c
1116 2917 38 15 are
1164 2910 82 29 always

667 2942 69 30 ready
743 2945 23 19 to
773 2942 51 31 give
831 2941 109 32 publicity
946 2946 18 19 to
970 2949 44 24 any
1021 2942 145 24 information
1173 2950 30 16 on
1209 2942 37 23 the

660 2974 106 32 •subject.
795 2987 4 5 •
928 2990 3 4 •
1013 2977 8 8 *
1030 2975 3 3 '

722 3014 183 25 Newgate-street',
918 3014 84 25 Chester,
1013 3015 95 25 January
1117 3016 34 24 15,
1163 3015 63 21 1842.

695 3048 48 21 Sir.
744 3058 29 5 —
774 3048 11 21 I
795 3048 57 21 have
862 3051 64 23 great
934 3048 132 22 satisfaction
1075 3048 24 22 in
1108 3049 84 27 stating
1202 3049 46 21 that

668 3074 12 21 I
698 3074 52 22 had.
762 3072 136 35 anticipated
910 3081 50 21 your
976 3076 126 26 suggestion
1117 3076 92 21 relative
1226 3077 29 21 to,

668 3100 70 23 Hand
761 3100 150 28 Machinery.,
936 3102 18 22 A
968 3109 79 15 means
1068 3105 30 20 to,
1104 3102 88 28 employ
1211 3102 36 21 the

668 3128 94 22 natives'
766 3128 40 22 has
809 3128 68 22 'been
888 3128 78 23 amain
976 3128 75 28 object
1060 3127 52 24 with
1122 3137 44 19 me,
1185 3129 12 22 I
1208 3136 40 14 can

668 3157 113 20 construct
795 3155 115 22 machines
924 3158 21 19 at
952 3163 12 14 a
973 3157 61 26 price
1051 3156 49 21 that
1110 3156 29 21 all
1150 3156 50 21 who
1211 3163 37 14 are

668 3188 24 14 so
702 3182 110 26 disposed,
824 3189 42 15 can
875 3182 101 27 purchase
984 3182 69 22 them.
1082 3182 64 22 Until
1155 3182 13 22 I
1176 3189 72 15 ascer-

668 3208 47 21 tain
733 3206 36 24 the
784 3212 48 18 rate
848 3208 23 22 of
877 3209 78 27 freight
969 3209 45 22 and
1027 3208 73 28 other,
1104 3217 114 20 expenses,
1235 3209 12 21 I

668 3238 82 18 cannot
759 3238 55 19 state
823 3235 113 22 the-exact
943 3239 44 18 cost
997 3236 26 22 of
1035 3232 159 32 my'machine,
1209 3236 40 21 but

668 3261 135 28 calculating
813 3262 134 28 everything
954 3265 131 22 at.extreme
1093 3263 80 27 prices,
1185 3262 11 22 I
1207 3269 41 14 can
1249 3269 3 9 1

667 3287 70 23 break
741 3288 42 30 ;the
792 3288 47 22 flax
847 3288 35 23 for
897 3289 42 22 five
947 3290 83 27 pounds
1041 3293 85 24 periton
1135 3297 6 20 ;
1159 3291 62 20 dress
1229 3289 19 22 it

668 3313 34 23 for
712 3315 99 27 Cordage
821 3315 47 22 and
876 3323 78 15 coarse,
964 3316 89 22 articles
1061 3316 87 22 for'two
1161 3316 87 27 pounds

667 3344 38 19 ten
713 3341 107 27 shillings,
831 3341 45 22 and
883 3342 34 21 for
923 3342 52 22 finer
981 3342 82 23 fabrics
1071 3341 83 24 for'five
1161 3342 87 28 pounds

667 3375 40 19 per
716 3369 47 21 tori.
773 3368 3 5 '
787 3365 40 30 T3y
833 3368 62 27 large
907 3369 110 22 machines
1034 3370 12 21 I
1054 3372 81 24 'expect
1148 3369 44 22 the'
1202 3372 46 19 cost

668 3394 26 21 of
698 3395 290 31 preparatio^will.be^from
998 3396 77 22 fifteen
1084 3399 33 23 to,
1117 3396 84 28 twenty
1209 3403 39 20 per

668 3425 59 18 cent.
738 3421 68 22 lower
813 3422 136 27 than^bythe
957 3418 62 27 hand
1029 3418 119 27 machines.

684 3447 54 28 •My
747 3448 147 28 experiments
904 3448 51 23 have
965 3450 123 22 confirmed
1103 3450 39 22 the
1157 3449 90 28 opinion

668 3474 13 22 I
693 3474 45 22 had
748 3474 98 28 formed;
857 3476 44 21 viz.
912 3476 44 21 that
964 3476 38 22 the
1013 3484 66 14 cause
1095 3477 26 21 of
1138 3476 74 22 defect
1224 3476 24 21 in

668 3501 38 22 the
717 3501 52 27 flax,
781 3501 123 29 originated
914 3502 21 22 in
944 3502 109 28 improper
1068 3503 140 29 preparation
1223 3502 25 22 in

668 3528 56 22 New
734 3528 105 23 Zealand.
874 3529 12 22 I
900 3528 43 23 find
952 3529 49 22 that
1010 3530 11 22 I
1034 3534 84 22 cannot,
1124 3530 75 21 obtain
1209 3529 39 22 the

668 3562 62 15 same
741 3555 78 27 degree
830 3555 26 22 of
860 3555 119 28 -flexibility
995 3564 25 14 or
1034 3557 94 21 softness
1211 3556 38 21 the

667 3582 47 21 flax
722 3582 47 21 that
778 3582 41 22 has
827 3582 123 28 undergone
959 3590 44 21 any
1014 3591 86 19 process
1110 3584 26 21 of
1145 3589 104 21 prepara-

668 3608 48 22 tion
725 3608 24 22 in
759 3608 56 23 New
826 3609 105 27 Zealand,
943 3610 63 27 equal
1015 3613 24 18 to
1049 3610 59 21 what
1117 3610 12 21 I
1140 3617 42 14 can
1199 3616 51 22 pro-

668 3635 57 22 duce
735 3635 57 22 from
802 3635 37 23 the
847 3636 64 28 plant
919 3637 22 22 in
948 3644 13 15 a
969 3637 69 22 crude
1044 3639 63 19 state.

694 3662 26 22 If
732 3669 41 21 any
784 3663 128 27 gentleman
922 3664 44 21 who
974 3664 81 21 wishes
1063 3665 23 20 to
1095 3670 37 15 see
1150 3670 15 14 a
1180 3662 70 28 speci-

667 3696 54 15 men
731 3689 26 21 of
766 3697 38 19 my
812 3689 92 22 method
914 3690 24 21 of
947 3690 126 27 preparing'
1080 3690 38 21 the
1135 3689 53 28 flax,
1206 3689 43 22 will

667 3715 75 22 dome
754 3716 35 21 the
800 3716 79 22 favour
888 3719 22 19 to
925 3716 91 22 forward
1032 3723 14 14 a
1060 3716 63 22 small
1139 3713 109 31 quantity-;

667 3742 83 26 sealed,
761 3746 22 18 to
794 3742 38 23 the
842 3749 57 17 care'
903 3743 31 21 of'
938 3743 88 22 Messrs.
1038 3742 140 28 Capper'and
1188 3742 60 27 Cole,

665 3769 49 26 455,
722 3768 66 23 -West
798 3769 87 28 Strand,
897 3769 93 29 Charing
999 3770 73 26 Cross,
1075 3766 18 25 -f
1102 3769 45 22 will
1154 3776 94 20 prepare

658 3794 55 23 ■and
722 3799 77 19 return
814 3796 20 23 it
848 3796 92 22 without
952 3794 66 29 delay
1025 3799 35 18 -to
1074 3795 57 22 their
1147 3795 102 24 enclosed

667 3822 100 22 address.
825 3830 3 4 ■
875 3820 87 25 '.'•'"'
998 3826 13 19 '.
1064 3819 49 16 -*'
1124 3831 11 17 ,■

671 3856 4 4 '
692 3849 53 22 Yon
753 3848 45 23 will
807 3848 74 27 oblige
889 3848 71 30 mejby
969 3848 109 28 inserting
1085 3848 37 22 the
1132 3848 118 23 substance

667 3876 26 23 of
700 3876 61 22 these
770 3876 64 21 three
837 3876 136 27 .paragraphs
981 3875 25 22 in
1015 3882 58 21 your
1082 3879 56 18 next
1145 3876 103 22 number:

748 3907 12 23 I
768 3907 59 23 have
837 3907 38 22 the
884 3907 82 22 honour
975 3911 23 18 to
1008 3907 94 26 remain,
1115 3907 40 27 Sir,

811 3933 64 24 Your
884 3934 101 23 obedient
995 3933 93 23 humble
1098 3937 97 24 servant,

1030 3968 29 23 G.
1074 3968 27 23 R.
1117 3968 105 25 Farmer.

1606 256 39 14 our
1661 250 60 26 last.'}

1275 303 52 36 I^s.
1328 313 34 4 —
1362 301 65 24 Rose
1450 302 46 23 this
1517 303 108 30 morning
1647 303 87 23 soaked
1746 303 3 3 '
1757 303 101 32 through

1269 334 45 23 and
1326 333 104 32 through,
1444 343 40 15 our
1496 335 53 23 huts
1557 335 86 31 having
1653 335 59 24 been
1724 337 134 32 completely

1267 362 101 35 'deluged
1385 368 30 30 by
1435 368 38 23 the
1491 369 58 28 rain,
1567 368 81 25 which,
1659 369 41 22 fell
1718 369 83 32 during
1818 370 40 24 the

1268 400 65 30 night
1345 400 56 23 with
1418 405 89 26 greater
1523 401 62 23 force
1606 402 55 22 than
1679 409 52 16 ever
1741 411 7 19 ;
1768 403 90 30 obliged

1267 432 104 24 however
1382 438 24 18 to
1418 433 62 24 start'
1484 434 56 23 after
1552 431 19 26 a'
1576 433 119 24 breakfast
1707 435 24 23 of
1740 443 14 15 a
1765 436 92 23 mouth-

1268 465 34 23 ful
1322 466 25 23 of
1367 466 60 31 pork
1446 467 43 23 and
1508 474 61 15 some
1589 467 55 23 cold'
1659 472 78 25 water,
1756 469 45 23 and
1811 469 46 23 fol-

1265 498 73 24 lowed
1358 499 39 23 the
1416 499 141 24 Pakuratahi
1569 499 35 25 for
1616 500 68 24 about
1697 509 13 15 a
1721 501 54 23 mile
1786 502 45 23 and
1845 511 13 15 a

1268 531 56 24 half.
1359 532 52 23 The
1429 532 54 24 land
1503 537 23 19 at
1543 533 46 23 this
1600 537 53 27 part
1672 534 26 23 of
1712 534 38 23 the
1763 535 59 23 river
1836 536 21 22 is

1269 565 120 29 excellent,
1406 563 70 34 being
1493 565 110 32 perfectly
1620 566 64 29 level,
1701 567 44 23 and
1763 568 95 23 covered

1269 598 55 23 with
1341 598 47 23 fine
1406 599 81 24 timber
1496 608 6 20 ;
1531 603 79 25 totara,
1632 600 67 28 rimu,
1719 600 44 23 and
1781 602 74 23 tawai.

1268 630 79 24 About
1361 633 10 22 1
1378 633 12 22 1
1410 631 88 24 o'clock
1516 632 81 24 turned
1618 632 58 24 from
1698 633 39 23 the
1754 634 61 23 river
1832 635 24 22 in

1269 664 78 23 search
1359 664 26 23 of
1401 673 12 15 a
1424 665 55 31 path
1491 664 73 25 which
1582 673 41 16 our
1641 666 68 30 guide
1722 666 49 23 said
1782 668 75 23 would

1269 697 51 23 lead
1340 705 28 16 us
1392 702 22 19 to
1434 698 38 23 the
1491 698 61 24 Hutt
1563 708 6 19 ;
1589 706 33 16 we
1639 699 51 23 lost'
1706 707 30 16 an
1754 699 59 25 hour
1831 701 25 23 in

1269 729 127 33 searching.
1432 731 14 24 I
1465 731 54 24 then
1531 732 54 23 took
1597 740 14 15 a
1621 732 96 31 bearing
1728 732 45 24 and
1783 733 72 24 walk-

1267 764 42 30 ing
1328 763 43 24 due
1388 769 63 24 west,
1470 764 86 31 shortly
1576 765 132 24 afterwards
1727 766 71 24 found
1817 767 38 23 the

1267 797 89 22 broken
1375 798 68 30 twigs'
1462 798 123 30 indicating
1597 798 38 23 the
1653 798 84 30 track;
1754 807 35 15 .we
1801 799 54 24 then

1269 830 84 22 started
1364 835 25 19 at
1400 838 13 15 a
1425 830 64 24 brisk
1509 835 55 24 rate,
1578 831 45 23 and
1634 835 22 19 to
1677 840 42 15 our
1737 836 65 27 great
1811 833 45 31 -joy

1269 863 95 23 reached
1376 863 39 24 the
1426 865 60 22 river
1505 863 68 30 Hutt,
1587 865 69 22 about
1675 867 15 22 3
1703 865 94 29 o'clock,
1810 866 45 23 and

1269 895 57 24 after
1334 896 105 31 walking
1450 896 67 31 along
1535 897 38 23 the
1585 901 49 19 east
1644 898 64 22 bank
1721 898 35 23 for
1768 906 12 16 a
1792 899 64 23 short

1269 929 108 29 distance,
1397 930 96 31 stopped
1509 930 36 23 for
1564 929 37 24 the
1623 931 67 30 night
1709 931 72 24 under
1792 939 63 16 some

1269 966 73 19 totara
1359 967 69 25 trees,
1448 963 74 23 which
1543 963 84 23 offered
1644 971 14 16 a
1670 964 60 31 good
1749 965 112 31 covering,

1269 995 35 23 for
1316 1003 40 15 our
1366 997 62 22 huts.
1465 996 51 23 Our
1528 1004 78 15 course
1624 997 60 23 from
1696 997 38 24 the
1747 997 114 24 Pakura-'

1261 1026 58 32 fliaki
1340 1033 23 19 to
1387 1029 38 23 the
1449 1029 61 24 Hutt
1533 1028 81 32 (about
1635 1030 52 23 four
1709 1030 87 33 miles,)
1818 1031 37 31 lay

1270 1061 98 31 through
1387 1070 13 15 a
1421 1064 102 30 quantity
1542 1063 25 23 of
1588 1071 55 22 very
1662 1064 112 23 excellent
1791 1065 63 23 land.

1269 1094 45 24 We
1324 1103 59 16 were
1396 1096 67 23 about
1474 1096 62 23 three
1545 1096 66 24 miles
1623 1096 59 23 from
1693 1096 39 24 the
1743 1096 112 31 Tararua,

1270 1127 65 25 when
1354 1136 33 16 we
1408 1136 62 16 came
1489 1137 29 15 on
1538 1134 22 18 to
1579 1128 39 24 the
1631 1129 63 24 Hutt
1703 1139 6 19 ;
1730 1130 63 24 there
1811 1131 20 22 is
1844 1139 13 15 a

1270 1166 63 26 great
1345 1163 105 30 quantity
1462 1162 24 23 of
1500 1162 46 23 fine
1556 1162 59 23 level
1627 1162 45 24 and
1684 1163 50 23 well
1745 1164 111 24 timbered

1270 1195 52 23 land
1333 1195 24 23 in
1369 1195 47 23 this
1427 1199 52 27 part
1490 1195 24 24 of
1530 1195 38 23 the
1579 1195 82 31 valley,
1674 1204 29 15 on
1716 1197 38 22 the
1767 1202 89 18 eastern

1269 1228 48 23 side
1336 1228 25 23 of
1382 1228 39 23 the
1439 1229 66 28 river,
1526 1228 42 23 but
1589 1237 29 15 on
1636 1228 38 24 the
1693 1234 96 19 western
1808 1231 47 23 side

1269 1261 63 23 there
1352 1262 20 22 is
1392 1269 29 16 no
1439 1261 108 24 available
1568 1261 62 29 land,
1643 1270 26 15 as
1685 1262 38 23 the
1741 1263 53 23 hills
1817 1271 39 24 ap-

1269 1294 83 31 proach
1365 1294 60 24 close
1438 1299 22 19 to
1473 1295 37 23 the
1523 1294 88 24 water's
1623 1294 65 32 edge.

1305 1336 22 22 6.
1330 1347 34 5 —
1365 1334 51 24 The
1428 1336 105 30 morning
1547 1335 113 31 breaking
1670 1335 141 31 beautifully,
1825 1343 32 17 we

1269 1367 42 23 left
1322 1376 40 16 our
1383 1374 164 25 encampment,
1560 1369 45 23 and
1623 1369 126 30 proceeded
1770 1377 29 15 on
1817 1378 40 15 our

1268 1400 97 32 journey
1378 1401 64 24 down
1454 1402 37 23 the
1503 1402 67 23 river.
1583 1402 80 26 .After
1676 1401 101 32 walking
1788 1402 70 24 about

1270 1442 29 15 an
1319 1434 59 24 hour
1402 1442 34 16 we
1457 1435 90 23 crossed
1568 1443 14 15 a
1599 1435 112 31 tributary
1735 1435 68 24 about
1827 1438 30 22 12

1269 1467 67 31 yards
1355 1467 65 30 wide,
1437 1468 76 23 whose
1536 1476 66 15 name
1623 1468 14 23 I
1660 1476 47 16 was
1729 1469 82 24 unable
1836 1477 21 16 to

1269 1500 71 24 learn.
1365 1501 52 23 The
1428 1501 53 23 land
1494 1509 28 15 on
1534 1501 45 23 this
1592 1500 114 33 (eastern)
1719 1502 48 23 side
1778 1503 26 23 of
1820 1503 37 23 the

1270 1534 59 23 river
1348 1534 47 23 still
1420 1535 117 22 continues
1562 1542 55 24 very
1634 1535 54 28 fine,
1702 1536 44 23 and
1764 1536 94 23 covered

1271 1567 52 23 with
1335 1575 14 15 a
1366 1573 66 25 great
1449 1569 87 29 variety
1548 1567 24 23 of
1587 1568 46 23 fine
1652 1568 90 24 timber.
1777 1569 81 23 About

1272 1602 30 22 11
1315 1600 87 24 o'clock
1419 1609 32 15 we
1472 1600 117 32 perceived
1608 1609 62 16 some
1690 1602 86 23 broken
1792 1602 66 31 twigs

1270 1633 125 32 indicating
1414 1642 13 15 a
1448 1634 62 24 track
1520 1643 6 19 ;
1546 1635 45 22 this
1613 1642 33 16 we
1667 1635 104 23 followed
1789 1635 36 23 for
1846 1644 12 14 a

1271 1667 154 23 considerable
1452 1667 107 29 distance,
1581 1668 60 23 until
1664 1668 20 23 it
1706 1668 91 23 crossed
1820 1669 38 23 the

1271 1701 65 28 river,
1348 1700 75 24 which
1434 1708 33 16 we
1485 1708 58 16 were
1562 1701 82 23 unable
1657 1705 23 19 to
1695 1701 36 29 do,
1745 1709 25 15 as
1782 1703 18 21 it
1811 1710 47 15 was

1270 1741 54 23 very
1335 1733 69 24 much
1418 1734 96 23 flooded.
1549 1734 35 23 At
1601 1742 68 21 noon,
1683 1734 68 31 being
1763 1735 95 23 exceed-

1270 1767 64 30 ingly
1350 1767 99 31 hungry,
1461 1774 33 16 we
1513 1771 59 19 went
1590 1767 66 23 down
1675 1772 23 18 to
1719 1768 37 23 the
1768 1769 90 23 water's

1272 1799 61 32 edge'
1346 1800 45 23 and
1406 1800 84 31 picked
1500 1808 63 15 some
1581 1800 53 24 wild
1646 1800 99 32 cabbage
1764 1801 59 24 from
1847 1809 12 16 a

1272 1833 87 31 shingle
1371 1834 63 22 bank
1444 1842 5 21 ;
1463 1842 32 15 we
1507 1833 83 23 shared
1601 1834 38 23 the
1650 1834 46 24 last
1709 1835 24 23 of
1749 1842 41 16 our
1800 1835 59 30 pork

1270 1866 37 23 for
1328 1867 118 23 breakfast
1470 1867 46 23 this
1536 1868 114 30 morning,
1677 1868 134 30 amounting
1837 1872 22 19 to

1272 1899 67 23 about
1350 1904 44 19 two
1409 1907 82 16 ounces
1503 1900 56 23 each
1579 1908 53 16 man
1633 1913 34 4 —
1667 1900 31 24 all
1718 1908 33 16 we
1766 1900 57 24 have
1836 1905 22 19 to

1271 1933 51 23 live'
1335 1941 29 15 on
1384 1941 50 16 now
1452 1934 19 22 is
1492 1933 53 24 wild
1563 1934 107 30 cabbage.
1716 1934 95 31 Having
1831 1942 28 16 no

1272 1965 73 31 tratfk,
1370 1974 32 15 we
1426 1974 58 16 were
1507 1966 90 31 obliged
1620 1971 23 19 to
1666 1967 62 23 force
1749 1974 40 16 our
1811 1975 48 23 way

1272 1999 157 30 tJviuugh^the
1449 2000 59 23 bu-sh
1529 2000 74 22 which
1621 2001 20 21 is
1660 2000 55 23 here
1735 2008 55 23 very
1806 2000 53 29 bad,

1272 2033 62 27 untij
1341 2032 82 31 .nearly
1437 2032 67 24 dusk.
1540 2033 69 23 None
1618 2032 25 23 of
1657 2041 29 15 us
1698 2038 35 18 ate
1744 2041 15 14 a
1769 2033 90 23 mouth-

1271 2065 35 24 ful
1315 2066 24 23 of
1355 2066 111 30 anything
1478 2065 109 31 to-night.
1624 2066 70 23 Made
1716 2074 14 15 a
1741 2065 63 32 large
1817 2067 41 22 fire

1272 2099 43 23 and
1329 2099 60 31 slept
1401 2098 72 24 round
1484 2100 25 22 it.

1307 2138 59 25 7«»*—
1368 2137 43 24 Off
1433 2138 30 30 by
1484 2138 101 31 daylight
1611 2138 47 23 this
1685 2138 113 31 morning,
1817 2138 44 24 and

1271 2171 203 31 notwithstanding
1492 2179 40 15 our
1551 2176 77 26 empty
1649 2172 123 28 stomachs,
1794 2172 66 23 made

1272 2204 59 30 good
1351 2212 50 23 way
1420 2204 98 31 through
1538 2204 38 23 the
1597 2204 59 24 bush
1667 2223 5 11 ,
1699 2205 38 23 the
1755 2204 55 24 land
1833 2213 28 15 on

1272 2237 45 23 this
1324 2238 55 25 side
1390 2239 21 21 is
1423 2238 47 22 still
1488 2238 43 23 fine
1552 2238 46 23 and
1614 2238 60 23 level
1683 2247 5 20 ;
1709 2237 91 25 crossed
1817 2242 43 20 two

1272 2270 73 24 smaU.
1350 2271 138 29 tributaries,
1502 2271 43 23 and
1566 2275 23 19 at
1609 2279 61 16 noon
1690 2271 70 24 heard
1771 2271 39 23 the
1823 2279 37 16 re-

1272 2308 65 27 ports
1344 2305 26 22 of
1385 2312 13 15 a
1417 2304 63 31 large
1498 2312 54 23 gun,
1565 2305 76 23 which
1660 2312 33 16 we
1714 2304 114 31 supposed
1839 2308 22 20 to

1273 2337 28 24 be
1312 2338 38 23 the
1362 2337 105 31 mid-day
1477 2345 47 24 gun
1535 2343 24 18 at
1570 2337 149 31 Wellington.
1756 2338 79 24 About
1848 2340 11 21 1

1274 2370 86 24 o'clock
1373 2378 64 21 p.m.,
1450 2378 33 16 we
1495 2375 22 19 to
1538 2378 42 16 our
1599 2375 64 26 great
1679 2371 40 31 joy
1731 2379 63 15 came
1814 2375 22 20 to
1848 2380 13 14 a

1273 2404 131 30 surveyor's
1423 2405 95 30 cutting,
1531 2404 41 23 but
1588 2404 57 23 after
1664 2404 116 32 following
1797 2405 19 22 it
1827 2404 34 24 for

1274 2445 13 15 a
1299 2437 63 25 short
1374 2437 100 24 distance
1494 2437 70 23 found
1582 2442 23 19 to
1622 2445 43 15 our
1681 2442 63 27 great
1756 2439 105 22 vexation

1272 2470 50 23 that
1338 2471 18 23 it
1376 2470 91 24 crossed
1486 2470 37 24 the
1542 2471 69 29 river,
1622 2471 75 23 which
1709 2472 18 22 it
1738 2479 47 15 was
1801 2472 60 30 quite

1273 2503 132 32 impossible
1416 2504 34 23 for
1462 2512 27 16 us
1502 2509 22 18 to
1535 2504 72 24 wade.
1644 2504 94 24 Pushed
1750 2512 30 15 on
1799 2504 59 24 thro'

1274 2536 37 24 the
1323 2537 60 23 bush
1393 2535 86 33 (which
1489 2538 21 22 is
1521 2536 54 25 here
1588 2538 82 23 almost
1678 2536 183 33 impenetrable,)

1274 2570 33 23 till
1318 2570 113 31 half-past
1442 2570 63 24 three
1523 2570 95 29 o'clock,
1632 2570 66 24 when
1717 2571 69 30 being
1806 2578 54 23 very

1273 2603 74 24 much,
1364 2604 125 23 exhausted
1510 2611 33 16 we
1566 2604 97 31 stopped
1686 2611 30 16 on
1738 2611 14 16 a
1771 2604 90 30 shingle

1273 2636 62 25 bank
1347 2637 61 23 close
1421 2641 22 19 to
1455 2636 38 24 the
1504 2637 106 28 riverain
1620 2637 38 23 the
1671 2636 92 31 highest
1775 2638 86 22 section

1274 2669 48 24 that
1333 2670 21 23 is
1367 2674 22 19 at
1400 2675 91 25 present
1502 2670 47 23 laid
1561 2675 40 18 out
1611 2677 30 16 on
1653 2670 38 23 the
1705 2670 70 23 Hutt.

1308 2705 23 22 8.
1333 2716 35 4 —
1369 2703 92 23 Started
1473 2708 22 18 at
1507 2703 103 31 daylight
1625 2703 44 23 and
1681 2702 88 24 walked
1781 2710 30 16 on
1822 2703 41 23 but

1340 2736 87 32 slowly,
1441 2736 37 23 the
1489 2736 59 23 bush
1557 2736 70 31 being
1635 2744 55 22 very
1699 2736 65 23 thick
1773 2745 14 20 ;,
1794 2736 69 23 about

1277 2771 28 23 11
1319 2770 89 23 o'clock
1419 2778 33 14 we
1464 2770 39 23 fell
1521 2770 23 22 in
1624 2770 38 22 the
1675 2770 129 30 surveyor's
1816 2769 46 23 line

1275 2804 73 30 again,
1362 2803 45 23 and
1418 2803 90 30 shortly,
1517 2803 57 23 after
1585 2810 64 16 came
1661 2804 29 21 to'
1696 2803 48 24 Mr.
1758 2803 104 24 Mason's

1274 2836 78 24 house.
1389 2836 48 24 Mr.
1451 2836 84 24 Mason
1554 2843 29 16 on
1603 2836 95 30 hearing
1709 2836 50 23 that
1770 2844 33 15 we
1815 2836 45 23 had

1270 2869 61 24 •been
1343 2869 95 24 without
1448 2869 54 24 food
1518 2869 36 24 for
1570 2869 64 24 three
1646 2869 63 31 days,
1722 2869 103 24 received
1836 2877 27 15 us

1275 2903 24 22 in
1310 2903 39 23 the
1362 2907 60 19 most
1432 2902 127 32 hospitable
1577 2910 103 21 manner,
1693 2902 171 31 providing-the

1275 2936 71 23 whole
1358 2941 66 26 party
1436 2934 46 32 (14
1498 2937 25 22 in
1542 2935 116 32 number,)
1671 2936 54 23 with
1746 2943 29 15 an
1787 2936 76 22 excel-

1275 2968 47 24 lent
1333 2970 68 28 meal,
1412 2970 42 22 for-
1465 2969 73 24 which
1557 2977 25 15 as
1600 2977 53 23 may
1665 2969 28 23 be
1705 2968 114 31 supposed
1831 2976 33 16 we

1275 3010 58 15 were
1356 3003 31 23 all
1409 3010 54 22 very
1486 3003 115 22 thankful.
1649 3002 68 23 After
1739 3001 69 24 about
1834 3008 36 17 an'

1275 3034 70 24 hours
1355 3039 48 20 rest
1420 3043 33 15 we
1474 3036 84 23 started
1580 3035 33 24 off
1630 3035 36 23 for
1684 3034 92 30 Petoni,
1787 3034 83 24 where'

1277 3076 30 15 we
1324 3069 100 29 arrived,
1432 3069 77 24 about-
1518 3069 51 23 four
1589 3068 95 29 o'clock,
1705 3067 45 24 and
1766 3067 106 24 reached-

1270 3101 233 32 .Wellington,,about
1520 3102 37 23 six
1575 3101 96 28 o'clock,
1684 3101 61 29 truly
1756 3100 107 24 thankful

1270 3138 36 19 -at.
1309 3135 87 31 having
1412 3135 96 23 reached
1526 3135 68 22 home
1611 3134 49 23 safe
1678 3133 45 24 and
1740 3133 122 29 well^not-

1276 3168 161 31 withstanding
1459 3169 39 23 the
1666 3166 130 24 difficulties
1819 3166 50 24 and'

1275 3200 122 31 hardships
1408 3210 32 15 we
1451 3201 58 24 have
1519 3201 45 23 had
1576 3204 24 20 to
1612 3205 131 19 encounter:
1752 3199 3 7 '
1802 3204 3 3 '

1273 3253 4 4 .
1309 3234 25 24 It
1345 3242 51 16 now
1408 3235 52 30 only
1469 3234 99 24 remains
1578 3234 35 23 for
1625 3241 37 16 me
1672 3238 23 18 to
1705 3234 50 30 give
1768 3241 14 15 a
1792 3241 70 22 gene-

1276 3267 33 23 ral
1321 3267 137 31 description
1470 3267 25 24 of
1509 3267 44 23 the'
1569 3271 96 26 country
1676 3265 100 31 through
1786 3265 78 25 which

1275 3307 33 16 we
1320 3300 159 31 havetpassed.
1498 3311 4 3 •
1515 3300 51 23 The
1585 3299 75 32 valley
1672 3298 26 25 of
1703 3299 47 24 'the
1765 3298 64 25 Hutt
1839 3303 25 19 at

1270 3333 44 23 -the
1341 3339 93 26 present
1455 3333 144 25 termination
1623 3333 25 23 of
1667 3332 47 24 'the
1736 3340 84 22 survey
1832 3338 4 10 :
1865 3333 2 11 !

1275 3367 97 31 nothing
1380 3375 62 16 more
1453 3367 55 24 than
1512 3375 19 20 ,a
1538 3373 77 24 gorge,
1625 3365 40 24 the
1674 3366 53 23 rails
1737 3365 130 32 approach-

1275 3399 40 32 ing
1333 3400 40 28 {he
1392 3401 99 28 water's,
1498 3399 63 32 edge,
1573 3407 30 16 on
1620 3399 56 23 both
1696 3396 60 26 side's
1763 3399 42 23 'of
1824 3398 38 24 the

1275 3434 68 23 river.
1379 3433 51 24 The
1441 3433 53 24 hills
1505 3432 104 24 however
1619 3440 56 23 very
1685 3438 56 17 soon
1751 3432 39 25 fall
1804 3431 63 24 back'

1277 3465 79 25 on'the
1374 3471 90 19 eastern
1476 3466 55 29 side,
1551 3465 75 24 where
1637 3465 72 24 Ithere
1726 3465 21 23 is
1768 3473 14 15 a
1799 3469 64 26 great

1277 3500 103 31 quantity
1393 3500 25 23 of
1432 3499 45 24 fine
1488 3498 54 24 land
1561 3498 124 30 extending
1692 3502 27 19 to
1730 3497 39 24 the
1780 3498 38 23 foo
1815 3497 6 8 f
1820 3502 9 19 t
1840 3498 25 23 of

1279 3533 36 23 the
1328 3533 116 23 Tararua.
1476 3532 39 24 On
1532 3532 43 27 the.
1705 3530 47 24 side
1768 3531 62 24 there
1841 3532 21 22 is

1276 3573 37 19 no,
1317 3565 112 24 available
1438 3565 62 24 land.
1510 3563 44 25 'In
1566 3565 104 29 crossing
1677 3563 60 24 from
1750 3564 46 25 the,
1801 3564 63 24 Hutt

1272 3602 26 20 .to
1311 3599 38 23 the
1368 3598 145 24 Pakuratahi
1526 3598 64 23 there
1601 3598 21 22 is
1634 3605 70 20 ,some
1715 3597 95 31 rugged,
1822 3598 44 23 but

1277 3639 19 16 a>
1300 3637 66 25 great
1376 3632 61 23 deal,
1439 3631 26 23 of
1479 3630 110 25 available
1604 3630 67 26 .land.
1708 3630 50 24 The
1776 3631 86 24 forma-

1277 3665 49 23 tion
1337 3665 24 23 of
1378 3673 15 15 a
1402 3664 56 24 road
1474 3664 59 23 from
1543 3664 40 22 the
1596 3663 64 23 Hutt
1670 3667 23 19 to
1706 3664 43 22 the-
1754 3664 75 32 valley
1841 3664 26 24 of

1277 3698 226 30 the>R.uamahunga,
1516 3696 46 24 will
1576 3696 31 31 by
1619 3704 30 15 no
1669 3704 80 16 means
1754 3697 44 28 \he
1811 3705 54 23 easy

1270 3731 32 23 lof
1326 3730 202 31 accomplishment
1537 3738 14 21 ;-
1573 3729 71 23 lam
1669 3723 62 38 quite
1751 3730 114 24 confident

1277 3764 53 23 that'
1337 3764 65 23 there
1413 3764 20 22 is
1444 3770 30 16 no
1486 3763 191 23 communication
1686 3763 103 26 between
1800 3764 64 23 these

1277 3797 30 30 by
1319 3805 14 15 a
1343 3796 82 31 valley,
1439 3804 12 15 a
1462 3803 70 24 range
1542 3796 25 23 of
1575 3796 55 23 hills
1641 3796 79 30 called;
1723 3797 39 23 the
1769 3796 95 24 .Remu-

1277 3829 56 24 taka
1354 3834 62 19 must
1441 3829 30 24 be
1498 3829 157 24 surmounted.
1702 3829 66 32 They
1791 3838 38 15 are
1851 3838 14 15 a

1277 3862 87 25 branch
1373 3862 33 30 of,
1413 3862 38 24 the
1470 3862 112 29 Tararua,*
1594 3862 49 24 and'
1659 3870 44 16 run
1719 3864 26 22 in
1759 3871 15 15 a
1785 3863 80 23 south-

1278 3897 48 31 erly
1338 3896 110 23 direction
1459 3896 35 23 till
1513 3896 55 30 they
1579 3897 121 22 terminate
1711 3897 29 22 in'
1747 3897 38 22 the
1793 3892 72 32 -west]

1278 3938 41 16 em
1334 3929 112 25 headland
1462 3930 24 24 of
1502 3929 98 25 Palliser
1616 3929 60 32 Bay.
1712 3929 35 24 To
1768 3937 64 24 carry
1852 3937 13 15 a

1279 3963 54 26 nJad
1350 3966 61 26 dyer,
1432 3972 14 15 a
1466 3962 93 26 careful'
1568 3963 156 25 examination
1741 3962 77 26 would
1837 3963 28 24 be

554 54 99 48 2Pf#
676 54 121 48 Witfß
797 54 229 43 Mta^m
1042 54 203 49 Hste?tttt
1251 54 108 52 ;atsr
1382 54 302 49 WteUinston
1711 52 253 57 &pt€tatot.

1286 143 61 23 MR.
1368 143 168 25 KETTLE'S
1563 144 167 25 JOURNEY
1755 145 85 25 INTO

1426 177 72 24 THE
1516 177 184 25 INTERIOR.
