3490 5590
139 173 226 76 Shipping
401 178 313 72 Intelligence.

203 306 97 34 TORT
320 310 48 33 OF
388 310 262 35 CHARLESTON.

334 390 68 26 lligii
420 393 104 29 Watkr.

108 420 59 27 Tliis
180 423 52 34 Day
366 428 49 25 11.5
442 439 13 17 a
465 441 21 15 m
602 434 64 22 11.30
696 440 56 25 p.m.

110 458 95 33 Sunday
355 465 63 24 11.55
443 474 45 17 a.m
698 475 52 26 p.m.

109 491 104 35 Monday
353 500 63 24 12.20
441 509 45 17 am
604 504 63 23 12.45
698 510 54 26 p.m.

108 527 110 35 Tuesday
367 536 48 23 1.10
441 543 14 18 a
464 544 22 18 m
620 540 46 25 1.35
698 547 54 26 p.m.

370 578 125 20 ahrivals.

139 599 46 27 Nil.

347 648 167 21 departures.

138 669 70 34 April
231 674 143 27 18—Emma
394 680 69 29 June,
486 681 118 31 syjjooner,
623 682 36 25 for
680 682 59 30 Grey-

110 706 90 25 raoutli.

140 741 85 28 Emma
236 742 71 34 Eliza,
317 747 120 31 schooner,
449 749 37 25 for
496 749 140 28 Onehun<*a.

437 773 3 16 i
601 773 12 13 ©

315 797 101 20 VESSELS
433 800 25 18 15
474 801 71 18 TOUT.

141 820 69 35 Mary
221 823 65 30 Ann,
297 825 119 29 schooner.

140 855 95 33 Falcon,
246 859 118 28 schooner.

140 890 142 37 Enterprise,
294 896 119 27 schooner.

140 926 65 33 loua,
216 929 113 27 schooner
342 932 106 34 (wreck).

141 960 120 34 Cymraes,
272 964 78 27 ketch.

149 1019 8 17 »

110 1067 107 45 TTVlpvln
229 1069 29 17 an
286 1067 40 29 ety
328 1100 5 5 .
347 1065 19 25 is
383 1065 45 28 fe,t
444 1076 36 18 res
480 1072 96 33 pccting
592 1074 40 25 tlie
653 1080 100 22 steamer

242 1103 7 36 !
279 1098 89 37 having
385 1103 56 27 been
459 1108 106 31 reported
581 1109 53 25 that
651 1111 41 25 she
709 1112 43 26 left

108 1130 149 31 Greymouth
267 1140 30 18 on
309 1135 116 36 Tuesday,
443 1140 25 26 in
486 1142 77 25 which
574 1150 53 18 case
638 1145 41 25 she
689 1152 64 21 must

108 1164 62 25 have
180 1164 56 26 been
247 1170 100 31 exposed
358 1176 23 22 to
392 1173 40 27 the
443 1174 47 28 late
502 1176 75 35 heavy
590 1181 107 28 weather,

143 1203 48 24 lhe
202 1210 42 26 p.s.
257 1203 116 30 huntress
384 1210 82 33 passed
482 1213 39 26 the
533 1214 43 33 bay
594 1223 26 17 en
638 1223 62 20 route
717 1220 36 24 for

112 1236 110 27 southern
234 1243 62 29 ports
307 1250 29 15 on
350 1243 122 34 Thursday
484 1246 47 26 last
555 1249 98 33 making
663 1262 13 15 a
687 1253 54 26 shor

110 1277 48 25 s.aj
174 1273 30 23 Oil
216 1275 40 23 tlie
269 1274 43 31 bay
324 1279 24 21 to
358 1275 54 28 land
428 1279 41 24 her
479 1290 144 25 passengers.
655 1288 74 25 After
739 1273 4 42 .

44 1330 15 8 -
107 1303 20 42 lewI
128 1312 27 16 ew
167 1306 77 27 minut
246 1316 12 17 <-'
260 1316 10 16 s
281 1307 68 35 May
368 1312 40 26 she
423 1316 58 23 steal
492 1325 5 12 ,
500 1326 12 16 0
513 1317 14 25 d
539 1317 37 26 for
594 1312 158 43 Woodpecker

106 1340 63 32 Bay,
183 1341 40 26 the
235 1342 64 25 s\vell
310 1344 69 34 being
390 1351 38 22 too
439 1349 75 29 heavy
525 1352 37 25 for
573 1351 78 30 aiboat
662 1361 24 21 to
698 1366 41 18 ven-

108 1378 52 22 ture
171 1380 42 21 out
223 1378 45 25 and
281 1378 67 33 bring
359 1381 23 25 in
394 1390 143 28 passengers,

93 4085 400 61 CHARLESTON
533 4085 200 61 ARGUS

188 4198 190 37 SATURDAY,
394 4204 101 26 APRIL
512 4209 35 27 20,
566 4211 63 25 1867.

88 4307 58 30 We
179 4306 85 31 notice
299 4306 65 30 with
385 4308 79 30 much
487 4310 120 39 pleasure
633 4316 47 32 the
694 4317 27 32 in

88 4348 154 32 troduction
262 4348 33 32 to
316 4349 54 29 this
393 4353 163 40 community
572 4357 30 29 of
622 4361 111 31 another

87 4393 54 30 and
167 4393 69 30 most
256 4401 139 31 necessary
415 4393 110 39 adjunct
551 4402 30 25 to
613 4401 119 32 civilized

87 4437 108 38 society.
235 4433 26 30 It
282 4437 72 27 must
376 4434 33 29 be
435 4436 44 30 the
492 4438 66 31 wish
572 4440 28 30 of
622 4443 36 30 all
672 4444 61 33 that

37 4476 13 44 ■.
87 4479 45 31 the
146 4479 90 31 efforts
247 4486 59 20 now
318 4476 83 41 being
411 4479 78 31 made
502 4480 41 31 for
556 4482 45 31 the
614 4489 120 31 erection

52 4543 9 7 *
89 4522 29 30 of
142 4521 110 31 another
285 4519 72 39 pla*e
392 4521 29 30 of
447 4522 90 42 public
563 4529 115 41 worship
705 4532 27 31 in

22 4562 4 45 •
37 4580 6 5 •
84 4565 163 40 Charleston
268 4562 94 32 should
382 4566 117 29 succeed.
541 4569 40 31 As
603 4574 77 30 usual
706 4576 28 31 in

98 4607 67 32 hese
189 4605 193 36 communities,
394 4618 34 20 on
461 4608 47 32 the
539 4611 74 32 West
645 4616 80 32 Coast

86 4639 32 41 *h
127 4650 131 30 elloman
278 4648 132 32 Catholics
433 4651 67 31 have
520 4652 67 34 been
610 4656 47 34 the
676 4660 58 33 first

85 4687 33 37 tn
128 4692 49 34 the
194 4693 70 40 field,
283 4693 53 30 and
356 4703 46 21 our
421 4695 109 37 citizens
553 4699 61 30 who
636 4703 98 41 belong

85 4731 28 33 io
165 4736 60 30 that
269 4736 168 31 communion
488 4738 65 31 have
593 4742 139 36 abundant

80 4773 93 38 tcause
277 4777 172 36 satisfaction.
504 4781 74 43 They
612 4797 44 21 are
678 4796 47 26 not

75 4824 150 34 however,
250 4820 77 32 alone
348 4821 29 32 in
402 4823 70 32 their
485 4827 110 41 anxiety
619 4831 42 31 for
687 4835 45 31 the

85 4865 156 38 Ordinances
250 4864 32 31 of
292 4864 120 41 religion.
438 4867 54 32 Th«
502 4868 119 42 friendly
629 4877 85 30 emula-

81 4910 60 30 tion
535 4911 46 32 the
604 4915 128 37 different

81 4959 74 24 races
201 4948 32 33 of
278 4958 49 23 oor
364 4950 101 42 people,
497 4953 108 42 Though
649 4973 66 22 some-

83 4995 78 32 times
171 4992 72 40 fiery,
257 4994 24 30 is
302 4995 136 39 generally
452 4997 154 37 product&re
619 5004 30 27 of
658 5008 68 35 good

79 5036 107 32 results.
226 5035 82 32 What
322 5036 69 31 Irish
415 5037 145 40 Regiment
575 5044 85 31 would
675 5047 52 33 like

79 5084 30 27 to
121 5091 43 21 see
177 5089 33 20 an
229 5077 114 41 English
358 5080 144 39 Regiment
522 5083 158 35 outshin<Mt
692 5101 32 21 on

77 5123 46 31 the
144 5122 63 32 field
230 5121 29 31 of
272 5122 91 32 battle.
420 5123 76 31 Who
518 5135 64 22 evpr
603 5138 54 20 saw

106 5166 93 31 cannie
325 5166 59 30 that
408 5167 88 28 would
510 5168 72 36 yield
597 5170 45 30 the
656 5173 72 37 pa!
731 5166 3 44 4

76 5213 28 26 to
117 5209 92 30 either.
248 5207 38 31 As
300 5209 28 30 in
341 5207 48 31 the
402 5207 167 39 battle-field,
583 5221 29 22 so
626 5213 21 32 it
660 5214 22 32 is
696 5218 27 32 in

75 5262 154 28 commerce,
256 5251 29 31 in
310 5256 49 33 art,
386 5252 28 29 in
440 5253 143 36 literature,
610 5259 54 27 and
696 5262 26 28 in

75 5296 102 30 science
189 5305 9 28 ;
215 5294 54 30 and
289 5298 47 35 yet
357 5293 74 31 these
453 5294 125 41 differing
591 5297 131 36 elements

71 5338 37 31 all
116 5338 62 38 join
188 5338 29 30 in
228 5336 130 40 harmony
372 5341 28 26 to
411 5337 76 31 make
500 5337 45 31 the
560 5340 56 30 first
627 5345 93 33 nation

73 5380 28 31 in
128 5381 46 30 the
196 5379 82 33 earth.
318 5379 80 37 First,
424 5387 50 25 not
497 5382 63 39 on'y
581 5384 26 29 h
623 5388 95 31 wealth

71 5424 54 31 and
139 5423 95 42 might,
255 5423 49 30 but
323 5424 27 29 in
365 5423 35 30 all
422 5423 60 31 that
496 5426 85 30 exalts
595 5437 14 19 a
623 5432 95 38 people

70 5467 28 31 in
110 5467 47 32 the
170 5467 70 31 scale
252 5467 31 30 of
292 5466 103 32 honour
407 5467 53 30 and
474 5468 131 39 morality.
646 5472 36 32 So
696 5475 20 31 it

776 176 21 29 is
818 176 55 28 also
891 175 30 30 in
944 175 118 39 religion.
1103 176 85 30 There
1212 187 43 19 are
1269 178 153 31 differences

777 217 29 32 of
818 218 83 37 creed,
916 216 48 31 but
977 218 45 29 the
1046 217 169 32 foundations
1228 230 42 21 are
1284 221 45 31 the
1342 233 78 21 same.

776 261 79 41 Upon
870 261 46 32 the
938 272 72 20 same
1032 263 63 31 rock
1118 263 46 30 the
1185 263 85 32 whole
1283 265 137 32 Christian

776 305 106 30 Church
895 306 23 28 is
932 304 75 30 built.
1038 306 65 28 And
1117 307 21 27 it
1151 307 22 27 is
1187 306 129 30 therefore
1325 312 99 28 matter

775 348 41 29 for
838 347 107 40 general
966 347 214 40 congratulation
1201 348 76 32 when
1300 351 26 29 in
1350 353 74 30 these

776 391 150 31 murhroom
939 390 74 31 cities
1032 391 72 30 there
1117 402 45 19 are
1177 392 84 30 found
1275 394 74 30 those
1364 396 59 29 who

775 435 77 30 think
879 438 47 27 not
952 433 97 40 merely
1076 434 27 31 of
1128 434 45 31 the
1193 435 107 32 welfare
1323 438 28 30 of
1377 439 45 30 the

776 477 79 40 body,
869 477 50 31 but
933 477 30 31 of
974 477 45 31 the
1033 477 60 31 soul
1105 477 63 31 also.
1208 479 73 42 Ages
1295 481 70 31 since
1378 481 46 33 the

776 531 53 33 pen
850 521 31 32 of
903 520 158 42 inspiration
1090 521 134 32 inscribed
1250 524 45 30 the
1326 527 96 37 words,

807 565 215 39 Righteousness
1044 565 119 30 exalteth
1183 576 15 19 a
1370 570 52 29 and

776 608 47 31 the
837 608 104 40 history
967 608 30 30 of
1013 607 103 30 Britain
1142 608 22 30 is
1189 613 28 26 to
1243 620 33 20 us
1295 610 45 31 the
1354 617 70 25 most

777 651 115 40 glorious
921 650 223 39 exemplification
1176 652 27 30 of
1241 653 71 30 their
1338 656 83 29 truth.

780 693 34 33 In
836 694 186 31 communities
1047 694 128 40 gathered
1200 695 98 41 hastily
1322 697 68 31 from
1410 710 14 18 a

777 737 133 31 thousand
936 738 124 29 different
1088 747 114 26 sources,
1229 739 93 31 drawn
1354 742 68 30 from

779 790 72 21 more
871 780 97 31 settled
991 779 164 32 habitations
1180 781 36 39 by
1248 782 49 32 the
1322 785 102 31 sudden

778 825 82 30 thirst
882 825 42 30 for
936 822 70 43 gold,
1022 823 23 30 it
1064 823 23 30 is
1100 823 80 32 much
1199 834 72 22 more
1286 837 138 32 necessary

779 877 66 20 —so
870 867 40 31 far
935 878 29 18 as
976 876 41 20 we
1040 877 51 19 can
1112 867 92 40 judge,
1219 869 60 29 that
1292 870 48 30 the
1365 873 47 30 reli-

778 911 61 39 gion
863 910 30 29 of
917 908 91 32 Christ
1027 908 97 32 should
1145 910 33 30 be
1201 912 135 38 preached,
1361 914 62 31 than

779 952 72 31 amid
873 952 45 30 the
936 961 70 20 more
1030 952 77 38 quiet
1135 962 88 22 scenes
1246 954 54 29 and
1324 957 100 32 settled

778 995 153 31 avocations
956 995 30 30 of
1005 994 128 40 ordinary
1157 996 9 31 1
1180 996 35 31 fe.
1255 997 53 30 For
1330 999 27 30 in
1377 1001 47 31 the

778 1039 118 39 training
908 1039 53 30 and
974 1038 119 39 example
1111 1039 29 30 of
1162 1040 77 30 home
1252 1041 48 31 life
1315 1042 74 32 there
1403 1044 22 30 is

779 1082 182 39 undoubtedly
975 1081 79 31 much
1072 1086 27 25 to
1123 1083 75 31 deter
1220 1094 62 20 man
1298 1084 67 32 from
1379 1088 45 28 the

778 1126 113 37 practice
915 1126 28 28 of
967 1124 46 30 the
1039 1124 56 30 sins
1116 1126 54 30 and
1193 1126 69 32 vices
1275 1127 86 32 which
1375 1129 38 32 dis-

777 1178 78 30 grace
868 1168 148 39 humanity.
1056 1168 33 30 In
1098 1169 45 30 the
1153 1168 99 38 selfish,
1265 1173 158 40 struggling,

777 1212 97 39 greedy
894 1211 48 31 life
961 1212 28 29 of
1011 1222 16 19 a
1049 1211 64 40 gold
1134 1213 103 40 mining
1259 1216 165 40 community

778 1255 129 37 however,
922 1255 75 30 these
1020 1253 119 42 feelings,
1154 1255 25 31 if
1190 1259 49 28 not
1252 1257 60 36 lost,
1326 1268 44 20 are
1383 1258 42 32 for

778 1298 45 30 the
846 1298 63 30 time
935 1298 98 39 asleep.
1074 1298 56 30 The
1153 1298 84 42 hurry
1259 1302 29 28 to
1313 1300 31 30 be
1359 1302 64 38 rich,

778 1340 45 31 the
836 1341 72 39 daily
921 1342 169 31 excitement,
1104 1340 47 32 the
1165 1343 135 30 continual
1310 1343 115 33 feverish

778 1384 137 40 scheming
936 1384 71 31 after
1029 1383 98 30 wealth
1152 1385 113 35 disturb,
1280 1387 23 30 if
1314 1387 64 39 they
1390 1389 35 30 do

778 1431 47 26 not
839 1427 116 39 destroy,
969 1427 46 30 the
1029 1427 95 40 higher
1143 1429 53 29 and
1210 1429 92 31 nobler
1314 1430 111 42 feelings

778 1470 30 30 of
817 1471 83 30 man's
914 1474 99 27 nature.
1036 1470 64 31 And
1112 1470 23 30 it
1148 1471 22 31 is
1183 1473 64 38 only
1258 1473 36 38 by
1307 1483 14 19 a
1335 1478 91 36 strong

777 1514 203 38 counteracting
999 1512 132 31 influence
1156 1514 61 30 that
1241 1516 45 28 the
1310 1516 53 30 evil
1375 1528 49 20 can

776 1554 33 31 be
835 1556 147 31 remedied.
1051 1554 57 32 The
1134 1566 72 21 same
1232 1559 74 30 voice
1338 1559 87 32 which

777 1597 90 32 stilled
881 1598 46 32 the
940 1601 117 37 tempest
1080 1609 35 21 on
1138 1599 45 31 the
1203 1611 44 21 sea
1260 1602 30 30 of
1301 1601 124 33 Gallilee.

777 1642 55 30 and
846 1642 59 30 that
926 1643 75 31 voice
1024 1642 85 39 alone,
1132 1653 49 21 can
1203 1644 60 40 give
1286 1646 74 39 quiet
1373 1647 53 30 and

778 1695 77 29 peac3
869 1686 53 30 and
935 1685 114 39 nobility
1062 1690 28 26 to
1108 1686 75 30 those
1206 1688 68 35 who,
1297 1689 54 30 like
1370 1700 43 21 our-

778 1728 92 39 selves,
894 1740 43 20 are
963 1729 153 42 struggling
1140 1733 28 27 to
1193 1730 33 33 be
1247 1732 54 31 rich
1316 1733 108 42 swiftly.

778 1771 111 34 Success
903 1773 66 32 then
991 1777 30 27 to
1043 1773 45 31 the
1111 1775 159 31 endeavour.
1311 1777 67 40 May
1391 1778 35 30 its

778 1820 148 34 promoters
952 1816 56 30 find
1040 1827 16 19 a
1089 1826 81 21 warm
1205 1819 144 41 sympathy
1374 1821 53 30 and

778 1858 82 39 ready
886 1859 141 30 assistance
1053 1860 69 29 from
1144 1860 37 29 all
1206 1862 97 30 classes
1330 1864 29 28 of
1379 1873 49 21 our

778 1901 101 41 people.
919 1901 46 31 No
978 1912 91 21 season
1081 1903 78 31 could
1170 1902 33 33 be
1218 1914 72 22 more
1302 1907 123 31 suitable.

778 1944 66 31 This
858 1945 23 30 is
894 1945 47 30 the
963 1946 93 39 period
1076 1951 27 25 at
1117 1947 86 30 which
1216 1947 43 31 for
1271 1952 156 29 uncounted

778 1988 134 30 centuries
932 1988 46 30 the
1001 1989 134 30 Christian
1157 1990 108 31 Church
1285 1992 49 31 has
1354 2004 54 21 com-

778 2031 166 31 memorated
966 2031 47 32 the
1037 2031 80 31 death
1138 2034 53 31 and
1212 2036 175 31 resurrection
1399 2037 29 30 of

778 2074 35 30 its
827 2074 76 30 head.
944 2075 100 38 Nearly
1065 2076 124 29 nineteen
1216 2079 136 29 centuries
1377 2090 51 31 ago

777 2116 55 30 this
846 2116 54 40 day
922 2126 49 23 our
994 2116 113 33 Saviour
1128 2118 45 43 lay
1187 2119 27 31 in
1228 2119 48 32 the
1290 2120 97 33 silence
1401 2125 27 28 of

777 2160 46 29 the
848 2159 83 39 tomb,
959 2161 111 40 waiting
1094 2162 64 39 only
1183 2167 29 27 to
1234 2165 130 42 complete
1387 2166 41 32 his

778 2201 74 33 work
877 2203 42 31 for
943 2214 40 22 us.
1026 2203 51 33 We
1103 2205 83 32 heard
1211 2206 46 31 the
1282 2213 75 35 story
1370 2210 57 31 first

777 2246 76 30 when
879 2246 120 32 children
1025 2248 68 30 from
1117 2259 49 20 our
1190 2254 117 37 parent-,
1331 2253 51 31 and
1405 2254 23 31 ife

776 2288 99 32 should
900 2293 49 29 not
974 2290 33 31 be
1032 2292 137 41 forgotten
1195 2304 67 21 now.
1316 2296 33 30 In
1380 2297 46 31 the

776 2332 129 33 churches
918 2344 59 21 now
990 2335 84 32 about
1093 2338 31 28 to
1136 2337 33 30 be
1188 2339 106 31 erected
1307 2351 61 30 may
1382 2342 45 30 the

776 2380 73 37 story
863 2378 55 30 still
931 2377 33 31 be
978 2379 65 38 told,
1057 2384 28 25 to
1100 2379 77 39 bless,
1192 2391 28 20 as
1230 2381 23 30 it
1265 2381 48 32 has
1328 2383 97 34 alwavs

775 2419 113 36 blessed,
901 2420 53 31 and
975 2425 28 27 to
1025 2422 60 40 give
1107 2432 32 22 us
1152 2423 87 32 riches
1258 2425 87 31 which
1359 2427 68 32 shall

775 2462 52 31 last
840 2464 77 31 when
938 2464 45 30 the
1005 2465 63 40 gold
1088 2464 116 33 beneath
1227 2478 50 20 our
1290 2468 55 33 feet
1358 2470 67 33 shall

775 2504 36 33 all
825 2506 33 32 be
870 2516 77 31 gone,
961 2508 54 32 and
1028 2507 47 33 the
1096 2508 70 42 busy
1190 2511 159 33 multitudes
1363 2515 61 31 who

774 2550 64 30 «eok
848 2551 25 29 il
882 2560 70 32 boWj
968 2560 44 22 are
1025 2551 78 33 dead.

811 2673 82 31 Much
915 2674 47 30 has
986 2674 67 32 been
1072 2677 57 30 said
1154 2678 31 31 of
1204 2680 56 30 late
1272 2681 153 42 respecting

774 2714 48 33 the
848 2716 146 42 insecurity
1009 2718 38 33 'of
1067 2720 131 34 Constant
1219 2722 64 41 Bay,
1305 2725 54 31 and
1379 2726 45 32 the

774 2760 100 40 danger
886 2762 143 41 attending
1043 2765 99 29 vessels
1156 2767 109 38 trading
1279 2767 70 31 here.
1371 2768 53 31 For

774 2802 46 29 the
841 2803 175 31 information
1042 2807 28 28 of
1090 2807 76 29 those
1194 2808 61 30 who
1277 2808 88 40 might
1389 2811 34 30 be

773 2844 93 30 misled
888 2845 36 39 by
945 2846 76 30 these
1044 2850 177 38 exaggerated
1243 2855 114 38 reports,
1383 2863 40 21 we

773 2895 60 32 may
858 2890 69 28 state
952 2888 59 32 that
1023 2901 74 20 some
1121 2895 53 26 two
1197 2894 123 30 hundred
1347 2897 69 30 craft

771 2929 67 31 have
851 2931 97 30 visited
962 2932 44 29 the
1022 2938 59 34 port
1095 2934 97 39 during
1205 2935 48 30 the
1267 2939 61 35 past
1342 2948 78 20 seven

772 2972 117 40 months,
903 2973 54 30 and
971 2974 46 30 the
1040 2975 64 40 only
1128 2977 102 31 serious
1244 2978 104 43 mishap
1362 2981 59 32 that

771 3014 47 33 has
831 3017 126 31 occurred
972 3018 99 41 during
1091 3020 59 30 that
1163 3021 65 31 time
1242 3032 53 20 was
1307 3024 46 30 the
1366 3024 54 31 late

770 3060 86 29 wreck
879 3061 29 29 of
929 3060 46 30 the
998 3062 129 31 schooner
1149 3064 73 37 lona,
1248 3065 109 33 neither
1372 3068 47 34 did

769 3101 54 31 this
837 3102 62 33 take
912 3103 75 40 place
996 3104 86 33 either
1091 3106 25 31 in
1130 3109 125 39 enteriug
1268 3118 31 22 or
1312 3109 107 44 leaving

769 3145 48 31 the
839 3146 59 42 bay,
921 3147 48 30 but
992 3158 53 21 was
1069 3150 114 41 entirely
1206 3153 89 40 owing
1319 3158 28 26 to
1372 3156 46 30 the

768 3199 143 21 numerous
947 3192 111 30 arrivals
1094 3193 100 40 having
1220 3196 120 31 crowded
1372 3198 46 31 the

769 3230 69 32 little
852 3233 58 39 bay,
925 3233 53 30 and
989 3244 71 22 some
1075 3235 84 45 heavy
1173 3238 118 33 weather
1303 3239 46 34 led
1363 3245 28 28 to
1402 3254 16 19 a

768 3275 121 33 collision
901 3277 123 32 between
1037 3280 45 30 the
1101 3282 107 31 various
1223 3284 108 31 vessels.
1372 3285 44 32 On

767 3318 46 32 the
839 3321 78 32 other
942 3321 73 32 hand
1041 3323 74 33 there
1135 3325 69 33 have
1225 3325 68 33 been
1314 3330 99 31 several

766 3363 139 33 accidents
931 3368 29 28 to
987 3365 76 32 boats
1085 3368 88 32 which
1193 3369 68 31 have
1283 3373 133 31 ventured

766 3410 48 27 out
846 3412 29 28 to
909 3408 120 41 tranship
1064 3421 154 33 passengers
1253 3414 29 30 in
1323 3416 92 33 uusafe

766 3450 122 39 weather,
903 3462 72 21 some
989 3454 205 43 unfortunately
1206 3459 129 29 attended
1349 3460 64 30 with

764 3494 53 29 loss
830 3495 29 29 of
872 3495 55 30 life.
967 3495 34 32 In
1014 3496 35 31 all
1063 3499 65 30 3uch
1148 3509 72 21 cases
1233 3510 34 21 no
1281 3501 133 33 attention

766 3535 47 32 has
835 3537 69 33 been
926 3539 63 38 paid
1010 3544 28 26 to
1061 3542 45 29 the
1129 3543 100 40 signals
1242 3544 101 36 ashore,
1359 3547 53 30 and

764 3579 74 31 there
852 3592 46 20 can
922 3581 32 29 be
978 3593 33 19 no
1025 3583 84 31 doubt
1131 3586 60 30 that
1215 3597 53 29 any
1281 3593 98 27 master
1390 3589 24 31 is

766 3623 79 31 much
859 3627 28 27 to
900 3623 86 31 blame
1000 3626 59 30 who
1081 3629 89 30 would
1183 3633 113 37 attempt
1309 3635 28 26 to
1352 3631 59 33 land

764 3664 41 32 his
825 3676 159 32 passengers
1006 3669 28 30 in
1058 3670 47 30 the
1128 3671 56 31 face
1207 3673 30 30 of
1255 3674 45 30 the
1314 3675 99 40 danger

764 3708 61 40 flag.
865 3710 94 31 While
983 3712 130 41 referring
1131 3719 28 25 to
1182 3720 109 26 matters
1306 3717 27 30 in
1347 3729 46 21 con-

764 3751 108 33 nection
890 3753 66 31 with
979 3754 45 32 the
1039 3755 97 33 harbor
1149 3758 178 40 department,
1342 3772 53 20 men-

763 3794 58 30 tion
844 3800 72 26 must
940 3797 33 29 be
994 3799 76 29 made
1092 3800 30 29 of
1143 3802 46 28 the
1211 3811 65 30 very
1290 3803 118 34 efficient

762 3837 115 33 services
899 3839 127 32 rendered
1049 3842 54 31 this
1116 3849 62 37 port
1191 3843 36 41 by
1246 3845 47 33 the
1307 3847 90 33 harbor-

762 3884 107 35 master,
890 3883 50 30 Mr.
965 3883 155 44 Beveridge.
1162 3889 55 29 Not
1239 3890 64 42 only
1317 3890 49 33 has
1378 3892 33 32 he

761 3923 69 32 been
856 3937 33 20 on
916 3937 71 20 more
1008 3928 66 32 than
1102 3941 52 21 one
1178 3934 120 30 occasion
1316 3934 82 33 instru-

761 3969 101 30 mental
884 3970 30 30 in
927 3971 93 40 saving
1043 3972 53 39 life,
1121 3974 50 31 but
1185 3976 47 29 has
1245 3977 165 40 throughout

760 4009 138 34 exhibited
913 4013 47 31 the
973 4019 100 26 utmost
1087 4028 60 21 care
1161 4019 55 30 and
1230 4021 140 32 attention.

798 4063 50 31 We
870 4066 166 31 understand
1058 4068 61 31 that
1143 4070 20 29 it
1177 4071 22 29 is
1214 4072 46 29 the
1274 4073 133 33 intention

761 4104 30 30 of
801 4104 47 30 the
866 4106 64 31 Rev.
954 4109 97 30 Father
1065 4110 89 32 Hover
1172 4117 29 26 to
1215 4114 78 30 settle
1307 4116 101 44 herein

759 4146 47 31 the
820 4147 148 41 beginning
989 4152 30 29 of
1040 4151 66 42 May
1119 4157 73 36 next,
1217 4157 75 31 when
1305 4158 35 33 he
1354 4161 53 32 Will

759 4190 61 38 give
832 4192 108 40 regular
960 4195 124 40 religious
1107 4198 113 32 services
1239 4200 63 31 here
1316 4203 52 35 an<J
1381 4210 27 25 at

760 4232 140 43 Brighton,
942 4237 56 32 The
1022 4238 101 32 church
1147 4251 61 20 now
1233 4243 30 31 in
1276 4254 97 23 course-
1380 4249 30 29 of

758 4279 183 30 construction
965 4280 63 31 here
1051 4283 56 30 will
1133 4282 31 32 be
1187 4287 102 37 opened
1302 4288 105 44 shortly

757 4319 37 42 by
808 4320 45 30 the
867 4325 130 30 reverend
1010 4325 163 40 gentleman.

794 4371 57 31 The
865 4376 135 38 necessity
1013 4379 29 28 of
1067 4388 34 19 an
1116 4379 201 40 Improvement
1331 4384 57 31 Com-

758 4413 92 31 mittee
871 4415 124 33 becomes
1015 4419 74 40 daily
1114 4430 71 22 more
1206 4430 104 33 urgent,
1335 4437 71 21 more

759 4458 146 40 especially
917 4459 28 31 in
960 4462 93 39 regard
1062 4465 29 27 to
1104 4463 45 31 the
1161 4464 145 34 formation
1321 4470 29 30 of
1362 4471 44 31 the

758 4503 94 28 streets
865 4502 52 30 and
931 4503 142 41 footpaths,
1088 4506 94 36 which,
1198 4509 74 31 since
1292 4512 48 31 the
1354 4513 52 32 late

759 4541 85 41 heavy
868 4545 79 39 rains,
971 4546 69 33 have
1063 4548 110 33 become
1189 4551 33 30 all
1248 4553 49 30 but
1312 4555 79 43 impas-

759 4585 80 31 sable.
891 4588 98 41 Seeing
1014 4591 59 30 that
1098 4593 56 29 this
1180 4603 61 29 may
1265 4596 32 30 be
1323 4581 82 56 easjilv

759 4628 141 40 remedied,
915 4632 53 32 and
981 4636 28 27 at
1022 4644 35 22 no
1072 4635 180 33 considerable
1266 4641 100 39 outlay,
1382 4644 22 29 it

758 4670 116 33 behoves
887 4675 46 30 the
1091 4680 95 38 people
1199 4684 28 24 to
1241 4682 64 30 take
1319 4693 72 22 neces-

759 4722 59 31 sary
832 4719 73 36 steps
927 4717 42 30 for
989 4717 46 31 the
1049 4719 136 33 initiation
1206 4722 30 30 of
1247 4724 55 31 this
1316 4736 70 23 move-

759 4760 82 28 ment.
894 4757 107 35 Similar
1034 4762 169 34 institutions
1243 4767 68 33 have
1339 4771 64 31 been

758 4798 84 34 found
855 4806 30 27 to
907 4814 104 21 answer
1024 4817 62 29 very
1101 4809 60 30 well
1175 4813 28 25 at
1216 4811 75 30 other
1303 4813 95 36 pla.-es,

757 4849 54 24 and
825 4849 75 26 there
925 4858 49 19 can
995 4849 33 30 be
1052 4861 35 19 no
1108 4852 124 37 question
1255 4854 48 30 but
1317 4856 58 30 that
1388 4868 16 19 a

757 4887 154 31 committee
946 4891 89 30 would
1068 4902 81 32 prove
1175 4894 29 30 of
1227 4895 45 32 the
1304 4903 99 29 utmost

756 4928 94 43 utility
871 4936 28 26 at
922 4933 166 34 Charleston.
1128 4937 58 32 The
1209 4938 53 31 loss
1281 4941 121 33 incurred

755 4971 36 40 by
804 4976 188 40 tradespeople
1006 4978 53 29 and
1074 4978 91 31 others
1178 4980 27 29 in
1219 4990 179 33 consequence

754 5014 30 30 of
791 5014 46 32 the
850 5022 109 34 present
974 5020 139 32 miserable
1126 5027 69 25 state
1210 5025 31 28 of
1261 5026 45 28 the
1318 5032 66 26 town-

753 5057 60 40 ship
835 5064 73 26 must
930 5061 32 30 be
986 5072 65 30 very
1071 5065 189 40 considerable,
1284 5079 29 21 us
1334 5070 22 31 it
1378 5073 22 30 is

752 5101 103 33 certain
868 5103 59 31 that
949 5112 98 33 urgent
1070 5110 131 37 necessity
1219 5110 77 31 alone
1310 5116 88 29 would

751 5142 95 32 induce
869 5156 80 29 many
969 5152 28 24 to
1020 5150 124 37 frequent
1167 5152 99 30 certain
1280 5155 118 38 portions

750 5184 29 29 of
786 5185 45 31 the
842 5191 78 27 town.

911 5232 54 30 Mr.
981 5233 73 30 Nees
1065 5235 53 29 will
1141 5238 111 37 proceed
1262 5242 27 26 to
1308 5239 87 32 West-

741 5265 1 56 I
890 5273 46 31 the
959 5284 113 31 purpose
1085 5277 28 30 of
1133 5278 194 43 inaugurating
1348 5283 47 32 the

747 5313 116 46 opening
876 5316 30 30 of
916 5317 46 30 the
975 5318 57 30 first
1046 5324 83 26 steam
1141 5323 123 31 snw-mill
1280 5325 27 30 in
1324 5325 71 33 West
1403 5313 1 46 ;

895 5357 124 44 Looking
1041 5367 27 25 at
1082 5364 45 29 the
1142 5375 62 29 very
1218 5366 70 40 large
1303 5369 90 40 outlay

972 5404 71 30 work
1070 5406 30 28 of
1134 5407 55 31 this
1222 5408 168 43 description,

743 5440 52 29 and
816 5441 47 32 the
877 5444 78 38 pltuik
970 5447 108 30 evinced
1092 5448 35 39 by
1141 5450 45 31 the
1201 5454 147 38 proprietor
1360 5456 30 31 in

742 5484 122 42 tnteiing
884 5496 73 30 upon
979 5500 30 20 90
1043 5490 219 35 formidable-an
1294 5496 80 33 under-

1447 181 105 41 takiug,
1574 184 24 30 it
1620 185 22 29 is
1665 189 28 27 to
1718 186 32 31 be
1765 187 66 41 hope
1841 192 7 26 i
1864 188 57 31 thnt
1942 189 38 29 his

1447 225 55 31 will
1526 226 31 31 be
1578 228 137 33 rewarded
1738 232 35 38 by
1796 242 15 19 a
1834 232 63 39 long
1911 244 47 18 run
1973 247 14 12 «>
2032 225 4 46 -

1448 270 94 38 perity.
1583 272 55 28 The
1655 282 71 20 same
1740 280 76 33 party
1855 285 47 27 ur}>
1921 286 40 18 ss
1976 288 21 17 e.
2025 270 4 43 .

1447 321 15 19 a
1476 313 120 30 saw-mill
1620 314 70 34 here,
1704 316 51 30 ami
1777 317 46 30 has
1836 329 17 16 *
1866 318 21 29 l-j
1898 326 16 20 :t
1941 319 6 29 1

1448 354 45 31 the
1508 356 79 30 south
1610 357 57 31 side
1682 360 27 28 (if
1735 359 44 29 the
1912 381 30 9 ...
1956 354 3 37 •
1994 363 16 28 ;«

1448 398 80 30 midst
1551 399 31 30 of
1598 411 15 19 a
1627 401 80 30 forest
1727 402 29 29 of
1779 403 68 30 tbno
1865 416 9 16 r
1907 417 13 8 ••

1449 441 43 30 red
1507 442 61 39 pine
1583 454 34 20 on
1632 444 53 30 this
1698 446 55 29 .side
1777 454 43 21 tne
1892 441 52 40 ■
1945 441 20 40 •

1448 484 81 32 north
1543 486 70 32 bank
1628 488 79 31 white
1721 491 68 38 pi;ie.
1839 495 40 26 Ou
1894 484 13 45 >.
1933 484 2 45 .
2011 484 4 45 .

1450 536 26 22 to
1499 529 45 30 the
1566 531 62 33 site,
1650 533 47 29 the
1718 541 123 22 observer
1875 550 7 12 v

1449 572 93 30 struck
1576 574 63 30 with
1681 575 35 29 its
1747 575 113 31 advajt<

1449 614 105 32 clothed
1578 627 35 19 on
1627 617 84 31 either
1732 618 69 29 bank
1829 630 11 15 a
1849 620 5 28 i
1873 614 12 35 .»
1912 614 4 35 .

1449 658 27 29 of
1489 658 129 31 available
1641 660 95 31 timber
1749 662 54 29 will
1822 664 33 26 <lu
2061 658 4 35 .
2104 658 3 35 ,

1449 701 131 32 siderable
1594 702 77 34 labor,
1686 704 26 30 in
1736 704 124 41 briniiiig
1903 718 24 15 >■.

1450 755 29 19 as
1520 744 22 30 it
1587 745 22 31 is
1648 746 129 32 intended
1808 753 30 25 to
1878 750 16 28 ri
1914 773 11 4 ..
1980 750 14 28 i>
2064 759 6 5 '
2102 756 5 20 !

1451 787 44 29 the
1521 789 130 37 saw-mill,
1671 789 86 31 where
1779 790 63 39 tiny
1867 802 20 19 w
1903 787 4 42 i
1913 794 5 17 :

1451 841 70 28 upon
1535 830 46 30 the
1602 832 89 30 beams
1712 833 35 37 by
1766 843 94 21 means
1882 837 27 27 <>i
1984 829 3 41 •
1994 829 4 41 >
2044 841 31 24 :v
2075 841 16 24 :
2103 829 4 41 I

1450 872 86 31 winch
1561 874 122 30 attached
1715 879 29 26 to
1771 876 44 29 the
1838 879 100 35 'engioi

1450 915 82 30 exists
1545 916 62 39 only
1629 927 49 20 one
1700 917 139 31 drawback
1866 929 27 20 to
1909 927 27 22 u
1968 931 11 29 j-

1451 957 46 32 the
1511 962 137 37 steepness
1660 960 28 30 of
1700 960 47 30 the
1767 961 64 31 road
1851 962 11 30 f
1881 973 11 19 r
1915 974 15 18 a
2041 965 39 32 dis-

1450 1004 76 28 tance
1549 1002 89 30 before
1660 1003 127 41 reaching
1809 1005 46 30 the
1879 1008 73 28 rive-..
1997 1002 2 42 :
2014 1002 3 42 ;
2042 1007 65 37 tbi*;

1450 1043 92 33 defect
1556 1056 61 29 may
1631 1046 31 30 be
1683 1046 134 31 remedied
1839 1058 28 20 at
1888 1058 136 24 rao>e.r.;.v
2038 1054 57 27 cost

1450 1087 36 38 by
1509 1098 92 20 means
1623 1089 29 29 of
1670 1099 16 20 a
1707 1090 115 40 cutting.
1862 1091 5 11 r
1868 1091 49 32 iiie
1940 1093 56 30 nail
2018 1095 23 28 is
2055 1103 28 22 ex-

1450 1131 98 39 pected
1561 1135 30 27 to
1604 1131 33 33 be
1650 1132 28 31 in
1696 1132 121 42 working
1830 1135 80 31 order
1923 1136 28 30 in
1965 1148 15 18 a
1996 1148 12 18 v
2020 1138 48 29 eek

1486 1174 41 39 By
1540 1185 50 19 our
1614 1164 166 53 adiei-tising
1805 1176 123 33 columns
1954 1183 11 25 t
1991 1179 51 31 wili
2064 1180 33 29 be

1449 1226 61 20 seen
1525 1217 59 30 that
1605 1217 106 31 Messrs.
1740 1218 113 32 Roberts
1866 1230 22 20 >u
1914 1233 31 18 an
1959 1217 4 36 i
1980 1221 45 32 Co.
2042 1217 50 36 w;'

1449 1259 48 31 sell
1520 1260 60 30 that
1593 1260 170 35 well-known
1783 1261 129 36 hostelry.
1934 1265 46 30 the
2090 1259 3 38 •

1452 1302 88 37 Hotel,
1556 1314 33 19 on
1604 1291 96 54 Friday
1716 1309 71 25 next.
1829 1305 79 32 From
1926 1315 27 22 tu
1991 1323 13 14 ,*
2018 1326 13 12 ,•
2048 1320 47 19 ;e>

1450 1343 86 34 dents,
1544 1346 29 30 of
1592 1346 44 31 the
1648 1347 70 34 ajucti
1725 1357 81 27 jneer,
1823 1350 58 30 who
1895 1350 47 30 has
1957 1352 62 29 been
2036 1357 61 35 iong

1449 1387 53 31 and
1528 1389 139 41 favorably;
1688 1390 100 31 known
1817 1403 26 21 m
1861 1393 46 31 the
1938 1394 107 39 oUusjs,
2064 1408 33 17 no

1449 1430 86 32 doubt
1549 1432 45 31 the
1608 1436 67 30 true;
1690 1434 77 30 value
1782 1434 30 30 of
1833 1436 45 29 die
1902 1448 125 28 property
2044 1439 51 30 wiij

1449 1474 32 29 be
1496 1475 118 30 realized,
1649 1483 32 22 .r

1488 1517 52 29 We
1554 1527 43 20 are
1726 1518 108 31 observe
1853 1519 48 33 thy
1987 1528 112 26 fitment

1450 1558 28 31 of
1490 1569 16 20 a
1519 1557 137 34 detective
1669 1561 89 31 officer
1770 1561 28 31 in
1817 1563 52 31 thi-<
1898 1568 18 27 i.
1937 1557 53 51 ~\c
2012 1568 25 29 in
2053 1569 45 29 the
2108 1557 1 51 j

1451 1613 95 29 person
1559 1604 30 30 of
1599 1604 51 30 Mr.
1664 1592 142 59 jLtmnert,
1825 1617 70 19 wnos
1924 1610 174 33 antscolents

1450 1646 29 30 iu
1491 1646 60 30 that
1564 1646 120 41 capacity
1698 1646 67 33 have
1784 1650 99 31 earned
1895 1651 59 31 Van*
1978 1664 15 19 a
2015 1664 68 21 favor-

1450 1688 61 33 able
1523 1690 158 42 reputation,

1593 1796 159 50 CHURCH
1772 1803 182 34 MEETING.

1488 1885 26 31 A
1529 1885 90 41 public
1634 1889 115 41 meeting
1763 1899 52 21 was
1829 1890 63 32 held
1906 1894 26 29 in
1944 1895 45 30 the
2002 1896 80 30 Court-

1451 1928 82 31 house
1547 1940 34 19 on
1599 1931 168 40 Wednesday
1780 1935 113 40 evening
1907 1937 59 31 last,
1993 1940 40 28 for
2053 1940 44 30 the

1451 1982 114 30 purpose
1579 1973 29 30 of
1620 1973 94 42 taking
1728 1981 73 38 steps
1817 1978 40 30 for
1871 1979 47 30 th.;
1932 1983 117 31 eivccion
2069 1985 29 30 of
2106 1965 3 54 I

1452 2025 16 21 a
1483 2015 153 33 Protestant
1650 2018 105 33 Church
1770 2025 28 25 at
1810 2022 165 33 Charleston.

1488 2059 43 28 Mr
1544 2060 114 30 Thomas
1673 2072 50 20 was
1739 2062 77 31 voted
1830 2066 27 27 to
1872 2064 46 31 the
1940 2067 81 40 chair,
2043 2072 66 30 audi

1434 2101 1 44 ,
1451 2101 142 41 explained
1617 2105 45 29 the
1682 2106 89 39 object
1793 2107 43 30 for
1849 2108 87 32 which
1951 2111 47 31 the
2017 2119 64 26 meet-

1453 2144 46 41 ing
1512 2156 54 20 was
1586 2147 90 32 called.

1488 2189 56 31 The
1557 2191 66 29 Rev.
1639 2192 44 30 Mr
1696 2192 94 31 White
1805 2194 62 31 then
1881 2205 57 21 rose
1952 2198 53 29 and
2020 2201 76 30 made
2107 2184 2 49 i

1450 2242 16 20 a
1478 2232 52 32 few
1543 2236 166 38 appropriate
1723 2238 117 31 remarks
1853 2249 29 20 as
1902 2245 27 24 to
1944 2241 45 30 riie

1451 2276 53 41 sity
1517 2276 89 31 which
1619 2289 60 20 now
1693 2281 82 30 exists
1789 2281 43 32 for
1845 2293 15 19 a
1874 2284 75 39 place
1963 2286 30 28 of
2005 2276 104 49 public!

1451 2320 115 40 worship
1577 2321 27 30 in
1618 2321 164 33 Charleston.

1487 2363 27 30 It
1538 2374 51 20 was
1603 2364 66 31 then
1691 2368 120 30 resolved
1834 2368 59 31 that
1907 2375 75 35 steps
2001 2371 96 32 should
2107 2363 2 47 1

1450 2405 34 32 be
1497 2407 184 41 immediately
1693 2411 81 30 taken
1794 2412 42 29 for
1851 2413 46 30 the
1916 2413 101 40 objects
2039 2426 44 29 pro-

1450 2450 90 38 posed,
1566 2450 54 31 and
1646 2452 58 32 that
1730 2454 46 31 the
1812 2457 128 38 proposed
1974 2458 123 40 building

1450 2493 95 31 should
1571 2493 33 31 be
1629 2497 86 31 called
1739 2498 46 30 the
1813 2498 172 39 Evangelical
2008 2502 87 31 Union

1450 2535 113 34 Church.

1488 2581 24 31 A
1527 2586 156 38 permanent
1703 2586 150 31 Committee
1876 2587 29 32 of
1930 2589 82 37 three,
2036 2601 46 21 con-

1448 2624 99 42 sisting
1568 2627 30 29 of
1617 2628 45 31 Mr
1683 2626 98 34 White.
1803 2629 43 30 Mr
1861 2631 162 39 M'Farland,
2045 2634 52 30 aud

1450 2662 44 35 Mr
1507 2665 73 34 Bees
1603 2671 144 39 werejhpn
1761 2671 109 40 elected,
1884 2676 53 31 aud
1947 2687 16 19 a
1973 2678 124 42 working

1448 2711 153 32 committee
1610 2713 30 30 of
1650 2713 95 32 Messrs
1757 2711 236 47 Jones~(warderi),
2004 2721 91 37 Yates,

1450 2753 125 38 M'Kear,
1609 2751 109 43 Legatt,',
1749 2757 90 40 Kelly,
1874 2759 107 34 Parker,
2008 2762 86 38 (.'rate,

1448 2794 114 37 Renton,
1585 2796 182 38 Christenson,
1791 2800 123 34 Thomas,
1937 2803 158 38 Chambers,

1447 2836 138 40 Cameron,
1601 2838 164 43 Handyside,
1782 2842 94 39 Bruce,
1891 2845 54 31 and
1959 2847 134 32 Mitchell.

1447 2880 37 31 At
1496 2892 18 19 a
1526 2883 152 30 committee
1692 2888 123 34 meeting,
1830 2887 62 29 held
1907 2898 34 18 on
1955 2890 140 37 Thursday

1447 2924 116 41 evening
1576 2924 28 29 in
1619 2923 46 31 the
1676 2935 71 22 same
1771 2927 81 40 place,
1867 2928 22 30 it
1905 2939 53 21 was
1973 2932 122 31 resolved

1444 2965 60 33 that
1519 2967 77 41 plans
1610 2968 29 31 of
1650 2980 15 19 a
1678 2970 106 38 church,
1800 2972 35 30 25
1854 2972 58 31 feet
1928 2974 33 38 by
1980 2976 35 29 40
2029 2977 64 35 feet,

1445 3009 31 31 be
1490 3011 146 37 obtained;
1657 3013 61 30 that
1740 3015 45 30 the
1810 3017 107 29 various
1938 3018 155 38 gentlemen

1443 3054 167 41 comprising
1635 3055 46 30 the
1723 3058 152 31 committee
1906 3069 111 24 canvass
2049 3062 44 31 the

1444 3097 87 32 whole
1545 3097 108 32 district
1666 3100 41 30 for
1719 3102 202 40 subscriptions,
1937 3106 52 29 and
2005 3106 60 29 that
2078 3118 15 18 a

1442 3141 117 30 suitable
1572 3143 52 30 site
1639 3143 31 29 be
1697 3144 127 31 obtained
1846 3146 42 29 for
1902 3146 45 31 the
1961 3149 129 40 baiiding.
2104 3141 2 48 j

1442 3182 58 32 The
1526 3185 134 31 members
1681 3186 28 31 of
1735 3188 47 32 the
1809 3189 152 33 committee
1987 3193 119 32 seemed'

1441 3236 66 32 very
1529 3228 136 34 confident
1688 3243 29 19 as
1740 3237 28 26 to
1791 3234 45 30 the
1859 3235 96 32 results
1971 3238 28 28 of
2022 3237 72 31 their

1441 3271 99 38 efforts,
1556 3274 53 30 and
1624 3275 23 30 if
1657 3275 45 31 the
1716 3287 74 22 same
1805 3287 99 31 energy
1927 3280 34 32 be
1984 3280 108 32 infused

1439 3315 59 30 into
1523 3316 37 30 all
1574 3317 69 32 their
1655 3321 180 41 proceedings
1853 3333 29 19 as
1902 3323 68 31 have
1984 3324 91 31 charac-

1439 3359 99 30 terised
1552 3360 47 33 the
1613 3365 75 36 start,
1704 3363 75 32 there
1793 3364 22 31 is
1829 3375 33 20 no
1876 3365 87 33 doubt
1978 3368 28 31 of
2020 3368 72 32 their

1438 3412 114 23 success.

1532 3506 146 32 MINING
1707 3508 284 31 INTELLIGENCE

1474 3592 58 32 The
1546 3592 88 41 heavy
1654 3593 106 31 rainfall
1783 3594 99 41 during
1895 3595 46 31 the
1958 3598 71 30 week
2044 3598 45 31 ha*

1437 3635 125 42 supplied
1577 3647 15 19 a
1606 3640 70 26 want
1692 3636 85 32 which
1790 3648 53 20 was
1871 3639 78 39 being
1963 3641 126 41 seriously

1436 3678 51 32 felt
1500 3680 37 38 by
1550 3678 46 30 the
1619 3678 124 42 working
1767 3683 177 38 community,
1959 3683 54 32 and
2027 3685 23 30 it
2063 3686 23 30 is

1436 3721 71 40 fully
1530 3721 164 41 anticipated
1718 3723 59 30 that
1800 3723 46 32 the
1860 3725 103 39 parcels
1977 3727 29 29 of
2026 3730 62 36 gold

1436 3765 113 35 offering
1570 3765 42 30 for
1634 3765 55 30 sale
1711 3765 54 30 will
1786 3767 98 30 exceed
1904 3769 184 37 considerably

1435 3807 48 32 the
1498 3807 146 42 quantities
1667 3807 126 42 disposed
1808 3810 28 31 of
1858 3811 98 41 during
1969 3813 45 30 the
2028 3821 59 33 past

1436 3853 101 28 month.

1471 3895 86 41 Large
1579 3894 124 32 numbers
1726 3897 28 29 of
1776 3897 99 31 miners
1897 3897 66 32 have
1980 3900 104 33 flocked

1436 3937 66 32 back
1517 3942 29 27 to
1568 3939 158 31 Charleston
1752 3938 68 32 from
1843 3941 44 31 the
1912 3942 98 32 Buller.
2034 3947 51 29 and

1436 3991 39 21 we
1489 3982 64 31 hear
1566 3993 16 20 a
1604 3983 54 30 still
1684 3983 85 40 larger
1782 3984 113 31 number
1915 3995 61 31 may
1998 3988 33 28 be
2045 3999 28 20 ex-

1434 4026 101 37 pected.
1589 4026 28 30 It
1630 4026 35 39 by
1680 4037 34 19 no
1728 4037 90 19 menus
1832 4028 103 30 follows
1947 4030 70 30 from
2031 4031 53 31 this

1433 4067 59 30 that
1505 4070 47 29 the
1566 4070 64 29 rush
1643 4070 23 29 is
1685 4069 213 40 unsatisfactory,
1925 4071 46 30 but
1994 4073 21 30 it
2029 4075 54 30 still

1434 4111 129 31 indicates
1589 4112 59 30 that
1674 4113 47 30 the
1747 4113 103 39 ground
1865 4113 21 30 is
1910 4114 86 32 either
2020 4127 63 31 very

1433 4154 116 32 difficult
1581 4160 29 26 to
1637 4155 83 33 work,
1746 4157 28 27 of
1801 4156 104 31 limited
1930 4163 104 34 extent,
2056 4172 29 20 or

1432 4198 178 40 exaggerated
1635 4209 29 21 as
1686 4203 27 25 to
1737 4199 36 30 its
1799 4200 126 31 richness.
1968 4204 37 27 At
2031 4214 53 30 any

1432 4245 57 26 rate
1502 4242 73 29 there
1589 4252 45 20 are
1648 4242 88 40 ample
1756 4244 195 36 opportunities
1965 4245 61 30 here
2041 4247 41 30 for

1432 4284 35 29 all
1477 4294 114 27 comers,
1606 4285 52 30 and
1666 4284 46 31 the
1723 4284 134 37 workings
1869 4297 28 20 as
1911 4298 15 20 a
1935 4287 57 31 rule
2001 4288 82 42 being

1431 4327 120 37 shallow,
1575 4327 64 30 offer
1664 4327 189 35 considerable,
1870 4330 162 39 advantages
2053 4340 28 23 to

1431 4369 76 31 those
1528 4370 139 40 possessed
1680 4370 30 29 of
1730 4369 47 30 but
1791 4371 102 31 limited
1918 4383 98 21 means.
2057 4376 22 29 A

1431 4412 103 39 project
1547 4412 22 29 is
1583 4413 27 30 in
1625 4413 69 31 view
1718 4413 40 29 for
1770 4414 149 41 supplying
1933 4417 46 28 the
1995 4417 86 41 plains

1432 4456 65 29 with
1513 4459 81 27 water
1607 4456 86 30 raised
1705 4456 67 30 from
1796 4458 47 29 the
1865 4458 63 30 Nile
1942 4459 35 39 by
1992 4471 89 20 means

1430 4499 30 28 of
1471 4498 159 40 hydraulics.
1671 4498 101 31 Should
1793 4500 53 31 this
1870 4503 63 27 turn
1947 4507 47 24 out
2009 4513 56 31 prac-

1430 4541 107 38 ticable,
1552 4542 51 30 and
1620 4544 30 27 be
1664 4542 102 30 carried
1789 4543 58 30 into
1874 4544 84 32 effect,
1974 4545 21 28 it
2010 4552 69 24 must

1430 4593 80 28 prove
1524 4595 33 19 an
1585 4584 127 31 immense
1734 4584 99 32 benefit
1857 4588 29 29 to
1900 4585 45 31 the
1959 4586 117 39 district,

1430 4627 44 31 the
1488 4628 113 38 scarcity
1627 4628 28 29 of
1680 4628 45 29 the
1747 4639 118 27 aqueous
1892 4630 66 28 fluid
1980 4631 100 38 having

1430 4670 67 28 been
1512 4670 117 28 hitherto
1643 4679 47 19 our
1704 4669 55 29 sole
1773 4671 149 27 drawback.

1468 4711 43 32 On
1538 4713 45 31 the
1612 4711 102 32 Middle
1740 4712 61 31 Flat
1827 4714 46 30 the
1900 4715 99 31 miners
2013 4716 65 32 have

1429 4755 66 32 been
1510 4757 83 38 doing
1606 4757 87 29 better
1715 4757 116 38 latterly,
1859 4758 52 30 and
1926 4760 20 28 it
1961 4761 62 37 only
2039 4772 26 18 re-

1428 4800 88 38 quires
1529 4810 16 20 a
1557 4800 70 39 good
1649 4804 79 24 water
1752 4800 98 40 supply
1874 4805 27 25 to
1922 4812 82 29 prove
2020 4803 58 29 that

1428 4842 45 29 tiie
1488 4842 86 29 whole
1589 4842 27 28 of
1630 4841 53 30 this
1697 4841 46 29 flat
1754 4843 21 28 is
1788 4841 119 41 payable.

1465 4885 80 31 From
1571 4884 172 39 Candlelight
1768 4886 47 32 the
1842 4892 99 33 reports
1968 4899 44 20 are
2036 4901 28 19 ex-

1427 4930 138 38 ceedingly
1588 4929 141 35 favorable,
1751 4929 52 29 and
1827 4929 45 29 the
1894 4930 91 30 claims
1999 4942 62 28 gene-

1427 4971 68 39 rally
1516 4974 46 28 not
1576 4971 147 36 exceeding
1745 4974 53 27 two
1824 4971 56 31 feet
1903 4972 28 30 in
1946 4975 91 37 depth,
2062 4986 15 18 a

1425 5014 71 40 large
1510 5023 110 21 amount
1634 5014 29 28 of
1674 5014 73 28 work
1760 5014 22 28 is
1797 5014 79 38 being
1889 5019 46 35 got
1949 5016 124 42 through.

1463 5058 35 29 At
1522 5057 46 30 the
1583 5067 58 20 rear
1666 5056 29 31 of
1715 5056 46 31 the
1789 5056 125 32 Darkie's
1933 5058 112 32 Terrace
2059 5073 16 18 a

1426 5111 58 18 new
1499 5100 62 29 rush
1575 5105 40 24 set
1629 5101 26 28 in
1670 5099 95 37 during
1791 5099 44 28 the
1850 5110 38 18 we
1890 5116 9 13 t
1900 5101 23 28 ;k
1938 5102 52 28 and
2004 5104 70 36 good

1422 5142 104 39 ground
1549 5141 105 40 opened
1682 5151 42 30 up.
1776 5140 56 31 The
1859 5141 59 31 lend
1945 5143 21 30 is
1995 5143 79 43 being

1422 5186 91 30 traced
1539 5186 58 30 into
1623 5186 46 29 the
1695 5195 76 28 spurs
1797 5186 117 37 running
1943 5186 57 29 into
2027 5189 45 29 the

1420 5227 98 41 higher
1531 5231 122 31 terraces,
1669 5226 52 31 and
1735 5226 72 30 there
1822 5227 21 29 is
1858 5238 77 28 every
1950 5238 94 30 prospe
2055 5237 17 24 *t

1420 5272 28 27 of
1461 5270 67 40 deep
1541 5270 104 40 ground
1660 5270 80 40 being
1752 5270 105 38 opened
1872 5271 29 28 of
1912 5282 16 19 a
1942 5272 128 39 precisely

1418 5313 102 32 similar
1555 5320 92 25 nature
1686 5321 27 22 to
1751 5313 44 29 the
1829 5313 76 31 Fox's
1938 5316 130 39 diggings.

1418 5356 102 30 Should
1535 5357 54 29 this
1602 5357 30 29 be
1646 5355 118 35 realized,
1775 5355 53 30 and
1841 5356 19 29 it
1874 5357 22 29 is
1907 5357 162 41 confidently

1417 5400 129 39 expected
1559 5400 22 30 it
1595 5399 61 38 will,
1673 5400 74 29 these
1759 5397 123 41 diggings
1897 5400 52 29 will
1964 5410 103 22 assume

1416 5452 15 19 a
1446 5454 63 28 very
1522 5443 138 30 extensive
1674 5442 151 37 character;
1845 5451 29 20 as
1890 5443 20 29 it
1924 5443 31 32 is,
1971 5444 97 32 rushes

1415 5490 42 26 set
1470 5487 29 31 iu
1514 5485 95 32 almost
1632 5485 72 40 daily
1720 5495 61 20 over
1793 5484 46 31 the
1853 5486 139 32 extensive
2008 5489 61 31 fiats

2120 197 6 24 i
2151 193 3 42 '
2170 202 13 18 o
2204 207 14 11 •.
2236 203 49 19 ;.c:t
2309 203 38 20 we
2371 193 102 32 borrow
2495 195 46 31 the
2560 196 114 39 original
2688 207 76 21 name

2275 247 10 8 -
2312 241 18 25 t.
2343 237 49 28 and
2403 237 4 43 -
2420 237 18 29 It
2443 237 89 40 hough
2542 237 74 30 these
2629 239 143 41 workings,

2315 281 4 37 1
2345 284 156 34 permanent
2514 292 16 18 a
2549 281 134 33 character
2696 294 29 20 as
2738 287 27 27 at

2252 333 5 5 •
2287 322 22 30 is
2323 322 68 40 fuliy
2413 324 287 42 counkrbalancedby
2718 327 47 32 the

2220 381 7 11 v
2281 365 51 30 lof
2349 376 52 30 pay
2405 366 62 40 aMy
2482 368 149 31 auriferous
2645 375 116 36 country.

2260 414 80 23 iiltOlV
2378 420 18 19 Vt
2403 420 45 19 OTK
2454 421 56 30 !l)gS
2537 421 63 32 vary
2627 413 79 31 much
2737 414 28 32 in

2298 457 20 25 tt
2332 456 41 40 •-.
2400 463 55 30 part
2471 466 97 20 miners
2581 467 61 29 may
2657 456 33 32 be
2704 468 61 21 seen

2323 507 37 21 •rr;
2386 514 8 4 -
2420 505 71 22 roots
2514 499 53 29 raid
2580 499 92 30 mould
2685 510 16 19 a
2713 500 52 31 few

2386 540 43 28 irL
2490 541 52 30 and
2556 541 65 32 hard
2634 542 35 39 by
2682 552 15 20 a
2711 544 56 30 foot

2290 592 7 7 r
2300 583 4 35 <
2313 591 24 27 -]>
2353 583 135 29 'emer.Ud
2503 584 65 31 sand
2588 585 121 32 contains
2721 587 46 30 the

2282 627 2 43 1
2307 634 19 19 r<:
2336 634 102 20 h-ronce
2452 632 28 23 to
2494 628 45 29 the
2556 628 86 35 latter,
2656 639 40 21 we
2707 641 60 29 may

2192 675 27 24 V
2269 688 9 6 -
2309 671 17 24 'd
2349 677 70 19 fsoinc;
2440 668 61 39 plan
2517 680 65 21 were
2595 672 116 40 adopted
2725 674 42 30 for

2488 713 85 31 either
2592 715 36 40 by
2641 720 85 27 water
2739 728 29 19 or

2266 762 31 20 or.
2328 762 12 19 a
2368 755 97 28 certain
2496 756 51 41 [.ile
2561 758 87 31 would
2666 761 97 31 reward
2773 755 1 42 I

2398 808 113 29 present;
2536 801 46 29 the
2608 806 105 25 cement
2744 804 22 29 is

2253 841 33 35 by
2300 848 89 19 means
2404 839 25 29 of
2453 851 13 18 a
2492 841 66 31 kind
2583 844 28 30 of
2636 846 130 36 paviour's

2287 881 64 28 'i'.icb
2376 881 62 29 does
2452 882 46 30 the
2512 886 75 30 work
2605 896 66 30 very
2683 888 71 32 ineffi-

2334 935 50 28 ■:ng
2393 925 71 32 band
2474 926 73 33 labor
2559 929 23 30 is
2595 940 15 20 a
2622 940 66 32 very
2701 933 65 30 slow

2274 966 84 31 There
2372 978 41 19 are
2428 970 117 33 millions
2558 973 30 30 of
2598 975 61 29 tons
2673 974 30 31 of
2713 975 54 31 this

2120 1012 109 34 remcnt,
2245 1009 85 30 which
2353 1011 87 30 would
2465 1013 138 34 doubtless
2621 1026 52 30 pay
2686 1018 65 31 hand-

2128 1052 93 39 ■omely
2253 1053 21 29 if
2314 1053 108 31 worked
2463 1065 71 30 upon
2563 1069 35 21 an
2634 1062 133 39 approved

2120 1095 134 42 principle.

2153 1213 234 72 European
2420 1218 314 76 Intelligence.

2241 1340 76 31 THE
2337 1341 147 33 UNITED
2505 1347 144 35 STATES.

2157 1394 59 33 The
2234 1397 121 32 Atlantic
2374 1401 74 29 cable
2470 1413 117 33 conveys
2608 1408 47 30 the
2674 1410 80 40 impor-

2121 1442 61 26 tant:
2195 1439 170 33 information
2381 1442 67 30 from
2472 1445 66 31 New
2554 1448 73 31 York
2642 1451 60 32 that
2720 1455 46 30 the

2121 1479 96 32 House
2233 1483 29 29 of
2281 1483 233 40 Representatives
2533 1493 96 36 passed
2643 1505 15 19 a
2671 1496 84 33 resolu-

2124 1527 54 26 tion
2206 1524 40 30 for
2270 1526 46 31 the
2348 1528 197 40 impeachment
2567 1536 30 29 of
2627 1538 141 34 President

2121 1566 133 31 Johnston
2316 1571 56 30 The
2397 1573 141 42 Judiciary
2564 1577 160 38 Committee
2745 1585 23 31 is

2122 1620 152 26 ex.nnmru
2287 1613 168 40 thegrounds
2469 1618 40 30 for
2516 1619 42 31 the
2563 1622 205 42 impeachment.

2159 1653 56 33 The
2244 1656 137 33 President
2406 1660 46 31 has
2478 1665 95 32 vetoed
2599 1667 45 32 the
2671 1670 93 37 Negro

2123 1696 120 42 Suffrage
2259 1700 58 30 Bill.

2159 1742 55 28 The
2354 1744 73 31 York
2596 1759 95 28 asserts
2710 1758 58 32 that

2123 1784 42 30 Mr
2177 1784 125 31 Johnson
2317 1787 46 29 has
2388 1789 110 33 decided
2512 1797 30 26 to
2565 1796 95 31 adhere
2680 1803 27 27 to
2727 1801 41 33 his

2122 1829 207 29 reconstruction
2343 1830 95 41 policy.

2159 1872 43 28 On
2225 1872 151 33 Christinas
2399 1875 58 41 Day
2479 1877 37 33 M.
2538 1879 155 46 Barthemy,
2722 1888 46 31 the

2121 1924 58 19 new
2194 1913 101 32 French
2310 1916 129 41 Minister,
2453 1930 54 21 was
2528 1927 143 37 presented
2683 1931 28 28 to
2724 1930 45 32 the

2126 1957 6 30 1
2145 1956 125 34 refticleut,
2287 1957 74 34 when
2385 1960 82 42 hopvs
2489 1975 70 22 were
2582 1974 139 34 expressed
2735 1985 34 19 on

2122 2001 62 28 both
2201 2001 69 29 side's
2285 2002 41 28 for
2351 2004 47 28 the
2421 2008 175 31 continuance
2610 2012 27 29 of
2652 2013 118 43 friendly

2121 2043 127 30 relations
2262 2043 78 31 betw-
2351 2055 31 21 en
2397 2047 47 31 the
2460 2055 52 26 two
2526 2056 143 30 countries.

2159 2086 179 40 Tranquillity
2363 2089 78 42 being
2455 2095 115 31 restored
2589 2097 30 32 in
2633 2099 137 44 Missouri,

2122 2128 115 33 General
2272 2130 84 32 Grant
2390 2133 47 36 has
2474 2144 225 31 countermanded
2723 2147 48 32 the

2121 2173 76 30 order
2213 2175 38 27 lor
2265 2174 148 43 stationing
2426 2180 119 32 national
2558 2187 71 38 troop
2629 2187 29 38 3.

2157 2215 56 31 The
2241 2218 89 37 public
2355 2220 64 31 debt
2433 2223 27 29 of
2485 2225 48 32 the
2559 2226 103 35 United
2681 2232 90 34 States

2120 2260 144 30 amounted
2299 2272 35 20 on
2368 2264 46 29 the
2449 2267 41 31 Ist
2523 2269 29 31 of
2590 2272 122 38 January
2742 2281 31 27 to

2122 2303 116 37 2,675.0*
2244 2303 91 37 >O,OOO
2349 2305 106 33 doiiars.

2159 2346 52 31 jlei
2242 2346 115 41 Majesty
2366 2361 12 19 s
2406 2351 123 33 Minister
2550 2359 30 28 at
2594 2357 176 45 Washington

2122 2388 48 29 han
2194 2397 64 23 t>een
2286 2391 150 33 instructed
2458 2399 28 27 to
2510 2403 130 31 ascertain
2655 2405 118 33 whether

2122 2431 61 31 that
2197 2432 186 33 Government
2396 2438 22 29 is
2433 2443 126 37 prepared
2578 2448 28 26 to
2620 2452 93 36 accept
2726 2450 46 30 the

2121 2475 130 40 principle
2274 2476 29 29 of
2321 2478 158 35 arbitration
2500 2494 73 32 upon
2592 2488 46 30 the
2651 2492 121 40 pending

2122 2518 154 31 differences
2311 2521 104 43 arising
2441 2530 47 26 out
2513 2528 29 30 of
2566 2530 45 31 the
2637 2531 53 34 late
2708 2536 64 34 civil

2121 2572 61 21 war.
2208 2563 125 40 provided
2359 2576 35 21 an
2417 2577 153 29 agreement
2592 2585 48 20 can
2653 2577 33 30 be
2700 2589 72 23 come

2123 2610 26 24 to
2162 2617 28 19 a*
2204 2611 28 25 to
2255 2608 44 28 the
2321 2609 90 37 points
2433 2615 28 28 to
2486 2614 85 32 which
2584 2618 66 32 such
2662 2620 97 35 arbitra-

2121 2648 57 32 tion
2192 2648 95 33 should
2300 2652 89 41 apply.

2388 2739 122 32 ITALY.

2156 2777 26 29 A
2196 2781 87 34 report
2297 2778 48 31 hits
2359 2779 65 31 been
2437 2782 149 36 addressed
2600 2789 30 30 to
2640 2789 47 31 the
2697 2791 74 35 King

2119 2819 35 40 by
2170 2819 46 30 the
2231 2820 127 33 Minister
2371 2827 26 26 o{
2427 2825 73 39 War,
2514 2833 143 37 proposing
2669 2836 100 30 certain

2120 2873 27 17 re
2158 2863 116 32 luC(«ions
2310 2865 29 28 in
2364 2866 44 29 the
2436 2869 115 41 military
2584 2875 185 38 expenditure,

2120 2902 84 31 which
2219 2903 53 32 will
2288 2905 125 33 diminish
2429 2909 43 31 the
2488 2910 101 44 budget
2603 2917 31 29 of
2655 2918 46 31 the
2714 2930 56 21 war

2119 2946 173 40 department
2305 2949 42 31 for
2364 2951 70 32 18(37
2448 2956 29 28 to
2488 2956 82 31 about
2585 2959 184 39 140,000,000

2119 2989 55 30 lire.

2154 3033 25 30 A
2192 3034 152 33 committee
2358 3036 27 31 of
2404 3037 201 44 investigation,
2618 3047 149 41 appointed

2119 3075 33 40 by
2168 3077 45 29 the
2230 3078 79 38 Kin:;,
2321 3085 104 34 reports
2439 3086 59 27 that
2509 3084 134 34 Venetian
2651 3090 117 31 archives

2117 3118 66 31 have
2199 3120 63 30 been
2279 3123 122 30 removed
2428 3125 35 39 by
2485 3127 45 31 the
2552 3129 141 34 Austrians
2707 3143 44 31 pre-

2118 3162 102 40 viously
2236 3168 26 26 to
2284 3164 47 33 the
2352 3167 92 33 record
2468 3170 86 34 offices
2567 3173 81 44 being
2660 3176 107 34 handed

2116 3217 68 20 over.

2356 3299 172 35 AUSTRIA.

2154 3337 42 30 An
2224 3337 127 43 Imperial
2379 3342 81 33 letter
2481 3350 91 36 grants
2596 3361 16 20 a
2636 3353 130 40 complete

2115 3387 121 34 amnesty
2262 3384 43 30 for
2328 3386 35 30 ail
2386 3387 116 32 offences
2514 3393 104 38 against
2633 3395 47 31 the
2694 3406 72 29 press

2115 3422 58 34 law,
2198 3426 53 30 aud
2274 3426 109 33 relieves
2407 3429 46 32 the
2466 3442 168 33 newspapers
2648 3439 69 30 from
2731 3440 35 30 all

2114 3466 59 40 h'ga
2178 3468 218 52 Inconsequences
2408 3474 31 30 of
2458 3476 46 30 the
2523 3482 141 29 sentences
2677 3483 86 30 which

2115 3520 60 29 may
2190 3522 66 19 nave
2269 3513 66 30 been
2350 3517 95 38 pussed
2459 3528 71 30 upon
2544 3520 80 32 them.

2156 3547 50 36 ihe
2241 3555 13 29 \
2266 3567 78 21 lenna
2358 3558 109 32 Gazette
2498 3562 143 34 calculates
2655 3567 68 37 that,
2737 3579 28 21 as

2115 3602 45 24 tue
2187 3598 83 30 result
2297 3600 29 30 of
2350 3601 46 32 the
2431 3613 61 22 new
2516 3606 117 42 military
2664 3617 101 32 system

2114 3640 113 39 adopted
2245 3643 25 28 in
2287 3645 117 38 Austria,
2429 3647 44 29 the
2497 3657 74 32 army
2584 3652 55 30 will
2653 3659 111 27 amount

2114 3687 28 25 to
2158 3683 146 38 1,300,000
2328 3697 68 21 men.
2421 3689 29 30 of
2473 3690 87 32 whom
2574 3694 120 38 800,000
2709 3699 54 28 wili

2113 3726 33 29 be
2160 3738 34 19 on
2210 3730 43 27 the
2267 3729 88 31 active
2368 3730 54 38 list,
2433 3733 52 29 and
2499 3734 45 29 the
2558 3737 105 31 residue
2676 3739 28 31 in
2717 3740 46 32 the

2113 3769 53 31 first
2184 3772 52 30 and
2250 3772 96 30 second
2360 3784 124 23 reserves.

2352 3860 169 35 PRUSSIA.

2148 3900 55 30 The
2224 3903 168 31 semiofficial
2415 3906 108 38 journal
2548 3908 29 29 of
2600 3908 89 33 Berlin
2715 3922 30 21 an-

2112 3953 114 21 nounces
2247 3948 60 28 that
2330 3958 70 21 none
2423 3950 30 29 of
2474 3950 46 32 the
2543 3951 111 33 officials
2674 3953 29 32 in
2716 3957 45 29 the

2111 3989 148 38 conquered
2273 3991 52 28 and
2340 3993 123 30 annexed
2483 3995 143 37 provinces
2650 3996 54 31 will
2728 3998 33 32 be

2110 4040 88 21 reniov
2210 4031 22 28 >1
2248 4037 68 26 Irom
2330 4034 69 30 their
2412 4039 81 34 posts,
2509 4037 105 40 though
2627 4039 66 40 they
2704 4042 57 30 will

2111 4077 66 25 have
2192 4078 27 25 to
2234 4075 60 29 take
2314 4087 33 19 an
2367 4078 62 30 oath
2451 4078 30 32 of
2500 4080 145 40 allegiance
2667 4087 28 27 to
2714 4085 46 31 the

2113 4117 72 37 King
2199 4118 28 30 of
2242 4118 113 32 Prussia.

2125 4228 213 41 LATEST
2397 4233 343 47 TELEGRAMS.

2337 4331 194 35 VICTORIA.

2414 4376 106 41 Clunes,
2537 4379 65 32 30th
2617 4381 99 33 March.

2144 4416 55 29 The
2215 4416 64 31 Port
2296 4417 99 42 Phillip
2407 4419 137 42 Company
2556 4424 113 32 crushed
2685 4428 73 29 114S

2107 4463 61 25 tons
2182 4459 31 30 of
2223 4463 75 26 stone
2312 4461 53 30 this
2379 4463 84 39 week,
2480 4465 86 30 which
2579 4468 108 38 yielded
2701 4470 52 30 479

2106 4512 48 19 ozs.
2173 4501 32 30 13
2217 4502 75 30 dwts.
2308 4503 31 29 of
2359 4505 71 38 gold.
2471 4507 56 31 The
2540 4508 119 32 Victoria
2679 4512 57 31 Com-

2107 4554 68 28 pany
2199 4549 46 33 got
2269 4545 54 29 458
2336 4556 52 22 ozs.
2414 4550 15 28 4
2444 4548 17 31 d
2467 4552 53 30 wts.
2544 4550 43 34 for
2608 4553 69 32 their
2689 4555 52 31 fort-

2104 4587 99 39 night's
2218 4589 80 34 work,
2312 4590 67 29 from
2392 4592 53 28 GSO
2459 4598 60 24 tons
2529 4595 29 28 of
2571 4600 83 26 stone.
2688 4599 66 29 This

2104 4639 129 31 company
2258 4631 47 29 has
2325 4631 122 32 declared
2461 4645 15 20 a
2495 4635 129 34 dividend
2645 4639 30 31 of
2697 4640 54 33 10s.

2104 4682 46 29 per
2163 4673 76 42 scrip,
2255 4684 28 19 or
2296 4674 62 31 i:2O
2375 4686 45 20 oer
2434 4678 115 41 original
2568 4681 86 33 share.
2693 4684 58 34 Thi)

2104 4715 97 31 Clunes
2226 4719 115 29 Alluvial
2368 4720 138 42 Company
2525 4726 105 30 washed
2650 4727 35 30 93
2699 4739 50 20 ozs.

2106 4760 31 28 1.3
2152 4760 76 30 dwts.
2248 4762 54 28 this
2317 4762 79 36 week,
2412 4765 54 29 and
2486 4766 46 29 the
2555 4768 85 31 South
2655 4769 97 31 Clunes

2103 4802 137 37 Company
2255 4804 35 29 50
2304 4814 52 19 ozs.
2374 4805 15 28 9
2404 4804 74 34 dwts.

2231 4890 86 29 NEW
2338 4891 126 31 SOUTH
2486 4895 141 30 WALES.

2457 4936 117 40 Sydney,
2589 4939 80 38 April
2685 4941 24 30 4.

2138 4974 57 30 The
2219 4974 88 38 postal
2333 4983 186 33 arrangement
2545 4981 23 30 is
2593 4981 155 35 considered

2100 5021 70 26 most
2192 5017 167 41 satisfactory
2375 5020 34 39 by
2422 5021 45 31 the
2485 5022 91 40 public
2589 5025 27 29 in
2631 5026 101 38 Queens-

2100 5060 70 30 land.

2145 5102 47 29 lhe
2218 5107 114 26 steamer
2360 5104 100 32 Albion
2487 5116 52 23 was
2565 5109 122 34 wrecked
2712 5124 35 21 on

2100 5145 131 39 Saturday
2253 5146 85 39 night,
2360 5158 63 20 ne.r
2446 5150 63 29 Port
2532 5152 122 39 Mackay.
2694 5155 53 30 She

2098 5197 53 20 was
2175 5188 89 30 bound
2285 5190 68 28 from
2375 5190 69 31 Bulli
2471 5191 88 33 Creek
2577 5200 29 26 to
2627 5196 116 43 Sydney.

2097 5230 36 29 Of
2156 5241 78 19 seven
2260 5242 108 30 persons
2381 5243 35 20 on
2431 5233 87 40 board,
2534 5238 64 41 only
2612 5238 50 32 five
2676 5250 68 23 were

2095 5274 87 30 saved.

2133 5317 56 29 The
2215 5317 207 32 dissatisfaction
2447 5323 125 38 reported
2598 5328 29 26 to
2646 5324 32 31 be
2698 5336 30 21 ex-

2095 5360 110 37 pressed
2227 5360 28 30 in
2280 5360 159 32 Melbourne
2452 5369 27 24 at
2492 5365 46 30 the
2552 5367 83 31 result
2648 5368 28 29 of
2697 5370 46 30 the

2096 5402 87 30 Postal
2207 5403 170 38 Conference,
2392 5406 53 29 and
2469 5407 45 31 the
2531 5410 129 40 agitation
2675 5421 51 21 com-

2094 5445 114 32 menced
2224 5446 109 41 against
2343 5446 28 38 it,
2387 5447 47 32 has
2448 5452 97 31 caused
2558 5464 73 20 some
2645 5456 82 29 excite-

2093 5493 75 25 ment
2179 5489 71 38 here,
2265 5491 143 40 especially
2418 5492 28 31 in
2461 5496 166 32 commercial
2637 5496 101 33 circle*.

2876 242 78 31 made

2790 290 86 27 torian
2900 285 133 41 Ministry,

2791 332 45 26 not
2850 327 35 32 fix
2899 340 71 29 upon
2985 331 37 39 Sy
3034 331 58 40 incy
3105 341 29 21 &3
3147 332 45 30 the

2790 371 75 32 three
2897 372 66 32 lines
2996 374 27 31 of
3054 378 136 37 steamers,
3216 377 53 37 aijrl
3295 379 59 33 that

2791 416 118 40 question
2933 418 30 30 of
2987 418 47 32 the
3062 419 82 41 depot
3168 421 49 34 fori
3233 424 64 30 each
3323 424 54 31 line
3402 428 28 30 of

2791 463 125 27 steamers
2937 463 112 29 remains
3070 466 29 26 to
3123 465 31 29 be
3175 464 106 40 settled,
3297 468 43 30 the
3361 469 68 32 New

2792 501 84 31 South
2902 503 87 31 Wales
3013 505 183 33 Government
3223 519 47 29 say
3300 511 59 30 that
3386 513 56 32 the,

2792 545 115 31 minutes
2920 547 27 29 of
2969 547 44 30 the
3027 551 170 39 proceedings
3210 562 44 20 are
3277 554 69 31 clear
3357 545 74 51 upian.
3446 562 18 33 4

2792 588 45 30 the
2851 588 80 39 point,
2947 591 52 29 aftd
3020 592 80 40 speak
3114 594 41 29 for
3168 595 165 33 themselves.
3373 595 60 36 Tfie

2791 631 118 40 shippers
2931 634 53 29 and
3006 635 150 31 merchants
3171 637 60 31 here
3243 650 47 31 say
3304 641 58 31 that
3376 641 20 31 it

2792 673 98 33 absurd
2912 675 40 30 for
2973 677 44 29 the
3038 677 151 34 Victorians
3203 686 26 25 to
3246 694 113 30 suppose
3373 686 58 31 that

2793 717 157 32 Melbourne
2973 719 94 31 should
3095 722 31 31 be
3151 724 125 42 virtually
3301 727 46 31 the
3372 731 58 29 first

2792 764 59 35 port
2865 762 27 30 of
2905 763 102 32 arrival,
3019 766 52 29 and
3084 767 44 28 the
3139 767 130 31 terminus
3282 771 54 29 also
3345 773 27 27 of
3385 773 46 31 the

2791 806 66 27 kuez
2887 809 135 27 steamers.
3079 808 25 29 It
3135 808 23 29 is
3189 810 54 30 also
3272 814 160 40 confidently

2791 847 118 30 asserted
2928 848 58 29 that
3009 849 22 30 if
3044 850 118 31 Victoria
3184 853 81 31 break
3283 857 68 31 fiith
3366 859 63 31 with

2791 887 47 33 the
2858 891 77 30 other
2958 892 116 31 colonies
3094 905 34 19 on
3148 894 55 32 this
3225 906 94 25 matter
3335 903 28 28 of
3383 904 47 29 the

2791 933 131 31 terminus
2936 935 29 29 of
2976 936 42 30 the
3033 938 62 29 mail
3112 941 136 34 steamers,
3262 943 68 31 New
3344 947 86 31 South

2792 974 89 33 Wales
2900 978 54 31 will
2975 980 137 31 withdraw
3135 982 147 39 altogether
3302 987 68 31 from
3384 991 47 29 the

2792 1020 130 40 proposed,
2944 1027 193 34 arrangement,
3161 1027 52 29 and
3236 1028 61 32 take
3322 1042 36 31 up
3384 1033 46 32 the

2792 1061 93 32 Torres
2909 1065 95 31 Straits
3027 1072 76 25 route
3126 1068 27 29 in
3177 1072 174 38 conjunction
3365 1078 66 30 with

2793 1105 179 39 Queensland.
3446 1120 25 34 j

2930 1220 123 33 SOUTH
3072 1223 222 37 AUSTRALIA.

3129 1284 138 38 Adelaide,
3280 1287 76 41 April
3370 1291 24 30 4.

2830 1333 105 32 Several
2950 1335 102 42 alleged
3073 1338 155 34 discoveries
3241 1344 29 29 of
3292 1347 55 29 coal
3366 1348 66 31 have

2791 1376 83 40 lately
2886 1379 69 29 been
2975 1381 77 29 made
3075 1383 98 37 public,
3188 1385 49 29 but
3252 1389 52 27 two
3318 1398 29 19 or
3360 1390 73 31 three

2792 1418 148 32 additional
2966 1422 87 37 pieces
3077 1424 30 29 of
3130 1426 169 32 information
3321 1430 59 38 just
3405 1437 29 26 to

2792 1460 71 31 hand
2900 1473 70 21 seem
3013 1468 29 28 to
3086 1467 117 33 indicate
3246 1472 79 31 much
3361 1486 71 21 more

2792 1504 174 42 promisingly
2989 1508 60 30 that
3071 1512 56 27 coal
3153 1512 62 29 does
3242 1516 69 29 exist
3336 1518 26 29 in
3389 1520 44 30 the

2793 1547 101 40 colony.
2940 1550 57 30 The
3021 1551 76 32 latest
3117 1554 159 34 discoveries
3295 1569 42 20 are
3351 1561 82 32 about

2793 1592 29 28 to
2847 1591 33 30 be
2906 1592 182 44 immediately
3114 1599 137 40 subjected
3277 1604 27 28 to
3330 1603 106 36 further

2793 1637 73 29 tests.

2825 1762 579 76 Correspondence.

2794 1922 45 38 (TO
2848 1932 57 23 THE
2912 1934 108 24 EDITOR
3031 1937 33 23 OF
3069 1939 55 22 THE
3130 1941 185 26 CHARLESTON
3324 1922 146 62 ARGUS.)J

2830 1981 176 32 Sib,—Tour
3019 1987 124 38 remarks,
3159 1999 28 20 as
3203 1991 57 30 well
3274 2003 29 20 as
3321 1993 75 33 those
3410 1996 60 32 cM

2823 2022 130 42 Progress,
2987 2028 64 29 with
3074 2032 131 30 reference
3228 2038 27 26 to
3269 2021 201 59 makingjlJH

2794 2067 69 31 river
2876 2067 64 31 Nile
2964 2080 16 19 a
3005 2071 95 33 harbor
3122 2076 103 32 instead
3251 2080 29 28 of
3304 2063 166 52 Coustanfcl

2795 2110 67 40 Bay,
2876 2122 43 20 are
2932 2123 34 20 no
2989 2115 87 31 doubt
3097 2119 107 31 written
3225 2122 65 29 with
3312 2125 44 30 the
3380 2127 90 31 best*

2793 2155 156 38 intentions,
2974 2156 49 32 but
3044 2169 54 29 you
3121 2172 42 20 are
3177 2165 113 40 entirely
3314 2167 125 43 ignoring
3449 2149 21 52 I

2796 2197 45 31 the
2855 2198 115 42 existing
2983 2201 125 33 interests
3123 2206 28 29 of
3171 2207 45 30 the
3229 2209 165 34 inhabitants
3408 2193 62 52 ofl

2797 2240 163 41 Charleston,
2976 2254 79 30 many
3069 2248 28 29 of
3121 2249 87 31 whom
3221 2251 66 31 have
3301 2253 66 32 been
3380 2260 28 26 at
3422 2268 18 20 a
3451 2238 19 47 J

2796 2294 66 30 very
2886 2287 181 33 considerable
3094 2301 115 30 expense
3241 2294 29 31 in
3302 2296 45 33 the
3375 2303 64 36 pur-j
3458 2301 12 40 ]

2796 2327 78 32 chase
2903 2329 29 30 of
2954 2332 111 37 ground,
3090 2334 46 30 the
3159 2337 117 30 erection
3305 2339 28 30 of
3354 2322 116 62 buildij

2796 2370 66 40 ings,
2877 2372 53 30 and
2944 2373 150 41 otherwise,
3118 2377 28 30 in
3169 2380 172 43 establishing
3353 2381 117 36 them-1

2795 2414 96 38 selves,
2912 2424 74 32 upon
3011 2417 47 32 the
3081 2421 210 43 understanding
3313 2426 58 32 that
3391 2430 27 27 th
3423 2410 47 46 J

2795 2460 110 36 present
2917 2460 132 41 township
3063 2463 52 31 and
3125 2464 94 32 harbor
3230 2478 68 21 were
3310 2471 28 30 of
3352 2482 15 19 a
3378 2476 92 35 per®

2795 2504 110 28 manent
2917 2501 133 33 character
3062 2508 52 29 and
3136 2513 47 26 not
3198 2520 28 20 so
3240 2514 152 42 temporary

2796 2553 53 30 you
2862 2546 54 30 and
3109 2553 89 30 would
3211 2553 67 30 have
3291 2556 81 32 them.

2797 2588 91 30 would
2900 2588 33 31 be
2955 2599 16 20 a
2992 2591 113 39 positive
3128 2593 123 41 injustice
3267 2582 203 53 tothe.biufl

2795 2641 61 21 ness
2868 2642 61 21 men
2949 2644 60 19 now
3030 2637 165 32 established
3217 2651 64 20 were
3295 2643 44 30 the

2795 2674 61 39 flhip
2881 2675 53 30 and
2958 2676 98 31 harbor
3079 2679 108 31 altered.
3230 2683 26 28 A

2796 2715 156 33 Charleston
2965 2718 88 30 would
3079 2731 60 28 very
3163 2732 63 20 soon

2795 2758 110 40 opinion
2918 2759 29 31 of
2959 2760 35 31 its
3007 2761 165 34 inhabitant
3186 2776 34 21 on
3231 2767 45 31 the
3289 2750 181 65 suhjegdjH

2832 2802 41 31 As
2885 2806 29 27 to
2926 2802 48 33 the
2987 2811 71 24 ratea
3079 2807 30 28 of
3128 2809 33 28 fr.
3171 2810 65 37 ight,
3258 2821 14 19 a

2795 2842 49 31 has
2869 2844 67 29 Been
3227 2862 16 15 q
3248 2862 26 22 *.i
3285 2854 53 31 and
3350 2836 60 51 M

2793 2882 67 33 have
2878 2885 71 33 been
2969 2887 138 53 delivered
3117 2892 75 31 'here
3213 2905 26 18 a*
3263 2896 49 29 low
3332 2910 29 18 as
3375 2885 95 43 SH

2794 2937 47 29 per
2850 2932 47 28 ton
2910 2931 94 30 within
3016 2932 46 30 the
3075 2922 51 42 fast
3136 2935 81 30 week.
3258 2938 63 30 This

2792 2971 65 30 such
2877 2982 34 20 an
2933 2972 153 33 exorbitant
3106 2981 64 31 rate,
3191 2979 53 31 and

2793 3014 41 31 for
2846 3014 47 34 the
2906 3020 109 36 present
3027 3017 103 32 harbor.

2829 3058 57 31 The
2899 3059 104 40 subject
3024 3061 24 30 is
3065 3072 50 20 one
3136 3063 57 30 that
3217 3065 97 33 should

2792 3101 94 30 cussed
2898 3102 80 41 fairly
2989 3101 90 33 before
3091 3115 52 33 any
3156 3107 90 31 action
3258 3110 23 30 is

3013 3161 15 31 I
3040 3173 50 27 am,
3105 3164 42 38 sir,
3161 3176 80 28 yours

3227 3215 132 43 SpecTjM

155 90 0 0 2

1485 72 76 31 THE
1601 69 249 39 CHARLESTON
1890 77 133 32 ARGUS

112 1465 638 71 STATIONERY.

167 1543 122 37 Foolscap,
308 1548 78 35 letter,
403 1553 45 25 and
459 1560 55 22 note
531 1565 77 26 paper,
625 1559 65 26 ruled
707 1561 45 25 and

227 1583 82 31 plain;
335 1592 99 20 account
472 1599 26 22 o,
528 1592 133 33 inkstands,
687 1604 65 24 pens,

225 1618 83 32 rulers,
328 1619 64 34 eylet
416 1630 35 18 mr
480 1625 64 35 .ines,
565 1628 62 32 inks,
652 1629 101 34 blotting

225 1656 80 30 P*p6r,
319 1661 101 22 account
470 1662 47 31 jks,
534 1670 53 27 pass
599 1664 85 32 -books,
705 1674 36 19 car-

228 1688 76 33 tridge
314 1691 46 26 and
371 1696 92 31 tratiug
477 1705 78 26 paper,
573 1696 105 30 Gillott's
688 1709 64 26 pens,

195 1725 4 43 •
227 1725 90 33 sealing
337 1734 51 19 wax
407 1731 46 24 L.id
478 1733 93 31 wafers,
587 1734 92 27 invoice
695 1736 57 32 files,

199 1762 97 35 gjttter
311 1759 64 36 clips,
392 1762 73 39 piper
480 1767 124 35 fasteners,
622 1771 130 36 envelopes,

229 1797 81 26 official
321 1798 45 26 ai:d
378 1797 164 45 commercial;
560 1806 103 26 metallic
681 1808 72 26 books

216 1831 56 24 •and
284 1832 71 26 white
367 1833 54 28 forf]
433 1836 63 34 clasp
507 1839 79 30 books,
604 1841 54 24 card
675 1842 76 32 boaid,

225 1872 52 23 «c.,
298 1866 76 27 violirv
390 1871 57 25 tuck
467 1880 55 26 piss
547 1874 78 32 books,
652 1875 99 29 Rouse's

458 1907 79 33 Every
557 1908 57 26 Man
635 1910 37 26 his
698 1921 53 17 own

350 1937 77 29 Slates
437 1941 46 26 and
494 1941 60 28 slate
564 1943 96 35 pencils.

156 1974 4 73 '
176 1974 207 73 Ejflmeston
599 1989 120 41 Office.

166 2084 69 28 ANK
267 2088 45 27 OF
342 2089 79 27 NEW
453 2092 125 27 SOUTH
609 2095 141 29 WALES.

138 2256 43 26 An
204 2256 108 28 Agekct
329 2260 27 24 of
378 2260 47 25 this
446 2261 62 25 bank
532 2262 22 26 ia
573 2270 54 18 now
646 2272 59 26 open
726 2271 26 21 at

108 2324 139 30 Charleston
265 2327 38 27 for
319 2330 144 26 transaction
479 2332 26 25 of
522 2332 100 28 General
639 2335 113 35 Eanking

108 2397 119 28 Business.

146 2545 60 28 Gold
217 2547 112 28 Retorted
340 2550 47 26 and
397 2550 91 28 Melted
504 2553 58 25 Free
572 2554 29 25 of
609 2551 100 37 CBfirgc.

453 2665 24 27 J.
493 2666 117 35 YATES,
625 2670 92 33 Agent.

124 2730 193 34 NOTICE
352 2733 57 32 TO
448 2735 282 37 MARINERS.

268 2841 162 30 STATIONS
456 2844 61 27 have
536 2845 58 26 been
608 2847 141 27 established

101 2923 26 22 at
137 2921 40 26 the
188 2921 130 28 BULLEH
333 2924 46 25 and
393 2928 26 23 at
435 2924 95 29 FOX'S
544 2926 110 35 RIVER,
671 2930 77 27 where

100 2990 41 25 the
162 2998 64 17 same
237 2991 93 32 Signals
350 3000 40 18 are
399 2992 57 26 used
471 3001 27 18 as
516 2997 26 23 at
564 2996 41 27 the
625 2997 63 35 Grey
700 2999 46 28 and

100 3058 123 28 Hokitika.

129 3095 23 26 A
173 3095 116 33 Flagstaff
302 3097 43 26 has
365 3098 57 27 been
444 3101 92 26 erected
555 3109 31 18 on
606 3102 42 27 the
668 3104 77 27 North

23 3138 1 21 '
130 3149 9 10 A
287 3140 7 11 r

97 3163 73 28 Toint
187 3166 27 25 of
229 3165 175 30 CONSTANT
419 3170 79 33 BAY,
517 3171 128 34 PAKffll,
666 3175 78 27 where

98 3234 41 25 the
159 3234 123 35 following
306 3236 94 34 Signals
426 3238 49 26 will
499 3240 30 25 be
539 3241 129 28 shown:—

96 3302 50 29 Red
157 3303 60 37 Flag
226 3309 24 24 at
262 3308 138 29 masthead:
416 3311 75 28 Boats
501 3319 43 20 can
556 3317 67 23 enter

95 3373 61 28 Blue
176 3374 68 36 Flag,
270 3377 140 30 half-mast:
443 3381 57 27 Low
520 3387 80 30 water,
621 3386 57 27 wait
704 3388 38 27 for

154 3410 55 28 tide.

95 3479 81 29 White
184 3481 75 35 Flag:
277 3483 118 30 Entrance
405 3486 138 35 dangerous,
551 3491 53 24 surf
613 3494 39 24 too
663 3493 78 32 heavy

153 3517 38 25 for
202 3518 72 26 boats.

207 3587 29 26 T.
251 3589 32 26 A.
299 3589 108 29 SNEYD
422 3592 227 34 KYNNERSLEY,

96 3654 12 4 _
139 3629 4 34 '
241 3657 10 6 ,
518 3629 190 31 Commissioner.

92 3655 108 34 January
210 3657 49 31 3rd,
273 3662 64 24 1867.
710 3672 24 23 7]

262 3730 297 57 1.0.0JF.M.1L

90 3822 209 68 BRETHREN
315 3829 45 25 and
371 3831 79 26 others
466 3832 106 27 desirous
587 3836 27 24 of
631 3837 104 34 opening

172 3872 15 17 a
198 3865 78 34 Lodge
285 3868 28 25 of
329 3869 40 26 the
386 3871 72 27 above
469 3873 65 27 order
550 3883 40 19 are
601 3876 90 28 invited
708 3882 25 22 to

87 3899 82 26 atteud
179 3908 14 17 a
204 3902 105 35 meeting
318 3907 25 23 to
353 3906 28 26 be
391 3906 53 26 held
455 3911 24 22 at
491 3909 40 26 the
543 3910 101 27 Phoenix
658 3913 78 32 Hotel,

23 3967 8 9 .
68 3947 7 8 •
86 3936 159 31 Main-street,
273 3940 104 38 opposite
414 3942 132 28 Shamrock
576 3946 81 32 Hotel,
688 3949 48 26 this

89 3973 108 30 dvening,
208 3975 25 20 at
244 3974 13 22 8
267 3974 97 27 o'clock.

102 4007 25 29 •V
273 4007 30 27 C.
319 4008 25 26 J.
359 4010 195 34 FAWCKNER,
571 4016 130 27 P.P.G.M.

2899 3315 76 29 NEW
2989 3318 107 29 RATES
3114 3322 40 26 OF
3170 3322 144 31 POSTAGI

2820 3349 37 26 On
2886 3351 46 26 and
2958 3354 62 25 after
3044 3355 40 25 tke
3113 3360 34 21 Ist
3170 3356 81 26 ultimo
3272 3360 26 24 th

2792 3382 136 34 chargeable
2938 3394 30 18 on
2979 3386 80 29 letters
3070 3390 47 25 and
3135 3399 153 28 newspapers,

2790 3417 84 28 within
2891 3420 59 27 New
2967 3422 108 31 Zealand,
3098 3426 46 25 will
3166 3428 26 24 be
3208 3431 26 21 at
3250 3430 41 25 the

2790 3455 70 30 rates,
2872 3455 59 27 viz.:

2819 3487 74 27 Town
2904 3490 210 30 Letters—Posted
3125 3499 24 22 at
3161 3505 47 18 anv
3218 3502 72 31 posto

2789 3521 40 26 the
2839 3522 91 34 colony,
2941 3526 38 25 for
2989 3526 102 34 delivery
3102 3534 26 21 at
3139 3534 57 24 such
3207 3538 51 29 post

2848 3557 48 27 Not
2907 3560 126 35 exceeding
3043 3563 13 30 £
3067 3570 33 19 oz.

2848 3592 64 27 Over
2922 3596 14 29 £
2947 3603 35 18 oz.
2995 3596 42 26 but
3046 3598 74 26 under
3133 3603 8 21 1
3154 3609 32 17 oz.

2847 3627 77 34 Every
2935 3629 128 28 additional
3073 3640 32 19 oz.
3117 3642 25 17 or
3150 3636 98 27 fraction

2818 3660 107 36 Country
2945 3664 209 30 Letters—Posted
3180 3676 25 19 at

2789 3695 81 26 within
2881 3697 41 26 the
2932 3698 90 34 colony,
3037 3701 38 25 for
3084 3702 103 35 delivery
3197 3709 25 22 at

2787 3729 63 26 office
2862 3730 83 28 within
2955 3733 40 28 the
3006 3742 64 20 same
3079 3739 108 31 province

2846 3765 47 28 Not
2904 3769 126 34 exceeding
3041 3772 12 30 £
3065 3779 44 19 oz.-

2846 3802 63 26 Over
2920 3805 13 29 i
2943 3811 33 18 oz.
2987 3805 43 26 but
3037 3807 74 25 under
3124 3811 8 22 1
3145 3817 32 18 oz.

2844 3836 79 33 Every
2931 3838 126 28 additional
3064 3849 34 18 oz.
3105 3850 26 18 or
3140 3844 85 27 farctio

2815 3869 194 37 Interprovincial
3029 3875 180 29 Letters—Post

2785 3905 64 27 office
2859 3906 83 27 within
2953 3908 40 26 the
3004 3909 89 34 colony,
3100 3913 38 25 for
3147 3913 61 26 deliv

2784 3940 67 27 office
2862 3941 24 26 in
2897 3950 47 25 any
2954 3943 67 26 other
3029 3946 109 33 province
3154 3949 50 25 witl

2843 3977 49 25 Not
2902 3977 127 34 exceeding
3039 3982 14 28 £
3063 3988 44 18 oz.-

2843 4012 64 26 Over
2941 4021 32 17 oz.
2985 4013 41 25 but
3036 4015 74 25 under
3123 4019 8 21 1
3145 4025 31 17 oz.

2844 4046 78 34 Every
2928 4046 127 29 additional
3063 4057 33 19 oz.
3105 4059 26 17 or
3137 4052 38 26 fra

2991 4530 21 27 B
3062 4530 21 28 E
