3490 5590
1438 73 76 32 THii
1534 76 257 35 CHARLESTON
1812 81 123 31 ARGUS

3364 109 17 31 3

305 173 86 30 THIS
413 173 86 38 DAY,

191 286 32 24 At
242 289 5 19 5
261 283 89 26 o'clock
362 284 68 34 sliarj)
444 286 36 29 (at
492 284 43 26 low
548 286 69 31 tide).

100 477 39 29 1M
148 477 169 30 TORTANT
370 479 21 29 A
399 477 219 32 NNOIJNCEM
625 479 80 31 KNT.

80 710 46 65 ry
164 707 20 28 11
221 705 85 31 oM
341 707 23 28 A
398 705 18 31 S
510 705 94 30 DW
636 705 25 30 A
692 703 29 32 N

77 785 47 25 will
141 784 49 30 sell,
213 785 29 27 by
266 782 77 36 public
368 782 102 31 auction,
496 781 59 26 This
579 783 60 32 Day,
662 787 23 21 at
709 786 12 21 4

73 847 91 26 o'clock
176 848 76 33 sharp,
266 851 23 21 at
302 847 36 25 his
350 849 94 23 auction
456 849 68 27 mart,
536 855 29 15 on
578 846 40 25 the
636 846 85 29 Beach,

74 915 25 21 to
117 912 40 24 the
175 911 91 31 highest
284 909 85 31 bidder,
386 908 99 25 without
503 908 40 25 the
561 907 109 33 slightest
687 916 23 17 re-

74 982 73 22 serve,
164 976 24 21 to
200 972 61 25 close
274 971 176 32 consignments
458 978 28 18 ex
494 969 145 27 Tasmanian
648 969 32 26 M.
691 969 30 33 id,

169 1088 22 24 A
203 1085 63 33 large
278 1084 45 26 and
336 1083 163 27 well-selected
511 1084 70 26 stock
592 1086 27 23 of

75 1206 193 48 Groceries,
320 1205 115 47 Boots,
488 1204 119 48 Shoes,
651 1209 64 33 etc.

103 1422 50 24 The
176 1420 151 30 Auctioneer,
348 1419 23 24 in
393 1417 87 33 calling
500 1416 118 26 attention
637 1420 23 21 to
677 1415 41 26 the

72 1485 72 24 alovj
162 1483 54 31 sJe,
229 1481 77 26 would
324 1483 97 31 impress
438 1489 29 16 on
480 1488 44 25 pur
582 1487 35 18 ers
634 1479 52 25 that
698 1478 18 25 it

71 1546 19 26 is
111 1545 61 26 bona
192 1544 52 31 fide,
265 1543 45 27 and
331 1543 52 26 that
404 1550 70 25 every
494 1540 82 28 article
598 1542 42 24 has
658 1541 57 25 keen

70 1606 101 27 selected
183 1606 55 25 with
254 1604 126 34 judgment
399 1603 46 26 and
456 1611 60 23 care,
527 1603 45 25 and
585 1601 95 35 shipped
692 1605 24 22 to

71 1670 49 24 him
132 1670 37 24 for
180 1667 134 26 immediate
326 1666 54 27 sale.

275 1826 61 25 Note
346 1825 41 25 the
398 1824 92 26 address
492 1837 30 5 —

214 1909 42 31 T.
332 1908 24 29 D
395 1905 182 37 WAN,

443 1991 86 26 Auc'.i*.
549 1998 12 17 e
590 1991 4 27 ,

494 2066 37 25 On
543 2065 41 25 the
597 2063 87 27 Beach.

69 2174 357 36 PRELIMINARY
491 2172 222 33 NOTICE.

198 2372 37 24 On
256 2368 134 31 FRIDAY,
406 2367 55 25 26th
480 2366 106 30 APRIL,

258 2474 34 24 At
304 2476 11 21 4
326 2471 88 26 o'clock
426 2473 101 32 prompt.

68 2662 49 66 T

202 3190 63 40 IA
278 3190 76 40 NC
368 3190 28 40 E
469 3189 224 41 HOTEL

234 3337 153 24 AIX-tT.IEET,
404 3332 162 24 CHARLESTON
577 3341 6 20 ;

300 3437 120 33 Together
432 3437 58 25 with

245 3545 26 38 M

274 3543 27 30 E,
318 3542 104 27 STOCK
427 3542 49 26 -IN
483 3556 7 5 -
496 3542 119 31 TRADE,
632 3543 44 25 &c.

418 4470 19 20 :e
447 4464 156 27 inducement.

760 176 36 24 l'u
811 176 245 29 SiMxTLAToIIS,
1074 182 7 18 i
1097 177 203 33 aI'ITALISTS,
1324 180 58 25 MER-

858 249 131 26 CHANTS
1007 250 70 25 ANI)
1095 250 194 29 PUBLICANS.

859 337 35 25 To
905 337 28 25 be
944 336 48 26 sold
1005 337 29 33 by
1048 338 83 27 Public
1143 341 103 25 Auction
1265 349 29 18 on

829 400 156 37 FRIDAY,
1036 401 66 30 2Cth
1143 402 180 37 INSTANT,

991 470 32 24 At
1037 473 13 22 3
1061 468 98 35 o'clock,

1035 538 50 19 TIIK

750 591 300 42 ALBION
1138 595 256 42 HOTEL

1036 688 71 27 AND

854 754 434 64 RESTAURANT,

749 847 108 26 Situated
875 849 25 24 in
918 848 148 32 Coal-street,
1085 852 105 32 opposite
1208 852 69 24 Bank
1296 852 26 25 of
1337 852 58 26 New

1018 898 108 27 Zealand.

1007 1000 249 28 ROBERTSON
1289 1003 19 24 &
1343 1002 50 26 CO

747 1077 59 26 have
816 1077 58 26 been
885 1077 96 26 favored
994 1078 55 25 with
1061 1078 153 27 instructions
1225 1080 62 25 from
1298 1079 96 27 Messrs.

747 1147 66 27 Sturt
825 1147 45 26 and
882 1148 90 33 Runge,
985 1153 24 21 to
1020 1148 41 26 sell
1072 1150 29 32 by
1113 1150 77 33 public
1201 1150 95 26 auction
1307 1159 31 16 on

832 1210 236 32 FRIDAY
1131 1212 175 37 NEXT,

983 1280 36 26 At
1030 1284 14 21 3
1054 1280 98 33 o'clock,

873 1340 110 26 Without
994 1340 40 27 the
1046 1341 108 32 slightest
1166 1350 99 25 reserve,

806 1402 85 38 This
943 1401 163 54 Splendid
1154 1404 180 52 Property.

773 1495 76 26 There
860 1503 38 18 are
910 1494 153 34 thirty-eight
1074 1494 94 33 regular
1179 1496 114 33 boarders,
1301 1496 89 27 besides

743 1564 107 34 upwards
861 1566 26 24 of
904 1566 64 25 three
981 1564 104 26 hundred
1100 1573 97 26 persons
1207 1565 82 34 di.iing
1300 1569 26 23 at
1342 1567 48 26 this

743 1635 94 25 famous
850 1634 103 33 a<>-.dry
964 1634 73 33 daily.

773 1709 50 26 The
840 1713 94 30 present
952 1710 140 34 proprietors
1103 1718 39 19 are
1159 1710 56 35 only
1226 1710 120 36 disposing
1362 1713 27 27 of

741 1780 48 24 this
800 1778 106 27 valuable
917 1787 7 25 j
933 1783 93 30 roperty
1042 1780 98 26 bjcause
1159 1780 56 33 they
1227 1788 39 19 are
1284 1780 106 27 desirous

740 1849 27 26 of
778 1850 123 32 returning
912 1853 24 23 to
948 1851 98 33 Europe.

771 1923 51 25 The
837 1929 108 28 property
964 1924 47 26 will
1028 1926 27 26 be
1070 1925 127 36 positively
1216 1925 49 27 sold
1283 1926 60 26 with
1359 1925 31 29 all

740 1999 70 33 right,
821 1999 60 34 title,
893 2001 46 26 and
950 2002 106 32 fixtures,

770 2076 74 26 Stock
855 2076 46 25 and
911 2077 128 26 Furniture
1051 2081 26 22 at
1088 2077 137 27 Valuation.

875 2154 196 26 ROBERTSON
1088 2154 48 25 and
1152 2154 58 31 CO.,

1033 2240 166 31 Auctioneers,
1210 2239 147 27 Charleston.

950 2409 64 33 Term
1030 2409 16 33 3
1062 2409 32 33 at
1113 2409 69 33 Sale.

772 2553 51 27 The
847 2558 154 27 Auctioneers
1022 2561 44 31 beg
1084 2565 24 20 to
1126 2563 61 22 state
1204 2561 52 24 that
1266 2559 49 25 this
1327 2558 62 33 truly

744 2598 106 33 valuable
870 2611 108 30 property
999 2608 70 27 needs
1089 2617 31 17 no
1141 2612 118 22 comment
1281 2612 25 21 at
1324 2608 62 25 their

770 2660 49 17 vu'
842 2664 26 16 a?
879 2655 38 25 ihe
929 2656 86 26 Albion
1026 2656 71 26 Hotel
1106 2657 44 24 has
1160 2664 14 17 a
1184 2654 194 27 world-widecele-

926 2702 4 28 .
941 2713 13 16 v
965 2709 58 21 ount
1034 2704 26 25 of
1070 2703 107 26 business
1188 2702 140 28 transacted.

957 2811 226 32 ROBERTSON
1212 2810 82 31 AND
1315 2810 75 37 CO.,

765 2904 240 47 Auctioneers,
1039 2904 107 38 Stock
1178 2903 187 46 Salesmen,

1042 3021 51 17 AND

875 3104 207 28 COMMISSION
1108 3104 143 27 AGENTS.

784 3292 142 26 Valuations
938 3290 65 27 mad.
1004 3290 1 35 l
1010 3290 4 35 .
1051 3291 97 34 Prompt
1158 3294 101 24 account
1271 3290 67 27 sales.

943 3370 145 33 Temporary
1101 3369 86 26 Office:

774 3450 36 39 P.
846 3450 44 38 H.
926 3447 149 41 Elliott's
1108 3447 108 54 Nag's
1245 3447 110 41 Head.

760 3572 357 33 PRELIMINARY
1169 3570 200 32 NOTICE.

812 3755 133 42 PIGS!
995 3755 134 41 PIGS!
1180 3755 140 41 PIGS!

748 3951 182 26 11TESSRS.
962 3952 229 27 ROBERTSON
1223 3952 80 25 AND
1335 3952 57 27 CO.

745 4027 60 25 have
816 4029 38 24 for
865 4026 48 27 sale
924 4035 13 18 a
949 4028 79 26 choice
1040 4027 31 25 lot
1084 4028 26 25 of

895 4116 105 26 STORE
1016 4117 45 24 and
1078 4117 65 24 FAT
1160 4117 82 26 TIGS.

821 4238 143 26 Particulars
976 4239 24 25 in
1012 4248 14 16 a
1038 4240 79 26 future
1130 4240 190 29 advertisement.

979 4365 84 24 Terms
1074 4369 24 20 at
1113 4365 54 25 sale.

1047 4513 148 26 ROBERTS
1202 4513 40 26 DN
1259 4514 46 25 and
1323 4515 39 26 Co.

750 4601 52 69 IF
819 4602 47 25 this
878 4601 82 27 should
970 4605 61 23 meet
1043 4602 41 27 the
1095 4613 12 17 e
1115 4603 21 36 £
1148 4605 26 26 of
1191 4605 85 28 Robert
1291 4608 104 32 Walker,

814 4647 129 28 carpenter,
964 4643 38 25 his
1022 4644 95 24 brother
1133 4645 64 25 John
1216 4646 19 24 is
1255 4649 100 24 anxious
1371 4653 24 22 to

748 4679 55 24 hear
814 4679 61 22 from
886 4677 56 25 him.
974 4677 111 31 Address,

749 4713 73 25 office.

750 4785 204 69 WANTED,
969 4787 31 33 by
1011 4796 13 17 a
1036 4788 142 34 respectable
1189 4799 91 25 person,
1298 4800 13 17 a
1323 4793 60 25 situa-

863 4828 50 25 tion
924 4836 26 17 as
961 4828 100 26 General
1073 4829 101 26 Servant
1183 4838 25 17 or
1219 4831 174 35 Housekeeper.

751 4861 65 26 Good
835 4863 131 25 references
987 4863 76 31 given.
1113 4865 109 30 Address,
1252 4871 51 29 post
1326 4869 72 30 office,

751 4896 145 33 Charleston,
906 4900 24 23 to
944 4898 28 24 A.
984 4898 33 25 M.
1030 4898 26 26 T.

1010 4976 101 26 towards
1131 4978 104 33 forming
1252 4979 39 26 the
1308 4979 47 27 line
1374 4983 27 24 of

752 5046 54 26 road
828 5046 61 25 from
910 5046 141 28 Coal-street
1070 5051 24 22 to
1116 5049 40 25 the
1176 5050 82 27 Buller
1280 5054 54 25 road
1360 5063 39 17 are

752 5115 151 26 resx*cti'ullv
925 5124 25 17 rc
958 5126 22 21 ju
990 5122 25 19 '-t
1026 5118 20 24 vl
1070 5126 5 17 i
1089 5129 5 12 >
1117 5115 2 33 .
1162 5115 39 33 •'■•.
1209 5115 8 33 l
1225 5115 8 33 a
1266 5124 7 23 \
1287 5134 7 6 ,
1377 5131 20 17 :U

754 5186 92 26 Creed':
858 5186 109 27 Comiinr
983 5186 3 32 r
1005 5188 5 24 1
1025 5189 78 27 Uotv'.
1115 5190 57 24 T!>
1187 5192 17 23 h
1216 5201 28 17 .v.
1258 5200 20 17 r
1294 5199 12 17 ::
1320 5204 11 8 ..

742 5254 2 70 |
823 5274 132 26 TCNDEU
971 5284 34 18 :;»r
1024 5278 62 24 i.uki
1153 5280 23 24 lu
1193 5282 52 23 r.«ui
1263 5289 59 18 in,;a
1337 5254 2 70 •
1387 5254 3 70 ,

817 5364 7 22 t
847 5363 24 23 to
894 5361 40 26 the
951 5362 80 27 Bailor
1051 5365 52 23 •mi

1426 181 149 29 TENDERS-

1754 192 3 26 ■
1775 207 19 6 -
1938 192 131 26 (.ML'KCii

1604 253 45 24 AT
1670 254 225 27 CUAI.'LESTON.

1425 386 57 66 JN
1498 394 159 27 consequence
1669 392 26 23 of
1711 392 39 24 the
1764 392 106 26 tenderer
1891 395 35 24 for
1939 395 39 25 the
1996 396 73 28 above

1422 460 106 35 building
1539 463 88 32 having
1641 463 69 28 failed
1732 470 24 21 to
1776 467 118 33 complete
1910 468 34 25 l.i>
1963 473 104 23 contract

1421 526 93 28 tenders
1524 536 38 19 are
1574 529 85 35 hereby
1671 531 90 27 invited
1775 534 34 24 fur
1822 538 5 19 i
1832 526 28 38 11-•
1872 543 73 18 same.

1449 592 73 29 Plane
1533 595 44 26 and
1594 597 170 33 specifications
1776 606 54 24 may
1843 599 26 25 be
1883 607 55 18 seen
1949 603 25 22 at
1980 601 85 25 Tobias

1420 656 136 35 Glennon's,
1569 660 169 33 Beach-street,
1749 661 147 28 Charleston.

1450 723 52 27 The
1522 724 80 26 lowest
1626 734 25 16 or
1672 735 46 25 any
1745 728 81 26 tender
1853 734 40 21 not
1922 732 140 34 necessarily

1420 789 116 33 accepted.

1450 855 105 27 Tenders
1564 859 23 24 to
1597 857 29 26 be
1636 858 24 25 d.
1665 858 44 26 live
1712 860 39 25 red
1768 865 42 22 not
1827 860 59 28 later
1903 863 58 25 than
1982 868 12 21 4
2012 872 55 26 p.m.

1419 928 30 17 on
1463 921 94 33 Friday,
1568 922 68 35 April
1648 926 36 29 26,
1695 928 25 22 at
1731 926 40 26 the
1782 927 73 27 above
1865 928 101 28 address.

1630 992 24 24 J.
1672 992 96 33 CISF.D,

1629 1058 27 26 T.

1462 1337 311 53 WATERLOO
1816 1342 197 54 HOUSE.

1418 1552 269 71 gKOGLAND
1726 1559 90 31 AND
1861 1561 203 33 PURCZLL

1637 1658 33 25 Of
1688 1657 156 34 Gravmouth,

1731 1693 14 31 f

1415 1751 222 55 Drapers,
1691 1754 100 42 Silk
1841 1758 221 48 Mercers,

1532 1971 159 29 GENERAL
1721 1974 221 40 OUTFITTERS,

1446 2064 57 27 Will
1513 2074 60 25 open
1584 2067 62 25 their
1656 2076 53 17 new
1720 2069 118 33 premises,
1857 2071 88 26 situate
1956 2071 25 26 in
1998 2071 66 27 Coal*

1416 2156 80 29 street,
1507 2153 148 34 Charleston,
1666 2156 23 26 in
1701 2164 14 18 a
1726 2158 46 25 few
1784 2158 66 34 days,
1860 2159 58 27 with
1930 2159 41 27 the
1977 2158 87 36 largest

1415 2241 45 26 and
1472 2245 62 23 most
1545 2244 122 26 extensite
1677 2247 142 25 assortment
1830 2246 26 26 of

1594 2328 102 31 MEN'S
1712 2332 171 29 CLOTHING

1611 2422 35 26 Of
1661 2420 30 27 all
1705 2421 162 36 descriptions,

1538 2596 167 33 DRAPLKY,

1679 2686 115 32 BOOTS,

1661 2863 114 35 Upwards
1796 2866 27 24 of

1515 2953 67 38 200
1621 2952 106 39 Cases
1764 2954 67 37 and
1864 2954 102 39 Bales

1639 3059 70 34 Daily
1725 3061 118 33 expected.

1677 3246 119 27 Address:

1418 3333 263 42 SKOGLAND
1706 3335 104 40 AND
1841 3337 222 42 PURCELL

1646 3454 195 29 COAL-STREET,

1476 3539 113 34 Opposite
1600 3541 39 26 the
1650 3542 69 25 Bank
1728 3543 26 24 of
1766 3542 56 27 New
1831 3543 76 26 South
1917 3543 87 33 Wales,

1667 3629 146 27 Charleston.

1419 3725 34 66 J
1453 3725 14 26 1
1524 3725 25 31 O
1607 3727 25 30 R
1756 3730 307 41 SALE,

1474 3818 34 39 A
1555 3817 269 43 BUTCHER'S
1874 3821 130 52 SHOP,

1531 3925 125 33 Situated
1670 3937 33 20 on
1717 3926 47 31 t!h*
1781 3928 72 39 Di-e;>
1870 3929 52 28 Loa
1934 3929 13 28 i.

1450 4064 74 26 Could
1535 4065 75 33 easily
1620 4066 28 25 be
1660 4066 125 25 converted
1798 4066 48 25 into
1857 4077 12 15 u
1881 4071 68 21 store.

1449 4125 80 35 Apply
1541 4131 24 21 to

1604 4189 131 25 ROBERT
1752 4190 164 31 BURNETT,

1469 4475 293 39 Barrister

1526 4749 25 46 S
1571 4749 31 42 0
1627 4750 27 46 \
1678 4750 10 46 I
1715 4750 28 49 0
1764 4752 19 45 I
1804 4753 33 46 T
1879 4760 5 18 '
1912 4755 29 46 K

1592 4899 5 21 L
1609 4902 35 18 0..:
1658 4905 16 15 r_.
1682 4906 21 15 r.'
1714 4901 20 23 ■*,
1756 4898 3 27 t
1769 4898 117 27 VilfgUv

1479 4988 148 31 TIMBKK.
1669 4992 63 28 TiM
1743 4993 6 15 !
1754 4993 14 28 \
1768 4993 17 18 r

1526 5084 35 24 Ex
1573 5089 11 17 -i
1590 5086 83 24 r:i!inic
1685 5086 107 31 Duwun,

1844 5098 19 15 •i;
1882 5091 2 26 ;
1891 5091 3 26 :

1446 5180 7 33 I
1527 5174 119 44 O'iM
1668 5174 84 27 FKCT
1768 5178 64 23 w:ii
1846 5174 2 44 :
1979 5185 33 20 -A

1446 5199 29 35 N
1552 5207 27 25 M
1594 5199 54 33 M
1696 5209 32 24 Ti
1740 5210 89 25 -.lli-at.
1842 5214 61 21 ■■■!>:
1921 5199 2 47 ;
1940 5218 62 28 nisul

1488 5268 10 11 X
1514 5269 10 15 x
1577 5269 12 13 *
1603 5270 12 15 X
1631 5265 5 19 !
1644 5264 2 23 .
1663 5264 25 22 l'J
1702 5270 13 16 X
1733 5267 15 20 I.
1765 5265 24 22 16
1802 5272 13 15 X
1832 5264 4 23 !
1852 5265 15 22 i;

1514 5303 12 15 X
1581 5298 4 24 !
1602 5303 12 16 x
1629 5299 19 23 ■>.
1663 5299 35 20 ?x
1717 5300 17 22 i.
1774 5305 12 15 \
1800 5300 13 22 2
1858 5298 3 24 •
1884 5298 15 12 •'
1914 5298 2 24 •

1618 5353 20 14 Ml
1650 5348 4 20 t
1679 5353 24 14 IT
1735 5348 28 20 :i!'

1570 5386 13 15 a
1599 5371 83 34 I!'>u,
1703 5371 61 34 Wei;

1616 5425 15 22 A
1753 5414 10 33 1

1676 5467 106 27 AitTlll
1798 5468 18 26 K
1835 5470 39 25 lip.

2154 197 24 28 il
2186 198 51 29 AR
2332 209 44 22 io
2386 200 25 29 X
2462 205 17 25 ,S
2495 211 8 19 i
2578 204 30 29 j|
2655 207 45 26 .>A
2714 206 20 27 \\

2368 292 120 39 MILLS,

2185 380 90 27 Situate
2288 390 27 17 on
2329 383 40 24 the
2381 383 73 25 Bank
2465 390 31 19 of
2508 391 48 18 the
2569 384 87 27 Riyeu.

2124 529 50 24 The
2191 529 77 34 public
2286 539 38 17 are
2342 532 151 34 respectfully
2505 534 117 26 informal
2634 537 50 24 that
2702 536 37 26 the

2099 590 65 25 ibove
2175 590 66 33 plant
2251 592 42 24 has
2303 593 98 32 arrived,
2413 595 45 25 and
2474 597 39 24 the
2526 595 156 35 undersighed
2695 597 44 26 will

2101 661 18 17 >e
2137 654 24 24 in
2178 663 12 16 a
2208 654 102 34 position
2329 659 25 23 to
2370 658 45 24 Cut
2428 658 95 26 Timber
2535 663 23 21 to
2575 668 47 23 any
2634 660 105 32 required

2094 715 86 32 length,
2192 717 24 24 in
2227 725 14 17 .1
2252 717 46 26 few
2310 717 63 34 days.

2573 771 25 26 C.
2620 771 83 26 NEES

2096 868 47 63 Hp
2160 868 17 63 H
2194 868 18 63 0
2229 868 32 63 S.
2335 872 41 31 G.
2445 875 293 41 M'CAKIHI,

2272 949 59 25 Late
2342 949 68 26 Mace
2423 951 45 25 and
2480 952 85 33 Dixon,

2093 1014 97 27 JErated
2202 1017 102 26 Mineral
2315 1019 91 32 Water,

2231 1088 96 32 Liquor,
2340 1090 99 31 Cordial,
2450 1093 46 25 and
2507 1094 142 33 Gingerbeer

2552 1165 187 35 Manufacturer,

2222 1230 71 26 Main
2317 1232 64 24 Stre
2392 1240 28 25 .t,
2443 1233 171 29 Charleston.

2121 1413 28 24 T.
2167 1413 29 26 G.
2218 1413 126 34 M'Carthy
2356 1417 55 32 bogs
2429 1421 24 22 to
2472 1418 87 27 inform
2573 1420 40 27 the
2623 1421 79 35 public
2712 1424 27 25 of

2091 1461 138 28 Charleston
2251 1465 53 24 that
2326 1466 29 24 he
2382 1467 19 23 is
2423 1467 110 33 prepared
2555 1473 24 21 to
2600 1471 84 34 supply
2706 1479 30 17 an

2089 1509 83 27 article
2185 1512 25 24 of
2222 1512 39 26 the
2274 1521 55 24 very
2342 1514 50 26 best
2403 1514 149 36 description.

2091 1607 40 71 J
2317 1609 58 72 |J
2431 1614 23 31 A
2510 1614 25 31 T
2591 1614 20 34 C
2670 1617 30 33 II
2726 1642 5 13 ,

2149 1729 221 28 PASTRYCOOK
2382 1731 20 26 &
2416 1719 276 46 CONFECTIONER,'

2089 1806 274 52 Nonpareil
2420 1808 82 38 Pie
2556 1809 178 39 House.

2159 1940 242 38 COAL-STREET,
2430 1942 233 38 CHARLESTON,

2088 2030 14 15 fj.
2115 2025 2 20 •
2124 2025 2 20 •
2188 2025 2 20 '

2118 2160 24 27 J.
2153 2160 39 33 H.,
2260 2161 98 33 making
2375 2161 57 26 this-
2446 2168 191 21 announcement
2655 2167 24 23 to
2695 2166 41 24 the

2088 2218 76 34 public
2183 2220 26 24 of
2231 2218 147 34 Charleston,
2394 2220 57 33 begs
2469 2223 25 24 to
2503 2221 87 25 inform
2602 2222 66 26 them
2684 2223 54 26 that

2091 2307 195 40 BALLS
2337 2308 78 39 and
2469 2308 268 43 SUPPERS

2089 2417 51 26 Can
2156 2417 28 26 be
2202 2420 41 30 got
2260 2425 31 26 up
2306 2425 30 18 on
2347 2417 40 27 the
2406 2418 102 26 shortest
2527 2419 84 31 notice,
2629 2420 45 25 and
2684 2421 26 25 in
2721 2430 14 16 a

2089 2477 61 35 style
2161 2479 26 25 of
2197 2479 169 32 magnificence
2376 2479 103 27 hitherto
2486 2481 164 33 unattempted
2656 2490 31 18 on
2696 2483 40 25 the

2088 2541 69 27 West
2168 2541 78 27 Coast.

2119 2603 49 26 Hot
2179 2602 65 26 Rolls
2256 2611 71 25 every
2338 2604 108 32 morning
2458 2612 23 17 at
2494 2608 12 22 8
2525 2613 53 17 a.m.
2611 2606 79 26 Coffea
2708 2615 25 17 as

2096 2672 16 18 11
2129 2664 98 33 France,
2246 2665 121 26 combined
2385 2667 56 25 with
2462 2668 109 32 comfort,
2587 2667 148 34 cleanliness,

2089 2726 45 24 and
2147 2734 121 23 economy.

2118 2785 117 34 Wedding
2246 2787 79 26 Cakes
2336 2788 68 26 made
2415 2791 24 23 to
2451 2789 72 26 order.

2118 2966 195 26 N.B.—-Dinners
2324 2965 75 27 baked
2410 2973 71 26 every
2492 2965 53 33 day.

2224 3069 67 24 THE
2307 3068 132 26 FRENCH
2455 3067 144 28 BAKERY.

2398 3234 91 26 AND
2541 3234 194 33 SAURET,

2149 3323 91 25 French
2251 3323 159 33 Pastrycooks
2426 3323 46 26 and
2491 3324 185 27 Confectioners.

2211 3485 117 31 Wedding
2340 3484 77 27 Cakes
2427 3484 68 25 made
2507 3487 24 22 to
2542 3485 73 26 order.

2119 3561 101 25 Dinners
2231 3559 75 27 baked
2317 3568 72 25 every
2400 3560 44 33 day
2457 3561 61 25 from
2533 3564 26 21 10
2570 3564 24 22 to
2608 3564 34 23 12.

2120 3641 49 25 Ilot
2181 3640 92 26 French
2284 3639 66 27 Rolls
2361 3648 70 24 every
2443 3641 109 32 morning
2564 3644 24 22 at
2600 3645 13 21 8
2625 3640 96 28 o'clock.

2090 3733 48 28 rn
2161 3735 70 29 HE
2266 3735 152 30 EMPI
2438 3735 24 30 Ft
2484 3735 22 29 E
2539 3736 72 29 HO
2631 3734 21 29 T
2673 3736 22 29 E
2715 3735 22 30 L

2254 3873 157 25 BILLIARD
2434 3873 137 27 SALOON.

2092 3949 189 33 Acknowledged
2293 3954 24 21 to
2329 3951 26 24 be
2367 3950 39 25 the
2418 3949 88 33 largest
2521 3951 45 26 and
2584 3953 50 26 best
2652 3962 29 17 on
2698 3955 40 26 the

2334 3985 65 27 West
2418 3986 78 26 Coast.

2121 4064 58 24 Two
2200 4064 25 23 of
2248 4062 111 26 Alcoek's
2378 4064 50 24 best
2449 4063 97 25 Billiard
2564 4064 93 32 Tables,
2679 4067 58 25 with

2091 4101 82 30 patent
2184 4097 104 26 climatic
2299 4097 118 26 cushions.

2121 4132 75 26 Chess
2206 4133 45 25 and
2264 4132 109 32 Draught
2385 4132 91 27 Tables.

2121 4168 52 25 The
2184 4168 46 25 Bar
2241 4168 19 24 is
2272 4167 110 34 provided
2403 4168 57 25 with
2477 4171 40 25 the
2535 4171 101 25 choicest
2655 4171 84 26 brands

2091 4204 25 23 of
2127 4202 95 32 liquors.

2124 4238 64 25 Bass'
2209 4238 41 26 No.
2269 4243 20 25 2,
2307 4237 57 26 New
2382 4239 78 34 Brew,
2477 4240 89 35 always
2584 4250 29 18 on
2625 4245 55 31 tap,.
2710 4246 27 23 98

2135 4332 17 50 [
2192 4333 18 23 k
2230 4352 6 6 •
2317 4333 28 25 W
2362 4354 6 7 •
2441 4337 19 24 L
2480 4332 4 50 •
2558 4338 74 25 RE
2669 4342 19 23 E
2725 4342 15 25 S

2277 4463 46 31 (Of
2335 4464 59 25 Rees
2404 4464 45 25 and
2460 4463 91 35 Tyler),

2384 4583 66 37 and
2485 4582 167 41 Solicitor.

2111 4776 84 23 Once:
2239 4774 85 25 Coal
2356 4774 127 33 Street,
2523 4777 144 28 Charles

2196 4869 41 26 R.
2324 4868 21 25 II
2390 4870 8 24 I
2441 4871 20 24 L
2503 4872 19 24 L
2566 4873 19 24 Y
2631 4876 22 23 A

2109 4903 5 28 ;
2139 4896 11 29 t

2359 4960 118 25 burgeon,

2099 5042 4 37 I
2171 5046 18 22 U
2219 5054 25 12 •<>
2257 5042 43 25 .s-il
2326 5044 13 23 d
2361 5047 23 19 at
2407 5044 39 24 the
2469 5044 73 33 Royal
2566 5046 77 33 Hotel,
2667 5050 76 27 Main-

2512 5203 18 25 R
2577 5204 16 26 S
2641 5209 19 22 0
2708 5210 22 23 N

2141 5279 12 15 .i
2163 5278 3 19 ,
2178 5278 24 14 V.
2246 5284 14 13 i.
2323 5278 3 19 >
2334 5278 2 19 ■
2356 5278 13 19 '•

2575 5358 31 16 se»
2632 5351 44 27 r.d.

2931 211 122 39 Easter
3072 212 176 53 Holidays.

2775 415 118 39 ;>ALL
2911 418 6 36 !
2993 419 124 41 BALL
3135 423 29 38 !!
3234 424 122 41 BALL
3373 426 32 40 !!

2768 632 6 20 r
2775 632 104 66 JMIE
2923 639 183 33 CASINO
3145 644 56 29 DE
3241 647 167 33 VENICE

2796 722 54 26 Will
2861 724 27 25 be
2906 727 91 26 thrown
3008 736 59 25 open
3084 738 29 17 on
3125 731 47 26 this
3191 735 107 27 occasion
3309 738 37 26 for
3363 738 27 26 th

2766 805 97 27 purpose
2874 802 26 23 of
2911 801 88 34 having
3011 812 13 17 a
3293 804 12 15 *
3324 807 9 14 •

2767 873 179 43 Grand
3011 879 189 45 Select
3258 888 141 41 Ball.

2947 1058 164 29 SPLENDID
3127 1063 99 28 BAND.
3250 1057 5 6 '

3033 1094 7 11 /

2766 1223 51 26 The
2829 1225 85 26 Casino
2926 1226 45 27 will
2989 1228 28 26 be
3033 1230 135 35 Brilliantly
3186 1233 156 37 Illuminated,
3362 1240 45 26 and

2770 1279 27 17 v»*
2864 1289 12 5 .
3357 1277 13 17 *

2768 1297 123 37 tastefully
2901 1302 131 29 decorated.

2968 1380 180 31 CHRISTIAN
3163 1387 95 34 FOYN,

3236 1460 61 35 Prop
3309 1466 49 23 etor
3370 1460 4 35 .

2926 1545 122 33 TEE
3133 1548 258 40 MONDAY

2795 1705 202 44 Corcoran's
3036 1711 168 46 Hibernia
3251 1720 124 43 Hotel.

2763 1895 24 26 A
2804 1896 116 29 GRAND
2943 1902 145 31 OPENING
3109 1908 89 27 BALL
3213 1919 51 19 and
3281 1913 126 30 SUPPER

2860 2006 57 26 Will
2929 2008 55 26 take
2994 2009 65 34 place
3070 2015 25 23 at
3105 2014 41 27 the
3156 2016 73 28 above
3239 2018 72 35 hotel,

2794 2116 37 27 On
2871 2117 206 40 MONDAY,
3124 2128 61 26 22nd
3224 2132 153 32 APRIL.

2817 2246 25 26 A
2853 2247 136 29 First-class
2999 2253 68 26 Band
3079 2255 47 27 will
3136 2257 27 27 be
3173 2259 25 25 in
3209 2262 146 30 attendance.

2843 2379 138 32 Admission
2992 2385 31 34 by
3034 2387 130 30 Invitation
3175 2393 85 28 Ticket
3270 2396 62 34 only.

2940 2481 121 43 Public
3093 2487 135 44 Notice.

2764 2608 94 68 'JIHE
2875 2611 117 32 Immense
3013 2618 185 32 Establishment
3219 2625 87 30 known
3323 2638 27 19 as
3365 2632 41 28 tht

2809 2703 201 52 CASINO
3043 2708 72 50 DE
3148 2712 211 57 VENICE

2959 2783 56 30 Will
3027 2786 27 28 be
3065 2790 88 33 opened
3164 2799 26 19 as
3202 2802 14 18 a

2763 2830 638 70 theatre,

2792 2897 68 28 With
2869 2899 116 27 beautiful
2996 2903 46 25 and
3052 2907 152 30 magnificent
3216 2917 103 30 scenery,
3336 2916 46 27 and
3393 2925 13 19 a

2763 2949 65 31 stage
2839 2950 29 23 30
2879 2948 49 27 feet
2938 2949 64 36 deep,

2879 3072 162 54 Monday,
3068 3076 101 53 April
3194 3083 94 38 29th.

2858 3202 52 26 The
2920 3203 76 27 talent
3006 3208 105 33 engaged
3121 3208 48 28 will
3180 3212 87 27 consist
3278 3215 27 26 of

2809 3250 119 48 MB.
3011 3253 329 70 O'NEILL,

2879 3319 57 32 The
2950 3320 84 34 Great
3047 3323 70 33 Irish
3131 3327 153 42 Comedian,

2851 3375 57 26 And
2928 3385 15 17 a
2963 3377 46 28 full
3034 3379 124 29 Dramatic
3184 3384 131 36 Company.

2764 3469 136 66 rpHE
2957 3474 171 33 CAMP
3185 3479 216 47 HOTEL,

2847 3549 227 53 Main-street,
3104 3554 213 47 Charleston.

2871 3630 24 26 J.
2912 3631 27 33 Q.
2957 3632 150 35 WALKER,
3127 3636 168 31 Proprietor.

2793 3719 154 27 Commercial
2973 3722 141 27 Gentlemen
3141 3726 99 31 visiting
3267 3728 136 29 Charleston

2763 3753 47 26 will
2822 3753 48 26 find
2881 3754 31 27 all
2924 3756 39 27 the
2980 3758 113 27 comforts
3105 3763 24 23 to
3144 3760 27 27 be
3182 3766 49 23 met
3250 3765 58 26 with
3318 3767 25 26 in
3357 3777 48 22 any

2768 3789 42 26 wel
2818 3789 8 26 1
2832 3791 90 25 -rdered
2933 3792 70 25 hotel.

2793 3824 51 29 The
2855 3825 72 27 Table
2937 3827 19 25 is
2968 3829 85 26 second
3063 3832 24 24 to
3098 3839 67 23 none,
3173 3833 46 26 and
3230 3834 39 26 the
3277 3836 129 29 Bedrooms

2763 3869 38 16 are
2811 3861 74 29 clean,
2896 3862 58 32 airy,
2966 3863 44 24 and
3022 3866 158 26 comfortable.

2792 3896 52 25 The
2855 3895 90 32 Wines,
2957 3897 95 34 Spirits,
3064 3903 50 27 etc.,
3126 3902 47 25 and
3184 3904 61 26 Malt
3255 3906 100 33 Liquors
3366 3916 40 21 are

2763 3930 26 25 of
2800 3931 41 25 the
2852 3930 107 27 Choicest
2973 3933 98 28 Brands.

2794 3967 20 24 A
2829 3965 102 35 splendid
2944 3967 95 27 Billiard
3051 3972 73 24 Room
3135 3973 20 25 is
3166 3975 116 33 attached,
3293 3978 59 26 with
3361 3987 45 20 one

2763 4001 26 25 of
2800 4001 112 26 Alcoek's
2923 4010 57 25 very
2992 4005 50 24 best
3053 4006 79 32 tables,

2766 4100 377 39 CRITERION
3195 4105 213 42 HOTEL,

2998 4165 175 22 COAL-STREET.

2849 4206 108 27 JAMES
2975 4207 155 35 PARSONS,
3151 4210 166 33 Proprietor.

2795 4294 51 25 The
2857 4294 73 26 above
2941 4295 62 27 hotel
3022 4297 42 25 has
3077 4297 55 28 been
3144 4301 104 33 recently
3258 4306 97 31 opened*
3363 4309 47 25 and

2766 4329 40 25 the
2817 4330 128 31 proprietor
2955 4339 42 15 can
3010 4332 144 33 confidently
3169 4339 74 22 assert
3254 4337 52 27 that
3321 4340 32 27 all
3368 4343 41 27 the

2768 4364 19 22 V.
2797 4363 56 30 ines,
2867 4365 90 32 Spirits,
2969 4365 44 25 and
3034 4365 57 26 .Malt
3104 4368 99 32 Liquors
3220 4374 25 22 at
3262 4373 49 26 this
3328 4375 82 30 House

2764 4406 39 17 are
2811 4400 25 22 of
2849 4399 40 25 the
2900 4400 49 24 best
2962 4400 91 26 brands.

2777 4494 97 62 \jli.
2933 4495 215 35 SAMUEL
3205 4501 201 47 SIMMS,

2837 4574 181 39 MINING
3060 4576 277 57 ADVOCATE,

2876 4716 115 31 General
3005 4718 176 35 Commission
3193 4720 102 40 Agent.

2767 4780 143 34 Temporary
2929 4780 89 28 Office.
3043 4782 95 35 Empire
3156 4784 77 33 Hotel,
3249 4786 105 35 opposite
3371 4789 40 28 the

2940 4816 70 26 Bank
3021 4817 27 26 of
3057 4818 57 26 New
3126 4819 108 28 Zealand.
