2500 3840
111 179 201 31 SERIAL
344 175 183 32 STORY.

110 254 102 26 Specially
222 252 81 18 written
312 251 31 21 for
355 250 5 8 '
367 248 41 19 The
419 244 108 22 Obsei-ver.'
537 242 11 24 /

97 312 70 24 THE
185 310 76 25 WAY
280 308 66 25 SHE
364 305 84 24 LOST
465 302 74 25 HIM.

262 365 141 27 (Concluded.)

91 424 53 23 The
156 428 54 17 men
221 426 62 18 were
294 417 100 30 talking,
415 415 49 24 and
475 414 13 23 I
507 412 75 25 heard

59 455 112 29 M'Hugli
182 460 49 22 say,
276 449 85 30 Maybe
373 449 64 23 she's
448 455 15 15 a
474 446 35 23 bit
521 452 61 23 gone

59 488 28 23 m
108 487 45 23 her
174 484 74 27 head;
277 488 95 18 women
393 479 63 24 folks
478 479 31 22 do
527 477 55 24 take

60 527 72 23 queer
142 517 99 24 fancies.
292 514 13 22 I
317 513 67 23 don't
402 510 72 26 think
484 510 31 24 he
534 517 48 16 was

57 551 70 24 down
137 550 68 23 there
215 549 25 22 at

118 583 49 23 But
178 580 39 24 his
228 579 65 23 hat's
304 578 70 22 down
389 576 66 23 there
467 574 57 28 still,
537 573 45 24 and

58 615 70 24 these
146 616 82 22 stones
245 618 41 17 are
296 609 65 24 fresh
375 607 85 32 picked
478 608 42 23 out
537 606 45 24 and

59 647 82 23 drawn
162 653 40 22 up,
225 644 14 22 I
261 651 38 15 am
429 639 91 31 replied
547 639 35 23 Ms

58 680 75 22 mate.

121 710 51 23 Yes
189 708 59 30 they
344 705 14 23 I
378 704 73 31 spoke
468 711 33 22 up
511 710 56 16 now
577 710 5 21 ;

87 743 14 23 I
111 743 63 23 drew
184 740 69 24 them
264 747 31 22 up
305 746 6 20 ;
337 738 55 26 and,
404 736 41 28 oh,
463 736 119 23 whatever

61 774 45 23 has
118 774 99 23 become
228 771 26 24 of
262 778 42 23 my
315 768 121 25 husband.
487 767 34 23 As
532 768 50 22 true

61 813 27 16 as
100 806 46 22 I'm
156 804 77 29 living
243 803 30 22 he
292 809 49 16 was
352 801 27 22 m
389 800 43 23 the
442 799 55 24 well
513 799 69 23 when

61 838 14 23 I
85 845 46 16 ran
142 839 25 22 to
178 837 41 30 get
229 835 42 24 the

94 870 52 23 The
157 876 55 17 men
229 867 67 24 stood
308 866 71 23 silent
396 865 37 23 for
445 872 14 15 a
477 864 105 22 moment

60 910 28 16 or
106 904 46 21 two
172 900 57 24 with
251 898 73 24 blank
346 896 177 24 astonishment
546 896 36 22 de-

59 933 82 31 picted
161 940 33 17 on
215 931 63 24 their
299 930 72 27 faces,
394 929 58 24 then
471 927 111 30 M'Hugh

59 966 54 23 said
113 980 32 2 —

212 995 42 23 I'll
275 995 30 23 be
327 990 113 31 sugared;
474 992 13 22 I
514 999 68 16 never

59 1029 73 24 heard
154 1028 42 25 the
218 1027 48 23 like
283 1027 27 22 m
327 1026 33 22 all
377 1033 42 22 my
438 1024 60 23 born
516 1024 66 30 days.

59 1062 68 30 Why
138 1060 80 24 missis
229 1060 42 22 it's
279 1058 53 30 just
350 1056 140 30 impossible
502 1056 54 24 that
569 1064 13 15 a

59 1101 60 16 man
141 1091 71 25 could
233 1093 40 27 get
294 1098 32 22 up
349 1091 42 21 out
409 1089 26 23 of
455 1088 54 23 that
529 1087 53 25 well

59 1126 101 22 without
179 1122 64 30 help,
255 1122 61 23 with
334 1121 42 23 the
388 1120 62 23 sides
469 1120 73 23 caved
558 1120 24 22 m

55 1157 28 23 m
94 1157 53 23 that

91 1188 89 22 '•How
196 1186 59 29 long
265 1185 22 23 is
297 1185 21 22 it
337 1185 63 22 since
411 1191 48 22 you
477 1183 44 23 left
532 1183 50 23 him

55 1220 71 22 there
136 1221 9 21 ?
186 1218 75 24 asked
269 1218 39 22 the
319 1216 69 24 other
398 1223 66 16 man.

178 1250 48 24 five
243 1249 112 27 minutes,
375 1247 46 23 I'm
439 1247 101 30 positive
558 1253 24 17 01

55 1284 62 28 that,
140 1286 49 21 and
210 1290 44 18 no.
259 1293 6 7 »
271 1289 84 23 person
377 1288 47 15 was
453 1279 128 31 anywhere

56 1324 75 19 near;
157 1316 13 22 I
182 1315 71 23 could
272 1322 38 16 see
322 1314 33 23 all
367 1312 99 27 around,
487 1314 93 27 except-

56 1349 43 29 ing
110 1350 9 21 t
123 1351 3 11 ;
131 1356 20 15 i<i
162 1355 52 21 way
226 1354 47 22 you

89 1380 90 23 "Let's
196 1378 56 24 look
271 1378 33 23 all
324 1376 79 25 round
424 1376 43 24 the

54 1412 59 30 they
125 1409 59 31 said,
197 1411 46 23 and
255 1418 26 16 so
292 1418 36 16 we
339 1409 49 28 did,
400 1409 27 23 m
438 1416 71 23 every
521 1408 60 24 shed

54 1444 50 24 and
115 1444 125 27 outhouse,
257 1442 49 24 and
316 1441 89 24 behind
415 1441 98 30 hedges,
532 1441 49 22 and

54 1476 34 23 all
108 1478 62 22 sorts
188 1475 24 25 of
233 1474 113 31 probable
365 1474 49 23 and
434 1472 147 31 improbable

55 1508 89 30 places,
157 1508 43 23 but
211 1510 44 20 not
266 1515 15 15 a
292 1512 66 17 trace
370 1506 27 23 of
405 1505 93 23 Arthur
509 1505 72 23 could

54 1547 36 16 we
101 1539 59 24 find.
193 1538 45 24 We
250 1538 103 24 shouted
363 1537 49 24 and
422 1536 109 24 coo-e-ed
541 1538 38 21 too

54 1572 26 23 m
92 1571 56 24 vain
160 1580 5 21 ;
182 1571 68 24 there
262 1578 49 16 was
321 1578 34 16 no
365 1576 101 17 answer.

88 1604 53 24 The
151 1611 59 17 men
220 1603 60 24 then
288 1604 64 23 went
363 1610 72 23 away,
447 1601 134 31 promising

55 1638 27 22 to
94 1636 59 31 keep
165 1645 14 15 a
195 1637 73 29 sharp
279 1635 107 23 iook-out
404 1635 37 22 for
452 1635 60 26 him,
532 1634 49 22 and

56 1668 48 23 call
115 1669 71 29 again
196 1668 27 23 m
234 1668 42 23 the
288 1667 101 30 evening
408 1668 26 22 to
454 1674 39 15 see
512 1666 21 23 if
550 1666 31 23 he

55 1700 49 24 had
115 1700 88 24 turned
214 1708 40 23 up,
267 1708 27 16 as
306 1700 56 30 they
374 1699 60 23 said.

90 1733 14 22 I
126 1734 88 23 cannot
236 1733 44 23 tell
301 1740 48 22 you
375 1732 55 23 how
457 1731 53 23 that
535 1731 46 30 day

56 1768 95 27 passed.
186 1767 33 22 At
229 1766 52 22 first
293 1769 13 18 1
315 1764 44 23 lelt
377 1764 66 30 quite
454 1763 127 31 indignant

57 1797 59 24 with
138 1797 91 24 Arthur
238 1805 5 20 ;
270 1797 13 23 I
305 1804 47 16 was
375 1795 139 32 convinced^,
527 1803 55 15 now

57 1829 55 24 that
131 1829 32 24 he
176 1837 46 15 was
241 1833 42 19 not
295 1829 58 23 hurt
370 1829 84 26 much,
473 1828 49 23 and
532 1827 50 23 had

57 1865 42 25 got
110 1869 32 22 up
154 1863 42 21 out
208 1861 25 22 of
242 1861 43 23 the
295 1860 61 28 well,
377 1860 49 23 and
437 1867 50 16 was
497 1860 85 29 hiding

56 1893 63 23 from
134 1900 40 16 me
191 1893 102 23 because
311 1893 31 23 he
357 1900 47 16 was
421 1892 83 30 sulky;
529 1899 52 22 per-

56 1933 62 22 jiaps
135 1924 33 25 he
179 1933 57 16 even
256 1924 104 31 thought
378 1924 13 23 I
408 1924 50 24 had
478 1923 104 31 dropped

55 1957 56 24 that
121 1957 89 25 bucket
221 1957 134 31 purposely.
405 1957 76 27 Then,
502 1964 27 16 as
540 1956 42 24 the

55 1989 77 25 hours
142 1990 94 30 passed,
249 1997 38 23 my
306 1989 74 24 mood
396 1989 117 30 changed,
534 1989 48 24 and

57 2030 14 15 jl
92 2029 59 24 wept
172 2027 40 19 hot
228 2023 135 29 pusaionate
375 2023 64 22 tears
450 2030 27 15 as
493 2022 13 22 I
523 2030 58 21 pon-

56 2055 73 24 dered
146 2062 57 17 over
222 2062 65 16 some
306 2062 66 16 cases
391 2054 27 23 of
440 2054 142 30 mysterious

57 2087 186 30 disappearance
265 2088 14 22 i
297 2087 46 23 had
361 2086 72 23 heard
452 2087 31 27 of,
503 2086 48 23 and
570 2086 12 23 I

57 2119 12 23 f
71 2124 68 19 jared
156 2120 14 22 I
180 2119 80 30 might
273 2126 73 17 never
362 2126 39 16 see
412 2126 42 23 my
471 2118 111 24 husband

56 2152 81 30 again.
191 2151 113 24 Towards
339 2151 102 29 evening
472 2150 110 31 M'Hugh

57 2192 67 16 came
142 2183 69 28 back,
224 2183 49 23 and
283 2183 95 24 seemed
397 2182 122 30 surprised
530 2183 52 23 that

56 2216 97 23 Aruhur
168 2215 49 24 had
236 2216 44 22 not
298 2222 68 17 come
384 2215 81 23 home.
542 2214 39 23 He

55 2247 51 24 had
126 2248 112 31 inquired
257 2247 26 24 of
473 2246 31 24 he
523 2246 59 28 said,

81 2280 49 23 and
148 2288 34 16 no
200 2287 88 23 person
307 2279 49 24 had
367 2287 56 16 seen
439 2279 39 23 Mr

57 2313 73 24 Oiiner
148 2314 129 29 neignbors
292 2319 68 16 came
379 2314 46 25 too,
444 2311 50 24 and
517 2319 65 16 some

56 2353 97 15 women
171 2345 83 30 stayed
269 2345 60 23 with
348 2352 40 16 me
406 2343 36 24 for
464 2351 118 22 company

55 2377 35 24 all
108 2377 76 31 night,
205 2378 43 22 but
264 2377 65 24 there
346 2384 50 16 was
417 2384 33 16 no
472 2376 64 24 word
558 2376 24 24 of

57 2411 92 22 A-.-liiiur
160 2411 54 22 unat
224 2410 78 29 night,
313 2417 46 15 nor
371 2410 58 22 next
441 2408 53 31 day,
508 2416 27 16 or
545 2408 37 24 for

55 2450 76 23 many
140 2442 65 30 days.
238 2441 62 28 And,
308 2443 26 22 to
342 2441 47 23 add
398 2443 24 21 to
429 2448 42 24 my
478 2441 102 28 trouble,

56 2483 41 22 iiiy
111 2477 61 28 uaby
185 2476 43 28 boy
238 2481 50 16 was
299 2474 73 23 taken
384 2481 25 16 so
418 2474 38 28 ill;
469 2481 41 23 my
518 2474 63 24 little

57 2507 95 30 darling
171 2514 63 23 grew
252 2505 68 31 paler
338 2506 49 24 and
408 2505 93 25 weaker
524 2507 57 23 each

55 2538 56 32 diy,
124 2538 48 25 and
184 2546 44 17 one
240 2539 42 23 sad
294 2538 45 31 day
357 2538 13 23 I
382 2546 49 16 saw
448 2546 15 16 a
480 2538 57 24 look
555 2539 26 23 m

55 2571 40 24 his
108 2579 55 22 eyes
173 2571 81 24 which
264 2571 72 23 made
347 2578 38 16 me
391 2570 84 31 nearly
485 2571 95 23 frantic.

58 2608 15 9 '•
85 2606 36 21 Uii
132 2611 33 16 no
174 2610 5 19 !
226 2603 14 22 I
251 2603 70 28 cried,
334 2603 24 22 m
370 2610 77 23 agony
499 2602 14 23 I
523 2611 57 15 can-

54 2637 46 23 not
112 2643 67 24 spare
190 2643 42 23 my
243 2635 66 23 child
319 2643 5 21 ;
342 2635 40 28 oh,
395 2634 13 23 I
424 2634 65 24 shall
508 2634 27 24 be
555 2643 26 16 so

222 2668 50 23 But
283 2668 14 22 I
307 2676 49 15 Avas
374 2669 42 21 not
428 2667 77 23 called
515 2675 66 22 upon

54 2704 27 21 to
92 2701 90 24 endure
193 2700 54 23 that
258 2700 56 23 loss.
364 2700 40 23 He
415 2699 78 31 began
508 2702 25 21 to
544 2707 36 16 re-

54 2741 71 17 cover
144 2733 63 24 from
217 2733 52 23 that
288 2732 54 31 day,
363 2731 52 24 and-
423 2739 52 16 now
494 2731 13 23 I
522 2739 59 23 gave

54 2775 67 15 aiiure
143 2766 121 23 attention
287 2766 24 23 to
334 2764 42 24 the
403 2764 65 23 cruel
495 2764 84 30 things

54 2799 78 25 which
142 2797 85 33 people
237 2805 62 16 were
311 2797 85 31 saying
405 2796 26 24 of
437 2805 48 15 me.
520 2796 59 28 Yes,

54 2841 67 15 ju±d
132 2838 100 24 persons
252 2838 59 15 even
321 2829 98 30 implied
438 2830 52 22 that
501 2829 14 23 I
532 2829 48 23 had

53 2872 12 17 s
73 2872 48 16 )me
132 2870 86 17 reason
228 2869 37 17 ior
276 2862 103 30 keeping
394 2869 41 22 my
446 2860 133 25 husband's

53 2905 22 16 w
78 2897 139 23 aereabouts
229 2904 12 13 a
254 2900 82 21 secret,
349 2893 48 23 and
408 2893 81 24 others
501 2893 51 23 said
567 2892 13 24 I

54 2930 78 29 ought
149 2931 26 21 to
198 2927 29 24 be
249 2927 71 30 given
339 2927 26 22 m
384 2926 86 30 charge
490 2927 25 22 to
537 2925 42 24 the

53 2962 84 30 police,
151 2969 26 15 as
189 2962 30 22 he
226 2959 79 31 might
317 2959 29 23 be
353 2958 137 24 murdered.
524 2957 57 24 And

55 3001 59 16 i,nen
134 3001 67 16 some
221 2994 95 28 experts
336 2992 27 22 m
375 2991 63 23 wells
450 2998 68 16 came
529 2990 49 23 and

53 3025 87 25 lDoked
151 3027 26 21 at
192 3032 64 20 ours,
269 3024 49 23 and
333 3031 44 16 one
388 3031 59 22 gave
458 3023 20 23 it
496 3030 27 16 as
542 3022 38 24 his

54 3059 98 30 opinion
164 3058 54 23 that
229 3065 33 15 no
273 3064 47 16 one
339 3055 71 24 could
421 3054 107 32 possibly
539 3056 40 29 get

53 3093 43 22 out
118 3090 26 24 of
163 3090 55 24 that
240 3088 55 25 well
309 3088 104 24 without
431 3088 131 23 assistance
572 3094 6 22 ;

53 3123 101 24 another
174 3122 73 24 asked
266 3129 40 16 me
317 3121 55 23 who
383 3121 50 23 had
452 3120 83 24 drawn
546 3126 33 23 up

53 3156 42 24 the
118 3154 99 26 buckets
239 3154 27 24 of
281 3156 82 21 stones
380 3152 54 25 that
456 3152 121 30 morning,

53 3188 48 24 and
110 3187 68 24 when
189 3187 13 23 I
210 3186 52 24 said
272 3186 14 24 I
294 3186 49 24 had
354 3186 61 24 done
423 3186 20 24 it
455 3185 30 23 he
494 3184 85 24 smiled

53 3222 26 23 hi
90 3229 33 16 an
133 3219 151 31 unbelieving
295 3220 49 23 sort
351 3219 26 24 of
386 3227 15 15 a
407 3226 61 22 way.
503 3217 76 24 Other

53 3260 100 24 persons
186 3252 74 24 asked
286 3252 21 22 if
332 3251 90 23 Arthur
455 3250 49 24 had
531 3257 48 23 any

53 3285 114 28 enemies,
180 3284 48 24 and
240 3284 71 30 again
323 3284 46 23 and
387 3283 72 31 again
469 3283 14 23 I
494 3282 49 24 had
555 3287 24 19 to

53 3319 81 29 repeat
153 3318 41 22 the
205 3323 165 17 occurrencess
390 3316 26 23 of
426 3316 54 23 that
497 3314 81 23 unfor-

53 3351 84 22 tunate
149 3349 117 29 morning.
313 3348 51 22 The
375 3355 77 22 weary
461 3347 58 29 days
530 3347 49 22 and

53 3381 78 24 weeks
142 3380 106 31 dragged
259 3380 64 23 their
341 3379 58 24 slow
410 3378 87 30 length
508 3377 71 31 along

53 3413 37 25 till
113 3415 47 22 two
182 3412 101 24 months
311 3419 59 16 were
397 3419 67 22 gone.
510 3410 69 24 Then

53 3445 64 31 early
137 3452 47 16 one
202 3445 114 29 morning
337 3444 13 22 I
362 3443 67 24 woke
448 3450 33 23 up
492 3443 61 23 with
564 3450 15 16 a

53 3478 89 28 feeling
153 3477 26 22 of
195 3478 155 27 expectancy.
403 3474 145 30 Something
558 3474 21 23 is

53 3508 73 31 going
148 3509 26 22 to
195 3506 96 31 happen
314 3506 90 31 to-day,
428 3506 13 22 I
463 3506 114 29 thought.

53 3540 108 29 Perhaps
179 3539 82 29 to-day
279 3539 13 22 I
310 3538 62 24 shall
390 3538 59 23 hear
467 3545 65 16 news
555 3537 27 24 of

54 3571 100 26 Arthur,
174 3570 48 23 and
237 3570 34 23 all
288 3570 51 25 this
361 3570 56 23 time
439 3569 26 24 of
485 3569 94 24 trouble

54 3603 48 23 will
113 3602 29 23 be
154 3610 64 15 over.
269 3601 13 23 I
301 3601 43 23 felt
363 3601 90 30 lighter
471 3601 26 23 of
511 3602 68 23 heart

54 3634 63 25 than
136 3634 13 23 I
172 3633 49 24 had
240 3633 61 24 done
316 3633 65 24 since
396 3633 53 24 that
464 3633 115 31 unhappy

54 3667 47 30 day
101 3680 32 3 —
133 3666 80 24 which
231 3665 93 23 seemed
343 3673 26 16 so
381 3666 58 30 long
460 3673 45 23 ago
506 3680 32 3 —
539 3667 40 22 the

54 3699 47 29 day
112 3699 53 22 that
176 3697 13 23 I
200 3697 48 23 lost
259 3704 41 22 my
318 3697 117 23 husband.
469 3698 13 22 1
492 3697 87 24 looked

54 3731 26 22 at
92 3737 41 23 my
143 3728 62 32 baby
224 3727 137 33 thankfully
370 3737 5 21 ;
399 3729 32 24 he
442 3737 48 17 was
502 3729 75 31 sleep-

54 3762 43 28 ing
118 3761 96 29 calmly,
244 3761 43 24 the
309 3761 63 29 sleep
400 3762 26 24 of
450 3762 127 28 returning

669 168 93 28 health,
775 167 56 28 and,
844 174 27 16 as
886 166 13 24 I
910 174 50 16 was
971 167 118 30 watching
1107 166 61 28 him,
1182 174 14 16 a

670 201 78 24 sound
767 200 42 25 fell
820 207 32 17 on
870 207 41 23 my
930 207 47 20 ear,
998 199 80 24 whLh
1098 198 99 25 thrilled

669 233 105 30 through
786 240 70 23 every
871 239 73 16 nerve
956 233 47 21 and
1022 234 35 22 set
1068 240 42 22 my
1127 232 68 23 heart

669 265 100 31 beating
780 265 88 31 madly.
913 264 24 23 It
948 271 50 16 was
1009 271 15 16 a
1036 268 51 26 step
1099 264 98 30 coming

670 306 33 23 up
723 299 26 23 to
768 298 42 24 the
835 298 59 23 door
894 311 32 2 —
927 305 12 14 a
963 299 52 28 step
1038 298 84 29 strong
1148 296 49 24 and

672 339 27 21 sp
712 330 93 30 inging,
828 329 45 24 full
901 329 26 23 of
952 328 42 24 life
1022 329 49 23 and
1098 336 96 22 energy.

671 362 114 24 Arthur's
813 364 59 27 step,
901 360 13 24 I
936 360 71 24 could
1029 360 41 23 tell
1093 360 20 23 it
1135 360 25 23 m
1183 368 14 15 a

671 395 118 23 moment.
839 393 25 23 It
875 400 67 16 came
953 400 84 16 nearer
1047 392 49 23 and
1106 400 91 19 nearer,

673 426 113 30 stopping
797 428 25 21 at
833 425 42 24 the
887 425 97 23 kitchen
995 424 66 23 door.
1103 424 70 23 Then
1185 424 13 23 I

671 458 75 24 heard
773 458 41 23 the
841 458 58 22 door
927 456 83 30 slowly
1037 457 99 29 opened.
1186 456 14 23 I

672 490 128 25 wondered
843 489 55 24 that
942 488 14 24 I
988 488 50 23 had
1076 488 121 30 forgotten

672 524 27 22 to
709 522 80 24 fasten
800 522 28 23 it.
878 521 71 30 Why,
962 520 19 23 it
992 528 50 16 was
1053 520 50 31 just
1115 527 26 16 as
1153 520 20 23 if
1182 520 13 23 I

672 555 50 23 had
733 554 89 24 known
832 553 32 24 he
881 553 80 23 would
972 560 68 16 come
1059 552 73 24 home
1149 552 48 23 this

673 586 120 30 morning,
806 586 13 23 I
830 585 106 31 thought
955 584 60 24 with
1031 592 14 15 a
1064 584 63 23 little
1146 592 51 15 sur-

673 619 71 30 prise.
794 618 14 23 I
818 618 63 24 tried
892 619 25 22 to
936 618 48 22 rise
995 616 49 24 and
1055 624 30 23 go
1097 618 25 22 to
1133 618 65 22 meet

673 651 61 28 him,
757 651 13 22 I
792 650 91 23 wished
904 651 25 22 to
958 657 42 22 say
1027 651 24 21 to
1073 649 51 23 him
1146 649 54 23 how

673 682 98 31 pleased
781 682 14 23 I
805 689 50 16 was
872 684 26 21 to
913 681 58 24 hear
988 681 37 24 his
1045 682 52 29 step
1118 681 80 30 again.

674 715 103 30 Already
788 715 13 23 I
811 714 50 24 had
871 713 121 31 forgotten
1003 713 34 24 all
1047 713 43 23 the
1101 713 58 30 pain
1169 712 31 24 he

673 747 50 24 had
744 746 89 24 caused
849 754 41 15 me
916 745 32 31 by
967 745 40 24 his
1028 745 101 24 absence
1151 745 49 23 and

675 779 95 23 silence.
821 778 45 24 It's
878 786 26 15 so
916 786 56 21 easy
983 779 25 22 to
1027 777 91 30 forgive
1129 777 68 23 those

673 818 36 17 we
728 811 61 23 love.
840 810 57 27 But,
910 809 119 30 although
1046 809 14 23 I
1070 809 94 23 desired
1174 810 26 22 to

674 843 55 28 rise,
742 842 13 24 I
767 842 71 24 could
848 844 44 22 not
904 842 30 23 do
946 849 26 17 so
981 849 5 21 ;
1011 841 14 24 I
1035 849 49 16 was
1095 840 49 25 like
1155 848 45 17 one

673 875 27 23 m
711 883 14 15 a
737 877 89 26 trance,
846 873 89 25 unable
946 875 25 23 to
990 881 71 17 move
1072 881 27 17 or
1118 873 80 31 speak.

674 906 13 23 I
697 915 74 15 never
790 906 106 24 doubted
906 906 36 23 for
953 913 15 16 a
986 907 110 22 moment
1106 905 56 24 that
1179 905 20 24 it

674 947 49 15 was
734 938 99 28 Arthur,
842 938 47 24 and
896 945 55 17 now
961 938 32 23 he
1003 945 65 16 came
1075 937 73 31 along
1157 936 41 24 the

673 978 100 23 passage
784 973 25 22 to
821 971 42 23 the
872 971 58 22 door
941 970 25 23 of
977 978 42 22 my
1029 977 76 16 room.

841 1002 52 24 said
911 1002 42 23 the
968 1002 135 30 longed-for
1124 1002 74 27 voice,

673 1042 28 17 as
720 1035 29 23 he
761 1035 90 30 opened
870 1034 43 24 the
924 1033 66 28 door,
1035 1033 78 32 Kitty,
1133 1041 65 23 upon

672 1075 43 22 my
732 1067 66 23 word
808 1067 49 23 this
876 1067 21 22 is
916 1068 41 21 too
969 1066 46 23 bad
1026 1075 5 20 ;
1055 1068 83 28 you're
1155 1067 43 22 not

673 1107 31 22 up
715 1101 48 28 yet.
808 1099 51 23 I've
872 1098 60 24 been
943 1098 93 24 outside
1047 1098 36 23 for
1095 1105 32 16 an
1137 1097 63 24 hour

673 1138 26 16 or
717 1138 73 20 more,
810 1130 49 24 and
873 1132 86 28 you've
974 1129 52 31 just
1045 1129 62 24 been
1118 1129 80 31 asleep

673 1162 79 30 again.
788 1179 5 6 .
829 1179 6 6 .

824 1194 53 23 said
894 1194 52 22 Mrs
967 1193 67 30 Sibly
1044 1193 151 30 laughingly,

697 1225 56 23 And
765 1234 26 15 so
803 1226 13 22 I
828 1225 56 24 had.
929 1225 41 23 All
981 1226 54 23 that
1045 1225 95 24 trouble
1150 1233 47 16 was

669 1257 53 31 just
733 1266 15 15 a
758 1258 92 24 dream.
884 1258 115 30 Morning
1016 1258 93 24 dreams
1129 1265 68 17 come

671 1293 60 26 true,
753 1290 40 24 'tis
812 1290 52 24 said
873 1298 6 20 ;
903 1290 48 24 I'm
968 1290 56 31 glad
1035 1292 25 22 to
1077 1298 42 23 say
1130 1290 68 24 mine

671 1322 42 23 did
722 1324 52 25 not,
787 1322 47 23 and
849 1322 54 24 that
914 1330 49 16 was
983 1326 6 10 '
1001 1322 52 24 The
1064 1331 51 22 way
1126 1322 13 24 I
1150 1322 48 25 lost

671 1354 70 23 him.'

1069 1386 96 24 Ellen.

866 1423 64 31 (The
942 1423 75 32 End.)

805 1490 22 23 A
843 1490 78 23 TRIP
937 1490 116 23 NORTH.

859 1548 51 31 [By
928 1548 83 31 Trig.]

851 1607 161 31 (Continued.)

704 1665 99 23 Before
823 1665 96 30 leaving
936 1665 149 31 Wellington
1101 1672 36 16 we
1151 1664 47 24 had

670 1698 61 23 been
750 1698 88 23 offered
857 1697 91 24 several
962 1697 81 24 blocks
1055 1697 26 24 of
1096 1696 58 24 land
1171 1697 28 23 m

671 1729 42 24 the
732 1729 101 30 vicinity
850 1729 26 24 of
894 1729 126 28 Stratford,
1040 1729 49 23 and
1106 1737 31 15 on
1156 1729 43 23 the

671 1761 122 31 following
803 1762 54 30 day,
870 1761 90 31 having
978 1761 116 31 procured
1104 1761 93 28 horses,

671 1801 36 16 we
725 1794 89 23 started
832 1795 25 23 to
874 1794 94 30 inspect
988 1802 26 15 as
1034 1793 75 23 much
1126 1801 27 15 as
1163 1801 35 15 we

671 1826 72 23 could
762 1826 27 23 of
803 1826 42 23 the
863 1826 66 23 land.
980 1826 53 23 The
1047 1825 63 24 East
1121 1825 76 28 Eoad,

672 1857 124 24 described
807 1865 27 16 as
870 1865 15 16 a
896 1858 61 30 good
968 1860 51 21 cart
1124 1858 22 23 is
1157 1858 41 23 the

671 1889 55 24 first
737 1890 101 30 turning
849 1891 25 23 to
889 1890 42 24 the
942 1890 74 31 right,
1028 1890 73 31 going
1117 1889 81 28 north,

672 1922 62 24 after
744 1922 99 31 passing
858 1922 43 24 the
918 1922 98 31 railway
1036 1922 97 28 station,
1150 1921 48 24 and

672 1962 57 23 goes
746 1955 106 30 through
871 1955 61 23 level
950 1956 107 29 country,
1077 1954 49 24 and
1143 1962 57 23 very

672 1987 76 31 heavy
767 1987 68 28 bush,
848 1987 58 24 with
924 1996 15 15 a
950 1988 45 23 few
1005 1987 119 30 clearings
1143 1987 55 23 here

673 2020 48 23 and
748 2020 75 28 there,
851 2020 38 23 for
921 2020 72 23 about
1022 2019 67 31 eight
1121 2018 77 25 miles.

674 2051 134 32 Gradually
835 2052 41 24 the
903 2051 59 24 land
993 2051 111 24 becomes
1132 2059 68 16 more

673 2084 144 30 undulating
839 2084 49 23 and
908 2084 68 30 hilly,
1000 2084 49 23 and
1075 2084 42 23 the
1143 2083 57 24 road

673 2124 81 16 comes
765 2118 24 22 to
798 2124 30 16 an
841 2117 53 23 end.
945 2116 13 24 I
977 2116 62 24 have
1057 2115 60 25 been
1136 2123 33 17 on
1186 2124 14 14 a

673 2149 44 23 few
727 2149 47 23 bad
785 2149 71 23 roads
878 2149 26 22 m
923 2157 42 22 my
982 2149 60 22 time
1043 2163 33 2 —
1076 2147 42 24 the
1135 2148 63 23 bush

673 2181 57 23 road
741 2181 63 23 from
816 2181 128 30 Tauranga
954 2182 25 22 to
991 2180 159 28 Ohinemutu,
1162 2180 38 24 for

673 2212 116 31 example,
802 2213 20 23 is
833 2214 43 22 not
889 2220 14 16 a
921 2212 60 24 road
991 2220 45 16 one
1047 2212 79 24 would
1143 2219 53 17 care

673 2246 24 23 to
709 2246 37 30 try
758 2253 31 16 on
798 2253 13 14 a
823 2244 90 32 bicycle
913 2259 32 3 —
945 2244 45 24 but
1001 2244 69 24 these
1078 2244 122 24 Taranaki

673 2277 71 24 roads
756 2285 40 16 are
807 2285 27 15 as
846 2277 46 23 bad
903 2284 26 16 as
937 2284 47 23 any
995 2277 38 23 for
1044 2276 52 24 real
1105 2276 61 24 mvd
1166 2290 32 3 —

673 2317 33 23 up
717 2311 26 22 to
750 2310 132 23 thehorses'
890 2309 75 24 knees
972 2310 25 22 at
1006 2317 71 22 every
1084 2310 60 29 step,
1153 2308 47 23 and

672 2342 27 23 m
715 2342 88 30 places,
829 2342 80 23 where
925 2342 41 23 the
982 2340 62 24 bush
1061 2340 80 24 creeks
1158 2348 40 16 are

672 2374 100 30 bridged
790 2373 57 24 with
863 2381 92 23 pongas
975 2373 88 31 simply
1082 2373 50 24 laid
1151 2373 49 24 side

672 2406 32 31 by
716 2407 56 27 side,
784 2406 22 23 if
814 2406 43 24 the
868 2406 92 23 horses'
980 2405 39 31 leg
1028 2413 57 23 goes
1097 2404 103 31 through

671 2439 19 24 it
709 2439 110 24 wanders
836 2439 71 23 down
924 2440 26 22 to
962 2438 41 24 the
1023 2440 80 22 centre
1121 2437 27 25 of
1156 2437 41 24 the

671 2472 74 22 earth.

704 2504 75 24 From
797 2505 41 23 the
850 2504 46 23 end
914 2504 25 24 of
950 2503 43 25 the
1009 2502 71 25 made
1096 2502 59 25 road
1165 2510 37 16 we.

670 2536 109 24 followed
798 2544 15 16 a
824 2536 62 24 bush
908 2537 68 23 track
987 2536 37 23 for
1038 2535 55 25 four
1104 2542 27 17 or
1148 2533 48 25 five

670 2569 78 27 miles,
762 2569 47 23 and
818 2571 25 21 at
854 2568 85 30 length
950 2576 67 15 came
1028 2570 25 21 to
1065 2575 15 16 a
1090 2567 108 29 clearing

671 2600 26 24 of
714 2608 15 16 a
746 2600 122 24 thousand
887 2608 75 20 acres,
983 2599 73 24 burnt
1078 2599 49 24 and
1148 2598 49 24 laid

671 2632 71 25 down
760 2633 27 22 m
805 2640 68 24 grass
890 2632 44 24 the
944 2632 127 31 preceding
1089 2632 108 26 autumn,

669 2667 56 28 part
743 2665 26 24 of
785 2665 43 23 the
845 2665 66 23 Toko
931 2664 76 24 Block
1026 2664 129 31 belonging
1172 2665 26 22 to

670 2697 40 23 Mr
732 2697 108 23 Thomas
861 2697 80 30 Baily,
970 2697 27 24 of
1017 2696 117 24 Waitara.
1184 2695 14 23 I

669 2729 63 23 have
765 2728 91 24 seldom
883 2736 57 16 seen
967 2737 15 15 a
1005 2728 68 24 nicer
1099 2727 100 31 looking

670 2763 101 28 country
788 2761 60 23 than
866 2761 49 23 this
928 2770 5 20 ;
960 2761 66 23 there
1043 2760 51 24 had
1110 2759 62 25 been
1183 2766 15 17 a

669 2801 57 23 very
743 2792 62 32 good
824 2792 68 28 burn,
912 2792 48 25 and
974 2792 42 25 the
1035 2792 58 24 land
1114 2799 84 17 conse-

670 2826 100 30 quently
788 2833 48 15 was
854 2824 69 31 fairly
943 2825 62 23 clear
1023 2824 26 24 of
1068 2824 61 30 logs,
1153 2824 43 23 the

669 2865 67 23 grass
760 2865 47 16 was
835 2858 62 23 most
924 2857 132 27 luxuriant,
1085 2855 111 30 showing

670 2889 144 30 beautifully
831 2888 66 24 fresh
916 2888 48 23 and
983 2895 73 23 green
1071 2895 26 16 as
1117 2887 37 24 far
1169 2894 28 17 as

670 2921 43 24 the
732 2929 40 23 eye
784 2920 72 24 could
873 2928 45 16 see.
952 2919 22 24 A
986 2920 63 24 clear
1066 2919 69 24 creek
1146 2926 51 16 was

669 2954 108 30 winding
788 2953 27 24 m
829 2952 49 24 and
889 2955 48 25 out,
958 2951 107 31 through
1084 2951 113 24 undulat-

669 2987 44 30 ing
723 2986 83 24 downs
818 2985 48 23 and
878 2984 73 24 small
962 2984 64 28 Mils,
1039 2984 48 23 and
1103 2983 95 31 already

671 3027 14 15 a
705 3018 57 24 mob
779 3017 26 24 of
821 3017 72 24 cattle
911 3024 63 17 were
996 3017 98 29 feeding
1115 3015 82 28 about,

671 3050 99 30 looking
784 3049 35 23 fat
831 3049 49 23 and
898 3048 73 24 sleek.
1023 3048 77 24 There
1111 3055 46 16 can
1168 3046 30 25 be

670 3091 32 15 no
722 3081 74 25 doubt
819 3082 52 24 that
893 3081 50 23 this
965 3080 50 24 will
1041 3080 30 24 be
1095 3088 13 16 a
1131 3081 67 29 great

671 3115 73 24 cattle
765 3114 134 31 producing
921 3116 108 27 country,
1053 3112 49 24 and
1120 3112 21 23 if
1157 3112 42 23 the

671 3146 128 26 Auckland
816 3146 130 31 railway—
946 3145 77 24 which
1041 3145 22 23 is
1082 3143 117 31 surveyed

670 3180 106 30 through
793 3179 43 24 the
854 3177 77 25 Block
931 3192 32 3 —
963 3177 21 24 is
1004 3184 55 17 ever
1077 3176 80 28 made,
1180 3175 20 24 it

671 3213 47 24 will
730 3220 63 23 open
807 3219 33 23 up
857 3211 59 24 land
933 3210 88 28 which,
1042 3209 38 24 for
1097 3208 103 25 advant-

671 3253 57 23 ages
749 3245 27 23 of
796 3244 46 24 soil
864 3243 48 24 and
934 3243 104 26 climate,
1059 3242 88 23 cannot
1169 3239 31 24 be

671 3276 129 32 surpassed
816 3276 27 23 m
863 3276 59 23 New
941 3274 114 24 Zealand.
1104 3273 60 23 Part
1175 3271 27 24 of

671 3311 51 23 this
741 3308 77 25 Block
835 3307 50 25 had
904 3307 60 23 been
983 3307 41 23 cut
1043 3313 34 23 up
1088 3304 49 25 and
1148 3303 54 25 sold

670 3342 32 31 by
713 3341 99 24 auction
829 3348 15 15 a
855 3340 46 23 few
911 3339 58 29 days
986 3338 112 30 previous
1109 3339 26 21 to
1155 3343 44 16 our

671 3373 96 28 arrival,
784 3372 49 24 and
852 3379 27 16 as
899 3370 51 24 this
964 3370 22 24 is
1001 3368 115 25 intended
1134 3374 66 16 more

670 3406 38 25 for
719 3406 42 24 the
769 3403 156 26 information
943 3403 60 23 than
1014 3400 152 26 amusement
1174 3398 28 24 of

670 3446 61 24 your
741 3437 102 27 readers,
857 3443 66 16 some
930 3434 26 23 of
963 3435 40 22 the
1012 3433 78 31 prices
1096 3431 103 24 realised

671 3473 26 22 at
708 3470 50 23 this
770 3468 117 31 lonafide
898 3466 50 24 sale
958 3474 56 22 may
1024 3466 44 23 not
1079 3464 31 24 be
1121 3467 42 20 out
1174 3462 28 25 of

670 3502 78 31 place.
781 3500 14 23 I
806 3500 60 23 omit
873 3499 43 23 the
925 3505 81 16 names
1015 3497 27 24 of
1048 3497 42 23 the
1098 3497 85 28 buyers
1192 3502 5 17 :

670 3549 34 4 —
706 3533 98 26 Section
823 3531 46 24 No.
891 3532 13 21 1
916 3537 5 16 :
947 3530 46 23 302
1005 3535 75 21 acres,
1092 3528 45 24 28s
1150 3527 31 24 6d
1191 3535 6 21 ;

671 3567 45 23 No.
738 3568 27 21 3:
793 3565 47 22 180
859 3570 74 19 acres,
954 3563 43 22 31s
1021 3560 47 29 6d;
1094 3560 46 24 No.
1165 3561 31 22 5:

672 3600 46 22 211
732 3604 74 19 acres,
820 3596 43 23 26s
874 3602 5 20 ;
897 3594 46 23 No.
957 3594 27 23 8:
998 3593 45 22 126
1054 3600 75 19 acres,
1138 3593 60 26 40s;

671 3631 47 24 No.
731 3631 30 23 10
771 3636 5 16 :
795 3629 48 22 280
854 3633 76 21 acres,
943 3626 43 22 28s
995 3632 6 20 ;
1027 3624 46 24 No.
1087 3625 30 22 13
1128 3631 5 16 :
1153 3624 45 24 276

671 3670 73 20 acres,
757 3662 43 23 21s
811 3667 6 21 ;
835 3659 45 23 No.
894 3659 42 22 14:
956 3658 46 22 193
1012 3664 73 20 acres,
1098 3657 44 23 22s
1153 3656 30 24 6d
1193 3664 5 20 ;

671 3695 46 23 No.
732 3695 30 22 18
771 3700 5 16 :
796 3693 46 22 306
852 3698 73 19 acres,
939 3690 44 23 21s
993 3697 6 19 ;
1026 3689 58 23 Nos.
1098 3690 39 26 19,
1158 3689 40 27 20,

671 3728 40 26 21,
725 3727 39 26 22,
785 3725 39 26 23,
836 3723 27 23 m
875 3729 45 17 one
931 3721 36 24 lot
977 3728 6 16 :
1010 3721 63 23 2600
1085 3727 75 20 acres,
1173 3721 25 23 at

672 3760 52 23 21s.
776 3756 42 26 We
836 3763 49 17 saw
902 3754 42 23 the
965 3754 73 29 buyer
1055 3752 27 25 of
1090 3753 49 24 this
1150 3752 48 25 last

1282 163 36 24 lot
1338 161 146 27 afterwards,
1505 160 46 23 and
1566 160 30 23 he
1614 158 52 25 told
1683 165 29 16 us
1730 158 30 22 he
1770 158 37 21 in-

1283 195 88 25 tended
1390 197 26 21 to
1436 195 60 23 start
1516 192 107 29 clearing
1637 193 24 21 at
1678 197 67 17 once.
1795 188 14 23 I

1284 228 71 24 think
1372 227 43 23 the
1433 226 78 30 prices
1531 224 102 25 realised
1651 224 36 23 for
1706 223 47 22 this
1765 230 42 14 un-

1284 259 95 25 cleared
1389 259 58 23 land
1458 258 67 24 show
1536 257 54 23 that
1605 256 50 24 this
1665 256 55 30 part
1732 253 26 25 of
1767 253 42 24 the

1285 292 93 30 Colony
1397 291 21 24 is
1434 289 165 30 commencing
1616 290 26 22 to
1659 287 89 24 attract
1767 285 42 23 the

1285 325 120 23 attention
1416 324 26 23 of
1449 322 102 24 settlers.
1586 320 52 24 The
1646 320 165 24 Government

1284 364 62 17 were
1364 355 92 30 having
1471 362 32 16 an
1521 353 124 31 adjoining
1665 351 70 25 block
1758 358 51 16 sur-

1284 388 81 31 veyed,
1383 388 81 24 which
1480 394 37 17 we
1536 393 58 16 were
1612 385 51 24 told
1682 383 79 25 would
1780 382 30 23 be

1285 429 61 22 open
1357 420 36 24 for
1404 419 50 25 sale
1467 419 27 23 m
1505 418 144 24 November.

1318 453 40 24 Mr
1375 452 72 30 Baily
1458 452 45 23 has
1521 459 15 15 a
1546 451 76 22 house
1638 457 32 16 on
1682 449 42 23 the
1744 447 66 24 Toko

1284 484 79 29 block,
1386 484 80 24 where
1484 491 36 16 we
1539 490 61 16 were
1622 481 107 24 received
1750 479 61 24 with

1285 517 61 24 bush
1365 515 142 31 hospitality
1524 515 31 31 by
1577 522 45 17 one
1640 514 26 24 of
1685 513 38 23 his
1746 519 64 20 sons,

1286 549 48 23 and
1353 549 62 23 after
1431 548 76 23 lunch
1519 547 92 24 started
1621 554 33 16 on
1665 553 15 16 a
1691 545 68 24 track
1771 545 40 22 cut

1285 581 106 30 through
1402 580 42 24 the
1463 579 64 25 bush
1538 581 25 23 to
1574 579 42 23 the
1634 578 69 24 block
1713 585 36 16 we
1763 576 50 23 had

1286 621 67 16 come
1372 614 26 23 to
1417 612 103 31 inspect.
1571 611 59 24 This
1648 611 40 24 led
1706 618 28 16 us
1757 616 55 17 over

1287 653 67 17 some
1365 645 78 30 rough
1454 646 109 28 country,
1584 643 60 24 with
1661 643 62 30 light
1739 641 71 28 bush,

1285 677 64 24 until
1359 685 34 16 we
1405 677 91 24 airived
1507 678 25 22 at
1543 677 42 23 the
1593 675 138 30 Mangaehu
1741 673 71 28 river,

1286 718 14 14 a
1311 708 93 25 branch
1416 708 24 25 of
1451 709 41 24 the
1503 708 83 28 Patea,
1598 707 87 29 which,
1699 706 79 30 owing
1786 707 26 22 to

1286 741 41 24 the
1344 743 82 22 recent
1442 741 61 27 rain,
1524 748 50 17 was
1591 739 154 31 impassable,
1764 738 49 24 and

1285 781 35 16 we
1331 773 48 23 had
1389 774 26 23 to
1426 774 58 22 turn
1494 773 69 27 back,
1576 773 49 22 and
1632 774 59 21 next
1701 771 112 29 morning

1285 805 115 23 returned
1411 806 24 22 to
1444 804 124 24 Stratford.
1602 804 31 22 In
1642 804 39 22 the
1688 803 124 23 afternoon

1285 845 35 16 we
1339 837 92 24 walked
1441 844 33 24 up
1492 837 42 24 the
1548 835 114 32 Opunaki
1678 835 67 28 road,
1764 834 48 24 and

1287 870 99 23 entered
1404 870 52 23 into
1472 869 163 24 conversation
1652 868 58 24 with
1729 876 13 15 a
1753 875 59 16 man

1285 903 54 22 who
1350 904 57 29 |was
1418 901 136 30 ploughing
1571 903 42 21 out
1625 908 64 16 some
1706 899 105 24 remark-

1287 933 55 31 ably
1353 934 48 23 fine
1411 935 116 29 potatoes.
1575 933 40 24 He
1626 940 47 17 was
1685 940 14 16 a
1712 931 100 25 Canter-

1286 966 61 31 bury
1368 974 59 15 man
1454 966 90 23 named
1571 965 151 23 Eichardson
1748 964 63 23 from

1287 998 122 23 Charteris
1422 998 58 30 Bay,
1492 997 80 24 where
1583 997 33 23 he
1623 997 47 23 had
1680 997 64 23 lived
1755 995 57 24 with

1285 1030 41 23 the
1337 1030 60 23 Eev.
1409 1029 105 31 Bradley
1524 1029 37 24 for
1572 1037 75 23 many
1658 1036 76 24 years,
1755 1027 56 28 and,

1286 1062 66 24 since
1372 1062 98 30 coming
1487 1064 27 22 to
1534 1061 128 28 Taranaki,
1681 1061 49 23 had
1751 1060 61 24 done

1285 1094 56 24 well
1351 1102 32 16 on
1390 1094 42 24 the
1441 1094 64 23 land.
1539 1094 48 23 His
1595 1094 62 23 farm
1665 1101 50 16 was
1722 1092 90 30 mostly

1285 1126 79 28 felled,
1378 1126 48 23 and
1437 1126 27 23 m
1475 1133 75 23 grass.
1601 1125 53 23 The
1664 1126 54 29 part
1735 1124 76 24 front-

1285 1158 44 30 ing
1339 1158 43 23 the
1400 1158 59 23 road
1469 1158 49 23 had
1529 1157 59 24 been
1605 1157 26 23 m
1641 1158 109 29 potatoes
1764 1157 48 22 two

1284 1197 78 23 years,
1381 1190 50 23 and
1447 1190 61 23 from
1524 1192 47 21 two
1590 1189 50 23 and
1658 1188 80 24 a-half
1746 1195 66 16 acres

1285 1221 49 24 this
1345 1229 56 24 year
1411 1221 31 23 he
1452 1221 49 24 had
1512 1221 53 24 sold
1574 1221 139 30 twenty-six
1723 1221 56 23 tons
1787 1221 25 22 at

1285 1254 63 24 from
1368 1254 44 24 45s
1424 1256 26 22 to
1461 1255 45 23 47s
1517 1261 42 24 per
1570 1255 51 27 ton,
1638 1253 49 24 and
1698 1252 48 24 had
1757 1260 54 23 pro-

1285 1286 73 32 bably
1370 1294 63 17 some
1444 1287 38 23 six
1501 1294 26 17 or
1539 1286 67 31 eight
1617 1287 56 23 tons
1687 1286 44 24 left
1743 1285 68 24 when

1285 1326 37 16 we
1333 1327 48 15 saw
1391 1319 63 23 him.

1319 1351 50 23 The
1388 1351 96 23 settlers
1495 1351 26 23 m
1540 1350 49 24 this
1599 1350 100 31 locality
1715 1350 62 23 have
1797 1357 14 16 a

1285 1383 96 24 curious
1393 1391 82 16 source
1492 1383 26 24 of
1527 1383 96 24 income
1632 1390 5 16 :
1655 1383 51 23 this
1716 1382 22 24 is
1749 1382 62 24 from

1286 1423 15 16 a
1311 1415 89 31 fungus
1412 1416 53 24 that
1476 1423 100 23 appears
1587 1423 31 16 on
1633 1423 15 16 a
1659 1414 73 25 white
1743 1414 69 25 wood

1285 1449 52 23 tree
1355 1448 72 24 about
1449 1448 39 24 the
1506 1448 63 24 third
1590 1455 55 23 year
1666 1447 61 23 after
1748 1448 21 22 it
1790 1446 22 24 is

1285 1479 80 29 felled,
1394 1481 48 22 and
1461 1488 78 22 grows
1560 1480 25 23 m
1608 1480 60 23 such
1688 1479 124 30 profusion

1285 1512 56 23 that
1351 1512 26 23 m
1393 1519 75 22 many
1478 1512 123 23 instances
1619 1511 96 30 enough
1731 1511 24 24 is.
1764 1510 46 24 col-

1286 1543 78 25 lected
1383 1545 24 22 to
1429 1551 47 22 pay
1492 1543 42 23 the
1552 1544 55 22 rent
1627 1542 26 24 of
1673 1543 43 23 the
1735 1541 76 24 whole

1285 1576 72 24 farm.
1407 1575 34 24 As
1458 1575 74 24 much
1547 1583 27 16 as
1592 1575 38 24 six
1649 1574 111 30 shillings
1778 1581 33 16 an

1286 1616 53 17 acre
1357 1608 43 24 has
1418 1608 62 24 been
1498 1608 72 30 given
1584 1607 32 31 by
1633 1607 43 23 the
1691 1606 121 24 Maoris—

1285 1641 56 24 who
1353 1648 65 16 come
1429 1640 79 23 round
1518 1641 27 22 m
1555 1639 42 24 the
1605 1647 84 16 season
1689 1653 33 3 —
1722 1639 37 23 for
1769 1639 42 23 the

1285 1674 65 29 right
1372 1672 26 24 of
1413 1672 128 30 gathering
1566 1672 29 23 it.
1645 1672 25 23 It
1691 1679 46 16 was
1759 1670 53 25 first

1285 1705 106 30 brought
1410 1705 52 23 into
1484 1705 80 23 notice
1587 1704 31 31 by
1639 1712 15 15 a
1674 1703 136 24 Chinaman

1285 1736 90 25 named
1386 1736 54 24 Chu
1452 1736 95 30 Chang,
1559 1736 55 23 who
1625 1735 62 31 buys
1698 1743 27 16 as
1736 1735 75 23 much

1286 1777 27 16 as
1324 1769 31 23 he
1366 1776 45 16 can
1422 1769 48 30 get.
1504 1768 24 24 It
1539 1768 21 24 is
1571 1768 67 23 dried
1645 1767 47 24 and
1699 1767 112 30 exported

1285 1803 25 22 to
1324 1801 96 31 Sydney
1430 1801 28 22 m
1468 1801 60 23 wool
1539 1800 74 28 bales,
1630 1799 47 24 and
1688 1799 86 24 thence
1786 1801 25 22 to

1287 1834 79 23 China
1377 1832 31 31 by
1419 1832 41 24 the
1478 1834 38 22 tea
1529 1832 73 30 ships.
1652 1831 61 24 This
1724 1839 57 23 year
1791 1830 20 25 it

1286 1873 48 17 was
1346 1864 77 25 worth
1434 1864 144 30 threepence
1588 1871 44 23 per
1642 1863 87 31 pound.

1430 1902 43 31 (To
1485 1902 25 24 be
1527 1901 143 31 concluded.)

1311 1987 284 31 MOTHERS'
1629 1986 147 30 PAGE.

1314 2055 112 19 EDITED
1440 2053 42 21 BY
1498 2052 168 20 "MOTHERS'

1315 2109 50 19 The
1371 2107 63 25 Lady
1442 2107 79 19 Editor
1529 2105 74 19 would
1617 2105 46 20 like
1668 2105 24 19 to
1700 2105 29 19 be
1741 2111 14 13 a
1760 2104 52 26 help

1287 2135 25 20 to
1325 2135 39 19 the
1377 2134 97 20 mothers
1487 2132 45 20 and
1545 2131 122 27 daughters
1683 2131 23 20 of
1720 2131 39 20 the
1769 2131 43 19 dis-

1287 2161 60 24 trict,
1359 2161 42 19 but
1414 2166 59 14 more
1486 2159 118 25 especially
1612 2159 25 19 to
1652 2159 40 19 the
1707 2158 104 22 mothers,

1287 2187 45 21 and
1340 2187 83 19 invites
1426 2187 60 19 them
1491 2187 23 18 to
1520 2185 64 19 write
1589 2186 23 18 to
1618 2184 78 20 herfor
1701 2184 110 25 anything

1287 2214 54 25 they
1350 2219 51 19 may
1409 2212 56 20 wish
1472 2212 24 19 to
1505 2211 69 19 know.
1604 2211 43 19 She
1652 2211 46 19 ■will
1702 2210 110 20 endeavor

1287 2241 24 19 to
1325 2241 53 24 give
1391 2239 62 20 them
1470 2238 40 20 the
1527 2237 51 20 best
1596 2243 95 14 answers
1709 2237 25 20 to
1751 2236 61 20 their

1287 2267 118 26 questions,
1418 2265 50 24 and,
1479 2265 24 19 m
1512 2264 83 22 return,
1606 2263 74 20 would
1687 2263 29 20 be
1725 2263 54 25 glad
1786 2263 25 20 to

1287 2293 85 21 receive
1388 2298 45 19 any
1447 2290 145 26 suggestions,
1610 2290 58 25 good
1680 2290 83 25 recipes
1776 2289 36 20 for

1288 2320 98 24 cookery,
1407 2317 143 24 needlework,
1571 2323 24 13 or
1614 2316 121 23 otherwise,
1759 2316 52 19 that

1286 2347 56 24 they
1353 2345 67 20 think
1428 2344 47 20 will
1489 2344 28 19 be
1530 2343 74 19 useful
1614 2343 24 19 to
1653 2342 60 20 their
1725 2342 85 19 friends

1287 2373 45 19 and
1349 2371 126 26 neighbors.
1503 2370 38 19 All
1553 2368 185 26 correspondence
1745 2369 24 19 to
1782 2368 29 20 be

1287 2398 120 22 addressed
1412 2399 26 18 to
1468 2396 107 20 Mother's
1584 2396 65 25 Help,
1668 2397 5 9 '
1679 2395 132 20 Observer'

1288 2426 71 23 Office,
1371 2425 57 19 East

1393 2486 150 21 DOMESTIC
1558 2484 143 22 ECONOMY.

1317 2526 154 24 Hair-cloth
1486 2531 30 16 to
1533 2522 89 25 Clean.
1633 2536 34 3 —
1678 2521 66 24 Take
1754 2528 58 24 pure

1285 2559 102 24 benzine
1405 2560 26 21 to
1450 2563 96 17 remove
1567 2554 78 24 stains
1661 2554 64 24 from
1746 2553 65 24 hair-

1286 2590 67 24 cloth
1364 2589 128 24 furniture.

1320 2621 63 25 Gilt
1411 2621 99 23 Frames
1538 2627 30 16 to
1591 2618 157 24 Restore.—
1748 2617 65 24 Take

1287 2655 119 25 sufficient
1428 2653 63 24 flour
1512 2651 27 25 of
1559 2650 101 32 sulphur
1682 2652 26 22 to
1727 2650 54 31 give
1798 2658 14 14 a

1285 2688 67 30 tinge
1363 2688 26 23 to
1401 2686 31 32 1^
1442 2685 68 31 pints
1518 2684 26 23 of
1551 2685 75 22 water
1635 2690 6 21 ;
1665 2682 49 24 boil
1724 2683 28 22 m
1762 2682 50 23 this

1285 2719 54 24 four
1360 2718 87 24 onions
1456 2725 5 20 ;
1491 2716 85 27 strain,
1595 2715 49 23 and
1665 2714 72 24 when
1759 2714 54 23 cold

1285 2751 68 25 wash
1367 2750 61 25 with
1445 2757 14 16 a
1471 2748 47 25 soft
1529 2747 76 24 brush
1622 2754 48 24 any
1689 2747 54 30 part
1757 2745 55 25 that

1286 2784 107 31 requires
1412 2781 134 30 restoring;
1575 2779 70 24 when
1663 2778 44 32 dry
1725 2778 21 24 it
1762 2778 50 25 will

1286 2824 69 16 come
1366 2817 43 21 out
1419 2822 28 16 as
1458 2813 62 31 good
1531 2820 26 16 as
1567 2820 60 16 new.
1778 2821 1 9 <

1320 2848 68 24 Care
1422 2853 30 16 op
1484 2845 158 24 Umbrellas.
1661 2857 35 3 —
1716 2841 96 31 Always

1287 2880 72 24 stand
1378 2886 15 17 a
1404 2879 45 23 wet
1459 2876 119 24 umbrella
1597 2875 60 24 with
1668 2875 41 23 the
1723 2874 90 23 handle

1286 2912 71 24 down
1367 2918 6 21 ;
1399 2917 46 17 one
1456 2909 57 24 trial
1524 2907 50 25 will
1593 2907 113 24 convince
1721 2914 48 23 you
1787 2905 27 24 of

1286 2944 43 24 the
1340 2942 104 31 rapidity
1536 2939 79 25 whicn
1625 2939 20 24 it
1665 2938 49 23 will
1733 2938 78 27 drain,

1287 2976 50 24 and
1355 2982 60 24 your
1426 2973 119 25 umbrella
1561 2972 51 25 will
1625 2972 47 24 last
1691 2971 85 30 longer
1795 2970 21 24 if

1288 3008 68 24 dried
1366 3006 105 31 quickly.

1395 3065 61 19 THE
1475 3062 222 22 HOUSEKEEPER.

1321 3102 46 24 We
1386 3109 40 16 are
1441 3099 114 25 indebted
1572 3100 26 23 to
1618 3106 15 16 a
1649 3097 57 31 lady
1725 3104 90 17 corres-

1287 3135 109 30 pondent
1406 3133 38 24 for
1454 3132 42 24 the
1506 3131 123 30 following
1639 3130 92 31 recipes
1745 3137 4 15 :
1750 3143 35 3 —

1321 3171 63 23 New
1394 3178 48 15 and
1454 3169 147 23 Excellent
1609 3175 52 17 way
1671 3175 29 16 of
1711 3166 105 24 Making

1291 3203 78 26 Salad
1379 3203 133 23 Dressing.
1514 3215 33 4 —
1547 3200 62 24 Beat
1620 3201 48 23 two
1680 3207 58 23 eggs
1746 3206 6 21 ;
1770 3199 48 24 add

1289 3244 15 15 a
1314 3236 67 30 piece
1392 3234 25 24 of
1427 3234 82 23 butter
1520 3233 43 24 the
1570 3233 49 23 size
1623 3232 26 24 of
1656 3232 51 23 half
1716 3238 32 17 an
1757 3239 45 23 egg
1811 3239 5 20 ;

1289 3267 55 25 half
1352 3276 13 14 a
1377 3265 178 31 tablespoonful
1562 3265 26 24 of
1597 3264 118 28 mustard,
1727 3264 92 23 rubbed

1289 3299 98 25 smooth
1405 3299 28 22 m
1444 3306 15 15 a
1477 3297 64 24 little
1555 3299 75 22 water
1640 3304 5 21 ;
1669 3296 55 24 four
1741 3296 77 24 table-

1289 3330 125 31 spoonfuls
1431 3330 27 24 of
1475 3330 104 30 vinegar,
1600 3329 48 24 and
1666 3328 52 24 half
1736 3337 14 16 a
1768 3327 50 26 tea-

1290 3363 82 30 cupful
1383 3362 26 24 of
1418 3362 92 30 boiling
1527 3363 82 22 water.
1661 3360 44 26 Set
1719 3361 21 23 it
1759 3361 27 23 m
1804 3368 15 16 a

1289 3394 61 25 bowl
1365 3402 32 17 on
1407 3394 43 25 the
1470 3398 40 27 top
1522 3393 26 25 of
1557 3402 14 15 a
1589 3393 126 24 tea-kettle
1726 3401 27 16 or
1769 3400 50 24 pan

1289 3428 27 24 of
1325 3427 92 30 boiling
1426 3428 75 23 water
1511 3434 7 21 ;
1545 3426 43 24 stir
1598 3426 164 31 occasionally
1779 3426 40 24 till

1290 3459 27 25 of
1325 3459 42 24 the
1379 3459 153 30 consistency
1543 3459 24 23 of
1579 3466 87 17 cream.

1291 3492 16 31 |>
1323 3492 120 24 Ehtjbarb
1478 3492 122 23 Pudding.
1618 3506 34 3 —
1672 3491 61 23 Line
1760 3499 59 22 your

1289 3523 110 32 pudding
1417 3523 54 24 dish
1482 3523 60 25 with
1559 3523 71 25 slices
1641 3523 27 25 of
1685 3523 74 25 bread
1769 3523 49 24 and

1289 3551 82 30 Butter
1382 3565 5 21 ;
1416 3564 71 16 cover
1508 3556 59 24 with
1590 3558 41 22 cut
1651 3565 33 22 up
1703 3556 115 28 rhubarb,

1291 3589 86 24 stewed
1398 3589 61 23 with
1482 3596 71 23 sugar
1565 3596 7 21 ;
1606 3589 62 26 then
1683 3612 2 3 .
1696 3589 71 24 slices
1794 3588 27 24 of

1290 3621 73 24 bread
1374 3620 49 25 and
1434 3620 88 29 butter,
1534 3620 49 25 and
1595 3629 26 17 so
1633 3630 33 16 on
1677 3620 144 32 alternately

1290 3654 65 24 until
1366 3661 60 24 your
1438 3654 56 23 dish
1505 3654 21 23 is
1538 3654 52 28 full,
1606 3654 92 31 having
1708 3654 44 24 the
1762 3654 48 24 rhu
1812 3667 7 11 r

1289 3686 61 24 barb
1361 3686 49 24 and
1422 3694 71 22 sugar
1505 3694 32 16 on
1548 3688 49 29 top.
1649 3687 78 24 Cover
1738 3687 57 23 with
1807 3694 14 16 a

1288 3718 75 31 plate,
1386 3718 48 24 anil
1458 3718 59 24 bake
1539 3718 55 24 half
1614 3727 33 17 an
1674 3720 78 28 hour;
1781 3720 40 22 eat

1291 3760 83 15 warm.
1506 3758 7 2 ~
1677 3760 4 3 ~
1764 3767 3 5 .

1931 153 163 23 Buttermilk
2122 150 120 23 Pudding.
2254 160 34 4 —
2298 146 56 22 Boil
2382 152 43 14 '>ne

1901 187 70 29 quart
1989 184 26 24 of
2023 184 65 30 quite
2105 181 65 25 fresh
2188 177 139 27 buttermilk
2338 184 5 20 ;
2368 175 56 24 beat

1901 227 44 14 one
1957 225 52 22 egg,
2022 225 12 14 a
2047 215 73 31 pinch
2132 214 24 24 of
2168 213 53 28 salt,
2238 211 48 25 and
2298 219 12 15 a
2323 208 99 31 heaped-

1901 258 31 22 up
1944 247 151 32 teaspoonful
2107 246 26 24 of
2142 246 62 23 flour
2213 244 110 31 together
2331 250 16 23 ;„
2363 247 62 25 pour

1901 282 50 23 into
1963 282 40 23 the
2013 280 93 30 boiling
2117 278 75 31 milk;,
2211 277 44 24 stir
2266 274 98 31 briskly,
2377 274 47 23 and

1901 314 44 24 stir
1963 314 36 22 for
2018 314 47 22 two
2084 320 27 15 or
2128 310 68 24 three
2214 309 119 27 minutes;
2359 314 66 18 serve

1901 346 70 23 while
1979 353 80 17 warm,
2071 343 59 25 with
2142 349 77 22 sugar.

1933 378 70 24 Cukd
2020 378 156 25 Podding,—
2176 374 65 23 Pour
2262 379 47 19 one.
2318 371 71 30 quart
2400 371 26 23 of

1901 411 92 30 boiling
2011 409 58 23 milk
2088 408 52 23 into
2152 414 44 16 one
2207 405 49 23 and
2273 404 76 23 a-half
2360 403 66 30 pints

1901 443 27 24 of
1946 441 153 27 buttermilk;
2129 439 75 24 strain
2227 436 48 24 and
2296 443 67 23 press
2385 435 42 23 the

1902 475 59 24 curd
1971 474 89 31 lightly
2070 481 6 20 ;
2094 472 56 24 beat
2163 470 49 24 well
2222 468 60 25 with
2294 475 46 16 one
2351 474 76 17 ounce

1902 508 24 23 of
1948 507 89 27 batter,
2061 513 45 16 one
2131 510 77 18 ounce
2230 501 23 23 of
2276 508 78 23 sugar,
2382 507 46 16 one

1902 540 109 30 spoonful
2036 538 27 24 of
2082 536 72 25 bread
2176 533 103 28 crumbs,
2303 533 54 23 and-
2375 532 53 23 four

1903 580 63 22 eggs.
2001 571 67 24 Bake
2086 570 26 23 m
2124 576 14 17 a
2156 568 55 24 dish
2222 574 27 16 or
2263 566 28 23 m
2302 572 58 23 cups
2377 562 51 25 half

1904 613 32 11 an
1947 604 71 20 hour.

2110 658 113 18 MAXIMS.

1935 699 76 24 Little
2023 698 70 24 deeds
2105 704 41 17 are
2156 696 49 23 like
2218 694 63 25 little
2293 694 68 23 seeds
2371 700 6 20 ;

1936 732 68 30 They
2015 739 62 23 grow
2088 731 26 23 to
2124 729 94 24 flowers
2235 735 27 16 or
2274 728 24 22 to
2309 724 87 26 weeds.

1936 774 167 24 Good-nature
2114 771 72 24 sucks
2196 770 83 31 honey-
2286 769 62 23 from
2359 773 67 23 every

2002 805 60 24 herb
2073 813 5 20 ;
2169 829 2 1 .
2198 820 8 11 .-■
2246 827 6 4 .

1935 838 130 24 111-nature
2093 836 72 25 sucks
2191 834 86 32 poison
2303 832 61 24 from
2385 830 41 25 the

2001 872 109 23 sweetest
2121 869 102 24 flowers.

1936 913 51 24 One
2001 912 80 24 watch
2099 912 36 23 set
2153 909 67 31 right
2237 907 51 25 will
2355 907 26 22 to
2393 905 33 23 set

1999 953 73 22 many
2083 943 31 32 by
2123 952 5 20 ;
2368 942 5 6 '

1935 978 51 24 One
1997 977 55 24 that
2063 983 57 24 goes
2131 982 84 22 wrong
2225 980 57 23 may
2299 973 103 22 mislead
2413 976 13 16 a

1997 1009 77 24 whole
2084 1004 188 33 neighborhood.

1933 1051 67 31 Deep
2008 1051 75 24 rivers
2094 1049 55 25 flow
2157 1048 59 24 with
2227 1046 73 25 silent
2310 1043 103 33 majesty
2421 1049 5 22 ;

1935 1084 107 23 Shallow
2053 1083 88 23 brooks
2153 1088 39 17 are
2203 1080 78 29 noisy.

1935 1126 45 23 Let
1991 1126 62 30 hope
2065 1124 29 24 be
2106 1131 43 16 our
2159 1121 141 26 handmaid,

1935 1157 55 23 And
2000 1157 63 23 faith
2072 1156 29 24 be
2112 1163 43 17 our
2166 1154 63 24 staff.

1935 1200 49 23 Tea
2003 1199 93 23 seldom
2114 1196 87 32 spoils.
2206 1195 72 25 when
2295 1193 43 24 the
2352 1192 74 24 water

2000 1230 60 25 boils
2071 1238 5 20 ;

1934 1265 37 23 To
1982 1263 83 25 obtain
2076 1262 74 25 coffee
2161 1262 44 24 hot
2223 1258 56 27 well
2289 1265 75 19 warm
2382 1256 43 25 the

1998 1300 49 23 pot.

2049 1350 214 20 NEEDLEWORK.

1933 1392 159 22 Pen-wipers
2117 1397 30 17 to.
2170 1388 85 23 Make.
2262 1386 64 22 —1.
2350 1383 74 24 Make

1901 1432 46 16 one
1968 1424 28 23 m
2016 1423 44 24 the
2074 1423 62 23 form
2156 1421 26 24 of
2195 1428 15 16 a
2228 1419 128 23 miniature
2373 1418 49 22 tea-

1901 1464 55 23 cosy
1964 1465 5 21 ;
1987 1456 50 23 line
2048 1454 42 25 the
2102 1461 55 23 cosy
2168 1452 57 24 with
2237 1451 49 24 stiff
2298 1449 65 27 card,
2375 1447 49 25 and

1901 1489 37 23 fill
1956 1489 27 22 m
1994 1487 59 24 with
2073 1487 72 29 strips
2156 1489 26 20 of
2199 1484 75 27 cloth,
2291 1491 26 16 or
2335 1482 87 25 better,

1901 1520 58 24 with
1971 1519 59 24 ends
2042 1519 26 23 of
2079 1517 70 24 black
2167 1515 102 25 worsted
2280 1524 6 20 ;
2311 1514 42 24 the
2370 1514 53 22 out-

1901 1552 50 24 side
1973 1551 87 24 should
2080 1550 30 23 be
2131 1547 99 32 prettily
2250 1545 104 26 worked.
2399 1544 24 22 2.

1901 1584 108 30 Arrange
2020 1583 64 24 cloth
2095 1582 27 23 m
2129 1581 70 24 three
2207 1579 111 24 different
2330 1575 93 26 colored

1901 1616 58 24 rolls
1969 1616 32 31 by
2012 1615 46 24 odd
2070 1621 80 23 scraps
2165 1612 64 25 until
2241 1612 73 23 about
2328 1609 54 25 half
2391 1616 32 16 an

1901 1649 57 23 inch
1968 1649 28 23 m
2006 1647 118 24 diameter
2133 1654 6 21 ;
2156 1646 64 23 form
2232 1643 72 24 small
2316 1642 72 30 strips
2399 1640 27 24 of

1901 1681 127 23 American
2049 1679 74 27 cloth,
2147 1677 49 24 and
2213 1677 78 23 fasten
2312 1675 43 24 the
2373 1674 53 29 tiny

1901 1713 101 30 luggage
2023 1711 125 31 together;
2174 1717 15 16 a
2215 1708 44 25 few
2279 1707 100 24 threads
2402 1704 24 25 of

1901 1745 160 30 gold-colored
2071 1741 47 26 silk
2129 1750 26 16 or
2165 1741 72 24 tinsel
2247 1740 48 24 will
2304 1740 122 29 represent

1901 1777 41 24 the
1952 1776 108 25 buckles.
2110 1776 23 22 3.
2151 1773 22 24 A
2183 1772 94 32 parasol
2287 1771 108 31 penwipe
2405 1769 21 23 is

1901 1809 70 23 made
1982 1809 26 23 of
2017 1808 80 31 bright
2108 1806 95 24 colored
2218 1804 47 24 silk
2276 1802 113 25 attached
2399 1803 26 22 to

1901 1849 32 16 an
1943 1841 68 30 ivory
2022 1839 98 27 handle,
2139 1838 49 23 and
2198 1837 65 23 filled
2274 1835 80 24 inside
2368 1832 58 24 with

1901 1872 74 25 cloth.
2025 1873 23 23 4.
2074 1870 66 25 Take
2157 1878 14 15 a
2190 1868 46 24 few
2251 1867 81 24 sheets
2350 1865 27 24 of
2385 1865 41 24 the

1903 1905 84 24 softest
2006 1903 76 25 tissue
2101 1909 74 24 paper
2184 1908 48 24 you
2251 1907 47 16 can
2313 1900 47 29 get,
2378 1896 48 25 and

1901 1938 50 23 fold
1962 1937 48 24 and
2020 1936 45 24 roll
2076 1935 69 24 them
2159 1934 51 23 into
2222 1940 15 17 a
2247 1931 89 24 bundle
2354 1929 72 25 about

1902 1969 66 32 eight
1976 1969 84 23 inches
2070 1968 59 30 long
2140 1976 5 20 ;
2163 1967 43 30 put
2218 1973 32 15 an
2258 1961 168 26 India-rubber

1901 2002 65 24 band
1987 2001 94 24 around
2091 1999 48 33 jjthe
2160 1997 91 25 middle
2270 1996 25 24 of
2312 1995 43 25 the
2372 1993 54 28 roll,

1901 2035 49 23 and
1960 2034 61 24 then
2032 2035 40 22 cut
2083 2032 33 24 off
2126 2031 43 24 the
2180 2035 54 26 tops
2246 2037 26 16 so
2283 2037 26 14 as
2320 2030 25 21 to
2357 2026 69 25 allow

1901 2067 115 24 insertion
2027 2065 27 24 of
2062 2072 47 23 pen
2119 2063 37 25 for
2165 2063 97 30 wiping,
2274 2060 100 29 making
2383 2060 43 22 the

1901 2098 86 31 packet
1997 2098 52 23 into
2060 2095 139 31 hour-glass
2211 2094 79 29 shape.

2096 2153 148 18 EXTRACTS.

1936 2194 51 23 The
2003 2192 125 24 education
2145 2190 26 24 of
2180 2195 94 18 women
2292 2188 45 23 has
2355 2188 69 21 made

1903 2227 67 30 great
1982 2225 85 24 strides
2077 2224 28 23 m
2116 2223 42 24 the
2172 2221 48 25 last
2231 2220 45 24 few
2286 2226 77 24 years,
2376 2217 49 24 and

1903 2259 42 23 the
1964 2257 110 31 question
2093 2255 25 24 of
2126 2254 87 31 higher
2232 2251 128 25 education
2375 2249 50 25 still

1903 2291 71 24 holds
1985 2289 42 25 the
2038 2288 139 31 prominent
2187 2286 70 30 place
2275 2284 20 23 it

1903 2322 48 25 Are
1961 2330 37 17 we
2009 2322 98 23 content
2118 2321 25 22 to
2154 2319 30 23 be
2195 2326 27 15 as
2232 2324 37 17 we
2279 2324 39 16 are
2328 2317 11 22 ?
2379 2315 46 27 No,

1903 2355 33 23 let
1947 2362 29 16 us
1987 2355 44 30 put
2050 2352 65 24 forth
2126 2359 44 16 our
2189 2348 111 31 strength
2310 2348 28 23 m
2352 2347 75 29 doing

1903 2395 43 16 our
1956 2387 96 23 utmost,
2060 2386 30 26 to.
2100 2383 92 24 elevate
2199 2406 4 3 .
2212 2389 43 17 our
2272 2379 115 26 standard
2405 2378 26 24 of

1903 2418 137 32 perfection,
2060 2416 50 25 and
2129 2416 79 26 strive,
2227 2421 47 17 one
2293 2413 49 23 and
2360 2411 34 24 all
2405 2410 27 25 of

1903 2459 35 20 us,
1951 2453 26 22 to
1988 2450 98 24 become
2130 2450 54 22 true
2311 2445 46 24 We
2366 2443 65 24 need

1903 2486 41 21 not
1954 2482 54 25 lead
2018 2481 78 32 grand
2105 2480 69 28 lives,
2185 2479 45 24 but
2241 2477 63 32 good
2314 2477 50 24 and
2373 2483 55 17 use-

1903 2516 35 23 ful
1950 2523 66 19 ones,
2029 2514 73 30 doing
2112 2512 43 24 the
2171 2512 68 24 work
2248 2509 80 25 which
2338 2508 54 24 falls
2403 2510 27 21 to

1904 2556 43 17 our
1963 2548 36 23 lot
2015 2547 65 23 most
2094 2543 123 31 faithfully
2239 2542 49 25 and
2305 2541 123 25 conscien-

1903 2580 96 30 tiously,
2018 2579 44 26 for,
2084 2585 25 16 as
2122 2576 93 30 George
2226 2575 67 23 Eliot
2312 2574 55 23 tells
2386 2581 39 19 us,

1928 2612 51 23 The
2000 2610 105 32 growing
2124 2608 62 31 good
2200 2606 34 26 .of
2252 2606 43 24 the
2312 2604 75 26 world
2405 2604 23 24 is

1903 2644 82 32 partly,
1999 2642 136 32 dependent
2157 2638 188 32 on.unhistoric
2367 2639 60 26 acts,

1903 2677 49 25 and
1962 2676 55 24 that
2027 2675 84 30 things
2122 2681 41 16 are
2181 2674 44 22 not
2236 2680 26 16 so
2272 2671 29 24 ill
2311 2670 59 25 with
2380 2677 49 24 you

1903 2710 49 23 and
1967 2705 38 26 mie
2024 2715 27 16 as
2069 2707 57 30 they
2144 2705 80 31 might
2243 2705 60 23 have
2322 2704 68 26 been,
2407 2702 21 23 is

1903 2740 54 25 half
1982 2740 78 29 owing
2079 2740 26 22 to
2131 2738 44 23 the
2191 2736 104 25 number
2311 2734 55 26 who
2382 2735 48 23 live

1903 2772 122 32 faitnfully
2044 2772 28 23 m
2089 2779 15 15 a
2123 2769 94 24 hidden'
2342 2767 47 23 Let
2400 2774 29 16 us

1903 2806 51 24 also
1965 2806 56 23 bear
2031 2804 27 24 m
2069 2803 69 24 mind
2152 2802 69 24 those
2232 2799 115 26 beautiful
2365 2799 63 24 lines

1903 2839 27 24 of
1939 2837 102 25 Charles
2052 2836 138 30 Kingsley's
2202 2842 29 15 :—
2231 2837 14 14 -'
2323 2842 19 3 -

1971 2879 60 26 good,
2041 2880 61 18 sweet
2116 2877 64 23 maid,
2189 2875 43 21 and
2238 2875 38 20 Jet
2285 2874 47 21 who
2347 2873 44 20 will
2404 2873 25 20 be

2012 2912 72 21 clever,

1930 2949 33 20 Do
1978 2947 61 21 noble
2048 2945 78 26 things,
2142 2945 37 19 not
2188 2943 70 21 dream
2269 2942 65 24 them,
2352 2940 28 21 all
2389 2940 42 24 day

2010 2978 55 24 long,

1905 3016 49 21 And
1969 3021 23 15 so
2002 3015 60 20 make
2078 3013 43 24 life,
2138 3011 70 23 death,
2225 3010 42 21 and
2282 3010 48 20 that
2339 3009 46 20 vast
2399 3008 33 19 for

2013 3051 46 16 ever

1933 3084 45 20 One
1987 3082 72 27 grandj
2069 3081 61 21 sweet
2140 3086 58 19 song.

1942 3159 179 32 Consumption
2130 3158 22 24 is
2173 3163 54 17 rare
2248 3156 27 22 m
2297 3152 137 29 childhood,

1910 3195 44 24 but
1965 3194 119 24 increases
2095 3187 93 35 rapidly
2200 3189 60 24 after
2281 3187 43 24 the
2343 3194 43 23 age
2408 3185 28 25 of

1910 3228 91 26 fifteen,
2024 3225 49 25 and
2083 3225 22 23 is
2115 3224 65 23 most
2191 3227 113 18 common
2325 3218 111 25 between

1910 3260 43 25 the
1965 3266 57 24 ages
2048 3257 26 24 of
2081 3279 11 4 .,
2098 3253 149 32 twenty-five
2274 3251 50 25 and
2350 3251 87 31 thirty.

1913 3292 81 24 Those
2004 3290 56 24 who
2071 3295 84 23 escape
2163 3287 21 24 it
2194 3285 39 25 till
2244 3285 41 24 the
2299 3284 74 24 latter
2394 3291 45 24 age

1911 3333 40 15 are
1959 3324 52 23 less,
2023 3322 47 24 aud
2092 3321 46 23 less
2154 3326 75 24 prone
2239 3320 26 22 to
2276 3318 21 22 it
2324 3325 28 15 as
2379 3316 59 31 they

1911 3357 105 23 advance
2027 3355 27 22 m
2064 3360 78 24 years,
2154 3351 49 24 and
2221 3358 58 22 may
2307 3357 85 22 escape
2419 3349 20 23 it

1913 3387 109 31 entirely,
2035 3394 59 16 even
2104 3383 96 31 though
2211 3382 59 31 they
2292 3389 57 24 may
2377 3381 62 24 have

1912 3430 33 16 an
1956 3419 133 30 hereditary
2101 3415 186 33 predisposition
2299 3417 26 22 to
2335 3415 28 24 it.

1946 3454 21 24 A
1980 3452 105 31 Spanish
2095 3449 146 25 millionaire
2268 3449 20 23 is
2358 3446 80 30 rarity,

1912 3486 46 25 but
1968 3493 47 16 one
2038 3483 55 24 died
2120 3483 43 24 the
2174 3497 4 4 •
2191 3482 71 24 other
2290 3481 46 30 day
2362 3478 77 25 worth

1913 3526 56 18 over
1980 3518 45 24 five
2036 3516 133 24 millions...
2188 3514 61 25 This
2260 3516 54 22 vast
2325 3519 54 17 sum
2396 3509 42 24 the

1914 3559 67 20 man,
1993 3551 32 31 by
2048 3558 73 17 name
2149 3548 106 31 Marqnis
2278 3546 27 24 de
2326 3542 110 31 Urquijo,

1914 3583 113 25 amassed
2065 3583 28 23 m
2135 3581 54 24 half
2225 3588 15 16 a
2267 3579 104 26 century,
2399 3573 37 23 be-

1914 3617 103 31 ginning
2027 3615 40 24 life
2079 3623 27 16 as
2118 3622 15 16 a
2159 3613 96 30 Basque
2282 3608 86 28 village
2395 3606 40 21 lad

1914 3650 49 24 and
1973 3646 91 33 ending
2072 3656 28 16 as
2113 3648 100 24 Senator
2240 3641 48 26 and
2314 3638 122 28 ex-Mayor

1914 3683 26 24 of
1949 3682 106 25 Madrid.
2093 3681 37 23 He
2140 3679 44 23 left
2203 3672 133 32 £180,000/
2352 3678 25 14 m
2396 3668 36 22 be-

1914 3719 86 29 quests'
2007 3716 26 23 to
2046 3713 110 25 charities
2166 3711 26 22 m
2213 3708 37 22 his
2277 3706 77 21 native
2380 3706 53 25 pro-

1915 3749 78 20 vince.

645 54 136 26 OXFORD
816 53 67 24 AND
920 52 86 25 OUST
1041 52 186 27 OBSERVER,
1264 49 185 26 SATURDAY,
1489 45 188 25 NOVEMBER
1712 45 22 26 9,
1771 44 59 22 1889
