2500 3840
69 191 4 4 •
73 192 29 3 —
102 178 41 23 the
155 177 92 25 British
260 176 93 31 subject
371 177 83 30 enjoys
474 185 32 15 an
525 186 68 16 enor-

67 227 74 17 mous
151 227 111 17 measure
281 219 26 23 of
324 218 88 31 liberty
431 219 63 24 from
513 222 80 28 tyran-

67 270 63 16 nous
142 263 59 27 rule,
214 261 48 24 and
270 261 41 23 the
323 261 92 23 British
437 262 156 23 constitution

79 313 11 15 s
103 313 26 15 so
140 305 61 23 built
213 312 32 22 up
256 304 32 30 by
300 305 90 22 statute
402 304 48 23 and
467 304 126 29 precedent

69 347 54 24 that
134 346 32 24 he
177 347 66 22 must
255 345 29 24 be
293 354 13 14 «i
315 345 47 23 bad
372 345 125 31 Sovereign
505 346 86 23 indeed

69 388 54 24 who
135 396 46 16 can
192 395 103 23 manage
307 387 114 31 seriously
432 390 25 22 to
468 388 77 30 injure
554 388 39 24 his

68 430 106 31 people's
184 430 104 24 welfare.

93 524 114 19 Lectubb.
211 533 27 3 —
238 522 47 19 The
301 522 52 20 Rev.
373 522 28 20 H.
424 523 110 20 Williams
548 524 42 19 lec-

67 559 68 21 tured
144 560 24 20 at
178 559 32 20 St,
222 559 82 24 Mary's
318 559 92 24 Church,
423 559 64 21 West
502 560 89 24 Oxford,

69 602 29 14 on
117 596 90 25 Sunday
225 595 96 26 evening
338 595 45 20 last
400 597 24 18 to
442 602 13 14 a
468 602 54 20 very
538 597 57 24 good

66 632 115 24 audience,
192 633 39 20 the
248 632 86 24 subject
342 632 66 24 being
424 633 11 9 ••
443 633 21 18 Is
474 633 20 19 it
503 639 43 18 any
555 639 39 13 use

64 670 28 19 to
100 675 56 19 pray
167 669 8 20 ?
235 668 46 19 The
291 673 44 15 rev.
350 668 127 25 gentleman
487 668 63 21 chose
559 669 36 20 for

68 706 36 19 his
123 707 49 19 text
184 705 63 20 Isaih
261 710 30 18 v.,
308 705 31 24 16,
356 703 33 25 17,
407 705 45 19 and
469 706 26 18 18
513 711 78 14 verses.

67 742 37 19 He
121 741 93 26 pointed
230 741 40 19 out
286 740 53 19 that
357 740 48 20 God
417 741 123 19 conditions
558 741 35 19 his

69 778 93 21 benefits
172 784 28 14 on
208 777 40 20 the
262 783 40 13 use
311 777 23 19 of
343 783 74 13 means
425 785 6 15 j
452 777 51 20 that
515 784 80 19 prayer

67 815 20 20 Is
95 822 14 13 a
115 815 73 20 subtle
196 813 111 21 condition
315 813 20 19 of
342 813 48 19 soul
398 813 70 20 which
475 813 119 21 influences

69 858 42 14 one
121 852 62 25 great
192 850 65 26 spirit
268 849 66 24 mind,
345 849 43 19 and
400 849 47 20 this
456 850 19 19 is
485 851 39 19 not
533 851 23 19 to
565 851 28 19 be

66 888 118 19 wondered
193 888 30 22 at,
232 887 35 18 for
276 893 14 12 a
299 886 83 19 similar
393 886 109 19 influence
511 887 19 18 is
541 893 52 13 seen

66 925 26 19 m
108 924 76 25 genius
201 922 108 27 (swaying
325 927 12 14 a
353 922 96 19 nations
465 922 91 26 might),
569 922 24 19 m

67 961 40 19 the
116 960 58 25 poet,
186 959 127 22 statesman,
323 957 45 20 and
377 958 94 25 captain.
502 957 91 21 Modem

67 996 126 20 difficuHies
208 1001 55 13 were
279 994 55 20 then
349 994 128 19 considered
477 1005 27 3 —
504 994 54 20 suoli
567 1000 24 14 as

67 1034 42 19 the
125 1032 130 26 superfluity
271 1030 23 20 of
309 1036 84 19 prayer,
410 1030 38 19 the
468 1030 59 19 fixed
541 1037 52 19 pur-

67 1075 52 20 pose
135 1068 24 21 of
166 1069 39 20 the
222 1067 89 23 eternal,
324 1066 42 20 and
381 1066 40 20 the
435 1067 62 25 reign
513 1067 24 19 of
544 1067 47 20 law.

67 1107 25 19 It
100 1112 44 14 was
153 1106 55 20 then
217 1104 74 20 shown
300 1103 51 20 that
365 1109 80 19 prayer
454 1108 43 15 was
506 1109 14 13 a
529 1103 64 20 natu-

64 1144 37 19 ral
118 1142 99 23 instinct,
235 1140 45 21 and
294 1140 51 20 that
361 1140 112 20 universal
488 1140 105 20 instincts

64 1185 60 14 ■were
134 1179 80 25 always
222 1178 51 19 true
279 1176 44 19 and
331 1176 24 19 to
362 1176 27 19 be
395 1176 70 19 relied
475 1182 34 13 on.
539 1176 54 19 Man

67 1216 61 19 must
141 1221 66 20 pry;
225 1213 44 20 and
283 1211 106 26 temporal
398 1212 77 27 things
489 1218 55 14 were
553 1213 40 19 not

64 1253 25 19 to
98 1253 27 19 be
135 1258 38 19 sep
181 1259 12 12 v
198 1250 52 20 afced
259 1249 57 19 from
325 1249 104 25 spiritual
437 1249 78 25 things
522 1257 7 15 ;
548 1249 17 19 if
574 1249 20 19 it

67 1295 46 12 was
122 1288 20 19 ri
155 1288 27 19 kt
190 1288 24 19 to
222 1292 56 18 pray
287 1285 34 19 for
330 1285 40 19 the
382 1284 74 24 latter,
468 1291 24 12 so
501 1284 47 20 also
560 1285 34 19 for

63 1324 43 20 the
114 1323 87 20 for,iier.
231 1320 147 25 Christianity
386 1326 95 14 answers
489 1320 54 20 with
551 1320 40 20 her

65 1361 41 20 life
123 1360 36 20 for
177 1360 37 20 the
237 1359 86 24 efficacy
346 1357 22 19 of
389 1362 81 20 prayer
491 1357 25 19 m
537 1357 56 19 both

64 1397 97 26 spheres.
205 1395 81 20 Prayer
298 1394 20 19 is
327 1393 120 20 efficacious
455 1402 7 14 j
479 1394 39 19 the
527 1394 64 19 Bible

63 1434 50 24 lays
127 1432 46 21 this
188 1432 62 20 down
262 1431 25 18 m
302 1430 54 19 both
371 1429 39 20 the
426 1430 44 19 Old
485 1429 45 20 and
538 1430 55 19 New

63 1469 136 23 Testament,
223 1467 39 19 the
284 1466 110 25 prophets,
420 1466 100 25 apostles,
547 1466 45 19 and

61 1507 69 19 Jesns
140 1505 74 20 Christ
222 1503 128 25 furnishing
359 1503 114 19 abundant
482 1503 105 25 example.

61 1543 30 19 A<
97 1542 90 20 modern
201 1540 98 26 example
314 1539 89 24 existed,
422 1539 72 20 which
509 1539 83 25 simply

64 1577 164 22 demonstrated
250 1576 38 20 the
309 1582 73 19 power
405 1576 23 20 of
452 1582 78 19 prayer
535 1587 28 3 —
566 1576 24 19 m

64 1615 101 20 Muller's
191 1614 140 25 Orphanage,
360 1612 88 25 Bristol,
479 1613 110 24 England.

62 1653 49 19 The
123 1651 105 26 preacher
240 1649 122 21 concluded
375 1649 30 25 by
421 1649 62 25 pictii
494 1649 46 25 ing-
551 1649 39 20 the

63 1688 69 21 dread
148 1687 109 21 condition
273 1686 23 20 of
311 1686 75 24 things
402 1686 19 19 if
436 1692 32 13 we
478 1686 64 19 could
550 1686 41 19 not

61 1732 63 20 pray.
155 1725 46 20 The
208 1724 84 20 lecture
300 1729 45 14 was
362 1728 53 20 very
424 1723 50 19 well
482 1723 109 20 received.

62 1764 133 19 To-morrow
214 1761 64 20 eveni
287 1766 26 20 ig,
338 1760 39 20 the
396 1766 45 14 rev.
464 1759 127 26 gentleman

61 1800 48 19 will
120 1799 84 20 lecture
219 1799 24 19 at
256 1798 32 19 St.
304 1796 113 20 Andrew's
431 1796 92 24 Church,
536 1796 56 20 East

62 1836 91 24 Oxford,
168 1834 79 25 taking
265 1834 34 19 for
311 1832 35 20 his
363 1832 89 26 subject
526 1832 65 19 Jesus

63 1879 61 14 more
133 1872 56 20 than
199 1877 51 14 man
255 1870 9 20 ?

88 1909 16 20 A
109 1915 104 15 ccident.
217 1919 26 2 —
245 1907 40 23 We
295 1906 75 25 regret
378 1905 24 20 to
411 1906 58 20 have
483 1905 21 21 to
515 1905 77 20 record

61 1952 31 14 an
101 1945 106 24 accident,
217 1943 30 26 by
255 1942 71 21 which
335 1949 14 13 a
356 1941 61 21 child
424 1942 21 19 of
454 1942 35 19 Mr
496 1942 95 20 Thomas

61 1982 102 24 Vincent,
174 1980 57 27 aged
240 1980 64 21 thres
310 1985 67 20 years,
389 1979 67 20 broke
464 1979 35 20 his
509 1978 43 26 leg,
563 1985 28 14 on

62 2019 92 25 Sunday
168 2019 49 24 lis*,
236 2017 119 20 November
374 2017 45 19 3rd.
463 2016 48 20 The
530 2016 61 20 child

61 2062 45 14 was
124 2055 93 26 playing
235 2060 28 13 on
281 2060 14 13 a
311 2054 51 24 gate
375 2053 25 19 at
417 2053 38 19 the
472 2058 77 14 corner
569 2052 22 20 of

61 2093 78 24 Queen
153 2092 79 23 Street,
247 2090 63 20 when
323 2090 28 19 he
363 2089 42 20 fell
419 2090 36 24 off,
472 2089 46 20 and
530 2088 62 21 frac-

61 2130 69 19 tured
144 2128 40 21 the
193 2129 36 24 leg
239 2128 24 19 at
276 2127 37 20 tha
327 2126 71 25 thigh.
442 2126 150 26 Fortunately

61 2167 34 19 Dr
104 2166 56 19 Eees
168 2171 45 14 was
222 2164 87 20 availab
318 2170 12 13 c
342 2163 25 20 to
377 2163 34 20 set
419 2163 40 20 the
468 2163 61 23 limb,
548 2162 44 20 and

60 2203 41 21 the
119 2202 61 21 little
203 2201 91 21 sufferer
316 2200 19 20 is
358 2199 143 26 progressing
524 2199 68 26 fairly

61 2240 59 20 well.

88 2278 176 18 Annivebsaey.
268 2286 27 2 —
296 2274 34 19 On
339 2273 141 25 Wednesday
489 2273 99 25 evening,

61 2314 56 20 Nov.
130 2313 45 25 6th,
188 2312 39 21 the
237 2311 90 25 Baptist
337 2309 90 26 Sunday
436 2309 79 21 School
524 2309 67 20 Anni-

61 2356 92 20 versary
162 2356 44 14 was
216 2347 125 21 celebrated
349 2353 14 13 a
365 2349 3 9 1
368 2353 4 12 ;
381 2347 40 19 the
431 2347 89 25 Chapel,
534 2347 56 19 East

62 2387 92 21 Oxford.
195 2385 46 20 Tin
250 2384 133 20 attendance
391 2384 26 19 at
428 2384 37 19 the
473 2384 39 19 tea
520 2384 69 20 meet-

61 2425 41 25 ing
119 2430 44 14 was
182 2422 40 21 not
240 2422 61 24 quite
314 2427 24 14 as
355 2420 57 26 good
428 2427 24 14 as
471 2420 46 20 had
535 2420 56 21 been

60 2460 79 26 hoped,
156 2460 42 20 but
214 2465 14 13 a
239 2458 46 20 bou
293 2457 60 21 rtiful
368 2458 39 19 tea
422 2457 46 20 had
476 2457 57 20 been
541 2463 50 19 pro-

59 2497 68 21 vided
136 2497 30 24 by
174 2497 40 19 the
223 2495 107 19 members
341 2493 22 21 of
372 2494 40 20 the
426 2493 163 26 congregation,

60 2535 44 20 and
123 2534 19 20 it
155 2540 44 14 was
215 2531 101 27 presided
334 2537 52 14 over
403 2531 31 26 by
452 2531 40 20 the
512 2530 79 21 Misses

62 2572 82 23 Home,
156 2570 89 22 Baxter,
262 2569 71 24 Allen,
345 2568 124 25 M'Jarrow,
483 2568 106 24 Gardner,

62 2608 47 21 and
116 2608 83 24 Bailey.
229 2606 31 20 At
266 2606 38 20 the
311 2606 57 19 after
375 2605 97 26 meeting
479 2605 113 19 addresses

62 2652 56 14 were
135 2643 112 22 delivered
261 2643 31 26 by
307 2643 79 20 Messrs
401 2642 26 20 A.
446 2641 95 27 Wright,
563 2642 27 20 H.

62 2683 99 26 Wright,
181 2683 52 19 Rev.
255 2681 36 19 Mr
309 2680 117 25 Wiigstaff,
447 2680 45 20 and
510 2679 80 20 others.

62 2720 87 26 Hymns
158 2724 57 15 were
225 2717 96 26 heartily
336 2723 62 19 sung,
411 2716 44 21 and
464 2716 128 21 recitations

62 2758 63 24 given
135 2757 30 25 by
174 2756 38 21 the
222 2754 98 21 children
327 2754 23 20 of
358 2754 40 19 the
408 2754 91 26 Sunday
506 2752 85 21 School.

61 2795 48 19 The
118 2792 104 21 financial
231 2792 104 25 proceeds
348 2797 56 14 were
415 2791 67 25 fairly
492 2790 100 20 satisfac-

63 2832 58 25 tory.

88 2868 96 19 Postal.
187 2877 27 4 —
214 2866 41 19 We
266 2866 40 24 beg
315 2866 23 19 to
355 2864 87 21 remind
451 2870 41 14 our
504 2862 87 21 rerders

61 2905 54 20 that
130 2904 98 24 Monday
239 2910 3 10 >
252 2903 43 22 eit,
310 2902 56 19 Nov.
381 2902 32 23 11,
425 2901 40 20 has
479 2900 55 20 been
542 2906 49 19 pro-

62 2941 97 22 claimed
168 2948 14 13 a
191 2940 54 20 Post
254 2939 65 20 Office
334 2938 102 26 Holiday.
465 2937 71 21 There
546 2935 46 21 will

62 2980 28 20 be
101 2981 18 22 [a
128 2979 98 24 delivery
238 2980 18 17 o'
268 2977 43 19 lefct
323 2983 23 13 rs
355 2977 24 18 m
395 2976 56 19 East
461 2973 83 22 Oxford
558 2974 33 20 to-

59 3017 69 25 night
143 3013 130 29 (Saturday)
291 3013 58 20 after
363 3012 39 21 the
419 3012 83 21 arrival
518 3011 23 20 of
550 3010 39 20 the

62 3054 43 19 last
120 3052 67 26 train,
204 3051 43 20 and
260 3050 39 21 the
314 3049 53 20 mdl
381 3048 90 26 usually
487 3047 63 20 made
559 3052 32 19 up

61 3097 29 14 on
101 3090 94 26 Monday
203 3088 103 26 morning
316 3086 46 21 will
369 3086 29 20 be
407 3085 74 21 closed
488 3083 102 25 to-night

62 3128 25 19 at
96 3126 63 26 eight
168 3125 87 21 o'clock.

88 3164 48 19 Pjbo
139 3167 88 15 motion
233 3172 28 3 —
261 3161 24 19 It
294 3160 19 20 is
319 3159 103 20 rumored
431 3159 51 20 that
487 3158 38 19 the
534 3157 53 19 Rev.

60 3200 38 19 Mr
114 3199 110 20 Williams
240 3198 19 19 is
275 3198 24 19 to
314 3196 86 20 receive
412 3194 122 26 important
542 3199 49 20 pro-

62 3236 83 20 motion
154 3236 24 19 m
188 3235 38 20 the
236 3239 76 15 course
321 3233 23 19 of
353 3239 15 13 a
376 3232 43 20 few
428 3231 96 20 months.
544 3230 47 20 The

58 3272 86 20 friends
154 3272 25 20 of
188 3271 47 21 this
250 3269 129 26 gentleman
395 3268 46 20 will
456 3268 29 19 be
498 3266 53 27 glad
565 3267 26 19 to

61 3310 62 20 learn
131 3309 52 20 that
192 3308 28 20 he
233 3306 46 21 will
287 3312 83 19 occupy
382 3311 14 14 a
409 3304 97 27 position
519 3302 72 21 which

61 3346 47 20 will
116 3346 51 25 give
176 3346 48 19 him
231 3349 63 20 scope
302 3343 35 20 for
346 3342 38 20 the
389 3340 123 21 exhibition
522 3339 23 21 of
554 3339 36 19 his

62 3382 98 24 talents;
178 3382 39 20 but
225 3381 40 20 the
273 3379 77 27 parish
360 3379 22 20 of
392 3378 84 20 Oxford
484 3377 46 20 will
544 3382 47 14 sus-

63 3419 50 21 tain
123 3426 13 12 a
145 3419 65 25 great
218 3418 30 20 los
248 3418 21 20 3.

92 3461 95 19 Oxfobd
197 3460 86 20 Spoets
292 3459 143 19 Committee.
438 3468 28 3 —
466 3457 20 19 A
494 3455 98 25 meeting

63 3497 24 19 of
94 3496 47 20 this
151 3495 129 21 Committee
288 3495 46 19 will
342 3495 29 19 be
377 3494 54 20 held
439 3494 25 19 at
473 3493 40 20 the
522 3492 69 19 Hare-

62 3532 64 20 wood
134 3532 64 20 Arms
207 3531 69 20 Hotel
289 3537 29 14 on
327 3530 97 26 Monday
433 3530 95 24 evening
535 3528 56 20 next

62 3569 27 20 at
98 3568 63 25 eight
170 3567 86 21 o'clock.

91 3610 66 19 Cust.
160 3620 28 4 —
188 3608 36 20 Mr
233 3607 83 21 Robert
328 3607 108 25 Hodgson,
451 3606 39 21 the
504 3605 88 24 leading

64 3646 129 21 bootmaker
201 3645 25 20 m
234 3644 46 20 this
295 3643 116 26 township,
423 3650 45 13 was
476 3643 79 19 united
567 3642 24 19 m

63 3683 40 20 the
111 3682 71 20 bonds
192 3681 23 20 of
227 3681 133 25 matrimony
368 3680 25 19 to
408 3681 56 19 Miss
477 3680 72 23 Rudd,
568 3678 23 20 of

64 3718 120 26 Woodend,
198 3724 28 15 on
235 3717 107 25 Tuesday,
351 3716 59 22 Nov..
420 3717 18 20 5.
476 3716 35 20 No
522 3715 69 21 doubt

686 178 28 19 he
727 179 46 20 will
961 183 121 20 remember
1094 184 40 21 the
1150 185 63 20 Fifth

685 214 23 19 of
716 214 131 25 Novembers
889 217 45 19 and
943 218 97 26 possibly
1049 219 28 20 he
1086 221 46 19 will
1141 222 72 20 retain

684 257 60 14 some
760 252 140 21 recollection
910 253 23 20 of
948 254 40 20 the
999 254 65 21 Sixth
1073 262 24 14 as
1108 258 52 24 well,
1177 258 35 21 for

685 286 82 27 during
781 289 40 19 the
834 289 95 26 evening
943 290 23 19 of
981 291 52 20 that
1047 292 43 26 day
1103 293 34 20 his
1154 295 58 20 male

683 323 86 20 friends
778 326 140 19 entertained
927 326 45 19 him
986 327 44 19 and
1039 328 36 20 his
1083 329 63 21 bride
1156 331 54 20 with

683 365 14 13 a
707 360 92 21 musical
809 362 48 19 olio.
889 362 46 21 The
944 363 146 22 instruments
1104 368 106 20 available

683 402 57 14 w<?re
749 397 80 26 chiefly
837 398 39 20 the
885 399 54 20 loud
951 400 45 20 and
1005 401 91 27 stitring
1104 403 106 22 kerosene

683 432 41 25 tin,
746 434 45 19 and
809 434 38 20 the
868 436 88 20 ancient
976 437 41 21 but
1035 438 175 28 high-sounding

683 469 76 20 kettle.
803 471 35 20 Mr
847 472 113 26 Hodgson,
977 480 31 14 we
1017 475 141 27 understand,
1172 484 38 14 ex-

682 506 90 25 pressed
781 507 35 20 his
827 510 149 24 appreciation
986 512 23 19 of
1017 512 46 20 this
1074 513 93 21 delicate
1177 515 32 19 at-

683 543 86 19 tention
779 543 23 20 m
812 550 14 14 a
834 544 43 21 few
894 546 137 21 well-chosen
1040 549 71 20 words
1118 559 6 14 ;
1139 551 44 19 and
1191 552 19 19 it

683 578 19 20 is
720 580 48 19 said
781 580 50 20 that
845 581 37 21 the
896 590 66 19 pi-osp
974 585 23 19 ct
1012 585 23 19 of
1047 586 55 19 such
1111 592 12 12 a
1132 587 77 24 hearty

682 615 102 21 welcome
792 617 64 20 home
863 619 19 19 is
892 620 141 26 stimulating
1040 623 85 19 several
1134 630 75 19 yo»ig

682 652 127 24 gentlemen
824 659 21 14 to
856 653 94 28 [propose
964 656 126 22 immediate
1103 660 107 25 marriage

682 687 24 20 to
715 689 86 19 several
809 696 73 20 yourig
891 692 71 20 ladies
971 693 24 19 m
1002 694 40 19 the
1048 694 99 26 vicinity.
1167 696 42 21 We

683 723 56 26 hope
756 726 24 19 to
798 727 76 19 record
892 734 14 13 a
923 729 92 20 harvest
1030 731 81 25 reaped
1124 731 31 26 by
1170 738 40 14 our

683 760 93 25 popular
784 762 107 25 minister,
904 764 34 20 Mr
946 765 96 25 Rodger.

711 796 135 22 Scientific.
854 800 64 20 —We
932 802 53 19 note
994 802 51 20 that
1060 803 40 20 the
1109 804 101 27 hanging

684 839 52 14 cure
751 834 40 20 has
800 835 57 19 been
873 839 144 25 successfully
1024 840 59 20 tried
1092 840 24 20 m
1125 842 85 19 Christ-

684 868 88 23 church,
790 871 24 20 m
831 878 61 15 eases
908 874 24 19 of
944 875 105 20 locomotor
1057 879 70 23 ataxy.
1170 879 39 19 We

683 906 153 24 congratulate
854 908 39 21 the
908 911 147 27 enterprising
1073 913 137 21 House-sur-

685 947 56 18 geon
753 942 24 19 of
792 943 38 19 the
842 945 109 26 Hospital,
969 948 45 19 and
1030 954 32 14 we
1076 950 93 19 venture
1185 951 25 20 to

684 981 76 16 assure
776 978 45 20 him
831 980 52 20 that
891 981 62 21 there
970 989 38 14 are
1017 985 48 19 still
1073 991 68 20 many
1149 992 60 15 cases

684 1018 29 14 on
730 1014 73 20 which
821 1015 28 20 he
867 1018 73 19 -would
958 1019 28 20 do
1004 1021 50 19 well
1072 1022 24 19 to
1113 1022 39 26 try
1174 1023 35 20 his

684 1049 79 20 skilful
777 1051 67 20 hand.
885 1053 63 21 Even
963 1055 25 20 m
1001 1056 82 21 Oxford
1095 1058 64 21 there
1171 1067 38 13 are

684 1091 52 14 men
753 1087 49 20 who
817 1088 36 20 for
868 1096 62 18 years
947 1092 57 20 have
1016 1093 57 20 been
1086 1096 81 20 unable
1185 1097 24 20 to

684 1122 58 20 walk
765 1124 103 26 straight,
898 1128 45 20 and
968 1135 33 14 we
1028 1131 183 28 conscientiously

684 1158 86 21 believe
782 1161 51 20 that
842 1162 64 21 there
915 1164 19 20 is
950 1171 29 14 no
988 1171 52 15 cure
1049 1167 35 20 for
1093 1168 62 20 them
1168 1170 42 20 but

684 1194 39 21 the
742 1195 100 28 hanging
859 1205 58 15 cure.
954 1202 81 25 While,
1053 1203 105 28 however,
1179 1213 32 14 we

685 1231 71 21 desire
778 1234 25 19 to
823 1236 68 24 speak
908 1237 55 21 with
981 1239 30 19 all
1029 1242 84 24 respect
1130 1242 24 21 of
1171 1244 50 19 the,

685 1268 107 21 scientific
814 1272 146 24 experiments
979 1277 98 25 recently
1094 1278 65 25 tried,
1179 1266 44 34 we'

684 1305 123 19 remember
820 1306 49 20 that
881 1308 85 21 science
979 1310 19 20 is
1012 1312 49 19 still
1077 1313 24 20 to
1117 1319 14 15 a
1146 1316 66 24 great

685 1340 78 21 extent
772 1342 118 25 empirical.
935 1346 169 29 Consequently,
1118 1350 24 20 m
1151 1357 59 15 some

684 1382 69 20 grave
769 1384 66 20 cases,
851 1387 32 14 we
893 1388 37 14 are
943 1383 99 21 inclined
1054 1385 24 20 to
1092 1389 118 23 supersede

684 1413 32 19 Dr
725 1413 33 21 De
768 1415 69 20 Eenzi
845 1416 25 20 m
878 1416 64 22 favor
951 1420 23 19 of
979 1420 33 19 Dr
1021 1420 56 21 Jack
1086 1422 79 26 Ketch,
1176 1424 36 20 for

683 1449 40 20 the
736 1450 78 25 simple
829 1458 79 16 reason
923 1455 53 20 that
989 1456 39 21 the
1045 1458 70 20 latter
1132 1461 79 24 practi-

683 1486 72 20 tioner
763 1493 42 14 can
814 1491 121 22 guarantee
941 1493 87 24 results,
1037 1494 45 20 and
1087 1495 125 27 invariably

683 1521 76 21 effects
769 1529 14 13 a
791 1529 52 15 cure
852 1525 72 22 which
933 1528 76 21 makes
1026 1529 39 21 the
1074 1531 70 21 whole
1153 1539 57 14 com-

683 1559 88 25 munity
779 1560 45 20 feel
833 1562 106 23 grateful.

772 1625 130 27 SCHOOL
921 1629 192 28 COMITTEES.

849 1686 72 22 EAST
936 1689 111 21 OXFORD.

710 1722 46 19 The
765 1723 61 19 usual
840 1724 97 26 monthly
956 1727 93 26 meeting
1067 1729 22 20 of
1106 1729 36 21 the
1159 1731 51 21 East

685 1756 78 21 Oxford
772 1758 77 20 School
868 1759 122 24 Committee
1009 1770 41 14 was
1068 1765 49 21 held
1135 1768 23 19 m
1177 1769 33 20 the

685 1793 133 22 Schoolroom
845 1801 26 14 on
907 1797 95 26 Tuesday
1040 1803 86 24 evening
1162 1804 48 21 last.

685 1829 84 21 Present
787 1831 28 19 all
825 1832 34 19 the
869 1834 103 20 members
990 1836 50 19 with
1050 1837 35 21 the
1103 1841 107 24 exception

685 1865 20 19 of
715 1865 32 20 Mr
756 1867 98 24 Oomyns.

729 1902 44 21 The
800 1905 90 21 minutes
909 1908 21 19 of
949 1908 35 21 the
1003 1910 95 25 previous
1118 1914 92 24 meeting

685 1943 52 16 were
746 1940 48 19 read
805 1941 42 20 and
855 1943 119 22 confirmed.

728 1976 44 20 The
789 1977 89 21 Masters
895 1983 69 23 report
984 1988 42 15 was
1043 1985 54 23 read,
1117 1985 93 27 showing

685 2011 47 20 that
742 2013 35 19 the
786 2014 56 25 daily
850 2021 87 20 average
946 2018 18 19 is
983 2019 43 19 still
1045 2022 124 26 continuing
1188 2025 21 19 to

685 2048 96 25 increase,
800 2051 41 19 arid
859 2051 39 21 has
916 2059 46 15 now
979 2056 88 20 reached
1085 2058 51 25 168;
1155 2059 55 21 That

685 2084 50 21 Miss
752 2086 116 22 Buchanan
887 2090 36 19 the
941 2097 44 13 new
1003 2091 94 22 Mistress
1115 2095 42 21 had
1176 2103 33 14 en-

685 2122 54 20 tered
750 2128 55 19 upon
816 2124 37 20 her
862 2125 67 21 dutie3
937 2128 23 19 at
970 2128 35 20 the
1014 2128 113 28 beginning
1135 2133 22 19 of
1176 2134 34 20 the

685 2158 80 21 month.

711 2193 82 22 Several
805 2202 73 15 names
895 2199 21 19 of
932 2201 84 24 parents
1032 2201 69 22 whose
1117 2203 93 24 children

685 2230 40 20 had
734 2234 38 17 not
781 2234 97 19 attended
895 2236 103 26 regularly
1007 2244 51 14 were
1064 2239 84 22 handed
1155 2243 22 19 m
1188 2244 21 18 to

685 2267 35 19 the
735 2267 129 26 Committee,
881 2272 41 19 and
937 2273 18 19 it
971 2279 41 14 was
1028 2274 83 21 decided
1127 2278 23 19 to
1158 2279 52 20 send

685 2302 58 21 them
761 2304 68 21 notice
842 2305 47 22 that
903 2307 17 20 if
934 2308 50 27 they
994 2309 36 21 did
1045 2313 37 18 not
1091 2313 51 20 send
1157 2314 53 21 their

685 2340 92 21 children
789 2347 58 15 more
856 2345 102 25 regularly
967 2345 23 21 m
1000 2347 69 20 future
1077 2351 133 26 proceedings

685 2377 67 19 would
762 2377 24 20 be
796 2379 61 20 taken
866 2381 84 24 against
960 2382 61 21 them.

711 2413 44 21 The
769 2414 123 26 Inspector's
908 2420 69 24 report
994 2419 107 28 wasjread,
1115 2422 95 27 showing

685 2450 47 19 that
742 2451 34 20 the
786 2457 64 19 upper
859 2453 77 21 classes
952 2460 35 14 are
1000 2456 64 25 doing
1079 2458 54 23 good
1150 2460 60 23 work,

685 2486 37 19 but
732 2486 46 20 that
795 2487 35 20 the
839 2488 70 21 infant
923 2491 132 25 department
1064 2493 38 19 left
1117 2495 63 19 much
1189 2496 21 19 to

685 2522 24 21 be
718 2523 86 21 desired.

711 2561 44 19 The
764 2561 114 21 Chairman
886 2565 93 24 reported
986 2565 81 27 having
1074 2567 90 21 received
1174 2569 36 20 11s

685 2596 54 21 from
758 2597 36 20 the
812 2598 107 21 bachelors
939 2602 22 18 of
977 2601 79 21 Oxford
1070 2604 88 20 towards
1176 2605 34 20 the

685 2633 76 21 School
770 2634 59 20 Prize
838 2635 68 25 Fund,
916 2637 60 25 being
991 2645 12 14 a
1014 2638 86 21 balance
1110 2639 49 27 they
1169 2641 41 21 had

685 2671 53 19 after
747 2671 86 25 settling
842 2679 28 18 up
880 2673 35 20 the
925 2676 99 19 accounts
1035 2676 21 19 of
1066 2676 54 20 their
1129 2678 54 21 Ball.

711 2707 52 19 This
781 2707 61 26 being
857 2709 28 19 all
901 2710 36 20 the
953 2711 100 24 business,
1071 2712 35 21 the
1121 2714 89 26 meeting

685 2742 119 26 adjourned.

843 2799 76 18 WEST
936 2799 114 19 OXFORD.

709 2835 51 17 This
770 2835 124 18 Committee
900 2835 48 19 held
956 2835 53 20 their
1016 2836 98 26 ordinary
1120 2839 90 26 meeting

685 2874 26 14 on
730 2868 91 25 Monday
835 2870 87 24 evening
931 2871 48 20 last.
1020 2873 112 20 Present—
1132 2876 78 21 Messrs

685 2904 98 21 Prichard
793 2905 139 27 (Ohairman),
943 2907 79 25 Ancall,
1038 2909 87 26 Barnes,
1143 2912 66 25 Dean,

685 2940 101 25 Knowles,
796 2940 42 21 and
849 2941 123 22 Grimwood.

709 2978 32 19 Dr
753 2977 125 21 Anderson's
890 2981 70 24 report
976 2986 41 15 was
1027 2982 125 27 considered,
1168 2986 42 20 and

685 3013 34 21 the
732 3014 61 19 Clerk
802 3020 41 13 was
853 3014 85 22 ordered
946 3017 23 19 to
978 3022 78 21 oonvey
1066 3019 35 21 the
1111 3026 99 20 congrau-

685 3050 75 20 lations
777 3050 21 19 of
812 3049 36 20 the
864 3050 123 22 Committee
1004 3053 22 20 to
1035 3053 36 21 the
1080 3055 79 22 Master
1169 3058 41 20 and

685 3086 93 20 Mistress
793 3086 21 19 of
829 3086 36 20 the
875 3086 76 21 School
965 3094 28 13 on
1007 3089 36 20 the
1053 3096 49 20 very
1117 3093 93 21 satisfac-

685 3124 46 23 tory
747 3123 74 19 nature
832 3122 22 19 of
868 3121 35 21 the
919 3125 78 23 report,
1007 3125 42 20 and
1064 3127 45 19 also
1124 3128 22 19 to
1163 3135 47 14 con-

685 3158 102 25 gratulate
797 3157 35 20 the
840 3158 59 25 pupil
908 3158 94 20 teachers
1011 3165 55 20 upon
1077 3161 35 21 the
1122 3163 88 22 advant-

685 3200 37 19 age
731 3193 50 25 they
796 3193 53 20 have
857 3193 63 21 taken
930 3194 23 20 of
965 3194 55 21 their
1030 3197 77 20 careful
1119 3198 91 28 training

685 3231 22 20 m
723 3230 100 24 assisting
845 3231 21 18 to
887 3231 90 24 produce
995 3237 23 14 so
1040 3233 134 28 satisfactory
1196 3243 13 14 a

685 3266 70 21 result.

711 3302 45 21 The
765 3301 115 21 Chairman
890 3303 94 25 reported
997 3304 76 26 receipt
1082 3306 22 19 of
1112 3313 13 14 a
1141 3308 69 22 sohool

685 3334 41 20 bell
734 3334 55 19 from
799 3334 35 19 the
843 3334 75 24 Board,
936 3335 41 19 and
986 3335 103 25 produced
1099 3343 12 13 a
1121 3337 89 28 drawing

687 3367 21 19 of
718 3365 35 20 the
762 3365 50 25 plan
821 3365 33 19 for
863 3366 97 19 erection.
997 3367 32 19 Mr
1038 3368 119 22 Grimwood
1165 3377 45 14 con-

686 3396 72 21 sented
767 3397 22 19 to
798 3396 135 24 superintend
943 3397 35 20 the
988 3398 89 20 erection
1085 3400 21 19 of
1121 3401 36 19 the
1166 3402 44 18 bell.

711 3433 105 20 Accounts
824 3433 24 19 to
859 3432 35 20 the
903 3434 87 19 amount
1007 3434 22 20 of
1037 3435 29 19 £4
1076 3436 36 19 14s
1122 3437 26 20 4d
1162 3444 50 15 were

685 3464 75 25 passed
781 3464 33 19 for
835 3464 106 24 payment,
965 3464 42 20 and
1030 3465 35 20 the
1088 3466 124 24 Committee

686 3494 120 25 adjourned.

757 3559 139 24 OXFORD
913 3561 90 24 ROAD
1020 3562 112 24 BOARD.

712 3619 50 19 The
771 3617 102 26 monthly
885 3620 99 25 meeting
994 3620 23 20 of
1026 3621 46 20 this
1087 3622 72 21 Board
1167 3631 44 14 was

683 3650 54 21 held
749 3655 29 14 on
792 3649 141 27 Wednesday
951 3652 49 24 last,
1021 3652 124 23 November
1163 3657 46 20 6th.

685 3681 92 20 Present
785 3692 27 3 —
821 3681 82 21 Messrs
926 3683 62 25 Ryde
1013 3683 143 30 (Chairman),
1182 3688 25 21 A.

686 3713 96 25 Wright,
791 3713 45 19 and
845 3713 24 21 P.
882 3714 95 25 Wright.

1332 186 23 20 It
1365 193 42 14 wa?
1418 187 91 20 decided
1517 189 24 19 to
1550 190 42 24 put
1601 196 14 13 a
1624 190 49 20 ford
1682 197 72 14 across
1763 192 40 20 No.
1817 195 10 17 1

1304 218 134 25 water-race,
1457 219 44 20 and
1513 226 73 14 across
1602 222 60 19 main
1677 228 47 13 race
1737 228 28 13 on
1774 223 53 18 Ash-

1301 250 88 19 woith's
1399 251 68 18 Road.

1327 286 111 20 Resolved
1438 299 26 2 —
1464 288 32 19 To
1510 288 58 20 clear
1579 288 39 21 the
1631 290 100 19 tussocks
1745 289 29 19 off
1789 289 39 19 the

1301 317 83 26 Ashley
1401 319 69 24 Gorge
1485 319 67 21 Road,
1567 320 45 19 and
1624 321 47 19 also
1684 322 22 18 to
1718 322 42 24 put
1768 321 59 19 loose

1299 349 75 20 stones
1383 350 24 19 m
1416 350 40 21 the
1464 351 49 20 ruts
1524 357 27 14 on
1561 351 38 20 the
1609 358 60 14 same
1678 352 60 20 road.

1327 385 110 22 Resolved
1437 399 27 2 —
1464 388 60 19 That
1532 388 40 19 the
1582 388 117 21 Chairman
1708 390 45 19 and
1762 389 64 20 Clerk

1299 417 85 26 inspect
1393 419 40 20 the
1443 420 62 20 creek
1517 426 55 14 near
1585 420 36 20 Mr
1633 421 86 21 Wilson
1730 421 96 21 Fisher's

1298 449 74 21 before
1382 452 110 24 anything
1503 453 17 19 is
1531 453 62 19 done.

1325 486 47 20 The
1381 487 64 21 Clerk
1454 494 45 14 was
1508 489 124 21 instructed
1644 491 24 20 to
1678 491 56 20 send
1741 491 84 20 notices

1299 517 23 20 to
1332 518 32 19 all
1373 526 83 14 owners
1465 520 85 26 having
1562 528 60 17 gorse
1631 522 24 19 m
1663 523 62 20 front
1734 523 23 20 of
1765 523 61 20 their

1298 551 106 24 property
1412 552 25 19 to
1445 552 57 20 have
1511 552 20 20 it
1541 553 86 21 cleared
1636 555 24 19 at
1670 561 59 14 once.

1326 586 109 21 Resolved
1441 599 27 3 —
1471 589 32 19 To
1517 590 34 19 set
1565 596 28 13 on
1605 597 51 14 men
1668 592 25 19 to
1711 590 59 21 clear
1786 592 38 20 the

1298 623 50 14 race
1358 618 95 25 through
1458 620 38 20 Mr
1504 621 25 19 F.
1541 621 142 27 Luers'land,
1696 624 45 19 and
1747 624 77 24 charge

1297 647 48 20 him
1354 649 55 19 with
1418 650 40 20 the
1467 651 53 19 cost.

1325 684 139 21 Resolved—
1468 687 31 20 To
1513 688 82 20 extend
1606 689 38 21 the
1656 697 50 14 race
1718 691 58 20 from
1789 692 34 20 Mr

1297 713 108 23 Dobson's
1418 720 110 24 property,
1545 720 45 19 and
1602 717 51 24 lead
1668 722 20 20 it
1702 723 48 20 into
1759 724 40 19 No.
1811 725 12 18 3

1297 751 51 14 race
1358 752 28 14 on
1397 747 125 22 Schofield's
1531 751 60 19 road.

1325 781 136 23 Resolved—
1460 785 32 21 To
1512 787 59 19 clear
1586 787 39 21 the
1643 789 62 26 large
1723 790 100 21 boulders

1298 813 31 19 off
1337 814 39 20 the
1383 816 75 20 tracks
1468 823 52 14 over
1529 818 40 21 the
1578 818 88 22 various
1675 821 64 20 fords.

1324 849 47 21 The
1381 851 73 21 Board
1466 860 42 14 was
1524 854 80 21 waited
1612 863 29 14 on
1656 856 31 27 by
1694 858 39 20 the
1741 858 82 21 follow-

1297 881 40 24 ing
1351 883 134 22 gentlemen:
1486 896 27 3 —

1324 917 37 20 Mr
1379 919 90 24 Carson,
1490 922 49 19 who
1558 924 68 19 asked
1648 926 130 24 permission
1799 927 25 20 to

1297 948 85 25 plough
1391 950 67 26 along
1466 952 40 19 the
1522 953 46 19 side
1577 954 23 19 of
1608 955 97 21 Welch's
1720 957 68 24 Road,
1800 959 24 19 to

1297 978 42 20 kill
1352 985 70 18 gorse.
1425 993 27 3 —
1454 982 104 21 Granted.

1325 1015 36 20 Mr
1375 1017 113 26 Schofield,
1505 1020 56 21 with
1574 1021 110 23 reference
1696 1024 24 20 to
1735 1025 39 20 the
1788 1032 35 14 ex-

1297 1046 88 21 tension
1404 1049 23 19 of
1444 1049 40 21 the
1501 1057 50 14 race
1571 1052 58 21 from
1647 1054 113 26 Dobson's,
1779 1057 44 20 and

1297 1078 106 27 agreeing
1411 1081 24 19 to
1449 1081 28 20 do
1491 1082 37 20 the
1541 1083 64 21 horse
1615 1087 58 19 work
1689 1088 102 25 required
1799 1089 24 19 m

1297 1109 91 27 making
1396 1111 39 20 the
1444 1118 116 21 necessary
1568 1121 56 16 race.

1325 1146 36 20 Mr
1377 1147 82 24 Askew,
1478 1150 25 19 m
1515 1151 112 22 reference
1640 1154 24 19 to
1677 1155 94 26 turning
1784 1157 40 19 the

1297 1177 70 20 water
1376 1180 37 18 out
1423 1180 21 19 of
1453 1180 40 20 the
1502 1181 58 20 main
1571 1182 64 22 drain
1644 1185 48 20 into
1699 1186 36 20 Mr
1745 1187 79 21 O'Hal-

1297 1208 82 21 loran's
1388 1210 60 20 land.
1475 1211 31 21 As
1515 1213 64 21 there
1588 1220 56 16 were
1654 1218 85 19 several
1747 1218 77 21 letters

1297 1239 58 21 from
1364 1241 37 20 Mr
1411 1242 133 22 O'Halloran
1552 1245 92 27 bearing
1649 1254 28 13 on
1685 1248 39 20 the
1730 1250 92 26 subject,

1297 1270 40 20 the
1346 1271 74 21 Board
1433 1274 91 20 decided
1532 1275 25 20 to
1569 1278 102 20 consider
1679 1279 39 20 the
1734 1282 87 25 matter,

1297 1301 46 19 and
1351 1302 33 19 let
1393 1303 48 19 him
1450 1305 69 18 know.

1325 1337 36 20 Mr
1370 1338 103 27 Bennett,
1484 1341 25 20 m
1517 1342 111 23 reference
1640 1345 25 20 to
1680 1352 62 19 gorse
1755 1354 69 19 grow-

1297 1367 37 25 ing
1343 1375 29 14 on
1381 1370 38 20 the
1433 1371 120 28 Boundary
1567 1375 59 22 road.
1657 1377 136 22 Resolved—
1793 1380 31 20 To

1298 1401 100 20 consider
1412 1402 39 21 the
1464 1405 82 20 matter
1558 1407 55 20 with
1629 1408 36 21 the
1681 1409 64 21 other
1761 1416 63 20 gorse

1298 1432 119 24 questions.

1324 1467 47 21 The
1381 1469 65 20 Clerk
1454 1477 45 14 was
1508 1472 124 23 instructed
1647 1476 24 19 to
1680 1477 62 20 write
1751 1478 24 20 to
1788 1479 37 19 Mr

1297 1498 22 20 J.
1342 1500 134 26 Dohrmann,
1502 1503 45 20 and
1569 1505 82 21 inform
1673 1508 47 20 him
1743 1510 21 19 of
1786 1510 39 20 the

1299 1529 91 21 Board's
1398 1531 112 23 intention
1518 1535 25 19 to
1558 1535 98 23 increase
1665 1538 40 21 the
1713 1542 80 24 supply
1800 1542 24 19 m

1297 1561 40 20 No.
1351 1563 12 18 3
1372 1564 70 19 water
1450 1571 55 19 race,
1521 1567 45 19 and
1574 1568 53 21 that
1638 1569 20 20 if
1666 1570 28 20 he
1705 1571 87 22 decides
1800 1574 25 19 to

1297 1592 58 21 have
1363 1594 39 20 the
1411 1596 69 20 water
1496 1597 97 27 through
1603 1599 35 21 his
1650 1601 58 21 farm
1720 1603 63 21 when
1795 1605 30 20 he

1298 1630 41 14 can
1348 1626 40 23 get
1395 1626 25 25 it,
1431 1627 30 21 he
1470 1629 61 20 must
1539 1629 57 21 have
1603 1630 19 22 it
1630 1634 191 28 unconditionally.

1297 1655 25 20 It
1334 1662 44 14 was
1392 1658 91 21 decided
1497 1660 25 20 to
1529 1660 57 26 [vote
1598 1662 39 22 the
1654 1671 49 13 sum
1718 1667 23 19 of
1750 1669 31 19 £5
1790 1668 35 20 for

1297 1687 39 20 the
1343 1689 108 24 purchase
1460 1691 23 19 of
1491 1691 69 21 birds'
1570 1699 54 19 eggs
1633 1696 45 20 and
1687 1696 76 22 heads.

1325 1724 47 21 The
1384 1726 114 27 following
1511 1735 43 14 cor:
1559 1735 133 20 esponeence
1701 1740 45 14 was
1762 1735 62 21 read:

1299 1756 67 20 From
1379 1757 36 20 Mr
1428 1758 19 20 J.
1472 1759 64 26 Boys,
1557 1761 80 27 asking
1653 1766 131 23 permission
1802 1768 23 19 to

1299 1788 51 25 give
1359 1794 31 20 up
1398 1789 96 21 Reserve
1504 1792 25 19 at
1538 1792 148 23 ViewHiU.—
1686 1796 115 22 Received.

1325 1824 66 20 From
1404 1825 90 21 Holmes
1508 1828 45 20 and
1567 1829 125 27 Loughrey,
1712 1839 22 13 re
1750 1834 75 26 injuc-

1297 1854 54 21 tion.
1360 1856 133 19 —Received.

1325 1891 66 21 From
1404 1893 37 20 Mr
1456 1893 20 21 J.
1492 1895 87 25 Purvis,
1600 1897 80 27 asking
1696 1902 129 24 permission

1297 1924 25 19 to
1334 1924 52 20 take
1398 1931 12 12 a
1423 1925 105 26 loop-line
1543 1927 57 20 from
1612 1930 40 19 the
1668 1931 60 19 main
1744 1939 50 14 race
1802 1935 24 19 to

1297 1955 70 20 water
1379 1956 35 20 his
1429 1957 90 20 land.—
1520 1957 105 28 Granted,
1645 1963 87 25 subject
1745 1964 24 20 to
1786 1965 40 20 the

1299 1987 129 26 Surveyor's
1438 1990 110 24 approval.

1325 2024 67 20 From
1401 2025 37 19 Mr
1446 2025 21 20 J.
1478 2026 61 24 Inch,
1557 2030 130 26 requesting
1696 2032 129 25 permission

1297 2055 24 20 to
1329 2055 84 26 plough
1423 2063 29 14 on
1461 2057 38 20 the
1510 2058 47 20 side
1573 2059 24 20 of
1605 2060 39 21 the
1654 2062 102 21 Carleton
1771 2065 54 19 road

1297 2087 25 20 to
1330 2087 42 20 kill
1381 2094 70 18 gorse.
1452 2100 26 4 —
1480 2089 105 21 Granted.

1324 2124 66 20 From
1408 2124 38 20 the
1468 2126 104 25 Hospital
1593 2128 79 24 Board,
1695 2131 130 26 requesting

1297 2156 106 24 payment
1412 2156 23 20 of
1444 2157 153 21 contribution.
1614 2171 28 3 —
1654 2161 99 21 Amount
1764 2163 25 20 to
1797 2163 28 20 be

1297 2186 51 25 paid
1357 2192 28 14 on
1394 2187 83 26 receipt
1486 2188 24 20 of
1517 2189 40 20 the
1568 2189 150 24 Government,
1724 2194 97 25 subsidy.

1325 2224 66 20 From
1400 2224 38 20 the
1451 2225 99 26 Railway
1559 2226 88 21 Reform
1662 2229 94 26 League.
1784 2231 40 20 Re-

1298 2254 82 20 ceived.

1325 2291 66 20 From
1400 2292 36 19 Mr
1445 2293 21 19 J.
1477 2293 137 25 O'Halloran,
1625 2296 94 27 offering
1727 2297 25 21 to
1762 2298 64 21 allow

1297 2323 40 20 the
1353 2323 75 21 Board
1444 2325 129 25 permission
1591 2326 25 20 to
1633 2328 54 20 turn
1705 2328 38 21 the
1759 2331 68 20 water

1297 2355 59 20 from
1364 2355 40 20 the
1413 2356 60 19 main
1483 2357 64 20 drain
1556 2364 29 13 on
1600 2359 24 19 to
1633 2359 37 20 his
1678 2360 54 20 land
1741 2361 37 20 for
1786 2362 40 20 the

1299 2392 49 14 sum
1357 2387 23 19 of
1388 2388 32 18 £1
1430 2393 40 20 per
1480 2388 61 20 week
1550 2388 34 20 for
1593 2389 39 21 the
1644 2391 52 19 time
1705 2391 37 20 the
1757 2393 70 20 water

1298 2418 20 20 is
1334 2424 24 14 so
1371 2418 83 21 turned
1466 2425 35 19 on,
1516 2419 45 20 and
1576 2420 87 28 stating
1675 2422 49 21 that
1743 2424 29 20 he
1790 2425 38 20 did

1298 2450 41 19 not
1353 2455 49 14 care
1411 2451 24 18 to
1450 2450 56 20 have
1519 2451 111 27 anything
1645 2454 24 18 to
1679 2453 27 20 do
1719 2455 56 19 with
1787 2456 39 20 the

1300 2480 91 20 Board's
1411 2481 142 20 contractors.
1595 2483 110 21 Resolved
1705 2496 27 2 —
1732 2486 60 20 That
1808 2487 20 19 if

1299 2511 39 21 the
1354 2512 126 21 contractor
1488 2518 65 20 agree
1563 2513 23 20 to
1601 2520 46 21 pay
1655 2515 39 21 the
1704 2516 74 22 Board
1795 2519 31 19 £1

1298 2549 41 20 per
1347 2545 60 20 week
1416 2544 33 21 for
1458 2544 40 21 the
1506 2545 55 20 time
1569 2545 40 21 the
1622 2548 69 20 water
1699 2548 19 20 is
1727 2550 101 26 running

1299 2582 53 13 over
1361 2575 36 21 Mr
1407 2576 151 21 O'Halloran's
1566 2577 59 26 land,
1643 2579 39 20 the
1696 2579 73 22 Board
1781 2582 47 20 will

1299 2608 121 24 guarantee
1428 2607 40 20 the
1518 2608 25 20 to
1556 2608 37 20 Mr
1602 2609 143 23 O'Halloran.
1786 2613 42 21 Re-

1300 2638 76 21 solved
1376 2650 26 3 —
1402 2639 60 20 That
1479 2639 39 20 the
1538 2639 119 23 Chairman
1675 2644 42 20 and
1739 2644 37 21 Mr
1797 2645 26 22 A.

1299 2670 93 26 Wright
1401 2671 51 25 sign
1461 2671 92 25 cheques
1562 2672 35 20 for
1605 2674 38 19 the
1648 2676 84 20 month.

1326 2708 97 20 Tenders
1439 2714 53 14 were
1504 2709 56 20 then
1573 2712 89 25 opened,
1679 2713 44 19 and
1735 2713 40 21 the
1782 2714 46 20 fol-

1299 2739 83 27 lowing
1403 2741 106 26 accepted
1516 2748 5 12 :
1531 2752 28 3 —
1568 2742 105 27 Clearing
1696 2745 87 25 portion
1806 2746 22 20 of

1299 2771 64 20 Ellis'
1373 2772 74 19 drain:
1457 2772 29 20 H.
1495 2772 128 27 Hitchcock,
1633 2775 32 20 .£s
1669 2776 49 24 lss;
1732 2776 96 27 Putting

1299 2803 24 19 m
1333 2803 43 19 two
1385 2803 61 19 fords
1456 2809 53 14 over
1521 2805 68 19 water
1604 2811 61 15 races
1673 2814 5 12 :
1698 2807 25 20 Q-.
1742 2808 83 25 White,

1299 2835 43 22 £3;
1360 2834 94 25 Carting
1467 2833 91 27 Shingle
1573 2836 25 19 to
1615 2836 101 22 Steffens'
1728 2839 63 20 road:
1806 2840 21 21 J.

1300 2865 98 27 Sundry,
1420 2867 24 18 Is
1462 2865 29 20 3d
1508 2872 41 20 per
1566 2868 67 24 yard:
1654 2869 121 27 ShiDgling
1789 2872 38 20 ten

1300 2897 77 19 chains
1390 2897 23 21 of
1426 2897 104 21 Carleton
1543 2898 72 20 Eoad:
1636 2900 21 20 J.
1667 2901 27 20 D.
1712 2901 25 21 M
1745 2902 74 21 Cahon

1300 2928 32 19 .£6
1342 2928 31 19 ss.

1325 2965 66 21 After
1402 2965 92 27 passing
1508 2967 104 20 accounts
1630 2968 35 21 for
1680 2969 40 21 the
1738 2972 85 24 month,

1298 2996 40 21 the
1346 2996 73 21 Board
1432 2998 123 24 adjourned

1386 3063 358 41 CRICKET.

1398 3130 77 21 VIEW
1488 3131 70 20 HILL
1572 3133 24 19 V.
1611 3133 111 21 OXFORD.

1326 3181 55 20 This
1397 3182 72 20 match
1483 3189 43 14 was
1542 3184 75 25 played
1633 3185 22 20 m
1674 3186 33 20 Mr
1730 3187 98 21 Gorton's

1299 3217 100 26 paddook,
1419 3219 55 20 View
1488 3219 53 25 Hill,
1558 3226 28 14 on
1603 3221 103 27 Saturday
1722 3224 48 24 last,
1787 3225 41 20 and

1299 3254 90 20 resulted
1398 3255 22 19 m
1430 3261 13 14 a
1453 3261 48 19 very
1515 3262 50 19 easy
1574 3257 41 19 win
1624 3259 33 19 for
1672 3259 56 20 View
1738 3261 47 19 Hill
1801 3261 27 25 by

1299 3289 50 20 nine
1359 3290 88 21 wickets.
1490 3292 78 21 Oxford
1584 3297 54 18 went
1657 3290 31 26 to'
1695 3297 36 20 the
1746 3298 82 20 wickets

1299 3326 51 23 first,
1367 3326 37 21 but
1413 3328 60 20 made
1483 3335 12 13 a
1505 3335 48 18 very
1567 3335 51 20 poor
1627 3332 63 19 stand
1700 3334 83 23 against
1793 3334 35 20 the

1300 3361 105 29 splendid^
1412 3363 88 26 bowling
1517 3366 22 18 of
1555 3366 80 21 Gorton
1652 3368 41 20 and
1709 3370 63 23 Giles,
1791 3371 37 20 the

1299 3398 42 21 last
1351 3399 72 22 wicket
1439 3401 75 26 falling
1523 3403 33 19 for
1570 3403 33 25 28,
1612 3404 75 21 Brown
1706 3406 50 27 (12),
1767 3407 61 26 being

1300 3435 36 20 the
1353 3436 104 26 principal
1469 3443 75 16 scorer.
1584 3440 57 21 View
1656 3442 46 20 Hill
1713 3443 50 20 then
1779 3445 49 19 took

1300 3470 37 21 the
1346 3471 42 24 bat,
1398 3473 43 19 and
1450 3475 103 24 managed
1569 3477 22 18 to
1600 3482 57 15 score
1666 3479 26 20 59
1702 3480 68 20 before
1779 3480 49 26 they

1299 3513 52 15 were
1360 3509 29 20 all
1398 3509 96 26 disposed
1503 3512 29 23 of,
1540 3511 80 22 Gorton
1631 3515 50 24 (21),
1697 3515 66 26 Feary
1779 3517 49 25 (15),

1299 3544 42 19 and
1356 3544 86 25 Mayber
1459 3547 48 25 (10),
1525 3548 61 25 being
1596 3550 35 20 the
1647 3553 56 19 most
1713 3554 113 20 successful

1299 3579 102 23 batsmen.
1443 3582 85 27 Oxford,
1545 3584 23 20 m
1579 3585 54 22 their
1648 3589 76 20 second
1737 3589 91 26 innings,

1300 3622 51 14 were
1368 3623 49 19 very
1435 3619 84 26 quickly
1536 3621 97 26 disposed
1655 3625 23 20 of
1692 3625 33 20 for
1740 3626 33 24 34,
1793 3627 33 20 W.

1299 3654 59 24 Ryde
1367 3654 62 26 being
1438 3656 35 19 the
1483 3657 50 25 only
1542 3658 97 22 batsman
1650 3664 22 18 to
1680 3662 62 20 reach
1753 3663 74 21 double

1300 3690 80 25 figures.
1415 3692 51 20 This
1476 3693 37 20 left
1524 3695 56 20 View
1589 3697 43 20 Hill
1648 3699 51 20 with
1709 3700 44 20 4to
1762 3702 34 23 get
1805 3702 22 19 to

1299 3727 47 25 win,
1365 3729 67 20 which
1451 3730 49 26 they
1522 3731 36 21 did
1575 3733 51 22 with
1641 3736 35 21 the
1691 3737 43 21 loss
1752 3738 22 20 of
1788 3744 40 14 one

1915 196 76 20 wloket.
2021 197 29 20 To
2059 198 60 20 fill-in
2131 200 54 24 time,
2197 200 35 21 the
2239 201 55 20 View
2304 202 45 21 Hill
2359 204 81 26 captain

1915 231 82 21 decided
2007 235 21 17 to
2039 234 47 25 play
2097 235 34 21 the
2147 237 85 26 innings
2243 238 96 26 through,
2356 240 42 21 and
2409 242 31 19 the

1923 266 76 23 nnings
2015 269 68 20 closed
2097 273 32 18 for
2145 274 32 22 68,
2192 275 93 21 Plaskett
2304 277 50 24 (17),
2371 278 42 20 and
2422 279 18 21 J.

1915 299 91 21 Sheldon
2027 304 50 23 06),
2097 305 60 26 being
2180 310 35 18 the
2235 312 102 26 principal
2356 320 83 16 scorers.

1915 334 42 21 The
1964 336 107 25 following
2081 345 35 13 are
2130 341 34 19 the
2175 348 66 13 scores
2250 351 33 10 :—

2049 1403 161 30 MONSTER
2226 1410 77 26 EEL.

1936 1470 140 28 Wednesday,
2093 1476 53 22 Nov.
2164 1480 43 25 6th,
2225 1482 45 25 (the
2288 1485 45 22 fhst
2357 1489 23 20 of
2396 1495 39 17 onr

1911 1507 65 24 newly
1985 1508 109 23 instituted
2103 1512 137 31 half-holday)
2259 1519 60 28 being
2328 1523 38 21 hot
2383 1526 52 21 with

1909 1542 140 24 intermittent
2058 1552 63 16 warm
2130 1550 89 23 showers
2228 1554 18 20 it
2260 1559 95 21 occurred
2365 1561 22 20 to
2395 1568 39 15 oar

1910 1578 113 23 townsmen
2032 1582 76 23 Messrs
2117 1586 24 20 E.
2157 1587 25 21 B.
2192 1589 94 27 Allpress
2295 1594 42 21 and
2355 1597 78 27 George

1909 1613 70 27 Keats,
1988 1617 153 31 Senr.,-that.;m
2143 1630 11 14 a
2155 1626 18 19 tt
2174 1632 11 14 e
2185 1625 71 32 rs>r
2256 1635 11 14 c
2276 1632 115 25 propitious
2400 1636 34 21 for

1909 1651 35 20 the
1954 1654 86 23 anglers'
2048 1659 68 22 gentle
2125 1662 38 20 art.
2199 1663 79 27 Hence,
2294 1670 70 20 armed
2382 1672 50 21 with

1909 1688 36 20 the
1954 1695 107 22 necessary
2068 1693 138 31 implements,
2216 1700 51 26 bait,
2284 1704 37 24 &o,
2340 1707 92 24 together

1908 1724 51 21 with
1967 1726 30 20 all
2006 1728 70 26 things
2086 1737 107 23 necessary
2202 1737 32 20 for
2252 1738 36 21 the
2304 1742 67 21 solace
2388 1745 43 21 and

1908 1762 89 21 comfort
2006 1764 54 28 of>
2060 1772 11 14 e
2080 1767 61 22 inner
2148 1777 59 20 man,
2216 1774 245 29 the^betoak-ftenp-

1907 1797 64 20 selves
1981 1800 22 18 to
2020 1806 17 20 a.
2051 1804 57 20 creek
2127 1806 71 21 beteen
2217 1810 39 21 Mr.
2275 1810 49 24 Geo.
2342 1815 88 22 Booth's

1908 1835 88 20 sawmill
2013 1838 42 19 and
2072 1839 33 21 Mr
2122 1841 28 21 H.
2169 1843 118 28 Sharplins.
2322 1850 21 19 A
2361 1851 71 28 likely-

1907 1869 86 29 looking
2003 1873 50 27 deep
2061 1875 47 22 hole
2117 1884 42 15 was
2169 1880 82 26 chosen,
2261 1890 48 14 over
2322 1886 111 25 shadowed

1908 1912 28 14 on
1945 1914 40 14 one
1994 1910 43 21 side
2047 1911 27 26 by
2082 1919 13 14 a
2104 1914 70 28 clump
2183 1918 21 19 of
2213 1919 167 27 cabbage-palms
2388 1926 45 21 and

1909 1949 27 14 on
1947 1944 34 21 the
1990 1946 59 21 other
2060 1947 25 27 by
2094 1955 13 15 a
2117 1951 55 26 large
2180 1953 106 23 flax-bush
2295 1957 69 23 mixed
2381 1962 52 21 with

1909 1980 119 27 Koromiko,
2039 1985 42 20 and
2090 1992 27 15 an
2127 1989 81 21 eel-line
2218 1998 42 13 was
2279 1996 31 19 set
2328 1997 41 20 and
2388 1999 46 21 well

1908 2018 77 24 pegged
2001 2020 46 20 into
2065 2022 35 21 the
2116 2027 86 22 ground.
2238 2029 96 22 Another
2350 2034 82 22 eel-line

1908 2058 42 14 was
1959 2056 32 18 set
1999 2056 81 22 fnrther
2089 2065 28 20 up
2127 2061 34 20 the
2170 2063 76 21 stream
2256 2066 43 20 and
2317 2067 35 22 the
2369 2072 64 25 party

1908 2089 66 22 fished
1983 2092 49 21 with
2041 2094 48 20 rods
2098 2096 23 20 m
2138 2098 36 21 the
2191 2100 84 26 middle,
2294 2103 55 22 their
2364 2107 68 26 object

1909 2125 60 26 being
1988 2129 22 18 to
2034 2130 50 26 keep
2111 2139 28 14 an
2157 2140 36 19 eye
2211 2142 27 14 on
2256 2139 66 20 either
2340 2142 92 23 eel-line.

1908 2161 59 21 After
1993 2170 57 16 some
2067 2168 50 21 time
2135 2176 13 14 a
2166 2173 59 23 great
2242 2177 129 21 commotion
2388 2185 44 16 was

1910 2198 97 23 observed
2014 2201 23 21 m
2055 2203 36 21 the
2108 2206 169 26 neighbourhood
2296 2213 26 20 of-
2336 2215 36 21 the
2389 2217 44 21 flax

1908 2236 37 23 &o,
1955 2236 68 21 which
2031 2245 42 14 was
2081 2241 21 20 at
2107 2242 45 20 first
2159 2248 102 22 supposed
2267 2248 22 19 to
2296 2248 23 21 be
2324 2252 77 20 caused
2407 2253 28 25 by

1909 2276 12 14 a
1931 2273 61 19 small
2009 2274 41 26 dog
2067 2276 67 21 which
2152 2283 148 22 accompanied
2319 2285 36 20 the
2369 2290 64 23 party

1908 2306 61 29 being
1978 2310 98 26 probably
2083 2312 23 21 m
2116 2316 81 23 pursuit
2206 2318 22 19 of
2237 2323 13 14 a
2260 2319 67 21 Maori
2336 2321 47 26 hen,
2394 2323 37 22 but

1909 2349 28 14 on
1946 2346 120 26 examining
2073 2349 37 21 the
2119 2351 42 21 line
2169 2351 18 21 it
2197 2353 72 21 turned
2280 2357 37 19 out
2331 2358 47 21 that
2397 2360 36 21 the
2442 2368 4 5 •

1910 2380 45 20 bait
1972 2382 42 20 had
2032 2383 53 21 boen
2102 2386 62 21 taken
2181 2388 30 25 by
2228 2396 27 14 an
2273 2398 110 17 enormous
2402 2397 31 20 eel

1910 2417 68 21 which
1987 2419 200 26 afterSconsiderable
2197 2426 100 27 difficulty
2306 2435 41 15 was
2356 2431 77 22 landed

1911 2454 43 19 and
1962 2454 68 21 killed.
2065 2457 21 19 It
2103 2464 42 14 was
2162 2460 120 23 fasterward
2300 2465 90 26 weighed
2409 2470 23 19 at

1911 2488 33 20 Mr
1950 2488 23 21 A.
1981 2490 93 21 Anoall's
2084 2492 91 27 butcher,
2185 2495 57 23 West
2250 2498 84 27 Oxford,
2343 2502 60 21 when
2412 2504 18 21 it

1911 2525 68 22 soaled
1993 2526 35 22 the
2037 2534 110 17 enormous
2166 2532 74 27 weight
2258 2536 23 19 of
2299 2537 58 27 20£lb
2400 2540 32 21 Its

1910 2563 71 25 length
1990 2564 19 20 is
2018 2565 31 21 sft
2058 2566 36 20 Bin
2103 2568 42 21 and
2153 2569 28 20 its
2190 2570 56 25 girth
2256 2573 31 20 lft
2296 2573 48 22 3hv
2364 2576 33 21 Mr
2413 2579 21 21 J.

1911 2600 60 24 Pegg,
1981 2601 118 26 naturalist,
2108 2603 20 21 is
2138 2610 46 16 now
2192 2609 91 24 engaged
2292 2610 23 19 m
2325 2611 36 21 the
2378 2614 56 20 work

1912 2636 22 20 of
1942 2638 86 24 stuffing
2037 2639 43 20 and
2096 2643 112 25 mounting
2228 2645 23 24 it,
2261 2646 53 21 after
2332 2649 68 21 wnioh
2416 2650 18 22 it

1912 2674 42 19 will
1963 2674 24 21 be
1996 2675 72 25 placed
2076 2676 23 21 m
2108 2685 13 13 a
2131 2679 111 25 glass-case
2252 2683 42 21 and
2302 2685 24 20 be
2340 2692 27 14 on
2385 2687 50 21 view

1914 2711 22 19 at
1945 2711 35 19 the
1989 2711 159 24 establishment
2164 2716 21 20 of
2194 2716 27 22 its
2235 2720 77 25 captor,
2321 2721 33 21 Mr
2366 2723 26 20 E.
2408 2723 27 23 B.

1912 2746 99 26 Allpress,
2021 2749 94 25 chemist,
2127 2752 22 20 of
2159 2753 42 20 this
2211 2755 60 19 town.

1971 2834 121 27 LADY'S
2119 2838 136 27 LETTER
2284 2842 94 27 PROM

2098 2870 153 25 RANGIORA.

1938 2927 63 20 ]>bar
2024 2927 102 25 Sissie,—
2126 2930 29 20 As
2176 2937 42 19 you
2241 2934 60 20 ooald
2319 2936 39 21 not
2381 2942 58 17 oome

1913 2958 60 20 down
1990 2959 21 19 to
2021 2965 39 14 our
2075 2960 63 21 Show
2154 2962 43 21 this
2214 2970 54 19 year,
2284 2965 12 20 I
2311 2967 42 20 will
2368 2969 34 25 try
2417 2970 23 21 to

1913 2990 52 20 Bend
1973 2996 41 18 you
2027 2997 12 13 a
2048 2991 55 21 little
2112 2998 55 15 news
2176 2994 65 22 about
2249 2996 23 21 it.
2312 2998 77 22 Auntie
2398 3001 43 21 and

1912 3021 13 20 I
1933 3022 55 19 went
1997 3021 23 20 m
2030 3022 56 25 quite
2096 3024 63 24 early,
2169 3026 49 24 ana,
2235 3034 24 13 as
2268 3034 30 14 we
2308 3029 46 21 had
2362 3037 13 14 a
2383 3033 58 20 oata-

1913 3053 67 24 logue,
1996 3058 29 14 we
2041 3059 51 14 were
2108 3055 46 20 able
2169 3057 23 19 to
2208 3063 33 15 see
2244 3062 5 6 1
2257 3059 46 21 who
2312 3066 42 15 was
2363 3062 36 21 the
2408 3069 33 15 ex-

1914 3083 79 20 hibitor
1999 3083 21 20 of
2026 3084 103 27 anything
2137 3093 29 14 we
2173 3088 100 23 admired.
2299 3092 46 21 The
2351 3094 92 22 Produce

1915 3116 45 19 tent
1973 3120 42 15 was
2032 3121 48 20 very
2095 3117 51 21 bare
2162 3120 43 20 this
2220 3127 79 19 year—
2298 3123 12 19 l
2328 3129 60 17 never
2399 3132 43 15 saw

1915 3146 51 19 suoh
1981 3151 13 14 a
2009 3151 51 19 poor
2077 3147 82 27 display
2167 3156 6 17 ;
2195 3152 51 23 only
2260 3153 48 20 four
2326 3156 77 20 entries
2421 3158 22 20 of

1915 3175 63 20 bread
1987 3175 32 20 for
2028 3176 35 19 Mr
2072 3177 131 27 Chapman's
2212 3182 65 26 prize,
2288 3185 43 21 and
2339 3186 11 20 I
2360 3187 77 23 believe

1915 3207 72 24 really,
2006 3207 47 21 that
2070 3210 51 25 only
2140 3217 39 14 one
2197 3214 44 19 loaf
2257 3221 43 15 was
2318 3217 36 21 the
2369 3225 74 21 proper

1915 3238 75 24 weight
2010 3238 68 26 (41bs),
2097 3247 58 14 some
2169 3243 62 26 being
2247 3252 63 17 more,
2327 3249 43 21 and
2385 3257 58 16 some

1914 3269 46 19 less.
2001 3269 45 20 The
2055 3270 78 24 cheese,
2143 3274 42 24 too,
2195 3280 42 15 was
2245 3279 38 19 not
2292 3279 53 24 good
2361 3287 28 14 no
2397 3282 46 22 first

1915 3300 57 25 prize
1981 3299 61 26 being
2052 3303 102 22 awarded.
2194 3306 44 21 The
2248 3309 59 25 plain
2324 3311 68 23 butter
2401 3320 42 15 was

1915 3332 143 21 excellent-it
2076 3334 74 22 looked
2172 3338 42 20 and
2237 3341 68 21 taated
2328 3344 114 23 nice-and

1916 3363 58 19 there
1984 3369 41 13 was
2035 3370 47 19 very
2091 3366 56 21 little
2155 3368 109 23 difference
2273 3372 90 23 between
2373 3383 41 18 any
2422 3378 21 20 of

1915 3394 37 20 the
1960 3395 98 21 exhibits.
2087 3396 44 23 The
2140 3400 62 26 fancy
2218 3402 70 23 butter
2296 3407 61 21 made
2364 3408 79 22 Auntie

1915 3426 76 26 laugh;
2014 3427 37 21 she
2061 3435 48 19 says
2119 3431 36 21 the
2169 3433 97 23 Yankees
2275 3438 61 21 could
2345 3440 59 20 teach
2418 3447 25 14 us

1916 3458 107 20 Colonials
2042 3466 12 14 a
2073 3461 30 21 lot
2121 3462 22 21 m
2162 3464 37 21 the
2216 3473 46 19 way
2279 3469 22 19 of
2314 3470 85 20 makin*
2414 3478 28 18 up

1916 3489 63 25 fancy
1989 3491 74 20 bulter.
2295 3499 36 21 she
2340 3501 51 24 said,
2401 3503 12 10 '•
2420 3503 21 19 to

1915 3519 92 27 imagine
2018 3522 47 21 that
2075 3530 82 21 anyone
2166 3530 68 20 would
2242 3532 54 19 want
2306 3532 21 19 to
2333 3534 108 20 ornament

1916 3558 14 13 a
1940 3552 55 20 table
2004 3553 51 21 with
2072 3556 69 21 butter
2150 3561 77 23 spread
2235 3567 48 14 over
2294 3567 13 14 a
2317 3562 46 20 dish
2378 3563 63 21 about

1972 3583 41 22 feet
2159 3590 45 21 The
2218 3592 49 24 only
2282 3592 79 21 exhibit
2374 3594 67 20 which

1916 3621 30 14 we
1962 3616 23 20 at
2004 3617 28 20 all
2051 3622 104 23 approved
2164 3624 22 18 of
2200 3623 34 20 did
2244 3624 36 19 not
2289 3623 48 25 gain
2351 3630 13 14 a
2377 3625 62 25 prize.

1917 3647 66 20 There
1995 3654 52 15 were
2060 3650 38 21 but
2114 3653 58 21 three
2190 3654 75 21 entries
2278 3654 33 20 for
2328 3654 34 21 the
2379 3656 62 21 silver

1917 3685 46 19 cup,
1975 3680 42 20 and
2027 3687 29 14 we
2067 3684 120 21 considered
2203 3685 47 20 that
2259 3692 13 13 a
2280 3685 48 25 lady
2336 3686 53 20 from
2405 3687 35 21 the

1919 3710 51 21 Oust
1980 3711 76 22 should
2064 3714 53 21 have
2127 3722 44 14 won
2180 3717 24 24 it,
2214 3723 23 13 as
2247 3716 48 20 both
2304 3716 22 20 m
2336 3718 54 19 taste
2398 3718 42 21 and

1917 3748 131 21 appearance
2061 3746 37 20 her
2114 3747 78 22 exhibit
2206 3753 40 16 was
2262 3748 92 25 superior
2368 3749 22 21 to
2404 3749 35 21 the

2449 43 24 41 1

649 65 135 24 OXFORD
818 65 68 24 AND
920 66 85 26 CUST
1040 69 186 30 OBSERVER,
1264 72 187 29 SATURDAY,
1485 77 188 26 NOVEMBER
1708 82 23 25 9,
1755 80 73 25 .1889

2113 379 59 25 Vjpw
2188 379 61 21 Hill.

1966 405 32 20 Ist
2007 406 96 26 Innings.
2241 411 41 21 2nd
2291 413 95 26 Innings.

1912 435 20 20 R
1941 436 105 24 .Sheldon,
2062 438 48 22 bG.
2124 440 58 25 Ryde
2208 442 13 19 0
2248 445 37 18 not
2298 446 37 19 out
2378 462 22 5 ...
2427 449 12 19 0

1913 466 91 26 Mayber,
2023 474 10 14 c
2046 470 136 23 Pritchard...
2198 474 25 19 10
2248 480 41 14 run
2298 478 37 18 out
2377 493 22 6 ...
2427 480 12 20 0

1912 498 55 24 Pole,
1977 505 11 14 o
2000 500 40 20 Dee
2206 506 14 20 0
2247 506 46 21 bG.
2303 508 57 26 Ryde
2376 526 23 5 ...
2428 513 10 18 1

1913 529 63 24 Giles,
1994 531 53 20 bW.
2058 533 57 24 Ryde
2157 550 22 6 ...
2206 538 14 19 0
2246 539 45 20 eG.
2301 540 58 25 Ryde
2375 557 23 5 ...
2426 543 13 21 3

1913 561 81 24 Saulez,
2006 563 55 22 bW.
2072 565 55 24 Ryde
2156 581 22 7 ...
2206 569 14 19 4
2245 569 13 20 b
2268 571 71 21 M'Kee
2375 588 23 6 ...
2425 576 14 19 4

1911 592 20 20 J.
1942 593 98 25 Sheldon,
2059 595 47 21 bG.
2119 597 59 26 Eyde
2204 601 13 19 0
2244 601 46 22 bG.
2300 603 57 25 Eyde
2412 607 25 20 16

1911 623 71 26 Peary,
1993 625 48 20 bG.
2052 627 58 24 Eyde
2152 644 22 5 ...
2189 632 25 18 J5
2241 639 40 13 run
2294 636 38 18 out
2373 621 22 36 .'.
2424 639 13 18 8

1911 653 87 24 Gorton,
2014 657 20 18 st
2049 656 75 23 Brown
2153 675 23 6 ...
2190 661 25 20 21
2243 663 48 21 bG.
2300 665 58 25 Eyde
2424 670 13 19 7

1911 684 69 25 Luers,
1990 688 37 18 not
2037 689 36 19 out
2150 707 23 5 ...
2202 693 10 19 l
2240 694 48 21 bG.
2298 696 57 25 Ryde
2371 714 22 5 ...
2421 700 13 19 8

1912 714 97 26 Plaskett,
2020 720 20 18 st
2049 719 75 21 Brown
2150 736 23 5 ...
2200 724 14 19 0
2240 724 13 19 b
2263 726 26 20 W
2303 728 58 24 Eyde
2410 731 25 21 17

1911 745 53 25 Day,
1975 752 39 14 run
2025 747 36 21 out
2200 754 14 20 2
2240 755 43 22 bq.
2298 758 57 25 Ryde
2371 745 22 5 "'
2421 762 14 20 Q

1961 777 76 22 Extras
2200 785 14 14 «
2428 794 6 5 .

2013 840 62 21 Total
2148 860 23 6 ...
2185 847 27 20 59
2293 865 22 6 _
2372 868 22 6 _
2408 835 28 5 ~

2124 881 93 22 OXFOBD.

1963 905 32 21 Ist
2004 907 95 26 Innings.
2236 915 43 21 2nd
2287 917 94 26 Innings.

1911 935 78 24 Brown,
2000 938 12 18 b
2023 938 56 21 Giles
2152 956 23 7 ...
2189 944 40 18 i
2229 944 40 18 2
2241 952 12 13 c
2262 947 81 22 Gorton
2372 965 23 6 ...
2423 953 13 19 6

1911 965 77 25 M'Kee,
2002 974 11 13 o
2021 969 65 20 Luers
2151 987 22 7 ...
2202 975 11 20 i
2240 982 39 15 run
2289 980 37 19 oat
2423 984 13 19 4

1911 996 23 20 G.
1945 997 62 25 Ryde,
2021 999 14 19 b
2045 1000 79 22 Gorton
2153 1019 23 6 ...
2204 1006 53 21 Ob
2268 1008 79 23 Gorton
2423 1015 12 19 1

1911 1027 32 21 W.
1953 1028 64 25 Ryde,
2025 1030 12 19 b
2047 1032 57 21 Giles
2153 1050 23 6 ...
2202 1038 14 19 4
2242 1046 11 12 c
2263 1039 76 22 Saulez
2373 1028 22 36 //
2411 1045 25 20 v

1911 1058 77 25 Bluett,
2000 1061 12 19 b
2022 1062 57 20 Giles
2152 1081 22 6 ...
2202 1069 14 19 4
2242 1075 11 14 c
2262 1071 81 22 Gorfcoa

1911 1089 81 26 Dalley,
2006 1092 12 19 b
2029 1093 57 20 Giles
2153 1112 23 6 ...
2203 1099 14 20 0
2243 1100 13 19 b
2265 1102 57 20 Giles
2422 1107 15 21 2

1911 1120 49 24 Dee,
1972 1121 12 20 b
1993 1122 80 21 Gorton
2203 1130 14 20 2
2243 1131 13 21 b
2265 1133 57 21 Qilea

1911 1152 108 26 Dempsey,
2029 1155 13 18 b
2052 1155 79 22 Gorton
2153 1174 23 6 ...
2204 1162 14 19 0
2243 1162 13 20 b
2266 1164 56 21 Giles
2373 1152 22 6 "'"
2423 1171 14 14 n

1911 1182 111 27 Harbidge,
2035 1185 12 19 b
2058 1186 80 23 Gorton
2153 1204 23 6 ...
2203 1192 14 19 0
2242 1197 38 18 not
2289 1197 37 19 out
2372 1183 23 6 '"
2423 1202 14 20 4

1911 1213 85 26 Reston,
2006 1217 37 19 not
2052 1218 37 19 out
2153 1232 19 9 ...
2202 1223 61 22 ost
2271 1227 74 22 Saulez
2373 1215 23 38 '.'.[
2423 1234 14 19 0

1912 1244 114 26 Pritchard.
2038 1247 13 20 b
2068 1249 56 21 Giles
2153 1267 22 6 ...
2202 1255 14 20 0
2242 1256 13 20 b
2265 1258 57 21 Giles
2422 1265 14 14 n

1962 1276 77 21 Extras
2075 1295 23 5 ...
2204 1286 12 10 k
2371 1277 24 6 '"
2423 1295 13 4 _

2153 1298 23 5 —
2203 1289 13 16 D
2294 1304 23 6 —
2371 1307 23 7 ...
2422 1295 14 21 3

2014 1334 61 22 Total
2154 1355 22 6 ...
2409 1336 27 5 -
