2500 3840
61 180 69 19 others
165 178 43 20 but,
226 182 23 14 as
263 174 76 20 Auntie
351 172 103 24 observed,
472 171 56 19 what
545 174 39 15 can

60 215 48 13 men
125 209 58 17 know
194 207 63 19 about
274 205 34 19 the
318 204 85 22 making
421 201 164 25 ui>otbuiler—

61 239 35 18 the
114 238 123 19 Committee
255 233 75 21 should
350 239 17 13 ci
377 232 77 20 d;avor
472 233 22 19 to
513 231 73 20 obtain

60 267 100 26 practical
189 267 138 25 dairywomen
354 271 23 14 as
406 264 78 26 judges.
526 263 62 20 Some

60 299 67 24 lovely
143 299 48 22 flax,
207 304 48 14 over
271 300 35 17 ten
376 297 21 19 3o
406 303 18 17 ig
439 296 24 19 m
472 295 36 21 the
520 293 66 25 blade,

61 336 43 13 was
121 330 90 24 brought
228 330 54 19 from
301 328 36 20 the
352 327 78 25 Ashley
445 328 67 23 Gorge
520 333 5 17 ;
546 324 42 21 and

61 362 37 20 the
107 362 82 20 dressed
198 362 42 19 flax
249 361 48 20 sent
311 358 77 21 Atfntie
396 358 46 21 into
451 360 94 23 raptmes
546 367 24 3 —
573 356 16 19 it

63 399 43 14 was
115 400 23 13 so
147 394 41 19 fine
197 393 42 20 and
248 391 59 24 silky.
334 391 19 19 A
362 391 31 19 set
403 391 21 18 of
433 390 86 20 harness
529 387 60 20 made

64 425 28 25 by
110 425 33 19 Mr
160 425 50 22 Sail,
234 423 86 22 saddler,
343 427 41 14 was
407 420 63 20 much
491 417 98 24 edmired,

65 455 75 26 during
150 455 35 21 the
195 455 45 25 day.
281 453 42 19 Mrs
334 452 50 24 Sail,
400 452 11 19 I
421 451 74 20 believe
510 454 41 15 was
562 453 27 14 an

66 487 77 19 Oxford
151 487 55 24 lady,
217 492 23 14 so
249 484 88 27 perhaps
346 489 42 19 you
397 483 59 19 know
465 481 45 19 her.
546 479 44 19 The

66 518 61 19 hams
137 518 41 19 and
188 519 64 18 bacon
263 514 59 21 made
338 521 33 12 me
380 514 39 19 feel
428 513 57 24 quite
493 513 82 21 hungry
584 516 5 16 ;

66 549 49 24 they
133 554 51 14 were
202 548 36 20 the
261 547 43 18 best
327 545 90 20 exhibits
439 543 22 19 m
485 542 35 19 the
539 540 49 20 tent.

66 580 77 20 Auntie
151 586 42 13 was
203 585 23 13 so
239 576 103 25 delighted
351 575 49 19 with
417 574 35 20 the
461 572 61 21 Band
530 579 5 17 ;
555 570 35 20 the

68 610 108 21 selections
192 610 55 19 from
263 607 104 20 Maritana
384 610 52 15 were
450 603 74 26 played
539 600 51 21 with

67 643 55 19 taste
131 642 42 20 and
182 642 65 21 effect,
263 638 42 21 and
313 643 59 18 every
381 637 45 19 seat
435 641 41 14 was
492 631 98 26 occupied

67 673 51 19 with
133 673 95 19 listeners
243 671 35 19 the
288 669 65 18 whole
367 668 117 19 afternoon.
523 663 67 19 When

68 709 29 14 we
106 709 51 13 were
173 702 83 23 looking
266 700 22 20 at
298 699 35 19 the
343 699 57 19 clean
414 697 30 19 fat
454 695 51 26 pigs,
515 692 76 21 Auntie

67 733 107 20 remarked
188 733 47 20 that
252 739 12 13 a
280 729 53 25 good
349 728 83 23 coating
447 727 22 19 of
484 727 32 18 fat
531 725 22 19 to
564 728 27 14 an

68 764 78 20 animal
155 769 43 13 was
206 763 41 19 like
260 761 71 25 plenty
341 760 21 19 of
371 764 75 19 mouey
456 758 22 19 to
487 763 12 13 a
515 760 77 15 man-

68 795 17 20 it
94 794 58 20 hides
162 800 12 14 a
184 791 110 22 multitude
305 792 21 18 of
335 790 71 20 faults.
438 788 72 25 Queer,
518 784 73 21 wasn't

68 826 24 24 it,
103 826 39 22 Sis,
152 825 41 20 and
202 824 17 20 it
230 822 59 21 made
297 827 33 14 me
339 821 52 19 wish
400 819 71 20 that—
473 823 42 18 you
531 817 60 18 know

68 857 70 20 who—
139 857 42 19 had
191 862 56 14 more
253 859 81 19 money,
345 858 50 19 poor
404 851 74 22 fellow,
486 849 33 19 for
527 846 65 24 really

68 889 22 19 at
99 888 82 25 present
190 891 93 15 mamma
291 885 62 19 won't
362 888 33 14 see
404 880 102 26 anything
515 880 22 18 m
547 877 44 20 him

68 920 39 19 but
115 920 72 19 faults.
228 916 51 21 This
289 915 18 19 is
317 921 27 13 an
355 913 62 21 awful
432 913 50 22 long
491 911 68 21 letter,
569 913 23 14 so

69 950 100 25 good-bye
177 956 53 17 now,
242 948 53 20 dear.

224 979 56 20 Tour
287 976 70 24 loving
366 975 71 23 Sister,

494 1008 72 20 Doris.

94 1053 72 20 P.S.—
165 1051 76 24 Nearly
250 1054 60 19 every
318 1045 136 22 well-dressed
469 1044 39 25 girl
517 1048 53 15 wore
579 1048 13 13 a

68 1084 62 20 white
139 1090 23 13 or
171 1088 68 14 cream
249 1081 64 21 dress,
322 1078 43 21 and
373 1078 55 19 most
442 1076 22 19 of
478 1075 35 20 the
529 1073 62 21 skirts

68 1121 51 14 were
125 1115 100 25 perfectly
235 1112 62 26 plain.
333 1110 44 19 The
386 1114 44 14 new
438 1107 96 20 Princess
543 1104 48 20 robe

68 1146 64 26 Bhape
141 1146 18 19 is
169 1151 47 18 very
225 1144 87 25 popular
318 1149 6 18 ;
344 1141 12 19 I
364 1139 83 21 noticed
462 1143 39 15 one
513 1135 79 21 beauti-

66 1178 55 24 fully
130 1177 60 20 made
199 1177 22 19 m
232 1182 12 14 a
254 1179 43 16 new
306 1172 64 21 shade
379 1171 22 20 of
409 1175 68 20 green.

68 1243 521 46 CORRESPONDENCE.

239 1331 86 21 STATE
339 1329 82 20 BANK.

142 1388 27 19 To
179 1387 33 19 the
221 1386 75 19 Editor
305 1383 24 24 of
343 1384 5 9 '
356 1382 42 19 The
406 1378 109 22 Observer.'

94 1425 14 21 g
109 1431 28 16 IUi
139 1423 59 19 _Mr
284 1420 39 19 has
330 1420 37 19 riot
374 1417 45 20 told
427 1421 24 14 us
460 1416 56 19 what
525 1419 30 15 we
563 1416 26 17 all

68 1455 82 22 wanted
164 1456 22 18 to
202 1454 67 21 know,
284 1451 41 20 viz.
340 1449 56 20 what
405 1448 19 19 is
433 1453 12 14 a
454 1446 58 21 State
524 1444 65 24 Bank,

68 1487 43 20 and
127 1487 54 18 what
196 1490 35 15 are
245 1485 28 18 its
287 1480 120 21 functions?
447 1479 21 18 If
483 1477 36 19 the
534 1476 55 20 State

68 1519 62 19 Bank
156 1517 58 19 notes
241 1519 34 16 are
282 1521 11 12 ■.-•
302 1510 115 26 negotiable
440 1509 49 24 only
511 1508 23 19 m
557 1506 32 20 the

69 1550 86 24 Colony,
165 1548 56 23 then,
231 1541 199 28 asfttsays^'l'm
440 1540 47 25 agin
550 1538 39 19 But

68 1582 17 19 if
92 1588 12 13 a
115 1580 131 21 State-Bank
253 1579 18 19 is
282 1575 90 24 actually
387 1580 13 13 a
418 1573 57 19 State
489 1575 100 20 co-opera-

68 1613 41 20 tive
118 1608 75 26 Bank,-
200 1610 51 20 with
259 1606 82 23 mutual
357 1605 78 26 profits,
445 1602 101 25 throwing
555 1601 34 20 out

66 1642 134 22 branche&to
206 1639 131 22 ■commercial
349 1637 86 21 centres,
445 1634 42 20 and
496 1633 93 20 conduct-

66 1675 37 25 ing
118 1672 28 21 its
150 1663 102 30 'tusiness
268 1675 28 14 on
305 1669 36 20 the
356 1674 57 14 same
422 1666 56 20 basis
493 1670 23 14 as
532 1663 57 21 other

66 1704 78 24 Banks,
154 1704 50 20 then
212 1703 40 19 I'm
261 1701 33 21 for
302 1701 23 19 it.
366 1698 57 20 Such
431 1703 13 14 a
454 1696 60 20 Bank
523 1693 66 22 would

34 1738 123 23 —outstep
167 1735 28 20 all
205 1731 139 27 competitors,
355 1729 48 23 and,
412 1729 23 19 m
445 1728 56 22 time,
508 1726 81 20 become

67 1773 40 14 one
115 1767 22 20 of
145 1766 36 20 the
189 1766 56 19 most
254 1762 97 27 powerful
367 1759 83 21 monied
459 1757 130 21 institutions

68 1798 24 20 m
102 1797 36 20 the
145 1797 70 19 world.
255 1794 55 20 lam
320 1792 57 24 quite
389 1790 84 19 content
480 1788 48 20 that
536 1787 53 20 Lon-

69 1830 40 19 don
117 1827 75 21 should
200 1827 26 19 be
232 1826 35 20 the
277 1823 81 20 nearest
364 1827 76 18 money
447 1821 68 19 centre
524 1820 22 19 to
555 1817 34 20 the

68 1858 69 21 North
149 1858 56 23 Pole,
214 1858 37 19 but
259 1855 12 21 I
280 1853 62 21 think
355 1858 29 14 we
393 1851 65 25 ought
468 1852 22 18 to
499 1849 60 25 begin
569 1850 20 18 to

69 1891 42 24 pile
125 1895 28 19 up
166 1895 13 13 a
193 1888 31 19 bit
237 1888 23 19 m
275 1886 35 19 the
323 1882 68 22 South
404 1882 69 20 before
490 1881 35 19 the
539 1881 50 22 huge

68 1921 53 25 piles
136 1920 23 19 m
174 1919 88 20 London
276 1916 82 24 destroy
374 1914 36 19 the
426 1912 79 20 world's
519 1910 70 26 equili-

68 1951 74 20 brium.

261 1978 74 23 Yours,
355 1976 42 24 &0.,

466 2006 101 17 Pkcunia.

247 2082 169 24 LATEST

71 2122 208 49 NEWS
348 2116 240 47 ITEMS.

263 2209 126 21 English.

94 2252 82 19 Fifteen
191 2248 106 22 thousand
310 2247 90 21 laborers
416 2247 22 20 at
454 2247 36 19 the
505 2247 83 21 Tilbury

68 2284 68 19 Docks
153 2282 53 20 have
224 2280 70 21 struck
310 2280 86 19 because
411 2279 99 26 payment
525 2278 19 18 is
561 2282 27 14 re-

67 2313 60 21 fused
135 2313 74 25 during
216 2310 54 22 meal
279 2310 69 20 times.

95 2349 44 20 The
148 2349 85 20 strikers
242 2349 22 18 at
276 2346 35 19 the
320 2345 89 20 London
417 2345 70 20 Docks
496 2343 92 21 threaten

68 2382 22 19 to
97 2386 26 19 go
132 2382 37 18 out
177 2379 62 26 again
247 2384 26 14 on
281 2378 49 20 16th
340 2376 112 20 November
460 2376 70 19 unless
537 2374 51 20 their

68 2411 90 20 demand
167 2411 21 19 of
197 2411 34 18 ten
241 2409 70 19 hours'
325 2408 55 19 work
396 2413 13 13 a
416 2407 40 24 day
470 2407 19 18 is
505 2404 83 21 acceded

65 2445 29 16 to.

94 2477 32 19 Mr
135 2476 125 24 Bi-iiiilaugh,
280 2474 43 19 who
332 2473 40 20 has
388 2475 50 17 been
508 2470 80 25 erously

65 2508 25 19 ill
98 2508 33 19 for
140 2513 56 14 some
206 2507 58 22 time,
271 2506 18 19 is
297 2511 45 14 now
351 2504 107 26 mending.

92 2544 44 19 The
151 2543 52 20 Earl
219 2543 21 20 of
252 2541 113 21 Falmouth
381 2541 19 19 is
415 2540 95 25 reported
525 2539 23 20 to
564 2536 24 21 be

65 2577 70 26 dying.

92 2613 71 20 Slavin
171 2613 40 19 has
227 2611 119 24 challenged
355 2611 56 19 John
421 2611 24 19 L.
461 2609 96 21 Sullivan
565 2609 23 19 to

64 2645 53 25 fight
127 2646 21 18 to
159 2651 12 12 a
181 2644 69 22 finish,
261 2644 36 18 but
306 2642 36 19 the
351 2642 61 19 latter
419 2642 77 19 refuses
506 2642 22 19 to
535 2640 53 19 meet

64 2675 51 20 him.
155 2675 71 19 Slavin
235 2674 106 20 threatens
355 2675 21 18 to
391 2673 61 20 claim
468 2672 35 20 the
518 2671 70 20 cham-

64 2705 106 27 pionship.

89 2741 44 21 The
141 2741 88 20 London
239 2743 4 9 '
250 2739 63 25 Daily
322 2739 73 20 Newd'
405 2739 104 20 considers
517 2738 33 21 Sir
559 2736 28 22 H.

62 2774 77 19 Parkes
148 2773 113 19 federation
272 2771 106 26 proposals
388 2776 23 14 as
421 2776 47 19 very
477 2769 109 26 plausible.

88 2811 19 19 A
124 2810 50 19 New
192 2809 67 21 South
279 2808 69 19 Wales
365 2807 91 20 resident
475 2806 40 20 has
532 2811 56 14 com-

62 2841 86 20 menced
156 2847 14 14 a
179 2841 81 20 lawsuit
270 2842 20 17 to
299 2839 82 20 enforce
394 2839 34 19 his
438 2838 73 20 claims
521 2839 22 19 to
552 2837 36 20 the

62 2873 111 21 Caithness
183 2878 91 19 peerage,
287 2870 35 20 the
331 2870 118 21 succession
459 2870 22 19 to
490 2868 68 21 which
567 2868 20 20 is

62 2905 21 19 m
93 2904 88 25 dispute.

87 2940 44 20 The
143 2939 62 21 Bank
214 2939 21 20 of
243 2937 99 25 England
350 2937 39 21 has
398 2937 87 21 decided
494 2938 22 19 to
531 2936 57 21 issue

62 2971 26 20 £1
98 2974 65 17 notes.

87 3008 21 20 A
129 3007 70 26 carpet
218 3007 80 24 factory
320 3006 23 20 m
365 3006 96 24 Glasgow
483 3004 105 27 collapsed

62 3039 74 24 during
146 3045 12 13 a
167 3039 46 24 gale
222 3039 73 23 killing
304 3037 56 25 forty
369 3037 57 24 girls,
435 3037 43 20 and
487 3037 101 24 seriously

62 3070 110 21 wounding
181 3069 94 22 eighteen
283 3068 79 20 others.

261 3120 130 16 FOREIGN.

89 3158 44 21 The
142 3158 108 20 Salvation
262 3158 65 23 Army
340 3157 53 19 have
407 3157 50 19 been
473 3155 117 27 prohibited

63 3190 55 21 from
128 3190 86 25 holding
222 3190 101 24 meetings
337 3191 23 18 at
369 3189 90 20 Geneva.

91 3227 44 20 The
150 3227 74 20 Prince
242 3227 22 20 of
283 3226 70 20 Wales
376 3226 18 19 is
412 3232 28 14 on
461 3232 13 14 a
496 3225 49 20 visit
568 3224 22 20 to

62 3259 76 25 Egypt.
490 3255 14 25 \

90 3295 45 19 The
144 3293 141 21 Government
296 3293 21 19 of
326 3293 86 20 Canada
428 3293 52 20 have
494 3292 97 21 removed

64 3326 37 21 the
109 3326 77 26 import
202 3326 50 25 duty
266 3331 27 13 on
304 3326 51 19 wool
372 3325 49 20 with
432 3332 12 13 a
460 3325 50 20 view
520 3325 21 20 of
556 3331 35 13 en-

65 3357 112 24 couraging
186 3357 35 20 the
231 3357 251 19 Australian-Vancouver
492 3357 64 19 trade.

92 3394 45 20 The
146 3394 101 25 Emperor
257 3393 21 20 of
288 3393 111 25 Germany,
409 3394 76 24 during
495 3400 13 13 a
517 3394 74 25 speech

66 3427 23 20 at
104 3425 87 23 Athens,
209 3425 51 24 said,
282 3426 11 9 ••
304 3425 36 19 We
349 3431 70 19 young
433 3427 63 18 naval
506 3425 85 21 nations

66 3458 59 19 must
139 3462 59 13 come
207 3458 22 17 to
244 3456 99 23 England
356 3458 43 18 and
414 3458 58 19 loam
487 3458 54 19 from
556 3458 35 19 the

65 3489 46 21 first
121 3493 53 19 navy
184 3488 23 18 m
217 3487 35 20 the

92 3528 19 19 A
120 3525 111 23 European
242 3523 42 20 and
298 3523 57 20 three
365 3524 87 24 natives,
466 3532 50 13 crew
526 3526 22 19 of
557 3526 34 20 the

66 3557 96 24 coasting
172 3555 64 20 vessel
247 3554 123 25 Enterprise,
385 3555 53 20 have
447 3556 50 20 been

67 3590 42 20 and
127 3591 61 17 eaten
207 3587 28 25 Ly
250 3587 36 19 the
304 3587 80 19 natives
402 3590 22 16 at
441 3587 35 20 the
496 3589 95 20 Solomon

42 3632 5 2 -
67 3620 79 22 Island.

94 3656 126 27 Phylloxera
229 3655 39 19 has
278 3653 101 25 appeared
384 3654 23 20 m
416 3655 109 26 Hungary,
533 3656 58 26 doing

68 3698 13 14 a
90 3688 162 27 great^amount
266 3684 22 20 of
297 3684 86 24 damage
400 3688 21 17 to
431 3686 33 20 ihe
480 3688 111 25 vineyards,

66 3722 43 23 and
118 3721 17 21 it
144 3720 19 20 is
171 3717 112 30 Spreading
292 3722 47 20 very
348 3716 86 26 rapidly.

702 169 116 25 O'Connor,
827 170 36 19 the
877 171 110 20 American
998 172 79 23 sculler,
1087 172 40 19 has
1145 171 56 20 chal-

674 201 72 24 lenged
757 202 122 24 StaiKsbury,
895 203 22 19 of
932 203 49 20 New
997 203 66 20 South
1078 203 69 20 Wales
1157 204 22 18 to
1189 208 12 14 a

675 232 72 19 match
757 233 32 18 for
798 233 55 18 £500
863 239 11 12 a
884 233 48 18 side.

849 291 175 19 AUSTRALIAN.

702 326 19 21 A
729 327 101 20 Brisbane
838 328 89 23 convict,
942 328 46 19 who
1004 327 48 20 shot
1068 333 12 14 a
1096 326 106 21 constable

676 358 52 19 dead
737 358 69 19 whist
821 358 35 19 the
865 359 61 20 latter
937 365 41 13 was
987 359 126 24 attempting
1124 360 21 17 to
1155 364 46 18 cap-

677 390 45 18 ture
731 389 51 23 him,
795 389 82 20 refused
886 391 22 17 to
923 389 108 21 surrender
1048 391 21 18 to
1084 389 35 20 the
1129 389 73 25 police,

677 420 42 18 and
726 426 41 12 was
777 420 48 18 shot
835 420 57 18 dead.

704 457 18 19 A
740 455 55 20 clerk
811 455 22 21 m
854 456 34 20 the
903 456 62 20 Bank
982 456 22 19 of
1018 456 48 20 New
1081 455 91 21 Zealand
1181 456 22 19 at

677 487 121 19 Melbourne
812 487 40 20 has
865 487 51 19 been
926 487 91 20 arrested
1032 487 33 19 for
1074 486 129 25 embezzling

678 519 94 18 £2U.C00.
809 518 81 24 Mining
899 518 55 24 scrip
964 518 141 24 representing
1115 518 88 21 £10,000

677 548 39 20 has
724 548 50 20 been
784 548 116 20 discovered
910 549 26 23 by
944 548 35 20 the
988 548 71 24 police.
1070 568 3 3 .

703 584 18 19 A
743 584 75 19 timber
836 584 80 24 factory
934 584 22 19 m
975 584 102 19 Brisbane
1095 584 39 19 has
1152 583 51 20 been

678 614 107 25 destroyed
795 616 24 24 by
829 615 42 19 fire.
912 615 45 19 The
966 614 86 26 damage
1068 615 19 19 is
1094 614 109 20 estimated

678 647 22 19 at
710 647 92 21 £10,000.

706 681 43 19 The
776 681 101 20 Biisbane
894 681 124 25 Legislative
1039 681 109 25 Assembly
1171 682 32 20 sat

679 711 146 24 continuously
832 712 33 19 for
874 713 25 19 96
909 713 63 19 hours
981 713 42 19 last
1033 713 61 20 week.

705 747 19 19 A
734 753 38 13 son
781 748 22 18 of
812 753 27 14 an
849 747 90 25 English
948 748 42 19 earl
1005 748 48 19 shot
1063 754 12 13 a
1085 747 118 20 tradesman

679 777 23 19 m
720 777 34 20 the
771 780 73 18 streets
861 778 21 19 of
897 778 82 24 Sydney
996 784 27 13 on
1037 778 115 20 November
1160 778 43 20 6th.

679 808 45 20 The
732 809 105 20 murderer
845 809 19 19 is
877 809 94 24 reported
981 810 22 19 to
1012 809 25 20 be
1045 809 81 20 insane.

706 844 45 21 The
760 845 129 21 Tasmanian
904 845 140 21 Government
1056 845 52 21 have
1122 845 83 21 decided

680 876 22 19 to
718 876 101 24 purchase
837 876 35 19 the
891 876 59 19 Main
967 877 73 18 Trunk
1057 876 93 25 Bailway
1172 876 33 19 for

680 907 129 21 £1,125.000.

706 943 22 19 It
743 943 19 19 is
778 942 95 25 reported
886 942 47 20 that
949 949 13 13 a
978 949 44 13 new
1032 944 67 18 comet
1115 942 39 20 has
1171 949 34 18 ap-

680 974 81 24 peared,
770 974 67 19 which
848 974 43 19 will
907 974 24 19 be
938 973 72 20 visible
1018 974 23 19 m
1051 974 36 19 the
1103 974 102 20 Southern

680 1003 122 25 Hemispere
811 1010 27 14 on
851 1003 114 20 November
976 1004 56 20 12th.

836 1055 67 19 NEW
915 1055 127 19 ZEALAND.

706 1090 34 21 Sir
748 1092 56 20 John
812 1091 85 24 Fender,
907 1097 27 14 on
948 1092 71 19 behalf
1033 1092 22 19 of
1064 1091 35 21 the
1115 1091 90 20 Eastern

679 1122 115 20 Extension
812 1122 114 25 Telegraph
941 1122 115 26 Company,
1072 1123 40 19 has
1130 1122 75 20 offered

679 1153 22 20 to
710 1153 36 25 lay
755 1160 12 13 a
776 1153 103 26 duplicate
889 1153 57 20 cable
957 1154 89 20 between
1055 1154 49 20 New
1113 1153 92 21 Zealand

680 1184 42 19 and
731 1185 48 18 New
789 1184 68 19 South
866 1184 75 19 Wales.

706 1220 19 19 A
746 1220 92 19 skeleton
857 1220 40 19 has
914 1220 51 20 been
984 1220 117 20 discovered
1120 1227 28 13 on
1171 1221 34 19 the

680 1250 102 20 Hokitika
791 1251 70 23 beach,
872 1251 67 19 which
949 1251 18 20 is
982 1251 89 21 believed
1081 1253 22 19 to
1119 1251 25 21 be
1160 1251 45 21 that

681 1281 22 20 of
712 1288 13 13 a
734 1282 67 19 miner
816 1282 76 19 named
900 1282 58 25 Carr,
974 1282 47 20 who
1030 1282 135 27 disappeured
1181 1284 24 20 16

681 1319 23 13 or
712 1313 25 21 17
745 1319 60 17 years
814 1319 45 17 ago.

708 1348 44 21 The
768 1348 140 21 Government
925 1348 89 21 Auditor
1027 1349 40 20 has
1085 1350 82 20 refused
1184 1352 21 19 to

681 1385 49 19 pass
749 1380 35 19 the
798 1381 88 18 amount
902 1380 61 19 voted
982 1380 25 24 by
1026 1381 36 20 the
1078 1381 127 25 Wellington

682 1410 47 25 City
744 1410 87 20 Council
847 1416 23 13 as
887 1416 12 14 a
916 1411 140 20 contribution
1073 1412 88 20 towards
1171 1413 34 19 the

681 1441 51 19 Post
741 1441 63 19 Office
814 1441 64 19 clock.

707 1477 18 19 A
734 1477 35 19 lad
777 1478 40 19 has
826 1479 49 19 been
885 1478 62 19 killed
957 1480 22 18 at
990 1479 118 24 Wanganui
1116 1479 89 24 through

681 1508 62 25 being
751 1514 40 14 run
799 1514 47 14 over
854 1508 26 25 by
889 1514 13 14 a
908 1509 84 24 railway
1004 1510 65 19 truck.

707 1544 44 20 The
760 1545 68 20 Home
837 1545 53 19 Rule
905 1545 101 24 delegates
1018 1545 80 20 arrived
1106 1545 23 20 m
1138 1545 67 20 Auck-

680 1575 50 21 land
746 1582 27 13 on
790 1576 114 19 November
920 1577 19 22 3,
955 1576 42 19 and
1012 1583 52 13 were
1080 1576 98 20 accorded
1194 1583 11 14 a

680 1608 56 19 most
745 1608 138 19 enthusiastic
892 1607 112 24 reception.

706 1644 80 19 Arthur
795 1644 109 24 Olampett,
916 1644 52 19 alias
984 1643 101 24 Sullivan,
1092 1643 38 21 left
1139 1643 64 21 Auck.

680 1674 50 20 land
739 1681 28 13 on
777 1675 114 20 November
900 1675 18 21 5,
928 1675 32 19 for
969 1675 101 20 America.

705 1710 21 19 A
744 1710 90 20 resident
852 1710 22 19 of
891 1710 49 19 New
958 1710 114 25 Plymouth
1094 1710 39 20 has
1156 1710 49 20 been

680 1741 100 24 seriously
796 1741 82 25 injured
896 1741 90 24 through
1002 1741 61 25 being
1073 1741 75 24 caught
1162 1741 23 19 m
1194 1747 11 14 a

679 1777 50 18 rope
738 1771 27 24 by
772 1772 68 19 which
849 1771 26 20 he
888 1778 43 12 was
941 1772 82 23 leading
1033 1778 12 13 a
1055 1773 65 19 horse.

816 1837 254 36 REVIEW.

876 1904 123 23 (Continued.

753 1963 24 14 so
786 1958 94 25 happcne
905 1957 46 20 that
962 1957 35 20 the
1007 1957 51 20 time
1073 1958 23 19 of
1111 1957 36 19 the
1162 1957 43 19 sale

680 1994 42 15 was
731 1989 114 25 singularly
854 1989 106 20 fortunate
968 1989 32 19 for
1010 1995 39 14 me.
1089 1988 66 20 There
1164 1994 41 13 was

680 2025 28 14 no
722 2026 74 19 money
805 2023 22 17 to
837 2021 24 18 be
870 2020 74 25 spared
953 2020 21 19 m
993 2020 35 20 the
1038 2022 61 18 town.
1140 2020 18 18 A
1167 2020 38 18 few

680 2051 110 24 stragglers
800 2057 57 13 cnme
867 2051 42 19 and
918 2051 73 19 looked
1005 2052 22 18 at
1037 2051 35 19 the
1080 2051 71 24 house,
1164 2051 41 19 and

680 2081 75 20 turned
770 2088 29 19 up
817 2081 55 20 their
890 2087 60 14 noses
966 2082 22 19 at
1007 2082 35 19 the
1145 2084 60 22 squat

803 2119 23 13 as
845 2113 50 24 they
917 2112 66 20 called
1005 2113 39 19 it—
1049 2113 48 19 that
1119 2113 86 19 window

680 2143 68 21 which
762 2144 44 20 had
819 2144 75 26 proved
903 2150 24 14 so
942 2144 107 20 fortunate
1061 2144 33 20 for
1103 2150 33 14 me
1136 2155 28 3 —
1165 2144 40 20 and

681 2174 36 21 the
744 2175 129 25 jammed-up
882 2175 52 25 shop
954 2187 28 3 —
983 2176 48 24 they
1045 2176 67 24 forgot
1127 2175 47 20 that
1188 2175 17 20 it

680 2212 41 14 was
738 2206 92 25 jammed
844 2212 29 19 up
889 2206 27 25 by
937 2207 61 24 being
1016 2207 46 20 well
1080 2206 74 21 stored.
1193 2206 12 20 I

679 2237 100 21 wouldn't
795 2238 29 20 let
842 2238 58 20 them
918 2244 33 14 see
969 2244 36 19 my
1023 2238 85 25 anxiety
1125 2237 23 21 m
1169 2237 36 21 the

679 2270 76 19 matter
762 2275 6 17 ;
781 2269 12 20 I
801 2269 110 24 pretended
920 2270 22 19 to
951 2269 167 20 be.indifferent..
1130 2289 2 3 .

706 2305 44 19 The
758 2305 98 22 morning
865 2305 22 19 of
896 2305 35 19 the
941 2306 83 19 auction
1039 2305 78 20 arrived,

707 2342 12 9 11
726 2340 68 25 Going
803 2342 21 18 to
835 2340 35 20 the
878 2341 44 19 sale
1054 2341 45 20 Baid
1112 2341 33 19 Mr
1198 2356 5 9 ,

680 2371 36 21 the
725 2372 79 25 draper,
815 2378 23 14 as
847 2372 26 20 he
883 2372 74 20 moved
971 2372 28 20 off
1008 2372 55 20 from
1072 2372 36 20 the
1117 2372 50 20 door
1181 2372 22 20 m

679 2402 34 19 his
722 2403 75 18 chaise.

752 2438 55 21 shall
816 2438 56 21 look?
944 2441 13 19 I
973 2440 51 20 said.
1131 2445 44 19 you
1191 2445 12 14 a

812 2471 13 19 I
838 2476 42 14 was
893 2472 66 19 afraid
976 2472 21 19 of
1012 2471 52 24 him,
1073 2472 33 19 for
1122 2477 49 13 even
1180 2470 23 19 m

678 2499 47 21 that
734 2500 41 25 day
784 2507 13 13 a
806 2507 48 18 rage
863 2502 32 19 for
903 2503 58 23 great
970 2502 98 20 windows
1077 2501 43 21 had
1129 2501 73 25 begun,

678 2531 42 20 and
739 2531 12 20 I
768 2531 89 26 thought
875 2532 26 20 he
924 2532 96 26 designed
1038 2534 110 25 spreading
1169 2532 34 20 his

678 2562 65 25 wings
758 2563 22 19 of
789 2565 60 23 putty
865 2564 42 19 and
916 2565 56 24 glass
988 2565 30 20 all
1032 2571 48 13 over
1089 2571 35 19 my
1139 2565 62 20 front.

677 2593 67 21 These
756 2594 64 25 wings
827 2595 5 20 1
872 2595 52 21 How
935 2602 62 19 many
1007 2596 70 20 moths
1087 2596 53 20 have
1154 2595 49 26 they

677 2625 79 21 carried
765 2625 45 21 into
820 2625 35 21 the
864 2626 62 20 flame
934 2627 5 19 1
955 2640 4 2 -

722 2661 95 25 Possibly
832 2661 12 19 I
853 2668 49 19 may
969 2664 45 19 said
1023 2663 33 24 he,
1066 2664 42 20 and
1124 2663 26 20 he
1158 2669 43 14 was

677 2692 29 20 off
714 2692 51 20 with
781 2698 12 14 a
804 2693 77 22 sn\ack'
891 2693 21 20 of
922 2694 35 19 the
973 2695 55 24 whip
1040 2695 45 20 that
1099 2695 61 20 made
1169 2701 32 13 me

675 2722 40 21 feel
724 2722 46 21 cold
779 2723 29 19 all
817 2729 81 14 accross
911 2731 36 18 my
957 2724 47 25 lips.

702 2759 36 25 My
752 2765 52 20 poor
812 2760 71 25 Penny
892 2760 5 20 1
924 2760 53 21 How
986 2762 11 19 I
1006 2762 78 20 wished
1092 2769 42 19 you
1150 2768 51 14 were

675 2789 67 21 better
760 2790 29 20 off
796 2791 5 20 1
819 2810 3 3 .
838 2790 19 26 IJ
866 2792 70 19 would,
951 2792 53 21 have
1021 2793 36 20 bid
1075 2800 13 14 a
1106 2793 95 21 hundred

675 2821 83 26 pounds
773 2828 63 17 more,
846 2822 17 20 if
1008 2824 53 20 have
1070 2825 75 25 helped
1160 2831 40 13 me.

675 2853 43 19 But
727 2853 47 20 how
783 2859 38 14 can
831 2859 42 20 you
889 2855 42 20 and
939 2856 12 18 I
960 2856 62 19 stand
1032 2863 28 18 up
1073 2856 83 24 against
1167 2856 34 19 the

675 2884 45 20 rich
730 2884 79 26 draper,
819 2885 45 20 and
870 2885 33 20 his
910 2887 108 20 one-horse
1024 2887 70 21 chaise
1099 2887 10 21 ?
1136 2887 65 21 These

677 2915 100 25 thoughts
787 2916 81 20 crossed
882 2922 35 18 my
927 2917 65 21 mind.

701 2952 100 24 Building
810 2952 98 20 Societies
917 2959 51 14 were
979 2955 42 23 not,
1031 2954 24 20 m
1065 2955 46 20 that
1122 2955 45 25 day,
1178 2960 23 14 so

676 2983 63 21 much
755 2983 22 20 m
795 2989 64 19 vogue
877 2989 24 15 as
919 2985 22 19 at
958 2988 86 22 present.
1079 2986 50 21 Had
1145 2986 57 21 there

677 3014 50 21 been
737 3021 13 13 a
758 3014 100 25 Building
868 3014 83 26 Society
960 3016 22 19 m
992 3023 38 14 our
1040 3020 54 18 town
1103 3018 12 20 I
1125 3018 77 20 should

676 3046 54 19 have
738 3046 78 19 rushed
824 3046 29 19 off
863 3047 21 19 to
894 3047 83 20 become
986 3054 12 13 a
1006 3048 107 20 borrower.
1141 3050 10 18 I
1158 3050 44 19 had

677 3077 83 24 already
773 3077 82 19 studied
871 3077 35 19 the
920 3078 106 25 principle,
1044 3080 41 19 and
1100 3080 57 25 quite
1166 3087 35 19 ap-

676 3107 76 26 proved
761 3108 22 19 of
791 3113 13 14 a
821 3109 73 18 tenant
903 3109 76 24 paying
989 3109 33 20 his
1031 3112 47 18 rent
1087 3117 23 13 as
1120 3112 17 19 it
1150 3119 52 13 were

677 3138 33 19 for
718 3138 92 24 himself,
821 3139 42 19 and
872 3139 36 19 the
922 3139 66 20 house
996 3140 109 26 becoming
1114 3142 34 20 his
1157 3149 45 14 own

678 3169 53 21 after
741 3171 35 18 ten
785 3176 23 13 or
817 3171 72 19 twelve
894 3176 66 18 years.

705 3205 45 20 The
758 3205 51 20 time
818 3206 32 18 for
860 3205 35 20 the
909 3206 43 19 sale
963 3206 86 22 arrived.
1076 3209 33 20 All
1119 3211 55 19 sorts
1183 3212 22 19 of

678 3236 74 26 people
761 3243 57 13 came
832 3236 71 19 about.
930 3238 66 19 There
1012 3245 49 14 were
1070 3241 77 19 several
1163 3241 41 20 lots

679 3269 23 19 to
728 3267 24 21 be
775 3267 46 20 sold
843 3267 68 21 before
933 3275 35 18 my
991 3269 64 21 house
1080 3271 42 19 and
1144 3272 59 25 shop,

679 3299 42 20 and
737 3299 11 19 I
757 3299 100 24 sincerely
873 3300 77 23 prayed
965 3300 47 20 that
1028 3302 114 25 everybody
1158 3304 46 20 who

679 3330 43 20 had
732 3336 73 19 money
815 3330 66 19 would
892 3332 64 23 spend
965 3332 16 19 it
991 3332 28 19 all
1029 3332 69 21 before
1107 3339 34 20 my
1151 3335 54 21 little

679 3361 96 21 domicile
784 3367 58 14 came
852 3363 22 17 to
881 3361 35 20 the
925 3363 96 19 sacrifice.

707 3398 33 19 Mr
801 3413 5 8 ,
817 3397 34 20 the
861 3397 79 26 draper,
957 3399 76 20 rattled
1043 3406 28 19 up
1080 3400 22 20 m
1111 3400 34 20 his
1154 3408 51 14 one-

680 3429 62 20 horse
755 3429 77 23 chaise,
842 3429 76 19 rattled
928 3429 56 25 right
998 3436 28 20 up
1036 3431 35 19 the
1079 3432 52 24 yard
1140 3432 66 21 where

681 3460 36 19 the
728 3462 44 17 sale
781 3466 41 13 was
832 3460 62 24 going
904 3467 34 13 on.
979 3461 12 19 I
1009 3462 90 25 thought
1111 3463 12 19 I
1132 3464 75 22 should

680 3491 62 19 faiut.
783 3491 12 19 I
806 3492 53 18 wmt
869 3491 45 20 into
925 3497 33 19 my
968 3492 64 20 house
1049 3493 42 20 and
1100 3495 107 21 consulted

681 3528 36 18 my
726 3522 124 24 bank-boole,
860 3523 75 24 passed
944 3530 12 12 a
966 3523 38 19 few
1013 3524 91 20 minutes
1114 3525 49 19 with
1173 3533 34 18 my

681 3554 79 24 Penny,
771 3554 42 19 and
819 3554 17 19 it
847 3554 43 19 told
900 3561 32 12 me
939 3554 35 19 the
984 3554 38 19 full
1032 3557 70 18 extent
1108 3556 24 19 to
1141 3557 66 21 which

681 3584 17 20 it
709 3585 61 19 could
778 3591 34 17 go.
838 3585 12 19 I
858 3586 96 19 returned
965 3587 21 18 to
995 3586 36 19 the
1040 3587 48 19 sale.

709 3620 68 25 Going
787 3627 28 19 up
825 3621 21 20 to
856 3620 33 20 Mr
951 3636 5 9 ,
966 3621 35 20 the
1018 3622 78 25 draper,
1112 3622 12 20 I
1133 3624 45 20 said
1187 3626 21 19 to

712 3669 14 9 '•
736 3668 54 19 How
812 3675 12 12 a
848 3668 72 20 Penny
943 3670 86 18 Broamis
1052 3676 11 13 a
1092 3672 113 20 Thousand

911 3700 96 25 London,
1034 3702 110 20 Hotilston
1167 3704 43 20 and

1291 171 52 25 him,
1373 173 50 18 Now
1433 173 61 20 that's
1505 174 35 20 the
1548 175 31 19 lot
1587 175 33 19 for
1698 174 97 25 meaning
1805 180 12 14 a

1291 208 64 18 range
1364 204 21 18 of
1395 203 105 26 buildings
1515 212 28 12 on
1553 206 35 19 the
1598 206 94 25 opposite
1710 205 50 24 side,
1776 206 42 19 and

1291 233 98 25 thinking
1399 234 46 20 that
1454 235 16 18 if
1479 236 11 18 I
1499 236 61 19 could
1569 238 33 22 get
1618 236 44 19 him
1672 236 22 19 to
1704 236 65 24 spend
1783 236 35 20 his

1292 269 75 20 money
1377 265 68 20 before
1454 265 17 20 it
1480 272 58 14 came
1548 267 21 19 to
1585 267 35 19 the
1630 267 51 19 time
1691 267 21 19 of
1720 273 37 19 my
1766 273 52 19 poor

1292 294 101 25 dwelling,
1404 296 10 19 I
1424 297 75 19 should
1508 297 63 20 stand
1580 304 12 13 a
1601 297 66 20 better
1679 297 84 20 chance.

1318 330 99 21 Whether
1431 332 33 19 Mr
1547 333 43 20 had
1599 339 28 14 no
1642 339 82 18 money,
1740 333 11 19 I
1760 333 56 21 can't

1292 366 44 20 say.
1362 363 19 19 A
1390 362 125 25 subsequent
1523 365 60 19 event
1592 365 23 18 of
1628 369 58 14 some
1694 364 122 23 magnitude

1292 391 23 20 m
1325 398 13 14 a
1346 393 141 26 shopkeeper's
1503 394 77 23 affairs,
1600 400 67 14 seems
1682 395 21 18 to
1719 394 59 25 point
1794 396 22 19 to

1293 423 47 20 that
1359 424 127 22 conclusion,
1526 425 43 20 The
1587 426 48 22 lots,
1652 426 99 19 however,
1767 432 52 14 were

1293 453 96 26 disposed
1408 455 22 19 of
1439 461 49 20 very
1503 456 78 25 slowly,
1598 456 42 20 and
1649 457 23 19 at
1684 455 135 26 wonderfully

1293 485 39 19 low
1341 486 73 23 prices.
1514 485 9 10 *

1388 521 26 19 20
1422 522 4 19 !
1460 523 38 23 Oh,
1508 523 65 20 that's
1581 528 40 18 me,
1632 523 11 19 I
1651 523 44 20 felt.
1721 523 60 24 Well,
1790 529 29 20 up

1293 551 18 19 it
1320 552 54 19 went
1375 563 24 4 —
1400 551 72 24 house,
1482 553 59 24 shop,
1559 555 5 8 '
1573 555 61 22 squat
1652 553 99 24 window,'
1767 554 53 19 back

1293 582 52 24 yard
1360 582 22 19 of
1396 588 24 13 so
1435 589 65 18 many
1515 584 47 22 feet,
1578 583 56 25 boys'
1650 584 104 23 bedroom,
1764 584 56 24 girls'

1416 613 100 20 mother's
1534 614 55 20 little
1607 615 94 25 parlor—
1703 615 29 19 all
1750 615 23 19 to
1795 614 26 20 be

1293 643 93 21 knocked
1395 643 60 21 down
1464 645 23 19 to
1496 645 35 19 the
1540 645 84 24 highest
1633 645 77 20 bidder.
1770 645 51 20 Now

1393 674 13 19 I
1415 675 43 22 felt,
1490 675 26 19 do
1524 681 53 19 your
1585 675 45 20 best
1639 676 5 19 1
1700 676 12 18 I
1722 675 61 20 made
1792 681 28 14 no

1294 704 46 24 sign
1351 705 21 19 of
1387 704 93 26 bidding,
1490 706 43 19 and
1548 706 36 19 the
1592 706 125 19 Auctioneer
1731 706 91 24 scarcely

1294 735 74 20 looked
1376 737 22 17 at
1407 741 39 14 me.
1486 736 27 19 At
1522 736 42 20 last
1581 736 58 19 there
1647 742 43 13 was
1707 742 12 13 a
1731 742 91 18 pause—

1295 767 12 10 •'
1315 765 75 25 Going,
1400 765 62 25 going
1470 772 5 17 ;
1489 766 18 19 if
1513 765 74 21 there's
1648 781 6 5 .
1682 765 42 20 Did
1729 766 12 19 I
1748 766 61 20 unde:
1814 775 8 6 -

1294 796 63 19 stand
1374 801 49 20 you,
1446 796 33 19 Mr
1554 797 8 18 ?
1607 796 96 25 inquired
1720 796 37 19 the
1774 802 47 13 auc-

1294 827 85 20 tioneer.
1406 826 12 20 I
1426 833 51 19 gave
1486 833 12 14 a
1508 827 91 25 stealthy
1608 827 42 20 nod
1666 827 21 20 of
1697 827 77 24 assent,
1783 833 21 14 n<
1812 827 9 21 t

1294 859 89 25 wishing
1393 859 96 24 anybody
1499 860 21 18 to
1531 864 32 15 see
1578 865 33 14 me
1624 859 37 20 but
1672 859 35 19 the
1715 864 51 15 man
1774 859 24 19 wl
1808 864 13 15 o

1294 889 49 20 held
1353 895 35 19 my
1397 889 43 20 fate
1449 889 23 19 m
1480 889 35 19 his
1524 889 74 20 hands.
1661 889 73 25 Going,
1751 889 69 25 going,

1295 925 52 19 gone
1357 922 5 18 !
1421 921 14 18 I
1453 921 40 18 had
1512 921 75 23 bought
1605 921 32 19 the
1656 921 59 19 house
1732 921 36 23 for
1785 927 36 13 one

1296 951 90 19 hundred
1394 951 41 18 and
1439 951 102 25 fifty-five
1550 953 85 23 pounds,
1656 951 42 19 and
1705 956 34 19 my
1748 951 71 25 Penny

1295 987 41 13 was
1355 982 56 24 quite
1428 982 63 25 ready
1510 984 19 16 to
1545 988 44 19 pay
1608 983 33 18 the
1659 982 62 19 wliole
1737 982 24 24 of
1777 982 45 19 that

1296 1015 81 15 amount
1383 1013 9 17 !

1458 1047 39 24 {To
1508 1049 22 18 he
1540 1048 119 23 continued.)

1296 1133 21 23 A
1334 1133 184 23 THOUSAND
1535 1133 105 23 MILES
1659 1134 50 22 AN
1725 1134 95 22 HOUR

1329 1192 53 24 The
1392 1196 5 9 '
1407 1192 102 30 Chicago
1517 1192 90 24 Times'
1612 1193 76 30 lately
1694 1192 126 30 published

1296 1231 33 16 an
1547 1225 58 23 with
1637 1232 15 16 a
1683 1225 141 29 prominent

1295 1256 87 24 citizen
1394 1256 26 23 of
1437 1256 138 28 Colombus,
1598 1256 71 28 Ohio,
1689 1256 55 24 who
1771 1256 51 24 had

1297 1288 62 24 been
1377 1288 89 31 always
1487 1289 74 31 ready
1576 1290 27 23 to
1624 1289 53 31 give
1697 1289 125 24 inventors

1296 1322 126 29 msnetary
1443 1320 66 31 help.
1553 1320 73 25 Some
1647 1328 69 24 years
1739 1328 45 23 ago
1806 1329 15 15 a

1297 1352 114 27 German,
1433 1352 55 24 who
1514 1352 50 24 had
1584 1353 71 23 made
1676 1353 146 30 magnetism

1295 1384 40 23 his
1346 1384 42 24 life
1397 1384 79 30 study,
1488 1385 96 29 applied
1594 1386 27 22 to
1631 1385 52 22 him
1688 1385 38 23 for
1746 1385 77 23 assis-

1295 1417 78 27 tance,
1386 1416 78 24 which
1474 1416 32 23 he
1517 1419 25 21 at
1553 1416 47 24 last
1619 1416 108 31 granted.
1770 1416 51 24 The

1321 1448 107 24 crank's"
1438 1448 54 24 idea
1499 1456 50 16 was
1558 1450 25 22 to
1591 1449 77 23 travel
1676 1457 14 14 a
1699 1448 122 24 thousand

1296 1480 69 23 miles
1376 1488 31 15 an
1417 1480 61 23 hour
1499 1482 31 29 by
1687 1480 42 24 the
1751 1481 74 23 earth,

1295 1513 67 23 leave
1405 1512 53 23 him
1673 1512 22 24 A
1738 1513 84 23 month

1296 1544 62 24 after
1368 1545 42 23 the
1420 1544 64 29 loan,
1497 1552 15 16 a
1528 1544 104 25 number
1643 1545 26 24 of
1688 1544 73 25 boxes
1784 1553 37 16 ar-

1295 1577 68 23 rived
1374 1578 25 22 at
1410 1577 41 23 the
1461 1577 212 30 philanthropist's
1685 1579 72 25 store,
1773 1578 49 22 and

1297 1616 55 23 says
1382 1609 42 23 the
1454 1611 123 22 veracious
1610 1610 47 23 and
1679 1609 143 24 benevolent

1295 1640 84 31 helper
1390 1640 26 24 of
1424 1641 132 24 inventors.
1617 1641 69 24 After
1701 1649 15 16 a
1727 1641 46 31 day
1795 1649 27 16 or

1296 1675 48 22 two
1355 1675 30 21 he
1396 1673 52 23 told
1459 1682 36 14 me
1514 1675 25 22 to
1561 1682 70 15 come
1652 1673 49 23 and
1723 1682 36 15 see
1781 1674 42 24 the

1295 1705 134 24 invention.
1464 1706 24 23 It
1499 1706 85 23 looked
1592 1706 49 23 like
1652 1714 16 15 a
1678 1706 147 30 type-writer

1296 1737 100 23 without
1407 1737 43 23 the
1462 1738 127 29 keyboard.
1624 1738 52 24 The
1687 1738 79 22 round
1782 1740 42 29 toy

1295 1777 51 16 was
1352 1769 71 24 made
1431 1769 25 24 of
1464 1770 94 24 sixteen
1565 1770 129 24 horseshoe
1702 1773 119 27 magnets,

1296 1801 116 31 arranged
1433 1802 27 23 m
1493 1810 14 15 a
1539 1802 132 30 particular
1692 1810 59 22 way,
1775 1803 49 23 and

1295 1833 124 24 hundreds
1430 1834 25 23 of
1467 1834 72 23 small
1549 1835 79 29 pieces
1639 1834 26 23 of
1673 1834 76 23 metal
1765 1842 56 16 con-

1295 1867 84 22 nected
1392 1867 56 22 with
1465 1869 112 27 magnets
1599 1867 60 22 with
1681 1866 76 23 them.
1802 1867 21 23 A

1294 1898 62 29 good
1367 1898 65 23 sized
1443 1897 96 25 balloon
1549 1906 46 15 was
1606 1898 114 24 attached
1738 1900 26 22 to
1781 1898 42 24 the

1294 1929 121 28 machine,
1427 1930 49 23 and
1487 1931 69 22 when
1578 1930 51 24 this
1650 1937 50 17 was
1721 1929 101 28 inflated

1294 1962 60 23 with
1366 1969 42 23 gas
1420 1962 140 30 everything
1570 1970 50 16 was
1638 1962 73 31 ready
1732 1962 38 25 for
1791 1971 30 16 us

1293 1997 27 21 to
1332 1996 52 29 step
1394 1994 53 24 into
1458 1995 41 23 the
1511 1995 45 23 box
1574 1995 78 23 which
1673 1995 69 30 hung
1760 1995 61 25 from

1294 2027 43 22 the
1350 2027 104 22 network
1466 2027 26 22 of
1499 2027 106 23 metallic
1616 2027 64 24 rods.
1715 2027 13 22 I
1739 2035 50 16 was
1807 2037 14 14 a

1295 2058 61 30 good
1386 2058 55 23 deal
1474 2059 98 23 startled
1603 2060 70 22 when
1701 2067 42 23 my
1764 2059 58 24 bold

1293 2091 80 23 friend
1394 2090 51 24 told
1457 2098 40 16 me
1518 2092 26 22 to
1567 2091 55 23 take
1634 2099 15 15 a
1671 2093 59 26 seat,
1780 2091 39 24 He

1292 2122 82 30 joined
1384 2130 49 20 me,
1446 2122 56 28 and,
1518 2122 116 32 reaching
1650 2124 51 26 out,
1714 2124 42 23 cut
1777 2124 43 24 the

1295 2162 68 23 ropes
1374 2154 80 24 which
1464 2155 57 24 held
1538 2155 43 24 the
1603 2155 95 24 balloon
1720 2156 100 31 captive.

1296 2187 44 24 We
1352 2195 67 16 arose
1430 2187 104 31 quickly,
1547 2188 49 23 and
1610 2195 60 17 soon
1692 2188 41 23 the
1755 2190 66 22 town

1294 2228 50 15 was
1377 2219 44 25 but
1454 2228 15 15 a
1492 2221 52 30 spot
1565 2220 25 23 m
1613 2221 41 23 the
1680 2220 139 32 landscape.

1295 2252 82 24 'What
1389 2253 59 23 time
1458 2253 22 23 is
1491 2253 20 23 it
1521 2253 11 22 ?
1542 2255 5 8 '
1560 2252 73 25 asked
1643 2261 42 23 my
1705 2261 114 23 compan-

1293 2284 49 24 ion.
1393 2284 25 24 It
1429 2293 49 15 was
1499 2286 56 22 5.]0
1567 2285 97 28 o'clock,
1678 2285 48 23 and
1737 2286 14 22 I
1770 2286 50 24 told

1292 2316 54 24 him
1356 2324 35 16 so.
1427 2316 55 24 'We
1501 2316 50 24 will
1572 2316 29 24 be
1623 2317 26 23 m
1668 2316 50 25 San
1741 2317 76 25 Fran-

1293 2348 63 25 cisco
1367 2350 26 23 at
1404 2348 67 31 eight
1482 2348 108 29 o'clock,'
1614 2349 51 24 said
1687 2349 39 24 he.
1761 2350 59 25 This

1292 2389 50 16 was
1364 2382 43 23 the
1428 2381 55 24 first
1504 2381 137 24 intimation
1664 2381 14 24 I
1698 2382 50 24 had
1770 2383 49 25 had

1293 2413 27 23 of
1328 2413 41 23 the
1381 2414 83 22 extent
1473 2413 26 23 of
1505 2421 44 15 our
1558 2413 55 23 trial
1622 2413 56 31 trip.
1714 2418 5 9 '
1726 2414 69 24 Look
1804 2417 4 22 !
1813 2418 5 8 '

1292 2444 53 24 said
1355 2445 38 27 he,
1405 2444 14 23 I
1430 2445 41 22 did
1483 2453 32 20 so,
1528 2446 44 22 but
1591 2446 71 23 could
1685 2453 39 16 see
1744 2448 74 22 noth-

1291 2477 44 30 ing
1356 2478 83 29 except
1461 2484 15 16 a
1498 2477 113 23 confused
1633 2485 66 16 mass
1719 2477 27 25 of
1765 2479 53 24 dull

1292 2509 73 27 color,
1399 2509 60 23 with
1490 2517 32 15 an
1544 2509 135 24 occasional
1700 2511 72 29 patch
1795 2512 26 24 of

1291 2541 84 24 darker
1386 2549 27 16 or
1423 2540 91 31 lighter
1525 2541 73 24 shade
1608 2542 100 31 passing
1728 2544 27 23 to
1777 2545 41 24 tne

1291 2576 52 21 east
1353 2573 61 24 with
1436 2573 128 31 exceeding
1586 2575 77 30 speed.
1702 2575 54 24 'We
1778 2585 40 16 are

1290 2606 130 30 travelling
1450 2606 138 28 westward,'
1624 2607 52 24 said
1708 2608 40 28 he,
1783 2613 35 21 'or

1290 2640 82 22 rather
1382 2646 36 16 we
1430 2646 39 16 are
1480 2639 136 31 remaining
1627 2639 58 28 still,
1709 2640 58 25 held
1787 2642 32 30 by

1291 2670 43 25 the
1350 2670 130 25 attraction
1502 2670 26 25 of
1548 2672 41 23 the
1610 2672 123 30 magnetic
1754 2674 63 30 pole,

1291 2703 72 24 while
1374 2703 77 23 under
1461 2710 30 16 us
1502 2703 43 23 the
1563 2704 67 23 earth
1652 2712 82 16 moves
1756 2709 61 21 east-

1290 2735 66 24 ward
1367 2742 31 17 on
1408 2735 33 24 its
1452 2735 52 24 axis
1516 2736 65 23 1000
1595 2736 71 24 miles
1687 2744 31 16 an
1737 2738 79 25 hoiu.'

1291 2767 22 23 A
1325 2768 52 22 dull
1387 2767 84 23 brown
1483 2775 70 23 space
1565 2768 53 24 that
1635 2769 110 30 required
1766 2770 55 25 half

1292 2808 31 15 an
1334 2799 62 24 hour
1406 2803 27 20 to
1454 2808 64 22 pass,
1538 2808 43 22 my
1601 2801 73 29 guide
1695 2802 53 23 told
1771 2813 11 10 n
1795 2811 20 20 c,

1292 2839 48 17 was
1363 2832 42 24 the
1417 2834 68 28 great
1506 2832 101 30 prairies
1629 2833 25 23 of
1676 2833 42 25 the
1741 2834 74 25 West.

1292 2864 52 24 The
1356 2863 83 32 Eocky
1450 2864 143 24 Mountains
1615 2866 95 24 seemed
1731 2867 50 24 like
1803 2877 13 14 a

1291 2896 83 31 bright
1384 2896 87 24 thread
1482 2905 25 14 as
1519 2897 58 31 they
1588 2897 54 24 flew
1652 2898 105 25 beneath
1779 2909 36 15 us.

1291 2928 44 31 My
1356 2928 91 24 friends
1467 2929 97 23 became
1597 2930 100 24 anxious
1720 2931 61 25 after
1803 2941 15 16 a

1290 2960 79 28 while,
1382 2960 49 24 and
1441 2959 66 24 often
1516 2961 111 31 inquired
1638 2962 42 24 the
1692 2963 59 25 time
1768 2965 49 24 and

1290 2992 72 25 made
1384 2992 165 25 calculations.
1594 2993 34 25 At
1650 2996 56 23 8.30
1725 2996 33 25 he
1779 3006 36 16 re-

1290 3025 84 25 versed
1386 3025 31 25 all
1428 3025 43 24 the
1481 3025 77 25 levers
1569 3027 81 24 which
1661 3028 33 23 he
1709 3029 50 24 had
1781 3032 36 23 set

1290 3058 28 23 m
1339 3057 69 31 place
1431 3058 25 23 at
1479 3058 109 30 starting,
1611 3059 49 23 and
1681 3060 58 24 with
1761 3070 57 16 con-

1293 3088 117 26 siderable
1453 3089 138 25 oscillation
1636 3091 43 25 the
1720 3092 97 27 balloon

1293 3121 98 24 seemed
1411 3123 25 22 to
1459 3123 62 22 start
1542 3123 72 29 again
1634 3123 53 25 into
1715 3126 102 25 motion.

1293 3152 97 26 Almost
1401 3153 76 24 under
1488 3161 28 16 us
1527 3162 50 16 was
1588 3163 13 14 a
1614 3155 56 32 city,
1683 3157 49 23 and
1753 3166 66 24 away

1293 3187 26 23 to
1330 3186 43 24 the
1384 3187 59 23 west
1455 3186 122 24 stretched
1591 3187 43 25 the
1657 3188 54 25 blue
1734 3191 27 23 of
1780 3192 41 24 the

1294 3225 81 21 ocean,
1385 3224 2 10 1
1412 3218 93 24 'That's
1525 3218 42 25 the
1589 3220 95 29 Pacific,
1708 3223 49 23 and
1777 3224 44 24 the

1295 3250 49 31 city
1367 3250 87 24 should
1472 3251 27 23 be
1523 3251 51 24 San
1596 3252 136 26 Francisco.
1778 3256 44 25 We

1294 3283 51 23 will
1374 3283 121 28 descend,'
1520 3284 52 23 said
1582 3305 7 6 .,
1605 3292 42 24 my
1680 3288 139 25 conductor.

1294 3314 100 32 Pulling
1405 3315 43 24 the
1459 3323 85 23 escape
1552 3316 67 25 valve
1629 3326 36 16 we
1672 3318 89 26 landed
1772 3321 26 24 m
1807 3330 15 16 a

1295 3347 89 24 suburb
1395 3347 27 24 of
1433 3347 47 24 San
1502 3348 134 26 Francisco.
1684 3352 69 25 'How
1775 3355 47 23 will

1294 3387 37 16 we
1342 3381 40 29 get
1400 3379 82 24 back?'
1506 3381 14 23 I
1542 3381 75 25 asked
1638 3383 42 25 the
1702 3385 119 26 inventor.

1295 3411 40 25 He
1346 3413 94 23 seemed
1451 3413 130 31 paralysed,
1588 3417 26 21 at
1636 3415 42 25 the
1701 3419 119 29 question.

1297 3444 78 28 Then,
1400 3448 5 10 '
1414 3445 14 22 I
1438 3453 75 16 never
1523 3446 107 32 thought
1641 3448 27 24 of
1687 3449 55 25 that
1753 3453 14 21 !'
1791 3451 32 25 he

1296 3476 139 23 exclaimed.
1471 3477 56 23 'For
1538 3478 32 24 all
1581 3488 40 22 my.
1631 3488 70 23 years
1713 3482 26 23 of
1755 3483 69 25 labor

1296 3508 13 23 I
1321 3508 63 24 have
1394 3507 63 25 been
1467 3509 56 31 only
1534 3519 13 14 a
1558 3511 49 24 fool
1617 3520 5 20 ;
1646 3512 15 25 I
1681 3521 44 17 can
1747 3517 78 23 travel

1297 3540 59 30 only
1374 3540 27 23 m
1429 3547 45 17 one
1502 3542 123 26 directioa.
1661 3545 29 23 -I
1716 3547 51 24 will
1784 3557 40 22 .go-

1295 3572 80 24 round
1386 3572 42 24 the
1439 3572 74 24 world
1525 3574 27 24 m
1563 3577 156 31 twenty-four
1734 3580 89 29 hours,'

1297 3603 31 24 he
1340 3603 60 28 said,
1414 3603 29 24 'if
1451 3604 14 23 I
1480 3605 68 25 don't
1570 3608 31 24 do
1624 3610 120 32 anything
1765 3612 57 26 else.

1280 3641 7 4 -
1298 3636 40 23 He
1360 3636 117 30 proposed
1499 3645 35 17 we
1546 3639 85 25 should
1643 3643 72 30 again
1737 3646 88 23 ascend

1297 3667 49 24 and
1357 3668 118 30 complete
1487 3669 42 24 the
1541 3671 84 26 circuit
1636 3675 28 23 of
1680 3675 43 24 the
1745 3678 77 27 earth,

1284 3721 3 2 .
1297 3699 97 31 coming
1405 3700 71 25 down
1487 3703 25 23 at
1520 3702 139 33 Columbus,
1676 3706 44 25 but
1742 3708 14 24 I
1777 3709 48 24 had

1298 3732 49 24 had
1358 3733 106 30 enough.
1499 3734 40 25 He
1550 3737 52 23 said
1612 3737 33 26 he
1655 3740 81 24 would
1747 3743 37 28 try
1806 3742 19 25 it

1908 174 77 27 alone,
1998 174 48 23 and
2057 175 29 23 he
2105 174 49 25 did.
2199 175 52 24 The
2273 177 58 23 next
2353 184 81 16 morn-

1910 206 49 30 ing,
1972 205 42 24 the
2025 206 97 24 balloon
2132 207 91 31 having
2238 207 60 24 been
2309 208 73 28 filled,
2405 208 30 24 he

1909 237 82 24 soared
2013 237 67 24 aloft.
2124 239 14 22 I
2159 240 108 22 watched
2288 240 51 23 him
2361 241 38 23 till
2420 241 15 23 I

1909 269 70 24 knew
2000 268 32 31 by
2064 269 43 25 the
2129 271 92 24 sudden
2248 271 187 31 disappearance

1909 301 26 24 of
1961 301 43 24 the
2020 301 95 24 balloon
2138 305 43 22 out
2203 311 57 16 over
2281 304 43 24 the
2345 305 90 24 Pacific

1909 334 53 24 that
1974 334 30 22 he
2015 335 52 22 cast
2077 334 38 24 his
2126 336 123 29 magnetic
2270 337 91 23 anchor
2382 338 49 22 and

1909 365 55 24 that
1972 365 13 23 I
1991 367 65 21 went
2067 365 77 32 flying
2162 375 66 23 away
2249 368 65 23 from
2335 369 52 23 him
2409 370 26 23 at

1910 398 65 23 1000
1985 396 69 25 miles
2065 405 31 16 an
2107 398 69 25 hour.
2213 400 14 22 I
2249 399 30 25 do
2298 403 44 21 not
2363 401 72 24 know

1909 429 67 25 what
1998 429 134 31 happened.
2187 431 14 23 I
2221 439 74 16 never
2314 440 48 16 saw
2383 433 52 23 him

1951 551 69 24 THE
2037 551 129 26 LATEST
2182 553 158 25 NOVELTY
2357 555 39 24 IN

2091 584 169 21 INSURANCE.

1943 635 21 24 A
1974 635 71 24 novel
2066 637 90 29 system
2178 636 52 31 (the
2253 637 105 25 'Times'
2381 640 53 31 say)

1910 666 46 24 has
1966 668 58 22 been
2035 667 113 23 invented
2158 668 37 23 for
2206 668 42 23 the
2263 669 125 25 insurance
2410 671 28 23 of

1910 706 142 22 passengers
2062 698 32 31 by
2105 698 65 29 boat,
2190 699 121 29 omnibus,
2333 708 27 16 or
2380 702 54 23 rail.

1912 730 50 23 The
1971 729 113 24 inventor
2093 730 22 24 is
2127 730 40 23 Mr
2177 731 129 28 Medawar,
2326 733 47 23 and
2394 733 41 25 his

1912 762 97 23 scheme
2020 762 21 23 is
2053 762 61 23 such
2124 762 56 24 that
2190 770 70 23 every
2274 770 86 23 person
2382 765 53 23 tak-

1910 793 44 30 ing
1973 800 14 16 a
2009 793 73 23 ticket
2103 793 21 24 is
2144 793 99 26 insured
2263 795 104 24 without
2387 803 49 24 any

1912 826 52 23 cost
1974 826 27 23 to
2011 824 106 25 himself.
2150 826 101 24 Instead
2262 826 27 24 of
2296 826 42 24 the
2356 829 79 29 paste-

1911 857 74 25 board
2002 857 143 25 card-ticket
2165 865 55 17 now
2241 858 27 24 m
2289 866 85 23 vogue,
2397 860 40 24 Mr

1912 889 121 24 Medawar
2047 889 46 24 has
2114 890 121 30 produced
2256 897 16 16 a
2292 898 55 17 new
2368 891 67 25 kind.

1912 921 66 24 Both
1988 921 28 23 m
2027 921 48 24 size
2086 922 48 22 and
2145 929 157 22 appearance,
2314 923 50 23 and
2384 923 53 25 also

1910 953 28 23 m
1947 953 99 30 weight,
2057 953 20 23 it
2088 953 20 23 is
2119 953 49 24 like
2178 953 43 24 the
2235 956 97 27 present
2353 955 83 24 ticket.

1912 984 24 24 It
1947 984 29 28 is,
1988 984 117 28 however,
2116 984 76 31 really
2202 993 15 16 a
2232 984 128 25 miniature
2382 987 54 24 wal-

1912 1016 41 27 let,
1964 1016 77 23 inside
2053 1016 26 24 of
2087 1016 80 24 which
2185 1017 22 23 is
2227 1016 76 24 found
2324 1025 16 15 a
2360 1019 77 30 policy

1912 1048 24 23 of
1946 1048 128 23 insurance
2084 1048 38 23 for
2143 1056 15 15 a
2180 1056 55 15 sum
2256 1048 82 24 which
2359 1050 78 24 varies

1912 1079 126 31 according
2047 1082 27 22 to
2084 1080 43 24 the
2138 1080 63 24 class
2212 1080 32 31 by
2253 1080 80 24 which
2352 1089 14 15 a
2384 1089 53 22 per-

1912 1119 45 17 son
1967 1111 96 28 travels,
2076 1111 49 24 and
2136 1120 81 16 covers
2238 1111 60 25 fatal
2320 1120 27 16 or
2368 1113 71 25 other

1911 1143 123 24 accidents
2045 1144 91 30 arising
2154 1144 88 31 during
2263 1144 43 25 the
2324 1144 113 33 journey.

1912 1176 61 23 This
1983 1176 22 23 is
2015 1175 67 25 what
2103 1176 77 24 undea
2201 1176 113 31 ordinary
2335 1177 102 25 circum-

1912 1210 97 21 stances
2020 1208 71 23 could
2107 1207 31 24 be
2160 1208 113 23 obtained
2293 1209 33 31 by
2347 1210 90 32 paying

1912 1248 15 16 a
1939 1240 68 24 small
2019 1247 55 16 sum
2089 1247 33 17 on
2133 1248 69 23 every
2211 1240 103 32 journey
2324 1249 5 21 ;
2341 1242 44 24 but
2406 1243 31 30 by

1912 1272 50 24 this
1974 1273 91 29 system
2075 1273 20 23 it
2105 1273 20 23 is
2136 1273 72 30 given
2218 1273 56 24 free.
2284 1282 4 3 •
2315 1273 52 25 The
2385 1282 53 17 new

1912 1306 90 29 system
2013 1312 57 22 goes
2081 1304 94 31 beyond
2186 1305 55 28 this,
2252 1304 118 26 however.
2411 1307 26 23 It

1908 1336 111 30 provides
2031 1344 69 23 every
2110 1336 106 31 railway,
2239 1338 125 30 tramway,
2376 1346 52 16 om-

1909 1368 80 27 nibus,
2002 1376 28 15 or
2040 1368 134 24 steamboat
2190 1376 116 24 company
2315 1369 59 24 with
2392 1370 43 25 the

1910 1400 88 23 tickets
2009 1400 49 23 and
2068 1400 100 30 policies
2184 1400 50 24 free
2256 1401 26 23 of
2301 1404 58 26 cost,
2381 1410 53 23 pro-

1910 1431 85 32 viding
2004 1431 59 32 only
2073 1432 55 24 that
2139 1433 56 30 they
2206 1440 41 16 are
2257 1432 81 25 issued
2348 1435 26 24 to
2392 1434 43 26 the

1910 1464 82 30 public
2003 1464 104 24 without
2117 1472 48 23 any
2174 1465 87 30 charge
2282 1465 93 31 beyond
2395 1475 39 16 or-

1911 1496 86 30 dinary
2009 1496 72 28 fares,
2093 1504 26 16 so
2141 1498 53 22 that
2216 1504 70 24 every
2305 1505 130 25 passenger

1910 1528 51 24 will
1971 1528 52 23 find
2032 1529 80 26 inside,
2119 1529 38 23 his
2180 1538 7 15 c
2194 1536 12 17 r
2227 1529 45 24 her
2292 1530 81 28 ticket,
2392 1531 43 24 the

1910 1560 80 31 policy
2001 1560 27 24 of
2035 1560 136 25 insurance.
2205 1562 25 24 It
2241 1569 54 24 may
2312 1563 29 23 be
2362 1563 73 24 asked

1911 1593 55 24 how
1977 1593 49 23 this
2037 1593 21 23 is
2075 1593 68 28 done,
2166 1593 49 24 and
2236 1593 43 24 the
2301 1602 93 17 answer
2413 1596 23 23 is

1910 1633 57 23 very
1979 1625 93 30 simple.
2112 1626 52 23 The
2187 1626 69 24 sheet
2277 1626 112 25 enclosed
2409 1628 27 23 m

1911 1665 70 22 every
1992 1657 72 25 ticket
2074 1658 22 24 is
2107 1666 15 15 a
2143 1658 67 30 large
2232 1665 53 20 one,
2308 1659 47 23 and
2376 1667 57 17 con-

1909 1689 73 28 tains,
1995 1689 93 24 besides
2099 1689 43 24 the
2163 1690 80 31 policy
2255 1690 27 23 of
2296 1698 136 22 nnurance,

1910 1729 33 16 an
1953 1721 72 24 index
2036 1729 58 23 map
2105 1722 26 23 of
2140 1722 40 24 the
2191 1724 77 26 route,
2281 1730 14 16 a
2317 1723 118 32 directory

1909 1753 27 24 of
1944 1753 142 31 interesting
2105 1753 82 31 places
2208 1754 26 24 m
2256 1754 42 24 the
2320 1755 115 25 direction

1910 1785 38 24 for
1957 1785 81 24 which
2049 1786 43 23 the
2100 1786 75 24 ticket
2185 1786 23 24 is
2223 1787 89 27 issued,
2329 1788 47 23 and
2394 1788 41 24 the

1909 1817 101 24 balance
2021 1818 26 22 of
2056 1818 42 23 the
2110 1826 70 22 space
2190 1819 23 23 is
2228 1819 63 23 filled
2313 1819 65 24 with,
2393 1820 41 24 ad-

1908 1849 176 24 vertisements.
2119 1850 52 23 The
2183 1858 58 23 map
2261 1850 84 25 marks
2364 1859 70 23 every

1909 1881 89 27 station
2009 1884 26 21 at
2052 1882 79 26 which
2152 1882 86 31 postal,
2261 1882 121 31 tejegram,
2406 1891 27 16 or

1907 1913 157 25 refreshment
2075 1915 181 23 accomodation
2266 1915 20 23 is
2308 1915 122 30 provided.

1908 1945 25 24 It
1965 1946 115 27 remains,
2114 1950 24 19 ot
2164 1954 91 20 course,
2277 1948 26 22 to
2325 1946 30 25 be
2377 1955 57 16 seen

1908 1977 110 25 whether
2046 1978 43 24 the
2109 1978 98 31 railway
2228 1978 137 31 companies
2385 1979 50 25 will

1908 2010 73 30 adopt
1992 2009 85 25 tickets
2088 2010 25 25 of
2122 2011 51 24 this
2183 2011 108 30 peculiar
2301 2011 67 24 kind.

2060 2104 75 23 LOW
2152 2104 131 23 WAGES.

1941 2162 53 24 The
2011 2162 123 32 following
2152 2163 73 24 letter
2246 2163 85 31 signed

2024 2203 100 23 appears
2155 2196 27 22 m
2215 2196 43 24 the
2298 2196 137 31 'Bangiora

1910 2227 128 25 Standard'
2058 2228 28 24 of
2098 2228 52 24 Oct.
2163 2229 31 22 23
2208 2237 39 14 :—
2271 2227 81 29 Sir,—
2353 2229 81 24 While

1908 2268 37 16 we
1956 2267 40 17 are
2007 2260 33 24 all
2051 2260 176 31 sympathising
2237 2260 58 24 with
2310 2260 42 25 the
2363 2261 70 24 Dock

1908 2292 133 24 Labourers
2086 2293 47 23 and
2160 2293 77 23 others
2263 2293 28 23 m
2317 2293 44 23 the
2388 2293 47 24 Old

1910 2324 105 31 Country
2026 2325 27 22 m
2065 2325 63 24 their
2147 2325 135 24 endeavour
2304 2326 25 23 to
2351 2325 84 24 obtain

1908 2356 78 24 better
2029 2358 83 27 terms,
2157 2365 36 16 we
2216 2365 64 16 seem
2314 2357 120 32 curiously

1909 2389 139 23 indifferent
2059 2391 26 22 to
2106 2389 43 24 the
2171 2391 63 22 state
2256 2391 26 22 of
2302 2389 44 24 the
2366 2390 69 23 labor

1909 2420 95 25 market
2013 2421 26 23 m
2051 2421 57 24 New
2115 2421 117 24 Zealand.
2250 2421 13 24 I
2274 2421 48 24 will
2331 2422 100 30 merely,

1909 2452 106 31 through
2040 2460 61 23 your
2133 2450 109 27 valuable
2267 2460 81 23 paper,
2371 2454 63 24 draw

1909 2485 121 24 attention
2041 2486 25 23 to
2075 2485 41 24 the
2126 2488 57 26 rate,
2190 2485 26 24 of
2224 2493 80 23 wages
2314 2486 57 30 paid
2382 2488 26 22 at
2419 2494 15 17 a

1908 2516 62 25 local
1980 2516 51 25 flax
2041 2517 60 24 mill.
2136 2518 80 31 Being
2232 2519 43 22 out
2284 2517 26 24 of
2329 2518 105 31 employ-

1908 2551 75 26 ment,
1995 2549 14 24 I
2020 2549 95 31 applied
2126 2551 26 23 at
2170 2550 43 25 the
2225 2550 68 25 office
2303 2550 39 25 for
2359 2551 75 28 work,

1908 2582 49 24 and
1967 2590 49 16 was
2028 2582 51 24 told
2089 2584 26 22 to
2126 2582 48 25 call
2185 2583 129 34 everyday
2335 2584 26 23 m
2381 2592 53 16 case

1908 2615 27 24 of
1945 2622 30 17 an
1987 2615 103 31 opening
2100 2615 36 24 for
2145 2615 75 26 work.
2253 2615 89 25 Before
2361 2617 74 30 doing

1908 2655 26 16 so
1947 2647 70 30 again
2028 2647 14 24 I
2060 2647 127 31 happened
2209 2650 25 22 to
2256 2650 66 22 meet
2343 2657 45 15 one
2410 2649 26 24 of

1908 2679 42 24 the
1965 2687 58 15 men
2044 2679 127 32 employed
2193 2682 26 22 at
2241 2680 41 24 the
2301 2681 62 28 mill,
2386 2681 49 24 and

1907 2711 75 24 asked
1993 2712 49 23 him
2049 2712 67 23 what
2127 2720 79 22 wages
2217 2714 30 22 he
2262 2720 50 17 was
2331 2714 101 30 getting.

1907 2744 48 24 His
1966 2743 66 31 reply
2042 2744 84 24 rather
2140 2745 101 24 startled
2251 2752 48 20 me,
2321 2746 52 23 '£1
2387 2754 46 23 >por

1907 2775 66 25 week
1988 2776 49 24 and
2047 2776 51 24 find
2115 2777 101 31 myself.'
2267 2777 41 24 He
2319 2779 51 23 also
2380 2779 53 23 told

1907 2816 40 16 me
1959 2808 54 24 that
2025 2809 92 24 several
2133 2817 62 16 were
2212 2809 108 32 working
2336 2810 37 24 for
2389 2811 43 24 the

1908 2848 67 16 same
1992 2848 87 23 wages,
2092 2841 49 24 and
2159 2842 83 24 others
2253 2842 38 24 for
2308 2842 61 29 less,'
2384 2843 48 24 and

1907 2873 55 24 that
1981 2881 48 23 any
2046 2873 92 25 broken
2155 2875 60 24 time
2232 2883 47 16 was
2301 2876 132 31 rigorously

1909 2906 101 30 stopped
2031 2906 62 24 from
2114 2907 41 23 the
2178 2907 75 25 above
2275 2909 157 29 magnificent

1908 2937 87 31 salary.
2029 2938 25 24 It
2066 2946 78 17 seems
2155 2947 16 16 a
2181 2940 94 24 curious
2289 2941 70 30 thing
2379 2941 53 24 that

1907 2970 123 24 workmen
2042 2971 48 24 will
2100 2973 45 23 not
2166 2972 65 24 band
2253 2972 111 31 together
2385 2974 47 24 and

1907 3003 70 24 resist
1988 3004 61 23 such
2060 3005 135 24 starvation
2213 3012 78 24 wages
2313 3006 119 24 consider-

1907 3036 43 31 ing
1961 3036 42 24 the
2014 3037 66 30 price
2089 3038 57 29 they
2157 3043 41 24 get
2208 3038 38 23 for
2256 3038 68 23 fibre.
2366 3039 67 30 Why

1908 3068 30 24 do
1971 3070 43 22 not
2044 3069 43 24 the
2119 3069 129 28 workmen,
2279 3070 27 23 m
2328 3070 48 24 fact
2398 3071 34 23 all

1907 3100 112 31 laboring
2029 3109 64 20 men,
2105 3101 64 24 form
2180 3111 13 14 a
2205 3102 83 24 Union
2298 3102 50 25 and
2361 3103 71 24 resist

1909 3132 60 24 such,
1980 3133 106 30 tyranny
2092 3134 13 23 ?
2138 3134 54 24 The
2202 3134 83 24 Union
2306 3135 46 24 has
2372 3136 60 24 been

1907 3164 95 25 formed
2013 3173 33 16 on
2058 3166 40 24 the
2119 3166 69 25 West
2210 3167 73 24 Coast
2303 3167 48 24 and
2371 3167 61 25 with

1909 3205 102 21 success,
2023 3198 56 29 why
2089 3200 43 22 not
2143 3198 58 25 here

1942 3271 40 23 An
1993 3271 140 25 Australian
2144 3275 85 22 savant
2250 3273 45 24 has
2323 3274 110 24 obtained

1909 3311 15 17 a
1935 3302 97 26 harvest
2044 3304 26 24 of
2079 3305 64 24 4000
2161 3313 109 24 sponges,
2293 3305 78 25 which
2392 3316 40 15 are

1909 3336 43 24 the
1963 3336 76 24 result
2051 3337 26 24 of
2086 3345 33 16 an
2127 3338 150 30 experiment
2288 3338 26 25 of
2329 3338 103 33 literally

1910 3368 93 31 sowing
2014 3369 72 23 small
2096 3373 66 26 parts
2174 3370 27 24 of
2208 3371 75 30 living
2293 3379 102 23 sponges
2407 3372 26 24 m

1909 3410 13 14 a
1935 3400 46 25 soil
1991 3400 137 25 favourable
2149 3404 26 22 to
2197 3403 64 24 their
2281 3404 150 30 production.

1911 3433 51 24 The
1977 3432 120 26 Austrian
2125 3434 165 26 Government
2316 3436 22 24 is
2364 3436 69 24 nuch

1910 3465 130 30 delighted,
2045 3467 59 23 with
2119 3467 41 23 the
2182 3467 152 31 experiment,
2356 3469 77 24 wlich

1909 3497 22 24 is
1942 3498 26 23 to
1979 3497 30 24 be
2020 3498 111 31 repeated
2142 3507 32 16 on
2185 3507 16 16 a
2222 3500 79 30 larger
2322 3500 63 25 scale
2405 3508 27 16 m

1909 3528 134 26 Dalmatia.
2065 3545 4 4 •
2084 3530 53 25 The
2164 3533 53 23 cost
2243 3532 27 24 of
2293 3532 43 24 the
2363 3533 70 28 4000,

1909 3561 80 24 which
1999 3561 64 25 have
2073 3562 61 25 been
2145 3564 107 30 growing
2266 3565 37 23 for
2324 3564 42 25 the
2387 3565 46 24 lasj

1910 3594 69 24 three
1989 3601 77 30 years,
2077 3595 23 24 is
2111 3603 15 16 a
2136 3596 63 24 little
2210 3605 54 16 over
2275 3597 62 28 £11,
2354 3605 79 24 every-

1910 3626 73 29 thing
1992 3626 121 26 included.

1943 3658 80 25 There
2034 3667 41 16 are
2085 3667 54 17 now
2149 3660 27 25 m
2197 3660 84 25 Berlin
2309 3669 26 16 so
2361 3669 73 23 many

1910 3690 116 31 drinking
2037 3692 96 24 saloons
2143 3693 56 24 that
2210 3693 69 24 there
2294 3693 22 25 is
2331 3701 45 16 one
2397 3693 37 24 for

1912 3731 70 23 every
1993 3725 48 22 112
2060 3724 152 25 inhabitants
2229 3725 45 24 but
2291 3727 26 23 at
2338 3724 96 26 Heidel-

1912 3755 59 31 berg
1982 3755 67 25 there
2060 3756 23 25 is
2093 3765 45 16 one
2149 3759 26 23 to
2186 3766 71 22 every
2267 3759 40 25 87.

590 53 69 24 THE
694 52 139 24 OXFORD
866 52 68 23 AND
969 52 84 26 OUST
1087 52 187 30 OBSERVER,
1311 52 185 31 SATURDAY,
1530 57 190 24 NOVEMBER
1755 59 22 26 9,
1812 58 62 23 1889
