4220 5890
20 21 1049 61 Mount
1279 21 1258 61 Benger
2747 21 1049 61 Mail.

242 654 39 22 >0
306 654 44 24 915
410 652 54 26 Vol.
480 654 34 25 17.

772 652 214 54 pUBIIsBLD
1003 651 109 26 KVLRV

1272 649 5 65 |
1382 647 429 59 ROXBURGH.
1903 648 312 66 FRIDAY,
2238 643 344 79 JAUGUST
2614 656 88 59 27,
2735 654 167 69 1897,

3277 655 156 56 JfRIDAY.

3706 687 109 27 PBICE,
3832 686 33 25 £1
3882 692 42 25 per
3940 692 94 17 annum.

108 794 179 43 Ormonds'
322 794 105 49 Hotel,
462 794 195 52 Roxburgh.

132 880 26 20 G.
173 879 34 21 W.
221 877 128 23 SPOONER
486 878 146 20 Proprietor.

108 947 99 29 ''FHE
221 947 86 28 above
320 945 84 29 Hotel
414 945 50 28 has
475 945 69 28 been
555 946 102 29 rebuilt

191 987 28 28 of
232 994 78 20 stone
323 985 54 28 and
391 985 168 37 thoroughly
578 996 62 17 reno-

106 1027 91 34 vated,
211 1026 53 28 and
282 1026 104 37 having
408 1025 69 28 been
500 1024 155 29 Furnished

106 1067 171 38 throughout
300 1065 29 28 in
354 1065 145 28 first-class
525 1065 81 38 style,
632 1065 23 28 is

105 1118 61 19 jrow
174 1117 51 19 one
233 1107 30 28 of
270 1106 47 28 the
327 1110 72 23 most
407 1105 181 28 comfortable
599 1105 55 28 and

105 1146 185 30 commodious
304 1145 97 29 Hotels
414 1155 37 28 up
461 1149 126 34 country.

106 1228 58 27 The
185 1225 233 29 accommodation
439 1224 43 27 for
502 1223 152 28 Travellers

178 1265 55 30 and
247 1264 134 30 Boarders
393 1263 24 29 is
430 1262 162 29 unrivalled.

103 1339 87 29 Thom
204 1338 55 29 and
273 1336 157 31 Cameron's
444 1335 54 29 Old
511 1333 142 41 Highland

308 1378 141 36 Whiskey.

152 1453 63 21 TWO
229 1452 35 21 OF
279 1449 142 23 ALLCOCKS
435 1449 72 21 FULL
519 1448 82 21 SIZED

253 1478 134 21 BILLIARD
400 1476 112 25 TABLES,

121 1507 112 29 Marker
264 1507 100 35 always
397 1506 28 27 in
457 1503 174 29 attendance.

206 1585 170 29 Fibst-class
403 1582 142 33 Stabling,

99 1625 100 30 Under
211 1625 99 37 charge
320 1623 30 28 of
359 1632 35 18 an
406 1621 118 29 efficient
538 1620 110 30 Groom.

127 1688 150 30 Travellers
286 1685 84 30 called
386 1685 42 28 for
440 1684 37 28 all
492 1684 131 29 Coaches.

484 1765 164 36 HOTEL,

288 1816 168 22 ROXBURGH.

171 1911 59 29 Mrs
250 1910 107 35 Heron,
379 1909 196 39 Proprietress.

134 2017 58 29 One
205 2017 27 28 of
246 2016 46 28 the
305 2015 61 29 best
378 2014 101 29 known
500 2013 55 28 and
575 2016 74 25 most

94 2057 178 29 comfortable
293 2055 151 28 Hostelries
467 2054 27 27 in
516 2054 48 27 the
593 2053 40 38 Up-

94 2102 115 32 country
224 2096 137 29 .Districts.

134 2149 77 28 Cobb
224 2147 54 28 and
293 2146 73 29 Co.'s
381 2145 84 37 Royal
487 2144 67 29 Mail
579 2144 69 29 Line

90 2188 34 28 -of
146 2187 120 28 Coaches
279 2187 120 36 running
421 2186 122 26 between
569 2184 60 27 Law-

95 2238 79 19 rence
199 2227 54 30 and
275 2227 183 37 Queenstown
480 2225 91 28 arrive
591 2224 56 29 and

95 2269 95 37 depart
204 2268 82 37 daily.

95 2361 115 38 Liquors
223 2361 28 29 of
264 2360 46 29 the
324 2361 61 27 best
394 2358 101 29 brands
503 2358 66 38 only
578 2357 68 39 kept

303 2400 28 29 in
345 2399 89 30 stock.

95 2505 123 39 Buggies
230 2504 54 29 and
298 2504 100 29 Saddle
408 2503 102 29 Horses
519 2512 35 18 on
564 2501 78 29 Hire.

99 2614 325 58 QOLDFIELDS
480 2613 166 25 HOTEL.

304 2680 141 25 Roxbckuh.

153 2823 24 25 J.
199 2826 26 21 A.
252 2822 87 23 BOYD
374 2841 25 5 ...
437 2822 138 25 froDrietor

157 2916 60 22 Fxce
228 2916 49 21 lent
320 2917 203 22 accommodation
552 2917 35 21 for

195 2947 116 23 Boarders
336 2948 44 22 and
404 2949 143 22 Travellers'

198 3013 82 23 Terms
314 3020 62 18 moat
411 3014 136 24 rea&uuable

190 3082 140 24 First-class
350 3082 95 25 Billiard
463 3085 83 23 Table.

125 3147 49 24 The
192 3147 51 23 beit
256 3144 27 24 of
298 3152 80 20 wines,
396 3146 56 24 beer
472 3146 45 24 and
536 3145 79 32 spirits

278 3178 56 29 kept
362 3186 22 15 lu
406 3179 69 24 stock

157 3245 69 25 Good
244 3244 108 31 Stabling
371 3243 217 26 Accommodation.

167 3360 21 23 L
213 3360 19 23 B
262 3360 10 22 1
302 3359 20 23 0
348 3358 20 23 N
432 3358 217 26 HOTEL,

312 3424 140 27 Roxburgh.

160 3530 13 25 J
203 3530 35 24 H.
261 3530 147 27 WAIGTH,
442 3545 26 8 ...
503 3528 138 32 Proprietor

130 3626 59 23 This
221 3623 196 25 old-established
452 3623 70 23 Hotel
552 3624 21 21 i«
603 3621 49 23 well

115 3655 70 27 now.i
199 3657 56 23 b<»th
270 3662 23 18 to
309 3659 39 20 the
361 3656 118 24 residents
505 3655 46 23 and
567 3655 74 23 travel-

117 3700 31 21 ng
162 3691 91 30 pub'ic.

132 3735 121 23 Excellent
285 3732 203 24 accommodation

110 3779 52 23 The
176 3779 50 22 best
237 3778 24 22 of
272 3777 7 24 1
289 3784 70 23 quors
374 3775 55 31 kept
443 3784 31 14 ou
485 3776 40 23 the
539 3774 114 31 premises

172 3821 141 24 First-cla>B
339 3819 103 24 Billiard
470 3820 86 23 Table.

330 3885 225 24 aceomnodation.

136 4094 269 36 MORNINGTON,
425 4092 191 31 BUNEDIN.

238 4204 57 20 FOR
320 4202 199 24 RHEUMATISM,

102 4257 286 33 TOWNbHEND'S
427 4255 230 30 RHEUMATIC

286 4302 193 33 LINIMENT

89 4370 32 30 ,is
135 4377 13 18 a
162 4376 58 19 cure
233 4368 37 25 for
284 4365 80 27 which
379 4365 29 26 he
428 4364 44 26 has
491 4367 42 22 the
559 4363 98 34 highest

159 4404 174 33 testimonials,
346 4402 46 28 and
408 4400 79 28 which
502 4402 43 26 has
559 4406 43 22 not

281 4442 60 27 been
355 4440 115 27 excelled.

165 4527 77 31 THE
262 4525 183 31 PARAGON
468 4524 123 30 SALVE

138 4597 57 17 now
209 4596 14 17 a
241 4584 160 27 well-known
421 4581 108 37 specific,
547 4582 49 26 and
616 4581 41 28 has

173 4623 92 37 proved
279 4633 31 16 an
331 4622 110 27 absolute
461 4628 76 19 cure
555 4619 37 26 for

223 4669 92 28 Burns,
336 4667 93 31 Scalds,
449 4667 71 33 Open
535 4664 122 33 Wounds,

160 4706 124 28 Poisoned
299 4704 75 27 Flesh
388 4704 49 26 and
451 4703 32 26 all
498 4702 71 25 kinds
582 4704 25 23 ot

345 4743 80 26 Sores.

233 4826 294 32 TESTIMONIALS.

129 4887 16 20 A
166 4884 99 22 Resident
286 4883 21 20 of
326 4883 32 20 St.
377 4881 91 21 Bathans

104 4912 114 27 purchased
228 4920 13 11 a
250 4911 39 20 box
303 4910 21 19 of
333 4916 51 18 your
393 4909 115 25 Ointment,
519 4908 39 19 and
568 4908 17 19 it
594 4908 63 21 cured

103 4948 27 13 an
139 4946 52 19 open
200 4945 44 13 sore
251 4938 52 20 from
312 4936 63 20 which
382 4943 34 15 my
422 4935 69 20 father
498 4941 38 13 was
544 4934 98 25 suffering
651 4943 5 16 ;

101 4969 22 21 in
133 4967 50 26 fact,
193 4966 18 22 it
224 4972 40 14 was
277 4964 36 21 the
325 4963 45 21 best
380 4963 108 20 Ointment
505 4969 29 14 we
543 4961 51 22 have
608 4969 49 14 ever

101 4995 50 22 had.
178 4995 21 21 If
207 4998 42 22 you
265 4993 51 20 have
330 4998 39 19 nny
384 4997 56 14 more
454 4990 109 21 Ointment
578 4990 40 21 like
629 4991 25 25 it,

101 5023 69 26 please
179 5021 51 20 seud

129 5063 91 26 Writing
230 5061 53 21 from
298 5059 35 22 the
348 5058 69 22 North
428 5058 48 21 East
487 5058 80 27 Valley,
577 5065 11 14 a
599 5058 57 28 Lady

212 5091 63 25 Bring
284 5096 32 14 me
325 5095 12 15 a
346 5087 74 27 supply
430 5086 22 21 of
459 5094 49 18 your
516 5087 106 21 Ointment
628 5095 27 13 on

103 5127 52 19 your
171 5121 50 20 next
235 5119 56 25 visit,
308 5124 21 14 as
346 5123 29 13 we
390 5115 92 21 consider
496 5115 17 21 it
524 5115 132 23 invaluable.'

129 5161 88 20 Tnomas
239 5159 92 24 Moffatt,
355 5156 22 21 of
407 5155 89 26 Mosgiel,

95 5188 64 21 •have
169 5187 49 20 used
227 5193 53 19 your
288 5183 124 23 Rheumatic
422 5183 102 20 Liniment
537 5184 65 22 twice,
616 5185 40 20 and

96 5217 62 21 .have
167 5214 82 27 already
260 5212 91 23 received
362 5211 34 21 the
411 5214 89 24 greatest
514 5210 75 22 benefit
603 5212 52 21 from

93 5240 3 25 .
103 5244 25 21 it.
154 5242 56 22 Send
219 5249 55 14 more

141 5289 98 27 Dozens
261 5287 29 27 of
310 5287 71 26 other
402 5285 172 27 Testimonials
597 5287 60 26 have

105 5327 52 29 also
171 5328 59 25 been
245 5326 110 27 received
379 5324 30 36 by
432 5324 41 26 the
491 5324 165 35 undersigned

93 5367 80 35 ,quite
186 5362 155 28 unsolicited.

224 5446 67 28 Send
304 5456 63 26 your
379 5447 91 26 Orders
483 5451 26 22 to
513 5462 30 4 —

162 5501 32 29 C.
249 5498 352 38 TOWNSHBND,

202 5557 203 26 MORNINGTON,
420 5558 134 21 DUNEDIN

225 5634 122 36 greatest
367 5635 110 35 experts
496 5632 87 29 admit
595 5633 60 29 that

188 5673 88 28 Kozie
288 5672 56 28 Tea
362 5672 23 28 is
408 5672 37 38 by
467 5672 43 28 far
528 5673 47 28 the
594 5673 60 28 best

93 5735 9 17 V
103 5714 80 31 value
192 5712 167 32 obtainable.
379 5711 89 30 Johns
478 5712 175 38 &M'Combk,

234 5754 106 30 Millers
354 5752 71 31 Plat.

687 832 38 61 J
760 832 21 22 A
809 831 17 22 B
853 831 18 23 E
899 831 18 24 Z
966 828 268 28 BURTON

828 863 305 25 ADCfIONEEIi

685 952 155 25 GENERAL
869 953 208 24 COMMISSION
1114 950 119 28 AGKNT,

775 1002 154 18 KJGLSTkBKD
945 1002 96 18 MINING
1058 1002 85 17 AGENT.

715 1065 76 26 Agent
809 1061 182 25 lor—National
1012 1060 52 26 Fire
1080 1060 47 25 and
1143 1059 89 23 Marinr

752 1095 130 24 Insurance
894 1098 41 21 Co.

713 1168 56 24 New
787 1165 102 25 Zealand
908 1164 131 25 Insurance
1055 1163 39 25 Co.

715 1238 94 24 Mutual
828 1240 132 18 Assurance
977 1237 94 27 Society
1087 1234 24 22 of
1128 1234 104 22 Victoria

776 1267 76 25 Lmtd.
873 1267 64 30 (Life
951 1267 148 30 Insurance),
1120 1266 47 22 and
1180 1265 15 22 S
1213 1266 19 21 K

773 1303 114 24 Stedman
902 1302 114 30 importer
1028 1301 25 23 of
1066 1300 116 29 bicycles.

713 1364 110 33 Bicycle»
839 1364 100 30 bought,
962 1363 60 25 sold,
1053 1371 27 16 or
1096 1361 137 33 exchanged

773 1399 37 23 for
822 1405 49 16 new
889 1404 58 17 ones

690 1882 58 59 yj
764 1882 85 25 ILL
865 1883 49 25 IA
931 1884 26 24 M
1012 1878 224 29 MERCER,

751 1955 88 23 Baker
873 1963 52 15 and
958 1956 206 22 Confectioner,

771 2026 203 24 Scotland-street
1000 2023 142 31 Roxburgh.

711 2095 51 24 The
780 2097 84 29 above,
877 2098 69 23 while
969 2093 116 30 thanking
1103 2093 40 23 the
1155 2090 81 31 public

680 2140 24 23 of
734 2140 40 24 the
790 2140 87 24 Mount
901 2140 92 29 Bengor
1018 2138 94 24 district
1131 2137 37 23 for
1193 2134 42 24 the

680 2183 82 23 liberal
786 2189 99 24 support
903 2182 118 25 accorded
1049 2181 49 23 him
1120 2180 64 23 since
1204 2178 30 23 be

679 2227 151 25 ccmmenced
847 2227 108 24 business
967 2227 24 24 in
1009 2224 136 31 Roxburgh,
1159 2224 75 30 hopes

680 2278 23 18 to
719 2273 91 24 receive
821 2281 13 15 a
847 2274 160 22 continuance
1021 2271 29 23 of
1063 2278 76 16 same.

699 2337 101 30 Soirees,
815 2338 73 28 Balls,
899 2338 48 24 and
959 2337 70 25 other
1041 2335 81 33 public
1134 2335 100 31 gathers

678 2378 53 29 ings
744 2377 101 24 Catered
858 2377 45 24 for.

707 2447 171 31 igfWedding
906 2447 47 24 and
978 2446 113 31 Birthday
1120 2444 79 26 Cakes
1219 2450 14 17 a

678 2486 131 33 speciality.

690 3021 58 28 \\r
778 3020 9 24 I
814 3020 19 24 L
859 3020 18 23 L
906 3022 9 21 I
942 3021 20 22 A
990 3019 24 24 M
1098 3019 129 25 BAIN

789 3066 126 27 Butohek,
948 3063 102 25 Bengee
1066 3063 65 25 Flat

709 3212 107 24 Families
829 3210 82 23 waited
924 3217 29 17 on
974 3217 27 16 or
1010 3210 82 24 orders

709 3284 56 23 bee'
793 3282 44 22 fc.nd
864 3284 94 20 mutton
985 3283 24 21 of
1037 3282 74 29 prime
1137 3281 92 31 quality

681 3353 117 25 delivered
815 3353 24 22 in
852 3360 45 21 any
910 3355 50 25 part
972 3357 24 18 ot
1008 3353 41 22 the
1059 3351 99 25 district.

710 3423 71 24 Smtil
796 3421 74 31 goods
881 3422 85 26 always
977 3430 30 16 on
1020 3422 69 25 hand.

764 3616 226 24 OTHER

685 3907 168 27 CoSHPaTION,
887 3905 126 23 Sluggish
1059 3904 87 31 LlVfiß,
1185 3906 45 25 <£c.

718 3989 84 24 Unlike
813 3996 72 22 many
901 3988 71 23 kinds
988 3988 26 22 of
1028 3989 115 24 cathartic
1160 3991 58 24 medi-

686 4029 71 19 cines,
771 4022 31 23 do
817 4026 41 19 not
870 4021 69 24 make
952 4028 45 22 you
1010 4021 43 23 feel
1068 4028 73 18 worse
1154 4023 78 25 before

687 4064 44 23 you
763 4055 43 24 feel
836 4056 75 22 better
962 4053 71 24 Their
1061 4056 122 29 operation
1214 4058 19 24 is

687 4089 85 30 gentle,
799 4089 39 22 but
860 4087 125 29 thorough,
1012 4087 47 22 and
1087 4089 143 24 unattended

677 4115 1 38 I
688 4122 53 23 with
754 4120 161 31 disagreeable
927 4118 90 29 effects,
1029 4120 57 23 such
1099 4129 27 15 as
1138 4129 95 24 nausea,

677 4144 1 41 !
688 4155 91 30 griping
793 4154 76 30 pains,
885 4153 41 23 &c.

717 4187 94 30 Seigel's
828 4186 130 30 Operating
985 4186 55 23 Pills
1061 4193 40 16 are
1120 4187 40 23 the
1183 4188 50 24 bast

689 4219 78 31 family
780 4219 81 31 physic
884 4219 52 24 that
958 4219 44 23 has
1023 4219 64 23 iever
1109 4219 58 24 been
1187 4221 34 23 dis-

677 4252 1 30 :
830 4252 64 30 They
908 4252 96 23 cleanse
1014 4252 40 23 the
1070 4252 88 24 bowels
1174 4254 59 22 from

688 4286 30 24 all
732 4285 115 31 irritating
863 4286 148 28 substances,
1022 4284 48 24 and
1087 4285 66 25 leave
1170 4286 63 24 them

687 4328 13 15 n
715 4328 14 15 a
742 4320 96 28 healthy
850 4319 131 24 condition.

716 4352 49 22 The
779 4353 51 21 best
841 4351 97 26 remedy
949 4355 83 18 extant
1044 4351 34 22 for
1089 4351 41 23 the
1139 4351 61 23 bane
1211 4350 24 24 of

687 4391 40 16 our
757 4383 58 24 lives
861 4382 160 30 constipation
1049 4383 49 23 and
1129 4383 105 31 sluggish

687 4417 63 25 liver.

715 4450 76 23 These
807 4449 55 24 Pills
871 4454 98 25 prevent
978 4447 78 25 fevers
1065 4449 47 22 and
1122 4449 30 23 all
1165 4448 70 23 kinds

686 4482 25 23 of
728 4482 107 24 Bickness
859 4484 30 28 by
908 4482 123 28 removing
1056 4481 30 22 all
1106 4481 130 29 poisonous

687 4520 84 19 matter
790 4515 61 24 from
867 4515 41 24 the
925 4513 94 23 bowels.
1054 4512 64 31 They
1139 4518 96 23 operate

687 4548 95 30 briskly,
794 4553 38 24 yet
846 4548 91 28 mildly,
950 4546 98 23 without
1059 4553 47 21 any
1119 4546 62 29 pain.

717 4581 20 23 If
760 4589 44 23 you
828 4583 56 21 take
906 4587 14 16 a
942 4585 83 17 severe
1046 4578 63 28 cold,
1129 4577 48 24 and
1197 4585 39 16 are

688 4613 136 25 threatened
848 4613 55 24 with
925 4619 15 16 a
959 4612 72 27 fever,
1051 4610 54 23 with
1128 4610 68 30 pains
1213 4612 22 21 in

689 4647 37 24 :he
748 4647 70 28 head,
840 4645 69 30 back,
932 4644 48 24 and
1000 4643 78 27 limbs,
1100 4650 22 16 01
1148 4650 26 16 or
1191 4647 45 19 two

687 4679 70 24 doses
779 4681 25 22 of
826 4678 99 31 Seigel's
950 4677 131 29 Operating
1107 4675 57 24 Pills
1192 4676 44 22 will

688 4712 71 24 break
783 4720 31 22 up
843 4712 39 24 the
911 4710 54 24 cold
995 4709 48 23 and
1070 4712 99 27 prevent
1198 4708 38 23 the

687 4746 63 23 fever

716 4781 20 20 A
748 4777 84 25 coated
845 4783 96 23 tongue,
953 4775 54 23 with
1021 4781 14 16 a
1050 4774 108 23 brackish
1171 4777 62 19 taste

686 4811 19 24 is
717 4811 85 24 caused
816 4812 29 28 by
860 4811 48 23 foul
923 4812 86 20 mattar
1023 4807 23 24 in
1063 4807 40 23 the
1118 4806 117 24 stomach.

688 4845 17 23 k
722 4845 43 23 few
780 4845 71 23 dozes
870 4843 26 23 of
913 4841 96 29 Se:gel's
1030 4840 129 30 Operating
1178 4838 58 24 Pills

686 4877 43 23 will
741 4878 96 23 cleanse
849 4877 40 23 the
901 4873 117 27 stomach,
1030 4880 96 16 remove
1140 4873 39 23 the
1190 4872 45 23 bad

685 4916 68 23 tabte,
764 4910 47 23 and
831 4914 90 18 restore
937 4906 41 23 the
989 4905 113 30 appetite,
1117 4906 47 22 and
1181 4905 53 22 *ith

695 4948 8 19 t
715 4943 67 31 bring
793 4942 63 31 good
870 4939 87 25 health.

713 4974 249 28 oftentmiesdisease,
972 4979 27 16 or
1009 4970 109 31 partially
1128 4969 105 31 decayed

685 5009 62 25 food,
784 5016 84 16 causes
906 5006 114 26 sickness,
1055 5011 98 20 nausea,
1187 5003 47 23 and

685 5042 126 22 diarrhoea.
845 5040 22 22 If
889 5038 40 23 the
951 5036 88 23 bowels
1061 5042 40 16 are
1124 5035 110 23 cleansed

704 5082 39 17 om
755 5074 47 24 this
815 5073 112 29 impurity
939 5068 56 25 with
1007 5075 14 17 a
1033 5066 59 26 dose
1103 5066 26 25 of
1139 5065 96 33 Seigel's

685 5108 129 31 Operating
826 5106 64 25 °Uls,
901 5105 68 23 these
981 5101 164 31 disagreeable
1153 5101 82 24 effects

687 5142 43 23 •viil
743 5140 92 29 vanish,
848 5138 48 26 and
909 5136 63 31 good
987 5136 81 22 health
1081 5134 46 24 will
1139 5134 72 24 result

714 5174 96 30 Seigel's
831 5171 133 31 Operating
991 5167 57 25 Pills
1076 5173 98 24 prevent
1200 5167 26 23 ill-

685 5207 81 25 effects
777 5207 61 24 from
848 5211 82 19 excess
945 5203 24 23 in
981 5201 80 31 eating
1073 5208 26 16 or
1115 5199 118 28 drinking.

689 5244 16 20 A.
717 5241 63 30 good
792 5240 58 23 dose
863 5244 25 18 at
901 5237 105 24 bedttme
1016 5234 97 24 renders
1126 5240 15 17 a
1151 5240 84 23 person

687 5273 23 24 St
722 5274 35 23 for
901 5277 17 16 n
929 5270 40 22 ths
982 5267 119 29 morning.

715 5306 76 24 These
817 5304 63 28 i'llls,
901 5302 70 29 beiag
1198 5305 38 16 are

687 5341 106 24 oleasant
805 5343 25 19 to
842 5336 56 25 take
941 5334 50 23 The
1002 5331 165 30 disagreeable
1176 5334 60 20 taste

700 5379 97 18 ommon
808 5376 23 19 to
847 5374 63 20 most
922 5367 53 32 pills
987 5373 40 17 are
1040 5364 120 25 obviated-

720 5513 43 24 For
775 5512 50 25 sale
839 5510 31 29 by
884 5509 31 25 ail
929 5506 128 28 Chemists,
1071 5503 136 33 Druggist*,

806 5546 49 23 and
869 5541 121 25 Medicine
1000 5538 120 24 Vendors.

870 5625 167 22 Proprietors
1049 5629 6 15 :

777 5692 28 23 A.
830 5687 23 24 J.
880 5682 110 27 WHITI
1026 5682 113 25 Limit*D

834 5758 103 28 London
964 5753 121 34 England.

1265 1049 125 25 TEVIOT
1407 1049 85 24 SHOR
1496 1050 10 15 T
1509 1049 46 25 NG
1572 1049 69 24 ANL
1662 1049 160 24 GENERAL

1483 1093 118 25 FORGE.

1264 1176 46 45 rp
1329 1175 112 26 HOM
1463 1176 19 24 A
1505 1176 17 24 S
1593 1174 222 28 ANDKEW

1346 1222 48 22 Has
1409 1229 53 15 now
1480 1228 37 16 ior
1531 1220 49 24 sale
1597 1228 13 15 a
1625 1227 96 20 general
1738 1223 81 19 assert

1265 1265 64 21 meat
1356 1269 26 18 or
1405 1262 182 31 Ironmongery,
1604 1261 139 27 Hardware,
1760 1260 42 24 Gal-

1265 1307 95 24 vanized
1374 1307 71 29 Pipes
1458 1307 46 23 and
1527 1306 33 24 ail
1579 1312 123 24 neeessary
1715 1304 100 30 fittiugs,

1266 1351 185 32 High-pressure
1482 1350 86 29 Cocks,
1604 1350 59 30 Stop
1688 1348 55 32 Do.,
1775 1349 40 28 Ac,

1268 1397 143 29 Hardwocd,
1432 1395 123 25 American
1578 1395 93 24 Timtwi
1697 1393 116 31 Svnnglei

1266 1446 60 19 trees
1337 1441 43 30 (all
1395 1441 80 29 sizes),
1490 1440 96 31 Smithy
1600 1438 70 26 Coals
1693 1437 123 25 American

1265 1485 46 23 and
1337 1484 96 30 English
1455 1483 147 30 Barb-Wire,
1628 1482 106 31 Fencing
1752 1481 65 25 Wire

1266 1528 45 25 and
1330 1528 138 30 Standards,
1487 1527 54 30 &c.,
1558 1526 52 29 &c.,
1621 1524 78 26 which
1720 1524 48 26 will
1790 1524 28 26 be

1265 1574 51 24 sold
1328 1578 22 19 at
1364 1578 41 19 toe
1416 1574 82 23 lowest
1510 1571 174 26 remunerative
1695 1571 84 31 prices,

1295 1643 27 24 T.
1339 1645 26 22 A.
1382 1643 23 23 in
1416 1642 68 25 order
1496 1648 24 19 to
1532 1641 113 25 facilitate
1659 1641 41 24 the
1717 1647 90 25 require-

1265 1689 75 23 ments
1348 1686 26 25 of
1383 1687 39 23 the
1434 1685 91 25 district
1536 1684 42 25 has
1589 1684 77 25 added
1677 1686 25 22 to
1709 1683 37 24 his
1756 1683 65 30 plant

1266 1740 13 15 a
1289 1731 106 29 Turning
1409 1731 81 26 Lathe,
1502 1729 102 30 Drilling
1617 1728 119 29 Machine,
1753 1727 55 24 Tire-

1267 1778 37 26 inf»
1334 1776 77 28 Plate,
1440 1775 120 27 Gas-Pipe
1585 1772 86 25 Stocks
1693 1772 58 24 Dies
1775 1771 46 23 and

1269 1820 58 31 Taps
1341 1819 34 32 (},
1387 1818 47 27 lin,
1447 1822 46 21 and
1514 1816 104 34 1^)—all
1629 1816 27 26 of
1669 1816 78 26 which
1760 1815 30 25 he

1268 1863 112 32 prepared
1392 1867 22 21 to
1425 1870 40 18 use
1474 1871 30 17 on
1515 1864 63 23 most
1588 1860 140 27 reasonable
1739 1863 74 23 terms

1298 1935 113 29 Farming
1420 1935 46 24 and
1484 1935 94 26 Mining?
1594 1933 153 33 Implements
1757 1932 65 24 made

1267 1978 45 25 and
1330 1978 114 31 repaired.

1327 2089 112 29 Shoeing,
1450 2089 34 28 6a,
1548 2088 44 24 and
1620 2088 27 24 8s
1664 2095 37 23 pel
1721 2089 35 22 set

1265 2255 61 56 T.
1407 2249 412 67 WHELAN,

1301 2333 171 31 FARRIER
1494 2333 82 30 AND
1602 2329 181 33 GENERAL

1413 2377 262 36 BLACKSMITH,

1275 2443 165 47 fyiSHES
1482 2446 28 26 to
1542 2441 100 30 inform
1684 2440 42 29 his
1758 2442 63 36 past

1374 2484 159 29 Customers
1555 2482 56 29 and
1632 2481 47 29 the
1703 2479 117 30 General

1263 2523 96 29 Public
1372 2524 62 28 that
1447 2524 34 28 he
1494 2523 50 29 has

1262 2575 186 29 RESUMED
1476 2573 190 31 BUSINESS
1686 2572 44 29 IN
1750 2571 66 29 HIS

1392 2622 75 31 OLD
1494 2620 193 32 PREMISES

1281 2672 134 39 (recently
1428 2672 133 39 occupied
1580 2672 37 38 by
1641 2671 46 29 Mr
1708 2670 28 30 J.
1762 2669 37 30 H.

1459 2712 159 39 Aldridge),

1323 2753 105 30 Where
1441 2754 34 29 he
1488 2754 24 29 is
1524 2752 137 40 prepared
1674 2755 29 27 to
1717 2752 35 29 do

1260 2816 327 30 JBIACKSMITHING
1611 2816 47 28 OF
1683 2815 132 29 EVERY

1485 2864 110 30 KIND.

1298 2933 79 29 T.W.
1402 2937 85 24 trusts
1514 2933 42 28 his
1577 2933 104 28 former
1702 2935 113 35 patrons

1260 2973 54 30 will
1326 2973 70 40 rally
1409 2973 89 30 round
1511 2973 66 36 him,
1591 2971 55 31 and
1659 2982 51 20 cau
1722 2982 93 19 assure

1260 3016 74 27 them
1355 3016 47 28 the-
1417 3025 74 18 same
1514 3015 65 27 skill
1604 3013 55 28 and
1678 3013 137 28 attention

1260 3055 88 30 which
1362 3055 114 30 marked
1491 3055 40 28 his
1544 3054 130 29 Business
1683 3052 130 38 formerly

1260 3096 54 29 will
1327 3097 35 28 be
1375 3096 140 29 exercised
1529 3095 28 28 in
1570 3095 102 28 future.

1310 3168 223 23 HORSESHOEING
1559 3168 21 21 A
1604 3166 162 23 SPECIALTY.

1280 3255 228 39 THOMAS
1531 3252 263 43 WHELAN,

1318 3315 263 34 Scotland-stkeet,
1602 3314 162 28 Roxburgh.

1405 3526 163 32 [Established
1587 3526 81 31 1865.]

1328 3611 120 23 OHN
1522 3610 23 23 G
1574 3610 9 23 I

1613 3608 108 25 LLI
1740 3608 20 23 E
1780 3606 16 24 S

1264 3740 192 26 FURNITURE
1484 3739 45 23 and
1559 3734 253 27 UPBOLSTERINC,

1432 3780 209 27 WAREHOUSE

1354 3848 32 27 18,
1400 3847 92 29 George
1504 3847 86 24 Street,
1606 3843 123 24 Uunedin.

1294 3911 47 23 Has
1364 3919 30 15 on
1420 3909 62 24 hand
1501 3917 11 15 a
1632 3906 47 24 and
1700 3905 113 30 Splendid

1264 3946 148 22 Assortment
1435 3942 25 24 of
1487 3942 57 23 N'ew
1567 3940 44 23 and
1635 3941 98 27 hlegant
1755 3937 42 24 Fur-

1263 3984 58 18 ture.

1264 4076 55 22 lrou
1352 4071 139 27 Bedsteads,
1528 4070 97 29 Spring,
1666 4068 67 27 Hair,
1769 4071 43 21 and

1325 4106 106 22 Woollen
1445 4102 72 27 F'Oek
1531 4103 146 27 Mattresses,
1691 4101 47 24 and
1751 4101 46 24 Bed-

1322 4140 57 29 ding
1391 4139 24 22 of
1431 4138 31 23 all
1480 4135 165 30 descriptions.

1265 4202 107 24 Brussels
1394 4200 123 28 Tapestry,
1539 4198 46 23 anil
1620 4196 193 25 Kidderminster

1324 4235 106 27 Carpets.
1449 4233 64 25 Rujjs
1535 4230 45 24 and
1599 4230 122 30 Mattings,
1744 4230 54 24 Lino-

1324 4268 73 22 leums
1421 4265 46 23 and
1488 4263 158 29 Floorcloths,
1663 4258 42 32 (»Il
1728 4262 73 25 width

1324 4299 46 26 and
1385 4297 114 26 bordered
1512 4297 36 25 for
1561 4296 107 31 lobbies}.

1265 4362 192 24 Perambulates
1489 4359 138 29 (reversiblo
1659 4358 75 23 hoods
1767 4360 44 21 and

1325 4393 85 24 rubber
1422 4393 43 23 tire
1479 4393 104 28 wheels).

1269 4457 94 23 Walnut
1380 4454 174 27 Ovurmmtles,
1571 4454 46 23 and
1634 4453 38 25 Gi,
1712 4452 101 31 Jirrors,

1328 4490 59 20 b—it
1406 4486 75 23 Wod
1496 4487 46 21 and
1636 4487 90 22 Chain.

1266 4629 129 24 Furniture
1530 4634 29 15 on
1572 4626 65 23 Time
1649 4625 127 31 Payment*

1314 4698 142 27 Everybody
1467 4697 89 23 iarited
1568 4701 22 18 to
1606 4706 20 14 ja
1628 4697 14 15 ll
1654 4696 45 24 *nd
1711 4696 103 30 Inspect

1268 4731 76 24 Prices
1356 4736 51 20 sent
1421 4739 30 15 on
1466 4731 143 29 application
1623 4734 23 19 to
1658 4737 45 23 any
1721 4733 53 27 part
1792 4737 22 16 o.

1456 4763 40 23 the
1512 4765 116 28 Country.

1267 4907 106 29 f-ountiy
1395 4905 80 22 orders
1494 4903 138 31 punctually
1654 4901 114 25 attended

1399 4939 44 21 and
1456 4937 115 29 carefuliy
1583 4935 98 30 packed.

1403 5099 283 28 notice,

1271 5183 67 54 ON
1373 5183 47 22 and
1438 5182 61 23 after
1527 5181 41 23 the
1585 5181 34 23 Ist
1639 5180 25 24 of
1691 5179 56 32 July
1774 5188 41 17 oui

1351 5215 65 24 Pric-
1428 5216 51 23 List
1493 5214 45 23 will
1559 5214 27 24 be
1597 5222 24 15 as
1635 5212 122 26 follows—

1281 5287 85 30 Sl.eep,
1383 5285 29 23 21
1427 5292 41 24 per
1481 5285 23 23 lb
1519 5283 55 25 cash
1630 5282 44 31 2£d
1689 5284 24 22 lb
1725 5284 91 26 booked

1296 5325 10 8 v
1311 5320 44 26 jde,
1479 5318 38 24 do.
1656 5317 45 31 2sd
1719 5317 40 26 do.

1327 5354 124 22 Alternate
1463 5356 106 25 quarters
1637 5358 42 23 per
1693 5350 31 24 lb.

1299 5414 56 24 Beef
1366 5414 31 24 41
1411 5417 25 20 to
1452 5413 30 23 6d
1505 5420 41 22 pf>r
1557 5412 31 23 lb.
1604 5412 125 30 according
1741 5417 24 20 to
1777 5419 41 19 cut

1327 5448 47 22 arid
1391 5448 117 29 quantity,
1520 5444 56 24 vkh
1592 5444 28 24 Id
1631 5452 24 16 in
1669 5445 41 23 the
1721 5445 96 32 shilling

1328 5478 109 25 discount
1454 5477 37 25 for
1502 5478 64 23 cash.

1299 5542 72 25 Small
1380 5541 82 25 Goods
1474 5541 87 31 always
1573 5548 30 16 on
1615 5541 74 26 hand.

1296 5614 57 24 Five
1369 5620 42 24 per
1421 5617 61 20 cent,
1496 5611 112 24 discount-
1621 5612 46 25 will
1680 5613 30 24 be
1721 5612 97 26 allowed

1268 5657 32 16 an
1317 5647 107 30 monthly
1443 5651 130 26 payments.

1308 5714 126 29 GIDICON
1454 5716 28 25 A.
1504 5714 105 26 SYMTH
1623 5714 23 27 &
1662 5714 67 27 SON.

1441 5749 128 31 Butchers,
1588 5750 84 27 Teriyt
1697 5748 101 31 Downs.

1855 830 229 61 GREATFORD
2115 827 129 25 BOTAM
2260 827 49 24 :*L
2342 827 61 24 DIK

1965 863 80 24 l'KMfc.
2053 862 55 24 IJSG
2127 860 175 25 COMPANY.

1881 928 22 25 If
1913 936 46 24 you
1978 936 33 17 art
2012 928 3 32 1
2030 928 51 25 tick
2095 929 21 22 in
2134 934 46 23 any

1851 962 57 23 send
1926 971 13 15 a
1953 962 109 30 stamped
2075 962 115 28 envelope
2202 964 25 20 to
2247 966 44 16 oar
2312 966 91 24 agency

1854 994 142 31 Wellington
2009 1002 6 21 ;
2030 997 62 21 state
2109 994 40 23 the
2174 1000 53 16 case
2248 999 25 15 a«

1851 1034 38 17 are
1902 1027 102 30 possible
2029 1027 46 23 and
2092 1033 46 23 you
2164 1023 190 25 receivlfadvioe
2373 1024 29 30 by

1851 1065 81 17 return
1950 1064 59 25 post,
2025 1065 102 23 uurage
2138 1062 29 18 -te
2185 1055 214 32 arc\jiJbquaiihed.

1851 1091 21 23 If
1883 1099 45 22 you
1950 1094 97 22 enclose
2067 1091 25 25 2?
2109 1090 31 24 W
2159 1098 33 16 »e
2216 1089 121 23 wi»eud
2354 1096 47 21 you

1849 1131 43 16 our
1902 1124 50 23 best
1969 1124 92 24 remedv
2079 1126 38 21 for
2129 1124 40 21 the
2183 1122 160 37 c*s«;|fc;ting
2356 1128 44 21 you

1851 1152 45 38 iwi
1914 1157 85 23 weeks.
2032 1155 54 25 You
2104 1164 54 14 save
2174 1156 97 34 m<'.i6jy
2286 1160 45 15 a.ia
2345 1152 56 23 doC'

1849 1189 56 25 Urs'
1934 1190 53 25 bills
2027 1189 53 26 You
2101 1189 93 26 receive
2324 1192 31 16 on
2369 1193 14 16 a
2384 1183 17 25 '^

1849 1227 86 24 po.nts,
1955 1231 42 15 anc
2022 1228 5 11 !
2030 1225 31 21 he
2074 1229 79 23 purest
2375 1226 26 15 at

1849 1262 28 15 no
1892 1261 65 17 extra
1980 1262 49 16 cost
2045 1256 56 23 thin
2115 1253 19 24 if
2297 1249 99 30 bought,

1849 1287 29 30 by
1980 1296 58 22 your
2051 1287 109 25 bu-iness
2178 1284 56 25 wiib
2248 1293 26 15 us
2291 1283 30 31 by
2337 1285 62 27 post.

1848 1321 101 23 Consult
1961 1326 24 17 at
1998 1329 65 15 o»ce.
2101 1322 117 21 Aliments
2236 1318 74 23 wricb
2323 1323 40 17 are
2375 1318 23 20 at

1849 1354 39 23 the
1900 1359 56 19 timo
1969 1354 102 31 thought
2084 1359 25 18 to
2122 1354 28 23 be
2162 1354 58 29 light
2238 1358 37 17 «re
2283 1350 64 25 often
2358 1350 41 23 the

1848 1387 128 26 bei'inuinir
1991 1388 24 23 of
2029 1395 90 16 ser.uu*
2133 1390 179 26 cun*equ«nces,
2325 1383 73 23 which

1848 1420 17 23 if
1881 1420 73 24 taken
1971 1428 24 16 in
2012 1422 54 23 time
2077 1427 38 17 are
2127 1418 107 26 checked
2245 1422 44 19 aua
2301 1416 80 25 cuied.

1879 1482 205 27 gkeatford
2109 1467 184 40 pot\mj!l
2314 1479 51 24 CO.

1849 1522 145 33 Wellington
2008 1531 7 21 ;
2029 1524 50 22 atfo
2088 1526 24 20 at
2128 1520 105 31 Sydney,
2253 1519 144 29 Melbourne,

1909 1562 135 24 Capetown,
2055 1556 48 24 and
2116 1553 99 25 Lincoln
2227 1551 136 32 (England)

1853 1688 54 27 XT
1912 1688 78 29 AVE
2009 1696 54 30 you
2077 1684 70 30 tried
2161 1683 87 29 Kozie
2260 1681 54 30 Tea
2324 1682 11 29 ?
2374 1681 29 29 If

1948 1735 58 29 not,
2032 1728 35 28 do
2099 1736 29 18 so
2160 1728 29 25 at
2213 1733 86 25 once;
2331 1723 23 28 it
2378 1723 24 27 is

1851 1770 141 29 delicious.
2049 1767 35 29 D.
2119 1765 138 34 Cormack,
2296 1764 105 37 Agent,

1851 1810 165 38 Roxburgh.

2308 4408 2 9 •
2326 4408 24 9 MJL
2358 4408 2 9 '

2295 4422 83 11 ■HASHLOCK

1950 4713 33 31 ,0
2017 4715 81 31 YOU
2133 4715 166 31 BELIEVE
2336 4713 44 30 IN
2413 4708 236 33 HOUSEHOLD
2684 4704 189 31 ECONOMY
2888 4706 12 28 ?

1984 4944 28 23 IF
2039 4946 59 22 YOU
2124 4946 46 26 DO,
2197 4946 79 21 THEN
2301 4946 55 21 GET
2382 4943 57 22 ONE
2465 4943 35 20 OF
2527 4941 27 21 H.
2583 4941 23 19 E.
2633 4935 193 25 SHACKLOCK'3

2457 5039 312 64 RANGES.

1857 5225 28 31 It
1898 5226 55 30 will
1965 5226 73 30 burn
2050 5234 54 29 any
2116 5223 70 29 kind
2199 5224 29 29 of
2241 5223 77 38 Fuel,
2332 5226 55 29 and
2400 5226 23 27 is
2446 5218 173 35 Guaranteed
2640 5220 28 26 to
2691 5214 75 31 Cook
2791 5211 160 39 PASTRY,

2117 5263 138 36 BREAD,
2284 5274 30 19 or
2340 5264 105 30 MEAT
2472 5268 28 23 to
2526 5259 166 31 Perfection.

1857 5345 134 38 Requires
2004 5352 35 20 no
2055 5342 116 29 Setting
2182 5354 7 24 ;
2210 5353 51 19 can
2274 5343 33 28 be
2321 5343 127 40 supplied
2461 5341 66 30 with
2547 5340 70 29 Iron
2629 5347 31 19 or
2674 5334 106 30 Copper
2794 5332 112 35 Boileb,
2921 5342 30 18 or

1884 5386 67 28 with
1964 5384 79 28 High
2056 5383 141 28 Pressure
2210 5383 112 35 Boiler,
2336 5387 54 26 and
2404 5384 67 28 with.
2483 5381 140 38 Fireplace
2636 5378 43 27 for
2692 5374 90 30 Wood
2796 5383 30 19 or
2840 5372 81 30 Coal.

1858 5461 58 30 Can
1935 5461 36 30 be
1990 5458 131 32 obtained
2142 5458 71 30 from
2236 5459 37 30 all
2295 5460 205 39 Ironmongers.
2540 5456 166 38 Catalogues
2728 5449 98 43 posted
2846 5452 28 27 to
2900 5459 51 29 any

2015 5499 113 31 tddresa
2142 5508 36 19 on
2190 5501 167 38 application
2371 5505 28 26 to
2413 5501 47 29 the
2474 5499 99 30 Maker
2587 5496 55 30 and
2655 5495 143 29 Patentee.

2152 5650 44 38 H.
2244 5652 40 37 E.
2330 5653 333 43 Shacklock,

1970 5735 181 33 GENERAL
2178 5736 197 43 FOUNDRY,
2401 5739 275 36 Crawford-street,
2704 5735 141 32 Dunedin.

3031 820 186 56 BUY
3316 820 233 56 ONLY

2507 928 449 86 ARROW

3137 1060 409 84 BOOTS
3599 1060 74 76 &
3726 1055 420 86 SHOES.

2540 1276 95 31 BEST
2673 1276 135 32 VALUE

3012 1357 186 49 TRADE

3791 1280 75 32 FOB
3904 1280 115 32 WEAR

3391 1356 174 53 MARK

2594 1489 165 31 MARKET

2505 1652 49 30 TO
2592 1652 48 29 BE
2678 1653 85 29 HAD
2801 1655 144 30 FROM—

3150 1545 288 28 REGISTERED.

3803 1493 189 31 COMFORT.

2839 1735 140 38 Johns
3022 1745 85 28 and
3155 1738 215 44 M'Combe,
3417 1743 169 31 millers
3628 1742 104 30 flat.

3098 1823 65 29 And
3187 1832 49 20 all
3262 1822 215 31 Storekeepers.

3220 2119 49 91 II

3277 2285 594 61 STOREKEEPERS.

3295 2422 168 31 SCOTLAND
3476 2422 132 31 STREET,
3640 2420 199 29 BOXBUROH.

3545 2930 41 20 «?>*

3100 3273 122 51 and
3264 3273 84 50 all
3399 3272 369 63 Complaints
3820 3269 69 50 of
3933 3268 102 48 the

3241 3348 178 50 Liver
3461 3347 119 51 and
3617 3346 283 62 Kidneys.

3348 3440 95 26 THEY
3469 3440 69 24 ARE
3568 3438 225 26 INVALUABLE

3061 3499 127 52 FOR
3244 3500 137 50 THE
3437 3498 126 51 USE
3620 3497 86 50 OF
3762 3494 301 52 FEMALES

3057 3612 135 20 Manufactured
3201 3613 68 23 only'r-t
3313 3613 44 18 New
3366 3613 67 17 Oxford
3442 3612 61 21 Street,
3516 3612 78 17 London.
3619 3612 43 16 Sold
3672 3612 23 21 by
3702 3611 24 16 all
3739 3611 88 17 Ciiemist*
3835 3611 35 16 and
3880 3609 88 18 Medicine
3977 3608 88 18 Vendors.

2997 3928 120 97 •E°
3142 3936 206 84 D.F.
3401 3928 559 92 PLOUGHS
3993 3923 124 97 S*

2987 4079 226 31 IMPORTANT
3233 4078 304 30 IMPROVEMENTS
3558 4078 43 28 IN
3622 4076 179 30 PLOUGHS
3834 4076 90 28 THIS
3947 4076 161 31 SBASON.

2988 4122 44 29 All
3047 4120 197 29 Mouldboards
3257 4131 46 17 are
3317 4130 59 19 now
3392 4119 77 29 made
3484 4123 27 25 to
3525 4119 146 38 duplicate.
3711 4117 57 29 The
3782 4117 80 29 beam
3871 4117 90 28 where
3970 4117 47 29 the
4029 4117 64 31 land-

3046 4161 75 29 lever
3134 4160 65 29 stud
3211 4160 23 29 is
3248 4160 94 29 bolted
3355 4169 35 20 on
3404 4163 27 26 to
3448 4160 106 38 Plough
3568 4160 23 28 is
3606 4158 78 29 made
3698 4157 118 30 broader
3829 4161 27 25 to
3871 4160 180 35 compensate

3444 4200 43 28 for
3500 4199 59 29 bolt
3571 4199 86 29 holes.

3171 4276 188 40 Visitors
3386 4284 53 32 to
3466 4283 80 30 the
3574 4276 165 37 Winter
3770 4274 157 38 Shows

2987 4329 55 27 Are
3055 4326 132 37 cordially
3201 4325 106 29 invited
3320 4330 28 25 to
3368 4327 53 28 call
3442 4328 29 25 at
3489 4334 50 19 our
3566 4325 100 28 Works
3689 4323 54 28 ard
3762 4323 109 38 inspect
3892 4333 50 18 our
3963 4323 77 37 large
4052 4325 55 28 and

3427 4363 94 30 varied
3539 4365 79 28 stock
3639 4363 30 29 of

3199 4402 313 33 AGRICULTURAL
3667 4401 125 30 ACHIN
3798 4402 82 29 KRY.

2983 4484 69 22 SOLE
3067 4483 111 21 AGENTS
3191 4482 57 21 FOR
3261 4480 94 23 SOUTH
3369 4479 106 22 ISLAND
3490 4477 54 21 FOR
3558 4476 59 21 THE
3630 4475 205 21 WELL-KNOWN

3434 4505 143 37 Rudge
3604 4502 262 37 Whitworth
3898 4504 208 45 Bicycles,

3262 4556 36 38 (A
3319 4555 91 38 Large
3430 4552 87 30 Stock
3538 4556 29 24 to
3591 4551 100 29 Arrive
3710 4550 128 39 shortly.)

3274 4632 150 52 Disc
3488 4629 329 55 Harrows.

2985 4703 24 19 In
3020 4702 48 20 sizes
3079 4701 52 20 from
3142 4700 31 20 6ft
3183 4701 21 19 to
3215 4700 43 20 12ft
3268 4699 58 21 wide.
3352 4696 70 22 Fitted
3434 4694 49 21 with
3493 4696 72 23 patent
3573 4693 128 26 adjustment
3710 4692 32 21 for
3754 4694 114 24 equalising
3878 4694 35 21 the
3924 4695 80 25 weight,
4021 4703 22 12 so
4055 4696 46 20 that

2985 4729 35 22 the
3036 4729 52 21 discs
3097 4730 36 19 cut
3151 4727 112 26 uniformly
3273 4727 51 21 deep
3335 4725 27 21 all
3378 4730 49 15 over
3436 4723 22 20 at
3473 4727 39 19 any
3530 4720 66 26 angle.
3624 4720 42 21 The
3684 4719 48 26 only
3751 4720 64 26 really
3828 4721 53 25 good
3890 4722 43 21 disc
3947 4722 79 21 harrow
4035 4722 20 22 in
4066 4723 38 21 tha

3089 4755 87 21 market.
3203 4755 43 22 The
3256 4755 93 25 bearings
3359 4751 41 23 will
3410 4752 35 20 not
3452 4752 36 19 cut
3494 4748 36 21 the
3538 4749 54 25 axle,
3603 4748 40 20 and
3653 4747 73 26 hardly
3738 4753 47 15 ever
3795 4749 81 25 require
3888 4750 112 26 renewing,

3021 4823 89 29 NEW
3145 4821 178 31 POSITIVE
3356 4817 97 33 FEED
3485 4813 227 32 BROADCAST
3751 4813 97 31 SEED
3888 4816 176 31 SOWERS!

3060 4873 67 21 THIS
3141 4873 26 21 IS
3180 4871 214 23 UNDOUBTEDLY
3407 4869 57 21 THE
3477 4867 77 22 ONLY
3568 4866 78 22 GOOD
3662 4866 166 22 BROADCAST
3841 4867 71 21 SEED
3926 4868 107 22 SOWER.

3284 4939 79 30 OUR
3400 4934 150 31 PATENT

3058 4982 202 30 COMBINED
3290 4978 131 36 GRAIN,
3454 4974 175 36 MANURE,
3658 4974 23 29 &
3714 4974 146 29 TURNIP
3898 4975 126 30 DRILL.

2983 5022 85 25 Greatly
3081 5022 105 26 improved
3201 5021 31 20 for
3246 5021 42 20 this
3302 5026 77 14 season.
3407 5017 60 20 Made
3481 5016 21 19 in
3517 5015 27 19 all
3559 5014 146 20 combinations
3719 5014 41 20 and
3775 5016 21 17 to
3812 5021 41 12 sow
3871 5015 55 23 grain
3942 5022 23 12 or
3979 5016 81 24 turnips
4074 5019 23 17 at

2984 5050 39 20 will
3044 5049 49 21 with
3102 5056 23 14 or
3135 5049 88 19 without
3233 5054 91 19 manure,
3335 5052 21 14 as
3366 5044 85 22 desired.
3478 5042 48 20 This
3536 5041 16 20 is
3568 5041 36 20 the
3619 5040 48 21 drill
3682 5041 32 19 for
3728 5040 35 20 the
3778 5040 66 20 times.
3872 5041 59 19 M<ule
3941 5047 40 19 any
3990 5043 41 18 size
4041 5042 54 22 from

2983 5078 46 21 four
3039 5078 21 19 to
3069 5077 57 26 eight
3135 5075 96 25 coulters,
3248 5075 41 22 and
3304 5074 46 22 I4iu
3359 5073 91 22 between
3460 5068 35 23 the
3510 5068 70 25 drills;
3599 5068 40 21 and
3648 5067 32 22 for
3689 5074 57 20 grain
3756 5066 40 23 7in.
3823 5066 69 23 Fitted
3903 5068 49 21 with
3966 5075 45 15 new
4021 5071 72 25 patent

3435 5097 114 28 adjustable
3559 5096 96 22 coulters.

3243 5169 180 31 CHAFFCU
3432 5165 111 31 ITERS
3580 5174 56 19 AND
3674 5164 174 29 BAGGERS

3191 5222 365 38 Chaffcutters
3602 5217 81 45 (all
3734 5216 169 45 sizes).

2982 5310 206 32 AMERICAN
3213 5307 169 31 WOODEN
3408 5305 183 31 HILLSIDE
3619 5303 188 36 PLOUGHS,
3836 5304 38 28 £3
3905 5305 49 28 10s
3982 5303 116 33 EACH.

3032 5351 104 21 TRIPOD
3153 5350 150 22 HARROWS,
3320 5347 156 26 GRUBBERS,
3490 5345 102 27 DRAYS,
3609 5344 169 21 CAMBRIDGE
3794 5343 132 27 ROLLERS,
3938 5344 110 23 TURNIP

3058 5378 122 24 SLICERS,
3191 5376 132 22 PULPERS.
3337 5375 75 20 WIRE
3421 5373 164 22 STRAINERS,
3600 5371 131 26 BINDERS,
3744 5371 70 26 OILS,
3828 5371 93 22 HORSE
3931 5372 93 26 NAILS,

3229 5403 58 22 BAR
3302 5402 78 26 IRON,
3395 5402 40 20 and
3448 5401 28 20 all
3490 5398 206 23 BLACKSMITHS'
3711 5398 150 21 SUNDRIES.

2985 5466 133 50 ST™'
3150 5463 150 44 /Plain
3315 5463 84 39 and
3414 5461 159 40 Barbed
3588 5460 188 47 Fencing
3798 5459 115 42 Wire
3919 5459 21 44 I

3009 5525 83 18 PRICKS.
3156 5506 13 39 1
3260 5513 96 40 Iron
3378 5511 188 48 Fencing
3588 5510 240 39 Standards.
3921 5515 10 26 >
3994 5520 83 20 «««■•

2990 5614 165 42 Deeiing
3171 5609 107 47 Pony
3305 5609 33 38 &
3362 5606 179 46 All-steel
3564 5604 230 43 Harvesters
3818 5605 85 39 and
3927 5605 178 43 Bindera.

3141 5658 137 23 LIGHTEST
3291 5656 141 23 draught
3443 5654 64 22 and
3519 5652 68 23 best
3599 5652 111 23 binder
3721 5652 33 23 in
3767 5651 61 24 the
3841 5652 104 24 world

3079 5717 268 40 ILLUSTRATED
3385 5713 231 35 CATALOGUE
3653 5713 53 34 ON
3743 5713 274 35 APPLICATION.
